  <div class='ocr_page' id='page_1' title='image "/cluster/home/n/w/nwhite01/storage/ocr_20150623/139/hvd.32044015471782/552.png"; bbox 0 0 4094 5252; ppageno 0'>
   <div class='ocr_carea' id='block_1_1' title="bbox 249 167 397 237">
    <p class='ocr_par' dir='ltr' id='par_1_1' title="bbox 249 167 397 237">
     <span class='ocr_line' id='line_1_1' title="bbox 249 167 397 237; baseline -0.007 0"><span class='ocrx_word' id='word_1_1' title='bbox 249 167 397 237; x_wconf 68' lang='lat' dir='ltr'><strong>inus</strong></span> 
     </span>
    </p>
   </div>
   <div class='ocr_carea' id='block_1_2' title="bbox 477 287 1614 361">
    <p class='ocr_par' dir='ltr' id='par_1_2' title="bbox 477 287 1614 361">
     <span class='ocr_line' id='line_1_2' title="bbox 477 287 1614 361; baseline -0.004 -17"><span class='ocrx_word' id='word_1_2' title='bbox 477 289 568 346; x_wconf 75' lang='lat'><strong>29.</strong></span> <span class='ocrx_word' id='word_1_3' title='bbox 613 289 716 357; x_wconf 83' lang='lat' dir='ltr'><strong>Qui</strong></span> <span class='ocrx_word' id='word_1_4' title='bbox 740 300 786 344; x_wconf 84' lang='lat' dir='ltr'><strong>et</strong></span> <span class='ocrx_word' id='word_1_5' title='bbox 807 289 988 361; x_wconf 81' lang='lat' dir='ltr'><strong>quales</strong></span> <span class='ocrx_word' id='word_1_6' title='bbox 1017 290 1112 343; x_wconf 80' lang='lat' dir='ltr'><strong>sub</strong></span> <span class='ocrx_word' id='word_1_7' title='bbox 1137 307 1196 344; x_wconf 87' lang='lat' dir='ltr'><strong>eo</strong></span> <span class='ocrx_word' id='word_1_8' title='bbox 1223 287 1510 342; x_wconf 78' lang='lat' dir='ltr'><strong>coaluerint</strong></span> <span class='ocrx_word' id='word_1_9' title='bbox 1523 287 1614 339; x_wconf 72' lang='grc'><strong>³³³.</strong></span> 
     </span>
    </p>
   </div>
   <div class='ocr_carea' id='block_1_3' title="bbox 335 379 1848 450">
    <p class='ocr_par' dir='ltr' id='par_1_3' title="bbox 335 379 1848 450">
     <span class='ocr_line' id='line_1_3' title="bbox 335 379 1848 450; baseline -0.005 -11"><span class='ocrx_word' id='word_1_10' title='bbox 335 383 470 439; x_wconf 87' lang='lat' dir='ltr'><strong>Cum</strong></span> <span class='ocrx_word' id='word_1_11' title='bbox 497 383 565 437; x_wconf 84' lang='lat' dir='ltr'><strong>ad</strong></span> <span class='ocrx_word' id='word_1_12' title='bbox 599 384 859 438; x_wconf 87' lang='lat' dir='ltr'><strong>honorem</strong></span> <span class='ocrx_word' id='word_1_13' title='bbox 887 380 1144 437; x_wconf 67' lang='lat' dir='ltr'><strong>accelesire</strong></span> <span class='ocrx_word' id='word_1_14' title='bbox 1187 396 1298 436; x_wconf 79' lang='lat' dir='ltr'><strong>sua:</strong></span> <span class='ocrx_word' id='word_1_15' title='bbox 1335 391 1443 435; x_wconf 88' lang='lat' dir='ltr'><strong>tam</strong></span> <span class='ocrx_word' id='word_1_16' title='bbox 1482 379 1767 450; x_wconf 75' lang='lat' dir='ltr'><strong>diligenter</strong></span> <span class='ocrx_word' id='word_1_17' title='bbox 1793 388 1848 434; x_wconf 92' lang='lat' dir='ltr'><strong>et</strong></span> 
     </span>
    </p>
   </div>
   <div class='ocr_carea' id='block_1_4' title="bbox 263 469 1846 546">
    <p class='ocr_par' dir='ltr' id='par_1_4' title="bbox 263 469 1846 546">
     <span class='ocr_line' id='line_1_4' title="bbox 263 469 1846 546; baseline -0.001 -18"><span class='ocrx_word' id='word_1_18' title='bbox 263 475 528 546; x_wconf 81' lang='lat' dir='ltr'><strong>ingenuos</strong></span> <span class='ocrx_word' id='word_1_19' title='bbox 556 483 610 528; x_wconf 90' lang='lat' dir='ltr'><strong>et</strong></span> <span class='ocrx_word' id='word_1_20' title='bbox 632 489 725 528; x_wconf 90' lang='lat' dir='ltr'><strong>eos</strong></span> <span class='ocrx_word' id='word_1_21' title='bbox 749 473 840 542; x_wconf 97' lang='lat' dir='ltr'><strong>qui</strong></span> <span class='ocrx_word' id='word_1_22' title='bbox 863 481 1047 527; x_wconf 80' lang='lat' dir='ltr'><strong>essent</strong></span> <span class='ocrx_word' id='word_1_23' title='bbox 1074 487 1140 525; x_wconf 81' lang='lat' dir='ltr'><strong>ex</strong></span> <span class='ocrx_word' id='word_1_24' title='bbox 1167 471 1306 525; x_wconf 86' lang='lat' dir='ltr'><strong>fideli</strong></span> <span class='ocrx_word' id='word_1_25' title='bbox 1340 470 1539 524; x_wconf 88' lang='lat' dir='ltr'><strong>familia</strong></span> <span class='ocrx_word' id='word_1_26' title='bbox 1563 469 1846 526; x_wconf 63' lang='lat' dir='ltr'><strong>art-clesire.</strong></span> 
     </span>
    </p>
   </div>
   <div class='ocr_carea' id='block_1_5' title="bbox 203 563 1849 636">
    <p class='ocr_par' dir='ltr' id='par_1_5' title="bbox 203 563 1849 636">
     <span class='ocr_line' id='line_1_5' title="bbox 203 563 1849 636; baseline -0.002 -18"><span class='ocrx_word' id='word_1_27' title='bbox 203 575 210 579; x_wconf 84' lang='lat'>&#39;</span> <span class='ocrx_word' id='word_1_28' title='bbox 261 583 497 636; x_wconf 89' lang='lat' dir='ltr'><strong>quorum</strong></span> <span class='ocrx_word' id='word_1_29' title='bbox 527 566 817 621; x_wconf 90' lang='lat' dir='ltr'><strong>nonnullos</strong></span> <span class='ocrx_word' id='word_1_30' title='bbox 852 579 980 634; x_wconf 87' lang='lat' dir='ltr'><strong>sepe</strong></span> <span class='ocrx_word' id='word_1_31' title='bbox 1029 581 1059 618; x_wconf 89' lang='lat' dir='ltr'><strong>a</strong></span> <span class='ocrx_word' id='word_1_32' title='bbox 1113 564 1516 634; x_wconf 72' lang='lat' dir='ltr'><strong>prmgnantibns</strong></span> <span class='ocrx_word' id='word_1_33' title='bbox 1550 563 1713 616; x_wconf 86' lang='lat' dir='ltr'><strong>etiam</strong></span> <span class='ocrx_word' id='word_1_34' title='bbox 1753 578 1849 615; x_wconf 77' lang='lat' dir='ltr'><strong>ex-</strong></span> 
     </span>
    </p>
   </div>
   <div class='ocr_carea' id='block_1_6' title="bbox 260 655 1849 729">
    <p class='ocr_par' dir='ltr' id='par_1_6' title="bbox 260 655 1849 729">
     <span class='ocr_line' id='line_1_6' title="bbox 260 655 1849 729; baseline -0.003 -16"><span class='ocrx_word' id='word_1_35' title='bbox 260 659 596 729; x_wconf 86' lang='lat' dir='ltr'><strong>postulasset</strong></span> <span class='ocrx_word' id='word_1_36' title='bbox 640 659 934 718; x_wconf 90' lang='lat' dir='ltr'><strong>matribus,</strong></span> <span class='ocrx_word' id='word_1_37' title='bbox 982 666 1089 710; x_wconf 89' lang='lat' dir='ltr'><strong>tam</strong></span> <span class='ocrx_word' id='word_1_38' title='bbox 1139 657 1426 724; x_wconf 87' lang='lat' dir='ltr'><strong>diligenter</strong></span> <span class='ocrx_word' id='word_1_39' title='bbox 1473 655 1694 707; x_wconf 87' lang='lat' dir='ltr'><strong>alendos</strong></span> <span class='ocrx_word' id='word_1_40' title='bbox 1727 667 1849 708; x_wconf 83' lang='lat' dir='ltr'><strong>esse</strong></span> 
     </span>
    </p>
   </div>
   <div class='ocr_carea' id='block_1_7' title="bbox 263 745 1848 813">
    <p class='ocr_par' dir='ltr' id='par_1_7' title="bbox 263 745 1848 813">
     <span class='ocr_line' id='line_1_7' title="bbox 263 745 1848 813; baseline -0.006 -8"><span class='ocrx_word' id='word_1_41' title='bbox 263 760 544 813; x_wconf 90' lang='lat' dir='ltr'><strong>censeret,</strong></span> <span class='ocrx_word' id='word_1_42' title='bbox 577 759 704 805; x_wconf 88' lang='lat' dir='ltr'><strong>tunc</strong></span> <span class='ocrx_word' id='word_1_43' title='bbox 732 749 959 803; x_wconf 82' lang='lat' dir='ltr'><strong>aliarum</strong></span> <span class='ocrx_word' id='word_1_44' title='bbox 991 747 1375 802; x_wconf 89' lang='lat' dir='ltr'><strong>nichilominns</strong></span> <span class='ocrx_word' id='word_1_45' title='bbox 1405 745 1544 799; x_wconf 88' lang='lat' dir='ltr'><strong>filios</strong></span> <span class='ocrx_word' id='word_1_46' title='bbox 1567 745 1848 800; x_wconf 75' lang='lat' dir='ltr'><strong>:ceclesia-</strong></span> 
     </span>
    </p>
   </div>
   <div class='ocr_carea' id='block_1_8' title="bbox 264 837 1849 910">
    <p class='ocr_par' dir='ltr' id='par_1_8' title="bbox 264 837 1849 910">
     <span class='ocr_line' id='line_1_8' title="bbox 264 837 1849 910; baseline -0.004 -16"><span class='ocrx_word' id='word_1_47' title='bbox 264 857 411 904; x_wconf 90' lang='lat' dir='ltr'><strong>rum,</strong></span> <span class='ocrx_word' id='word_1_48' title='bbox 440 841 531 910; x_wconf 90' lang='lat' dir='ltr'><strong>qui</strong></span> <span class='ocrx_word' id='word_1_49' title='bbox 557 839 656 894; x_wconf 89' lang='lat' dir='ltr'><strong>sibi</strong></span> <span class='ocrx_word' id='word_1_50' title='bbox 682 855 711 893; x_wconf 91' lang='lat' dir='ltr'><strong>a</strong></span> <span class='ocrx_word' id='word_1_51' title='bbox 739 839 999 895; x_wconf 89' lang='lat' dir='ltr'><strong>studiosis</strong></span> <span class='ocrx_word' id='word_1_52' title='bbox 1025 838 1494 892; x_wconf 73' lang='lat' dir='ltr'><strong>committerentur</strong></span> <span class='ocrx_word' id='word_1_53' title='bbox 1515 837 1849 906; x_wconf 76' lang='lat' dir='ltr'><strong>coepiscopis</strong></span> 
     </span>
    </p>
   </div>
   <div class='ocr_carea' id='block_1_9' title="bbox 265 926 1850 998">
    <p class='ocr_par' dir='ltr' id='par_1_9' title="bbox 265 926 1850 998">
     <span class='ocr_line' id='line_1_9' title="bbox 265 926 1850 998; baseline -0.002 -14"><span class='ocrx_word' id='word_1_54' title='bbox 265 930 384 984; x_wconf 84' lang='lat' dir='ltr'><strong>sive</strong></span> <span class='ocrx_word' id='word_1_55' title='bbox 433 929 777 998; x_wconf 85' lang='lat' dir='ltr'><strong>parentibus,</strong></span> <span class='ocrx_word' id='word_1_56' title='bbox 831 937 1113 997; x_wconf 83' lang='lat' dir='ltr'><strong>gratanter</strong></span> <span class='ocrx_word' id='word_1_57' title='bbox 1174 927 1523 995; x_wconf 85' lang='lat' dir='ltr'><strong>suscipiebat.</strong></span> <span class='ocrx_word' id='word_1_58' title='bbox 1592 926 1850 995; x_wconf 83' lang='lat' dir='ltr'><strong>Multique</strong></span> 
     </span>
    </p>
   </div>
   <div class='ocr_carea' id='block_1_10' title="bbox 267 1016 1852 1088">
    <p class='ocr_par' dir='ltr' id='par_1_10' title="bbox 267 1016 1852 1088">
     <span class='ocr_line' id='line_1_10' title="bbox 267 1016 1852 1088; baseline -0.001 -17"><span class='ocrx_word' id='word_1_59' title='bbox 267 1028 479 1073; x_wconf 88' lang='lat' dir='ltr'><strong>tantam</strong></span> <span class='ocrx_word' id='word_1_60' title='bbox 509 1020 649 1088; x_wconf 87' lang='lat' dir='ltr'><strong>apml</strong></span> <span class='ocrx_word' id='word_1_61' title='bbox 681 1035 803 1074; x_wconf 88' lang='lat' dir='ltr'><strong>eum</strong></span> <span class='ocrx_word' id='word_1_62' title='bbox 837 1019 946 1073; x_wconf 88' lang='lat' dir='ltr'><strong>Deo</strong></span> <span class='ocrx_word' id='word_1_63' title='bbox 993 1019 1230 1072; x_wconf 81' lang='lat' dir='ltr'><strong>donante</strong></span> <span class='ocrx_word' id='word_1_64' title='bbox 1258 1018 1491 1071; x_wconf 77' lang='lat' dir='ltr'><strong>assecuti</strong></span> <span class='ocrx_word' id='word_1_65' title='bbox 1521 1027 1644 1070; x_wconf 89' lang='lat' dir='ltr'><strong>sunt</strong></span> <span class='ocrx_word' id='word_1_66' title='bbox 1674 1016 1852 1084; x_wconf 86' lang='lat' dir='ltr'><strong>perfe-</strong></span> 
     </span>
    </p>
   </div>
   <div class='ocr_carea' id='block_1_11' title="bbox 267 1107 1852 1174">
    <p class='ocr_par' dir='ltr' id='par_1_11' title="bbox 267 1107 1852 1174">
     <span class='ocr_line' id='line_1_11' title="bbox 267 1107 1852 1174; baseline -0.003 -8"><span class='ocrx_word' id='word_1_67' title='bbox 267 1112 539 1174; x_wconf 90' lang='lat' dir='ltr'><strong>ctionem,</strong></span> <span class='ocrx_word' id='word_1_68' title='bbox 577 1119 634 1164; x_wconf 92' lang='lat' dir='ltr'><strong>nt</strong></span> <span class='ocrx_word' id='word_1_69' title='bbox 682 1111 854 1164; x_wconf 81' lang='lat' dir='ltr'><strong>idonei</strong></span> <span class='ocrx_word' id='word_1_70' title='bbox 891 1117 1128 1163; x_wconf 84' lang='lat' dir='ltr'><strong>rectores</strong></span> <span class='ocrx_word' id='word_1_71' title='bbox 1173 1107 1365 1163; x_wconf 80' lang='lat' dir='ltr'><strong>tierent</strong></span> <span class='ocrx_word' id='word_1_72' title='bbox 1412 1109 1741 1162; x_wconf 90' lang='lat' dir='ltr'><strong>animarum.</strong></span> <span class='ocrx_word' id='word_1_73' title='bbox 1774 1109 1852 1162; x_wconf 79' lang='lat' dir='ltr'><strong>Ex</strong></span> 
     </span>
    </p>
   </div>
   <div class='ocr_carea' id='block_1_12' title="bbox 266 1200 1852 1270">
    <p class='ocr_par' dir='ltr' id='par_1_12' title="bbox 266 1200 1852 1270">
     <span class='ocr_line' id='line_1_12' title="bbox 266 1200 1852 1270; baseline -0.001 -15"><span class='ocrx_word' id='word_1_74' title='bbox 266 1203 375 1256; x_wconf 81' lang='lat' dir='ltr'><strong>illis</strong></span> <span class='ocrx_word' id='word_1_75' title='bbox 401 1205 546 1256; x_wconf 82' lang='lat' dir='ltr'><strong>enim</strong></span> <span class='ocrx_word' id='word_1_76' title='bbox 574 1200 754 1254; x_wconf 78' lang='lat' dir='ltr'><strong>multa:</strong></span> <span class='ocrx_word' id='word_1_77' title='bbox 780 1200 1038 1255; x_wconf 74' lang='lat' dir='ltr'><strong>mcelesia:</strong></span> <span class='ocrx_word' id='word_1_78' title='bbox 1083 1214 1142 1254; x_wconf 87' lang='lat' dir='ltr'><strong>se</strong></span> <span class='ocrx_word' id='word_1_79' title='bbox 1190 1201 1388 1270; x_wconf 81' lang='lat' dir='ltr'><strong>gavisa:</strong></span> <span class='ocrx_word' id='word_1_80' title='bbox 1431 1210 1558 1254; x_wconf 91' lang='lat' dir='ltr'><strong>sunt</strong></span> <span class='ocrx_word' id='word_1_81' title='bbox 1601 1209 1852 1268; x_wconf 90' lang='lat' dir='ltr'><strong>pastores</strong></span> 
     </span>
    </p>
   </div>
   <div class='ocr_carea' id='block_1_13' title="bbox 268 1291 1853 1363">
    <p class='ocr_par' dir='ltr' id='par_1_13' title="bbox 268 1291 1853 1363">
     <span class='ocr_line' id='line_1_13' title="bbox 268 1291 1853 1363; baseline -0.001 -16"><span class='ocrx_word' id='word_1_82' title='bbox 268 1294 504 1358; x_wconf 85' lang='lat' dir='ltr'><strong>habere,</strong></span> <span class='ocrx_word' id='word_1_83' title='bbox 547 1308 777 1363; x_wconf 89' lang='lat' dir='ltr'><strong>quarum</strong></span> <span class='ocrx_word' id='word_1_84' title='bbox 830 1291 1242 1362; x_wconf 84' lang='lat' dir='ltr'><strong>Salzbnrgensis</strong></span> <span class='ocrx_word' id='word_1_85' title='bbox 1287 1292 1528 1346; x_wconf 75' lang='lat' dir='ltr'><strong>:ecelcsia</strong></span> <span class='ocrx_word' id='word_1_86' title='bbox 1582 1291 1853 1363; x_wconf 84' lang='lat' dir='ltr'><strong>archiepi-</strong></span> 
     </span>
    </p>
   </div>
   <div class='ocr_carea' id='block_1_14' title="bbox 266 1383 1852 1456">
    <p class='ocr_par' dir='ltr' id='par_1_14' title="bbox 266 1383 1852 1456">
     <span class='ocr_line' id='line_1_14' title="bbox 266 1383 1852 1456; baseline -0.001 -17"><span class='ocrx_word' id='word_1_87' title='bbox 266 1401 491 1456; x_wconf 92' lang='lat' dir='ltr'><strong>scopum</strong></span> <span class='ocrx_word' id='word_1_88' title='bbox 519 1384 754 1439; x_wconf 86' lang='lat' dir='ltr'><strong>habebat</strong></span> <span class='ocrx_word' id='word_1_89' title='bbox 798 1383 1104 1438; x_wconf 81' lang='lat' dir='ltr'><strong>Gunterum</strong></span> <span class='ocrx_word' id='word_1_90' title='bbox 1124 1424 1140 1450; x_wconf 92' lang='lat'><strong>,</strong></span> <span class='ocrx_word' id='word_1_91' title='bbox 1170 1385 1584 1440; x_wconf 84' lang='lat' dir='ltr'><strong>Cameracensis</strong></span> <span class='ocrx_word' id='word_1_92' title='bbox 1615 1386 1749 1438; x_wconf 89' lang='lat' dir='ltr'><strong>duos</strong></span> <span class='ocrx_word' id='word_1_93' title='bbox 1776 1385 1852 1438; x_wconf 86' lang='lat' dir='ltr'><strong>al-</strong></span> 
     </span>
    </p>
   </div>
   <div class='ocr_carea' id='block_1_15' title="bbox 173 1473 1852 1546">
    <p class='ocr_par' dir='ltr' id='par_1_15' title="bbox 173 1473 1852 1546">
     <span class='ocr_line' id='line_1_15' title="bbox 173 1473 1852 1546; baseline -0.001 -17"><span class='ocrx_word' id='word_1_94' title='bbox 173 1493 186 1499; x_wconf 76' lang='lat'><strong><em>°</em></strong></span> <span class='ocrx_word' id='word_1_95' title='bbox 265 1484 445 1529; x_wconf 85' lang='lat' dir='ltr'><strong>terum</strong></span> <span class='ocrx_word' id='word_1_96' title='bbox 489 1474 644 1528; x_wconf 86' lang='lat' dir='ltr'><strong>alteri</strong></span> <span class='ocrx_word' id='word_1_97' title='bbox 688 1474 1099 1540; x_wconf 84' lang='lat' dir='ltr'><strong>succedentem,</strong></span> <span class='ocrx_word' id='word_1_98' title='bbox 1168 1473 1540 1528; x_wconf 83' lang='lat' dir='ltr'><strong>Ruothardum</strong></span> <span class='ocrx_word' id='word_1_99' title='bbox 1596 1474 1744 1546; x_wconf 71' lang='grc'>(450)</span> <span class='ocrx_word' id='word_1_100' title='bbox 1796 1483 1852 1530; x_wconf 91' lang='lat' dir='ltr'><strong>et</strong></span> 
     </span>
    </p>
   </div>
   <div class='ocr_carea' id='block_1_16' title="bbox 265 1565 1851 1637">
    <p class='ocr_par' dir='ltr' id='par_1_16' title="bbox 265 1565 1851 1637">
     <span class='ocr_line' id='line_1_16' title="bbox 265 1565 1851 1637; baseline -0.001 -15"><span class='ocrx_word' id='word_1_101' title='bbox 265 1566 685 1622; x_wconf 61' lang='lat' dir='ltr'><strong>Eclcwinum’”</strong></span> <span class='ocrx_word' id='word_1_102' title='bbox 735 1565 882 1637; x_wconf 63' lang='grc'><strong>(460)</strong></span> <span class='ocrx_word' id='word_1_103' title='bbox 915 1565 1300 1620; x_wconf 82' lang='lat' dir='ltr'><strong>Wirdunensis</strong></span> <span class='ocrx_word' id='word_1_104' title='bbox 1345 1565 1658 1620; x_wconf 88' lang='lat' dir='ltr'><strong>lleimonem</strong></span> <span class='ocrx_word' id='word_1_105' title='bbox 1679 1606 1694 1629; x_wconf 94' lang='lat'><strong>,</strong></span> <span class='ocrx_word' id='word_1_106' title='bbox 1724 1565 1851 1620; x_wconf 90' lang='lat' dir='ltr'><strong>Tul-</strong></span> 
     </span>
    </p>
   </div>
   <div class='ocr_carea' id='block_1_17' title="bbox 263 1655 1926 1730">
    <p class='ocr_par' dir='ltr' id='par_1_17' title="bbox 263 1655 1926 1730">
     <span class='ocr_line' id='line_1_17' title="bbox 263 1655 1926 1730; baseline 0.002 -21"><span class='ocrx_word' id='word_1_107' title='bbox 263 1655 434 1711; x_wconf 86' lang='lat' dir='ltr'><strong>lensis</strong></span> <span class='ocrx_word' id='word_1_108' title='bbox 465 1655 786 1711; x_wconf 83' lang='lat' dir='ltr'><strong>llezelonem</strong></span> <span class='ocrx_word' id='word_1_109' title='bbox 807 1697 821 1721; x_wconf 90' lang='lat'><strong>,</strong></span> <span class='ocrx_word' id='word_1_110' title='bbox 855 1656 1220 1723; x_wconf 74' lang='lat' dir='ltr'><strong>Trajecteusis</strong></span> <span class='ocrx_word' id='word_1_111' title='bbox 1263 1657 1598 1712; x_wconf 81' lang='lat' dir='ltr'><strong>Adeboldum</strong></span> <span class='ocrx_word' id='word_1_112' title='bbox 1620 1697 1636 1723; x_wconf 91' lang='lat'><strong>,</strong></span> <span class='ocrx_word' id='word_1_113' title='bbox 1666 1658 1792 1712; x_wconf 88' lang='lat' dir='ltr'><strong>licet</strong></span> <span class='ocrx_word' id='word_1_114' title='bbox 1821 1675 1849 1712; x_wconf 91' lang='lat' dir='ltr'><strong>a</strong></span> <span class='ocrx_word' id='word_1_115' title='bbox 1885 1673 1926 1730; x_wconf 70' lang='grc' dir='ltr'><strong><em>Β</em></strong></span> 
     </span>
    </p>
   </div>
   <div class='ocr_carea' id='block_1_18' title="bbox 265 1747 1856 1818">
    <p class='ocr_par' dir='ltr' id='par_1_18' title="bbox 265 1747 1856 1818">
     <span class='ocr_line' id='line_1_18' title="bbox 265 1747 1856 1818; baseline 0.003 -18"><span class='ocrx_word' id='word_1_116' title='bbox 265 1747 455 1801; x_wconf 89' lang='lat' dir='ltr'><strong>multis</strong></span> <span class='ocrx_word' id='word_1_117' title='bbox 482 1755 744 1817; x_wconf 69' lang='lat' dir='ltr'><strong>praeterea</strong></span> <span class='ocrx_word' id='word_1_118' title='bbox 774 1763 878 1801; x_wconf 76' lang='lat' dir='ltr'><strong>neu</strong></span> <span class='ocrx_word' id='word_1_119' title='bbox 925 1749 1192 1817; x_wconf 79' lang='lat' dir='ltr'><strong>episcopis</strong></span> <span class='ocrx_word' id='word_1_120' title='bbox 1212 1790 1226 1812; x_wconf 91' lang='lat'><strong>,</strong></span> <span class='ocrx_word' id='word_1_121' title='bbox 1259 1750 1348 1818; x_wconf 88' lang='lat' dir='ltr'><strong>qni</strong></span> <span class='ocrx_word' id='word_1_122' title='bbox 1381 1749 1631 1804; x_wconf 90' lang='lat' dir='ltr'><strong>similiter</strong></span> <span class='ocrx_word' id='word_1_123' title='bbox 1658 1749 1758 1803; x_wconf 89' lang='lat' dir='ltr'><strong>sub</strong></span> <span class='ocrx_word' id='word_1_124' title='bbox 1790 1766 1856 1805; x_wconf 89' lang='lat' dir='ltr'><strong>eo</strong></span> 
     </span>
    </p>
   </div>
   <div class='ocr_carea' id='block_1_19' title="bbox 264 1838 1851 1908">
    <p class='ocr_par' dir='ltr' id='par_1_19' title="bbox 264 1838 1851 1908">
     <span class='ocr_line' id='line_1_19' title="bbox 264 1838 1851 1908; baseline 0.003 -18"><span class='ocrx_word' id='word_1_125' title='bbox 264 1838 598 1893; x_wconf 88' lang='lat' dir='ltr'><strong>coaluissent</strong></span> <span class='ocrx_word' id='word_1_126' title='bbox 619 1880 633 1903; x_wconf 92' lang='lat'><strong>,</strong></span> <span class='ocrx_word' id='word_1_127' title='bbox 665 1838 1078 1908; x_wconf 81' lang='lat' dir='ltr'><strong>quamplurima:</strong></span> <span class='ocrx_word' id='word_1_128' title='bbox 1106 1847 1370 1894; x_wconf 74' lang='lat' dir='ltr'><strong>correcta:</strong></span> <span class='ocrx_word' id='word_1_129' title='bbox 1403 1848 1532 1895; x_wconf 91' lang='lat' dir='ltr'><strong>sunt</strong></span> <span class='ocrx_word' id='word_1_130' title='bbox 1573 1842 1851 1896; x_wconf 68' lang='lat' dir='ltr'><strong>arcclesite.</strong></span> 
     </span>
    </p>
   </div>
   <div class='ocr_carea' id='block_1_20' title="bbox 263 1927 1855 1999">
    <p class='ocr_par' dir='ltr' id='par_1_20' title="bbox 263 1927 1855 1999">
     <span class='ocr_line' id='line_1_20' title="bbox 263 1927 1855 1999; baseline 0.001 -18"><span class='ocrx_word' id='word_1_131' title='bbox 263 1927 344 1981; x_wconf 78' lang='lat' dir='ltr'><strong>Ex</strong></span> <span class='ocrx_word' id='word_1_132' title='bbox 375 1929 575 1998; x_wconf 88' lang='lat' dir='ltr'><strong>quibus</strong></span> <span class='ocrx_word' id='word_1_133' title='bbox 601 1928 891 1984; x_wconf 84' lang='lat' dir='ltr'><strong>Durandus</strong></span> <span class='ocrx_word' id='word_1_134' title='bbox 916 1936 1100 1997; x_wconf 87' lang='lat' dir='ltr'><strong>postea</strong></span> <span class='ocrx_word' id='word_1_135' title='bbox 1124 1939 1310 1984; x_wconf 88' lang='lat' dir='ltr'><strong>noster</strong></span> <span class='ocrx_word' id='word_1_136' title='bbox 1331 1931 1619 1999; x_wconf 77' lang='lat' dir='ltr'><strong>episcOpns</strong></span> <span class='ocrx_word' id='word_1_137' title='bbox 1644 1931 1855 1984; x_wconf 84' lang='lat' dir='ltr'><strong>Baven-</strong></span> 
     </span>
    </p>
   </div>
   <div class='ocr_carea' id='block_1_21' title="bbox 265 2018 1856 2090">
    <p class='ocr_par' dir='ltr' id='par_1_21' title="bbox 265 2018 1856 2090">
     <span class='ocr_line' id='line_1_21' title="bbox 265 2018 1856 2090; baseline 0.004 -20"><span class='ocrx_word' id='word_1_138' title='bbox 265 2018 674 2088; x_wconf 74' lang='lat' dir='ltr'><strong>hergeusem&#39;”</strong></span> <span class='ocrx_word' id='word_1_139' title='bbox 725 2018 1024 2074; x_wconf 82' lang='lat' dir='ltr'><strong>aecclesiam</strong></span> <span class='ocrx_word' id='word_1_140' title='bbox 1059 2020 1334 2090; x_wconf 83' lang='lat' dir='ltr'><strong>religionis</strong></span> <span class='ocrx_word' id='word_1_141' title='bbox 1376 2031 1429 2075; x_wconf 88' lang='lat' dir='ltr'><strong>et</strong></span> <span class='ocrx_word' id='word_1_142' title='bbox 1464 2022 1673 2076; x_wconf 90' lang='lat' dir='ltr'><strong>arcium</strong></span> <span class='ocrx_word' id='word_1_143' title='bbox 1723 2023 1856 2077; x_wconf 78' lang='lat' dir='ltr'><strong>tile-</strong></span> 
     </span>
    </p>
   </div>
   <div class='ocr_carea' id='block_1_22' title="bbox 268 2107 1855 2181">
    <p class='ocr_par' dir='ltr' id='par_1_22' title="bbox 268 2107 1855 2181">
     <span class='ocr_line' id='line_1_22' title="bbox 268 2107 1855 2181; baseline 0.006 -22"><span class='ocrx_word' id='word_1_144' title='bbox 268 2107 470 2162; x_wconf 85' lang='lat' dir='ltr'><strong>ralium</strong></span> <span class='ocrx_word' id='word_1_145' title='bbox 497 2108 780 2178; x_wconf 88' lang='lat' dir='ltr'><strong>disciplina</strong></span> <span class='ocrx_word' id='word_1_146' title='bbox 812 2109 1125 2176; x_wconf 87' lang='lat' dir='ltr'><strong>illustravit,</strong></span> <span class='ocrx_word' id='word_1_147' title='bbox 1158 2110 1416 2166; x_wconf 86' lang='lat' dir='ltr'><strong>Othertus</strong></span> <span class='ocrx_word' id='word_1_148' title='bbox 1439 2127 1558 2166; x_wconf 93' lang='lat' dir='ltr'><strong>cum</strong></span> <span class='ocrx_word' id='word_1_149' title='bbox 1587 2112 1855 2181; x_wconf 85' lang='lat' dir='ltr'><strong>aliquibus</strong></span> 
     </span>
    </p>
   </div>
   <div class='ocr_carea' id='block_1_23' title="bbox 262 2197 1856 2270">
    <p class='ocr_par' dir='ltr' id='par_1_23' title="bbox 262 2197 1856 2270">
     <span class='ocr_line' id='line_1_23' title="bbox 262 2197 1856 2270; baseline 0.006 -22"><span class='ocrx_word' id='word_1_150' title='bbox 262 2197 391 2252; x_wconf 83' lang='lat' dir='ltr'><strong>aliis</strong></span> <span class='ocrx_word' id='word_1_151' title='bbox 418 2213 604 2252; x_wconf 90' lang='lat' dir='ltr'><strong>secum</strong></span> <span class='ocrx_word' id='word_1_152' title='bbox 631 2199 755 2252; x_wconf 92' lang='lat' dir='ltr'><strong>hinc</strong></span> <span class='ocrx_word' id='word_1_153' title='bbox 782 2199 1028 2253; x_wconf 86' lang='lat' dir='ltr'><strong>abductis</strong></span> <span class='ocrx_word' id='word_1_154' title='bbox 1058 2200 1223 2253; x_wconf 87' lang='lat' dir='ltr'><strong>vitam</strong></span> <span class='ocrx_word' id='word_1_155' title='bbox 1252 2201 1590 2270; x_wconf 81' lang='lat' dir='ltr'><strong>Aqnensium</strong></span> <span class='ocrx_word' id='word_1_156' title='bbox 1629 2203 1856 2257; x_wconf 86' lang='lat' dir='ltr'><strong>clerico-</strong></span> 
     </span>
    </p>
   </div>
   <div class='ocr_carea' id='block_1_24' title="bbox 265 2289 1854 2362">
    <p class='ocr_par' dir='ltr' id='par_1_24' title="bbox 265 2289 1854 2362">
     <span class='ocr_line' id='line_1_24' title="bbox 265 2289 1854 2362; baseline 0.006 -23"><span class='ocrx_word' id='word_1_157' title='bbox 265 2301 424 2350; x_wconf 89' lang='lat' dir='ltr'><strong>rum,</strong></span> <span class='ocrx_word' id='word_1_158' title='bbox 460 2289 789 2357; x_wconf 73' lang='lat' dir='ltr'><strong>pernccios&#39;e</strong></span> <span class='ocrx_word' id='word_1_159' title='bbox 831 2291 1081 2359; x_wconf 88' lang='lat' dir='ltr'><strong>contagio</strong></span> <span class='ocrx_word' id='word_1_160' title='bbox 1122 2289 1353 2344; x_wconf 89' lang='lat' dir='ltr'><strong>liccnti.e</strong></span> <span class='ocrx_word' id='word_1_161' title='bbox 1398 2302 1543 2346; x_wconf 91' lang='lat' dir='ltr'><strong>retro</strong></span> <span class='ocrx_word' id='word_1_162' title='bbox 1590 2295 1854 2362; x_wconf 88' lang='lat' dir='ltr'><strong>deprava-</strong></span> 
     </span>
    </p>
   </div>
   <div class='ocr_carea' id='block_1_25' title="bbox 265 2379 1854 2455">
    <p class='ocr_par' dir='ltr' id='par_1_25' title="bbox 265 2379 1854 2455">
     <span class='ocr_line' id='line_1_25' title="bbox 265 2379 1854 2455; baseline 0.006 -25"><span class='ocrx_word' id='word_1_163' title='bbox 265 2388 405 2443; x_wconf 90' lang='lat' dir='ltr'><strong>tam,</strong></span> <span class='ocrx_word' id='word_1_164' title='bbox 429 2379 497 2433; x_wconf 90' lang='lat' dir='ltr'><strong>ad</strong></span> <span class='ocrx_word' id='word_1_165' title='bbox 521 2389 766 2435; x_wconf 86' lang='lat' dir='ltr'><strong>sanctam</strong></span> <span class='ocrx_word' id='word_1_166' title='bbox 793 2380 1085 2450; x_wconf 84' lang='lat' dir='ltr'><strong>religionis,</strong></span> <span class='ocrx_word' id='word_1_167' title='bbox 1121 2382 1175 2437; x_wconf 92' lang='lat' dir='ltr'><strong>in</strong></span> <span class='ocrx_word' id='word_1_168' title='bbox 1211 2393 1472 2453; x_wconf 89' lang='lat' dir='ltr'><strong>quantum</strong></span> <span class='ocrx_word' id='word_1_169' title='bbox 1504 2387 1696 2455; x_wconf 87' lang='lat' dir='ltr'><strong>potuit,</strong></span> <span class='ocrx_word' id='word_1_170' title='bbox 1729 2403 1854 2440; x_wconf 77' lang='lat' dir='ltr'><strong>uor-</strong></span> 
     </span>
    </p>
   </div>
   <div class='ocr_carea' id='block_1_26' title="bbox 262 2471 1852 2546">
    <p class='ocr_par' dir='ltr' id='par_1_26' title="bbox 262 2471 1852 2546">
     <span class='ocr_line' id='line_1_26' title="bbox 262 2471 1852 2546; baseline 0.005 -24"><span class='ocrx_word' id='word_1_171' title='bbox 262 2483 415 2522; x_wconf 87' lang='lat' dir='ltr'><strong>mam</strong></span> <span class='ocrx_word' id='word_1_172' title='bbox 461 2471 720 2524; x_wconf 87' lang='lat' dir='ltr'><strong>reducere</strong></span> <span class='ocrx_word' id='word_1_173' title='bbox 749 2471 1061 2528; x_wconf 53' lang='lat' dir='ltr'><strong>stnduiﬁ“.</strong></span> <span class='ocrx_word' id='word_1_174' title='bbox 1094 2473 1233 2540; x_wconf 83' lang='lat' dir='ltr'><strong>Quid</strong></span> <span class='ocrx_word' id='word_1_175' title='bbox 1263 2475 1437 2529; x_wconf 89' lang='lat' dir='ltr'><strong>dicam</strong></span> <span class='ocrx_word' id='word_1_176' title='bbox 1472 2477 1537 2529; x_wconf 89' lang='lat' dir='ltr'><strong>de</strong></span> <span class='ocrx_word' id='word_1_177' title='bbox 1569 2475 1812 2546; x_wconf 86' lang='lat' dir='ltr'><strong>llupaldo</strong></span> <span class='ocrx_word' id='word_1_178' title='bbox 1836 2517 1852 2541; x_wconf 89' lang='lat'><strong>,</strong></span> 
     </span>
    </p>
   </div>
   <div class='ocr_carea' id='block_1_27' title="bbox 264 2558 1854 2637">
    <p class='ocr_par' dir='ltr' id='par_1_27' title="bbox 264 2558 1854 2637">
     <span class='ocr_line' id='line_1_27' title="bbox 264 2558 1854 2637; baseline 0.009 -28"><span class='ocrx_word' id='word_1_179' title='bbox 264 2558 387 2627; x_wconf 84' lang='lat' dir='ltr'><strong>qui.</strong></span> <span class='ocrx_word' id='word_1_180' title='bbox 412 2559 538 2613; x_wconf 82' lang='lat' dir='ltr'><strong>dum.</strong></span> <span class='ocrx_word' id='word_1_181' title='bbox 589 2561 1023 2619; x_wconf 79' lang='lat' dir='ltr'><strong>adolescentulus</strong></span> <span class='ocrx_word' id='word_1_182' title='bbox 1064 2579 1095 2618; x_wconf 88' lang='lat' dir='ltr'><strong>a</strong></span> <span class='ocrx_word' id='word_1_183' title='bbox 1143 2565 1339 2620; x_wconf 85' lang='lat' dir='ltr'><strong>sculari</strong></span> <span class='ocrx_word' id='word_1_184' title='bbox 1393 2566 1676 2637; x_wconf 88' lang='lat' dir='ltr'><strong>disciplina</strong></span> <span class='ocrx_word' id='word_1_185' title='bbox 1729 2570 1854 2623; x_wconf 92' lang='lat' dir='ltr'><strong>hinc</strong></span> 
     </span>
    </p>
   </div>
   <div class='ocr_carea' id='block_1_28' title="bbox 263 2651 1853 2723">
    <p class='ocr_par' dir='ltr' id='par_1_28' title="bbox 263 2651 1853 2723">
     <span class='ocr_line' id='line_1_28' title="bbox 263 2651 1853 2723; baseline 0.007 -20"><span class='ocrx_word' id='word_1_186' title='bbox 263 2651 600 2723; x_wconf 75' lang='lat' dir='ltr'><strong>aufugisset,</strong></span> <span class='ocrx_word' id='word_1_187' title='bbox 632 2653 874 2710; x_wconf 86' lang='lat' dir='ltr'><strong>Parisius</strong></span> <span class='ocrx_word' id='word_1_188' title='bbox 917 2657 1100 2719; x_wconf 85' lang='lat' dir='ltr'><strong>venit,</strong></span> <span class='ocrx_word' id='word_1_189' title='bbox 1133 2659 1414 2713; x_wconf 78' lang='lat' dir='ltr'><strong>canonicis</strong></span> <span class='ocrx_word' id='word_1_190' title='bbox 1442 2669 1644 2713; x_wconf 75' lang='lat' dir='ltr'><strong>sancta:</strong></span> <span class='ocrx_word' id='word_1_191' title='bbox 1677 2658 1853 2714; x_wconf 87' lang='lat' dir='ltr'><strong>Geno-</strong></span> 
     </span>
    </p>
   </div>
   <div class='ocr_carea' id='block_1_29' title="bbox 266 2745 1853 2816">
    <p class='ocr_par' dir='ltr' id='par_1_29' title="bbox 266 2745 1853 2816">
     <span class='ocr_line' id='line_1_29' title="bbox 266 2745 1853 2816; baseline 0.005 -17"><span class='ocrx_word' id='word_1_192' title='bbox 266 2745 408 2801; x_wconf 84' lang='lat' dir='ltr'><strong>vela:</strong></span> <span class='ocrx_word' id='word_1_193' title='bbox 441 2746 666 2816; x_wconf 79' lang='lat' dir='ltr'><strong>virginis</strong></span> <span class='ocrx_word' id='word_1_194' title='bbox 693 2749 932 2814; x_wconf 90' lang='lat' dir='ltr'><strong>adhesit,</strong></span> <span class='ocrx_word' id='word_1_195' title='bbox 972 2751 1023 2804; x_wconf 93' lang='lat' dir='ltr'><strong>in</strong></span> <span class='ocrx_word' id='word_1_196' title='bbox 1058 2749 1205 2806; x_wconf 90' lang='lat' dir='ltr'><strong>brevi</strong></span> <span class='ocrx_word' id='word_1_197' title='bbox 1246 2753 1412 2806; x_wconf 81' lang='lat' dir='ltr'><strong>multo</strong></span> <span class='ocrx_word' id='word_1_198' title='bbox 1437 2753 1722 2807; x_wconf 89' lang='lat' dir='ltr'><strong>scolarinm</strong></span> <span class='ocrx_word' id='word_1_199' title='bbox 1767 2753 1853 2806; x_wconf 83' lang='lat' dir='ltr'><strong>in-</strong></span> 
     </span>
    </p>
   </div>
   <div class='ocr_carea' id='block_1_30' title="bbox 264 2837 1852 2912">
    <p class='ocr_par' dir='ltr' id='par_1_30' title="bbox 264 2837 1852 2912">
     <span class='ocr_line' id='line_1_30' title="bbox 264 2837 1852 2912; baseline 0.006 -21"><span class='ocrx_word' id='word_1_200' title='bbox 264 2839 507 2893; x_wconf 72' lang='lat' dir='ltr'><strong>struxit?</strong></span> <span class='ocrx_word' id='word_1_201' title='bbox 555 2837 653 2893; x_wconf 90' lang='lat' dir='ltr'><strong>Ubi</strong></span> <span class='ocrx_word' id='word_1_202' title='bbox 702 2855 821 2895; x_wconf 89' lang='lat' dir='ltr'><strong>cum</strong></span> <span class='ocrx_word' id='word_1_203' title='bbox 880 2841 1212 2912; x_wconf 87' lang='lat' dir='ltr'><strong>aliquamdiu</strong></span> <span class='ocrx_word' id='word_1_204' title='bbox 1261 2853 1585 2909; x_wconf 86' lang='lat' dir='ltr'><strong>moraretur,</strong></span> <span class='ocrx_word' id='word_1_205' title='bbox 1639 2847 1852 2900; x_wconf 87' lang='lat' dir='ltr'><strong>interim</strong></span> 
     </span>
    </p>
   </div>
   <div class='ocr_carea' id='block_1_31' title="bbox 263 2931 1848 3006">
    <p class='ocr_par' dir='ltr' id='par_1_31' title="bbox 263 2931 1848 3006">
     <span class='ocr_line' id='line_1_31' title="bbox 263 2931 1848 3006; baseline 0.006 -24"><span class='ocrx_word' id='word_1_206' title='bbox 263 2931 526 2984; x_wconf 77' lang='lat' dir='ltr'><strong>videlicet</strong></span> <span class='ocrx_word' id='word_1_207' title='bbox 551 2947 674 2986; x_wconf 90' lang='lat' dir='ltr'><strong>cum</strong></span> <span class='ocrx_word' id='word_1_208' title='bbox 705 2947 732 2984; x_wconf 89' lang='lat' dir='ltr'><strong>a</strong></span> <span class='ocrx_word' id='word_1_209' title='bbox 760 2933 957 2986; x_wconf 90' lang='lat' dir='ltr'><strong>domno</strong></span> <span class='ocrx_word' id='word_1_210' title='bbox 981 2932 1219 2989; x_wconf 87' lang='lat' dir='ltr'><strong>Notkero</strong></span> <span class='ocrx_word' id='word_1_211' title='bbox 1247 2937 1501 3006; x_wconf 87' lang='lat' dir='ltr'><strong>episeopo</strong></span> <span class='ocrx_word' id='word_1_212' title='bbox 1527 2938 1848 3002; x_wconf 87' lang='lat' dir='ltr'><strong>nesciretur,</strong></span> 
     </span>
    </p>
   </div>
   <div class='ocr_carea' id='block_1_32' title="bbox 1077 161 2680 235">
    <p class='ocr_par' dir='ltr' id='par_1_32' title="bbox 1077 161 2680 235">
     <span class='ocr_line' id='line_1_32' title="bbox 1077 161 2680 235; baseline -0.011 -2"><span class='ocrx_word' id='word_1_213' title='bbox 1077 176 1376 235; x_wconf 73' lang='lat' dir='ltr'><strong>ANSELMI</strong></span> <span class='ocrx_word' id='word_1_214' title='bbox 1407 173 1634 231; x_wconf 73' lang='lat' dir='ltr'><strong>GESTA</strong></span> <span class='ocrx_word' id='word_1_215' title='bbox 1669 166 2158 227; x_wconf 75' lang='lat' dir='ltr'><strong>EPISCOPORUM</strong></span> <span class='ocrx_word' id='word_1_216' title='bbox 2197 161 2680 222; x_wconf 76' lang='lat' dir='ltr'><strong>LEODIENSlUM.</strong></span> 
     </span>
    </p>
   </div>
   <div class='ocr_carea' id='block_1_33' title="bbox 1881 273 3535 346">
    <p class='ocr_par' dir='ltr' id='par_1_33' title="bbox 1881 273 3535 346">
     <span class='ocr_line' id='line_1_33' title="bbox 1881 273 3535 346; baseline -0.003 -14"><span class='ocrx_word' id='word_1_217' title='bbox 1881 293 1927 346; x_wconf 75' lang='grc' dir='ltr'>Α</span> <span class='ocrx_word' id='word_1_218' title='bbox 1957 279 2188 332; x_wconf 73' lang='lat' dir='ltr'><strong>Boetnia:</strong></span> <span class='ocrx_word' id='word_1_219' title='bbox 2214 278 2488 332; x_wconf 87' lang='lat' dir='ltr'><strong>civitatem</strong></span> <span class='ocrx_word' id='word_1_220' title='bbox 2517 273 2887 337; x_wconf 79' lang='lat' dir='ltr'><strong>transmissus,</strong></span> <span class='ocrx_word' id='word_1_221' title='bbox 2906 289 3026 325; x_wconf 83' lang='lat' dir='ltr'><strong>eum</strong></span> <span class='ocrx_word' id='word_1_222' title='bbox 3053 273 3304 325; x_wconf 58' lang='lat' dir='ltr'><strong>non-nlla</strong></span> <span class='ocrx_word' id='word_1_223' title='bbox 3336 274 3535 330; x_wconf 81' lang='lat' dir='ltr'><strong>ibide&#39;n</strong></span> 
     </span>
    </p>
   </div>
   <div class='ocr_carea' id='block_1_34' title="bbox 3392 161 3530 217">
    <p class='ocr_par' dir='ltr' id='par_1_34' title="bbox 3392 161 3530 217">
     <span class='ocr_line' id='line_1_34' title="bbox 3392 161 3530 217; baseline -0.014 0"><span class='ocrx_word' id='word_1_224' title='bbox 3392 161 3530 217; x_wconf 70' lang='lat' dir='ltr'><strong>{CM</strong></span> 
     </span>
    </p>
   </div>
   <div class='ocr_carea' id='block_1_35' title="bbox 1952 367 3537 438">
    <p class='ocr_par' dir='ltr' id='par_1_35' title="bbox 1952 367 3537 438">
     <span class='ocr_line' id='line_1_35' title="bbox 1952 367 3537 438; baseline -0.002 -13"><span class='ocrx_word' id='word_1_225' title='bbox 1952 372 2278 425; x_wconf 75' lang='lat' dir='ltr'><strong>Christiana:</strong></span> <span class='ocrx_word' id='word_1_226' title='bbox 2331 369 2609 438; x_wconf 81' lang='lat' dir='ltr'><strong>religionis</strong></span> <span class='ocrx_word' id='word_1_227' title='bbox 2647 367 2969 419; x_wconf 88' lang='lat' dir='ltr'><strong>documenta</strong></span> <span class='ocrx_word' id='word_1_228' title='bbox 3016 367 3284 429; x_wconf 83' lang='lat' dir='ltr'><strong>dedisset,</strong></span> <span class='ocrx_word' id='word_1_229' title='bbox 3316 367 3384 419; x_wconf 88' lang='lat' dir='ltr'><strong>ad</strong></span> <span class='ocrx_word' id='word_1_230' title='bbox 3437 383 3537 422; x_wconf 81' lang='lat' dir='ltr'><strong>nos</strong></span> 
     </span>
    </p>
   </div>
   <div class='ocr_carea' id='block_1_36' title="bbox 1952 455 3536 526">
    <p class='ocr_par' dir='ltr' id='par_1_36' title="bbox 1952 455 3536 526">
     <span class='ocr_line' id='line_1_36' title="bbox 1952 455 3536 526; baseline -0.002 -13"><span class='ocrx_word' id='word_1_231' title='bbox 1952 477 2074 514; x_wconf 89' lang='lat' dir='ltr'><strong>cum</strong></span> <span class='ocrx_word' id='word_1_232' title='bbox 2106 461 2349 512; x_wconf 76' lang='lat' dir='ltr'><strong>maxime</strong></span> <span class='ocrx_word' id='word_1_233' title='bbox 2393 460 2598 512; x_wconf 85' lang='lat' dir='ltr'><strong>honore</strong></span> <span class='ocrx_word' id='word_1_234' title='bbox 2645 457 2924 510; x_wconf 78' lang='lat' dir='ltr'><strong>remeavit.</strong></span> <span class='ocrx_word' id='word_1_235' title='bbox 2960 455 3106 508; x_wconf 82' lang='lat' dir='ltr'><strong>Multi</strong></span> <span class='ocrx_word' id='word_1_236' title='bbox 3135 466 3398 526; x_wconf 76' lang='lat' dir='ltr'><strong>prmterea</strong></span> <span class='ocrx_word' id='word_1_237' title='bbox 3437 461 3536 510; x_wconf 83' lang='lat' dir='ltr'><strong>sub</strong></span> 
     </span>
    </p>
   </div>
   <div class='ocr_carea' id='block_1_37' title="bbox 1951 547 3538 617">
    <p class='ocr_par' dir='ltr' id='par_1_37' title="bbox 1951 547 3538 617">
     <span class='ocr_line' id='line_1_37' title="bbox 1951 547 3538 617; baseline -0.001 -15"><span class='ocrx_word' id='word_1_238' title='bbox 1951 560 2102 604; x_wconf 86' lang='lat' dir='ltr'><strong>tanto</strong></span> <span class='ocrx_word' id='word_1_239' title='bbox 2128 561 2280 617; x_wconf 83' lang='lat' dir='ltr'><strong>patre</strong></span> <span class='ocrx_word' id='word_1_240' title='bbox 2312 548 2574 608; x_wconf 89' lang='lat' dir='ltr'><strong>enutriti,</strong></span> <span class='ocrx_word' id='word_1_241' title='bbox 2608 547 2870 616; x_wconf 81' lang='lat' dir='ltr'><strong>religione</strong></span> <span class='ocrx_word' id='word_1_242' title='bbox 2901 556 2956 600; x_wconf 92' lang='lat' dir='ltr'><strong>et</strong></span> <span class='ocrx_word' id='word_1_243' title='bbox 2999 548 3192 601; x_wconf 90' lang='lat' dir='ltr'><strong>studiis</strong></span> <span class='ocrx_word' id='word_1_244' title='bbox 3222 547 3538 602; x_wconf 88' lang='lat' dir='ltr'><strong>liberalibus</strong></span> 
     </span>
    </p>
   </div>
   <div class='ocr_carea' id='block_1_38' title="bbox 1952 639 3540 712">
    <p class='ocr_par' dir='ltr' id='par_1_38' title="bbox 1952 639 3540 712">
     <span class='ocr_line' id='line_1_38' title="bbox 1952 639 3540 712; baseline 0 -18"><span class='ocrx_word' id='word_1_245' title='bbox 1952 644 2164 696; x_wconf 82' lang='lat' dir='ltr'><strong>diversa</strong></span> <span class='ocrx_word' id='word_1_246' title='bbox 2219 641 2561 695; x_wconf 84' lang='lat' dir='ltr'><strong>illustraverc</strong></span> <span class='ocrx_word' id='word_1_247' title='bbox 2606 639 2756 705; x_wconf 90' lang='lat' dir='ltr'><strong>loca,</strong></span> <span class='ocrx_word' id='word_1_248' title='bbox 2789 656 2912 694; x_wconf 91' lang='lat' dir='ltr'><strong>cum</strong></span> <span class='ocrx_word' id='word_1_249' title='bbox 2963 639 3014 692; x_wconf 88' lang='lat' dir='ltr'><strong>in</strong></span> <span class='ocrx_word' id='word_1_250' title='bbox 3066 656 3164 694; x_wconf 87' lang='lat' dir='ltr'><strong>suo</strong></span> <span class='ocrx_word' id='word_1_251' title='bbox 3206 642 3274 674; x_wconf 76' lang='grc'><strong>’⁸³</strong></span> <span class='ocrx_word' id='word_1_252' title='bbox 3323 642 3540 712; x_wconf 75' lang='lat' dir='ltr'><strong>quidem</strong></span> 
     </span>
    </p>
   </div>
   <div class='ocr_carea' id='block_1_39' title="bbox 1952 732 3542 801">
    <p class='ocr_par' dir='ltr' id='par_1_39' title="bbox 1952 732 3542 801">
     <span class='ocr_line' id='line_1_39' title="bbox 1952 732 3542 801; baseline 0.002 -16"><span class='ocrx_word' id='word_1_253' title='bbox 1952 733 2070 785; x_wconf 92' lang='lat' dir='ltr'><strong>loco</strong></span> <span class='ocrx_word' id='word_1_254' title='bbox 2121 733 2367 800; x_wconf 77' lang='lat' dir='ltr'><strong>quit-quit</strong></span> <span class='ocrx_word' id='word_1_255' title='bbox 2417 733 2593 784; x_wconf 67' lang='lat' dir='ltr'><strong>ubivis</strong></span> <span class='ocrx_word' id='word_1_256' title='bbox 2669 732 2830 784; x_wconf 87' lang='lat' dir='ltr'><strong>stmlii</strong></span> <span class='ocrx_word' id='word_1_257' title='bbox 2891 733 2973 785; x_wconf 88' lang='lat' dir='ltr'><strong>vel</strong></span> <span class='ocrx_word' id='word_1_258' title='bbox 3011 733 3312 800; x_wconf 53' lang='lat' dir='ltr'><strong>.religionis</strong></span> <span class='ocrx_word' id='word_1_259' title='bbox 3364 746 3542 801; x_wconf 73' lang='lat' dir='ltr'><strong>CSStl,</strong></span> 
     </span>
    </p>
   </div>
   <div class='ocr_carea' id='block_1_40' title="bbox 1952 822 3534 895">
    <p class='ocr_par' dir='ltr' id='par_1_40' title="bbox 1952 822 3534 895">
     <span class='ocr_line' id='line_1_40' title="bbox 1952 822 3534 895; baseline 0.001 -17"><span class='ocrx_word' id='word_1_260' title='bbox 1952 827 2135 895; x_wconf 82' lang='lat' dir='ltr'><strong>v&#39;gere</strong></span> <span class='ocrx_word' id='word_1_261' title='bbox 2163 823 2579 877; x_wconf 72' lang='lat' dir='ltr'><strong>ad!a‘nora\crit.</strong></span> <span class='ocrx_word' id='word_1_262' title='bbox 2609 822 2751 877; x_wconf 79' lang='lat' dir='ltr'><strong>lt’em</strong></span> <span class='ocrx_word' id='word_1_263' title='bbox 2787 839 2884 892; x_wconf 79' lang='lat' dir='ltr'><strong>prn</strong></span> <span class='ocrx_word' id='word_1_264' title='bbox 2910 824 3036 876; x_wconf 83' lang='lat' dir='ltr'><strong>lenti</strong></span> <span class='ocrx_word' id='word_1_265' title='bbox 3070 825 3296 879; x_wconf 90' lang='lat' dir='ltr'><strong>consilio</strong></span> <span class='ocrx_word' id='word_1_266' title='bbox 3333 826 3534 893; x_wconf 67' lang='lat' dir='ltr'><strong>pra&#39;dia</strong></span> 
     </span>
    </p>
   </div>
   <div class='ocr_carea' id='block_1_41' title="bbox 1953 916 3535 985">
    <p class='ocr_par' dir='ltr' id='par_1_41' title="bbox 1953 916 3535 985">
     <span class='ocr_line' id='line_1_41' title="bbox 1953 916 3535 985; baseline -0.001 -14"><span class='ocrx_word' id='word_1_267' title='bbox 1953 918 2210 971; x_wconf 66' lang='lat' dir='ltr'><strong>:ecclesia:</strong></span> <span class='ocrx_word' id='word_1_268' title='bbox 2248 917 2297 970; x_wconf 92' lang='lat' dir='ltr'><strong>in</strong></span> <span class='ocrx_word' id='word_1_269' title='bbox 2325 917 2519 969; x_wconf 75' lang='lat' dir='ltr'><strong>tresm</strong></span> <span class='ocrx_word' id='word_1_270' title='bbox 2547 931 2730 982; x_wconf 80' lang='lat' dir='ltr'><strong>:eqnas</strong></span> <span class='ocrx_word' id='word_1_271' title='bbox 2757 916 3040 985; x_wconf 82' lang='lat' dir='ltr'><strong>porciones</strong></span> <span class='ocrx_word' id='word_1_272' title='bbox 3067 916 3278 979; x_wconf 77' lang='lat' dir='ltr'><strong>divisit,</strong></span> <span class='ocrx_word' id='word_1_273' title='bbox 3307 932 3535 985; x_wconf 89' lang='lat' dir='ltr'><strong>quarum</strong></span> 
     </span>
    </p>
   </div>
   <div class='ocr_carea' id='block_1_42' title="bbox 1953 1007 3537 1066">
    <p class='ocr_par' dir='ltr' id='par_1_42' title="bbox 1953 1007 3537 1066">
     <span class='ocr_line' id='line_1_42' title="bbox 1953 1007 3537 1066; baseline -0.001 -6"><span class='ocrx_word' id='word_1_274' title='bbox 1953 1025 2115 1063; x_wconf 85' lang='lat' dir='ltr'><strong>unum</strong></span> <span class='ocrx_word' id='word_1_275' title='bbox 2154 1008 2266 1061; x_wconf 89' lang='lat' dir='ltr'><strong>suis</strong></span> <span class='ocrx_word' id='word_1_276' title='bbox 2290 1016 2345 1060; x_wconf 80' lang='lat' dir='ltr'><strong>e&#39;.</strong></span> <span class='ocrx_word' id='word_1_277' title='bbox 2377 1021 2752 1060; x_wconf 84' lang='lat' dir='ltr'><strong>successorum</strong></span> <span class='ocrx_word' id='word_1_278' title='bbox 2784 1008 2993 1066; x_wconf 84' lang='lat' dir='ltr'><strong>usibus.</strong></span> <span class='ocrx_word' id='word_1_279' title='bbox 3024 1007 3255 1060; x_wconf 86' lang='lat' dir='ltr'><strong>alteram</strong></span> <span class='ocrx_word' id='word_1_280' title='bbox 3283 1008 3391 1061; x_wconf 85' lang='lat' dir='ltr'><strong>Deo</strong></span> <span class='ocrx_word' id='word_1_281' title='bbox 3421 1022 3537 1061; x_wconf 87' lang='lat' dir='ltr'><strong>ser-</strong></span> 
     </span>
    </p>
   </div>
   <div class='ocr_carea' id='block_1_43' title="bbox 1953 1096 3542 1165">
    <p class='ocr_par' dir='ltr' id='par_1_43' title="bbox 1953 1096 3542 1165">
     <span class='ocr_line' id='line_1_43' title="bbox 1953 1096 3542 1165; baseline 0.003 -19"><span class='ocrx_word' id='word_1_282' title='bbox 1953 1097 2224 1150; x_wconf 81' lang='lat' dir='ltr'><strong>vientibus</strong></span> <span class='ocrx_word' id='word_1_283' title='bbox 2254 1111 2350 1165; x_wconf 91' lang='lat' dir='ltr'><strong>per</strong></span> <span class='ocrx_word' id='word_1_284' title='bbox 2377 1096 2651 1150; x_wconf 68' lang='lat' dir='ltr'><strong>(ecclesias</strong></span> <span class='ocrx_word' id='word_1_285' title='bbox 2696 1104 2750 1149; x_wconf 90' lang='lat' dir='ltr'><strong>et</strong></span> <span class='ocrx_word' id='word_1_286' title='bbox 2795 1111 2891 1164; x_wconf 82' lang='lat' dir='ltr'><strong>per</strong></span> <span class='ocrx_word' id='word_1_287' title='bbox 2920 1098 3247 1150; x_wconf 90' lang='lat' dir='ltr'><strong>monasteria</strong></span> <span class='ocrx_word' id='word_1_288' title='bbox 3269 1137 3285 1159; x_wconf 95' lang='lat'><strong>,</strong></span> <span class='ocrx_word' id='word_1_289' title='bbox 3317 1099 3542 1150; x_wconf 65' lang='lat' dir='ltr'><strong>teri-iam</strong></span> 
     </span>
    </p>
   </div>
   <div class='ocr_carea' id='block_1_44' title="bbox 1953 1189 3536 1258">
    <p class='ocr_par' dir='ltr' id='par_1_44' title="bbox 1953 1189 3536 1258">
     <span class='ocr_line' id='line_1_44' title="bbox 1953 1189 3536 1258; baseline 0.001 -16"><span class='ocrx_word' id='word_1_290' title='bbox 1953 1189 2038 1242; x_wconf 82' lang='lat' dir='ltr'><strong>his</strong></span> <span class='ocrx_word' id='word_1_291' title='bbox 2072 1190 2163 1255; x_wconf 89' lang='lat' dir='ltr'><strong>qui</strong></span> <span class='ocrx_word' id='word_1_292' title='bbox 2212 1189 2468 1242; x_wconf 84' lang='lat' dir='ltr'><strong>miliciatn</strong></span> <span class='ocrx_word' id='word_1_293' title='bbox 2521 1199 2840 1242; x_wconf 72' lang='lat' dir='ltr'><strong>exercerent</strong></span> <span class='ocrx_word' id='word_1_294' title='bbox 2889 1191 3178 1244; x_wconf 79' lang='lat' dir='ltr'><strong>concessit.</strong></span> <span class='ocrx_word' id='word_1_295' title='bbox 3233 1190 3460 1258; x_wconf 57' lang='lat' dir='ltr'><strong>Multoaq</strong></span> <span class='ocrx_word' id='word_1_296' title='bbox 3503 1206 3536 1244; x_wconf 78' lang='grc' dir='ltr'>ο</span> 
     </span>
    </p>
   </div>
   <div class='ocr_carea' id='block_1_45' title="bbox 1955 1279 3544 1334">
    <p class='ocr_par' dir='ltr' id='par_1_45' title="bbox 1955 1279 3544 1334">
     <span class='ocr_line' id='line_1_45' title="bbox 1955 1279 3544 1334; baseline -0.001 -1"><span class='ocrx_word' id='word_1_297' title='bbox 1955 1280 2166 1333; x_wconf 87' lang='lat' dir='ltr'><strong>consilii</strong></span> <span class='ocrx_word' id='word_1_298' title='bbox 2198 1291 2252 1334; x_wconf 87' lang='lat' dir='ltr'><strong>et</strong></span> <span class='ocrx_word' id='word_1_299' title='bbox 2291 1279 2557 1333; x_wconf 84' lang='lat' dir='ltr'><strong>bonarum</strong></span> <span class='ocrx_word' id='word_1_300' title='bbox 2591 1279 2797 1332; x_wconf 86' lang='lat' dir='ltr'><strong>arcium</strong></span> <span class='ocrx_word' id='word_1_301' title='bbox 2847 1280 3040 1332; x_wconf 87' lang='lat' dir='ltr'><strong>studiis</strong></span> <span class='ocrx_word' id='word_1_302' title='bbox 3069 1279 3390 1334; x_wconf 82' lang='lat' dir='ltr'><strong>informatus</strong></span> <span class='ocrx_word' id='word_1_303' title='bbox 3417 1282 3466 1334; x_wconf 84' lang='lat' dir='ltr'><strong>vi</strong></span> <span class='ocrx_word' id='word_1_304' title='bbox 3497 1297 3544 1333; x_wconf 67' lang='grc' dir='ltr'><strong>πε</strong></span> 
     </span>
    </p>
   </div>
   <div class='ocr_carea' id='block_1_46' title="bbox 1953 1369 3542 1440">
    <p class='ocr_par' dir='ltr' id='par_1_46' title="bbox 1953 1369 3542 1440">
     <span class='ocr_line' id='line_1_46' title="bbox 1953 1369 3542 1440; baseline 0 -15"><span class='ocrx_word' id='word_1_305' title='bbox 1953 1379 2009 1425; x_wconf 89' lang='lat' dir='ltr'><strong>et</strong></span> <span class='ocrx_word' id='word_1_306' title='bbox 2050 1370 2373 1424; x_wconf 88' lang='lat' dir='ltr'><strong>moralitatis</strong></span> <span class='ocrx_word' id='word_1_307' title='bbox 2418 1385 2529 1424; x_wconf 84' lang='lat' dir='ltr'><strong>sua:</strong></span> <span class='ocrx_word' id='word_1_308' title='bbox 2577 1369 2878 1422; x_wconf 70' lang='lat' dir='ltr'><strong>imitatores</strong></span> <span class='ocrx_word' id='word_1_309' title='bbox 2928 1369 3176 1438; x_wconf 87' lang='lat' dir='ltr'><strong>reliquit,</strong></span> <span class='ocrx_word' id='word_1_310' title='bbox 3207 1371 3297 1440; x_wconf 90' lang='lat' dir='ltr'><strong>qui</strong></span> <span class='ocrx_word' id='word_1_311' title='bbox 3329 1371 3542 1439; x_wconf 69' lang='lat' dir='ltr'><strong>quasm</strong></span> 
     </span>
    </p>
   </div>
   <div class='ocr_carea' id='block_1_47' title="bbox 1953 1460 3542 1532">
    <p class='ocr_par' dir='ltr' id='par_1_47' title="bbox 1953 1460 3542 1532">
     <span class='ocr_line' id='line_1_47' title="bbox 1953 1460 3542 1532; baseline 0.001 -18"><span class='ocrx_word' id='word_1_312' title='bbox 1953 1465 2140 1517; x_wconf 82' lang='lat' dir='ltr'><strong>videre</strong></span> <span class='ocrx_word' id='word_1_313' title='bbox 2187 1464 2384 1516; x_wconf 90' lang='lat' dir='ltr'><strong>noticia</strong></span> <span class='ocrx_word' id='word_1_314' title='bbox 2434 1460 2823 1531; x_wconf 80' lang='lat' dir='ltr'><strong>discipulorum</strong></span> <span class='ocrx_word' id='word_1_315' title='bbox 2875 1461 2940 1514; x_wconf 91' lang='lat' dir='ltr'><strong>de</strong></span> <span class='ocrx_word' id='word_1_316' title='bbox 2989 1462 3232 1532; x_wconf 76' lang='lat' dir='ltr'><strong>magistri</strong></span> <span class='ocrx_word' id='word_1_317' title='bbox 3273 1463 3542 1532; x_wconf 83' lang='lat' dir='ltr'><strong>elegantia</strong></span> 
     </span>
    </p>
   </div>
   <div class='ocr_carea' id='block_1_48' title="bbox 1955 1551 2761 1620">
    <p class='ocr_par' dir='ltr' id='par_1_48' title="bbox 1955 1551 2761 1620">
     <span class='ocr_line' id='line_1_48' title="bbox 1955 1551 2761 1620; baseline 0 -15"><span class='ocrx_word' id='word_1_318' title='bbox 1955 1566 2297 1620; x_wconf 77' lang='lat' dir='ltr'><strong>nequaquam</strong></span> <span class='ocrx_word' id='word_1_319' title='bbox 2334 1551 2464 1604; x_wconf 88' lang='lat' dir='ltr'><strong>sinit</strong></span> <span class='ocrx_word' id='word_1_320' title='bbox 2489 1551 2761 1606; x_wconf 87' lang='lat' dir='ltr'><strong>dubitare.</strong></span> 
     </span>
    </p>
   </div>
   <div class='ocr_carea' id='block_1_49' title="bbox 2027 1642 3532 1711">
    <p class='ocr_par' dir='ltr' id='par_1_49' title="bbox 2027 1642 3532 1711">
     <span class='ocr_line' id='line_1_49' title="bbox 2027 1642 3532 1711; baseline 0 -15"><span class='ocrx_word' id='word_1_321' title='bbox 2027 1643 2116 1696; x_wconf 78' lang='lat'><strong>30.</strong></span> <span class='ocrx_word' id='word_1_322' title='bbox 2157 1643 2308 1708; x_wconf 88' lang='lat' dir='ltr'><strong>Quod</strong></span> <span class='ocrx_word' id='word_1_323' title='bbox 2331 1644 2470 1695; x_wconf 78' lang='lat' dir='ltr'><strong>utilis</strong></span> <span class='ocrx_word' id='word_1_324' title='bbox 2497 1642 2652 1710; x_wconf 75' lang='lat' dir='ltr'><strong>fuerit</strong></span> <span class='ocrx_word' id='word_1_325' title='bbox 2675 1642 2980 1704; x_wconf 73' lang='lat' dir='ltr'><strong>humilibus,</strong></span> <span class='ocrx_word' id='word_1_326' title='bbox 3005 1643 3250 1697; x_wconf 72' lang='lat' dir='ltr'><strong>terribilis</strong></span> <span class='ocrx_word' id='word_1_327' title='bbox 3276 1645 3532 1711; x_wconf 69' lang='lat' dir='ltr'><strong>superbis.</strong></span> 
     </span>
    </p>
   </div>
   <div class='ocr_carea' id='block_1_50' title="bbox 2029 1734 3533 1804">
    <p class='ocr_par' dir='ltr' id='par_1_50' title="bbox 2029 1734 3533 1804">
     <span class='ocr_line' id='line_1_50' title="bbox 2029 1734 3533 1804; baseline -0.001 -15"><span class='ocrx_word' id='word_1_328' title='bbox 2029 1736 2158 1789; x_wconf 85' lang='lat' dir='ltr'><strong>Erat</strong></span> <span class='ocrx_word' id='word_1_329' title='bbox 2202 1735 2344 1788; x_wconf 86' lang='lat' dir='ltr'><strong>enim</strong></span> <span class='ocrx_word' id='word_1_330' title='bbox 2398 1734 2724 1804; x_wconf 88' lang='lat' dir='ltr'><strong>pauperibus</strong></span> <span class='ocrx_word' id='word_1_331' title='bbox 2754 1736 2935 1797; x_wconf 87' lang='lat' dir='ltr'><strong>mitis,</strong></span> <span class='ocrx_word' id='word_1_332' title='bbox 2969 1736 3238 1804; x_wconf 82' lang='lat' dir='ltr'><strong>superbis,</strong></span> <span class='ocrx_word' id='word_1_333' title='bbox 3275 1735 3533 1789; x_wconf 86' lang='lat' dir='ltr'><strong>divitibus</strong></span> 
     </span>
    </p>
   </div>
   <div class='ocr_carea' id='block_1_51' title="bbox 1958 1826 3546 1896">
    <p class='ocr_par' dir='ltr' id='par_1_51' title="bbox 1958 1826 3546 1896">
     <span class='ocr_line' id='line_1_51' title="bbox 1958 1826 3546 1896; baseline -0.001 -15"><span class='ocrx_word' id='word_1_334' title='bbox 1958 1827 2235 1884; x_wconf 85' lang='lat' dir='ltr'><strong>terribilis.</strong></span> <span class='ocrx_word' id='word_1_335' title='bbox 2269 1827 2426 1881; x_wconf 82' lang='lat' dir='ltr'><strong>bouis</strong></span> <span class='ocrx_word' id='word_1_336' title='bbox 2453 1826 2755 1895; x_wconf 78' lang='lat' dir='ltr'><strong>quibusque</strong></span> <span class='ocrx_word' id='word_1_337' title='bbox 2783 1837 3114 1888; x_wconf 87' lang='lat' dir='ltr'><strong>mansuetus,</strong></span> <span class='ocrx_word' id='word_1_338' title='bbox 3163 1827 3361 1896; x_wconf 90' lang='lat' dir='ltr'><strong>iniquis</strong></span> <span class='ocrx_word' id='word_1_339' title='bbox 3381 1838 3432 1881; x_wconf 91' lang='lat' dir='ltr'><strong>et</strong></span> <span class='ocrx_word' id='word_1_340' title='bbox 3462 1827 3484 1880; x_wconf 95' lang='lat' dir='ltr'><strong>f</strong></span> <span class='ocrx_word' id='word_1_341' title='bbox 3519 1859 3546 1870; x_wconf 73' lang='grc'><strong>«-</strong></span> 
     </span>
    </p>
   </div>
   <div class='ocr_carea' id='block_1_52' title="bbox 1957 1918 3544 1987">
    <p class='ocr_par' dir='ltr' id='par_1_52' title="bbox 1957 1918 3544 1987">
     <span class='ocr_line' id='line_1_52' title="bbox 1957 1918 3544 1987; baseline -0.004 -13"><span class='ocrx_word' id='word_1_342' title='bbox 1957 1919 2143 1974; x_wconf 87' lang='lat' dir='ltr'><strong>ctiosis</strong></span> <span class='ocrx_word' id='word_1_343' title='bbox 2174 1918 2482 1973; x_wconf 86' lang='lat' dir='ltr'><strong>hominibus</strong></span> <span class='ocrx_word' id='word_1_344' title='bbox 2510 1919 3171 1987; x_wconf 81' lang='lat' dir='ltr'><strong>metuendus,&#39;potentibus</strong></span> <span class='ocrx_word' id='word_1_345' title='bbox 3196 1920 3544 1984; x_wconf 78' lang='lat' dir='ltr'><strong>venerabilis,</strong></span> 
     </span>
    </p>
   </div>
   <div class='ocr_carea' id='block_1_53' title="bbox 1959 2010 3547 2080">
    <p class='ocr_par' dir='ltr' id='par_1_53' title="bbox 1959 2010 3547 2080">
     <span class='ocr_line' id='line_1_53' title="bbox 1959 2010 3547 2080; baseline 0 -16"><span class='ocrx_word' id='word_1_346' title='bbox 1959 2011 2320 2065; x_wconf 89' lang='lat' dir='ltr'><strong>mediocribus</strong></span> <span class='ocrx_word' id='word_1_347' title='bbox 2374 2011 2644 2074; x_wconf 88' lang='lat' dir='ltr'><strong>amabilis,</strong></span> <span class='ocrx_word' id='word_1_348' title='bbox 2687 2010 3022 2065; x_wconf 85' lang='lat' dir='ltr'><strong>admirabilis</strong></span> <span class='ocrx_word' id='word_1_349' title='bbox 3062 2011 3420 2080; x_wconf 86' lang='lat' dir='ltr'><strong>sapientibus,</strong></span> <span class='ocrx_word' id='word_1_350' title='bbox 3465 2013 3547 2064; x_wconf 86' lang='lat' dir='ltr'><strong>in-</strong></span> 
     </span>
    </p>
   </div>
   <div class='ocr_carea' id='block_1_54' title="bbox 1956 2102 3544 2174">
    <p class='ocr_par' dir='ltr' id='par_1_54' title="bbox 1956 2102 3544 2174">
     <span class='ocr_line' id='line_1_54' title="bbox 1956 2102 3544 2174; baseline 0.001 -19"><span class='ocrx_word' id='word_1_351' title='bbox 1956 2103 2129 2156; x_wconf 86' lang='lat' dir='ltr'><strong>doctis</strong></span> <span class='ocrx_word' id='word_1_352' title='bbox 2143 2104 2383 2157; x_wconf 86' lang='lat' dir='ltr'><strong>eruditor</strong></span> <span class='ocrx_word' id='word_1_353' title='bbox 2399 2102 2872 2166; x_wconf 87' lang='lat' dir='ltr'><strong>clementissimus,</strong></span> <span class='ocrx_word' id='word_1_354' title='bbox 2897 2119 3085 2158; x_wconf 90' lang='lat' dir='ltr'><strong>senum</strong></span> <span class='ocrx_word' id='word_1_355' title='bbox 3103 2112 3266 2174; x_wconf 86' lang='lat' dir='ltr'><strong>atque</strong></span> <span class='ocrx_word' id='word_1_356' title='bbox 3285 2103 3544 2157; x_wconf 86' lang='lat' dir='ltr'><strong>debilium</strong></span> 
     </span>
    </p>
   </div>
   <div class='ocr_carea' id='block_1_55' title="bbox 1957 2195 3546 2270">
    <p class='ocr_par' dir='ltr' id='par_1_55' title="bbox 1957 2195 3546 2270">
     <span class='ocr_line' id='line_1_55' title="bbox 1957 2195 3546 2270; baseline -0.001 -21"><span class='ocrx_word' id='word_1_357' title='bbox 1957 2195 2210 2252; x_wconf 87' lang='lat' dir='ltr'><strong>baculus.</strong></span> <span class='ocrx_word' id='word_1_358' title='bbox 2232 2195 2492 2263; x_wconf 66' lang='lat' dir='ltr'><strong>juvenum</strong></span> <span class='ocrx_word' id='word_1_359' title='bbox 2515 2206 2570 2248; x_wconf 89' lang='lat' dir='ltr'><strong>et</strong></span> <span class='ocrx_word' id='word_1_360' title='bbox 2594 2195 3018 2270; x_wconf 65' lang='lat' dir='ltr'><strong>adolescentitun</strong></span> <span class='ocrx_word' id='word_1_361' title='bbox 3042 2205 3320 2250; x_wconf 89' lang='lat' dir='ltr'><strong>corrector</strong></span> <span class='ocrx_word' id='word_1_362' title='bbox 3342 2197 3546 2250; x_wconf 53' lang='lat' dir='ltr'><strong>sun-fio-</strong></span> 
     </span>
    </p>
   </div>
   <div class='ocr_carea' id='block_1_56' title="bbox 1958 2287 3544 2358">
    <p class='ocr_par' dir='ltr' id='par_1_56' title="bbox 1958 2287 3544 2358">
     <span class='ocr_line' id='line_1_56' title="bbox 1958 2287 3544 2358; baseline 0.001 -18"><span class='ocrx_word' id='word_1_363' title='bbox 1958 2302 2070 2349; x_wconf 90' lang='lat' dir='ltr'><strong>sus,</strong></span> <span class='ocrx_word' id='word_1_364' title='bbox 2107 2287 2364 2354; x_wconf 88' lang='lat' dir='ltr'><strong>providus</strong></span> <span class='ocrx_word' id='word_1_365' title='bbox 2413 2287 2464 2339; x_wconf 91' lang='lat' dir='ltr'><strong>in</strong></span> <span class='ocrx_word' id='word_1_366' title='bbox 2502 2287 2752 2351; x_wconf 85' lang='lat' dir='ltr'><strong>consilio,</strong></span> <span class='ocrx_word' id='word_1_367' title='bbox 2804 2287 3231 2358; x_wconf 84' lang='lat' dir='ltr'><strong>circumspectus</strong></span> <span class='ocrx_word' id='word_1_368' title='bbox 3282 2289 3332 2342; x_wconf 85' lang='lat' dir='ltr'><strong>iu</strong></span> <span class='ocrx_word' id='word_1_369' title='bbox 3383 2288 3544 2348; x_wconf 89' lang='lat' dir='ltr'><strong>facto.</strong></span> 
     </span>
    </p>
   </div>
   <div class='ocr_carea' id='block_1_57' title="bbox 1957 2379 3542 2450">
    <p class='ocr_par' dir='ltr' id='par_1_57' title="bbox 1957 2379 3542 2450">
     <span class='ocr_line' id='line_1_57' title="bbox 1957 2379 3542 2450; baseline 0.001 -16"><span class='ocrx_word' id='word_1_370' title='bbox 1957 2379 2135 2434; x_wconf 83' lang='lat' dir='ltr'><strong>clarus</strong></span> <span class='ocrx_word' id='word_1_371' title='bbox 2165 2380 2216 2434; x_wconf 91' lang='lat' dir='ltr'><strong>in</strong></span> <span class='ocrx_word' id='word_1_372' title='bbox 2244 2379 2479 2448; x_wconf 89' lang='lat' dir='ltr'><strong>eloquio,</strong></span> <span class='ocrx_word' id='word_1_373' title='bbox 2504 2379 2772 2434; x_wconf 84' lang='lat' dir='ltr'><strong>discretus</strong></span> <span class='ocrx_word' id='word_1_374' title='bbox 2800 2380 2852 2434; x_wconf 92' lang='lat' dir='ltr'><strong>in</strong></span> <span class='ocrx_word' id='word_1_375' title='bbox 2883 2379 3120 2446; x_wconf 89' lang='lat' dir='ltr'><strong>silentio;</strong></span> <span class='ocrx_word' id='word_1_376' title='bbox 3157 2397 3319 2450; x_wconf 89' lang='lat' dir='ltr'><strong>quem</strong></span> <span class='ocrx_word' id='word_1_377' title='bbox 3343 2384 3542 2436; x_wconf 89' lang='lat' dir='ltr'><strong>summi</strong></span> 
     </span>
    </p>
   </div>
   <div class='ocr_carea' id='block_1_58' title="bbox 1956 2456 3544 2542">
    <p class='ocr_par' dir='ltr' id='par_1_58' title="bbox 1956 2456 3544 2542">
     <span class='ocr_line' id='line_1_58' title="bbox 1956 2456 3544 2542; baseline 0.003 -20"><span class='ocrx_word' id='word_1_378' title='bbox 1956 2485 2230 2539; x_wconf 87' lang='lat' dir='ltr'><strong>proceres,</strong></span> <span class='ocrx_word' id='word_1_379' title='bbox 2264 2471 2512 2534; x_wconf 85' lang='lat' dir='ltr'><strong>antistes,</strong></span> <span class='ocrx_word' id='word_1_380' title='bbox 2541 2456 2682 2534; x_wconf 75' lang='lat' dir='ltr'><strong>dico,</strong></span> <span class='ocrx_word' id='word_1_381' title='bbox 2733 2471 2993 2524; x_wconf 61' lang='lat' dir='ltr'><strong>Romanis:</strong></span> <span class='ocrx_word' id='word_1_382' title='bbox 3029 2471 3199 2536; x_wconf 88' lang='lat' dir='ltr'><strong>urbis,</strong></span> <span class='ocrx_word' id='word_1_383' title='bbox 3230 2473 3544 2542; x_wconf 88' lang='lat' dir='ltr'><strong>pariterque</strong></span> 
     </span>
    </p>
   </div>
   <div class='ocr_carea' id='block_1_59' title="bbox 1961 2561 3541 2630">
    <p class='ocr_par' dir='ltr' id='par_1_59' title="bbox 1961 2561 3541 2630">
     <span class='ocr_line' id='line_1_59' title="bbox 1961 2561 3541 2630; baseline 0.001 -16"><span class='ocrx_word' id='word_1_384' title='bbox 1961 2561 2276 2630; x_wconf 79' lang='lat' dir='ltr'><strong>imperator,</strong></span> <span class='ocrx_word' id='word_1_385' title='bbox 2303 2569 2450 2613; x_wconf 88' lang='lat' dir='ltr'><strong>tanto</strong></span> <span class='ocrx_word' id='word_1_386' title='bbox 2473 2561 2674 2614; x_wconf 90' lang='lat' dir='ltr'><strong>honore</strong></span> <span class='ocrx_word' id='word_1_387' title='bbox 2694 2561 2963 2614; x_wconf 80' lang='lat' dir='ltr'><strong>duxerunt</strong></span> <span class='ocrx_word' id='word_1_388' title='bbox 2985 2561 3053 2592; x_wconf 74' lang='grc'><strong>³⁸³</strong></span> <span class='ocrx_word' id='word_1_389' title='bbox 3081 2571 3142 2615; x_wconf 81' lang='grc' dir='ltr'><strong>ιιι</strong></span> <span class='ocrx_word' id='word_1_390' title='bbox 3167 2561 3306 2616; x_wconf 85' lang='lat' dir='ltr'><strong>alter</strong></span> <span class='ocrx_word' id='word_1_391' title='bbox 3331 2577 3541 2627; x_wconf 86' lang='lat' dir='ltr'><strong>eorum,</strong></span> 
     </span>
    </p>
   </div>
   <div class='ocr_carea' id='block_1_60' title="bbox 1957 2650 3528 2720">
    <p class='ocr_par' dir='ltr' id='par_1_60' title="bbox 1957 2650 3528 2720">
     <span class='ocr_line' id='line_1_60' title="bbox 1957 2650 3528 2720; baseline 0.001 -16"><span class='ocrx_word' id='word_1_392' title='bbox 1957 2665 2098 2720; x_wconf 87' lang='lat' dir='ltr'><strong>papa</strong></span> <span class='ocrx_word' id='word_1_393' title='bbox 2132 2651 2404 2716; x_wconf 81' lang='lat' dir='ltr'><strong>videlicet,</strong></span> <span class='ocrx_word' id='word_1_394' title='bbox 2435 2650 2484 2703; x_wconf 90' lang='lat' dir='ltr'><strong>in</strong></span> <span class='ocrx_word' id='word_1_395' title='bbox 2526 2651 3008 2718; x_wconf 86' lang='lat' dir='ltr'><strong>dicceptationibus</strong></span> <span class='ocrx_word' id='word_1_396' title='bbox 3033 2651 3322 2719; x_wconf 67' lang='lat' dir='ltr'><strong>prtesulnm</strong></span> <span class='ocrx_word' id='word_1_397' title='bbox 3354 2651 3528 2705; x_wconf 88' lang='lat' dir='ltr'><strong>Cisal-</strong></span> 
     </span>
    </p>
   </div>
   <div class='ocr_carea' id='block_1_61' title="bbox 1955 2741 3527 2814">
    <p class='ocr_par' dir='ltr' id='par_1_61' title="bbox 1955 2741 3527 2814">
     <span class='ocr_line' id='line_1_61' title="bbox 1955 2741 3527 2814; baseline 0.002 -19"><span class='ocrx_word' id='word_1_398' title='bbox 1955 2742 2203 2810; x_wconf 89' lang='lat' dir='ltr'><strong>pinorum</strong></span> <span class='ocrx_word' id='word_1_399' title='bbox 2226 2742 2449 2796; x_wconf 87' lang='lat' dir='ltr'><strong>viccsua</strong></span> <span class='ocrx_word' id='word_1_400' title='bbox 2473 2750 2810 2810; x_wconf 84' lang='lat' dir='ltr'><strong>sequestrum</strong></span> <span class='ocrx_word' id='word_1_401' title='bbox 2829 2741 3138 2814; x_wconf 67' lang='lat' dir='ltr'><strong>(462),sepe</strong></span> <span class='ocrx_word' id='word_1_402' title='bbox 3150 2745 3527 2813; x_wconf 80' lang='lat' dir='ltr'><strong>esse&#39;jusserit.</strong></span> 
     </span>
    </p>
   </div>
   <div class='ocr_carea' id='block_1_62' title="bbox 1959 2833 3558 2905">
    <p class='ocr_par' dir='ltr' id='par_1_62' title="bbox 1959 2833 3558 2905">
     <span class='ocr_line' id='line_1_62' title="bbox 1959 2833 3558 2905; baseline 0.001 -18"><span class='ocrx_word' id='word_1_403' title='bbox 1959 2833 2255 2904; x_wconf 81' lang='lat' dir='ltr'><strong>imperator</strong></span> <span class='ocrx_word' id='word_1_404' title='bbox 2274 2847 2405 2886; x_wconf 86' lang='lat' dir='ltr'><strong>vero</strong></span> <span class='ocrx_word' id='word_1_405' title='bbox 2433 2833 2485 2885; x_wconf 91' lang='lat' dir='ltr'><strong>in</strong></span> <span class='ocrx_word' id='word_1_406' title='bbox 2507 2833 2858 2901; x_wconf 87' lang='lat' dir='ltr'><strong>disponendis</strong></span> <span class='ocrx_word' id='word_1_407' title='bbox 2884 2836 3031 2904; x_wconf 84' lang='lat' dir='ltr'><strong>regni</strong></span> <span class='ocrx_word' id='word_1_408' title='bbox 3061 2835 3289 2905; x_wconf 83' lang='lat' dir='ltr'><strong>negotiis</strong></span> <span class='ocrx_word' id='word_1_409' title='bbox 3310 2837 3558 2903; x_wconf 82' lang='lat' dir='ltr'><strong>primunf</strong></span> 
     </span>
    </p>
   </div>
   <div class='ocr_carea' id='block_1_63' title="bbox 1957 2920 3546 2990">
    <p class='ocr_par' dir='ltr' id='par_1_63' title="bbox 1957 2920 3546 2990">
     <span class='ocr_line' id='line_1_63' title="bbox 1957 2920 3546 2990; baseline 0.003 -14"><span class='ocrx_word' id='word_1_410' title='bbox 1957 2923 2226 2977; x_wconf 86' lang='lat' dir='ltr'><strong>habuerit.</strong></span> <span class='ocrx_word' id='word_1_411' title='bbox 2241 2920 2486 2976; x_wconf 77' lang='lat' dir='ltr'><strong>llictanti</strong></span> <span class='ocrx_word' id='word_1_412' title='bbox 2510 2923 3098 2990; x_wconf 79' lang='lat' dir='ltr'><strong>habitusextrinsecus,</strong></span> <span class='ocrx_word' id='word_1_413' title='bbox 3126 2925 3249 2980; x_wconf 87' lang='lat' dir='ltr'><strong>talis</strong></span> <span class='ocrx_word' id='word_1_414' title='bbox 3271 2937 3387 2980; x_wconf 87' lang='lat' dir='ltr'><strong>erat</strong></span> <span class='ocrx_word' id='word_1_415' title='bbox 3408 2927 3546 2981; x_wconf 82' lang='lat' dir='ltr'><strong>inte-</strong></span> 
     </span>
    </p>
   </div>
   <div class='ocr_carea' id='block_1_64' title="bbox 269 3014 1873 3096">
    <p class='ocr_par' dir='ltr' id='par_1_64' title="bbox 269 3022 1853 3096">
     <span class='ocr_line' id='line_1_64' title="bbox 269 3022 1853 3096; baseline 0.006 -22"><span class='ocrx_word' id='word_1_416' title='bbox 269 3022 494 3076; x_wconf 87' lang='lat' dir='ltr'><strong>tandem</strong></span> <span class='ocrx_word' id='word_1_417' title='bbox 540 3025 799 3079; x_wconf 88' lang='lat' dir='ltr'><strong>canonica</strong></span> <span class='ocrx_word' id='word_1_418' title='bbox 855 3026 1180 3096; x_wconf 81' lang='lat' dir='ltr'><strong>episcopalis</strong></span> <span class='ocrx_word' id='word_1_419' title='bbox 1213 3030 1500 3084; x_wconf 71' lang='lat' dir='ltr'><strong>sententia:</strong></span> <span class='ocrx_word' id='word_1_420' title='bbox 1530 3030 1853 3084; x_wconf 78' lang='lat' dir='ltr'><strong>executiene</strong></span> 
     </span>
    </p>
   </div>
   <div class='ocr_carea' id='block_1_65' title="bbox 1954 3014 3547 3096">
    <p class='ocr_par' dir='ltr' id='par_1_65' title="bbox 1956 3014 3547 3084">
     <span class='ocr_line' id='line_1_65' title="bbox 1956 3014 3547 3084; baseline 0.003 -16"><span class='ocrx_word' id='word_1_421' title='bbox 1956 3015 2092 3079; x_wconf 79' lang='lat' dir='ltr'><strong>rius,</strong></span> <span class='ocrx_word' id='word_1_422' title='bbox 2117 3015 2207 3084; x_wconf 87' lang='lat' dir='ltr'><strong>qni</strong></span> <span class='ocrx_word' id='word_1_423' title='bbox 2226 3031 2517 3084; x_wconf 86' lang='lat' dir='ltr'><strong>numquam</strong></span> <span class='ocrx_word' id='word_1_424' title='bbox 2535 3030 2631 3069; x_wconf 91' lang='lat' dir='ltr'><strong>nec</strong></span> <span class='ocrx_word' id='word_1_425' title='bbox 2649 3014 2859 3069; x_wconf 77' lang='lat' dir='ltr'><strong>insem</strong></span> <span class='ocrx_word' id='word_1_426' title='bbox 2885 3017 3050 3071; x_wconf 91' lang='lat' dir='ltr'><strong>neciu</strong></span> <span class='ocrx_word' id='word_1_427' title='bbox 3076 3017 3197 3071; x_wconf 89' lang='lat' dir='ltr'><strong>aliis</strong></span> <span class='ocrx_word' id='word_1_428' title='bbox 3226 3016 3547 3072; x_wconf 86' lang='lat' dir='ltr'><strong>familiarius</strong></span> 
     </span>
    </p>
   </div>
   <div class='ocr_carea' id='block_1_66' title="bbox 265 3112 1852 3187">
    <p class='ocr_par' dir='ltr' id='par_1_66' title="bbox 265 3112 1852 3187">
     <span class='ocr_line' id='line_1_66' title="bbox 265 3112 1852 3187; baseline 0.006 -23"><span class='ocrx_word' id='word_1_429' title='bbox 265 3112 589 3183; x_wconf 83' lang='lat' dir='ltr'><strong>compulsus</strong></span> <span class='ocrx_word' id='word_1_430' title='bbox 637 3124 720 3167; x_wconf 86' lang='lat' dir='ltr'><strong>est</strong></span> <span class='ocrx_word' id='word_1_431' title='bbox 770 3115 977 3180; x_wconf 90' lang='lat' dir='ltr'><strong>redire;</strong></span> <span class='ocrx_word' id='word_1_432' title='bbox 1029 3117 1410 3187; x_wconf 84' lang='lat' dir='ltr'><strong>digressusque</strong></span> <span class='ocrx_word' id='word_1_433' title='bbox 1457 3118 1610 3181; x_wconf 87' lang='lat' dir='ltr'><strong>inde,</strong></span> <span class='ocrx_word' id='word_1_434' title='bbox 1661 3133 1852 3186; x_wconf 86' lang='lat' dir='ltr'><strong>prose-</strong></span> 
     </span>
    </p>
   </div>
   <div class='ocr_carea' id='block_1_67' title="bbox 267 3205 1853 3273">
    <p class='ocr_par' dir='ltr' id='par_1_67' title="bbox 267 3205 1853 3273">
     <span class='ocr_line' id='line_1_67' title="bbox 267 3205 1853 3273; baseline 0.005 -17"><span class='ocrx_word' id='word_1_435' title='bbox 267 3205 568 3273; x_wconf 90' lang='lat' dir='ltr'><strong>quentibus</strong></span> <span class='ocrx_word' id='word_1_436' title='bbox 595 3219 716 3259; x_wconf 90' lang='lat' dir='ltr'><strong>eum</strong></span> <span class='ocrx_word' id='word_1_437' title='bbox 749 3221 871 3260; x_wconf 90' lang='lat' dir='ltr'><strong>cum</strong></span> <span class='ocrx_word' id='word_1_438' title='bbox 923 3207 1090 3261; x_wconf 90' lang='lat' dir='ltr'><strong>multo</strong></span> <span class='ocrx_word' id='word_1_439' title='bbox 1121 3208 1244 3262; x_wconf 83' lang='lat' dir='ltr'><strong>ilctn</strong></span> <span class='ocrx_word' id='word_1_440' title='bbox 1275 3209 1464 3262; x_wconf 80' lang='lat' dir='ltr'><strong>amicis</strong></span> <span class='ocrx_word' id='word_1_441' title='bbox 1495 3210 1544 3262; x_wconf 91' lang='lat' dir='ltr'><strong>in</strong></span> <span class='ocrx_word' id='word_1_442' title='bbox 1578 3210 1723 3264; x_wconf 82' lang='lat' dir='ltr'><strong>brevi</strong></span> <span class='ocrx_word' id='word_1_443' title='bbox 1751 3210 1853 3267; x_wconf 83' lang='lat' dir='ltr'><strong>sibi</strong></span> 
     </span>
    </p>
   </div>
   <div class='ocr_carea' id='block_1_68' title="bbox 267 3295 1852 3358">
    <p class='ocr_par' dir='ltr' id='par_1_68' title="bbox 267 3295 1852 3358">
     <span class='ocr_line' id='line_1_68' title="bbox 267 3295 1852 3358; baseline 0.004 -11"><span class='ocrx_word' id='word_1_444' title='bbox 267 3295 614 3358; x_wconf 74' lang='lat' dir='ltr'><strong>eunt-iliatis,</strong></span> <span class='ocrx_word' id='word_1_445' title='bbox 641 3297 887 3350; x_wconf 45' lang='lat' dir='ltr'><strong>studiii‘&quot;</strong></span> <span class='ocrx_word' id='word_1_446' title='bbox 915 3307 970 3350; x_wconf 89' lang='lat' dir='ltr'><strong>et</strong></span> <span class='ocrx_word' id='word_1_447' title='bbox 1001 3300 1326 3352; x_wconf 89' lang='lat' dir='ltr'><strong>moralitatis</strong></span> <span class='ocrx_word' id='word_1_448' title='bbox 1365 3300 1619 3353; x_wconf 83' lang='lat' dir='ltr'><strong>nonnulla</strong></span> <span class='ocrx_word' id='word_1_449' title='bbox 1654 3301 1852 3354; x_wconf 89' lang='lat' dir='ltr'><strong>ibidem</strong></span> 
     </span>
    </p>
   </div>
   <div class='ocr_carea' id='block_1_69' title="bbox 269 3386 1856 3461">
    <p class='ocr_par' dir='ltr' id='par_1_69' title="bbox 269 3386 1856 3461">
     <span class='ocr_line' id='line_1_69' title="bbox 269 3386 1856 3461; baseline 0.004 -22"><span class='ocrx_word' id='word_1_450' title='bbox 269 3386 495 3454; x_wconf 88' lang='lat' dir='ltr'><strong>reliquit</strong></span> <span class='ocrx_word' id='word_1_451' title='bbox 545 3387 793 3457; x_wconf 86' lang='lat' dir='ltr'><strong>vestigia.</strong></span> <span class='ocrx_word' id='word_1_452' title='bbox 845 3389 1084 3459; x_wconf 88' lang='lat' dir='ltr'><strong>Contigit</strong></span> <span class='ocrx_word' id='word_1_453' title='bbox 1127 3398 1306 3444; x_wconf 90' lang='lat' dir='ltr'><strong>autem</strong></span> <span class='ocrx_word' id='word_1_454' title='bbox 1363 3407 1468 3444; x_wconf 82' lang='lat' dir='ltr'><strong>noti</strong></span> <span class='ocrx_word' id='word_1_455' title='bbox 1523 3391 1689 3445; x_wconf 92' lang='lat' dir='ltr'><strong>multo</strong></span> <span class='ocrx_word' id='word_1_456' title='bbox 1732 3401 1856 3461; x_wconf 84' lang='lat' dir='ltr'><strong>post</strong></span> 
     </span>
    </p>
   </div>
   <div class='ocr_carea' id='block_1_70' title="bbox 269 3477 1856 3550">
    <p class='ocr_par' dir='ltr' id='par_1_70' title="bbox 269 3477 1856 3550">
     <span class='ocr_line' id='line_1_70' title="bbox 269 3477 1856 3550; baseline 0.004 -18"><span class='ocrx_word' id='word_1_457' title='bbox 269 3477 572 3532; x_wconf 78' lang='lat' dir='ltr'><strong>Notkernm</strong></span> <span class='ocrx_word' id='word_1_458' title='bbox 601 3480 944 3550; x_wconf 88' lang='lat' dir='ltr'><strong>episcopum,</strong></span> <span class='ocrx_word' id='word_1_459' title='bbox 975 3493 1033 3534; x_wconf 92' lang='lat' dir='ltr'><strong>ut</strong></span> <span class='ocrx_word' id='word_1_460' title='bbox 1066 3483 1381 3536; x_wconf 82' lang='lat' dir='ltr'><strong>conciliare:</strong></span> <span class='ocrx_word' id='word_1_461' title='bbox 1412 3485 1690 3540; x_wconf 87' lang='lat' dir='ltr'><strong>amicicias</strong></span> <span class='ocrx_word' id='word_1_462' title='bbox 1715 3486 1856 3538; x_wconf 91' lang='lat' dir='ltr'><strong>inter</strong></span> 
     </span>
    </p>
   </div>
   <div class='ocr_carea' id='block_1_71' title="bbox 249 3570 1857 3646">
    <p class='ocr_par' dir='ltr' id='par_1_71' title="bbox 249 3570 1857 3646">
     <span class='ocr_line' id='line_1_71' title="bbox 249 3570 1857 3646; baseline 0.006 -23"><span class='ocrx_word' id='word_1_463' title='bbox 249 3570 610 3641; x_wconf 65' lang='lat' dir='ltr'><strong>‘lttmpertum</strong></span> <span class='ocrx_word' id='word_1_464' title='bbox 657 3573 987 3627; x_wconf 87' lang='lat' dir='ltr'><strong>Francorum</strong></span> <span class='ocrx_word' id='word_1_465' title='bbox 1025 3590 1200 3645; x_wconf 87' lang='lat' dir='ltr'><strong>regem</strong></span> <span class='ocrx_word' id='word_1_466' title='bbox 1243 3586 1296 3630; x_wconf 91' lang='lat' dir='ltr'><strong>ct</strong></span> <span class='ocrx_word' id='word_1_467' title='bbox 1343 3576 1724 3646; x_wconf 89' lang='lat' dir='ltr'><strong>imperatorem</strong></span> <span class='ocrx_word' id='word_1_468' title='bbox 1757 3594 1857 3632; x_wconf 91' lang='lat' dir='ltr'><strong>no-</strong></span> 
     </span>
    </p>
   </div>
   <div class='ocr_carea' id='block_1_72' title="bbox 269 3661 1854 3737">
    <p class='ocr_par' dir='ltr' id='par_1_72' title="bbox 269 3661 1854 3737">
     <span class='ocr_line' id='line_1_72' title="bbox 269 3661 1854 3737; baseline 0.003 -21"><span class='ocrx_word' id='word_1_469' title='bbox 269 3672 449 3716; x_wconf 88' lang='lat' dir='ltr'><strong>strum</strong></span> <span class='ocrx_word' id='word_1_470' title='bbox 500 3661 811 3716; x_wconf 86' lang='lat' dir='ltr'><strong>Heinricum</strong></span> <span class='ocrx_word' id='word_1_471' title='bbox 856 3663 1098 3718; x_wconf 85' lang='lat' dir='ltr'><strong>Parisins</strong></span> <span class='ocrx_word' id='word_1_472' title='bbox 1129 3667 1383 3722; x_wconf 88' lang='lat' dir='ltr'><strong>devenire</strong></span> <span class='ocrx_word' id='word_1_473' title='bbox 1416 3667 1594 3737; x_wconf 67' lang='grc'><strong>(461),</strong></span> <span class='ocrx_word' id='word_1_474' title='bbox 1645 3669 1854 3723; x_wconf 78' lang='lat' dir='ltr'><strong>cumm</strong></span> 
     </span>
    </p>
   </div>
   <div class='ocr_carea' id='block_1_73' title="bbox 268 3755 1851 3828">
    <p class='ocr_par' dir='ltr' id='par_1_73' title="bbox 268 3755 1851 3828">
     <span class='ocr_line' id='line_1_73' title="bbox 268 3755 1851 3828; baseline 0.004 -19"><span class='ocrx_word' id='word_1_475' title='bbox 268 3764 573 3809; x_wconf 83' lang='lat' dir='ltr'><strong>memorate</strong></span> <span class='ocrx_word' id='word_1_476' title='bbox 599 3756 770 3810; x_wconf 81' lang='lat' dir='ltr'><strong>beata:</strong></span> <span class='ocrx_word' id='word_1_477' title='bbox 793 3755 1087 3812; x_wconf 80' lang='lat' dir='ltr'><strong>Genovefee</strong></span> <span class='ocrx_word' id='word_1_478' title='bbox 1111 3759 1334 3828; x_wconf 89' lang='lat' dir='ltr'><strong>virginis</strong></span> <span class='ocrx_word' id='word_1_479' title='bbox 1360 3760 1604 3815; x_wconf 86' lang='lat' dir='ltr'><strong>canonici</strong></span> <span class='ocrx_word' id='word_1_480' title='bbox 1635 3762 1701 3815; x_wconf 88' lang='lat' dir='ltr'><strong>ad</strong></span> <span class='ocrx_word' id='word_1_481' title='bbox 1729 3778 1851 3816; x_wconf 89' lang='lat' dir='ltr'><strong>eum</strong></span> 
     </span>
    </p>
   </div>
   <div class='ocr_carea' id='block_1_74' title="bbox 269 3843 1855 3921">
    <p class='ocr_par' dir='ltr' id='par_1_74' title="bbox 269 3843 1855 3921">
     <span class='ocr_line' id='line_1_74' title="bbox 269 3843 1855 3921; baseline 0.006 -24"><span class='ocrx_word' id='word_1_482' title='bbox 269 3843 628 3898; x_wconf 86' lang='lat' dir='ltr'><strong>devotissime</strong></span> <span class='ocrx_word' id='word_1_483' title='bbox 674 3856 1098 3911; x_wconf 88' lang='lat' dir='ltr'><strong>concurrerunt,</strong></span> <span class='ocrx_word' id='word_1_484' title='bbox 1147 3849 1444 3905; x_wconf 86' lang='lat' dir='ltr'><strong>humillime</strong></span> <span class='ocrx_word' id='word_1_485' title='bbox 1509 3861 1753 3921; x_wconf 87' lang='lat' dir='ltr'><strong>petentes</strong></span> <span class='ocrx_word' id='word_1_486' title='bbox 1797 3863 1855 3908; x_wconf 89' lang='lat' dir='ltr'><strong>ut</strong></span> 
     </span>
    </p>
   </div>
   <div class='ocr_carea' id='block_1_75' title="bbox 269 3937 1855 4013">
    <p class='ocr_par' dir='ltr' id='par_1_75' title="bbox 269 3937 1855 4013">
     <span class='ocr_line' id='line_1_75' title="bbox 269 3937 1855 4013; baseline 0.005 -23"><span class='ocrx_word' id='word_1_487' title='bbox 269 3937 327 3990; x_wconf 89' lang='lat' dir='ltr'><strong>in</strong></span> <span class='ocrx_word' id='word_1_488' title='bbox 370 3951 514 3990; x_wconf 84' lang='lat' dir='ltr'><strong>anno</strong></span> <span class='ocrx_word' id='word_1_489' title='bbox 540 3952 636 4006; x_wconf 91' lang='lat' dir='ltr'><strong>per</strong></span> <span class='ocrx_word' id='word_1_490' title='bbox 661 3954 824 3992; x_wconf 91' lang='lat' dir='ltr'><strong>unum</strong></span> <span class='ocrx_word' id='word_1_491' title='bbox 873 3956 1110 3994; x_wconf 90' lang='lat' dir='ltr'><strong>mensem</strong></span> <span class='ocrx_word' id='word_1_492' title='bbox 1163 3942 1406 3996; x_wconf 85' lang='lat' dir='ltr'><strong>Iluhaldo</strong></span> <span class='ocrx_word' id='word_1_493' title='bbox 1438 3954 1565 4013; x_wconf 89' lang='lat' dir='ltr'><strong>aput</strong></span> <span class='ocrx_word' id='word_1_494' title='bbox 1601 3962 1696 4000; x_wconf 89' lang='lat' dir='ltr'><strong>eos</strong></span> <span class='ocrx_word' id='word_1_495' title='bbox 1743 3963 1855 4000; x_wconf 84' lang='lat' dir='ltr'><strong>ma-</strong></span> 
     </span>
    </p>
   </div>
   <div class='ocr_carea' id='block_1_76' title="bbox 270 4027 1854 4102">
    <p class='ocr_par' dir='ltr' id='par_1_76' title="bbox 270 4027 1854 4102">
     <span class='ocr_line' id='line_1_76' title="bbox 270 4027 1854 4102; baseline 0.008 -22"><span class='ocrx_word' id='word_1_496' title='bbox 270 4027 444 4080; x_wconf 87' lang='lat' dir='ltr'><strong>nendi</strong></span> <span class='ocrx_word' id='word_1_497' title='bbox 474 4029 622 4098; x_wconf 90' lang='lat' dir='ltr'><strong>c0pia</strong></span> <span class='ocrx_word' id='word_1_498' title='bbox 649 4029 888 4084; x_wconf 87' lang='lat' dir='ltr'><strong>daretur.</strong></span> <span class='ocrx_word' id='word_1_499' title='bbox 925 4031 1222 4102; x_wconf 76' lang='lat' dir='ltr'><strong>Episcopus</strong></span> <span class='ocrx_word' id='word_1_500' title='bbox 1253 4043 1434 4087; x_wconf 91' lang='lat' dir='ltr'><strong>autem</strong></span> <span class='ocrx_word' id='word_1_501' title='bbox 1479 4037 1672 4090; x_wconf 89' lang='lat' dir='ltr'><strong>bomun</strong></span> <span class='ocrx_word' id='word_1_502' title='bbox 1705 4038 1854 4092; x_wconf 89' lang='lat' dir='ltr'><strong>testi-</strong></span> 
     </span>
    </p>
   </div>
   <div class='ocr_carea' id='block_1_77' title="bbox 269 4119 1853 4196">
    <p class='ocr_par' dir='ltr' id='par_1_77' title="bbox 269 4119 1853 4196">
     <span class='ocr_line' id='line_1_77' title="bbox 269 4119 1853 4196; baseline 0.009 -24"><span class='ocrx_word' id='word_1_503' title='bbox 269 4119 521 4173; x_wconf 84' lang='lat' dir='ltr'><strong>monium</strong></span> <span class='ocrx_word' id='word_1_504' title='bbox 570 4123 636 4175; x_wconf 93' lang='lat' dir='ltr'><strong>de</strong></span> <span class='ocrx_word' id='word_1_505' title='bbox 681 4125 1092 4178; x_wconf 85' lang='lat' dir='ltr'><strong>conversatione</strong></span> <span class='ocrx_word' id='word_1_506' title='bbox 1134 4127 1381 4181; x_wconf 85' lang='lat' dir='ltr'><strong>c:mouici</strong></span> <span class='ocrx_word' id='word_1_507' title='bbox 1412 4131 1642 4196; x_wconf 86' lang='lat' dir='ltr'><strong>gratanti</strong></span> <span class='ocrx_word' id='word_1_508' title='bbox 1674 4133 1853 4186; x_wconf 91' lang='lat' dir='ltr'><strong>animo</strong></span> 
     </span>
    </p>
   </div>
   <div class='ocr_carea' id='block_1_78' title="bbox 269 4212 1853 4283">
    <p class='ocr_par' dir='ltr' id='par_1_78' title="bbox 269 4212 1853 4283">
     <span class='ocr_line' id='line_1_78' title="bbox 269 4212 1853 4283; baseline 0.006 -17"><span class='ocrx_word' id='word_1_509' title='bbox 269 4212 582 4281; x_wconf 84' lang='lat' dir='ltr'><strong>accipiens,</strong></span> <span class='ocrx_word' id='word_1_510' title='bbox 618 4213 722 4267; x_wconf 91' lang='lat' dir='ltr'><strong>illis</strong></span> <span class='ocrx_word' id='word_1_511' title='bbox 768 4216 984 4283; x_wconf 89' lang='lat' dir='ltr'><strong>quidem</strong></span> <span class='ocrx_word' id='word_1_512' title='bbox 1007 4257 1022 4279; x_wconf 93' lang='lat'><strong>,</strong></span> <span class='ocrx_word' id='word_1_513' title='bbox 1054 4227 1113 4270; x_wconf 91' lang='lat' dir='ltr'><strong>ut</strong></span> <span class='ocrx_word' id='word_1_514' title='bbox 1149 4219 1196 4270; x_wconf 89' lang='lat' dir='ltr'><strong>si</strong></span> <span class='ocrx_word' id='word_1_515' title='bbox 1231 4234 1350 4272; x_wconf 90' lang='lat' dir='ltr'><strong>cum</strong></span> <span class='ocrx_word' id='word_1_516' title='bbox 1385 4221 1463 4273; x_wconf 89' lang='lat' dir='ltr'><strong>eis</strong></span> <span class='ocrx_word' id='word_1_517' title='bbox 1500 4229 1606 4274; x_wconf 88' lang='lat' dir='ltr'><strong>tres</strong></span> <span class='ocrx_word' id='word_1_518' title='bbox 1640 4238 1758 4275; x_wconf 89' lang='lat' dir='ltr'><strong>tncn</strong></span> <span class='ocrx_word' id='word_1_519' title='bbox 1795 4239 1853 4277; x_wconf 89' lang='lat' dir='ltr'><strong>es</strong></span> 
     </span>
    </p>
   </div>
   <div class='ocr_carea' id='block_1_79' title="bbox 270 4301 1853 4372">
    <p class='ocr_par' dir='ltr' id='par_1_79' title="bbox 270 4301 1853 4372">
     <span class='ocr_line' id='line_1_79' title="bbox 270 4301 1853 4372; baseline 0.006 -16"><span class='ocrx_word' id='word_1_520' title='bbox 270 4303 485 4356; x_wconf 87' lang='lat' dir='ltr'><strong>morari</strong></span> <span class='ocrx_word' id='word_1_521' title='bbox 535 4301 725 4367; x_wconf 90' lang='lat' dir='ltr'><strong>vellet,</strong></span> <span class='ocrx_word' id='word_1_522' title='bbox 777 4305 920 4358; x_wconf 92' lang='lat' dir='ltr'><strong>ultro</strong></span> <span class='ocrx_word' id='word_1_523' title='bbox 963 4308 1264 4372; x_wconf 88' lang='lat' dir='ltr'><strong>concessit,</strong></span> <span class='ocrx_word' id='word_1_524' title='bbox 1324 4309 1471 4363; x_wconf 90' lang='lat' dir='ltr'><strong>illum</strong></span> <span class='ocrx_word' id='word_1_525' title='bbox 1524 4321 1702 4364; x_wconf 90' lang='lat' dir='ltr'><strong>autem</strong></span> <span class='ocrx_word' id='word_1_526' title='bbox 1750 4314 1853 4366; x_wconf 88' lang='lat' dir='ltr'><strong>huc</strong></span> 
     </span>
    </p>
   </div>
   <div class='ocr_carea' id='block_1_80' title="bbox 1959 3107 3547 3177">
    <p class='ocr_par' dir='ltr' id='par_1_80' title="bbox 1959 3107 3547 3177">
     <span class='ocr_line' id='line_1_80' title="bbox 1959 3107 3547 3177; baseline 0.001 -15"><span class='ocrx_word' id='word_1_527' title='bbox 1959 3107 2059 3162; x_wconf 87' lang='lat' dir='ltr'><strong>sibi</strong></span> <span class='ocrx_word' id='word_1_528' title='bbox 2076 3108 2461 3163; x_wconf 88' lang='lat' dir='ltr'><strong>adhcrentibus</strong></span> <span class='ocrx_word' id='word_1_529' title='bbox 2477 3107 2677 3176; x_wconf 89' lang='lat' dir='ltr'><strong>torpori</strong></span> <span class='ocrx_word' id='word_1_530' title='bbox 2695 3107 2867 3162; x_wconf 89' lang='lat' dir='ltr'><strong>locum</strong></span> <span class='ocrx_word' id='word_1_531' title='bbox 2885 3125 3006 3163; x_wconf 87' lang='lat' dir='ltr'><strong>esse</strong></span> <span class='ocrx_word' id='word_1_532' title='bbox 3017 3110 3270 3172; x_wconf 90' lang='lat' dir='ltr'><strong>voluerit,</strong></span> <span class='ocrx_word' id='word_1_533' title='bbox 3288 3112 3413 3163; x_wconf 90' lang='lat' dir='ltr'><strong>dum</strong></span> <span class='ocrx_word' id='word_1_534' title='bbox 3433 3111 3547 3177; x_wconf 86' lang='lat' dir='ltr'><strong>ipse</strong></span> 
     </span>
    </p>
   </div>
   <div class='ocr_carea' id='block_1_81' title="bbox 1957 3199 3544 3270">
    <p class='ocr_par' dir='ltr' id='par_1_81' title="bbox 1957 3199 3544 3270">
     <span class='ocr_line' id='line_1_81' title="bbox 1957 3199 3544 3270; baseline 0.001 -15"><span class='ocrx_word' id='word_1_535' title='bbox 1957 3215 2080 3255; x_wconf 93' lang='lat' dir='ltr'><strong>cum</strong></span> <span class='ocrx_word' id='word_1_536' title='bbox 2147 3200 2361 3255; x_wconf 88' lang='lat' dir='ltr'><strong>clericis</strong></span> <span class='ocrx_word' id='word_1_537' title='bbox 2431 3199 2741 3254; x_wconf 86' lang='lat' dir='ltr'><strong>evolvendis</strong></span> <span class='ocrx_word' id='word_1_538' title='bbox 2796 3209 2957 3270; x_wconf 89' lang='lat' dir='ltr'><strong>atque</strong></span> <span class='ocrx_word' id='word_1_539' title='bbox 3022 3201 3281 3256; x_wconf 86' lang='lat' dir='ltr'><strong>iterandis</strong></span> <span class='ocrx_word' id='word_1_540' title='bbox 3347 3202 3544 3256; x_wconf 85' lang='lat' dir='ltr'><strong>divina:</strong></span> 
     </span>
    </p>
   </div>
   <div class='ocr_carea' id='block_1_82' title="bbox 1960 3290 3538 3362">
    <p class='ocr_par' dir='ltr' id='par_1_82' title="bbox 1960 3290 3538 3362">
     <span class='ocr_line' id='line_1_82' title="bbox 1960 3290 3538 3362; baseline 0.001 -15"><span class='ocrx_word' id='word_1_541' title='bbox 1960 3291 2256 3361; x_wconf 84' lang='lat' dir='ltr'><strong>Scriptura:</strong></span> <span class='ocrx_word' id='word_1_542' title='bbox 2282 3291 2492 3362; x_wconf 81' lang='lat' dir='ltr'><strong>paginis</strong></span> <span class='ocrx_word' id='word_1_543' title='bbox 2523 3290 2914 3361; x_wconf 72' lang='lat' dir='ltr'><strong>iucundissime</strong></span> <span class='ocrx_word' id='word_1_544' title='bbox 2947 3293 3208 3358; x_wconf 89' lang='lat' dir='ltr'><strong>intentus,</strong></span> <span class='ocrx_word' id='word_1_545' title='bbox 3251 3293 3418 3349; x_wconf 90' lang='lat' dir='ltr'><strong>laicos</strong></span> <span class='ocrx_word' id='word_1_546' title='bbox 3455 3296 3538 3348; x_wconf 90' lang='lat' dir='ltr'><strong>ni-</strong></span> 
     </span>
    </p>
   </div>
   <div class='ocr_carea' id='block_1_83' title="bbox 1958 3392 3544 3462">
    <p class='ocr_par' dir='ltr' id='par_1_83' title="bbox 1958 3392 3544 3462">
     <span class='ocr_line' id='line_1_83' title="bbox 1958 3392 3544 3462; baseline -0.001 -12"><span class='ocrx_word' id='word_1_547' title='bbox 1958 3395 2286 3450; x_wconf 89' lang='lat' dir='ltr'><strong>chilomiuus</strong></span> <span class='ocrx_word' id='word_1_548' title='bbox 2309 3393 2702 3457; x_wconf 86' lang='lat' dir='ltr'><strong>adolescentes,</strong></span> <span class='ocrx_word' id='word_1_549' title='bbox 2727 3392 2925 3462; x_wconf 87' lang='lat' dir='ltr'><strong>quibus</strong></span> <span class='ocrx_word' id='word_1_550' title='bbox 2945 3393 3151 3455; x_wconf 85' lang='lat' dir='ltr'><strong>alendis</strong></span> <span class='ocrx_word' id='word_1_551' title='bbox 3178 3409 3273 3448; x_wconf 88' lang='lat' dir='ltr'><strong>sua</strong></span> <span class='ocrx_word' id='word_1_552' title='bbox 3303 3408 3544 3448; x_wconf 86' lang='lat' dir='ltr'><strong>seorsum</strong></span> 
     </span>
    </p>
   </div>
   <div class='ocr_carea' id='block_1_84' title="bbox 1956 3488 3549 3568">
    <p class='ocr_par' dir='ltr' id='par_1_84' title="bbox 1956 3488 3549 3568">
     <span class='ocr_line' id='line_1_84' title="bbox 1956 3488 3549 3568; baseline 0.008 -29"><span class='ocrx_word' id='word_1_553' title='bbox 1956 3497 2076 3540; x_wconf 89' lang='lat' dir='ltr'><strong>erat</strong></span> <span class='ocrx_word' id='word_1_554' title='bbox 2109 3488 2417 3558; x_wconf 79' lang='lat' dir='ltr'><strong>disciplina,</strong></span> <span class='ocrx_word' id='word_1_555' title='bbox 2444 3497 2590 3550; x_wconf 75' lang='lat' dir='ltr'><strong>:etati</strong></span> <span class='ocrx_word' id='word_1_556' title='bbox 2629 3505 2680 3552; x_wconf 91' lang='lat' dir='ltr'><strong>et</strong></span> <span class='ocrx_word' id='word_1_557' title='bbox 2711 3498 2888 3551; x_wconf 88' lang='lat' dir='ltr'><strong>ordini</strong></span> <span class='ocrx_word' id='word_1_558' title='bbox 2930 3513 3028 3551; x_wconf 89' lang='lat' dir='ltr'><strong>suo</strong></span> <span class='ocrx_word' id='word_1_559' title='bbox 3058 3498 3311 3568; x_wconf 80' lang='lat' dir='ltr'><strong>congruis</strong></span> <span class='ocrx_word' id='word_1_560' title='bbox 3340 3498 3549 3552; x_wconf 87' lang='lat' dir='ltr'><strong>artibus</strong></span> 
     </span>
    </p>
   </div>
   <div class='ocr_carea' id='block_1_85' title="bbox 1960 3579 3549 3658">
    <p class='ocr_par' dir='ltr' id='par_1_85' title="bbox 1960 3579 3549 3658">
     <span class='ocr_line' id='line_1_85' title="bbox 1960 3579 3549 3658; baseline 0.007 -26"><span class='ocrx_word' id='word_1_561' title='bbox 1960 3579 2326 3647; x_wconf 87' lang='lat' dir='ltr'><strong>inplicavcrit.</strong></span> <span class='ocrx_word' id='word_1_562' title='bbox 2361 3583 2453 3638; x_wconf 89' lang='lat' dir='ltr'><strong>llis</strong></span> <span class='ocrx_word' id='word_1_563' title='bbox 2484 3595 2537 3640; x_wconf 89' lang='lat' dir='ltr'><strong>et</strong></span> <span class='ocrx_word' id='word_1_564' title='bbox 2570 3588 2762 3641; x_wconf 88' lang='lat' dir='ltr'><strong>talibus</strong></span> <span class='ocrx_word' id='word_1_565' title='bbox 2805 3589 3062 3642; x_wconf 88' lang='lat' dir='ltr'><strong>insistens</strong></span> <span class='ocrx_word' id='word_1_566' title='bbox 3093 3589 3366 3643; x_wconf 88' lang='lat' dir='ltr'><strong>laboribus</strong></span> <span class='ocrx_word' id='word_1_567' title='bbox 3396 3600 3549 3658; x_wconf 79' lang='lat' dir='ltr'><strong>pater</strong></span> 
     </span>
    </p>
   </div>
   <div class='ocr_carea' id='block_1_86' title="bbox 1957 3675 3547 3751">
    <p class='ocr_par' dir='ltr' id='par_1_86' title="bbox 1957 3675 3547 3751">
     <span class='ocr_line' id='line_1_86' title="bbox 1957 3675 3547 3751; baseline 0.007 -28"><span class='ocrx_word' id='word_1_568' title='bbox 1957 3675 2346 3739; x_wconf 88' lang='lat' dir='ltr'><strong>venerandus,</strong></span> <span class='ocrx_word' id='word_1_569' title='bbox 2404 3677 2472 3731; x_wconf 82' lang='lat'><strong>56</strong></span> <span class='ocrx_word' id='word_1_570' title='bbox 2537 3679 3052 3748; x_wconf 85' lang='lat' dir='ltr'><strong>iureprehensibiter</strong></span> <span class='ocrx_word' id='word_1_571' title='bbox 3118 3681 3171 3735; x_wconf 91' lang='lat' dir='ltr'><strong>in</strong></span> <span class='ocrx_word' id='word_1_572' title='bbox 3233 3682 3547 3751; x_wconf 86' lang='lat' dir='ltr'><strong>episcopatu</strong></span> 
     </span>
    </p>
   </div>
   <div class='ocr_carea' id='block_1_87' title="bbox 1958 3767 3548 3844">
    <p class='ocr_par' dir='ltr' id='par_1_87' title="bbox 1958 3767 3548 3844">
     <span class='ocr_line' id='line_1_87' title="bbox 1958 3767 3548 3844; baseline 0.006 -26"><span class='ocrx_word' id='word_1_573' title='bbox 1958 3767 2141 3835; x_wconf 77' lang='lat' dir='ltr'><strong>exegit</strong></span> <span class='ocrx_word' id='word_1_574' title='bbox 2180 3783 2350 3823; x_wconf 89' lang='lat' dir='ltr'><strong>annos</strong></span> <span class='ocrx_word' id='word_1_575' title='bbox 2400 3770 2580 3840; x_wconf 67' lang='grc'><strong>(465),</strong></span> <span class='ocrx_word' id='word_1_576' title='bbox 2624 3777 2735 3842; x_wconf 79' lang='lat' dir='ltr'><strong>(an.</strong></span> <span class='ocrx_word' id='word_1_577' title='bbox 2785 3773 2939 3837; x_wconf 75' lang='lat'><strong>1008,</strong></span> <span class='ocrx_word' id='word_1_578' title='bbox 2977 3790 3091 3844; x_wconf 85' lang='lat' dir='ltr'><strong>apr.</strong></span> <span class='ocrx_word' id='word_1_579' title='bbox 3123 3773 3210 3842; x_wconf 78' lang='grc'><strong>10)</strong></span> <span class='ocrx_word' id='word_1_580' title='bbox 3245 3774 3548 3843; x_wconf 59' lang='lat' dir='ltr'><strong>multosque</strong></span> 
     </span>
    </p>
   </div>
   <div class='ocr_carea' id='block_1_88' title="bbox 1957 3867 3545 3939">
    <p class='ocr_par' dir='ltr' id='par_1_88' title="bbox 1957 3867 3545 3939">
     <span class='ocr_line' id='line_1_88' title="bbox 1957 3867 3545 3939; baseline 0.005 -23"><span class='ocrx_word' id='word_1_581' title='bbox 1957 3877 2302 3933; x_wconf 87' lang='lat' dir='ltr'><strong>nequaquam</strong></span> <span class='ocrx_word' id='word_1_582' title='bbox 2329 3883 2354 3918; x_wconf 90' lang='lat' dir='ltr'><strong>a</strong></span> <span class='ocrx_word' id='word_1_583' title='bbox 2385 3867 2664 3921; x_wconf 84' lang='lat' dir='ltr'><strong>nobilitate</strong></span> <span class='ocrx_word' id='word_1_584' title='bbox 2699 3885 2793 3923; x_wconf 91' lang='lat' dir='ltr'><strong>sua</strong></span> <span class='ocrx_word' id='word_1_585' title='bbox 2822 3871 3114 3939; x_wconf 86' lang='lat' dir='ltr'><strong>degeneres</strong></span> <span class='ocrx_word' id='word_1_586' title='bbox 3139 3868 3356 3939; x_wconf 90' lang='lat' dir='ltr'><strong>reliquit</strong></span> <span class='ocrx_word' id='word_1_587' title='bbox 3385 3869 3545 3924; x_wconf 68' lang='lat' dir='ltr'><strong>liiins.</strong></span> 
     </span>
    </p>
   </div>
   <div class='ocr_carea' id='block_1_89' title="bbox 1958 3957 3548 4022">
    <p class='ocr_par' dir='ltr' id='par_1_89' title="bbox 1958 3957 3548 4022">
     <span class='ocr_line' id='line_1_89' title="bbox 1958 3957 3548 4022; baseline 0.005 -13"><span class='ocrx_word' id='word_1_588' title='bbox 1958 3957 2198 4022; x_wconf 88' lang='lat' dir='ltr'><strong>Quorum</strong></span> <span class='ocrx_word' id='word_1_589' title='bbox 2244 3962 2528 4015; x_wconf 90' lang='lat' dir='ltr'><strong>nonnullos</strong></span> <span class='ocrx_word' id='word_1_590' title='bbox 2575 3976 2670 4016; x_wconf 88' lang='lat' dir='ltr'><strong>nos</strong></span> <span class='ocrx_word' id='word_1_591' title='bbox 2722 3961 2920 4016; x_wconf 73' lang='lat' dir='ltr'><strong>vidisse</strong></span> <span class='ocrx_word' id='word_1_592' title='bbox 2972 3963 3354 4022; x_wconf 88' lang='lat' dir='ltr'><strong>meminimus,</strong></span> <span class='ocrx_word' id='word_1_593' title='bbox 3405 3963 3548 4018; x_wconf 89' lang='lat' dir='ltr'><strong>inter</strong></span> 
     </span>
    </p>
   </div>
   <div class='ocr_carea' id='block_1_90' title="bbox 1964 4053 3546 4121">
    <p class='ocr_par' dir='ltr' id='par_1_90' title="bbox 1964 4053 3546 4121">
     <span class='ocr_line' id='line_1_90' title="bbox 1964 4053 3546 4121; baseline 0.005 -19"><span class='ocrx_word' id='word_1_594' title='bbox 1964 4066 2099 4120; x_wconf 90' lang='lat' dir='ltr'><strong>quos</strong></span> <span class='ocrx_word' id='word_1_595' title='bbox 2136 4053 2238 4121; x_wconf 86' lang='lat' dir='ltr'><strong>pia:</strong></span> <span class='ocrx_word' id='word_1_596' title='bbox 2268 4057 2541 4108; x_wconf 76' lang='lat' dir='ltr'><strong>memoria:</strong></span> <span class='ocrx_word' id='word_1_597' title='bbox 2565 4056 2794 4110; x_wconf 89' lang='lat' dir='ltr'><strong>donmus</strong></span> <span class='ocrx_word' id='word_1_598' title='bbox 2822 4054 2990 4109; x_wconf 89' lang='lat' dir='ltr'><strong>Wazo</strong></span> <span class='ocrx_word' id='word_1_599' title='bbox 3023 4056 3170 4110; x_wconf 88' lang='lat' dir='ltr'><strong>velut</strong></span> <span class='ocrx_word' id='word_1_600' title='bbox 3207 4055 3425 4110; x_wconf 83' lang='lat' dir='ltr'><strong>Lucifer</strong></span> <span class='ocrx_word' id='word_1_601' title='bbox 3467 4059 3546 4110; x_wconf 93' lang='lat' dir='ltr'><strong>in-</strong></span> 
     </span>
    </p>
   </div>
   <div class='ocr_carea' id='block_1_91' title="bbox 1958 4145 3542 4218">
    <p class='ocr_par' dir='ltr' id='par_1_91' title="bbox 1958 4145 3542 4218">
     <span class='ocr_line' id='line_1_91' title="bbox 1958 4145 3542 4218; baseline 0.003 -21"><span class='ocrx_word' id='word_1_602' title='bbox 1958 4152 2040 4198; x_wconf 89' lang='lat' dir='ltr'><strong>ter</strong></span> <span class='ocrx_word' id='word_1_603' title='bbox 2062 4145 2296 4200; x_wconf 90' lang='lat' dir='ltr'><strong>minores</strong></span> <span class='ocrx_word' id='word_1_604' title='bbox 2320 4147 2502 4200; x_wconf 89' lang='lat' dir='ltr'><strong>stellas</strong></span> <span class='ocrx_word' id='word_1_605' title='bbox 2521 4148 2733 4202; x_wconf 88' lang='lat' dir='ltr'><strong>enituit.</strong></span> <span class='ocrx_word' id='word_1_606' title='bbox 2763 4147 3006 4214; x_wconf 90' lang='lat' dir='ltr'><strong>Quicum</strong></span> <span class='ocrx_word' id='word_1_607' title='bbox 3046 4148 3096 4202; x_wconf 93' lang='lat' dir='ltr'><strong>in</strong></span> <span class='ocrx_word' id='word_1_608' title='bbox 3131 4147 3298 4218; x_wconf 91' lang='lat' dir='ltr'><strong>ipsius</strong></span> <span class='ocrx_word' id='word_1_609' title='bbox 3336 4147 3542 4216; x_wconf 82' lang='lat' dir='ltr'><strong>capella</strong></span> 
     </span>
    </p>
   </div>
   <div class='ocr_carea' id='block_1_92' title="bbox 1960 4236 3544 4306">
    <p class='ocr_par' dir='ltr' id='par_1_92' title="bbox 1960 4236 3544 4306">
     <span class='ocr_line' id='line_1_92' title="bbox 1960 4236 3544 4306; baseline 0.004 -18"><span class='ocrx_word' id='word_1_610' title='bbox 1960 4236 2140 4304; x_wconf 86' lang='lat' dir='ltr'><strong>primo</strong></span> <span class='ocrx_word' id='word_1_611' title='bbox 2182 4237 2396 4305; x_wconf 87' lang='lat' dir='ltr'><strong>quidem</strong></span> <span class='ocrx_word' id='word_1_612' title='bbox 2441 4239 2694 4293; x_wconf 90' lang='lat' dir='ltr'><strong>minimus</strong></span> <span class='ocrx_word' id='word_1_613' title='bbox 2737 4248 2791 4292; x_wconf 88' lang='lat' dir='ltr'><strong>et</strong></span> <span class='ocrx_word' id='word_1_614' title='bbox 2840 4239 2954 4294; x_wconf 85' lang='lat' dir='ltr'><strong>fere</strong></span> <span class='ocrx_word' id='word_1_615' title='bbox 2991 4241 3232 4306; x_wconf 87' lang='lat' dir='ltr'><strong>ahjectus</strong></span> <span class='ocrx_word' id='word_1_616' title='bbox 3284 4239 3544 4294; x_wconf 82' lang='lat' dir='ltr'><strong>librorum</strong></span> 
     </span>
    </p>
   </div>
   <div class='ocr_carea' id='block_1_93' title="bbox 1961 4323 3544 4400">
    <p class='ocr_par' dir='ltr' id='par_1_93' title="bbox 1961 4323 3544 4400">
     <span class='ocr_line' id='line_1_93' title="bbox 1961 4323 3544 4400; baseline 0.007 -27"><span class='ocrx_word' id='word_1_617' title='bbox 1961 4323 2150 4377; x_wconf 87' lang='lat' dir='ltr'><strong>abbaci</strong></span> <span class='ocrx_word' id='word_1_618' title='bbox 2179 4326 2250 4356; x_wconf 65' lang='lat'><strong>9“</strong></span> <span class='ocrx_word' id='word_1_619' title='bbox 2278 4343 2381 4395; x_wconf 91' lang='lat' dir='ltr'><strong>que</strong></span> <span class='ocrx_word' id='word_1_620' title='bbox 2425 4329 2644 4398; x_wconf 87' lang='lat' dir='ltr'><strong>gerulus</strong></span> <span class='ocrx_word' id='word_1_621' title='bbox 2677 4329 2959 4392; x_wconf 77' lang='lat' dir='ltr'><strong>coaluerit,</strong></span> <span class='ocrx_word' id='word_1_622' title='bbox 2993 4332 3319 4384; x_wconf 86' lang='lat' dir='ltr'><strong>succedente</strong></span> <span class='ocrx_word' id='word_1_623' title='bbox 3353 4333 3544 4400; x_wconf 88' lang='lat' dir='ltr'><strong>paula-</strong></span> 
     </span>
    </p>
   </div>
   <div class='ocr_carea' id='block_1_94' title="bbox 271 4387 1873 4491">
    <p class='ocr_par' dir='ltr' id='par_1_94' title="bbox 271 4393 1853 4464">
     <span class='ocr_line' id='line_1_94' title="bbox 271 4393 1853 4464; baseline 0.004 -16"><span class='ocrx_word' id='word_1_624' title='bbox 271 4393 500 4448; x_wconf 85' lang='lat' dir='ltr'><strong>rcdiens</strong></span> <span class='ocrx_word' id='word_1_625' title='bbox 543 4395 716 4464; x_wconf 85' lang='lat' dir='ltr'><strong>gratia</strong></span> <span class='ocrx_word' id='word_1_626' title='bbox 761 4405 818 4449; x_wconf 85' lang='lat' dir='ltr'><strong>et.</strong></span> <span class='ocrx_word' id='word_1_627' title='bbox 860 4398 1015 4450; x_wconf 91' lang='lat' dir='ltr'><strong>donis</strong></span> <span class='ocrx_word' id='word_1_628' title='bbox 1059 4409 1432 4464; x_wconf 78' lang='lat' dir='ltr'><strong>nnrneratum,</strong></span> <span class='ocrx_word' id='word_1_629' title='bbox 1483 4401 1549 4453; x_wconf 88' lang='lat' dir='ltr'><strong>ad</strong></span> <span class='ocrx_word' id='word_1_630' title='bbox 1600 4402 1853 4456; x_wconf 83' lang='lat' dir='ltr'><strong>virtutem</strong></span> 
     </span>
    </p>
   </div>
   <div class='ocr_carea' id='block_1_95' title="bbox 1954 4387 3546 4491">
    <p class='ocr_par' dir='ltr' id='par_1_95' title="bbox 1962 4412 3546 4491">
     <span class='ocr_line' id='line_1_95' title="bbox 1962 4412 3546 4491; baseline 0.008 -28"><span class='ocrx_word' id='word_1_631' title='bbox 1962 4412 2111 4466; x_wconf 89' lang='lat' dir='ltr'><strong>latim</strong></span> <span class='ocrx_word' id='word_1_632' title='bbox 2142 4415 2364 4470; x_wconf 87' lang='lat' dir='ltr'><strong>valentis</strong></span> <span class='ocrx_word' id='word_1_633' title='bbox 2392 4419 2590 4487; x_wconf 84' lang='lat' dir='ltr'><strong>ingenii</strong></span> <span class='ocrx_word' id='word_1_634' title='bbox 2615 4436 2927 4490; x_wconf 85' lang='lat' dir='ltr'><strong>progressu,</strong></span> <span class='ocrx_word' id='word_1_635' title='bbox 2957 4423 3172 4474; x_wconf 88' lang='lat' dir='ltr'><strong>tandem</strong></span> <span class='ocrx_word' id='word_1_636' title='bbox 3198 4421 3265 4474; x_wconf 88' lang='lat' dir='ltr'><strong>ad</strong></span> <span class='ocrx_word' id='word_1_637' title='bbox 3281 4424 3546 4491; x_wconf 85' lang='lat' dir='ltr'><strong>regendas</strong></span> 
     </span>
    </p>
   </div>
   <div class='ocr_carea' id='block_1_96' title="bbox 271 4487 1851 4565">
    <p class='ocr_par' dir='ltr' id='par_1_96' title="bbox 271 4487 1851 4565">
     <span class='ocr_line' id='line_1_96' title="bbox 271 4487 1851 4565; baseline 0.006 -23"><span class='ocrx_word' id='word_1_638' title='bbox 271 4487 513 4559; x_wconf 86' lang='lat' dir='ltr'><strong>amplius</strong></span> <span class='ocrx_word' id='word_1_639' title='bbox 543 4491 810 4545; x_wconf 89' lang='lat' dir='ltr'><strong>accendit.</strong></span> <span class='ocrx_word' id='word_1_640' title='bbox 857 4492 955 4557; x_wconf 81' lang='lat' dir='ltr'><strong>Qui</strong></span> <span class='ocrx_word' id='word_1_641' title='bbox 989 4502 1171 4560; x_wconf 90' lang='lat' dir='ltr'><strong>postea</strong></span> <span class='ocrx_word' id='word_1_642' title='bbox 1211 4494 1312 4548; x_wconf 89' lang='lat' dir='ltr'><strong>sub</strong></span> <span class='ocrx_word' id='word_1_643' title='bbox 1339 4493 1590 4550; x_wconf 86' lang='lat' dir='ltr'><strong>Baldrico</strong></span> <span class='ocrx_word' id='word_1_644' title='bbox 1623 4495 1851 4565; x_wconf 81' lang='lat' dir='ltr'><strong>Pragam</strong></span> 
     </span>
    </p>
   </div>
   <div class='ocr_carea' id='block_1_97' title="bbox 1962 4502 3546 4579">
    <p class='ocr_par' dir='ltr' id='par_1_97' title="bbox 1962 4502 3546 4579">
     <span class='ocr_line' id='line_1_97' title="bbox 1962 4502 3546 4579; baseline 0.006 -26"><span class='ocrx_word' id='word_1_645' title='bbox 1962 4502 2188 4572; x_wconf 84' lang='lat' dir='ltr'><strong>majoris</strong></span> <span class='ocrx_word' id='word_1_646' title='bbox 2212 4505 2281 4536; x_wconf 74' lang='grc' dir='ltr'><strong>ἐ’</strong></span> <span class='ocrx_word' id='word_1_647' title='bbox 2320 4507 2578 4562; x_wconf 69' lang='lat' dir='ltr'><strong>:ccclcsim</strong></span> <span class='ocrx_word' id='word_1_648' title='bbox 2630 4509 2806 4561; x_wconf 84' lang='lat' dir='ltr'><strong>scolas</strong></span> <span class='ocrx_word' id='word_1_649' title='bbox 2831 4549 2845 4572; x_wconf 93' lang='lat'><strong>,</strong></span> <span class='ocrx_word' id='word_1_650' title='bbox 2893 4510 3007 4579; x_wconf 90' lang='lat' dir='ltr'><strong>ipso</strong></span> <span class='ocrx_word' id='word_1_651' title='bbox 3047 4509 3248 4565; x_wconf 85' lang='lat' dir='ltr'><strong>domno</strong></span> <span class='ocrx_word' id='word_1_652' title='bbox 3305 4511 3546 4564; x_wconf 69' lang='lat' dir='ltr'><strong>llotltero</strong></span> 
     </span>
    </p>
   </div>
   <div class='ocr_carea' id='block_1_98' title="bbox 1564 4633 2239 4695">
    <p class='ocr_par' dir='ltr' id='par_1_98' title="bbox 1564 4633 2239 4695">
     <span class='ocr_line' id='line_1_98' title="bbox 1564 4633 2239 4695; baseline 0.01 -8"><span class='ocrx_word' id='word_1_653' title='bbox 1564 4633 1792 4687; x_wconf 66' lang='lat' dir='ltr'><strong>VARL‘E</strong></span> <span class='ocrx_word' id='word_1_654' title='bbox 1837 4637 2239 4695; x_wconf 71' lang='lat' dir='ltr'><strong>LECTIONES.</strong></span> 
     </span>
    </p>
   </div>
   <div class='ocr_carea' id='block_1_99' title="bbox 369 4739 617 4794">
    <p class='ocr_par' dir='ltr' id='par_1_99' title="bbox 369 4739 617 4794">
     <span class='ocr_line' id='line_1_99' title="bbox 369 4739 617 4794; baseline 0.016 -4"><span class='ocrx_word' id='word_1_655' title='bbox 369 4739 443 4770; x_wconf 75' lang='grc'><strong>⁸³³</strong></span> <span class='ocrx_word' id='word_1_656' title='bbox 477 4741 617 4794; x_wconf 85' lang='lat' dir='ltr'><strong>haud</strong></span> 
     </span>
    </p>
   </div>
   <div class='ocr_carea' id='block_1_100' title="bbox 266 4810 593 4864">
    <p class='ocr_par' dir='ltr' id='par_1_100' title="bbox 266 4810 593 4864">
     <span class='ocr_line' id='line_1_100' title="bbox 266 4810 593 4864; baseline 0.006 -2"><span class='ocrx_word' id='word_1_657' title='bbox 266 4811 342 4842; x_wconf 79' lang='lat'><strong>’&quot;</strong></span> <span class='ocrx_word' id='word_1_658' title='bbox 361 4810 504 4862; x_wconf 78' lang='lat' dir='ltr'><strong>deest</strong></span> <span class='ocrx_word' id='word_1_659' title='bbox 546 4813 593 4864; x_wconf 82' lang='grc' dir='ltr'><strong>Ι.</strong></span> 
     </span>
    </p>
   </div>
   <div class='ocr_carea' id='block_1_101' title="bbox 1291 4743 1788 4799">
    <p class='ocr_par' dir='ltr' id='par_1_101' title="bbox 1291 4743 1788 4799">
     <span class='ocr_line' id='line_1_101' title="bbox 1291 4743 1788 4799; baseline 0.018 -6"><span class='ocrx_word' id='word_1_660' title='bbox 1291 4745 1362 4777; x_wconf 66' lang='lat'><strong>95&quot;</strong></span> <span class='ocrx_word' id='word_1_661' title='bbox 1397 4743 1710 4799; x_wconf 81' lang='lat' dir='ltr'><strong>llerlninum</strong></span> <span class='ocrx_word' id='word_1_662' title='bbox 1735 4746 1788 4798; x_wconf 62' lang='grc' dir='ltr'><strong>αἱ.</strong></span> 
     </span>
    </p>
   </div>
   <div class='ocr_carea' id='block_1_102' title="bbox 1165 4815 1468 4869">
    <p class='ocr_par' dir='ltr' id='par_1_102' title="bbox 1165 4815 1468 4869">
     <span class='ocr_line' id='line_1_102' title="bbox 1165 4815 1468 4869; baseline -0.007 -1"><span class='ocrx_word' id='word_1_663' title='bbox 1165 4815 1234 4847; x_wconf 72' lang='grc'><strong>⁸⁵⁸</strong></span> <span class='ocrx_word' id='word_1_664' title='bbox 1279 4825 1388 4869; x_wconf 90' lang='lat' dir='ltr'><strong>tum</strong></span> <span class='ocrx_word' id='word_1_665' title='bbox 1417 4817 1468 4867; x_wconf 71' lang='grc'><strong>4.</strong></span> 
     </span>
    </p>
   </div>
   <div class='ocr_carea' id='block_1_103' title="bbox 660 4743 1181 4811">
    <p class='ocr_par' dir='ltr' id='par_1_103' title="bbox 660 4743 1181 4811">
     <span class='ocr_line' id='line_1_103' title="bbox 660 4743 1181 4811; baseline 0.004 -19"><span class='ocrx_word' id='word_1_666' title='bbox 660 4758 828 4811; x_wconf 79' lang='lat' dir='ltr'><strong>pauca</strong></span> <span class='ocrx_word' id='word_1_667' title='bbox 868 4743 1054 4796; x_wconf 78' lang='lat' dir='ltr'><strong>desunt</strong></span> <span class='ocrx_word' id='word_1_668' title='bbox 1089 4744 1181 4797; x_wconf 79' lang='lat' dir='ltr'><strong>Ch.</strong></span> 
     </span>
    </p>
   </div>
   <div class='ocr_carea' id='block_1_104' title="bbox 698 4813 1056 4866">
    <p class='ocr_par' dir='ltr' id='par_1_104' title="bbox 698 4813 1056 4866">
     <span class='ocr_line' id='line_1_104' title="bbox 698 4813 1056 4866; baseline -0.003 -1"><span class='ocrx_word' id='word_1_669' title='bbox 698 4813 765 4844; x_wconf 76' lang='lat'><strong>&quot;7</strong></span> <span class='ocrx_word' id='word_1_670' title='bbox 799 4815 976 4866; x_wconf 84' lang='lat' dir='ltr'><strong>studui</strong></span> <span class='ocrx_word' id='word_1_671' title='bbox 1014 4815 1056 4866; x_wconf 81' lang='grc' dir='ltr'><strong>Ι.</strong></span> 
     </span>
    </p>
   </div>
   <div class='ocr_carea' id='block_1_105' title="bbox 1581 4743 3548 4872">
    <p class='ocr_par' dir='ltr' id='par_1_105' title="bbox 1581 4743 3548 4872">
     <span class='ocr_line' id='line_1_105' title="bbox 1587 4743 3548 4823; baseline 0.002 -25"><span class='ocrx_word' id='word_1_672' title='bbox 1587 4746 1788 4798; x_wconf 54' lang='lat' dir='ltr'><strong>nurui.</strong></span> <span class='ocrx_word' id='word_1_673' title='bbox 1898 4750 1966 4780; x_wconf 69' lang='lat'><strong>9&quot;&quot;</strong></span> <span class='ocrx_word' id='word_1_674' title='bbox 2013 4752 2514 4821; x_wconf 68' lang='lat' dir='ltr'><strong>hanimbergcnsem</strong></span> <span class='ocrx_word' id='word_1_675' title='bbox 2567 4753 2600 4806; x_wconf 73' lang='grc' dir='ltr'>Ξ</span> <span class='ocrx_word' id='word_1_676' title='bbox 2651 4743 2968 4823; x_wconf 81' lang='lat' dir='ltr'><strong>baumbcrg.</strong></span> <span class='ocrx_word' id='word_1_677' title='bbox 3016 4754 3050 4808; x_wconf 77' lang='grc'><strong>5</strong></span> <span class='ocrx_word' id='word_1_678' title='bbox 3101 4750 3457 4822; x_wconf 85' lang='lat' dir='ltr'><strong>Bamveberg.</strong></span> <span class='ocrx_word' id='word_1_679' title='bbox 3488 4752 3548 4802; x_wconf 66' lang='grc' dir='ltr'>ι.</span> 
     </span>
     <span class='ocr_line' id='line_1_106' title="bbox 1581 4817 3548 4872; baseline 0.002 -4"><span class='ocrx_word' id='word_1_680' title='bbox 1581 4817 1650 4847; x_wconf 65' lang='grc'><strong>⁸⁵³</strong></span> <span class='ocrx_word' id='word_1_681' title='bbox 1677 4819 1790 4869; x_wconf 65' lang='lat' dir='ltr'><strong>sub)</strong></span> <span class='ocrx_word' id='word_1_682' title='bbox 1822 4818 1890 4872; x_wconf 71' lang='grc'><strong>2.</strong></span> <span class='ocrx_word' id='word_1_683' title='bbox 1943 4821 1996 4872; x_wconf 80' lang='grc'><strong>’5.</strong></span> <span class='ocrx_word' id='word_1_684' title='bbox 2131 4823 2199 4853; x_wconf 72' lang='grc' dir='ltr'><strong>⁹ί⁰</strong></span> <span class='ocrx_word' id='word_1_685' title='bbox 2245 4824 2319 4872; x_wconf 78' lang='lat' dir='ltr'><strong>sic</strong></span> <span class='ocrx_word' id='word_1_686' title='bbox 2363 4824 2418 4872; x_wconf 74' lang='lat' dir='ltr'><strong>IL</strong></span> <span class='ocrx_word' id='word_1_687' title='bbox 2452 4834 2509 4872; x_wconf 89' lang='lat' dir='ltr'><strong>ut</strong></span> <span class='ocrx_word' id='word_1_688' title='bbox 2561 4838 2670 4872; x_wconf 84' lang='lat' dir='ltr'><strong>ves.</strong></span> <span class='ocrx_word' id='word_1_689' title='bbox 2718 4827 2778 4872; x_wconf 82' lang='grc'><strong>1.</strong></span> <span class='ocrx_word' id='word_1_690' title='bbox 2807 4826 2872 4872; x_wconf 71' lang='lat'><strong>&#39;2.</strong></span> <span class='ocrx_word' id='word_1_691' title='bbox 2905 4826 2957 4872; x_wconf 79' lang='grc'><strong>5.</strong></span> <span class='ocrx_word' id='word_1_692' title='bbox 3060 4823 3129 4853; x_wconf 70' lang='grc'><strong>³⁸³</strong></span> <span class='ocrx_word' id='word_1_693' title='bbox 3163 4835 3301 4872; x_wconf 73' lang='lat' dir='ltr'><strong>quos</strong></span> <span class='ocrx_word' id='word_1_694' title='bbox 3351 4825 3446 4872; x_wconf 81' lang='lat' dir='ltr'><strong>(Ini</strong></span> <span class='ocrx_word' id='word_1_695' title='bbox 3495 4821 3548 4872; x_wconf 73' lang='grc'>4.</span> 
     </span>
    </p>
   </div>
   <div class='ocr_carea' id='block_1_106' title="bbox 1677 4835 1996 4878">
    <p class='ocr_par' dir='ltr' id='par_1_106' title="bbox 1677 4835 1996 4878">
     <span class='ocr_line' id='line_1_107' title="bbox 1677 4835 1996 4878; baseline 0.013 -12"><span class='ocrx_word' id='word_1_696' title='bbox 1677 4835 1790 4869; x_wconf 77' lang='lat' dir='ltr'><strong>sum</strong></span> <span class='ocrx_word' id='word_1_697' title='bbox 1822 4835 1890 4878; x_wconf 83' lang='lat'><strong>‘.&#39;.’.,</strong></span> <span class='ocrx_word' id='word_1_698' title='bbox 1943 4835 1996 4873; x_wconf 71' lang='grc' dir='ltr'><strong>ζ).</strong></span> 
     </span>
    </p>
   </div>
   <div class='ocr_carea' id='block_1_107' title="bbox 2131 4821 3552 4891">
    <p class='ocr_par' dir='ltr' id='par_1_107' title="bbox 2131 4821 3552 4891">
     <span class='ocr_line' id='line_1_108' title="bbox 2131 4821 3552 4891; baseline 0.001 -19"><span class='ocrx_word' id='word_1_699' title='bbox 2131 4823 2199 4853; x_wconf 68' lang='grc' dir='ltr'><strong>πο</strong></span> <span class='ocrx_word' id='word_1_700' title='bbox 2245 4824 2319 4874; x_wconf 77' lang='lat' dir='ltr'><strong>sic</strong></span> <span class='ocrx_word' id='word_1_701' title='bbox 2363 4824 2418 4875; x_wconf 72' lang='lat'><strong>4.</strong></span> <span class='ocrx_word' id='word_1_702' title='bbox 2452 4834 2509 4877; x_wconf 92' lang='lat' dir='ltr'><strong>ut</strong></span> <span class='ocrx_word' id='word_1_703' title='bbox 2561 4838 2670 4878; x_wconf 86' lang='lat' dir='ltr'><strong>ves.</strong></span> <span class='ocrx_word' id='word_1_704' title='bbox 2718 4827 2778 4888; x_wconf 84' lang='grc'><strong>1,</strong></span> <span class='ocrx_word' id='word_1_705' title='bbox 2807 4826 2872 4890; x_wconf 73' lang='lat'><strong>&#39;2,</strong></span> <span class='ocrx_word' id='word_1_706' title='bbox 2905 4821 2957 4877; x_wconf 76' lang='grc'><strong>5.</strong></span> <span class='ocrx_word' id='word_1_707' title='bbox 3060 4823 3129 4853; x_wconf 77' lang='grc'><strong>⁹⁶¹</strong></span> <span class='ocrx_word' id='word_1_708' title='bbox 3163 4835 3301 4891; x_wconf 92' lang='lat' dir='ltr'><strong>quos</strong></span> <span class='ocrx_word' id='word_1_709' title='bbox 3351 4821 3446 4890; x_wconf 88' lang='lat' dir='ltr'><strong>qui</strong></span> <span class='ocrx_word' id='word_1_710' title='bbox 3495 4821 3552 4873; x_wconf 72' lang='grc'><strong>4.</strong></span> 
     </span>
    </p>
   </div>
   <div class='ocr_carea' id='block_1_108' title="bbox 265 4881 2375 4964">
    <p class='ocr_par' dir='ltr' id='par_1_108' title="bbox 265 4881 2375 4964">
     <span class='ocr_line' id='line_1_109' title="bbox 265 4881 2375 4964; baseline 0.005 -30"><span class='ocrx_word' id='word_1_711' title='bbox 265 4881 607 4935; x_wconf 78' lang='lat' dir='ltr'><strong>&quot;&#39;duxerint</strong></span> <span class='ocrx_word' id='word_1_712' title='bbox 636 4884 661 4936; x_wconf 78' lang='grc'><strong>1</strong></span> <span class='ocrx_word' id='word_1_713' title='bbox 685 4922 700 4947; x_wconf 89' lang='grc'><em>,</em></span> <span class='ocrx_word' id='word_1_714' title='bbox 723 4883 784 4946; x_wconf 72' lang='lat'><strong>2,</strong></span> <span class='ocrx_word' id='word_1_715' title='bbox 815 4884 868 4937; x_wconf 82' lang='grc'><strong>’5.</strong></span> <span class='ocrx_word' id='word_1_716' title='bbox 946 4883 1015 4915; x_wconf 75' lang='grc'><strong>’⁸³</strong></span> <span class='ocrx_word' id='word_1_717' title='bbox 1047 4884 1160 4938; x_wconf 89' lang='lat' dir='ltr'><strong>uise</strong></span> <span class='ocrx_word' id='word_1_718' title='bbox 1202 4887 1248 4941; x_wconf 88' lang='lat' dir='ltr'><strong>l.</strong></span> <span class='ocrx_word' id='word_1_719' title='bbox 1277 4889 1332 4941; x_wconf 74' lang='lat'><strong>2.</strong></span> <span class='ocrx_word' id='word_1_720' title='bbox 1410 4886 1479 4920; x_wconf 67' lang='lat'><strong>9“</strong></span> <span class='ocrx_word' id='word_1_721' title='bbox 1525 4888 1707 4942; x_wconf 87' lang='lat' dir='ltr'><strong>abacis</strong></span> <span class='ocrx_word' id='word_1_722' title='bbox 1743 4887 1796 4940; x_wconf 65' lang='grc'><strong>4.</strong></span> <span class='ocrx_word' id='word_1_723' title='bbox 1873 4892 1943 4922; x_wconf 68' lang='grc'><strong>9³⁵</strong></span> <span class='ocrx_word' id='word_1_724' title='bbox 1975 4894 2209 4964; x_wconf 82' lang='lat' dir='ltr'><strong>majores</strong></span> <span class='ocrx_word' id='word_1_725' title='bbox 2234 4893 2288 4944; x_wconf 72' lang='grc'><strong>2.</strong></span> <span class='ocrx_word' id='word_1_726' title='bbox 2322 4895 2375 4947; x_wconf 78' lang='grc'><strong>5.</strong></span> 
     </span>
    </p>
   </div>
   <div class='ocr_carea' id='block_1_109' title="bbox 339 5106 1282 5177">
    <p class='ocr_par' dir='ltr' id='par_1_109' title="bbox 339 5106 1282 5177">
     <span class='ocr_line' id='line_1_110' title="bbox 339 5106 1282 5177; baseline 0.01 -19"><span class='ocrx_word' id='word_1_727' title='bbox 339 5106 494 5177; x_wconf 67' lang='lat'><strong>(459)</strong></span> <span class='ocrx_word' id='word_1_728' title='bbox 532 5108 738 5162; x_wconf 89' lang='lat' dir='ltr'><strong>Chron.</strong></span> <span class='ocrx_word' id='word_1_729' title='bbox 771 5108 1046 5161; x_wconf 81' lang='lat' dir='ltr'><strong>Camerae.</strong></span> <span class='ocrx_word' id='word_1_730' title='bbox 1079 5107 1124 5169; x_wconf 91' lang='lat' dir='ltr'><strong>l,</strong></span> <span class='ocrx_word' id='word_1_731' title='bbox 1160 5109 1282 5172; x_wconf 77' lang='lat' dir='ltr'><strong>lOI.</strong></span> 
     </span>
    </p>
   </div>
   <div class='ocr_carea' id='block_1_110' title="bbox 267 5178 1847 5252">
    <p class='ocr_par' dir='ltr' id='par_1_110' title="bbox 267 5178 1847 5252">
     <span class='ocr_line' id='line_1_111' title="bbox 267 5178 1847 5252; baseline 0.003 -22"><span class='ocrx_word' id='word_1_732' title='bbox 267 5250 272 5252; x_wconf 90' lang='lat'>_</span> <span class='ocrx_word' id='word_1_733' title='bbox 340 5178 494 5252; x_wconf 49' lang='lat'><strong>(4:60)</strong></span> <span class='ocrx_word' id='word_1_734' title='bbox 537 5178 889 5233; x_wconf 88' lang='lat' dir='ltr'><strong>Leodiensem</strong></span> <span class='ocrx_word' id='word_1_735' title='bbox 952 5187 1102 5232; x_wconf 86' lang='lat' dir='ltr'><strong>antea</strong></span> <span class='ocrx_word' id='word_1_736' title='bbox 1165 5184 1636 5244; x_wconf 80' lang='lat' dir='ltr'><strong>archidiacouum.</strong></span> <span class='ocrx_word' id='word_1_737' title='bbox 1692 5182 1847 5244; x_wconf 85' lang='lat' dir='ltr'><strong>lbid.,</strong></span> 
     </span>
    </p>
   </div>
   <div class='ocr_carea' id='block_1_111' title="bbox 1795 4999 2004 5060">
    <p class='ocr_par' dir='ltr' id='par_1_111' title="bbox 1795 4999 2004 5060">
     <span class='ocr_line' id='line_1_112' title="bbox 1795 4999 2004 5060; baseline 0.038 -8"><span class='ocrx_word' id='word_1_738' title='bbox 1795 4999 2004 5060; x_wconf 55' lang='lat' dir='ltr'><strong>NOTAE</strong></span> 
     </span>
    </p>
   </div>
   <div class='ocr_carea' id='block_1_112' title="bbox 1961 5114 3574 5245">
    <p class='ocr_par' dir='ltr' id='par_1_112' title="bbox 1961 5114 3574 5245">
     <span class='ocr_line' id='line_1_113' title="bbox 1961 5114 3574 5245; baseline -0.002 -71"><span class='ocrx_word' id='word_1_739' title='bbox 1961 5123 2024 5245; x_wconf 41' lang='grc' dir='ltr'><strong>ξς</strong></span> <span class='ocrx_word' id='word_1_740' title='bbox 2074 5121 2524 5242; x_wconf 50' lang='grc' dir='ltr'><strong>Βὲηιιγητιίἰῑθο.</strong></span> <span class='ocrx_word' id='word_1_741' title='bbox 2559 5119 2620 5172; x_wconf 67' lang='lat' dir='ltr'><strong>«il</strong></span> <span class='ocrx_word' id='word_1_742' title='bbox 2674 5127 2729 5172; x_wconf 91' lang='lat' dir='ltr'><strong>et</strong></span> <span class='ocrx_word' id='word_1_743' title='bbox 2763 5114 2898 5169; x_wconf 80' lang='lat' dir='ltr'><strong>Hist.</strong></span> <span class='ocrx_word' id='word_1_744' title='bbox 2957 5116 3014 5170; x_wconf 87' lang='lat' dir='ltr'><strong>S.</strong></span> <span class='ocrx_word' id='word_1_745' title='bbox 3043 5115 3332 5173; x_wconf 87' lang='lat' dir='ltr'><strong>Laurentii</strong></span> <span class='ocrx_word' id='word_1_746' title='bbox 3366 5116 3574 5177; x_wconf 84' lang='lat' dir='ltr'><strong>Leod..</strong></span> 
     </span>
     <span class='ocr_line' id='line_1_114' title="bbox 2013 5204 2491 5245; baseline -0.01 0"><span class='ocrx_word' id='word_1_747' title='bbox 2013 5206 2071 5245; x_wconf 85' lang='lat' dir='ltr'><strong>ll.</strong></span> <span class='ocrx_word' id='word_1_748' title='bbox 2106 5221 2116 5245; x_wconf 76' lang='grc' dir='ltr'><strong>ι</strong></span> <span class='ocrx_word' id='word_1_749' title='bbox 2153 5204 2247 5245; x_wconf 66' lang='grc' dir='ltr'>υἷι-ζ</span> <span class='ocrx_word' id='word_1_750' title='bbox 2277 5233 2286 5245; x_wconf 92' lang='grc'><strong>.</strong></span> <span class='ocrx_word' id='word_1_751' title='bbox 2321 5207 2368 5243; x_wconf 86' lang='lat' dir='ltr'><strong>c.</strong></span> <span class='ocrx_word' id='word_1_752' title='bbox 2478 5227 2491 5240; x_wconf 92' lang='lat'><strong>.</strong></span> 
     </span>
    </p>
   </div>
   <div class='ocr_carea' id='block_1_113' title="bbox 2013 5197 2491 5252">
    <p class='ocr_par' dir='ltr' id='par_1_113' title="bbox 2013 5197 2491 5252">
     <span class='ocr_line' id='line_1_115' title="bbox 2013 5197 2491 5252; baseline -0.013 -6"><span class='ocrx_word' id='word_1_753' title='bbox 2013 5197 2071 5248; x_wconf 91' lang='lat' dir='ltr'><strong>il.</strong></span> <span class='ocrx_word' id='word_1_754' title='bbox 2106 5197 2247 5252; x_wconf 63' lang='lat' dir='ltr'><strong>Mitt:</strong></span> <span class='ocrx_word' id='word_1_755' title='bbox 2277 5233 2286 5246; x_wconf 92' lang='lat'><strong>.</strong></span> <span class='ocrx_word' id='word_1_756' title='bbox 2321 5207 2368 5243; x_wconf 72' lang='grc' dir='ltr'><strong>ε.</strong></span> <span class='ocrx_word' id='word_1_757' title='bbox 2407 5197 2491 5242; x_wconf 80' lang='lat' dir='ltr'><strong>lt).</strong></span> 
     </span>
    </p>
   </div>
  </div>
