4094 5252
287 302 427 359 1097

1160 285 1460 346 ANSELMI
1497 282 1724 340 GESTA
1752 275 2230 334 EPISCOPORUM
2270 259 2704 330 BODIENSIUM:

3399 265 3534 321 1098

288 419 363 471 ra.
392 427 443 471 te
494 411 566 446 m
615 420 675 466 ut
717 409 987 466 credimus
1055 407 1183 464 Deo.
1242 401 1368 456 huic
1410 401 1570 454 beato
1614 409 1732 450 viro
1760 408 1857 446 nec
1890 396 1932 450 Α
1962 389 2077 456 ejus
2126 387 2324 456 frigore
2377 394 2432 438 et
2462 381 2672 453 glaciali
2714 380 2919 434 viarum
2964 376 3259 446 asperitate
3314 375 3536 430 adustos

281 506 554 576 apinanti,
585 503 753 558 immo
784 500 1124 556 amarissime.
1151 495 1319 556 ﬂenti,
1349 491 1588 562 ejusdem
1642 485 1862 557 regendi

281 614 514 655 securus
557 611 744 650 curam
821 591 1111 649 committit
1176 588 1286 658 (un.
1342 581 1544 651 10l8.).
1602 581 1659 633 In
1709 576 1865 645 cujus

287 695 544 748 nimirum
599 690 798 759 gradus
851 685 1084 741 culmine
1136 681 1210 734 nil
1252 679 1318 732 de
1370 674 1566 746 prioris
1618 672 1689 703 °"
1742 671 1865 722 vita:

287 794 434 839 statu
489 783 802 844 remittere,
872 780 1036 832 immo
1097 774 1275 843 rigore
1327 766 1602 821 intentiori
1669 776 1866 832 corpus

291 873 788 935 instititedomare,
836 885 922 932 ne,
988 877 1046 920 ut
1086 867 1161 919 ait
1203 861 1496 931 apostolus,
1529 857 1648 910 aliis
1674 856 1867 924 praedi-

289 984 424 1023 cans
454 969 568 1038 ipse
610 965 872 1034 reprobus
909 960 1216 1015 eﬂiccretur
1239 955 1286 1026 (Ι
1314 954 1434 1007 Cor.
1459 967 1538 1011 ix,
1583 949 1699 1002 27.)
1731 947 1864 1000 Nam

287 1056 882 1130 prretcrcertissimam
917 1069 1021 1122 qua
1070 1051 1170 1103 sub
1218 1046 1389 1099 eettlis
1435 1042 1652 1112 superni
1687 1041 1867 1108 inspe-

287 1151 464 1206 ctoris
506 1150 577 1182 ""
624 1146 821 1201 alllicto
859 1144 1070 1213 corpori
1123 1138 1448 1209 inperitabat
1501 1134 1865 1201 disciplinam,

283 1243 610 1313 jejuniorum
662 1252 716 1295 et
754 1239 1059 1310 vigiliarum
1093 1233 1324 1302 impiger
1358 1238 1619 1282 executor
1661 1225 1863 1278 extitit.

291 1338 378 1392 Nil
407 1337 481 1390 illi
507 1335 715 1390 dulcius
749 1339 889 1396 erat,
921 1343 1083 1400 quam
1119 1325 1161 1379 si
1189 1324 1273 1378 cui
1302 1322 1372 1354 ⁸⁷⁷
1400 1321 1588 1375 itidem
1613 1318 1683 1352 ³⁷⁸
1713 1317 1864 1370 cordi

287 1407 438 1480 esset
464 1425 777 1494 explorare;
825 1433 1053 1490 quorum
1108 1416 1318 1484 aliquos
1361 1412 1403 1464 si
1445 1409 1660 1478 quando
1682 1408 1753 1437 ""
1777 1414 1871 1460 aut

295 1519 350 1571 iu
383 1517 590 1588 angulis
620 1524 711 1570 aut
738 1514 943 1568 circum
973 1508 1166 1564 altaria
1207 1503 1522 1564 invenisset,
1553 1501 1655 1554 hos
1689 1500 1867 1568 magni

287 1613 531 1679 pendere
565 1617 619 1663 et
649 1606 802 1662 donis
847 1606 1120 1658 honorare
1157 1601 1539 1657 consueverat,
1585 1591 1794 1644 nullum
1840 1603 1868 1641 a

293 1717 403 1769 quo
426 1701 593 1755 Deum
627 1698 805 1752 timeri
835 1696 1043 1750 sciebat
1080 1690 1350 1760 negligere
1375 1686 1468 1748 ⁸⁸⁸,
1503 1701 1532 1738 a
1558 1697 1664 1752 quo
1692 1691 1868 1736 autem

295 1767 392 1846 llei
421 1793 657 1846 servitus
685 1789 1072 1860 m-gligeretur,
1102 1782 1300 1838 nullius
1346 1777 1606 1832 momenti
1651 1775 1868 1830 ducere.
1906 1767 1946 1823 Β

295 1885 728 1947 Eidem,statura
763 1894 1008 1950 procero,
1039 1891 1147 1930 non
1175 1889 1242 1927 ex
1265 1885 1428 1926 carne
1455 1869 1546 1923 sed
1583 1883 1644 1922 ex
1669 1867 1871 1921 ossium

294 1979 437 2033 mole
483 1976 808 2032 venerabilis
832 1975 1004 2029 inerat
1027 1966 1383 2039 corpulentia,
1406 1963 1492 2019 cui
1520 1961 1679 2031 dupla
1709 1976 1870 2030 quam

290 2071 516 2126 cuilibet
553 2069 677 2124 exili
714 2081 941 2136 corpore
993 2062 1220 2118 refectio
1269 2066 1414 2113 esset
1454 2055 1783 2112 necessaria,
1818 2063 1874 2106 ut

294 2165 543 2217 videmus
599 2162 651 2214 in
701 2160 1010 2215 hominibus
1056 2154 1342 2226 ejusmodi.
1388 2151 1540 2219 Quod
1580 2149 1653 2182 ⁸⁸⁸
1695 2157 1874 2202 tamen

294 2271 495 2324 corpus
524 2270 679 2308 suum
709 2252 797 2306 tali
829 2250 1200 2322 magnitudine
1243 2255 1453 2300 vastum
1488 2244 1714 2316 cy—bario
1738 2256 1876 2313 parte

293 2359 460 2416 atque
496 2345 617 2400 aliis
639 2345 774 2400 cibis
820 2339 1282 2400 communioribus
1323 2337 1480 2406 longe
1520 2337 1657 2391 citra
1683 2337 1867 2389 saturi-

297 2449 464 2492 tatezu
493 2437 562 2472 ⁵⁸³
596 2437 892 2503 reﬁciebat,
921 2444 976 2489 et
1001 2433 1240 2488 laueiora
1272 2431 1492 2501 quidem
1529 2439 1582 2484 et
1611 2429 1875 2498 exquisita

295 2546 418 2596 quae
445 2529 546 2583 sibi
569 2537 972 2598 apponerentur
993 2526 1264 2591 manibus,
1289 2535 1353 2578 ac
1377 2522 1510 2576 si'ea
1533 2523 1585 2574 in
1604 2529 1880 2575 momento

294 2629 774 2687 esst-tvoraturus,
828 2627 1192 2680 contrectans,
1244 2615 1414 2672 nichil
1453 2615 1518 2668 de
1541 2613 1625 2668 bis
1649 2612 1751 2667 sibi
1803 2612 1883 2665 in-

296 2715 520 2786 dulgere
544 2713 777 2779 volebat,
801 2712 894 2768 sed
923 2712 1103 2768 omnia
1129 2707 1460 2780 pauperibus
1488 2703 1878 2786 distribuebat,

295 2821 361 2861 se
393 2807 661 2876 gulosum,
700 2819 757 2860 se
784 2804 1003 2859 edacem
1051 2817 1173 2858 esse
1204 2793 1489 2871 accusans,
1524 2799 1615 2868 qui
1649 2780 1880 2852 necdum

297 2898 596 2952 multorum
627 2896 711 2952 Vel
739 2895 1065 2961 secularium.
1089 2895 1406 2964 parcitatem
1436 2890 1650 2960 assequi
1680 2896 1884 2959 posset,
1926 2911 1928 2914 τ

299 2992 454 3054 licet,
490 2998 548 3043 ut
585 2987 787 3044 dictum
829 2995 933 3052 est,
994 2986 1152 3054 longe
1201 2985 1381 3039 minus
1425 2997 1588 3052 quam
1641 2982 1888 3035 inmenso

1966 480 2177 540 viderit,
2214 489 2271 530 ut
2295 493 2359 531 ex
2392 493 2489 529 usu
2519 471 2780 545 ejusmodi
2813 467 3269 525 deambulatiouis
3314 467 3535 537 sangui-

1966 587 2088 626 nem
2121 572 2188 625 ab
2219 554 2569 624 interioribus
2593 566 2831 621 elicitum
2861 563 2916 617 in
2953 570 3184 630 utroque
3222 559 3358 630 pede
3405 573 3531 614 eon-

1967 673 2138 718 staret
2169 663 2489 716 occaluisse.

1965 794 2055 850 31.
2120 793 2258 859 Quid
2314 792 2618 862 placatum:
2638 790 3030 914 cirriperntorm
3091 783 3400 839 Heiuricum
3461 783 3543 854 fe-

2037 958 2238 1011 lratum
2290 964 2474 1010 contra
2521 968 2580 1006 se
2612 948 2950 1021 imperatoris
3005 947 3240 1004 lleinriei
3298 949 3536 1003 animum

1969 1051 2302 1122 placatums,
2361 1045 2591 1102 consilio
2639 1059 2857 1098 suorum
2909 1042 3242 1112 aliquantum
3299 1042 3542 1110 pecuniae

1969 1150 2338 1203 contraxerat,
2391 1155 2552 1211 quam
2582 1148 2638 1192 ut
2665 1137 2839 1192 eidem
2871 1136 2942 1168 ⁸⁸³
2977 1151 3074 1205 pro
3121 1135 3296 1220 gratia
3321 1133 3437 1202 ejus
3467 1132 3536 1164 °"

1969 1236 2231 1299 offerret,
2293 1233 2533 1289 Colonia:
2589 1245 2880 1286 occurrere
2931 1229 3328 1284 deliberaverat
3386 1225 3536 1297 (474)

1972 1333 2083 1401 (an.
2127 1327 2304 1398 1020.)
2341 1327 2436 1381 Set
2462 1325 2689 1380 subinde
2735 1330 3040 1376 retractans
3069 1321 3248 1373 animo
3310 1336 3406 1372 cur
3437 1335 3540 1376 non

1956 1423 2159 1494 .pocius
2219 1422 2440 1473 daretur
2491 1415 2732 1486 largitori
2789 1414 3050 1476 (nardum,
3083 1413 3137 1466 in
3176 1412 3328 1481 cujus
3381 1429 3542 1468 manu

1972 1517 2135 1572 corda
2186 1523 2311 1567 sunt
2368 1526 2553 1581 regum
2590 1528 2603 1563 :
2635 1507 2845 1564 offenso
2875 1506 3133 1561 cmlorum
3187 1505 3542 1569 dominatore.

1974 1609 2173 1663 frustra
2207 1619 2482 1661 terrenum
2515 1605 2813 1674 principem
2847 1601 3077 1671 placari;
3112 1600 3348 1669 itemque
3383 1600 3546 1654 Crea.

1977 1711 2094 1756 tore
2122 1701 2198 1771 plr
2225 1709 2354 1763 tato,
2384 1695 2774 1767 quantumlibet
2814 1693 3080 1748 sublimati
3106 1693 3341 1747 hominis
3373 1693 3480 1746 min
3519 1710 3549 1745 ε

1975 1793 2246 1849 contemni
2273 1793 2505 1852 debere;
2537 1780 2700 1856 cmpit
2730 1787 2841 1856 ipsa
2872 1801 2975 1854 qua
3010 1786 3060 1839 in
3085 1785 3383 1839 crastinum
3420 1799 3546 1854 pro-

1973 1886 2216 1942 fecturus
2253 1892 2371 1938 erat
2401 1891 2558 1936 nocte
2602 1895 2721 1948 qua:
2769 1877 3062 1947 collegerat
3093 1877 3320 1931 ﬁdeliter
3340 1877 3552 1946 di-per—

1975 1992 2124 2049 gere,
2165 1985 2218 2030 et
2241 1975 2384 2028 inter
2414 1971 2646 2025 eundum
2674 1967 2808 2022 adeo
2832 1968 3140 2034 expendere
3167 1966 3368 2030 omnia,
3397 1975 3456 2019 ut
3482 1979 3552 2020 ne

1978 2083 2140 2120 unam
2206 2065 2424 2134 quidem
2472 2076 2539 2112 ex
2601 2066 2911 2112 memorate
2970 2054 3210 2124 pecunia:
3241 2071 3451 2110 summa
3478 2055 3549 2110 ad

1977 2158 2296 2229 placandum
2321 2153 2618 2226 principem
2650 2149 2753 2206 sibi
2782 2147 3040 2204 retineret
3069 2147 3349 2229 siliquam.
3363 2147 3551 2221 itaque

1979 2252 2144 2318 fama,
2175 2223 2494 2320 quibusdam
2517 2241 2904 2308 deferentibus,
2934 2243 3000 2296 ad
3031 2257 3188 2297 aures
3211 2223 3555 2312 imperatoris

1979 2350 2340 2414 przecurrerat
2384 2338 2477 2401 ’⁸⁸,
2532 2337 2842 2407 episcopum
2898 2331 3292 2402 Walpodonem
3328 2331 3393 2386 ad
3425 2348 3553 2387 eon-

1980 2437 2269 2494 eiliaadam
2320 2432 2422 2485 sibi
2482 2429 2712 2498 gratiam
2763 2425 2932 2495 ipsius
2985 2440 3090 2478 non
3148 2441 3368 2495 parvam
3433 2427 3551 2478 auri
3615 2420 3617 2423 ’

1982 2527 2299 2599 argentique
2312 2522 2518 2591 capiam
2543 2519 2784 2588 coegisse
2804 2516 2901 2581 ’3’;
2931 2531 3052 2570 cum
3076 2531 3222 2580 ecce,
3254 2527 3548 2586 expectans
3615 2539 3620 2544 -

1982 2620 2198 2690 quando
2233 2618 2348 2670 hazc
2395 2614 2459 2668 ad
2484 2625 2755 2666 cameram
2807 2624 2959 2663 suam
2999 2608 3304 2674 afl'crretur,
3351 2609 3547 2663 iterum
3614 2603 3620 2610 ’

1983 2713 2136 2769 audit
2186 2711 2492 2778 deputatam
2545 2704 2644 2758 sibi
2676 2711 2754 2766 ut,
2787 2701 3089 2756 crediderat
3134 2701 3228 2766 κο,
3268 2703 3553 2772 pecuniam
3617 2721 3620 2726 '

1983 2799 2310 2874 pauperibus
2341 2809 2461 2850 esse
2499 2792 2863 2846 distributam.
2917 2790 2980 2844 Et
3003 2789 3074 2844 lie
3109 2797 3130 2842 ι
3179 2790 3230 2844 in
3279 2791 3396 2846 aliis
3423 2806 3555 2845 sane
3615 2813 3618 2816 λ

1987 2895 2284 2968 perfectura
2327 2887 2492 2955 aliqui
2529 2883 2599 2916 m
2629 2881 2959 2937 contendant
3004 2880 3146 2935 hunc
3189 2882 3554 2938 orthodoxum

1993 2989 2168 3041 virum
2200 2989 2387 3036 contra
2417 2975 2710 3030 avarieiam
2743 2972 2920 3026 minus
2973 2969 3334 3032 consuluisse,
3367 2971 3420 3025 in
3453 2973 3556 3027 hoc

295 3083 374 3116 ’⁸³
405 3078 1413 3152 CorporisummmViCl|1530CiP°r3L
1446 3074 1736 3128 Enimvero
1759 3085 1884 3126 cum
1911 3109 1956 3171 ρ
1990 3075 2171 3134 tamen
2216 3073 2362 3126 facto
2392 3064 2720 3121 venerabilis
2763 3062 3000 3132 episcOpi
3051 3063 3323 3131 aequitatis
3367 3075 3558 3119 contra
3617 3063 3622 3068 ”

306 3177 364 3229 in
400 3190 581 3228 mensa
617 3174 715 3228 sibi
761 3171 1134 3242 parcissimus,
1167 3169 1496 3239 pauperibus
1521 3173 1667 3220 esset
1695 3165 1883 3217 huma-

299 3267 587 3330 nissimus,
638 3275 746 3317 tum
793 3263 927 3318 alias
953 3262 1025 3295 ⁸⁸⁸
1059 3261 1446 3317 nichilominus
1494 3258 1885 3327 cujuscumque

301 3359 450 3412 modi
482 3357 666 3426 egenis
705 3356 926 3426 largitor
950 3362 1073 3409 erat
1097 3363 1204 3407 tam
1236 3351 1496 3423 proﬁuus,
1522 3361 1582 3404 ut
1609 3363 1883 3418 quacum-

303 3466 415 3519 que
469 3450 569 3504 sibi
629 3449 728 3518 ipsi
777 3455 957 3518 posset
1015 3444 1156 3500 ﬁdeli
1187 3444 1330 3499 furto
1357 3443 1702 3504 subtrahere,
1749 3435 1884 3492 nihil

301 3558 446 3612 pene
501 3541 602 3595 sibi
642 3540 914 3603 ra-tinens,
969 3553 1066 3608 per
1108 3553 1300 3591 manus
1341 3549 1638 3605 pauperum
1697 3530 1884 3585 omnia

305 3633 525 3687 Christo
584 3633 812 3686 reddere
864 3646 969 3684 non
1033 3636 1292 3683 cessaret.
1348 3626 1503 3682 Unde
1570 3625 1886 3696 plerumque

303 3726 492 3796 pallia,
549 3725 767 3794 tapetia,
823 3723 906 3776 vel
956 3721 1210 3792 quieiibet
1256 3717 1513 3790 episcopii
1565 3725 1883 3770 oriramenta

301 3826 497 3872 contra
530 3830 817 3886 pauperes,
869 3814 958 3884 qui
1003 3827 1066 3866 ea
1116 3810 1398 3865 nocturnis
1451 3807 1598 3861 horis
1627 3821 1656 3860 a
1688 3807 1887 3860 domno

307 3911 544 3983 przcsnle
591 3909 950 3978 accepissent.
986 3905 1169 3978 precio
1199 3919 1307 3973 quo
1331 3908 1556 3972 possent
1587 3913 1615 3953 a
1644 3913 1888 3954 camera-

307 4004 409 4058 riis
439 4003 626 4059 redimi
676 4017 812 4072 opus
854 4007 991 4055 erat.
1040 3995 1179 4066 Quid
1209 3997 1276 4050 de
1313 3993 1513 4065 vigiliis
1542 4000 1600 4045 et
1629 3991 1890 4046 orationi-

307 4093 437 4159 bus,
491 4095 689 4164 quibus
739 4090 1070 4161 exequendis
1117 4088 1254 4143 adeo
1307 4084 1584 4141 studiosus
1634 4090 1775 4145 erat,
1830 4089 1891 4136 ut

311 4187 514 4240 multas
539 4186 797 4240 hibernas
815 4192 1001 4238 noctes
1038 4183 1310 4236 insomnes
1367 4177 1730 4238 continuaret,
1767 4188 1890 4227 san-

309 4287 524 4332 ctorum
555 4277 737 4330 limina
782 4273 1111 4331 circueundo
1137 4279 1191 4324 et
1221 4276 1517 4340 pauperum
1550 4279 1762 4327 manus,
1796 4266 1890 4332 qui

311 4385 436 4425 sese
456 4383 550 4437 per
572 4378 695 4422 nota
716 4367 925 4421 viarum
953 4362 1270 4418 diverticula
1298 4359 1635 4420 divisissent,
1661 4355 1892 4424 largiter

1987 3188 2044 3228 se
2071 3171 2243 3240 ipsum
2269 3174 2555 3219 censuram
2583 3157 2772 3213 tenuit.
2807 3157 2868 3209 Et
2896 3156 3010 3225 qui,
3037 3154 3079 3209 si
3108 3153 3562 3225 carnalcsseque-

1986 3273 2137 3320 retur
2167 3257 2413 3322 affectus,
2454 3264 2777 3323 succensere
2801 3249 2877 3281 ἠ
2900 3247 3154 3312 habebat,
3177 3261 3244 3301 ex
3281 3247 3563 3316 splendido

1985 3355 2056 3391 ⁸⁸³
2108 3354 2197 3410 illo
2244 3366 2342 3406 suo
2371 3355 2684 3416 contemptu
2726 3341 2865 3397 unde
2899 3357 3022 3396 eum
3069 3340 3303 3412 amplius
3353 3352 3566 3396 amaret

1985 3447 2214 3512 invenit,
2250 3455 2513 3509 suamque
2541 3451 2738 3492 vanam
2777 3433 3078 3504 potentiam
3114 3426 3178 3488 in
3216 3433 3320 3488 hac
3344 3443 3500 3504 parte
3529 3450 3560 3487 a

1985 3541 2129 3597 bono
2180 3534 2462 3590 sacerdote
2521 3530 2756 3586 derisam
2799 3542 2919 3583 esse
2971 3526 3169 3595 oppido
3203 3527 3422 3597 gavisus
3452 3533 3559 3580 est.

1989 3632 2189 3701 Sicque
2238 3626 2409 3695 magis
2437 3621 2650 3677 celebre
2683 3618 2843 3688 hujus
2883 3633 3077 3672 nomen
3125 3616 3366 3687 episcopi
3397 3615 3567 3671 nichil

1987 3719 2270 3793 largiendo
2297 3719 2349 3772 in
2376 3717 2496 3771 aula
2520 3713 2676 3783 regia
2719 3720 2803 3768 est
2845 3711 3117 3768 effectum,
3145 3723 3306 3776 quam
3333 3707 3564 3762 aliorum

1987 3824 2326 3885 quorumque
2377 3807 2690 3878 praesulem,
2717 3803 3088 3876 qni,creditas
3138 3802 3238 3856 sibi
3271 3801 3567 3873 spoliantes
3619 3843 3624 3849 .

1987 3903 2284 3969 weelesias,
2319 3901 2512 3954 mimos
2543 3908 2875 3965 eaeterosqne
2903 3892 3172 3964 palatinos
3199 3908 3363 3947 canes
3389 3893 3566 3948 ditare

1989 3995 2350 4054 contendunt.
2385 3991 2595 4062 ipsique
2627 3988 2948 4044 scurrilibus
2986 3984 3324 4055 stultiloquio
3357 3993 3413 4038 et
3443 3993 3563 4039 tur-

1987 4085 2231 4160 pissimis
2286 4084 2433 4139 circa
2489 4095 2648 4151 reges
2697 4077 3099 4134 adulationibus
3141 4076 3405 4131 inservire
3455 4089 3564 4130 non
3613 4062 3618 4066 ’

1989 4179 2334 4234 erubescunt.
2381 4173 2556 4244 Hujus
2581 4170 2777 4226 veteris
2825 4168 3058 4238 novique
3116 4165 3288 4221 morbi
3334 4167 3565 4222 antistes
3617 4220 3623 4226 ,

1991 4271 2080 4328 hic
2109 4277 2294 4324 noster
2314 4266 2538 4321 omnino
2565 4263 2822 4328 inmunis,
2867 4261 3005 4315 male
3032 4259 3360 4315 blandientis
3396 4257 3564 4312 seculi
3613 4310 3623 4325 ._

1989 4361 2258 4418 lenocinia
2310 4358 2530 4414 fortiter
2554 4356 2822 4417 ealcabat,
2854 4355 2917 4409 ad
2957 4351 3198 4408 coelestia
3240 4360 3355 4406 toto
3404 4352 3570 4406 corde

311 4459 604 4530 replendo?
638 4457 903 4514 Attestari
949 4454 1087 4510 solet
1113 4453 1330 4523 quidam
1385 4451 1452 4506 de
1504 4449 1588 4503 his
1611 4447 1702 4518 qui
1731 4445 1892 4500 fami-
1917 4450 2340 4526 Dsuspirabar,
2397 4455 2454 4501 et
2481 4460 2578 4518 per
2637 4444 2772 4498 duos
2823 4442 2990 4497 semis
3039 4454 3210 4494 annos
3263 4439 3460 4508 quibus
3514 4439 3567 4493 in

312 4551 505 4606 liarius
528 4551 630 4606 sibi
672 4549 1028 4612 adherebant,
1058 4545 1202 4616 quod
1228 4544 1369 4598 inter
1398 4539 1689 4594 lavandum
1718 4537 1885 4606 pedes

1993 4545 2306 4615 episcopatu
2331 4539 2463 4596 vixit
2508 4537 2679 4611 (475),
2710 4545 2906 4609 praeter
2933 4540 3286 4604 spontaneum
3309 4547 3417 4603 qua
3448 4528 3569 4587 coré

1599 4667 1829 4725 VARIE
1865 4662 2266 4723 LECTIONES.

399 4798 472 4830 ’⁷⁸
497 4797 806 4866 insperante
832 4797 888 4866 1.
909 4793 966 4847 2.
990 4806 1127 4866 corr.
1162 4785 1539 4866 inspirante-5.
1563 4782 1617 4836 4.
1657 4851 1670 4866 1
1789 4777 1934 4866 ita-1“.
1957 4787 2004 4832 et
2052 4783 2192 4866 elog.
2220 4772 2463 4866 W:lb:d.
2786 4767 2922 4866 9.33.
2939 4765 3240 4866 Mitt-inp?

314 4871 391 4902 ’⁷⁷
415 4839 1139 4940 sicin-A01:-ufnvaliigiuddit.
1162 4839 1275 4913 1ft
1290 4839 1374 4889 θέτ’
1425 4851 1708 4940 aliqnan'do
1733 4849 1815 4940 1h
1961 4839 2256 4940 tteélCé;;:tt
2366 4844 2431 4940 3..
2493 4841 2674 4940 "‘lqu‘i
2699 4839 2753 4891 4.

315 4918 564 5020 mnis.
589 4918 640 4991 Ei
669 4937 800 5038 ειορ.
857 4930 1099 4990 Wolbod.
1128 4929 1428 4983 inmensum
1457 4918 1584 4984 tia.
1617 4921 1671 4974 3.
1709 4919 1815 5000 _'“
1846 4918 1961 4972 aliis
1989 4924 2030 4985 4

315 5009 394 5042 ’⁸⁷
420 5024 464 5063 et
488 5011 540 5063 '5.
567 5007 620 5062 ι.
695 5007 740 5039 ’⁸
799 5008 1145 5076 pereurrerat
1190 5002 1242 5054 5.
1275 4997 1330 5051 Il.
1427 4993 1496 5026 ’⁸³
1533 4992 1814 5057 collegisse
1849 4987 1900 5042 5.
1936 4989 1991 5050 4,

835 5008 1145 5059 ercurrerat
1190 5002 1242 5054 5.
1275 4997 1330 5051 Il.

633 5077 702 5109 ’”
739 5069 1003 5146 splendido
1035 5069 1084 5121 1.

315 5009 394 5042 ’⁸⁷
420 5010 464 5063 ei
488 5011 540 5063 5.
567 5007 620 5062 4.
695 5007 740 5039 ’⁸

318 5081 451 5136 dere
475 5080 528 5132 5.

1743 5236 1754 5247 .
1818 5145 2128 5252 forat.

1427 4993 1496 5026 ³⁸³
1533 4977 1814 5057 collegisse
1849 4987 1900 5042 5.
1936 4977 2068 5050 4,“
2125 4996 2198 5040 νο
2227 4977 2664 5044 credideret1.2.

3241 4764 3410 4818 ctoris
3443 4767 3489 4818 l.
3517 4767 3575 4820 2.

2839 4838 2911 4868 ’⁸³
2939 4837 3319 4889 saturnitatem
3355 4834 3406 4895 1,
3429 4836 3482 4887 ‘2.
3521 4837 3573 4886 3.

2775 4906 2846 4938 ⁸⁸⁸
2871 4904 3044 4959 eidem
3098 4914 3211 4968 post
3252 4901 3579 4957 Colonich-

2768 4976 2837 5007 ⁹⁹ί
2862 4973 3064 5043 aliquid
3089 4974 3146 5026 5.
3241 4971 3312 5002 ’⁸⁸
3355 4989 3582 5028 succen-

2164 4907 2234 4955 δδδ
2271 4916 2307 4970 l.
2338 4914 2530 4968 iratum
2551 4911 2606 4964 '5.
2642 4907 2696 4960 6.

2467 5230 2500 5252 Ξι
2535 5229 2776 5252 Anan-ulna
