4042 5300
483 307 622 366 1009

1014 305 1338 366 HERIGERI
1370 307 1458 365 ET
1495 305 1794 364 ANSELMI
1826 305 2048 363 GESTA
2082 305 2278 363 EPISC
2320 350 2332 363 .
2364 307 2406 364 Τ
2411 308 2618 367 ANGR.
2656 306 2847 366 TRAJ.
2880 309 2971 367 ET
3003 305 3207 367 LEOD.

3631 306 3771 366 1100

480 441 588 499 pus
640 424 889 482 servituti
932 425 1181 483 subicere.
1242 442 1350 482 non
1389 426 1644 482 cessabat
1696 424 2066 491 alllictiouem,
2098 429 2143 487 Α
2173 425 2367 481 deinde
2414 427 2868 494 circumstantes,
2911 428 3031 485 sine
3077 425 3482 483 intermissione
3529 427 3771 497 psallere

480 519 735 574 continua
806 517 1071 574 stomachi
1122 518 1438 573 inﬁrmitate
1504 517 1775 573 laboravit
1802 557 1826 581 ,.
1889 529 2065 586 eoque

481 609 552 649 ἰδ
582 609 754 680 magis
775 610 970 663 anima:
996 608 1141 663 vires
1177 609 1460 673 roborans,
1493 622 1623 680 erga
1674 590 1935 664 subdiios'
1955 616 2063 660 tam

480 700 702 755 monitis
726 715 888 770 quam
914 699 1176 770 exemplis
1213 698 1619 756 azcclesiasticis
1648 698 1885 770 rigorem
1914 698 2066 753 ausit

481 791 801 861 disciplinis.
848 790 1108 860 Multique
1145 806 1176 846 a
1212 790 1452 857 levitate,
1480 806 1643 861 quam
1676 799 1821 846 retro
1851 789 2067 846 fuerant

481 885 691 943 Sectati,
724 884 789 936 ad
818 883 1136 953 gravitatem
1161 898 1374 953 morum
1401 882 1673 949 conversi,
1702 882 1860 937 inniti
1896 882 2064 937 vesti-

478 975 583 1043 giis
607 974 917 1031 sanctitatis
940 974 1216 1048 ejussunt
1243 973 1451 1030 conati.

506 1062 509 1065 ’
941 1067 1030 1122 55.
1064 1066 1141 1121 De
1165 1067 1435 1121 vocatione
1462 1065 1600 1135 ejus.

547 1158 874 1224 Celebratis,
936 1168 998 1213 ut
1057 1159 1288 1225 solebat,
1321 1158 1375 1212 in
1410 1158 1680 1229 spirituali
1731 1157 2066 1226 jocnnditate

477 1252 694 1320 pascbte
718 1249 911 1327 diebus
939 1250 1048 1321 (an.
1083 1251 1245 1318 1021,
1275 1252 1405 1322 Apr.
1432 1251 1489 1321 2)
1508 1292 1522 1317 ,
1551 1252 1717 1307 sentit
1748 1266 1807 1306 se
1836 1262 2066 1307 vocante

478 1342 591 1398 Deo
617 1344 683 1397 ad
710 1344 1006 1414 perheunis
1038 1346 1253 1414 paschae
1302 1345 1497 1417 gaudia
1548 1344 1793 1413 invitari,
1833 1362 1958 1402 eum
1983 1346 2066 1401 in-

477 1444 832 1508 gravescente
881 1436 1103 1506 quidem
1138 1438 1332 1493 morbo
1360 1445 1686 1509 praemortua
1701 1438 1930 1495 ulterius
1956 1452 2063 1494 non

475 1526 666 1585 valens
691 1535 999 1584 sustentare
1034 1531 1301 1596 membra,
1351 1529 1598 1601 spiritum
1625 1530 1764 1586 caelo
1797 1531 2063 1587 intentum

476 1620 779 1689 psalmodia
809 1619 880 1652 ⁸³⁸
903 1629 958 1676 et
977 1620 1173 1677 divina:
1203 1621 1335 1694 legis
1361 1622 1718 1678 meditatione
1745 1623 2061 1689 roborabat,

478 1710 677 1766 vilibus
731 1721 1035 1770 stramento
1073 1722 1128 1769 et
1178 1715 1486 1786 superjecto
1512 1715 1690 1772 nudus
1742 1701 2063 1790 incumbens

2165 533 2264 588 pro
2289 519 2370 574 sui
2407 519 2585 574 exitus
2610 521 2982 590 expectatione
2999 561 3014 585 .
3050 520 3165 591 ipse
3191 520 3514 591 incipiendis
3535 518 3771 590 psalmis

2130 644 2135 647 -
2164 610 2512 683 antipbonas,
2548 611 2785 682 itemque
2815 611 3068 668 ﬁniendis
3098 610 3355 668 collectas
3383 610 3682 681 inponens;
3712 620 3773 664 et

2164 711 2225 758 ut
2262 702 2367 758 hoc
2395 701 2658 758 eﬂlcatius
2694 701 2781 758 vel
2825 702 3014 772 pocius
3055 710 3281 773 posset,
3314 716 3377 758 os
3419 709 3477 758 et
3522 701 3767 771 linguam

2164 794 2345 851 vicina
2382 792 2496 863 jam
2547 805 2720 850 morte
2765 794 3023 851 siccatam
3062 810 3204 866 aqua
3255 794 3435 850 infusa
3480 792 3768 850 madclieri

2114 880 2119 885 ’
2159 885 2405 957 iubebat.
2435 885 2673 940 Tandem
2701 884 2882 967 oblata
2909 883 3208 941 Salvatoris
3228 884 3474 941 cruciﬁxi
3502 884 3767 956 imagine,

2164 979 2341 1049 capud
2384 994 2541 1034 suum
2583 976 2822 1047 ejusdem
2873 979 3012 1050 petit
3058 979 3335 1036 admoveri
3382 977 3660 1049 vestigiis,
3709 988 3769 1033 et

2166 1070 2310 1125 inter
2351 1070 2698 1126 salutandum
2742 1078 2800 1126 et
2843 1070 3151 1142 inexplebili
3194 1070 3477 1127 dulcedine
3524 1072 3762 1126 adoscu—

2165 1162 2385 1219 laudum
2415 1163 2488 1196 "’
2521 1162 2784 1219 cruciﬁso
2814 1162 3063 1228 Domino,
3099 1162 3254 1233 cujus
3292 1164 3583 1233 imaginem
3623 1163 3766 1220 foris

2166 1256 2619 1326 amplectebatur,
2666 1254 2899 1311 reddidit
2941 1246 3191 1326 spiritttm
3226 1254 3377 1326 (476)
3422 1256 3538 1327 (an.
3584 1256 3763 1320 1021,

2164 1349 2293 1419 Apr.
2323 1348 2439 1420 2|).
2469 1347 2551 1402 Ad
2578 1346 2734 1416 cujus
2768 1362 2966 1417 corpus
3004 1347 3055 1401 in
3098 1346 3240 1401 beati
3282 1344 3564 1401 Laurentii
3611 1361 3763 1401 mar-

2167 1439 2287 1493 tiris
2312 1438 2643 1493 monasterio
2674 1435 2996 1492 tumulatum
3022 1435 3169 1508 (477)
3196 1435 3528 1507 quicumque
3555 1450 3624 1492 ex
3655 1435 3763 1493 ﬁde

2163 1542 2376 1605 petunt,
2403 1533 2607 1588 diversi
2624 1516 2850 1604 generis
2881 1533 3200 1605 languorum
3244 1513 3569 1589 medicinam
3602 1534 3758 1589 inve-

2168 1627 2364 1693 niunt,
2413 1627 2638 1699 ejusque
2679 1626 2995 1682 meritorum
3037 1626 3179 1697 apud
3238 1626 3410 1683 Deum
3464 1625 3759 1683 eﬂicatiam

2168 1726 2279 1772 tum
2310 1734 2374 1772 ex
2403 1733 2489 1773 me
2513 1717 2651 1788 ipso,
2676 1727 2793 1772 tum
2822 1731 2888 1771 ex
2918 1716 3037 1772 aliis
3064 1733 3186 1773 sum
3209 1726 3492 1788 expertus,
3521 1733 3760 1788 quorum

475 1803 675 1871 cilicio,
728 1802 1053 1875 fratresque,
1118 1806 1210 1877 qui
1268 1807 1371 1863 sibi
1421 1807 1773 1874 assistebant,
1819 1806 2064 1863 saluber-
2093 1801 2295 1864 Bnota
2336 1807 2471 1864 fides
2509 1818 2565 1864 et
2608 1808 2906 1863 auctoritas
2940 1807 3009 1863 de
3058 1808 3134 1864 rei
3170 1817 3336 1880 gestae
3370 1809 3603 1864 veritate
3650 1824 3761 1865 non

475 1896 617 1963 rima
664 1893 1074 1977 Texhortatione
1137 1907 1451 1969 contestans
1527 1910 1587 1955 ut
1653 1914 1775 1955 eam
1810 1939 1828 1964 ,
1898 1913 2060 1972 quam

475 1988 581 2044 sibi
636 1987 843 2045 instare
890 2000 1196 2058 cernerent,
1256 1993 1444 2046 horam
1508 1992 1763 2062 presenti
1812 1990 2063 2063 exemplo

476 2080 830 2137 reformidare
879 2077 1168 2138 discerent.
1228 2082 1474 2154 Cumque
1526 2083 1667 2139 idem
1727 2084 1910 2155 sepius
1961 2085 2065 2142 ite-

479 2181 684 2238 rasset,
743 2186 1038 2230 conversus
1087 2175 1156 2230 ad
1200 2174 1502 2231 Johaunem
1576 2176 2059 2245 arcliidiaconum,

476 2262 660 2335 postea
683 2265 1054 2336 praepositum,
1086 2266 1187 2336 ipsi
1216 2268 1509 2323 identidem
1535 2267 1949 2334 inculcabat'",
1976 2284 2065 2325 ne-

476 2354 805 2427 minemque
839 2372 870 2411 a
925 2356 1130 2413 foribus
1159 2359 1350 2415 domus
1384 2360 1438 2415 in
1480 2375 1583 2430 qua
1608 2359 1827 2430 jacebat
1886 2362 2062 2417 arceri

476 2449 685 2513 volens,
738 2447 989 2504 omnibus
1034 2450 1285 2506 admissis
1333 2450 1418 2507 sui
1457 2452 1736 2508 morientis
1788 2453 2067 2522 prabebat

474 2542 865 2614 spectaculum,
905 2551 968 2599 ut
1007 2552 1158 2601 tanto
1191 2547 1389 2617 cuique
1418 2562 1515 2603 sua
1538 2562 1666 2603 caro
1691 2547 1746 2602 in
1784 2547 2064 2617 pulverem

474 2635 769 2708 redigenda
811 2635 1114 2704 vilesceret,
1144 2647 1353 2709 quanto
1403 2638 1667 2709 abiectius
1690 2639 1832 2694 hanc
1861 2638 1915 2693 in
1944 2639 2063 2709 epi-

430 2720 445 2729 ”
473 2742 640 2799 scopo
673 2728 846 2784 emori
879 2728 1145 2785 viderent.
1177 2730 1288 2787 Nec
1334 2729 1555 2805 deluere
1600 2729 1816 2786 interim
1853 2729 2063 2801 antiqui
2090 2722 2093 2729 “

473 2818 631 2898 illius
652 2820 905 2878 draconis
934 2821 1166 2889 insidia),
1186 2823 1302 2893 qui,
1339 2837 1489 2880 more
1520 2838 1619 2879 suo
1644 2821 1932 2894 explorare
1966 2837 2064 2878 vo-

474 2909 595 2966 lens
642 2910 688 2965 si
741 2910 871 2982 quid
900 2925 1070 2967 suum
1104 2913 1158 2967 in
1198 2913 1510 2984 egrediente
1541 2913 1609 2946 ⁸³⁷
1652 2921 1840 2969 sancta
1882 2913 2063 2969 anima

474 3001 768 3068 inveniret,
793 3010 1015 3074 propter
1039 3004 1266 3075 vestigia
1289 3004 1523 3074 jacentis
1552 3005 1745 3062 astitit.
1778 3005 1948 3073 Quem
1974 3005 2065 3063 ille

472 3096 653 3151 visum
686 3096 939 3166 agnovit,
978 3112 1103 3152 mox
1149 3099 1355 3154 orando
1391 3114 1515 3155 cum
1552 3099 1865 3171 aspersione
1909 3113 2063 3171 aquae

2163 1898 2294 1953 sinit
2321 1896 2592 1953 dubitare.
2620 1896 2750 1964 Quae
2774 1913 2876 1965 nos
2897 1896 3024 1952 huic
3048 1898 3311 1969 opusculo
3342 1899 3585 1954 inserere
3606 1897 3761 1954 devs-

2111 2049 2115 2053 .
2165 1994 2399 2051 tavimus
2433 1991 2551 2058 ‘°°",‘
2597 1992 2796 2063 partim
2829 1993 2954 2062 quia
2997 1991 3087 2025 ¹⁰⁶¹
3122 1993 3190 2047 ad
3232 1991 3336 2061 alia
3385 1992 3758 2059 festinamus,

2162 2086 2359 2158 partim
2411 2083 2537 2155 quia
2593 2081 2685 2115 ³⁰⁰¹
2734 2083 2801 2137 de
2855 2081 3024 2138 relatu
3078 2082 3463 2138 miraculorum
3515 2083 3760 2138 nondum

2162 2178 2479 2251 pervulgato
2506 2174 2796 2243 dijudicari
2827 2172 3158 2240 devitamus.
3189 2174 3284 2230 sed
3308 2174 3544 2244 posteris
3575 2174 3758 2230 ﬁdeli-

2165 2280 2244 2326 ter
2276 2268 2559 2326 scribenda
2594 2267 2950 2336 relinquimus
2978 2265 3152 2338 (478).

2532 2426 2535 2429 _
2563 2360 2654 2414 56.
2695 2357 2773 2413 De
2800 2356 3060 2414 Durando
3086 2358 3346 2427 episwpo.

2235 2450 2695 2521 Quadragesimus
2740 2464 2917 2504 nonus
2960 2448 3286 2520 subrogatus
3330 2457 3414 2505 est
3460 2448 3755 2507 Durandus

2164 2542 2312 2615 (479)
2356 2545 2467 2612 (an.
2507 2537 2699 2608 1021),
2734 2548 2893 2593 natus
2928 2538 3146 2608 quidem
3189 2554 3254 2594 ex
3286 2539 3478 2594 humili
3517 2555 3751 2611 genere,

2162 2649 2445 2692 servorum
2468 2633 2751 2688 memorati
2778 2630 3093 2687 Godescalci
3124 2633 3426 2703 praepositi,
3449 2634 3543 2688 sed
3565 2633 3753 2688 admo-

2164 2728 2290 2782 dum
2326 2723 2530 2795 pollens
2558 2722 2839 2778 nobilitate
2870 2720 3093 2793 ingenii.
3132 2722 3210 2777 De
3244 2738 3353 2792 quo
3378 2721 3555 2777 fertur
3582 2725 3751 2793 quod,

2164 2833 2288 2875 cum
2320 2817 2460 2871 idem
2495 2813 2744 2869 dominus
2775 2827 2906 2869 suus
2941 2826 3135 2868 manus
3165 2811 3268 2868 sibi
3312 2814 3441 2868 dare
3471 2813 3657 2881 vellet,
3692 2822 3754 2870 ut

2162 2922 2283 2963 mos
2311 2913 2423 2972 εει,
2464 2913 2517 2960 ει
2550 2912 2950 2959 sacramentum
2981 2901 3185 2968 facere,
3218 2916 3343 2956 cum
3370 2918 3567 2973 magna
3596 2919 3750 2961 τετο-

2163 2998 2338 3054 rentia
2370 2998 2436 3052 de
2470 2996 2600 3051 sede
2636 2993 2927 3065 episcopali
2958 2993 3133 3049 eidem
3177 2991 3270 3026 ¹⁰⁹¹
3304 2995 3671 3050 assurrewit
3694 3004 3751 3052 et

2165 3092 2268 3147 hoc
2298 3090 2414 3146 ﬁeri
2450 3089 2723 3144 humiliter
2752 3087 3126 3152 recusaverit,
3173 3101 3429 3144 asserens
3465 3102 3528 3144 se
3562 3087 3754 3159 pocius

473 3163 775 3243 benedictie
800 3187 997 3258 repulit
1024 3201 1041 3242 :
1074 3188 1440 3260 Nequaquam,
1474 3163 1758 3261 inquiens,
1789 3208 1819 3245 ο
1845 3163 2068 3246 uelem.
2092 3163 2138 3227 (ἶ
2169 3196 2388 3238 servum
2400 3178 2619 3234 domino
2634 3192 2734 3233 suo
2754 3177 2990 3241 debitam
3013 3176 3329 3234 servitutem
3355 3177 3745 3234 exhibitas-um.

479 3277 679 3332 tissime
716 3278 1047 3357 tenebrarum
1087 3280 1305 3346 accola,
1347 3281 1576 3336 donante
1608 3282 1715 3337 Deo
1753 3282 1849 3337 tibi
1883 3274 2065 3354 praeda

476 3383 601 3433 ero;
632 3367 832 3423 nullam
860 3378 1061 3438 partem
1095 3370 1370 3442 habiturus
1400 3388 1516 3426 cum
1542 3372 1803 3439 sinistris,
1834 3371 1966 3427 lucis
1991 3371 2066 3405 ⁸⁹⁸

476 3459 751 3516 mansione
793 3458 1080 3530 fruiturum
1123 3477 1204 3517 me
1246 3462 1454 3531 conﬁdo
1501 3480 1620 3519 cum
1661 3464 1882 3521 dextris.
1928 3463 2063 3521 Orat

2531 3268 2619 3323 57.
2661 3268 2740 3323 De
2770 3266 3103 3339 Reginhardo
3133 3269 3396 3349 episcopo.

2235 3363 2371 3420 Huic
2399 3361 2654 3419 defuncto
2682 3360 2829 3430 (480)
2859 3369 2916 3415 et
2944 3358 3082 3429 apud
3112 3358 3370 3415 Sanctum
3392 3358 3749 3416 Laurentium

2161 3459 2425 3518 tumulato
2447 3456 2593 3531 (481)
2616 3454 2878 3512 successit
2895 3453 3270 3525 Regiuhardus
3287 3453 3435 3526 (482)
3452 3453 3567 3525 (an.
3590 3453 3746 3518 £025,

1780 3596 2016 3655 nam
2055 3593 2498 3675 LECTIONES..

546 3693 619 3727 ὀδ
664 3707 769 3763 que
797 3692 938 3747 deest
973 3689 1113 3763 5.4.
1180 3690 1252 3736 ’ἰ
1282 3689 1610 3763 psalmorum
1646 3690 1703 3746 4.
1749 3691 1848 3763 ,⁸⁵⁸
1873 3692 2153 3763 inculcare
2172 3690 2316 3763 cepit
2340 3687 2477 3763 5.}.

2588 3683 2659 3717 m
2699 3697 2856 3738 suum
2899 3679 3238 3754 ingrediente
3275 3679 3325 3754 l_.
3371 3681 3427 3754 2.
3484 3697 3531 3738 8-
3603 3699 3755 3754 (Ἔνθ’

480 3766 661 3819 cliente
685 3750 740 3819 Β.
767 3763 823 3817 4.
856 3763 909 3817 in
936 3761 1247 3834 egrediente
1271 3750 1369 3816 Ch.
1445 3762 1516 3834 θέε
1541 3763 1616 3815 ita
1647 3762 1702 3834 1.
1733 3760 1833 3818 Ch.
1862 3763 1999 3834 elog.
2031 3761 2207 3834 Wall).
2240 3750 2369 3834 licet
2392 3759 2452 3834 β.
2487 3756 2626 3834 5.}:
2683 3754 2776 3834 .9"
2796 3750 3235 3834 deoscitlanndum.
3273 3750 3340 3834 4._
3362 3750 3462 3807 Ch.
3488 3824 3504 3834 _
3542 3750 3755 3834 "fde-

477 3836 788 3906 putavimus
812 3846 951 3889 corr.
971 3828 1344 3889 devitavitnus
1369 3834 1419 3888 1.
1454 3832 1834 3904 deputavimus
1861 3835 1916 3891 5.
1946 3828 2004 3888 4.
2084 3832 2176 3864 ²⁰⁰¹
2208 3830 2353 3903 quod
2379 3828 2433 3883 4.

2520 3826 2614 3859 ¹⁶⁰²
2647 3824 2744 3880 sic.
2784 3823 2837 3878 4.
2879 3821 2980 3895 ipsi
3034 3817 3132 3875 Ch.
3188 3818 3431 3891 ejusdem
3483 3824 3535 3878 1.
3583 3824 3641 3879 2.
3695 3826 3751 3880 5.

2000 3947 2235 4006 NOTE.

549 4041 699 4113 (176)
737 4058 791 4097 ιι
842 4040 962 4113 Kal.
1004 4038 1150 4105 Mai.,
1182 4039 1398 4097 Necrel.
1446 4040 1805 4108 Stabulense,
1847 4039 2063 4097 Necrol.

478 4111 650 4171 Leod.
679 4122 733 4167 ct
760 4112 1030 4183 ngidius.

518 4183 701 4310 1(477)
739 4180 1185 4250 Aufatisjitteris
1208 4181 1313 4238 hoc
1335 4182 1567 4238 habetur
1588 4190 1869 4238 exaratum
1895 4180 2067 4253 epita.

536 4271 665 4310 num
698 4272 712 4309 :
974 4278 980 4285 ε

536 4271 665 4310 nunt
698 4272 712 4309 Ξ
974 4278 980 4285 ‘

616 4271 665 4308 m
698 4272 712 4309 :
974 4278 980 4285 ε

476 4268 678 4393 ἳξξὲιιὲηε
706 4324 880 4378 carnis
907 4323 1093 4387 honor,
1114 4320 1216 4393 sed
1244 4337 1452 4393 morum
1477 4323 1649 4393 gratia
1678 4321 1854 4393 major

608 4394 812 4449 rwsulis
838 4394 1003 4462 ofﬁcio
1030 4403 1078 4447 te
1103 4392 1238 4445 locat
1266 4403 1312 4446 et
1340 4392 1490 4446 solio.

482 4466 660 4523 Sensit
687 4463 849 4526 dives,
877 4478 1051 4532 egens,
1079 4472 1135 4515 ut
1163 4478 1279 4533 cras
1310 4463 1379 4515 ad
1407 4462 1616 4533 singula
1642 4479 1891 4533 praesens,
1972 4502 1975 4503 ν

556 4534 683 4589 Istis
711 4533 847 4587 unde
869 4533 1036 4596 salus,
1067 4533 1148 4585 his
1178 4532 1297 4600 [luit
1324 4532 1461 4585 unde
1482 4532 1661 4598 cibus;

479 4605 587 4661 llic
611 4604 791 4659 eadem
821 4602 1020 4656 cunctis
1047 4602 1237 4655 adsunt
1262 4618 1397 4655 nunc
1422 4603 1618 4657 viscera
1642 4602 1791 4658 nobis

554 4675 757 4743 Ilicque
790 4671 1433 4743 salutifer-uniexcolintus
1464 4672 1747 4726 tumulum.
1796 4732 1801 4737 ,

480 4745 610 4801 llmc
638 4741 778 4813 apud
806 4742 1181 4813 Reincruingin
1212 4741 1392 4796 libello
1417 4743 1492 4796 De
1506 4743 1866 4813 scriptoribus
1888 4742 2065 4813 eccle-

481 4811 737 4877 siasticis,
765 4813 806 4879 l,
831 4812 896 4876 ὃς
922 4811 1458 4882 Pez.Thes.anecd.,
1480 4811 1569 4877 IV,
1591 4814 1656 4878 ὃς
1683 4822 1740 4867 et
1761 4814 1901 4882 apud
1916 4812 2069 4882 Egi-

480 4887 649 4940 diutu.
679 4881 987 4953 Clarissimi
1006 4882 1241 4953 cpisc0pi
1267 4881 1655 4953 depositionem
1680 4883 1733 4936 in
1762 4881 1880 4953 plus
1905 4881 2068 4951 quam

394 4975 398 4979 ‘
483 4958 704 5027 triginta
736 4952 1131 5027 Martyrologiis
1161 4966 1220 5004 se
1256 4953 1523 5027 reperisse
1548 4952 1856 5027 adnotatam
1876 4953 2058 5009 obser-

479 5021 584 5082 vat'
599 5025 843 5081 Molauus
868 5021 922 5076 in
951 5021 1127 5091 Natat.
1152 5031 1398 5091 sanctor.
1430 5021 1619 5091 Belgii.

554 5096 703 5164 (478)
745 5091 1001 5148 Miracula
1047 5089 1639 5164 Wolliodonis,pr:éter
1682 5092 1973 5164 “cinerum
2016 5102 2071 5147 et

480 5162 1106 5220 Eaidium.‘anonvmus
1140 5162 1359 5220 quidam
1398 5171 1520 5220 post
1562 5177 1612 5217 a.
1650 5162 1787 5216 1454
1833 5163 2067 5232 scripsit.

482 5269 603 5291 “Lt-
637 5269 739 5289 υυο
767 5269 868 5300 ημι
885 5269 961 5294 ιιι,
995 5269 1058 5295 u,
1090 5269 1213 5285 νυ...
1254 5269 1328 5286 νυ
1356 5269 1605 5300 συγυηυιν
1650 5232 1988 5287 πενιυι-(ῙΟΠῘΒ
2017 5250 2067 5285 il.

2240 4036 2390 4109 (480)
2429 4025 3513 4109 stadia}._Febr._obiiLe;__Necmlog.
3558 4026 3755 4109 Stabu-

2168 4096 2337 4173 lensi;
2372 4096 2419 4162 ἰ
2465 4105 2585 4161 Kal.
2627 4103 2791 4158 Febr.
2832 4100 2995 4155 habet
3040 4098 3386 4173 Egidiusex
3434 4096 3753 4173 mcerologin

2171 4167 2455 4235 Leodiensi
2474 4217 2490 4241 ,
2515 4190 2675 4246 quem
2709 4174 2848 4227 diem
2876 4185 2998 4226 cum
3029 4167 3360 4246 antio_lA0f2_5_,
3389 4176 3447 4246 u_t
3477 4167 3679 4246 legitur
3704 4169 3753 4246 in

2169 4238 2798 4307 AunalibusLéodiens.,
2820 4257 2926 4296 non
2947 4255 3071 4295 cum
3093 4254 3143 4293 a.
3171 4238 3309 4293 1024
3335 4239 3386 4292 in
3415 4239 3556 4292 Anu.
3582 4238 3753 4294 Laub.

2176 4329 2359 4376 rotato
2399 4315 2831 4397 coniungendum
2872 4326 2993 4394 esse
3027 4311 3184 4364 docet
3206 4308 3568 4434 givilegium
3618 4313 3756 4390 (ou-

2176 4393 2286 4434 mili
2317 4390 2356 4434 ll
2381 4389 2450 4434 de
2472 4388 2630 4434 hnnls
2680 4382 2935 4434 Ecclesia:
2960 4396 3015 4434 vt
3046 4378 3182 4434 Non.
3291 4387 3328 4432 t.
3356 4378 3515 4434 1οἑ4.
3552 4394 3607 4431 tn
3634 4396 3756 4433 cnu-

2170 4393 2287 4446 radi
2315 4390 2357 4444 ll
2381 4389 2450 4444 de
2472 4378 2630 4443 bonis
2679 4382 2935 4440 Ecclesiae
2960 4396 3015 4434 vt
3046 4378 3182 4434 Non.
3206 4378 3328 4434 Oct.
3356 4378 3515 4442 lOit,
3552 4378 3607 4431 in
3634 4380 3757 4433 civi-

2084 4451 2140 4511 D
2169 4471 2278 4516 tate
2319 4459 2479 4529 wgia
2524 4455 2780 4529 Duratldo
2823 4452 3076 4529 episcopo
3101 4450 3326 4529 "datum.
3376 4448 3757 4529 Cbapcav.,_l,

2166 4532 2292 4586 264.
2337 4519 2573 4599 Epistola
2605 4519 3077 4599 indBerengarium
3101 4519 3473 4599 'I‘urongnsem
3504 4520 3761 4599 9113-3!“-

2169 4604 2290 4656 dem
2322 4587 2420 4654 sub
2450 4596 2691 4653 Durandi
2726 4587 2942 4649 nomine
2977 4592 3194 4659 legitur,
3224 4606 3254 4643 a
3282 4587 3608 4643 Theotwiuo
3634 4588 3758 4641 Wa-

2170 4674 2321 4726 znnis
2345 4682 2661 4725 successore
2682 4680 2802 4720 esse
2826 4663 3190 4730 conscriptam
3215 4660 3352 4715 satis
3378 4668 3611 4714 constat.
3644 4659 3755 4713 Cir.

2172 4741 2599 4810 Mabillon..\'et.
2634 4735 2892 4810 analect_.,
2921 4749 2976 4810 ι)ἶ
3001 4730 3129 4786 446.
3184 4799 3234 4810 η
3369 4797 3401 4810 Α
3451 4798 3475 4810 ν

2241 4810 2410 4881 (481)·
2432 4797 2542 4881 llos
2564 4822 2754 4881 versus
2778 4822 2804 4859 a
2831 4797 3126 4881 Stephano,
3143 4799 3346 4881 abbate
3369 4797 3428 4854 S.
3451 4798 3754 4861 Laurentii.

2171 4871 2418 4950 sepulcro
2448 4878 2736 4948 inscriptos
2768 4871 3019 4950 servavit
3035 4871 3292 4950 Egimus
3304 4887 3322 4950 ς

2172 4941 2459 5006 υᾶταηάυε
2475 4941 2633 5019 jacet'
2649 4949 2753 5010 hic,
2780 4947 2871 5019 qui
2894 4942 3052 5019 paulo
3076 4941 3390 5019 plus.tribus
3426 4942 3582 4994 annis

2244 5012 2595 5090 Tungrensem
2626 5019 2756 5072 rexit
2784 5012 3026 5090 nobiliter
3050 5012 3374 5090 cathedram.

2173 5081 2429 5159 Pauperis
2458 5090 2513 5143 in
2543 5090 2664 5142 nido
2691 5086 2994 5159 patrimonii
3003 5093 3176 5159 gnatus
3200 5094 3247 5137 et
3273 5081 3415 5136 altus

2246 5156 2465 5220 Ingenio
2491 5156 2723 5213 summos
2749 5156 2915 5210 evolat
2942 5157 3011 5209 ad
3040 5170 3297 5220 proceres.

2176 5231 2320 5298 ρίου.
2352 5269 2541 5283 ’νυ-1111..
2571 5269 2808 5283 ιοννσυνπ-νν
2837 5269 3037 5279 συννυσν--υ
3068 5269 3079 5293 Ι

3092 5269 3265 5276 "p--w—--
3276 5269 3345 5276 νον,
