4094 5252
288 300 426 353 1105

375 426 428 482 4.
472 434 671 494 Tribcs
714 438 946 512 denique
994 448 1152 504 anuis
1201 462 1395 523 quater
1458 436 1717 518 revelatis

290 522 494 592 prima:
524 529 698 583 noctis
722 534 1007 613 copulam,
1039 522 1334 606 prazuotata
1385 545 1536 603 Noua
1575 568 1712 606 uxor
1745 522 1890 613 illius

296 630 351 666 HI
400 614 637 674 Domino
663 619 791 676 Jcsu
825 612 1045 681 Christo
1092 631 1261 700 obiit,
1294 651 1401 703 qua
1438 637 1592 707 juxta
1644 612 1892 702 humanm

297 707 716 761 consuetudinis
743 711 982 769 debitum
1014 718 1204 785 prima:
1248 727 1439 780 matris
1464 732 1672 798 gremio
1698 735 1763 787 ad
1806 750 1891 791 re—

295 798 643 881 servandum
686 800 855 857 beata:
903 812 1291 869 resurrectioui
1337 822 1746 891 commendata,
1807 826 1890 881 vir

294 884 453 941 idem.
490 890 691 945 saaculo
739 893 966 953 ulterius
995 897 1262 970 implicari
1296 907 1503 973 uoluit,
1540 909 1763 981 implere
1794 930 1887 969 cu-

292 979 452 1074 piens
470 983 617 1051 quod
642 983 833 1042 beatus
860 989 936 1043 ait
961 990 1285 1060 Apostolus:
1306 998 1519 1056 Solutus
1541 1021 1595 1058 es
1615 979 1678 1059 ub
1703 1024 1882 1074 uxore,

296 1070 407 1122 noli
456 1088 691 1140 (μαντον-ρ
720 1093 939 1136 uxorem
971 1081 1023 1148 (1
1055 1083 1175 1139 Cor.
1212 1103 1311 1153 vit,
1342 1091 1449 1161 17).
1483 1092 1589 1150 Sed
1616 1111 1737 1151 cum
1787 1070 1885 1169 per

294 1161 565 1228 prolixum
601 1175 812 1237 tempus
842 1186 965 1225 cum
992 1190 1090 1229 sua
1116 1176 1225 1233 filia
1256 1182 1513 1249 praedicta
1545 1187 1753 1257 virgine
1780 1161 1883 1259 piis

294 1253 509 1309 actibus
540 1256 790 1325 instaret,
823 1262 1180 1338 eleemosyuis
1204 1280 1260 1325 et
1284 1276 1541 1343 operibus
1570 1253 1724 1336 bouis
1749 1253 1880 1351 erga

292 1357 518 1410 omnes,
572 1348 664 1402 sed
699 1351 938 1408 maxime
972 1369 1097 1428 erga
1138 1358 1466 1419 domesticos
1502 1365 1625 1422 fidei
1673 1348 1877 1427 viscera

293 1434 514 1502 pietatis
570 1438 827 1507 haberet,
879 1459 1261 1505 remttuerator
1321 1455 1561 1512 omnium
1616 1459 1879 1517 bonorum

294 1524 436 1580 Deus
460 1567 473 1589 ,
504 1529 594 1597 qui
625 1528 763 1586 lucis
799 1533 939 1591 filios
983 1539 1222 1594 nondum
1253 1543 1502 1615 rubigine
1532 1561 1877 1616 peccatorum

287 1618 634 1676 exatninatos
678 1621 905 1694 ﬂagellis
935 1639 1140 1683 sauctte
1184 1634 1873 1709 castigationisverlzerat,

288 1716 350 1760 ut
379 1721 604 1765 excussa
630 1712 781 1779 palea
817 1716 1052 1771 triticum
1087 1735 1277 1789 purum
1306 1723 1359 1777 in
1397 1741 1524 1780 area
1564 1732 1761 1784 munda
1792 1747 1876 1786 re-

288 1798 497 1868 cipiat,
525 1801 711 1859 volens
756 1808 986 1875 probare
1036 1827 1225 1867 aurum
1260 1818 1518 1874 mundum
1555 1819 1608 1874 in
1658 1821 1874 1878 fornace
1907 1823 1948 1882 Β

285 1899 605 1960 purgatum,
635 1897 881 1952 eumdem
928 1899 1134 1966 virum,
1166 1903 1305 1958 sicut
1336 1905 1530 1973 ﬁlium,
1562 1911 1875 1982 multiplicis

286 1979 566 2061 languoris
592 1993 817 2055 paterno
842 1988 1066 2044 verbere
1089 1994 1371 2063 corripuit.
1407 1996 1540 2051 Nam
1568 2009 1623 2054 et
1645 1979 1874 2072 languor

285 2086 411 2126 eum
446 2074 688 2131 diutinus
715 2077 942 2144 invasit,
975 2090 1029 2135 et
1057 2082 1108 2135 iu
1144 2086 1258 2155 ipso
1287 2086 1545 2160 languore
1572 2090 1721 2161 lepra
1748 2109 1870 2149 eum

283 2164 526 2233 graviter
553 2169 791 2235 percussi
802 2182 837 2222 t.
1814 2174 1833 2186 ’

358 2255 413 2308 5.
454 2255 588 2310 Cum
619 2257 781 2327 igitur
800 2261 966 2317 multo
984 2263 1259 2335 langueret
1283 2283 1546 2325 annorum
1568 2273 1858 2341 curriculo,

282 2342 644 2401 deﬂuentibus
679 2347 893 2406 famulis
928 2355 1081 2408 tmdio
1103 2356 1327 2420 allectis,
1350 2361 1587 2432 contigit
1628 2366 1858 2432 quadam

279 2429 374 2485 die
403 2432 575 2486 solum
608 2450 731 2490 cum
763 2438 868 2491 filia
902 2440 953 2495 in
982 2443 1140 2497 domo
1168 2460 1472 2504 remanere.
1503 2429 1603 2517 Qui
1631 2429 1754 2506 eum
1788 2455 1856 2509 ab

282 2537 350 2577 ea
386 2532 571 2594 potum
603 2538 841 2598 peteret,
874 2534 1128 2589 continuo
1163 2534 1250 2590 illa
1286 2540 1550 2604 surrexit,
1599 2545 1859 2615 scyphum

281 2616 501 2671 eoucite
548 2616 709 2687 lavit,
756 2632 942 2691 potum
991 2625 1223 2692 infudit,
1268 2631 1409 2699 patri
1466 2636 1701 2701 portavit
1732 2655 1744 2690 :
1773 2641 1867 2708 qui

279 2704 441 2796 bibit,
460 2706 617 2777 eique
641 2713 901 2780 scyphum
928 2715 1183 2775 reddidit.
1200 2716 1314 2777 Sed
1336 2736 1563 2791 serpens
1589 2704 1865 2796 antiquus,

280 2794 523 2851 humano
545 2802 967 2875 generisemper
986 2806 1226 2875 invidus,
1251 2810 1607 2868 humanitatis
1631 2794 1865 2882 nescius,

277 2887 483 2940 radicis
528 2889 770 2957 omnium
820 2894 1084 2950 malorum
1135 2898 1400 2969 superbiae
1446 2898 1570 2954 fuco
1601 2902 1864 2975 virginem

275 2977 673 3046 aliquantulum
701 2980 901 3038 infecit.
920 2984 1054 3039 Nam
1072 2988 1282 3052 sitiens,
1298 2998 1415 3058 post
1437 3000 1646 3059 patrem
1678 2992 1866 3049 bibere

272 3067 614 3140 dedignaris,
646 3073 897 3140 poculum
928 3076 1147 3142 effudit,
1180 3079 1439 3151 scyphum
1472 3080 1665 3135 iterum
1701 3082 1863 3149 lavit,

1374 342 1531 399 VITA
1574 348 1869 409 SAgNtITzE
1912 359 2308 423 lll'ZRLENDlS.

3428 390 3565 445 1106

1766 478 1889 563 post
1916 478 1961 535 Α
1994 477 2140 532 nium
2170 484 2399 554 recepit,
2453 496 2508 541 et
2553 488 2691 543 sicut
2732 490 2909 546 fuerat
2939 495 3088 563 prius
3120 496 3357 553 clausum
3401 516 3467 556 ac
3492 520 3571 557 sta»

1994 569 2237 637 gillatum
2270 578 2588 643 permansit.
2613 579 2764 634 Tunc
2792 581 2999 637 clamor
3021 584 3086 638 ad
3111 585 3306 639 cmlum
3339 589 3583 656 tollitur,

1993 660 2219 717 Creator
2268 668 2509 722 omnium
2555 671 2646 739 qui
2696 673 2914 741 gemitui
2963 689 3183 730 suorum
3236 694 3398 734 aures
3453 698 3566 737 sua:

1991 754 2207 824 pietatis
2236 772 2510 827 nunquam
2540 764 2732 817 avertit
2761 765 3039 831 adoratur,
3091 766 3318 839 ejusque
3367 771 3572 827 famula.

1990 848 2142 918 cujus
2191 850 2402 905 meritis
2450 860 2558 905 tam
2604 853 2935 923 inopinatum
2988 858 3313 913 miraculum
3350 871 3573 932 tamque

1983 940 2281 1011 jucundum
2314 951 2663 1012 peccatorum
2695 947 2996 1014 praesentia:
3026 950 3283 1005 exhibere
3313 953 3568 1023 dignatus

1985 1039 2098 1096 est,
2126 1047 2334 1086 summa
2364 1032 2989 1093 devotioneveneratur.
3022 1038 3126 1094 Sed
3161 1056 3280 1096 cum
3310 1045 3393 1097 vir
3427 1061 3561 1114 prte-

1986 1130 2317 1177 memoratus
2364 1123 2623 1193 aliquanti
2659 1130 2917 1198 temporis
2944 1130 3121 1200 spatio
3152 1133 3557 1189 tribulationum

1984 1213 2106 1284 igne
2134 1214 2200 1268 ad
2230 1217 2531 1287 exemplum
2558 1218 2617 1272 Β.
2650 1218 2749 1275 Job
2794 1231 3135 1292 purgaretur,
3168 1224 3367 1295 placuit
3390 1227 3437 1281 ei
3466 1227 3559 1297 qui

1982 1305 2120 1359 nihil
2149 1306 2604 1365 irremuneratum
2648 1311 2904 1378 dimittit,
2940 1313 3078 1369 illius
3113 1316 3428 1385 patientiam
3480 1334 3561 1373 re-

1981 1411 2271 1453 munerare
2292 1440 2306 1466 ,
2340 1410 2502 1469 atque
2546 1402 2663 1473 ejus
2704 1404 2940 1458 animam
2974 1415 3094 1475 post
3124 1406 3365 1463 laborum
3404 1409 3555 1465 dolo-

1982 1506 2209 1560 rumque
2235 1492 2642 1547 desudationem
2674 1495 2728 1549 in
2755 1504 2956 1549 :eterua
2987 1496 3171 1567 requie
3202 1498 3488 1555 collocare.

2049 1594 2101 1647 7.
2142 1588 2311 1649 Beata
2362 1595 2526 1667 igitur
2571 1596 2723 1669 virgo
2774 1596 3075 1661 Belleudis,
3122 1598 3269 1653 omni
3318 1609 3558 1668 paterna:

1979 1692 2343 1755 maternaque
2374 1687 2706 1744 hrereditatis
2740 1687 2865 1758 jure
2923 1691 3165 1761 privata,
3214 1691 3557 1745 animadver-

1980 1784 2098 1831 tens
2129 1793 2247 1834 sese
2268 1779 2551 1849 spoliatam
2582 1781 2738 1836 bouis
2762 1784 2952 1852 patriis
2994 1782 3065 1837 ob
3108 1789 3321 1837 reatum
3368 1781 3556 1836 crimi-

1978 1868 2090 1933 nis,
2123 1870 2274 1939 parvi
2300 1869 2541 1941 pendens
2564 1873 2795 1929 honores
2825 1872 2987 1942 hujus
3012 1874 3217 1939 saeculi,
3252 1873 3553 1942 timensque

1976 1958 2111 2014 iram
2130 1962 2347 2030 superni
2366 1961 2567 2018 Judicis
2587 2005 2601 2029 ,
2627 1964 2748 2035 quia
2765 1974 2970 2035 patrem
2993 1965 3267 2036 dedignari
3294 1979 3553 2036 prmsutu-

1976 2052 2083 2121 psit
2115 2052 2420 2125 (audiverat
2449 2055 2592 2109 enim
2620 2070 2760 2125 smpe
2802 2056 2943 2126 quod
2974 2057 3233 2126 scriptum
3267 2066 3348 2110 est
3372 2055 3551 2126 (Deut.

1977 2158 2152 2208 xxvii,
2188 2143 2276 2215 16)
2312 2160 2324 2197 :
2361 2143 2463 2211 Qui
2500 2146 2637 2213 patri
2669 2146 2743 2201 rel
2791 2147 2947 2199 matri
2988 2145 3239 2214 injuria!!!
3278 2145 3544 2207 intulerit,

1973 2238 2153 2289 mortis
2202 2245 2410 2290 retenta:
2461 2239 2728 2292 mittentia:
2766 2237 3105 2308 subjacebit),
3160 2246 3303 2291 tanta
3354 2236 3552 2293 mentis

1972 2328 2273 2383 intentione
2304 2329 2577 2383 mundana
2606 2330 2941 2397 postposuit,
2967 2338 3026 2384 ut
3053 2345 3155 2384 non
3200 2329 3371 2385 solum
3401 2329 3552 2382 cibo-

1974 2434 2090 2472 rum
2144 2419 2485 2488 vcstiumque
2515 2418 2740 2474 delicias
2766 2427 3074 2490 respueret,
3106 2419 3199 2474 sed
3226 2419 3387 2473 etiam
3424 2418 3549 2471 vilia

1970 2517 2025 2566 et
2050 2511 2483 2581 contemptibilia
2513 2510 2714 2566 habere
2744 2520 3043 2567 recusaret.
3076 2511 3197 2567 Mox
3245 2512 3433 2566 subtus
3480 2513 3549 2566 ad

1968 2611 2191 2654 carnem
2232 2600 2412 2659 cilicio
2456 2600 2739 2667 iuduitur,-
2770 2602 2947 2657 inedia
2985 2610 3039 2658 et
3084 2602 3284 2674 algoris
3324 2602 3549 2656 uredine

1970 2691 2290 2762 martyrium
2335 2690 2653 2747 desiderans
2684 2691 2940 2759 aﬂicitur,
2985 2708 3286 2763 corpusque
3326 2691 3548 2760 jejuuiis

1969 2786 2024 2837 et
2048 2774 2384 2837 orationibus
2441 2782 2744 2854 vigiliisque
2774 2785 2981 2840 crebris
3007 2799 3333 2854 perurgeus,
3366 2784 3542 2856 lacry-

1968 2887 2287 2942 marumque
2312 2873 2514 2929 imbres
2546 2876 2741 2931 crebro
2767 2874 3030 2943 fundens,
3063 2892 3171 2930 nou
3212 2875 3384 2931 solum
3416 2890 3542 2946 pee-

1968 2966 2105 3023 catis
2132 2967 2350 3037 purgari
2376 2966 2606 3033 meruit,
2634 2967 2728 3022 sed
2757 2975 2812 3022 et
2836 2968 3053 3038 superni
3094 2968 3273 3038 sponsi
3309 2967 3542 3037 gratiam

1971 3058 2193 3113 invenit.
2224 3058 2415 3113 Manus
2461 3059 2606 3116 enim
2657 3058 2799 3113 illius
2844 3058 3103 3129 quidquid
3149 3058 3272 3113 boui
3305 3058 3549 3111 invenire

276 3167 465 3228 potum
497 3161 789 3231 imposuit,
820 3179 885 3220 ac
914 3165 1175 3222 sic'bibil.
1201 3149 1354 3235 Quod
1380 3178 1534 3239 pater
1563 3172 1860 3241 aspiciens,
1890 3158 1936 3221 C
1967 3159 2211 3241 poterat,
2244 3151 2570 3241 pauperibus
2599 3152 2895 3222 erogabat,
2933 3152 3070 3206 adeo
3095 3160 3153 3205 ut
3187 3150 3274 3203 vix
3310 3158 3403 3203 aut
3426 3149 3545 3202 tuti-

273 3249 482 3304 nullum
512 3251 565 3305 ei
614 3254 838 3307 verbum
876 3254 1034 3323 fecit,
1065 3260 1157 3312 sed
1193 3260 1390 3315 tacitus
1439 3260 1673 3316 mirabili
1721 3263 1861 3318 indi-

274 3340 535 3410 gnatioae
568 3342 722 3408 tulit,
770 3346 958 3416 iraque
1006 3349 1310 3405 vehementi
1358 3353 1606 3408 turbatus
1651 3355 1864 3409 vocavit

274 3445 490 3496 servos,
515 3448 735 3488 currum
759 3436 864 3491 sibi
887 3437 1067 3506 parari
1100 3441 1283 3494 statim
1303 3439 1487 3510 jussit,
1514 3458 1679 3514 super
1700 3460 1862 3513 quem

271 3524 581 3581 ascendens
629 3525 886 3583 Nivellam
917 3530 1104 3600 petiit,
1152 3532 1333 3602 ibique
1364 3544 1565 3590 sancta:
1606 3519 1861 3591 Gertrudi

269 3614 539 3686 quidquid
568 3617 805 3673 iubebat
844 3621 897 3674 in
946 3621 1164 3690 praediis
1196 3639 1317 3678 eum
1347 3625 1492 3679 omni
1524 3626 1723 3681 familia
1751 3643 1869 3681 ser-

266 3720 463 3764 verum
512 3708 979 3781 ancillarumque,
1029 3729 1151 3768 cum
1209 3715 1412 3784 cespite
1454 3725 1509 3771 et
1549 3733 1702 3771 ramo
1739 3719 1856 3771 cul—

264 3799 504 3869 telloquc
524 3801 669 3874 (497)
694 3817 818 3857 eum
864 3806 1149 3862 manubrio
1173 3806 1297 3861 albo
1328 3808 1569 3874 tradidit,
1600 3824 1663 3862 ac
1688 3808 1852 3864 filiam

265 3899 510 3960 paterna:
559 3892 705 3946 omni
779 3903 1148 3967 maternusque
1203 3898 1534 3954 lizereditatis
1585 3898 1708 3968 jure
1757 3901 1863 3971 pri-

262 3982 435 4040 vovit.

336 4074 395 4128 ο.
433 4073 491 4128 lu
514 4076 703 4130 eadem
734 4094 865 4134 vero
895 4079 1193 4135 traditione
1216 4096 1302 4135 res
1326 4084 1611 4151 stupenda,
1641 4092 1696 4137 et
1724 4085 1862 4139 ultra

265 4165 577 4220 humanum
608 4169 822 4224 modum
850 4171 1170 4227 admiranda
1195 4212 1209 4237 ,
1241 4174 1307 4226 ad
1346 4173 1560 4229 laudem
1584 4174 1751 4245 ipsius
1773 4177 1863 4245 qui

267 4257 459 4311 omnia
503 4260 776 4325 condidit,
824 4262 1063 4318 advenit.
1114 4263 1248 4318 Nam
1299 4278 1424 4319 cum
1476 4266 1615 4319 idem
1667 4267 1751 4320 vir
1796 4268 1864 4322 ad

261 4349 533 4404 feretrum
554 4354 860 4422 accederet,
906 4355 1056 4409 omni
1085 4355 1452 4411 obstinatione
1481 4355 1770 4411 afﬁrmavit
1799 4374 1859 4413 se

259 4456 549 4509 nunquam
604 4442 653 4498 ei
698 4434 956 4514 praedium
1005 4446 1288 4511 daturum,
1341 4447 1448 4502 nisi
1492 4448 1650 4503 beata
1696 4448 1851 4519 virgo

1966 3239 2176 3295 lateuus
2222 3239 2291 3295 ab
2320 3240 2685 3313 eleemosyuis
2729 3257 2897 3297 vacua
2942 3241 3112 3306 foret,
3146 3248 3201 3295 et
3246 3255 3387 3310 ssepe
3418 3255 3544 3294 cum

1966 3348 2171 3403 pauper
2218 3349 2325 3388 non
2374 3333 2726 3397 inveniretur,
2784 3335 2834 3387 in
2890 3332 3129 3400 ejusdem
3178 3348 3340 3386 manu
3386 3332 3549 3386 desu-

1964 3423 2139 3479 daren

2034 3524 2086 3577 8.
2129 3526 2366 3595 Contigit
2397 3538 2575 3580 autem
2623 3527 2867 3581 eamdem
2895 3528 3157 3597 virginem
3207 3527 3258 3581 in
3308 3527 3425 3581 loco
3454 3528 3547 3595 qui

1966 3616 2169 3672 dicitur
2200 3618 2447 3673 Morsclla
2473 3618 2643 3689 (498),
2673 3618 2921 3675 cmuobio
2949 3620 3120 3675 beata:
3149 3619 3240 3674 Dei
3267 3619 3545 3690 genitricis

1966 3709 2149 3763 Mariae
2176 3711 2315 3765 sacri
2344 3710 2627 3765 velamiuis
2656 3711 2897 3765 habitum
2934 3711 3245 3780 suscipere,
3278 3719 3332 3764 et
3374 3725 3545 3763 anuo-

1968 3815 2084 3853 rum
2114 3799 2401 3854 multorum
2437 3801 2611 3870 spatio
2641 3800 2881 3857 czrlibem
2927 3802 3091 3854 vitam
3141 3801 3360 3856 ducere.
3404 3801 3540 3856 Cum

1965 3904 2094 3959 ergo
2123 3896 2266 3944 esset
2297 3890 2485 3944 eadem
2519 3890 2669 3960 virgo
2715 3890 2769 3943 in
2815 3890 3096 3955 coenobio,
3131 3891 3333 3944 sanctis
3359 3890 3539 3958 operi-

1966 3978 2067 4034 bus
2090 3994 2301 4034 summo
2329 3979 2627 4034 certamine
2670 3979 2990 4049 invigilaus,
3039 3979 3321 4049 cujusdam
3369 3980 3541 4033 noctis

1968 4071 2145 4125 medio
2196 4071 2441 4141 pulsante
2497 4072 2801 4125 matutinali
2873 4072 3059 4141 signo,
3122 4072 3327 4126 audivit
3379 4085 3541 4125 voces

1967 4172 2273 4217 sanctorum
2292 4162 2602 4233 angelorum
2622 4164 2672 4217 iu
2697 4163 2893 4218 ccelum
2921 4163 3154 4218 animam
3179 4164 3349 4233 patris
3371 4163 3539 4231 ipsius

1966 4269 2088 4309 cum
2135 4252 2530 4320 canorojubilo
2579 4252 2954 4309 defcrentium.
2994 4253 3141 4307 Mira:
3179 4269 3308 4324 ergo
3339 4254 3537 4308 sancti-

1969 4345 2094 4399 tatis
2134 4343 2430 4413 graticequc
2462 4360 2711 4413 superare
2757 4346 2871 4399 haec
2904 4345 3054 4415 virgo
3097 4344 3256 4414 plena
3297 4345 3538 4408 exstitit,

1965 4452 2083 4507 qua:
2114 4437 2285 4490 instar
2332 4435 2703 4506 gloriosissimi
2752 4437 2994 4493 Severini
3046 4436 3357 4508 Agrippinae
3390 4437 3542 4492 urbis

258 4499 493 4599 prop-ria
550 4499 713 4586 mam;
764 4499 1070 4606 reciperet
1096 4499 1395 4603 Quill";
1422 4545 1504 4593 ιω.
1550 4499 1854 4608 quamqu
1885 4499 1933 4557 υ
1963 4527 2383 4597 archiepiscopi,
2414 4528 2556 4581 sicut
2588 4527 2676 4582 ille
2699 4529 2751 4583 in
2781 4529 3039 4598 obsequio
3067 4527 3261 4581 animae
3306 4525 3367 4578 Β.
3400 4526 3539 4580 Mar-

257 4623 535 4678 clamaret
564 4644 577 4678 :
612 4642 631 4676 ‹
669 4624 867 4681 Sancta
899 4625 1208 4693 Gertrudis,
1239 4628 1344 4683 hoc
1369 4629 1750 4684 munusculum
1792 4630 1858 4684 de

257 4730 432 4768 manu
468 4730 586 4770 mea
622 4717 867 4787 suscipe,
899 4727 957 4773 et
999 4718 1111 4774 noli
1143 4735 1231 4776 me
1274 4729 1615 4789 peceatorem
1647 4729 1774 4775 ante
1804 4730 1856 4774 te

256 4805 486 4860 ﬂentem
532 4815 587 4863 et
616 4808 909 4879 ejulautem
940 4825 1223 4880 spernere,
1251 4812 1358 4866 nisi
1389 4812 1571 4882 potius
1602 4828 1689 4867 me
1719 4811 1855 4865 alias

254 4896 520 4951 daturum
550 4898 630 4954 vis
656 4900 828 4964 abire,
860 4919 878 4954 ι
914 4899 1217 4969 confestim,
1239 4912 1372 4957 nutu
1401 4904 1599 4957 summi
1628 4901 1844 4956 Tonan-

257 4989 365 5053 tis,
388 4988 649 5043 scrinium
677 4990 727 5044 iu
752 5006 857 5061 quo
876 4992 1035 5047 beata
1052 4992 1203 5064 virgo
1219 4994 1435 5064 jacebat
1461 5010 1582 5051 sese
1611 4994 1850 5063 aperuit,

253 5092 569 5147 corpusque
614 5082 867 5135 exanime
922 5096 1135 5135 manum
1204 5083 1484 5154 porrexit,
1534 5083 1853 5149 cunctisque

1964 4620 2059 4674 tini
2093 4620 2411 4691 angelorum
2452 4621 2649 4675 choros
2698 4622 2885 4676 audire
2934 4620 3147 4675 meruit.
3201 4620 3330 4684 Qua:
3377 4626 3540 4672 tanta:

1960 4712 2242 4767 suavitatis
2270 4710 2555 4767 dulcedine
2585 4711 3081 4780 modulationisque
3107 4709 3332 4763 lenitate
3370 4722 3537 4776 supra

1959 4819 2018 4859 se
2045 4804 2192 4859 velut
2220 4804 2273 4857 in
2300 4819 2584 4859 excessum
2607 4804 2802 4859 mentis
2835 4814 3042 4867 erecta,
3075 4802 3300 4856 intentis
3336 4801 3388 4852 in
3427 4815 3540 4855 em-

1960 4895 2069 4949 lum
2099 4894 2352 4957 auribus,
2393 4895 2577 4949 laetitia
2604 4903 2711 4948 tam
2743 4894 2918 4948 beatae
2954 4890 3262 4947 refectionis
3293 4889 3499 4943 refecta
3520 4927 3537 4951 ,

1957 4985 2261 5054 interrogat
2284 4986 2621 5041 assistentem
2656 4983 2756 5037 sibi
2805 4983 3064 5037 famulam
3121 4979 3166 5033 si
3197 4993 3317 5046 qua:
3346 4981 3537 5033 audie—

1958 5076 2051 5132 bat
2092 5075 2331 5141 audiret,
2382 5088 2434 5131 et
2479 5090 2598 5144 qua:
2649 5073 2985 5143 intelligehat
3033 5069 3379 5137 intelligeret.
3414 5071 3546 5138 Qua:
