4094 5252
559 275 562 277 Δ
617 201 748 258 lib?

1630 202 1952 258 HERIGERI
1989 203 2278 259 ABBATIS
2317 199 2671 259 LOBIENSIS

3724 197 3859 255 1108

610 317 843 372 nexibus
863 314 1608 386 solutam,protribulationis
1629 318 1886 386 patientia
1910 320 2186 384 coronari,
2217 326 2263 378 Α
2291 331 2414 370 uam
2454 315 2541 370 die
2589 312 2814 370 solemni
2852 311 2954 367 sibi
3001 309 3309 381 appositum
3355 307 3409 364 in
3452 307 3565 364 vini
3613 322 3858 380 saporem

609 416 664 460 et
689 424 716 461 a
745 405 1100 476 psallentibus
1127 406 1333 474 angelis
1380 406 1431 459 in
1484 406 1650 460 altum
1681 407 1904 462 deferri.
1950 408 2187 477 Accepta

559 511 564 518 ·
610 499 796 567 itaque
820 495 1091 551 cmnobita
1114 495 1324 550 Domini
1349 495 1564 550 licentia
1589 512 1618 549 a
1641 506 1816 552 matre
1839 496 2185 562 monasterii,
2227 549 2232 552 .

611 588 678 641 ad
734 585 1103 655 sepeliendum
1162 595 1370 656 patrem
1429 604 1585 642 suum
1645 588 1978 644 Merbcccam
2038 589 2187 661 (499)

608 677 767 741 adiit,
797 687 852 732 et
880 678 933 732 in
960 677 1240 733 ecclesiola
1272 694 1435 748 quam
1466 680 1516 732 in
1548 680 1754 736 honore
1798 680 1859 736 B.
1898 680 2045 736 Petri
2074 683 2190 752 ipse

608 769 1004 836 :cdiﬁcaverat,
1029 769 1184 839 juxta
1218 786 1442 825 uxorem
1476 787 1654 835 suam,
1688 783 1916 827 matrem
1943 772 2183 844 ejusdem

608 860 865 932 virginis,
888 858 1044 930 juxta
1074 875 1281 915 morem
1308 858 1594 925 nobilium,
1619 861 1760 917 sicut
1785 863 2030 931 decebat,
2063 880 2187 920 cum

557 951 565 956 ’
609 953 874 1024 sepelivit.
1131 957 1136 1026 ξ

679 1046 733 1100 9.
773 1044 901 1101 Post
932 1052 1162 1100 mortem
1189 1060 1318 1124 vero
1337 1046 1510 1118 patris
1526 1048 1627 1111 sui,
1654 1048 1778 1118 quia
1804 1047 2109 1106 cmnobium
2134 1051 2189 1105 in

609 1154 717 1209 quo
731 1138 980 1194 ordinata
1009 1138 1204 1206 fuerat,
1232 1141 1374 1210 quod
1405 1142 1554 1211 prius
1575 1141 1645 1196 ab
1673 1142 1880 1197 [innuis
1903 1144 2050 1212 {500)
2079 1145 2190 1200 fun-

610 1232 755 1287 ditus
784 1232 1021 1286 dirutum
1047 1241 1210 1301 atque
1255 1233 1594 1288 combustum
1635 1234 1830 1299 fuerat,
1859 1237 2190 1308 pauperique

613 1324 773 1379 modo
798 1323 1181 1380 reaediﬁcatum
1211 1322 1404 1389 fuerat,
1437 1327 1654 1380 carebat
1697 1327 2026 1396 appendiciis
2063 1329 2191 1383 sub-

612 1416 922 1487 stantiaque
959 1430 1064 1486 qua
1120 1413 1333 1470 famulae
1379 1416 1581 1472 Christi
1625 1420 1916 1473 sustentari
1968 1429 2190 1488 possent

611 1513 758 1576 (nam
789 1509 840 1564 in
885 1525 1023 1580 pane
1049 1518 1104 1566 et
1129 1525 1269 1581 aqua
1300 1513 1389 1566 vix
1415 1511 1620 1582 puellas
1645 1528 1737 1568 sex
1767 1513 2011 1570 detinere
2039 1524 2190 1584 pote-

611 1601 743 1670 rat),
794 1603 1111 1673 cogentibus
1181 1591 1396 1658 tantulis
1456 1612 1622 1673 atque
1673 1604 1998 1660 necessitate
2044 1605 2187 1660 domi

569 1774 572 1778 ί
614 1694 901 1760 remansit,
947 1704 1000 1750 et
1037 1695 1090 1749 in
1114 1694 1331 1766 praefata
1365 1695 1649 1751 ecclesiola
1680 1697 1766 1750 die
1802 1706 2070 1768 noctuque
2100 1700 2192 1753 de-

612 1800 768 1856 gens,
799 1801 857 1842 se
906 1787 1118 1842 Domini
1191 1787 1414 1843 Servilio
1476 1788 1824 1858 mancipavit.
1907 1788 2191 1859 Nunquam

614 1878 761 1933 enim
795 1894 888 1948 pes
918 1877 1033 1948 ejus
1069 1894 1099 1933 a
1130 1880 1440 1935 visitatione
1486 1871 1824 1934 inﬁrmorum
1855 1879 2190 1950 quiescebat,

573 1971 890 2040 ‘nunquam
947 1987 1142 2026 manus
1185 1971 1302 2040 ejus
1363 1987 1394 2026 a
1447 1973 1833 2042 procuratione
1890 1987 2188 2042 pauperum

613 2063 880 2116 cessabat.
921 2062 1148 2132 Semper
1195 2063 1311 2117 laus
1356 2062 1450 2117 Dei
1491 2063 1547 2118 in
1568 2063 1731 2119 corde
1775 2063 1943 2132 ipsius
1972 2063 2190 2119 assidua

614 2163 756 2218 erat,
792 2155 1123 2225 psalmorum
1169 2157 1604 2227 bymnorumque
1633 2166 1826 2212 cantus
1855 2171 1921 2212 ex
1951 2171 2045 2212 ore
2076 2155 2192 2226 ejus

619 2262 896 2315 nunquam
923 2247 1230 2313 recedebat,
1262 2247 1494 2317 psallens
1521 2248 1754 2315 sibimet,
1782 2249 1936 2317 juxta
1965 2251 2195 2320 Aposto-

615 2337 749 2404 lum,
769 2338 821 2393 in
845 2340 1072 2395 canticis
1094 2349 1149 2396 et
1171 2340 1392 2409 psalmis
1414 2350 1468 2396 et
1511 2342 1724 2414 hymnis
1751 2343 2119 2412 spiritualibus
2141 2344 2193 2398 in

614 2427 866 2485 Domino.
893 2428 1032 2485 Nihil
1059 2447 1313 2501 unquam,
1344 2447 1519 2502 neque
1542 2431 1736 2488 hiemis
1787 2446 1962 2503 neque
1989 2433 2195 2488 mstatis

616 2531 882 2591 tempore,
931 2531 1128 2593 preter
1162 2521 1423 2588 cilicium,
1446 2538 1554 2593 quo
1582 2538 1744 2593 super
1769 2525 1969 2578 nudum
1998 2539 2196 2592 corpus

615 2613 892 2676 utebatur,
933 2614 1321 2684 mattulamque
1363 2615 1778 2684 atquclapidcm
1809 2615 1972 2684 capiti
1997 2631 2198 2685 suppo-

617 2705 782 2758 situm
811 2705 912 2760 sibi
935 2706 1206 2760 substerni
1239 2706 1565 2775 patiebatur.
1596 2705 1807 2776 Vigiliis
1847 2715 1901 2761 et
1929 2707 2195 2760 orationi-

619 2796 633 2848 l
659 2812 720 2850 us
748 2796 977 2852 assiduis
1001 2796 1329 2866 jejuniisque
1344 2797 1620 2851 continuis
1641 2812 1836 2866 corpus
1862 2797 2193 2852 maccraba'.

583 2879 586 2884 ’
618 2890 709 2943 Bis
735 2899 942 2944 tantum
986 2890 1038 2944 iu
1071 2890 1432 2954 hebdomada,
1474 2899 1669 2960 praeter
1689 2889 1829 2944 diem
1855 2888 2194 2942 Dominicum

620 2983 1052 3053 apostolicasque
1110 2982 1516 3048 sulcmnilates,

620 3077 710 3129 die
735 3076 1168 3131 consecrationis
1195 3089 1306 3128 sua:
1361 3091 1466 3128 nou
1509 3074 1846 3138 comedebat,
1875 3073 2072 3142 piscem
2105 3081 2200 3128 aut

623 3164 802 3218 cibum
835 3165 1021 3228 alium,
1060 3173 1260 3235 prteter
1298 3179 1493 3234 panem
1523 3173 1578 3218 et
1603 3178 1823 3233 aquam,
1847 3163 1950 3219 nisi
1973 3163 2024 3218 in
2061 3179 2200 3234 prae—

620 3254 784 3308 claris
813 3254 1243 3309 solemnitatibus
1268 3270 1371 3308 non
1405 3255 1726 3323 attingebat.
1889 3251 1892 3254 ’

695 3344 780 3401 10.
823 3344 1048 3399 Tantam
1076 3345 1124 3400 ei
1147 3346 1405 3400 Dominus
1443 3345 1512 3399 ob
1556 3345 1728 3401 beata:
1769 3344 1892 3398 vita:
1946 3344 2194 3399 meritum

621 3437 852 3504 gratiam
881 3446 1245 3504 concesserat,
1291 3447 1348 3492 ut
1393 3439 1802 3506 quilmscunque
1829 3435 2057 3490 infirmis
2086 3436 2200 3490 sive

621 3515 1058 3582 fébricitantibus
1123 3543 1314 3582 manus
1362 3527 1695 3597 imponebat,
1741 3526 1898 3581 saluti
1951 3525 2196 3596 pristinae

581 3617 584 3620 ’
622 3620 952 3675 restitueret.
986 3619 1060 3674 Ea
1105 3620 1270 3689 igitur
1296 3621 1362 3675 de
1387 3619 1472 3674 die
1506 3619 1558 3673 in
1598 3619 1738 3674 diem
1775 3618 2111 3688 proficiente,
2145 3625 2200 3671 et

620 3718 688 3770 de
715 3717 914 3770 virtute
955 3715 1008 3770 in
1032 3715 1288 3770 virtutem
1326 3714 1675 3778 ascendente,
1713 3712 1885 3767 tribus
1928 3711 2114 3766 lustris
2145 3709 2196 3762 in

621 3807 918 3878 asperitate
939 3806 1190 3874 vitazjam
1221 3806 1477 3876 peractis,
1509 3805 1614 3860 diei
1647 3803 1914 3873 paschalis
1940 3800 2196 3857 solemni-
2286 3817 2289 3821 ·

620 3901 824 3954 tatibus
886 3899 1114 3968 contigit
1160 3897 1473 3968 pertirulam
1508 3895 1670 3967 piscis
1719 3895 1791 3949 illi
1839 3895 1906 3949 ad
1955 3908 2198 3948 mensam

619 3993 828 4048 sedenti
859 3993 1077 4062 apponi.
1107 3991 1237 4059 Quae
1276 3989 1442 4062 (quod
1485 3987 1800 4043 admirabile
1838 3987 1986 4042 dictu
2027 3993 2110 4042 est
2146 3993 2201 4038 et

621 4084 777 4153 quasi
807 4081 1144 4153 incredibile)
1169 4082 1310 4136 inter
1333 4095 1524 4134 manus
1554 4078 1722 4149 ipsius
1747 4078 1798 4132 in
1831 4091 2048 4132 carnem
2077 4090 2200 4129 con-

586 4163 588 4165 ’
621 4188 800 4238 versa,
830 4173 984 4228 valde
1029 4188 1149 4227 eam
1178 4170 1488 4241 perterruit,
1520 4178 1574 4224 et
1611 4184 1732 4223 cum
1762 4167 2062 4222 vehementi
2089 4175 2201 4219 stu-

622 4279 756 4331 pore
801 4263 1050 4319 ministro
1093 4263 1380 4334 indignans
1411 4262 1486 4315 ait
1516 4278 1528 4314 :
1561 4278 1580 4312 ι
1609 4261 1855 4329 Ignoscat
1891 4258 1984 4312 tibi
2014 4257 2150 4312 Deus
2182 4274 2195 4310 :

623 4369 794 4422 quare
829 4368 916 4408 me
957 4353 1035 4408 sic
1066 4353 1287 4408 illudcre
1309 4351 1562 4407 voluisti?
1599 4350 1810 4406 sciebas
1857 4364 1944 4403 me
1978 4362 2200 4402 carnem
2229 4338 2278 4397 D

586 4433 592 4522 ξ
625 4461 732 4500 non
790 4453 1152 4498 comesturam
1181 4487 1195 4509 ,
1244 4453 1299 4499 et
1348 4459 1466 4498 eam
1521 4442 1651 4496 mihi
1685 4440 2000 4511 apposuisti.
2037 4459 2054 4492 ι
2086 4438 2203 4500 Οιιο

627 4542 862 4606 negante
892 4542 947 4588 et
1000 4533 1196 4590 obnixe
1231 4532 1468 4603 jurantc,
1520 4529 1787 4585 intellexit
1811 4528 1914 4583 hoc
1948 4528 2040 4582 Dei
2074 4535 2204 4581 nutu

623 4629 831 4684 factum
865 4626 1050 4683 fuisse.
1084 4626 1392 4697 Parumque
1437 4623 1695 4695 gustavit,
1735 4631 1787 4678 et
1817 4636 1847 4674 a
1893 4635 1952 4676 se
1982 4618 2204 4675 submo-

622 4719 720 4781 vit,
749 4718 1100 4787 protinusque
1139 4732 1167 4770 a
1197 4731 1382 4772 mensa
1421 4729 1669 4783 surgens,
1707 4710 1962 4767 Ecclesiae
1997 4718 2052 4764 et
2083 4723 2205 4764 ora-

595 4809 757 4864 tioni
790 4811 856 4864 ad
887 4809 1100 4864 laudem
1137 4807 1218 4863 sui
1253 4805 1527 4861 Creatoris
1547 4819 1604 4860 se
1636 4803 1888 4858 reddidit.

697 4901 784 4954 ll.
827 4899 940 4956 Hoc
969 4900 1133 4954 etiam
1175 4897 1390 4953 silentio
1428 4894 1688 4965 supprimi
1739 4893 2017 4962 indignum
2061 4889 2207 4944 arbi-

626 4999 776 5054 tror,
839 4991 982 5060 quod
1037 4987 1125 5043 ille
1192 4987 1282 5056 qui
1344 5001 1530 5042 servos
1587 4997 1715 5039 suos
1763 4979 2065 5053 gloriﬁcare
2142 4991 2207 5032 ac

591 5085 594 5088 ’
625 5081 978 5149 magniﬁcare
1024 5093 1301 5148 nunquam
1332 5075 1558 5142 distulit,
1590 5073 1839 5144 poculum
1868 5087 2022 5140 aqua:
2068 5083 2205 5140 qua-

702 5191 850 5252 (499)
893 5190 1204 5252 Merbccca,
1271 5187 1536 5252 Merbeke,
1591 5186 1743 5241 vicus
1795 5181 2100 5252 Brabantiai
2152 5179 2204 5232 in

2288 406 2574 461 convertit.

2363 519 2450 574 12.
2479 516 2777 588 Terquinis
2795 516 2963 586 igitur
2987 515 3143 570 annis
3164 529 3289 570 cum
3311 513 3522 568 duobus
3547 522 3673 585 post
3696 517 3862 583 patris

2289 619 2520 666 mortem
2574 609 2822 678 expletis,
2872 623 2995 663 cum
3038 607 3218 660 divina
3263 604 3597 660 revelatione
3623 615 3863 661 extrema

2289 701 2450 770 hujus
2473 700 2608 755 lucis
2631 710 2872 768 tempora
2924 699 3208 754 imminere
3235 696 3336 752 sibi
3381 697 3632 759 sentiret.
3670 713 3867 751 convo-

2237 823 2240 826 -
2290 790 2428 846 catis
2484 790 2854 846 sacerdotibus
2935 788 3111 844 oleum
3194 795 3440 842 sanctum
3515 786 3727 856 petiit:
3767 803 3868 855 quo

2239 929 2242 932 .
2291 891 2532 951 accepto,
2561 894 2788 948 corpore
2832 888 2888 935 et
2931 878 3192 949 sanguine
3222 878 3304 933 sui
3349 877 3733 946 Redemptoris
3763 879 3868 930 exi-

2292 982 2403 1028 tum
2437 988 2591 1027 suum
2626 971 2982 1036 consecravit,
3006 978 3062 1024 et
3082 969 3161 1025 sic
3183 970 3427 1026 ultimum
3453 969 3712 1038 spiritum
3737 973 3868 1022 casto

2291 1065 2545 1122 reddidit.

2363 1175 2450 1232 15.
2491 1175 2813 1247 Congregati
2844 1175 3007 1246 igitur
3035 1172 3251 1243 cognati
3272 1179 3326 1227 et
3370 1171 3533 1226 amici
3562 1169 3703 1239 ejus,
3729 1170 3865 1224 servi

2292 1277 2348 1323 et
2375 1267 2606 1333 ancillm,
2656 1275 2712 1321 et
2756 1267 2918 1320 etiam
2964 1264 3198 1333 majores
3227 1263 3460 1333 regionis
3484 1262 3653 1324 illius,
3684 1261 3753 1314 ad
3783 1275 3867 1313 se-

2290 1358 2597 1428 peliendmn
2621 1373 2738 1413 eam
2767 1366 3154 1420 convenerunt,
3180 1355 3430 1422 illamque
3455 1354 3614 1407 modo
3632 1368 3872 1422 congruo

2287 1447 2441 1517 juxta
2473 1448 2733 1502 tumulum
2785 1456 3066 1517 parentum
3106 1445 3548 1500 recondiderunt.
3598 1443 3710 1497 Sed
3751 1459 3868 1496 cum

2293 1541 2346 1595 in
2377 1555 2484 1610 quo
2508 1555 2627 1594 eam
2655 1540 3011 1594 reconderem
3032 1538 3428 1607 sarc0pbagum
3458 1551 3566 1590 non
3598 1535 3868 1590 haberent

2223 1633 2582 1718 Blapideum,
2641 1645 2871 1701 quorum
2925 1631 2976 1684 in
3030 1631 3130 1685 hac
3187 1628 3408 1700 regione
3462 1628 3692 1696 penuria
3739 1635 3869 1691 est,

2295 1740 2556 1796 quercum
2600 1737 2845 1794 magnam
2867 1721 3020 1790 juxta
3064 1721 3320 1790 templum
3365 1729 3599 1774 stantem
3629 1719 3870 1774 succide-

2294 1829 2442 1888 runt,
2470 1819 2654 1889 illique
2680 1832 2744 1872 ex
2770 1817 2956 1871 eadem
2979 1830 3182 1884 quercu
3222 1830 3318 1869 vas
3351 1814 3405 1868 in
3435 1827 3544 1884 quo
3571 1812 3751 1884 posita
3770 1824 3870 1876 cst,

2295 1920 2629 1983 aptaverunt.
2679 1910 2922 1977 Quantas
2967 1917 3145 1963 autem
3201 1923 3296 1977 per
3326 1906 3474 1961 illam
3505 1905 3742 1960 virtutes
3774 1904 3872 1959 Do-

2281 2005 2474 2062 minus
2505 2004 2557 2057 in
2580 2003 2768 2057 eodem
2794 2000 2913 2055 loco
2937 1999 3152 2070 operari
3182 1998 3429 2068 dignatus
3452 2006 3556 2061 est,
3595 2011 3698 2050 nec
3723 2010 3869 2049 incus

2295 2103 2479 2150 nostra
2525 2091 2670 2146 valet
2725 2091 2908 2154 edere,
2957 2103 3055 2144 nec
3103 2089 3284 2158 lingua
3331 2084 3525 2140 snﬂicit
3571 2083 3868 2154 explicare.

2294 2182 2445 2239 Multi
2499 2183 2642 2237 enim
2673 2179 2822 2243 caici,
2855 2177 3146 2232 luminibus
3178 2175 3398 2240 redditi,
3427 2175 3546 2229 sine
3592 2174 3734 2227 duce
3784 2172 3873 2225 do-

2295 2288 2440 2327 mum
2475 2270 2776 2335 redierunt;
2803 2268 2952 2323 multi
2976 2266 3152 2323 claudi
3183 2265 3425 2321 solidatis
3455 2263 3682 2318 basibus
3707 2261 3870 2316 erecti

2295 2370 2449 2426 sunt;
2515 2361 2694 2416 surdis
2760 2360 2979 2414 auditus
3031 2357 3303 2424 redditus;
3357 2355 3552 2425 linguae
3599 2364 3871 2408 mutorum

2296 2452 2520 2517 solutae;
2560 2453 2937 2521 daemoncsque
2981 2450 3046 2504 ad
3085 2448 3203 2522 ejus
3241 2447 3573 2519 sepulturam
3601 2463 3670 2500 ex
3692 2444 3873 2500 obses

2296 2547 2372 2602 sis
2397 2545 2709 2614 corporibus
2743 2542 2950 2613 expulsi
2983 2550 3127 2597 sunt.

2370 2659 2455 2713 16.
2496 2657 2628 2714 Cum
2655 2673 2783 2729 ergo
2817 2666 2891 2712 tot
2921 2672 2986 2712 ac
3027 2655 3191 2711 tantis
3216 2652 3491 2710 miraculis
3515 2651 3636 2722 ejus
3666 2653 3868 2708 sancti-

2299 2760 2384 2806 tas
2427 2750 2630 2820 pollens
2678 2749 2832 2818 longe
2877 2747 3090 2818 lateque
3140 2746 3480 2809 claresceret,
3510 2745 3722 2814 placuit
3759 2752 3873 2813 post

2255 2897 2257 2900 i
2299 2842 2638 2912 septcuuium
2691 2839 2880 2894 amicis
2907 2849 2962 2894 ct
2990 2839 3183 2893 vicinis
3210 2839 3327 2908 ejus
3365 2837 3769 2906 sarcophagum
3799 2836 3873 2887 vi-

2299 2933 2446 2992 dere.
2480 2940 2556 2996 et,
2579 2932 2622 2986 si
2641 2939 2883 3000 possent,
2914 2931 2966 2984 in
2998 2929 3189 2984 melius
3217 2930 3282 2983 ad
3313 2928 3430 2999 ejus
3459 2929 3725 2983 honorem
3755 2941 3864 2979 mn-

1546 2981 1842 3036 reliciebat.
1890 2981 2122 3036 Carnem
2165 2996 2194 3034 a
2303 2981 2446 2992 ""'
2485 2981 2882 3000 """""""
2915 2981 2965 3032 ;“
3165 2981 3184 2984 ‘
3223 2981 3281 2983 η
3322 2981 3361 2999 "
3390 2981 3425 2984 "
3611 3018 3624 3029 .
3825 3009 3874 3025 η

1643 3088 1653 3090 _
1683 3074 1696 3090 .
1733 3074 1757 3090 .,
1808 3081 1821 3090 ,
1876 3073 1947 3090 ,.,
1970 3088 2008 3090 ,ί
2040 3089 2063 3090 η
2114 3088 2124 3090 _
2181 3081 2193 3090 ,
2224 2999 2272 3063 C
2307 3032 2440 3076 tare.
2479 3022 2533 3076 In
2559 3037 2664 3090 quo
2693 3021 2811 3076 loco
2857 3037 2991 3074 mira
3014 3035 3101 3076 res
3127 3029 3182 3075 et
3206 3020 3520 3074 inusitatum
3552 3015 3869 3087 miraculum

2303 3112 2662 3181 humanisque
2717 3112 2940 3167 auribus
2989 3112 3284 3166 inauditum
3339 3110 3540 3166 evenit.
3588 3107 3728 3161 Nam
3753 3122 3870 3161 cum

2301 3204 2695 3275 sarcophagum
2735 3203 2877 3258 idem
2941 3203 2995 3258 in
3051 3217 3158 3272 quo
3209 3210 3396 3257 sancta
3455 3199 3613 3269 virgo
3658 3198 3872 3268 jacebat

2300 3293 2560 3362 ejicerent
2609 3294 2674 3348 de
2717 3301 2880 3356 terra,
2905 3309 3025 3347 cum
3057 3292 3208 3361 prius
3239 3290 3473 3361 ligneum
3493 3287 3717 3350 fuisset,
3742 3286 3871 3354 lapi-

2301 3383 2457 3438 demn
2482 3392 2565 3439 est
2605 3383 2905 3439 inventum.
2947 3381 3117 3452 Hujus
3135 3382 3211 3436 rei
3238 3381 3428 3437 notitia
3454 3395 3577 3435 cum
3613 3394 3715 3448 per
3737 3378 3870 3431 hanc

2303 3476 2578 3547 regionem
2603 3476 2988 3545 divulgaretur,
3016 3475 3366 3542 omniumque
3394 3471 3730 3525 audientium
3763 3469 3875 3521 ani-

2305 3583 2423 3623 mos
2472 3568 2539 3622 ad
2589 3567 2799 3621 laudem
2843 3566 2936 3621 Dei
2973 3574 3028 3619 et
3054 3574 3252 3640 sanctae
3275 3562 3546 3617 Bellendis
3568 3559 3871 3619 extolleret,

2303 3661 2552 3732 qumdam
2605 3659 2797 3713 mulier
2841 3674 2905 3713 ex
2967 3657 3146 3712 vicino
3207 3647 3479 3711 incredula
3528 3664 3869 3722 permanens.

2303 3761 2465 3821 atque
2488 3750 2826 3806 mendacium
2854 3763 2973 3803 esse
3001 3747 3296 3805 aﬁirmans,
3327 3743 3393 3798 ad
3422 3742 3713 3797 videndum
3741 3740 3872 3792 male

2303 3840 2519 3898 credula
2573 3841 2738 3894 venit.
2795 3838 2900 3893 Sed
2945 3852 3068 3892 mox
3114 3845 3173 3890 ut
3223 3834 3358 3889 vidit
3396 3831 3813 3900 sarcophagum,
3844 3843 3870 3879 a

2301 3932 2542 3987 dtemone
2589 3938 2800 3999 arrepta
2867 3927 2935 3981 ad
2978 3937 3175 3981 terram
3220 3924 3449 3986 cecidit;
3481 3937 3598 3991 qua:
3651 3936 3747 3990 per
3776 3919 3870 3973 tri-

2300 4021 2466 4076 duum
2514 4020 2813 4083 exanimis,
2859 4033 2964 4072 non
3016 4016 3239 4069 audiens
3298 4027 3474 4083 neque
3536 4011 3762 4070 videns,
3805 4007 3872 4061 ibi

2296 4113 2488 4183 jacuit.
2523 4113 2692 4167 donec
2716 4111 2868 4181 virgo
2895 4107 3280 4184 sacratissima,
3311 4103 3602 4184 astantium
3627 4101 3875 4172 precibus

2306 4206 2539 4276 pulsata,
2565 4201 2807 4274 pristinas
2829 4200 2988 4255 saluti
3015 4214 3135 4254 eam
3167 4195 3421 4252 restituit.

2378 4325 2467 4380 15.
2507 4324 2713 4392 Quibus
2742 4321 3021 4377 miraculis
3062 4329 3168 4376 tam
3191 4317 3442 4390 jucundis
3469 4323 3691 4385 tamque
3723 4313 3872 4366 mirio

2310 4420 2426 4475 ﬁcis
2472 4417 2650 4471 omnis
2694 4415 2843 4484 regio
2877 4421 3119 4485 permota
3169 4410 3428 4473 occurrit,
3477 4417 3532 4462 et
3567 4408 3621 4460 in
3677 4407 3874 4459 honore

2306 4514 2480 4568 beatae
2523 4511 2619 4564 Dei
2676 4507 2956 4576 genitricis
3017 4505 3199 4560 Mariae
3252 4511 3563 4570 sanctasque
3609 4494 3873 4552 Bellendis

2305 4604 2530 4672 virginis
2557 4600 2840 4657 ecclesiam
2868 4599 2920 4653 in
2941 4612 3044 4668 qua
3062 4609 3205 4649 nunc
3234 4586 3863 4662 requiescit,l‘abricavit.

2307 4695 2606 4752 Triccsimo
2676 4693 2857 4761 itaque
2931 4685 3282 4757 depositionis
3337 4697 3469 4745 sum.
3508 4694 3676 4741 anno,
3705 4678 3875 4731 omnis

2308 4783 2592 4840 multitudo
2646 4781 2998 4836 ﬁnitimarum
3043 4775 3350 4846 regionum,
3407 4769 3588 4824 divina
3645 4766 3871 4834 inspira-

2309 4875 2453 4929 tione
2499 4872 2697 4934 albata,
2733 4867 2984 4925 convenit
3033 4879 3155 4921 cum
3189 4864 3399 4918 duobus
3449 4857 3738 4927 episcOpis,
3775 4854 3871 4907 Ca-

2292 4964 2603 5020 meracensi
2631 4961 2898 5024 videlicet,
2930 4958 3148 5014 nomine
3180 4955 3448 5010 Ausberto
3473 4950 3643 5022 (501),
3676 4947 3846 5000 Torna

2307 5060 2582 5127 censique,
2629 5053 2846 5108 nomine
2888 5049 3174 5115 Norberto,
3234 5047 3325 5116 qui
3356 5059 3474 5100 eam
3518 5043 3586 5097 de
3632 5037 3871 5109 sepulcro

2289 5137 2494 5242 .gioues
2523 5169 2718 5238 sacpius
2762 5160 3283 5252 infestarunt.INam
3317 5159 3632 5252 Hunnorum
3665 5150 3869 5208 nomine

3191 5241 3356 5252 _l.-_o—
3393 5241 3608 5252 .nnl-A-‘A
