4094 5252
328 327 467 387 H09

1608 337 1765 394 VITA
1803 340 1859 395 S.
1896 340 2305 399 LANDOAI.DI.

3453 352 3591 407 H10

324 445 666 514 levaverunt,
718 456 881 519 atque
912 450 965 505 in
1008 450 1266 507 scrinium
1296 451 1348 507 in
1378 467 1484 523 quo
1537 469 1677 509 nunc
1714 464 1905 524 pausat
1932 458 1980 516 Α
2010 458 2105 523 vit,
2152 462 2206 513 in
2255 476 2359 530 qua
2416 461 2591 530 signis
2634 476 2698 516 ac
2748 463 3040 519 virtutibus
3095 474 3258 535 atque
3309 466 3591 522 miraculis

325 538 663 595 locaverunt.

400 630 486 685 l6.
525 631 661 685 Cum
712 640 892 687 autem
933 632 1093 689 vellet
1142 635 1286 691 Deus
1311 635 1539 706 gloriam
1567 647 1623 692 et
1649 638 1908 693 honorem

326 728 489 787 atque
514 736 707 776 nomen
738 738 848 777 sua:
872 722 1086 779 famula:
1112 727 1465 796 ampliﬁcare,
1501 730 1730 796 contigit
1771 728 1912 786 Tulli

326 811 550 865 civitate
579 814 903 868 monachum
935 817 1223 891 quemdam
1253 818 1487 871 cmuobii
1507 818 1567 871 Β.
1598 827 1909 887 ρτοιοῐηον-

327 902 464 971 tyris
498 900 755 971 Stephani
784 904 959 974 (502),
988 920 1083 974 per
1115 906 1289 960 visum
1328 905 1583 974 juvenem
1612 908 1913 977 pulcherri-

325 1008 476 1047 mum
545 993 731 1049 videre
779 997 1127 1053 assistentem
1184 999 1306 1064 sibi,
1379 1008 1543 1068 atque
1594 1000 1908 1055 dicentem:

329 1101 347 1133 ο
386 1085 583 1152 Surge,
612 1094 668 1139 et
696 1086 832 1141 vade
872 1088 937 1139 ad
973 1088 1309 1156 provinciam
1356 1089 1714 1154 Bracbantize,
1735 1091 1802 1143 ad
1836 1090 1912 1143 lo-

321 1186 446 1226 cum
496 1175 588 1243 qui
619 1176 817 1232 dicitur
865 1178 1167 1247 Merbecca,
1216 1191 1270 1237 et
1306 1180 1374 1236 de
1415 1181 1659 1251 reliquiis
1708 1191 1912 1238 sanctae

320 1262 550 1333 virginis
582 1268 801 1320 nomine
843 1267 1111 1323 Bellendis
1153 1280 1299 1325 tenta
1345 1272 1570 1337 habere,
1609 1283 1667 1325 ut
1709 1272 1762 1325 in
1795 1270 1911 1339 ejus

320 1350 551 1416 honore,
580 1353 633 1407 in
664 1353 782 1410 loco
806 1373 965 1426 quem
993 1359 1086 1412 tibi
1119 1361 1259 1414 Deus
1280 1360 1599 1425 ostenderit,
1623 1360 1910 1415 ecclesiam

320 1443 499 1510 possis
545 1445 837 1501 aediﬁcare.
888 1448 988 1515 Qui
1026 1450 1093 1504 ad
1141 1452 1425 1520 przefatum
1470 1452 1649 1507 locum
1687 1452 1911 1507 veniens

321 1548 447 1588 cum
481 1550 675 1604 magno
720 1538 925 1594 honore
980 1542 1291 1611 suscipitur,
1343 1544 1525 1612 ibique
1575 1558 1799 1597 manens
1857 1544 1909 1596 in

321 1639 517 1695 magna
571 1631 919 1686 veneratione
968 1634 1221 1701 habetur,
1255 1644 1310 1691 et
1338 1636 1404 1689 ad
1438 1636 1685 1689 ultimum
1727 1634 1911 1705 templi

318 1723 508 1769 custos
542 1715 795 1773 edicitur.
830 1720 1001 1778 Nocte
1031 1724 1195 1792 igitur
1216 1726 1450 1793 quadam
1478 1726 1691 1780 cunctis
1715 1740 1909 1794 sopore

319 1803 618 1874 depressis,
672 1811 931 1865 scrinium
964 1815 1194 1883 aperuit,
1227 1816 1371 1871 etde
1404 1816 1615 1887 virgine
1642 1826 1906 1885 quantum
1939 1810 1983 1868 Β

320 1896 426 1952 sibi
456 1899 679 1969 placuit,
726 1902 971 1969 abstulit,
1026 1920 1090 1960 ac
1124 1917 1365 1977 terupore
1413 1908 1515 1962 sibi
1549 1922 1790 1976 congruo
1823 1921 1909 1960 re-

316 1987 507 2042 cessit.
568 1988 804 2047 Veniens
876 2002 1055 2048 autem
1110 1996 1205 2050 Dei
1253 1998 1413 2052 ductu
1461 1998 1515 2053 in
1564 1997 1907 2052 solitudinem

320 2080 392 2132 ad
422 2080 600 2138 locum
656 2086 874 2142 nomine
912 2086 1059 2158 (503)
1092 2089 1188 2143 Τὶη
1219 2089 1318 2144 sibi
1350 2090 1566 2145 coalitus
1592 2098 1868 2144 ostensum
1892 2129 1907 2154 ,

320 2167 523 2226 ibidem
560 2175 777 2243 mansit,
823 2176 1103 2248 beataeque
1130 2180 1321 2251 virgini
1359 2180 1639 2235 basilicam
1670 2180 1905 2251 atdil‘tca-

2014 565 2330 616 coruscans,
2374 568 2544 622 usque
2579 555 2645 607 ad
2690 555 3003 609 hodiermuu
3050 558 3187 611 diem
3219 557 3386 625 fulget
3417 558 3593 610 admi-

2014 642 2222 697 rabilis.
2278 644 2412 698 Nam
2448 655 2502 701 et
2544 648 2896 716 congregatio
2950 650 3341 703 monachorum
3379 650 3592 719 refigit»-

2015 751 2200 791 sorum
2238 738 2434 792 ibidem
2488 741 2781 795 constituta
2822 764 2825 767 ι
2871 742 3098 796 Domino
3160 743 3487 807 famulatur,
3538 754 3595 796 ut.

2014 826 2184 896 ipsius
2224 829 2450 899 virginis
2476 832 2793 899 patrociniis
2839 833 2925 885 illa
2971 835 3141 902 patria
3174 850 3203 887 a
3247 835 3475 889 Domino
3506 851 3595 889 su-

2014 925 2305 970 stentatur.
2355 918 2637 973 Dominum
2689 921 2851 991 igitur
2880 923 2968 991 qui
3004 933 3112 976 tam
3156 940 3347 995 magna
3376 933 3428 978 et
3457 940 3595 993 pene

2014 1003 2429 1061 innumerabilia
2501 1008 2734 1078 gloriose
2807 1019 2861 1064 et
2930 1011 3275 1065 laudabiliter
3341 1025 3596 1083 operatur

2015 1097 2269 1152 miracula
2316 1098 2366 1152 in
2419 1100 2623 1153 sanctis
2653 1100 2783 1161 suis,
2820 1102 3083 1155 condecet
3135 1102 3377 1158 colentes
3428 1118 3552 1157 eum
3584 1152 3597 1165 ,

2015 1199 2262 1245 amantes
2325 1206 2471 1253 eum,
2514 1191 2799 1247 credentes
2851 1194 2901 1245 in
2959 1208 3104 1256 eum,
3156 1194 3458 1248 servientes
3505 1196 3552 1249 ei
3585 1236 3598 1257 ,

2014 1276 2256 1342 laudare,
2288 1288 2344 1333 et
2364 1279 2689 1349 gloriﬁcare,
2717 1288 2771 1333 et
2801 1279 3151 1344 benedicere;
3184 1290 3257 1345 et,
3284 1282 3459 1352 utipsi
3491 1298 3601 1335 lllt'-

2014 1385 2233 1424 reamur
2256 1371 2325 1424 ab
2358 1386 2422 1424 eo
2450 1370 2763 1425 conservari
2800 1378 2961 1439 atque
2994 1370 3260 1433 benedici,
3297 1374 3456 1442 hujus
3493 1372 3601 1423 vir-

2014 1461 2155 1531 ginis
2187 1463 2435 1531 precibus
2460 1461 2631 1530 cujus,
2665 1461 2891 1516 Domino
2912 1463 3158 1528 juvante,
3186 1461 3364 1516 Vitam
3416 1462 3601 1516 verbis

2015 1552 2140 1607 licet
2184 1552 2556 1622 incompositis
2622 1552 3033 1621 descripsimus,
3068 1558 3176 1607 tota
3226 1554 3327 1623 piat
3355 1555 3599 1608 devotio-

2014 1646 2102 1701 nis
2162 1647 2463 1703 intentioue
2510 1661 2796 1715 poscamus
2836 1655 2893 1699 ut
2941 1646 3228 1716 pervenire
3291 1661 3599 1700 mereamur

2016 1736 2081 1790 ad
2110 1735 2337 1805 patriam
2376 1751 2623 1807 superna:
2654 1731 3003 1790 hmreditatis.

2084 1828 2170 1881 17.
2215 1826 2462 1898 Μίεῐιεινὶι
2512 1835 2691 1881 autem
2724 1836 2907 1880 sancta
2942 1826 3216 1882 Bellendis
3256 1843 3321 1882 ex
3352 1828 3450 1881 hac
3487 1827 3597 1880 vita

2012 1918 2247 1973 feliciter
2296 1920 2347 1971 in
2395 1920 2621 1973 Domino
2654 1917 2827 1988 (504),
2881 1918 3040 1971 tertio
3064 1916 3243 1972 Nonas
3275 1917 3595 1982 Februarii;

2012 2018 2067 2063 et
2111 2009 2345 2064 exsultat
2390 2024 2511 2063 cum
2568 2010 2777 2063 sanctis
2826 2010 3136 2078 perenniter
3191 2023 3425 2079 regnans
3474 2024 3597 2063 cum

2012 2101 2247 2165 Christo,
2292 2102 2380 2173 qui
2408 2109 2597 2173 regnat
2628 2100 2826 2169 ubique
2859 2099 2975 2154 sine
2999 2099 3252 2153 termino.

349 2317 3588 2356 Ψ

1228 2478 1586 2594 VITA
1667 2479 1785 2590 s.
1878 2448 2689 2590 LANDOALD’I

946 2703 1147 2761 Jussu
1174 2701 1440 2779 Notgcri
1481 2700 1762 2778 episcopi
1800 2698 2159 2761 Leodt'ensis
2188 2697 2265 2759 ab
2297 2697 2604 2775 Herigero
2638 2695 2902 2775 scripta.

892 2864 1066 2933 (Apud
1094 2863 1365 2929 Bollaud.,
1402 2862 1578 2917 Martii
1611 2872 1653 2919 t.
1683 2861 1747 2917 lll
1768 2902 1783 2927 ,
1819 2862 1904 2917 die
1927 2861 1993 2917 19
2016 2902 2031 2927 ,
2057 2876 2181 2931 pag.
2211 2860 2305 2929 '55,
2335 2877 2399 2915 ex
2428 2860 2584 2915 variis
2615 2876 2741 2914 mss.
2770 2867 2819 2914 et
2847 2855 3053 2927 Suria.)

1746 2981 1964 2995 —_

1626 3108 2355 3235 PROLOGUS,

397 3303 707 3369 Numanus,
754 3314 935 3372 quem,
963 3302 1063 3357 etsi
1100 3301 1373 3372 indignum
1409 3300 1467 3356 S.
1506 3301 1685 3357 Mariae
1711 3301 1915 3357 sancti-
1943 3323 1989 3387 ο
2021 3301 2142 3356 dam
2170 3300 2492 3370 sapientem,
2523 3312 2575 3355 et
2598 3301 2665 3357 de
2688 3302 2970 3371 praesentis
2992 3302 3275 3357 honestate
3324 3302 3606 3372 propositi,

323 3411 437 3465 que
465 3393 739 3447 Lamberti
765 3392 1115 3463 mancipium,
1148 3392 1442 3461 praedicant
1502 3401 1678 3446 tamen
1710 3391 1914 3460 episco-

321 3504 455 3558 pum
508 3486 680 3555 (505),
712 3485 965 3541 Wontto
988 3485 1283 3540 venerabili
1334 3485 1388 3538 in
1436 3484 1655 3539 Christo
1686 3483 1832 3538 Patri
1862 3493 1917 3538 et

322 3576 612 3632 Fratribus
636 3577 1035 3641 Gandensibus,
1089 3576 1447 3645 omnibusque
1494 3575 1742 3629 ﬁdelibus
1782 3590 1917 3643 quo-

320 3681 539 3733 cunque
596 3664 837 3719 locorum
888 3665 1111 3734 positis,
1160 3665 1274 3718 haec
1323 3663 1479 3719 oculo
1542 3679 1648 3719 non
1698 3664 1916 3734 obliquo

320 3757 571 3823 lecturis,
604 3758 1018 3827 perpetuitatem
1041 3759 1163 3811 vita:
1192 3757 1446 3811 caelestis.
1472 3756 1777 3823 Postulare,
1808 3756 1917 3810 imo

320 3851 604 3907 exhortari
654 3850 1027 3904 facultatulam
1084 3860 1281 3905 nostra!
1331 3850 1673 3912 modicitatis,
1723 3848 1917 3904 Patres

321 3942 795 4008 reveretnlissimi,
819 3958 922 3996 non
956 3942 1243 3997 dubitastis
1286 3940 1433 4011 (506)
1464 3949 1520 3993 ut
1550 3956 1616 3993 ex
1650 3939 1911 3994 mirabili-

316 4035 449 4097 bus,
476 4034 685 4089 sazculis
709 4036 960 4089 omnibus
1004 4044 1059 4090 et
1111 4034 1359 4105 gentibus
1410 4032 1784 4103 praedicandis,
1819 4048 1917 4087 no-

316 4123 567 4191 strisque
593 4123 801 4187 diebus,
850 4124 978 4178 licet
1025 4123 1197 4178 simus
1246 4123 1472 4192 indigni,
1501 4123 1655 4177 nobis
1694 4122 1915 4193 quidem

316 4214 710 4281 manifestatis,
740 4216 892 4269 vobis
936 4215 1156 4283 insuper
1207 4214 1540 4284 praerogatis,
1588 4213 1641 4268 in
1686 4213 1917 4269 transla-

322 4310 479 4363 tione
515 4307 723 4361 scilicet
749 4307 806 4362 S.
839 4306 1136 4361 Landoaldi
1169 4307 1627 4378 archipresbyteri
1660 4315 1713 4360 et
1741 4307 1917 4361 socio-

318 4416 448 4468 rujn
478 4398 592 4468 ejus
642 4399 917 4465 revelatis,
960 4398 1107 4468 quia,
1133 4413 1199 4451 ex
1243 4406 1429 4452 nostra
1483 4397 1607 4452 elati
1667 4397 1912 4463 dioecesi,

318 4497 535 4552 vestro,
566 4490 962 4558 przeordinante
988 4488 1115 4552 Deo,
1134 4499 1410 4543 cesserunt
1425 4487 1564 4556 juri;
1597 4488 1912 4552 debeamus,

319 4586 591 4648 quantum
623 4578 689 4631 ad
716 4591 1024 4646 aususque,
1069 4575 1205 4629 fama
1234 4576 1507 4646 vulgante,
1566 4576 1741 4645 potuit
1792 4592 1916 4643 per-

2019 3402 2073 3448 et
2096 3394 2162 3448 de
2186 3393 2381 3448 futura:
2412 3394 2587 3449 aetatis
2611 3394 2843 3450 utilitate
2866 3394 3152 3464 conjuncta
3182 3401 3287 3450 est.
3323 3392 3432 3447 Nsi
3462 3392 3608 3447 enim

2018 3492 2169 3553 gesta
2221 3500 2407 3539 eorum
2482 3486 2689 3540 incuria
2762 3485 3221 3555 praedecessorum
3297 3494 3608 3539 nostrorum

2019 3574 2374 3642 deperisseut,
2407 3576 2563 3631 nobis
2586 3577 2853 3646 hodieque
2877 3577 3210 3632 sulIicerent.
3242 3575 3348 3631 Sed
3405 3586 3608 3644 quanta

2020 3667 2324 3722 audivimus
2348 3678 2400 3721 et
2427 3670 2780 3738 cognovimus
2807 3684 2895 3733 ea,
2922 3679 2977 3723 et
3002 3668 3193 3723 Patres
3219 3668 3387 3722 nostri
3419 3681 3609 3721 narra-

2018 3764 2217 3809 verunt
2246 3755 2422 3819 nobis,
2449 3772 2510 3809 ea
2552 3756 2805 3811 videlicet
2851 3772 2972 3826 quae
3012 3757 3190 3811 adhuc
3227 3765 3410 3811 nostra
3463 3764 3615 3809 tenet

2019 3846 2305 3910 memoria,
2340 3845 2539 3916 rogatis
2585 3844 2790 3915 scripto
2846 3846 3169 3910 mandanda,
3211 3861 3281 3901 ne
3325 3844 3511 3899 itidem
3552 3855 3609 3899 et

2018 3954 2119 3993 nos
2139 3938 2459 3992 damnemur
2488 3952 2518 3990 a
2540 3936 2866 4006 posteritate
2911 3937 3289 3992 subsecutum.
3316 3934 3514 3990 Positis
3540 3935 3603 3988 ad

2018 4028 2137 4082 haec
2160 4027 2211 4081 in
2245 4026 2485 4095 ancipiti,
2513 4026 2639 4095 quia
2670 4025 3017 4094 praesulatum
3050 4026 3191 4096 apud
3220 4041 3315 4082 vos
3363 4025 3606 4081 omnium

2021 4119 2221 4173 artium
2278 4134 2459 4172 arcem
2512 4126 2727 4171 constat
2774 4132 2893 4173 esse
2942 4127 2997 4173 et
3048 4118 3236 4184 credi,
3290 4132 3607 4187 suspensam

2020 4218 2253 4265 mentem
2303 4208 2574 4263 silentium
2623 4208 2876 4275 librabat,
2912 4210 3148 4279 illudque
3194 4210 3463 4280 poeticum
3494 4210 3611 4263 ani-

2020 4316 2166 4355 mum
2214 4298 2494 4354 olfendens
2546 4319 2558 4353 :
2598 4298 2657 4354 ln
2708 4300 2897 4355 silvam
2945 4316 3012 4355 ne
3063 4300 3203 4372 ligna
3252 4300 3397 4357 feras
3434 4300 3604 4370 (lion.

2020 4390 2140 4447 Sat.
2166 4390 2206 4455 l,
2246 4391 2331 4456 10,
2370 4389 2482 4460 54),
2518 4406 2706 4460 parum
2738 4390 2865 4459 quid
2898 4389 3204 4445 difﬁdentiae
3256 4390 3606 4460 ituportabat.

2021 4482 2125 4538 Sed
2149 4482 2273 4552 quia
2312 4481 2366 4535 in
2391 4481 2546 4551 culpa
2576 4490 2661 4536 est
2693 4481 2925 4545 animus,
2954 4481 3043 4550 qui
3067 4496 3126 4537 se
3164 4497 3271 4536 non
3299 4480 3485 4550 effugit
3510 4498 3610 4535 ua-

2020 4592 2181 4645 quam
2232 4573 2391 4641 (Hon.
2432 4573 2603 4644 Epist.
2644 4572 2700 4639 ι,
2734 4575 2829 4639 14,
2868 4575 2991 4644 15),
3061 4576 3367 4631 dilﬁdentia:
3424 4585 3612 4645 torpor

318 4669 483 4727 ferri.
516 4669 753 4722 omnium
776 4668 884 4722 imo
905 4677 1100 4723 vestrae
1129 4668 1445 4722 satisfacere
1467 4668 1736 4738 petitioni.
1764 4666 1916 4721 Justa
1948 4676 1994 4733 υ
2023 4668 2203 4731 cessit,
2242 4667 2601 4737 expostulatio
2626 4674 2804 4720 vestra
2831 4667 3056 4725 invaluit
3087 4683 3102 4721 :
3135 4670 3237 4724 nisi
3272 4669 3413 4737 quod
3470 4668 3612 4722 cele-

319 4757 550 4829 quidem
573 4758 756 4824 petitio
778 4768 835 4813 et
852 4742 1011 4828 digna
1036 4760 1361 4865 exholtatio,
1386 4774 1527 4828 qute,
1552 4759 1705 4830 juxta
1731 4773 1920 4827 quem-

404 4868 555 4939 (50‘2)
595 4871 734 4939 Ergo
766 4881 873 4923 tum
930 4880 1088 4925 erant
1125 4874 1370 4927 monachi
1415 4873 1467 4927 in
1500 4872 1798 4929 cathedrali
1830 4888 1919 4929 ec-

324 4939 795 5011 clesiaufl‘ulleusi,
825 4942 882 4995 S.
923 4943 1200 5011 Stephano
1225 4958 1403 4996 sacra.

404 5008 556 5129 (505)
596 5010 691 5064 Est
740 5012 960 5077 hujusce
1000 5008 1232 5066 nominis
1258 5013 1407 5067 locus
1432 5012 1485 5065 in
1510 5027 1648 5081 pago
1671 5012 1919 5083 Regites—

404 5080 503 5129 ’nsi.
554 5097 580 5129 ε
610 5080 885 5129 Rethelois-
939 5082 1115 5129 tlicltls
1151 5080 1247 5129 Tin
1293 5083 1340 5129 le
1375 5082 1642 5129 Mmmu'er-
1679 5083 1817 5129 haud
1845 5084 1915 5129 ita

324 5080 580 5162 tensihle
609 5080 901 5162 Bethelois,
939 5082 1129 5162 dictus
1151 5080 1247 5139 Tin
1293 5083 1340 5135 Ie
1374 5080 1643 5146 Monstier,
1679 5080 1817 5162 haud
1844 5084 1916 5137 ita

2020 4761 2176 4828 ritas,
2201 4776 2321 4830 quae
2344 4761 2499 4831 juxta
2528 4761 2810 4815 Socratem
2847 4761 3168 4816 beneficium
3202 4760 3410 4831 gratius
3453 4759 3607 4818 facit.

2027 4888 2166 4925 mus.
2195 4871 2487 4940 Superfuitv
2511 4873 2651 4939 patri
2676 4872 2832 4926 annis
2850 4871 3267 4942 septemdecim;
3293 4878 3453 4938 pater
3481 4883 3614 4924 vero

2029 4942 2087 4995 S.
2111 4943 2365 4997 Gertrudi
2408 4942 2723 5006 Nivialensi,
2758 4943 2841 4996 cui
2879 4941 2990 5009 jam
3034 4941 3101 4994 ad
3127 4954 3350 5009 superos
3380 4952 3616 5009 recepta:

2029 5028 2118 5066 res
2146 5028 2273 5066 suas
2302 5013 2540 5065 tradidit.
2564 5012 2739 5065 Porro
2776 5007 3062 5064 Gertrudis
3094 5024 3236 5062 anno
3263 5007 3391 5072 658,
3417 5020 3477 5063 ut
3503 5007 3615 5063 sta-

2030 5084 2253 5162 luimus,
2286 5091 2377 5162 aut
2401 5092 2567 5162 certe,
2595 5090 2655 5162 ut
2683 5082 2770 5162 alii
2797 5080 2997 5142 volunt,
3026 5094 3165 5162 arum
3327 5079 3383 5159 in
3413 5080 3616 5133 emtum
