4094 5252
546 408 680 465 “ll
737 427 747 442 ν

1646 394 1977 454 llERlGERl
2009 390 2303 450 ABBATIS
2349 387 2706 446 LOBIENSIS

3672 386 3815 441 illi

542 520 665 591 plus
687 517 965 586 festinare,
988 530 1150 588 quam
1178 530 1266 571 res
1286 513 1688 585 expostularet,
1717 525 1817 567 nos
1846 507 2125 580 compulit.

2249 539 2337 595 [ue
2382 523 2621 578 futurum
2670 532 2956 587 testamur,
3002 534 3099 576 nos
3142 536 3333 592 parum
3384 518 3475 575 hic
3519 520 3669 575 aliud
3721 536 3818 592 po-

545 611 679 668 Erat
705 625 938 684 namque
996 619 1123 665 ante
1151 624 1249 665 nos
1292 609 1495 663 dictum
1531 625 1547 664 :
1578 605 1755 674 Vires,
1782 622 1920 678 quas
1966 607 2135 677 impe-

544 701 673 758 ritia
696 701 943 772 denegat,
967 700 1210 756 charitas
1230 698 1638 762 subministrat;
1671 708 1726 753 et
1747 698 1873 768 quia
1894 697 2135 767 lncoepto

548 799 758 847 tantum
781 805 917 861 opus
942 799 1045 854 est,
1070 800 1270 845 caetera
1303 804 1390 845 res
1423 788 1675 859 expediet
1695 787 1986 860 (SALLUST.
2030 785 2135 841 Ca-

545 879 628 936 til.
658 880 773 953 2i).
802 880 971 952 Igitur
1006 880 1189 937 adorsi
1215 896 1435 946 sumus,
1475 895 1544 937 ne
1572 888 1807 936 vestram
1841 878 2137 935 auctorita-

546 981 656 1027 tem
686 972 944 1045 defugere
986 974 1314 1030 videremur.
1348 973 1699 1032 Pmsumenti
1725 973 1869 1044 enim
1900 973 2138 1028 auctori-

548 1072 634 1119 tas
662 1064 842 1130 datur,
868 1081 992 1121 eum
1022 1066 1391 1136 eredit,quem
1422 1066 1677 1136 postulat,
1702 1075 1959 1136 prmstare
1976 1079 2137 1135 posse

550 1153 693 1223 quod
722 1155 928 1225 petitur
954 1173 969 1210 :
999 1165 1055 1212 et
1078 1157 1272 1212 scienti
1308 1165 1533 1213 econtra
1564 1170 1757 1226 parere
1782 1154 2007 1225 aequalis
2050 1162 2136 1211 est

557 1243 730 1314 gloria
760 1259 882 1300 eum
915 1247 1234 1318 imperante.
1267 1245 1325 1301 Si
1352 1246 1476 1317 quis
1520 1254 1699 1303 autem
1732 1244 1872 1301 forte
1923 1244 2136 1300 futurus

552 1333 913 1407 obtrectator,
964 1336 1171 1407 obliquo
1203 1338 1318 1392 luce
1345 1336 1497 1392 oculo
1517 1352 1626 1394 non
1665 1336 1907 1392 timuerit
1948 1334 2134 1390 limare

550 1423 713 1494 (lion.
753 1423 857 1493 Ep.
912 1442 957 1487 ι.
1011 1426 1101 1494 14,
1155 1427 1248 1499 57)
1305 1436 1363 1483 et
1405 1428 1527 1483 odio
1582 1429 1801 1484 obscuro
1856 1443 2135 1498 morsuque

549 1522 958 1593 presumpserit
996 1539 1254 1579 venenare
1313 1523 1525 1597 (lbid.)
1580 1543 1593 1578 :
1650 1525 1702 1579 in
1742 1523 1861 1594 ejus
1914 1521 2135 1578 satisfa-

550 1611 788 1669 ctionem
825 1612 1011 1670 Jesum
1044 1624 1100 1671 et
1150 1625 1371 1672 sanctos
1405 1616 1631 1687 angelos
1666 1616 1819 1688 ejus,
1840 1615 2136 1687 judicium-

2234 614 2427 679 suisse,
2471 628 2633 683 quam
2682 628 2809 682 quae
2837 620 2931 667 aut
2968 627 2997 665 a
3043 612 3361 684 presbytero
3400 610 3701 666 Saraberto
3741 612 3819 682 (id

2233 712 2427 760 sancte
2440 703 2677 773 jurante,
2709 719 2743 757 a
2770 703 3047 774 vobisque,
3074 711 3132 757 ut
3156 702 3270 773 ipse
3296 702 3500 765 retulit,
3524 701 3742 757 fortiter
3762 713 3820 756 et

2234 796 2429 852 horum
2458 794 2649 851 merita
2678 794 3001 850 Sanctoer
3027 795 3324 863 obtestata)
3360 792 3699 855 audivimus,
3725 800 3820 844 aut

2235 889 2290 945 in
2327 887 2531 958 scripto
2564 896 2748 942 vestro
2776 886 2931 941 nobis
2952 885 3152 948 delato,
3186 884 3422 940 ﬁdeliter
3446 884 3713 940 mandata
3740 899 3824 938 re-

2233 981 2476 1052 perimus
2513 997 2528 1036 :
2560 979 2801 1049 exceptis
2836 979 3099 1033 duntaxat
3140 978 3208 1032 iis
3235 993 3376 1049 qnte,
3410 994 3477 1033 ex
3503 976 3825 1048 episcopatu

2235 1069 2724 1139 nostmdceerpta,
2750 1068 2880 1124 huic
2905 1068 3176 1123 sehedulu:
3204 1082 3302 1138 pro
3329 1067 3592 1135 temporis
3614 1068 3828 1122 ratione

2233 1160 2558 1215 videbantur
2582 1169 2942 1230 congruenter
2967 1148 3359 1230 praeponenda.
3386 1159 3601 1214 Valete.
3634 1159 3837 1214 Datum

2234 1253 2400 1308 tertio
2451 1252 2671 1308 decimo.
2718 1251 2942 1306 Kalend.
2993 1250 3143 1317 Julii,
3193 1267 3335 1306 anno
3388 1249 3691 1306 Dominicze
3738 1248 3827 1305 ln-

2236 1342 2575 1400 earnationis
2637 1342 3050 1415 nongentcsimo
3107 1341 3462 1413 octogesimo,
3528 1340 3831 1395 indictione

2244 1440 2462 1498 octava,
2522 1433 2827 1503 imperante
2885 1432 3112 1486 Domino
3173 1430 3370 1487 Ottone
3425 1441 3549 1503 post
3599 1438 3831 1485 mortem

2246 1522 2396 1598 (507)
2434 1525 2603 1595 patris
2634 1538 2785 1578 antio-
2809 1534 3031 1588 octavo,
3048 1525 3395 1595 episcopatus
3437 1522 3613 1578 nostri
3681 1533 3833 1576 anno

2245 1630 2412 1672 H0110.

3377 1754 3791 1780 ..ἡ

1735 1865 2094 1955 LIBER
2161 1827 2661 1956 PRIMUS.

853 2074 922 2136 S.
963 2064 1320 2132 Lmtd'oaldi
1349 2074 1404 2126 et
1431 2063 1753 2124 sociorum
1782 2066 1979 2141 gesta,
2012 2056 2464 2120 translationes
2515 2058 2827 2120 miracula
2860 2049 3320 2123 Wintershoviz’
3336 2060 3517 2142 facta

1068 2295 1296 2354 CAPUT
1332 2293 1623 2352 PRIMUM.

568 2414 684 2471 Viri
724 2411 1027 2484 apostolici;
1051 2410 1145 2484 suo
1189 2407 1412 2484 raucis
1458 2408 1531 2484 ἱηΔ
1556 2406 1733 2475 Belgio
1779 2408 2032 2463 adventus
2082 2407 2144 2464 S.

995 2479 1293 2534 Lnudoaldi
1334 2488 1382 2531 et
1422 2478 1706 2543 sociorum.

630 2577 687 2632 1.
726 2574 1065 2630 Francorum
1104 2562 1253 2641 (508)
1285 2582 1513 2638 regnum
1540 2582 1570 2622 a
1594 2568 1675 2622 sui
1700 2566 1975 2638 principio
2005 2583 2150 2623 sem-

559 2683 661 2737 per
688 2662 1045 2735 infatigabile,
1077 2670 1208 2715 tune
1234 2673 1348 2729 prae
1373 2659 1587 2716 caeteris
1624 2658 1735 2712 sibi"
1764 2657 2151 2729 collimitaneis

559 2758 738 2813 visum
764 2763 852 2811 est
884 2753 1102 2818 florere,
1130 2764 1259 2807 eum
1301 2748 1481 2820 imago
1515 2747 1662 2817 (509)
1701 2748 1996 2804 Dominieae
2026 2746 2160 2804 lide'r

560 2849 698 2906 colla
726 2861 945 2918 passum
969 2853 1055 2900 est
1082 2842 1382 2909 inclinare;
1424 2848 1479 2897 et
1510 2841 1654 2910 quod
1686 2839 1838 2909 prius
1869 2840 2150 2905 adorarat,

561 2938 882 3003 incendere;
907 2936 1050 3008 quod
1075 2934 1409 2997 incenderat,
1425 2931 1598 2987 voluit
1619 2933 1877 3001 deinceps
1897 2930 2152 2986 adorare.

562 3031 862 3087 Maximum
883 3037 1065 3083 autem
1088 3025 1300 3096 accepit
1320 3025 1714 3080 incrementum
1734 3029 1790 3076 et
1813 3020 2031 3076 ﬁrmum
2052 3022 2154 3077 sub

569 3139 637 3180 eo
673 3128 859 3177 sancta
878 3118 979 3174 Dei
1006 3115 1247 3173 Ecclesia
1274 3122 1499 3173 statum.
1526 3127 1661 3169 eum
1695 3109 2005 3167 Clotharius
2035 3126 2157 3176 rex,

560 3213 706 3282 jusm
737 3208 1082 3265 successione
1124 3206 1253 3260 hinc
1298 3201 1449 3274 (510)
1478 3210 1733 3272 quartus,
1783 3201 2157 3257 monarchiam

569 3300 916 3371 singulariter
938 3298 1100 3352 trium
1124 3295 1343 3365 regebat
1363 3308 1677 3364 regnorum,
1698 3301 1754 3348 et
1774 3307 1897 3347 eum
1920 3292 2158 3362 quadra-

568 3395 835 3466 gesimum
869 3390 1065 3461 agebat
1094 3402 1317 3451 annum,
1347 3400 1508 3457 quem
1547 3385 1698 3457 (511)
1729 3383 2016 3441 lleraelius
2049 3386 2159 3439 Au-

568 3494 777 3556 gustus,
833 3490 1036 3539 sanctae
1079 3479 1261 3536 erucis
1292 3479 1514 3543 relator,
1563 3485 1816 3547 quartum
1865 3477 2155 3534 decimum.

570 3575 673 3631 llic
696 3583 912 3644 sceptro
932 3587 1032 3627 suo
1057 3570 1258 3626 nullius
1277 3567 1648 3638 circumpositi
1673 3576 1948 3639 sceptrum
1970 3583 2169 3638 passus

2175 2300 2219 2361 Β
2248 2296 2518 2368 regalibus
2544 2295 2784 2352 consiliis
2809 2315 2822 2350 :
2848 2305 3069 2352 sanctus
3091 2307 3270 2352 autem
3300 2297 3581 2352 Amandus
3607 2298 3837 2368 Aquita-

2251 2386 2399 2442 niam
2436 2386 2735 2442 nativitatis
2761 2402 2875 2442 suae
2911 2386 3219 2441 illastrabat
3245 2388 3524 2456 auspiciis.
3567 2389 3672 2455 Qui
3710 2391 3839 2444 dum

2251 2493 2389 2548 puer
2436 2478 2615 2534 adhuc
2662 2488 2827 2549 esset,
2886 2479 3114 2550 patriam
3170 2488 3535 2549 parentesque
3594 2481 3836 2550 reliquit,

2252 2568 2555 2640 Ogiamque
2601 2569 2856 2635 insulam,
2909 2570 2980 2625 ad
3027 2569 3362 2624 oeeidentem
3417 2570 3587 2623 maris
3638 2568 3849 2625 Oceani

2251 2661 2509 2730 positam,
2530 2660 2813 2730 expetivit.
2836 2660 2949 2717 lllie
2972 2676 3002 2716 a
3026 2659 3290 2716 fratribus
3313 2661 3696 2730 spiritualibns
3718 2678 3851 2716 cunt

2251 2765 2453 2821 magno
2498 2751 2796 2819 suscipitur
2837 2752 3035 2824 gaudio
3074 2768 3099 2804 τ’
3133 2760 3190 2806 et
3232 2752 3369 2821 quia
3407 2767 3597 2807 sacras
3629 2753 3840 2808 litteras

2255 2843 2539 2909 didicerat,
2574 2844 2626 2898 in
2666 2843 2762 2899 Dei
2802 2844 3045 2915 quotidie
3090 2844 3314 2900 servitio
3360 2845 3551 2915 majori
3597 2844 3845 2901 fervebat

2255 2935 2546 2992 desiderio.
2598 2935 2730 2992 Post
2778 2938 2894 2993 hme
2945 2946 3105 2994 actate
3155 2937 3376 3009 quidem
3426 2938 3689 3003 adultior,
3749 2940 3845 2993 sed

2255 3025 2421 3080 animi
2440 3026 2737 3082 intentione
2759 3025 3074 3094 ferventior,
3101 3026 3242 3097 apud
3266 3026 3511 3082 Turones
3534 3027 3596 3083 S.
3625 3027 3839 3083 Martini

2256 3116 2482 3187 expetiit
2500 3117 2809 3188 sepulcrum
2835 3136 2848 3172 :
2872 3118 3055 3188 ibique
3084 3120 3200 3190 ejus
3224 3121 3646 3175 interventionis
3669 3123 3849 3176 oravit

2258 3207 2546 3273 auxilium,
2576 3217 2636 3263 ut
2671 3208 2724 3263 id
2756 3208 2858 3263 sibi
2890 3209 3080 3280 gratim
3108 3210 3304 3281 apponi
3335 3212 3717 3282 expostularet
3747 3212 3843 3267 Do-

2257 3299 2495 3364 minum,
2519 3307 2788 3368 quatenus
2810 3301 3225 3372 peregrinationi
3260 3302 3425 3357 totius
3449 3304 3580 3359 vitae
3605 3320 3719 3360 sua:
3746 3320 3774 3359 s
3797 3304 3851 3358 bi

2258 3391 2957 3462 concedat'apprehendere
2980 3408 3222 3447 cursum.
3251 3393 3335 3450 Ab
3363 3395 3622 3450 oratione
3656 3411 3841 3450 surre-

2258 3481 2358 3545 xit,
2406 3482 2602 3552 capitis
2646 3498 2856 3539 comam
2902 3483 3004 3539 sibi
3055 3484 3300 3541 abscindi
3357 3486 3507 3550 fecit,
3557 3486 3845 3543 clericatus

2260 3572 2487 3642 adeptus
2508 3574 2790 3640 honorem,
2819 3589 3036 3630 omnem
3068 3576 3120 3630 in
3142 3576 3290 3632 clero
3318 3579 3576 3648 gratiam,
3604 3582 3847 3650 peregri-

569 3675 655 3722 est
676 3679 966 3721 occursare
990 3682 1004 3716 :
1029 3664 1123 3718 sed
1148 3659 1407 3730 quidquid
1433 3657 1757 3729 peneGallia
1778 3666 1834 3713 et
1859 3658 2152 3714 Germania
2182 3660 2228 3724 C
2260 3664 2438 3719 nando
2466 3674 2663 3729 tamen,
2700 3668 3031 3722 transcendit
3061 3684 3171 3738 per.
3195 3669 3441 3724 ordinem
3484 3671 3665 3742 (515).
3700 3672 3844 3726 Ilitu-

569 3771 762 3828 regum
797 3764 852 3811 et
882 3755 1125 3825 gentium
1155 3747 1502 3814 continebat,
1537 3749 1651 3804 suis
1687 3748 1918 3804 habenis
1953 3748 2160 3804 studuit

569 3861 845 3906 coercere.
862 3847 962 3902 llic
974 3845 1142 3900 filium
1163 3858 1320 3899 suum
1343 3839 1605 3913 inclytum
1624 3840 1986 3911 Dagobertum
2006 3838 2157 3912 (512)

571 3938 873 3995 Austrasiis
920 3935 1263 4007 praefecerat,
1303 3932 1531 4002 ejusque
1571 3932 1812 3988 dominio
1854 3922 2162 3988 Germauize

572 4025 1206 4101 regunmconjunxerat.
1255 4023 1498 4091 Quorum
1547 4021 1864 4078 felicissimo
1918 4030 2162 4091 tempore

572 4120 631 4173 iu
662 4126 870 4173 tantum
908 4114 1228 4172 exuberavit
1259 4109 1686 4167 Christianitatis
1731 4109 1918 4166 titulus
1940 4112 2159 4180 ubique,

572 4222 635 4265 ιιι
663 4226 798 4281 pene
828 4224 952 4264 rara
984 4216 1077 4262 aut
1098 4205 1244 4261 nulla
1277 4205 1415 4260 citra
1446 4203 1707 4259 ﬁnitimos
1734 4203 2042 4257 inveniatur
2066 4201 2164 4255 ho-

574 4303 768 4371 dieque
796 4298 1053 4364 ecclesia,
1082 4312 1203 4367 qua:
1227 4311 1334 4350 non
1356 4293 1587 4363 alicujus
1616 4294 1789 4350 sancti
1815 4292 1932 4362 ejus
1959 4301 2167 4361 tempo-

575 4393 654 4446 ris
681 4390 837 4447 nobis
857 4389 1159 4460 praetendat
1180 4385 1505 4458 patrocinia.
1523 4385 1631 4441 Sed
1657 4394 1716 4439 ιιι
1738 4384 1994 4440 sileamus
2023 4384 2163 4437 inte-

577 4483 683 4537 rim
746 4483 813 4537 de
868 4479 1184 4541 innumeris,
1247 4478 1420 4533 sancti
1472 4477 1578 4531 viri
1634 4474 1786 4547 (515)
1844 4474 2049 4543 Eligius
2110 4484 2159 4528 et

577 4575 872 4630 Audoenus
910 4571 1163 4641 palatinis
1199 4570 1552 4639 inceptabant
1597 4567 1851 4621 insudare
1897 4565 2062 4629 euris,
2105 4563 2162 4617 Β.

580 4664 732 4737 (514)
759 4663 1075 4733 Arnulphus
1100 4676 1223 4716 eum
1254 4660 1543 4716 llomarieo
1569 4659 1680 4729 jam
1711 4666 1837 4713 tunc
1867 4657 2169 4711 intererant

652 4799 802 4871 (507)
841 4797 1010 4871 0tto_l
1034 4797 1334 4866 Imperator
1361 4801 1608 4849 mortuus
1634 4801 1719 4847 est
1748 4791 1778 4843 Ἰ
1807 4790 1931 4871 llaii
1962 4766 2096 4844 feria
2127 4790 2162 4844 4

566 4862 707 4924 ιιιιιιθ
732 4862 927 4925 festum
956 4862 1325 4929 Pente'eostes,
1357 4878 1425 4919 ex
1462 4879 1569 4933 quo
1602 4872 1842 4932 tempore
1871 4862 1958 4916 hic
1991 4876 2166 4915 anuus

565 4942 794 5011 [Quintis
821 4940 863 4994 ll
888 4937 1190 5007 appellatur
1214 4945 1479 4999 octavus;
1524 4934 1616 5002 qui
1654 4942 1832 4987 tamen
1865 4933 1987 4985 vivo
2012 4941 2166 5007 patre
2267 4933 2381 5007 alii,
2412 4933 2688 5013 εοξιυεηιθ,

584 5014 753 5040 tam...“
798 5026 824 5040 α
856 5009 1117 5040 ῐιηηιζιιρο
1146 5006 1392 5040 annnn
1413 5014 1703 5040 nnrnnolnc
1724 5005 1824 5040 cnh
1845 5002 2005 5040 linnm
2032 5002 2134 5040 “H7
2193 5013 2239 5040 n
2340 5015 2484 5040 [sum
2527 5015 2658 5040 οη...

601 5002 753 5040 inn-uo
798 5026 824 5040 ι.
856 5002 1117 5040 Πιξηίἶιῖρο
1146 5006 1392 5040 “nmo-an
1413 5014 1703 5040 nnrnnolnc
1724 5005 1824 5040 cnh
1845 5002 2005 5040 (illam
2032 5002 2134 5040 (ΙΗἺ
2193 5013 2239 5040 h

2265 3755 2408 3810 ricos
2435 3754 2688 3825 deinceps
2709 3757 2862 3823 adiit,
2890 3773 3011 3813 cum
3040 3759 3101 3813 Β.
3132 3758 3481 3832 Austrigisilo
3510 3762 3749 3832 ejusque
3772 3779 3848 3817 ar-

2264 3844 2580 3903 chidiacono
2625 3846 2683 3900 S.
2731 3845 2963 3918 Sulpitio
3003 3849 3346 3904 sanctissime
3385 3861 3769 3915 conversatus,
3799 3853 3847 3906 in

2264 3934 2398 3989 cella
2427 3950 2456 3989 a
2483 3950 2542 3990 se
2562 3935 2828 3992 :edilicata
2859 3954 2956 4009 per
2984 3938 3296 4008 quindecim
3321 3955 3499 3996 annos
3524 3943 3851 3998 aretissim

2266 4026 2389 4080 vita:
2427 4043 2486 4082 se
2517 4026 2751 4083 addixit.
3190 4030 3195 4037 “

2334 4117 2387 4172 2.
2432 4118 2636 4175 Deinde
2658 4119 2886 4175 Romam
2909 4135 3124 4191 quoque
3147 4137 3446 4191 regressus,
3468 4132 3525 4177 et
3546 4140 3576 4177 a
3606 4123 3667 4178 Β.
3696 4124 3853 4180 Petro

2267 4226 2363 4280 per
2396 4210 2568 4265 visum
2611 4211 2849 4267 monitus
2900 4220 2959 4267 ut
2995 4212 3196 4268 Gallias
3242 4214 3645 4283 pnedieationis
3691 4233 3849 4271 causa

2268 4302 2576 4372 repedaret,
2609 4303 2823 4358 tandem
2863 4314 3087 4360 coactus
3117 4320 3146 4358 a
3190 4320 3318 4375 rege
3354 4321 3419 4360 ac
3450 4308 3847 4371 sacerdotibus,

2266 4394 2549 4464 cpiscopus
2579 4396 2642 4450 ad
2675 4396 3097 4465 przedicandum,
3135 4406 3193 4452 nt
3223 4407 3353 4453 tune
3387 4400 3559 4453 moris
3588 4412 3730 4465 erat,
3771 4410 3850 4455 est

2267 4486 2569 4542 ordinatus.
2600 4486 3035 4558 Circumquaque
3060 4489 3262 4542 etenim
3289 4504 3627 4560 paganorum
3663 4468 3849 4546 errore

2267 4578 2443 4634 adhuc
2471 4579 2834 4648 impendente,
2858 4594 3081 4634 necesse
3115 4589 3234 4633 erat
3264 4589 3370 4635 tam
3404 4580 3675 4652 religiosis
3704 4583 3865 4652 prin—,

2268 4671 2476 4741 cipibus
2509 4686 2672 4741 quam
2701 4671 2916 4726 Domini
2943 4672 3336 4736 sacerdotibus,
3364 4673 3502 4729 alios
3527 4674 3595 4731 ad
3624 4676 3842 4731 verbum

2264 4803 2336 4858 40
2359 4802 2655 4858 Chlotharii
2691 4804 2890 4859 cadunt
2913 4803 2963 4857 in
2992 4818 3189 4857 annum
3209 4802 3335 4857 625.

2340 4875 2488 4941 (512)
2530 4876 2683 4929 Anno
2715 4875 2861 4944 regni
2900 4874 3016 4944 ejus
3061 4875 3152 4938 58,
3202 4872 3403 4928 Christi
3452 4872 3578 4939 621,
3640 4881 3750 4938 aut,
3796 4880 3849 4925 ut

2340 5015 2484 5040 [ΣΙ-ΒΧ
2527 5015 2658 5040 οη...
2696 5015 2747 5040 με
2804 5014 2905 5040 τι..-
2948 5014 2991 5040 ..ξ

3000 5013 3105 5040 ..ς-ι’
3136 5013 3371 5040 ΑνιεηΛΛκξ
3407 5013 3643 5040 Α-,ιζηοιοε
3674 5013 3694 5040 Ι
