4042 5300
564 340 710 439 ⁵ιιτδ

1664 367 1993 426 IlERlGERl
2034 366 2323 424 ABBXTIS
2363 368 2721 429 LOBlENSlS

3696 376 3834 431 “[6

568 474 820 538 accessit,
852 482 962 530 tum
985 475 1225 530 omnium
1248 492 1344 559 ore
1369 494 1500 548 puer
1520 480 1815 546 extollitur,
1847 492 1958 536 tum
1989 482 2154 537 etiam
2187 485 2229 542 Α
2260 484 2327 537 ab
2351 484 2538 542 eodem
2560 486 2833 559 Frangero
2872 487 3333 544 commemorabat
3371 488 3556 544 multis
3581 500 3838 548 attestan-

568 579 658 619 res
700 565 958 623 divinitus
985 577 1135 636 trsta
1173 584 1295 623 cum
1332 570 1633 626 obcd‘entis
1679 574 1891 640 merito,
1916 573 2155 642 iubentis

566 656 799 726 imperio
846 659 1158 716 ascribitur.
1196 660 1381 729 Itaque
1414 676 1481 717 ex
1513 665 1794 733 utriusque
1861 666 2152 722 sanctitate

564 746 738 800 virtus
758 748 945 802 eadem
974 759 1092 803 acta
1118 751 1376 806 creditur.
1406 752 1745 820 Operahatur
1766 765 1814 811 et
1850 756 1952 812 alia
1984 759 2151 814 multa

560 851 661 908 per
679 851 864 894 eorum
896 842 1146 896 meritum
1178 843 1297 898 illic-
1316 843 1563 902 Christus
1590 847 1870 904 miracula.

1190 934 1418 991 CAPUT
1457 937 1520 992 ll.

754 1021 932 1081 Varie
969 1026 1341 1082 translationes
1375 1028 1757 1085 Wintershovii
1794 1030 1970 1100 factm.

700 1114 939 1182 Quorum
962 1133 1181 1174 rumore
1195 1119 1342 1191 (526)
1364 1119 1704 1177 Childericus
1727 1139 1841 1186 rex,
1862 1125 2151 1195 tunc(527)

559 1206 743 1260 sedem
794 1207 1000 1263 habens
1048 1212 1187 1280 apud
1220 1209 1367 1283 (5‘28)
1420 1209 1749 1282 Trajectum.
1794 1225 1969 1272 tactus
2012 1233 2153 1272 com-

447 1297 456 1306 ’
558 1298 872 1366 puuctione,
904 1308 1151 1371 sumptus
1177 1304 1512 1359 necessarios
1543 1305 1791 1361 mittebat
1815 1307 1863 1361 ei
1888 1309 2150 1377 quotidie.

561 1388 666 1444 Sed
700 1392 932 1460 quadam
965 1393 1083 1448 vice
1123 1393 1396 1451 Adrianus
1431 1398 1672 1467 quidam,
1727 1398 1964 1467 ejusdem
2006 1402 2151 1457 beati

558 1485 658 1539 viri
710 1487 776 1541 ad
816 1503 995 1559 regem
1029 1489 1415 1558 internuntius,
1465 1490 1632 1548 himia
1681 1493 1800 1548 auri
1843 1502 1898 1548 et
1940 1494 2150 1564 argenti

559 1576 797 1645 pondera
842 1566 1137 1649 deportare
1189 1583 1451 1650 creditus,
1479 1599 1508 1638 a
1546 1584 1850 1641 latronibus
1873 1593 1956 1640 est
1985 1586 2153 1640 inter-

560 1676 765 1737 ceptus,
815 1671 947 1725 etin
997 1673 1176 1728 medio
1223 1674 1323 1730 via:
1384 1676 1503 1732 loco
1572 1676 1753 1732 Villari
1831 1678 2150 1749 martyrium

559 1758 808 1828 adeptus.
857 1759 1052 1818 Beatus
1075 1779 1202 1821 vero
1227 1764 1601 1833 Landoaldus,
1624 1782 1842 1823 cursum
1865 1767 1989 1823 vita:
2017 1783 2153 1839 pra:-

559 1850 729 1904 sentis
756 1851 1021 1921 explens,
1083 1853 1135 1909 in
1193 1865 1473 1913 senectute
1527 1858 1670 1913 bona
1717 1858 2150 1927 repausationem

562 1940 839 2012 indeptus,
865 1945 1136 2002 hominem
1164 1949 1335 2014 exuit,
1366 1949 1612 2005 brarium
1636 1964 1854 2006 corona:
1896 1949 2152 2020 perennis

560 2034 786 2103 accepit,
811 2035 1054 2110 sepultus
1110 2038 1163 2093 in
1198 2039 1429 2096 ecclesia
1460 2056 1625 2112 quam
1656 2041 1772 2112 ipse
1792 2041 2153 2098 aediﬁcarent

560 2133 616 2175 et
648 2123 699 2177 in
734 2123 938 2180 honore
966 2126 1026 2180 Β.
1059 2126 1206 2184 Petri
1238 2145 1337 2201 per
1359 2130 1630 2187 Kalendas
1653 2132 1968 2188 Decembris
1998 2133 2148 2189 dedi-

558 2226 799 2270 caverat.
856 2218 1101 2287 Decessit
1165 2230 1345 2277 autem
1409 2224 1820 2293 quartodecimo
1873 2224 2147 2282 Kalendas

560 2305 779 2375 A‘prilis.
808 2307 913 2363 Sed
957 2317 1015 2364 et
1067 2311 1293 2368 comites
1317 2314 1773 2384 peregrinationis
1825 2314 1941 2385 ejus
1986 2330 2150 2385 supra

561 2395 914 2466 denominati,
945 2402 1077 2468 suis,
1118 2413 1280 2474 prout
1333 2404 1555 2460 Christo
1593 2406 1773 2471 libuit,
1817 2407 2152 2472 temporibus

561 2489 631 2542 ab
687 2489 790 2545 hac
844 2489 964 2547 luce
1014 2493 1261 2559 evocati,
1306 2495 1452 2550 circa
1493 2510 1616 2551 eum
1673 2504 1802 2551 sunt
1855 2497 1909 2551 in
1962 2497 2150 2552 eadem

560 2581 788 2637 ecclesia
846 2584 1120 2641 tumulati.
1168 2586 1327 2643 Solus
1362 2587 1554 2643 beatus
1603 2588 1820 2645 nomine
1862 2600 1916 2645 et
1957 2589 2153 2646 merito

556 2670 846 2728 Amantius
877 2669 1138 2730 diaconus
1192 2675 1245 2730 in
1285 2676 1494 2731 ‘eadem
1526 2691 1648 2733 cum
1677 2677 1792 2748 ipso
1818 2678 1999 2743 theca,
2025 2679 2152 2749 quia

559 2760 695 2831 ejus,
748 2772 808 2837 ut
850 2763 990 2819 fama
1042 2764 1171 2834 fert,
1226 2765 1279 2822 in
1320 2766 1646 2839 baptismate
1698 2767 1841 2825 filius
1878 2769 2150 2837 extiterat,

559 2854 777 2923 sepeliri
806 2864 890 2911 est
916 2865 1225 2914 contentus.

635 2947 688 3001 7.
729 2947 985 3005 Plurimis
1037 2951 1234 3007 deinde
1286 2950 1488 3023 elapsis
1527 2968 1791 3010 annorum
1844 2954 2152 3024 curriculis,

562 3036 623 3093 S.
678 3038 1069 3109 Florebertus,
1127 3040 1289 3098 tertio
1345 3042 1464 3098 loco
1515 3052 1638 3114 post
1692 3043 1753 3099 S.
1805 3042 2190 3099 Lambertumo

2259 575 2399 631 tibus
2430 593 2488 633 se
2519 579 2755 644 audisse,
2787 589 2841 635 et
2865 580 3102 636 libellum
3130 582 3197 636 de
3243 581 3352 636 vita
3402 596 3595 637 eorum
3640 585 3839 654 pariter

2255 672 2454 729 vidisse
2501 674 2684 745 (quem
2714 676 2840 745 quia
2876 675 3182 744 antiquaria
3236 690 3397 729 manu
3448 687 3841 731 commemorat

2255 765 2516 833 scriptum
2570 775 2677 821 eta
2705 767 2981 822 stillicidio
3008 783 3148 823 cera:
3192 783 3328 837 pene
3371 766 3639 834 infusum,
3680 769 3840 824 lecto—

2253 872 2368 911 rem
2402 856 2517 925 ejus
2547 874 2652 914 non
2700 861 3011 930 ignoramus
3061 860 3231 916 fuisse
3257 861 3591 931 perrarum),
3632 871 3696 916 at
3717 878 3841 918 vero

2254 963 2375 1018 qua:
2408 950 2668 1006 hactenus
2695 951 2882 1021 paucis
2906 951 3325 1021 perstrinximus
3361 950 3743 1014 verbis,illinc
3783 968 3840 1007 se

2252 1040 2540 1106 delibasse,
2567 1044 2877 1114 nuperrime
2906 1058 3037 1099 vero
3080 1044 3385 1098 incursione
3411 1043 3563 1114 (551)
3597 1042 3842 1112 llungro-

2254 1148 2400 1199 rum,
2446 1142 2669 1204 propter
2710 1133 2972 1189 incuriam
3002 1136 3304 1196 custodum,
3335 1149 3457 1190 cum
3509 1132 3637 1186 aliis
3688 1133 3842 1189 rebus

2254 1223 2501 1279 eumdem
2525 1223 2762 1279 libellum
2799 1223 3127 1294 deﬂagrasse
3153 1242 3168 1278 :
3196 1222 3302 1279 Sed
3333 1223 3449 1278 hac
3478 1222 3772 1277 hactenus.

2324 1315 2379 1370 8.
2420 1311 2549 1368 Post
2575 1312 3019 1369 Nortmannicam
3073 1322 3252 1367 autem
3300 1312 3694 1381 repulsionem,
3730 1313 3840 1380 pri-

2254 1420 2376 1457 mus
2400 1404 2618 1472 quidam
2650 1405 2866 1459 nomine
2903 1404 3216 1459 Tietboldus
3272 1404 3446 1458 locum
3477 1403 3840 1473 praelibatum,

2254 1495 2344 1548 ubi
2394 1510 2619 1564 corpora
2666 1503 2975 1551 sanctorqu
3012 1502 3168 1550 erant
3234 1494 3491 1564 reposita.
3550 1508 3582 1546 a
3646 1494 3842 1547 comite

2253 1584 2593 1650 Flandrensi,
2619 1585 3056 1657 abbatiamt539.)
3081 1586 3252 1641 sancti
3285 1583 3620 1640 confessoris
3640 1582 3842 1638 Christi

2253 1676 2487 1730 Bavonis
2519 1685 2759 1743 tenente,
2788 1676 2998 1746 accepit
3041 1675 3165 1744 jure
3212 1674 3497 1740 beneﬁcii;
3547 1684 3675 1744 post
3720 1692 3839 1729 eum

2253 1763 2617 1836 Adelgandus.
2641 1765 2741 1833 Qui
2785 1766 2964 1835 potius
3012 1767 3312 1836 cogitantes
3350 1779 3471 1835 quae
3498 1774 3627 1820 sunt
3660 1766 3840 1821 ωυηῶ

2255 1869 2561 1925 quamquae
2586 1864 2710 1910 sunt
2734 1855 2970 1922 Domini,
3001 1854 3235 1925 aliquem
3265 1854 3589 1909 reverentia:
3636 1853 3844 1909 cultum

2253 1956 2565 2002 sanctorum
2611 1944 3071 2016 parvipemlerunt
3124 1945 3391 2014 reliquum
3420 1958 3541 1998 esse
3587 1943 3784 1998 honori
3824 1961 3840 1996 :

2252 2038 2511 2109 quocirca
2540 2037 2802 2108 paulatim
2828 2037 3016 2094 haberi
3044 2036 3212 2107 erepit
3238 2035 3599 2106 contemptui.
3626 2035 3699 2091 Ut
3717 2050 3843 2091 vero

2252 2130 2418 2200 Aper,
2443 2137 2641 2186 nostrae
2662 2128 2810 2186 aetati
2840 2129 3124 2194 finitimus,
3155 2143 3278 2184 cum
3309 2127 3434 2182 filiis
3454 2127 3637 2183 locum
3667 2127 3843 2197 ipsum

2251 2196 2502 2290 precario
2523 2219 2747 2274 sortitus
2770 2226 2877 2285 est,
2907 2216 3044 2288 jam,
3076 2216 3247 2288 ipsius
3272 2216 3367 2272 Dei
3398 2216 3598 2272 timore
3623 2196 3843 2287 postpo-

2252 2311 2381 2376 sito,
2408 2310 2641 2367 ecclesia
2664 2311 2778 2380 ipsa
2809 2325 2915 2365 non
2946 2316 3157 2365 tantum
3187 2308 3363 2364 sancti
3407 2307 3619 2363 honore
3642 2311 3845 2363 conde

2251 2400 2387 2467 bito,
2435 2415 2625 2457 verum
2670 2414 2770 2456 suo
2814 2400 3036 2456 omnino
3078 2407 3307 2455 vacuata
3356 2407 3443 2455 est
3492 2407 3840 2455 ornamento.

2253 2492 2589 2549 Wandoldus
2617 2492 2871 2566 deinceps
2928 2492 2984 2547 in
3026 2490 3266 2547 dominio
3304 2476 3555 2560 ejusdem.
3577 2491 3847 2546 successit

2253 2585 2414 2652 villae,
2464 2584 2555 2640 ubi
2606 2591 2665 2640 et
2714 2583 2925 2655 accepit
2972 2583 3151 2639 locum
3192 2581 3657 2654 sepulturampro
3686 2581 3845 2651 cujus

2252 2675 2609 2733 tumulatione
2677 2675 2820 2731 ﬁlius
2891 2674 3084 2730 deinde
3144 2674 3263 2746 ejus
3318 2672 3467 2746 (555)
3517 2672 3844 2728 Lambertus

2254 2767 2437 2825 cordis
2468 2774 2650 2823 tactus
2689 2774 2775 2822 est
2802 2765 3119 2831 devotione,
3143 2774 3206 2821 ut
3233 2762 3410 2822 locum
3442 2763 3593 2820 hunc
3616 2763 3842 2819 deberet

2255 2859 2526 2925 excolere,
2558 2858 2871 2931 pariterque
2899 2856 3312 2923 miraculorum,
3332 2870 3456 2927 quae
3481 2854 3593 2910 illic
3617 2854 3839 2919 ﬁebant,

2255 2965 2547 3021 suspensus
2588 2949 2976 3005 admonitione.
3020 2946 3284 3017 Namque,
3324 2944 3555 3010 Domino
3577 2945 3841 3014 praedium

2256 3043 2431 3112 ipsum
2466 3041 2568 3096 sibi
2592 3050 2733 3123 .tunc
2764 3040 3088 3103 viudicante,
3136 3054 3168 3093 a
3208 3036 3422 3102 vicinis,
3465 3036 3838 3107 praeeuntibus

564 3136 757 3200 regens
788 3128 1142 3201 Trajecteuse
1185 3132 1270 3190 vel
1317 3132 1618 3191 Leodien‘se
1670 3134 2026 3207 episcopium,
2057 3150 2151 3191 au—
2180 3166 2227 3229 ε
2258 3133 2557 3190 inimicitiis
2581 3130 3235 3202 quibusdam,dissidente
3254 3128 3459 3229 familia
3482 3129 3680 3229 ipsius,
3702 3128 3838 3185 Vill:

562 3221 673 3275 dita
727 3221 836 3280 illic
879 3225 1224 3282 multitudine
1274 3227 1591 3297 signorum.
1645 3229 1883 3283 monitus
1948 3228 2157 3298 pariter

564 3314 839 3382 responsis
862 3315 1154 3383 visionum,
1178 3331 1274 3373 eos
1319 3316 1467 3372 illinc
1506 3332 1629 3373 cum
1660 3317 1819 3389 digna
1849 3318 2153 3374 reverentia

569 3405 870 3470 transtulit,
902 3415 958 3462 et
999 3423 1187 3464 eorum
1241 3410 1453 3464 tumbas
1516 3424 1617 3481 pro
1664 3409 2025 3480 possibilitate
2058 3425 2153 3465 sua

569 3496 814 3552 decorari
839 3499 1135 3555 mandavit.
1170 3499 1337 3555 Facta
1367 3509 1452 3556 est
1472 3510 1654 3555 autem
1707 3500 1824 3556 haec
1874 3501 2155 3556 translatio

568 3585 799 3643 Kalend.
838 3588 1171 3656 Decembris,
1216 3605 1325 3660 quo
1369 3598 1426 3645 et
1476 3591 1868 3647 dedicationem
1914 3590 2153 3662 ejusdem

568 3678 811 3735 ecclesiae
851 3696 1014 3751 supra
1053 3681 1291 3737 diximus
1338 3690 1720 3737 memoratam.
1777 3681 1976 3738 Mansit
2026 3697 2154 3738 vero

568 3773 765 3839 honor,
789 3774 966 3830 cultus
991 3784 1047 3830 et
1073 3776 1376 3832 reverentia
1401 3776 1544 3831 circa
1593 3784 1902 3832 sanctorum
1925 3791 2155 3846 corpora

568 3866 925 3937 quoadusque
956 3865 1120 3921 effera
1147 3882 1280 3938 gens
1301 3865 1757 3932 Normannorum,
1789 3866 2006 3923 sedibus
2043 3868 2156 3923 suis

568 3973 675 4011 non
709 3966 988 4023 contenta,
1027 3967 1193 4013 totam
1247 3972 1386 4030 pene
1428 3957 1658 4014 Galliam
1694 3958 2033 4029 perturbavit
2062 3975 2074 4012 :
2099 3967 2155 4013 et

569 4049 764 4104 timore
791 4048 936 4119 (529)
961 4049 1265 4119 eruptionis
1287 4063 1496 4111 eorum,
1522 4064 1589 4104 ne
1627 4058 1939 4104 sanctorum
1984 4046 2153 4103 viola-

568 4149 763 4192 rentur
810 4139 990 4204 busta,
1038 4149 1195 4194 terrae
1242 4148 1371 4194 sunt
1413 4155 1443 4194 a
1500 4138 1747 4194 fidelibus
1813 4140 2151 4194 remandata.

571 4229 709 4285 llnic
732 4230 1045 4300 reposit'nui
1090 4229 1336 4286 interfuit
1361 4229 1578 4299 quidam
1620 4229 1949 4300 Frangerus,
1989 4229 2154 4284 homo

570 4331 755 4375 nostra
786 4330 943 4375 aetate
962 4321 1305 4389 senissimus,
1344 4320 1438 4391 qui
1485 4330 1540 4376 et
1583 4328 1710 4375 ante
1750 4319 2151 4375 infestationem

571 4410 721 4482 (530)
746 4426 1078 4481 paganorum
1105 4425 1297 4466 novem
1323 4411 1480 4466 annis
1500 4409 1641 4466 villa:
1664 4408 1903 4479 ejusdem
1925 4409 2154 4466 exstite-

2257 3228 2392 3284 telas
2414 3236 2467 3282 et
2489 3225 2623 3282 alias
2645 3234 2842 3290 vestes,
2869 3224 2937 3280 ad
2959 3222 3243 3280 ecclesiam
3266 3220 3581 3292 confugium
3607 3220 3835 3288 faciem,

2256 3334 2420 3390 super
2453 3325 2765 3412 sanctorum
2797 3316 3010 3372 tumbas
3038 3314 3255 3387 abiecit,
3289 3313 3580 3384 presbyter
3605 3322 3836 3368 econtra

2258 3392 2805 3467 Sarabertus‘exmde
2845 3423 2909 3464 ea
2946 3405 3270 3463 deturbavit.
3304 3403 3410 3460 Sed
3459 3404 3529 3459 iis
3573 3404 3771 3458 iterum
3805 3420 3833 3458 a

2257 3500 2456 3557 familia
2480 3500 2770 3570 reportatis
2799 3498 3020 3564 ibidem,
3050 3504 3103 3551 et
3135 3495 3452 3565 presbytero
3473 3493 3748 3550 deterrito
3774 3509 3836 3547 ne

2255 3593 2482 3649 ulterius
2499 3592 2777 3649 resisteret
2799 3591 2899 3656 eis,
2923 3604 3027 3644 nox
3048 3586 3384 3657 supervenit,
3406 3594 3464 3641 et
3486 3583 3698 3649 familia
3723 3586 3833 3656 ipsa

2256 3685 2548 3742 dormitum
2610 3698 2671 3738 se
2713 3681 2916 3737 circum
2977 3678 3194 3735 locavit.
3242 3675 3400 3731 Mane
3446 3674 3833 3747 expergefacti,

2254 3776 2467 3841 vident,
2487 3775 2759 3845 insperato
2780 3780 2835 3828 et
2849 3772 2966 3826 sine
2988 3785 3083 3825 sua
3104 3768 3344 3836 laesione,
3369 3766 3506 3823 telas
3526 3774 3584 3822 et
3601 3782 3728 3838 quae
3750 3766 3835 3821 de-

2255 3873 2566 3937 posuerant,
2593 3865 2840 3918 ambusta
2872 3876 3013 3916 esse.

2326 3959 2381 4015 9.
2424 3958 2517 4013 Est
2548 3968 2810 4017 praeterea
2845 3954 3259 4028 phylacterium,
3297 3953 3441 4023 quod
3472 3964 3605 4007 vere
3640 3952 3838 4007 dicitur

2256 4049 2316 4107 S.
2354 4049 2650 4106 Landoaldi
2680 4049 2846 4104 fuisse
2868 4046 3171 4117 proprium,
3206 4044 3261 4099 in
3289 4058 3398 4114 quo
3424 4044 3516 4113 qui
3552 4042 3839 4114 periurare

2255 4142 2556 4215 praesumit,
2576 4157 2683 4197 non
2708 4139 3004 4211 impunitus
3029 4137 3288 4193 abscedit.
3318 4134 3544 4190 Familia
3569 4134 3835 4206 plus'duo-

2255 4232 2430 4288 decim
2462 4231 2702 4286 virorum
2746 4245 2809 4285 ac
2842 4228 3156 4292 mulierem,
3188 4225 3419 4297 Witgeri
3463 4234 3520 4280 et
3561 4223 3837 4279 Lamberti

2257 4325 2488 4381 fratrum
2514 4331 2875 4386 sacramento,
2901 4336 2968 4377 ne
2987 4319 3331 4389 aufugerent,
3356 4317 3408 4371 in
3422 4332 3489 4371 eo
3501 4315 3839 4387 phylacterio

2255 4426 2340 4474 est
2365 4417 2623 4472 obstricta
2654 4433 2667 4468 :
2697 4412 2843 4484 quod
2871 4411 3082 4466 irritum
3110 4410 3332 4471 ducens,
3367 4406 3593 4475 insuper
3626 4416 3686 4459 et
3719 4406 3834 4459 the-

574 4510 659 4555 rat
708 4509 1030 4557 procurator
1080 4511 1133 4557 et
1190 4501 1422 4557 νὶηἱωε.
1489 4501 1887 4557 Hildebrandus
1941 4515 2154 4572 quoque
2182 4504 2230 4565 D
2257 4524 2478 4565 saurum
2503 4508 2554 4561 in
2585 4508 2775 4562 eadem
2791 4503 3015 4559 ecclesia
3037 4502 3376 4558 dominorum
3397 4513 3621 4553 suorum
3644 4512 3834 4551 recc".

573 4591 875 4661 pre.-.byter,
905 4605 1063 4661 quem
1094 4592 1310 4662 propria
1345 4606 1506 4645 manu
1554 4599 1682 4645 ante
1728 4605 1927 4662 paucos
1978 4606 2151 4646 annos

574 4683 856 4738 tuumlavit
887 4685 1211 4739 Saralzertus
1232 4697 1385 4754 aeque
1414 4681 1714 4755 presbyter,
1748 4681 1908 4751 hujus
1948 4683 2152 4739 notitiae

574 4773 776 4829 relator
796 4773 1159 4839 fidelissimus,
1203 4774 1294 4846 qui
1342 4782 1397 4829 et
1434 4772 1566 4839 lucc,
1597 4787 1716 4843 qua:
1769 4773 2149 4843 praemisimus,

643 4932 792 5001 (526)
829 4932 1172 5004 Cbildcrirus
1201 4933 1402 5003 incepit
1438 4947 1587 5004 puer,
1610 4945 2009 5004 regnareicum
2048 4932 2156 4988 lm-

573 5004 825 5058 nechilde
853 5003 1009 5058 vidua
1039 5003 1308 5072 Sigehcrti
1331 5001 1508 5072 patrui
1543 5003 1611 5057 ab
1640 5001 1782 5058 anno
1811 5002 1937 5070 664,
1972 5001 2151 5060 factus

573 5019 825 5058 necnuue
853 5019 1009 5058 vtuua
1039 5019 1093 5057 at
1138 5019 1308 5059 encru
1331 5019 1508 5072 patrut
1543 5019 1611 5057 an
1640 5019 1764 5058 aunt

573 5076 866 5129 monarcba
903 5088 1046 5127 anno
1079 5019 1206 5136 6876,
1233 5075 1447 5128 occisus
1473 5088 1616 5127 anno
1642 5072 1764 5126 679.

577 5212 592 5225 θ
645 5142 1070 5226 (5(27)·ξ;κξιρῃι
1111 5143 1405 5226 diplomata
1435 5142 1990 5226 Clri‘ldericieignata.
2015 5143 2150 5197 Tra-

2255 4600 2424 4655 ditum
2448 4596 2697 4652 violando
2716 4594 2991 4659 auferens,
3020 4591 3226 4662 aufugit
3249 4607 3264 4644 :
3296 4588 3389 4644 sed
3416 4601 3577 4641 mane
3600 4587 3834 4641 circum-

2255 4690 2400 4746 circa
2428 4704 2459 4743 a
2497 4685 2947 4759 persequentibus
2973 4683 3173 4739 frustra
3196 4680 3476 4751 requisita,
3509 4687 3566 4733 et
3593 4693 3626 4732 a
3653 4693 3833 4732 rever.

2257 4780 2491 4835 tentibus
2517 4778 2616 4834 sub
2636 4778 2831 4832 arbore
2855 4789 3022 4846 prope
3047 4771 3335 4831 ecclesiam
3359 4768 3637 4825 dormiens
3688 4768 3835 4822 salvo

2328 4931 2479 5001 (530)
2520 4929 2618 4985 Ms.
2649 4928 2851 5001 Rubete
2874 4926 3495 5001 Vallis,_Hnngarorum.

2326 4991 2478 5074 (5571}
2522 5000 2756 5071 llungari
2804 5016 2948 5055 anno
2994 4991 3469 5074 S54_Ha§ba_uia_m
3520 4991 3833 5074 flammata

2256 5061 2472 5144 rapinis
2491 5061 2797 5145 vastarunt,
2820 5068 3030 5145 evocati
3055 5085 3084 5121 a
3109 5064 3518 5145 Conradoduce
3532 5061 3833 5145 ALo‘tharin-

2257 5133 2470 5226 gizetht
2491 5141 2855 5226 Frodoardus,
2888 5137 3201 5226 Sigegertus
3230 5133 3408 5216 et.alii
3444 5140 3733 5226 testantur.

3507 5215 3650 5226 --.ιο-Ι
3663 5215 3834 5226 nan-nam
