4042 5300
275 259 410 315 1117

1331 247 1488 305 \‘l'l'A
1519 247 1581 306 S.
1616 243 2032 302 LANDOAIDI.
2058 274 2128 286 --
2157 243 2285 300 LIB.
2322 245 2357 301 l.

3397 250 3533 307 1118

274 376 532 430 thesauro
559 378 640 426 est
671 369 970 424 reinvcnta.
998 365 1150 423 Alius
1177 365 1416 436 quidam,
1449 363 1678 433 quodam
1705 359 1851 430 ﬁagi-
1881 360 1926 417 A
1957 359 2072 414 laus
2095 362 2405 431 corripitur,
2436 371 2599 433 atque
2626 362 2678 418 in
2704 364 2821 420 haec
2841 363 3002 420 verba
3028 375 3316 422 monetur:
3348 385 3366 419 ι
3401 368 3534 422 Cum

271 468 348 520 tiu
377 481 504 519 Vere
543 463 848 533 impeditus,
878 461 928 514 in
962 462 1150 515 eodem
1183 457 1510 527 perjuravit;
1553 455 1852 522 eademque

267 565 429 610 nocte
483 569 606 608 cum
650 553 811 608 domo
854 560 908 606 et
957 550 1119 604 unico
1157 549 1269 602 ﬁlio
1309 548 1474 601 miser
1515 543 1848 616 deﬂagravit.

264 645 385 702 Alia
416 659 632 716 quoque
662 640 921 697 miracula
959 641 1069 696 illic
1112 640 1228 694 ﬁeri
1261 637 1507 709 contigit,
1547 651 1668 707 quae
1711 648 1853 690 nunc

263 735 451 789 dicere
472 731 820 801 supersedeo.

339 823 429 878 10.
471 825 813 892 Quapropter
841 820 983 875 idem
1028 819 1230 873 Lantso
1267 817 1635 874 venerabilem
1673 818 1850 872 virum

265 924 671 968 antecessorem
706 921 973 976 nostrum,
1006 912 1282 967 dominum
1321 911 1529 964 scilicet
1563 909 1851 963 Euraclnm

265 1004 443 1073 (554),
485 1004 708 1074 supplex
743 1003 895 1068 adiit,
942 1017 1138 1073 rogans
1173 1011 1354 1056 utaut
1392 1016 1488 1070 per
1529 1016 1587 1056 se
1624 1011 1715 1054 aut
1759 1016 1855 1070 per

263 1098 506 1152 vicarios
543 1111 672 1151 suos
710 1106 1022 1151 sanctorum
1059 1108 1290 1164 corpora
1325 1091 1769 1154 transferrentur,
1799 1100 1855 1146 et

263 1191 412 1245 unde
455 1199 582 1244 ante
613 1186 1056 1242 Norttnannicant
1089 1185 1320 1256 depositi
1360 1192 1516 1239 erant
1552 1183 1854 1238 infestatio-

263 1298 392 1337 nem
449 1281 839 1336 relevarentur.
876 1279 1087 1349 Saepius
1117 1277 1438 1347 postulando
1476 1277 1588 1331 haec
1626 1278 1852 1341 iterans,

266 1371 492 1425 tandem
547 1367 857 1439 impetravit
903 1382 919 1422 :
965 1378 1020 1423 et
1068 1368 1218 1423 Bono
1266 1367 1684 1422 archidiaconus
1729 1381 1852 1419 cum

263 1461 482 1516 duobus
542 1459 1071 1530 arcliiprrshyteris,
1138 1459 1386 1513 ﬁdelibus
1452 1458 1640 1526 utique
1699 1457 1850 1522 viris,

265 1550 589 1606 Thietboldo
612 1561 666 1606 et
689 1549 973 1614 Uhodone,
998 1550 1091 1604 sed
1115 1559 1171 1604 et
1197 1565 1320 1606 cum
1345 1549 1468 1604 aliis
1489 1565 1554 1604 ex
1583 1559 1855 1604 monaste-

265 1643 387 1704 riis,
413 1640 601 1697 Sancti
631 1641 840 1697 scilicet
863 1641 1156 1706 Trudonis,
1187 1641 1338 1713 (535)
1363 1640 1594 1704 Belisize,
1623 1650 1678 1695 et
1709 1639 1853 1693 Tun-

1955 454 2201 509 dominos
2244 456 2600 527 dominasque
2631 468 2850 513 nostras
2879 459 3162 523 extuleris,
3203 477 3303 516 cur
3339 471 3394 515 et
3435 477 3533 516 nos

1955 543 2141 600 ﬁdeles
2168 561 2356 602 eorum
2389 547 2440 602 in
2469 548 2582 604 luto
2620 550 2942 606 delitescere
2975 551 3147 606 sinis?
3179 552 3292 622 Ego
3332 552 3534 624 quippe

1954 650 2073 689 sum
2106 635 2428 704 Landrada;
2463 640 2732 696 Adrianus
2777 651 2989 714 martyr
3036 653 3091 698 et
3140 643 3389 699 Julianus
3435 645 3534 712 ipsi

1957 746 2169 801 quoque
2209 742 2335 788 sunt
2381 733 2446 789 de
2477 735 2740 791 societate
2766 747 2971 791 nostra.
3014 756 3032 789 ι
3083 737 3233 793 llanc
3265 739 3532 794 visionem

1955 819 2045 875 illa
2069 822 2184 876 viro
2210 821 2502 888 intimavit,
2523 833 2600 891 et,
2626 835 2685 880 ut
2709 836 2801 880 aut
2827 826 3117 897 episcopus
3131 831 3537 886 autauctoritas

1955 911 2193 981 episcopi
2221 912 2287 966 ad
2315 913 2745 970 sublevationem
2777 932 2964 972 eorum
2995 919 3318 974 invitaretur
3376 938 3535 992 roga-

1954 1000 2051 1054 vit.
2083 1000 2174 1055 llle
2208 1002 2484 1071 praeterito
2518 1020 2663 1060 anno
2691 1005 2764 1059 ita
2796 1007 2848 1060 in
2886 1005 3190 1064 elevatione
3213 1020 3533 1067 caetemrum

1956 1101 2184 1160 questus
2209 1100 2296 1145 est
2328 1093 2675 1160 obsonatum,
2709 1104 2767 1148 ut
2801 1096 2848 1149 ei
2875 1112 2974 1167 per
3005 1115 3200 1154 manus
3231 1100 3345 1155 haec
3382 1101 3533 1157 ince-

1954 1192 2107 1252 ptare
2155 1183 2318 1238 nimis
2362 1185 2609 1240 videatur
2656 1186 2906 1241 arduum.
2958 1187 3087 1243 Post
3136 1190 3254 1245 dies
3305 1191 3534 1262 aliquot,

1956 1283 2252 1342 apparente
2281 1275 2476 1331 iterum
2501 1276 2690 1332 eadem
2710 1277 2939 1343 visione,
2964 1279 3032 1332 ab
3052 1280 3237 1333 eadem
3255 1298 3360 1351 qua
3385 1283 3536 1351 prius

1955 1365 2349 1419 sanctimoniali
2375 1367 2672 1421 secundum
2703 1366 2930 1439 eﬁigiem
2957 1368 3023 1422 de
3046 1369 3366 1440 negligentia
3393 1385 3515 1424 cor-

1957 1453 2173 1522 ripitur,
2202 1454 2268 1508 de
2292 1464 2604 1524 contemptu
2629 1455 2998 1524 confunditur,
3032 1477 3048 1507 ι
3079 1457 3143 1510 Ει
3167 1474 3308 1527 qua},
3337 1458 3534 1528 inquit,

1957 1554 2034 1599 tot
2061 1555 2111 1599 et
2140 1556 2288 1600 tanta
2317 1547 2368 1600 in
2400 1547 2638 1602 medicos
2658 1548 2984 1618 expendisti,
3007 1564 3105 1604 nec
3128 1551 3309 1604 curari
3335 1552 3534 1605 merui-

1957 1639 2046 1703 sti,
2074 1639 2119 1692 si
2158 1655 2257 1694 nos
2284 1654 2349 1693 ex
2380 1638 2494 1693 luto
2531 1637 2781 1704 efferres,
2805 1639 2926 1710 jam
2942 1639 3124 1694 sanari
3158 1642 3472 1697 meruisses.
3508 1667 3534 1694 ν

265 1734 402 1803 gris,
434 1733 560 1788 illuc
583 1733 940 1796 advenerunt,
970 1741 1026 1787 et
1054 1747 1176 1788 cum
1205 1731 1391 1786 litania
1419 1731 1646 1787 solemni
1673 1744 1735 1784 ex
1771 1741 1854 1783 tu-
1883 1699 1928 1758 Β
1961 1733 2024 1787 Et
2051 1733 2162 1798 ubi,
2198 1733 2373 1804 inquit
2411 1732 2525 1799 illa,
2556 1748 2652 1788 vos
2687 1733 3060 1788 inveniemus?
3090 1732 3231 1788 Sella
3277 1743 3386 1797 tua,
3431 1751 3538 1804 qua

265 1823 449 1882 tnulis,
479 1822 677 1892 quibus
706 1823 1042 1894 negligenter
1073 1822 1236 1877 nimis
1265 1821 1606 1893 squalebant,
1642 1822 1852 1876 extule-

265 1921 415 1966 runt.
449 1913 776 1968 Invenerunt
806 1924 987 1968 autem
1013 1913 1195 1984 plures
1219 1913 1406 1968 thecas
1435 1932 1448 1967 :
1483 1913 1576 1968 sed
1609 1929 1712 1967 una
1739 1923 1858 1967 erat

265 2005 323 2058 in
371 2021 475 2074 qua
517 2005 574 2060 S.
618 2004 965 2060 Landoaldus
1010 2005 1446 2077 archipresbyter
1489 2015 1543 2060 et
1593 2005 1857 2076 diaconus

265 2109 401 2149 suus
443 2097 647 2165 pariter
675 2096 996 2166 tegebantur
1025 2097 1336 2151 Amantius.
1380 2097 1583 2152 Aderat
1628 2106 1684 2150 et
1720 2098 1856 2166 lapis

265 2186 336 2238 ad
360 2188 538 2256 capita
554 2202 768 2252 eorum,
791 2188 1351 2258 nontinibuSIpsorum
1379 2189 1699 2258 insculptus.
1723 2189 1856 2244 Alia:

263 2278 620 2333 continebant
671 2277 772 2333 SS.
827 2278 1178 2334 Adeltrudem
1225 2289 1279 2334 et
1325 2280 1664 2345 Vincianam,
1713 2283 1856 2350 quod

267 2368 550 2423 indicabat
597 2369 878 2424 crucicula
927 2371 1176 2440 quaedam
1223 2381 1501 2442 argentea,
1550 2373 1755 2442 pectori
1794 2371 1854 2425 S.

267 2461 967 2531 Vinciauaesuperinventa.
985 2461 1081 2516 llis
1106 2461 1324 2531 rejectis
1346 2465 1551 2533 pariter
1573 2473 1621 2518 et
1650 2463 1854 2525 relatis,

262 2553 399 2606 dum
429 2560 739 2606 sanctorum
766 2567 992 2622 corpora
1016 2554 1142 2607 vino
1168 2554 1328 2608 simul
1350 2564 1400 2608 et
1426 2569 1564 2623 aqua
1589 2553 1859 2608 dilueren-

261 2650 378 2705 tur,
410 2641 618 2696 avicula
651 2641 897 2711 quaedam
930 2657 1028 2714 per
1060 2643 1359 2698 fenestram
1399 2642 1602 2697 feretro
1643 2654 1859 2698 sancto-

261 2748 392 2788 rum
426 2732 634 2802 illapsa,
676 2734 836 2789 simul
868 2743 922 2790 et
963 2738 1268 2805 importune
1310 2736 1598 2804 aliquoties
1633 2736 1734 2800 cis,
1768 2737 1858 2805 qui

260 2823 399 2878 huic
429 2821 601 2878 ofﬁcio
624 2824 925 2879 intererant
983 2826 1261 2888 immersa,
1291 2824 1579 2893 aliquoties
1609 2825 1660 2878 in
1687 2826 1860 2878 delos-

261 2932 392 2969 sum
423 2915 680 2971 devolans
743 2932 850 2986 quo
889 2931 1119 2986 corpora
1151 2924 1462 2970 sanctorum
1500 2926 1658 2970 erant
1689 2917 1858 2979 elata,

1956 1825 2024 1878 ad
2071 1823 2360 1879 ecclesiam
2405 1823 2658 1896 gestaris,
2700 1823 2897 1898 inquit.
2946 1833 3128 1878 nostra
3170 1824 3537 1880 irreverenter

1957 1916 2212 1987 deprimit
2237 1917 2433 1981 busta;
2479 1931 2606 1970 arca
2647 1923 2829 1970 autem
2876 1925 3025 1971 retro
3066 1920 3262 1986 posita,
3311 1917 3537 1971 nimium

1957 2017 2039 2063 cst
2073 2008 2228 2061 nobis
2263 2022 2517 2062 onerosa.
2557 2007 2622 2060 Et
2667 2007 2712 2062 si
2753 2007 2999 2061 causaris
3036 2008 3178 2076 quod
3218 2009 3534 2076 episcopum

1957 2107 2050 2152 aut
2093 2097 2210 2167 ejus
2235 2098 2466 2153 vicarius
2496 2113 2599 2152 non
2630 2098 2860 2162 meritis,
2900 2113 2931 2152 e
2965 2099 3144 2154 vicino
3181 2098 3535 2154 Sarabcrlum

1957 2190 2148 2243 saltem
2173 2188 2551 2258 presbyterum
2584 2187 2770 2254 babes,
2809 2196 2864 2242 et
2893 2187 3029 2244 alios
3064 2189 3131 2243 ad
3160 2189 3211 2243 id
3247 2188 3537 2259 perﬁcien-

1958 2282 2086 2335 dum
2115 2279 2259 2333 viros
2287 2278 2491 2333 ﬁdeles.
2528 2277 2682 2333 Mane
2713 2279 2896 2348 itaque
2927 2279 3057 2349 quid
3081 2293 3245 2348 super
3272 2280 3354 2334 his
3388 2278 3536 2335 facto

1957 2388 2093 2442 opus
2139 2381 2286 2427 esset
2329 2371 2650 2426 deliberanti
2700 2371 2854 2426 adest
2882 2371 3128 2441 quaedam
3173 2387 3240 2426 ex
3283 2386 3536 2442 gynaeceo

1957 2462 2072 2530 ejus
2095 2463 2289 2532 puella,
2316 2477 2440 2517 cum
2463 2462 2653 2516 eadem
2681 2461 2890 2517 visione
2915 2459 3156 2517 referens
3187 2477 3245 2516 se
3275 2462 3537 2515 monitatn

1959 2570 2055 2625 per
2082 2555 2196 2608 haec
2216 2554 2405 2608 eadem
2434 2554 2618 2625 signa:
2647 2568 2709 2608 ea
2739 2569 2882 2608 nunc
2912 2553 2965 2607 in
2994 2553 3118 2606 villa
3138 2551 3539 2622 Guodenghove

1961 2645 2257 2700 habitabat.
2299 2642 2616 2714 Sigcburgis
2645 2651 2825 2697 autem
2866 2641 3083 2696 domina
3115 2641 3253 2712 ejus,
3293 2641 3379 2695 cui
3422 2641 3537 2694 hanc

1960 2733 2492 2795 demonstrabantur,
2542 2749 2572 2786 a
2617 2732 2879 2802 cujusque
2927 2746 3024 2786 ore
3059 2729 3293 2799 jnrautis
3335 2731 3446 2784 hmo
3483 2737 3538 2784 et

1961 2824 2281 2881 obtestantis
2302 2838 2399 2878 nos
2425 2823 2527 2876 ista
2553 2822 2946 2892 decerpsimus,
2996 2821 3172 2876 adlmc
3211 2820 3370 2884 vivit;
3406 2818 3544 2872 vivit

1963 2915 2208 2984 inquam,
2245 2924 2299 2968 et
2325 2912 2582 2984 praesenti
2623 2913 2771 2966 duce'
2799 2927 2928 2966 sana
2959 2921 3013 2965 et
3041 2910 3325 2966 incolumis
3361 2908 3537 2963 vesci-

261 3007 526 3061 omnibus
566 3009 870 3062 astantibus
910 3017 966 3062 ct
1012 3009 1124 3062 haec
1172 3007 1503 3070 videntibus,
1538 3007 1856 3061 miraculum
1884 3041 1931 3104 ε
1967 3018 2053 3063 tur
2087 3027 2099 3063 :
2148 3007 2343 3063 nobilis
2374 3020 2630 3078 persona,
2671 3006 2864 3060 domus
2911 3003 3112 3074 antpla,
3146 3019 3260 3058 rem
3309 3002 3542 3056 ﬁdeliter

264 3100 507 3154 incussit
527 3099 733 3170 pariter
757 3111 811 3156 et
841 3101 1144 3155 horrorem.
1174 3099 1307 3154 Nam
1336 3109 1389 3154 et
1410 3100 1592 3155 colore
1621 3100 1859 3170 pttlcltt‘i-

266 3188 482 3243 tudinis
509 3198 629 3243 erat
656 3189 904 3255 diversae,
931 3191 1024 3244 sed
1053 3189 1288 3243 antehac
1319 3189 1518 3274 iqvisg;
1547 3199 1600 3242 et
1624 3189 1861 3244 stridore

263 3281 428 3337 vocis
456 3281 671 3352 quidem
705 3281 990 3346 dulciﬁuae,
1024 3283 1116 3338 sed
1149 3282 1414 3338 inaudito.
1455 3283 1586 3350 Quae
1626 3283 1752 3338 licet
1794 3284 1861 3336 ab

262 3375 580 3431 astantibus
609 3386 789 3446 posset
830 3375 1239 3447 comprehendi,
1278 3392 1306 3431 a
1340 3377 1555 3432 nemine
1596 3391 1865 3447 praesum-

261 3478 367 3539 pta
397 3478 480 3523 est
518 3469 794 3523 temerari.
839 3468 970 3536 Quae
1011 3469 1164 3538 quasi
1216 3467 1536 3538 quibusdam
1587 3468 1863 3538 plausibus

264 3559 476 3613 laetitiae
504 3568 560 3614 et
582 3560 728 3614 vocis
753 3557 1062 3614 sibilatione
1091 3557 1190 3613 hac
1215 3557 1337 3612 illac
1363 3555 1784 3618 circumvolms,
1807 3565 1864 3610 et

263 3649 473 3702 iteruin
507 3648 707 3702 feretro
745 3657 1057 3702 sanctorum
1104 3647 1366 3712 insidens,
1407 3661 1512 3700 non
1547 3646 1755 3700 destitit
1795 3645 1865 3700 ab

265 3739 542 3809 inempto,
574 3740 743 3794 donec
769 3739 949 3794 omnia
981 3739 1310 3808 competenti
1349 3745 1866 3793 consummarentur

261 3831 476 3888 oﬁicio.

347 3927 436 3979 tl.
477 3924 677 3981 Eadem
726 3926 813 3982 die
855 3940 997 3982 caeca
1043 3926 1288 3997 quaedam
1325 3924 1392 3980 de
1433 3923 1560 3979 villa
1603 3922 1861 3990 Hasbina,

261 4030 399 4086 quae
426 4026 546 4071 erat
580 4017 633 4070 in
664 4017 882 4084 vicinia,
913 4017 1165 4088 vulgante
1192 4016 1333 4071 fama
1363 4016 1507 4086 quod
1538 4022 1856 4069 sanctorum

265 4106 612 4161 efferrentur
639 4122 890 4175 corpora,
922 4108 1163 4163 accurrit
1183 4106 1436 4162 celeriter
1458 4119 1581 4160 cum
1611 4104 1862 4160 candela.

266 4199 512 4254 Biduum
553 4198 748 4253 deinde
787 4201 1088 4264 sustinens,
1124 4206 1180 4254 et
1210 4209 1520 4254 sanctorum
1557 4195 1864 4270 patrocinia

265 4289 660 4345 indesinenter
709 4305 1031 4362 exposcens,
1087 4291 1247 4346 tertia
1304 4291 1390 4346 die
1440 4290 1667 4346 recessit
1718 4289 1864 4344 clare

264 4382 494 4437 videns.

348 4472 442 4525 12.
484 4471 748 4541 Sequenti
773 4471 936 4543 igitur
957 4485 1098 4526 anno
1119 4469 1382 4540 uxoriam
1399 4469 1528 4524 dicti
1553 4469 1865 4536 Lantsonis,

265 4563 504 4618 nomine
534 4561 870 4633 Sigeburgis,
899 4563 1089 4617 morbo
1124 4563 1202 4616 sic
1236 4561 1519 4616 intercutis
1557 4561 1865 4626 laborabat,

267 4668 557 4722 cruraque
581 4653 695 4721 ejus
721 4669 841 4708 cum
865 4655 1090 4724 pedibus
1117 4654 1189 4708 ita
1217 4653 1611 4717 intutnucrant,
1643 4661 1700 4706 ιιι
1729 4667 1869 4722 pene

263 4761 381 4816 per
412 4753 584 4798 totum
614 4759 812 4800 annum
857 4759 960 4800 nec
1001 4744 1193 4799 saltem
1230 4744 1540 4812 ecclesiam,
1582 4744 1685 4800 nisi
1731 4745 1868 4800 sella

265 4835 579 4908 gestatoria
614 4835 956 4900 eveheretur,
986 4835 1291 4901 intraverit,
1334 4850 1433 4891 nec
1467 4847 1585 4892 toro
1625 4835 1728 4890 viri
1768 4853 1872 4894 nec

265 4925 536 4983 Convivio
565 4926 882 4997 partieipata
917 4926 1009 4990 sit,
1057 4927 1295 4981 edulium
1340 4941 1500 4982 omne
1548 4926 1869 4995 fastidierit,

263 5028 472 5089 potum
510 5023 732 5083 excepta
773 5033 912 5089 aqua
952 5016 1264 5072 universum
1306 5026 1554 5072 execrata
1599 5017 1691 5072 sit.
1739 5016 1875 5076 ﬂare

263 5111 624 5175 inteinpestae
650 5105 926 5177 Cuiusdam
959 5109 1134 5163 noctis
1155 5108 1362 5163 visione
1388 5109 1564 5165 subita
1590 5107 1876 5182 semivigi-

1962 3112 2267 3173 quaerentes
2304 3100 2445 3155 scire
2487 3114 2592 3153 non
2637 3096 2766 3152 sinit
2807 3095 2996 3151 latere.
3049 3095 3179 3162 Quae
3221 3110 3342 3148 cum
3389 3091 3538 3152 omni

1964 3197 2308 3253 festinatione
2336 3195 2556 3249 mittens
2581 3191 2951 3263 presbyteros,
2976 3190 3066 3260 qui
3094 3189 3210 3244 haec
3236 3187 3538 3257 explerentl

1963 3289 2257 3353 accersire;
2305 3285 2524 3341 interitu
2569 3284 2684 3355 ipsa
2736 3299 2834 3352 pro
2885 3284 3116 3338 obtentu
3157 3279 3536 3350 recuperanda.

1964 3380 2154 3434 salutis
2188 3393 2294 3432 non
2331 3390 2489 3446 passa
2525 3374 2830 3442 quiescere,
2861 3371 2988 3428 fecit
3019 3386 3077 3426 se
3108 3371 3237 3425 ferri
3265 3371 3332 3424 ad
3365 3369 3512 3425 ecclc

1965 3472 2124 3537 siam,
2146 3479 2200 3524 et
2229 3468 2447 3524 interim
2467 3484 2496 3521 a
2521 3467 2642 3522 loco
2666 3466 3016 3521 denominato
3039 3464 3297 3534 paulatim
3321 3477 3536 3534 egerere

1966 3571 2186 3616 terram.
2228 3559 2296 3612 Et
2325 3559 2412 3612 vix
2439 3555 2770 3625 semipedem
2807 3566 2965 3608 terrae
3007 3562 3293 3617 cruerunt,
3331 3562 3385 3606 et
3415 3567 3533 3606 ecce

1966 3662 2278 3707 sanctorum
2309 3649 2564 3704 cisternae
2599 3647 2652 3700 in
2684 3646 2795 3717 ipsa
2825 3660 2961 3715 pene
2992 3642 3280 3712 superﬁcie
3315 3657 3520 3713 appare

1964 3747 2116 3802 bant.
2161 3741 2469 3796 Adveniunt
2508 3747 2564 3793 et
2612 3737 2918 3809 presbyteri
2967 3735 3276 3805 quicunque
3328 3736 3541 3790 fuerant

1965 3835 2196 3899 evocati,
2229 3844 2306 3898 et,
2325 3831 2544 3887 retectis
2573 3839 2889 3885 sanctorum
2921 3826 3204 3898 sepulcris,
3231 3835 3550 3897 repererunt

1967 3928 2184 3984 nomina
2235 3939 2423 3981 eorum
2473 3932 2792 3993 exprompta
2843 3922 2897 3976 in
2955 3920 3266 3975 breviculis.
3314 3920 3377 3974 Et
3416 3919 3545 3973 dum

1967 4033 2194 4091 quaeque
2247 4017 2407 4088 digna
2465 4013 2820 4069 translatione
2874 4010 3177 4081 adimplent
3222 4027 3320 4082 pro
3367 4026 3548 4080 posse,

1967 4114 2083 4183 ipsa
2109 4111 2221 4180 jam
2249 4109 2390 4166 dicta
2421 4117 2692 4174 matrona,
2729 4121 2851 4176 quae
2876 4105 3027 4175 operi
3053 4104 3336 4164 insistebat
3365 4113 3547 4158 atten-

1970 4208 2096 4269 tius,
2143 4204 2322 4259 subito
2362 4211 2650 4266 conversa,
2701 4199 2848 4254 rivos
2900 4197 3096 4253 veneni
3142 4206 3198 4252 et
3245 4197 3550 4267 putredinis

1967 4297 2172 4352 saniem
2215 4295 2283 4348 ad
2312 4291 2536 4348 sextarii
2568 4305 2882 4346 mensuram
2911 4289 3057 4343 videt
3102 4288 3413 4344 excurrisse
3446 4287 3548 4344 sibi

1888 4381 1939 4442 D
1965 4403 2028 4442 ex
2059 4385 2331 4440 cruribus.
2363 4382 2494 4450 Quae
2529 4381 2798 4436 admirata
2840 4388 2896 4435 et
2926 4379 2994 4435 de
3030 4387 3246 4450 recepta
3289 4379 3554 4449 sospitate

1969 4477 2194 4533 hilarior
2238 4474 2469 4540 reddita,
2521 4473 2740 4528 domum
2787 4472 2952 4541 pedes
3006 4470 3186 4534 rediit,
3240 4470 3551 4525 convivium

1970 4567 2274 4638 hospitibus
2310 4574 2366 4621 et
2397 4563 2709 4620 domesticis
2754 4562 3042 4631 opulenter
3085 4560 3390 4631 apparavit,
3438 4560 3554 4629 ipsa

1970 4657 2275 4719 intcrsedit,
2312 4671 2412 4710 nec
2437 4653 2674 4709 edulium
2711 4649 3269 4720 aliquod-fastidiens,
3302 4664 3404 4702 nec
3442 4647 3552 4701 viui

1969 4750 2244 4822 potionem
2292 4746 2378 4801 vel
2429 4744 2654 4798 alterius
2701 4742 3014 4797 sorbitionis
3059 4739 3172 4808 jam
3221 4739 3553 4794 abhorrens.

1970 4843 2100 4897 Fert
2121 4849 2300 4894 autem
2327 4839 2467 4893 fama
2493 4835 2786 4892 multorum
2811 4843 2867 4888 et
2903 4843 3028 4888 ante
3056 4849 3154 4887 nos
3183 4841 3236 4887 et
3265 4832 3562 4900 inpraesen-

1976 4935 2193 4994 tiarum,
2221 4931 2358 4984 hanc
2381 4931 2614 4992 beatam,
2643 4927 2771 4979 dum
2794 4922 3301 4977 sanctimonialibus
3347 4920 3564 4976 Belisiae

1975 5025 2166 5096 positis
2187 5022 2438 5092 praelecta
2482 5017 2838 5074 suavissimos
2863 5027 3116 5082 supernae
3141 5011 3566 5096 contemplatio-

1977 5119 2058 5172 nis
2080 5123 2328 5183 carperet
2349 5111 2580 5174 l'ructus,
2608 5101 3037 5162 sacratissimam
3053 5101 3319 5194 virginem
3336 5099 3570 5169 praecla-
