4018 6328
184 401 319 456 H‘ll

1359 390 1511 443 \‘lTA
1553 388 1609 443 S.
1656 388 2065 445 LANDOALDI.
2096 419 2163 427 ——
2196 387 2319 441 LIB.
2354 388 2413 441 Il.

3306 390 3439 445 ΙΙὶί

172 526 288 569 stra
340 512 520 565 itidem
565 508 879 561 mandautes
912 506 1208 559 roboranda
1244 505 1585 568 auctoritate,
1612 505 1749 572 peti-
1784 510 1826 567 Α
1860 504 2018 557 istum
2044 505 2144 557 isto
2189 503 2543 557 claudendum
2576 503 2680 557 line
2717 503 3099 573 jndicavimus,
3126 516 3205 569 ut,
3235 506 3441 563 viribus

167 606 270 660 stis
312 604 434 656 huic
487 615 647 668 quam
681 599 917 653 breviter
947 598 1116 653 inseri
1148 598 1377 651 sehedm.
1418 596 1525 651 Nos
1576 602 1757 650 autent

167 693 515 765 respirationi
567 691 856 761 legentium
909 690 990 742 vel
1052 690 1356 742 auditorum
1415 688 1756 743 consulentes

171 784 416 845 aﬂectui,
439 797 573 836 neve
624 780 801 851 magni
830 780 1037 833 Domini
1073 778 1356 848 magnifica
1385 778 1437 831 in
1468 787 1754 845 angustum

170 884 443 946 cogantur
495 871 777 936 beneﬁcia,
820 869 1002 925 dilatis
1049 868 1417 939 sequentibus,
1449 882 1755 922 sermonem

175 1075 1897 1102 ——————-—-——'——_—'—————

1860 595 2075 648 interim
2107 611 2202 665 per
2246 594 2517 651 silentiumr
2554 596 2832 660 recreatis,
2875 612 2996 665 qum
3027 607 3250 662 restant,
3300 613 3436 668 quo-

1861 685 2005 737 niam
2029 685 2247 754 proprio
2279 684 2519 754 indigere
2560 685 2834 741 volumine
2864 699 3280 755 pernoscuntur,
3338 689 3445 744 alio

1863 789 2052 828 rursus
2119 774 2270 828 initio
2343 774 2681 829 commodius
2744 784 2798 829 et
2881 775 3144 845 insignius
3199 778 3445 847 pra‘titu-

1864 864 2063 918 lentur.

1930 1075 3403 1105 __________.__.._____________,

1286 1210 1643 1297 LIBER
1713 1209 2360 1298 SECUNDUS.

1188 1397 1549 1462 Tra-nslatio
1590 1398 2005 1479 reliquiarum
2035 1398 2405 1461 Gandavum

250 1592 303 1643 1.
348 1585 589 1641 Relaturi
648 1584 784 1638 mira
831 1583 1039 1637 Domini
1092 1583 1511 1652 cunetipotentis
1563 1596 1749 1651 opera,
1787 1587 1828 1644 Β
1857 1581 1992 1636 beri.
2025 1583 2269 1637 Assensit
2297 1583 2383 1640 ille
2407 1584 2658 1654 fideliter,
2691 1598 3048 1662 sanctumque
3092 1594 3211 1651 fidei
3244 1613 3440 1673 aggre-

176 1681 379 1752 quibus
427 1675 682 1730 dilectum
729 1674 810 1728 sui
856 1674 1089 1728 nominis
1134 1673 1498 1729 confessorem
1528 1673 1588 1725 Β.
1621 1674 1762 1727 Lan-

174 1770 439 1826 doaldum
467 1767 749 1836 sociosque
779 1763 895 1834 ejus
923 1765 1125 1821 nostris
1152 1765 1205 1820 in
1233 1766 1566 1837 temporibus
1610 1764 1764 1820 miri-

176 1864 283 1917 tice
312 1862 564 1931 dignatus
609 1869 692 1914 est
740 1857 1045 1928 propalare,
1075 1857 1293 1929 dignum
1336 1872 1519 1911 remur
1545 1873 1645 1912 nec
1674 1874 1765 1912 su-

173 1951 441 2023 perﬂuum
468 1949 873 2004 memorabilem
900 1946 1271 2003 translationis
1291 1949 1605 2003 eorumdem
1632 1964 1762 2004 san-

174 2052 389 2096 ctorum
414 2037 1176 2109 prmuitterejucunditatem,
1201 2052 1300 2108 per
1321 2054 1483 2107 quam
1528 2048 1585 2093 et
1618 2039 1764 2107 ipso-

180 2150 300 2189 rn-n
328 2134 603 2203 signorum
631 2131 942 2186 enituerunt
977 2130 1258 2194 nonnulla,
1292 2139 1348 2184 et
1395 2130 1545 2184 locus
1582 2139 1765 2185 vester

178 2224 265 2277 vei
295 2222 446 2292 regio
467 2220 792 2290 dignationis
813 2236 998 2274 eorum
1030 2220 1226 2275 meruit
1260 2219 1493 2273 feliciter
1516 2219 1763 2290 insigniri

180 2312 492 2383 przeseutia.
539 2311 706 2379 Igitur
746 2325 969 2365 emenso
1013 2312 1224 2365 dierum
1269 2312 1543 2366 curriculo
1569 2351 1585 2376 ,
1640 2328 1764 2367 cum

182 2401 577 2469 inexplicabilis
599 2402 697 2455 xcvi
731 2401 976 2455 mortalis
1002 2403 1072 2456 ita
1098 2402 1336 2471 exigeret
1363 2402 1765 2470 determinatio,

180 2490 447 2561 praefatus
509 2491 736 2545 illustris
789 2489 1016 2556 Lantso,
1076 2490 1465 2546 determinatus
1510 2493 1787 2548 videlicet.

182 2582 581 2652 pmmemorati
631 2596 912 2650 possessor
971 2581 1142 2648 fundi,
1195 2585 1407 2639 cunctis
1458 2585 1765 2640 viventibus

184 2688 474 2727 commune
497 2672 734 2727 debitum
768 2672 961 2736 solvit,
996 2675 1266 2742 prolisque
1315 2690 1426 2728 sua:
1468 2677 1766 2731 successio-

185 2774 313 2815 nem
334 2761 570 2831 ejusdem
591 2762 947 2831 possessionis
973 2763 1284 2817 haareditate
1308 2764 1571 2820 destituit.
1596 2766 1770 2834 impe-

175 2849 340 2905 rialis
366 2859 546 2905 autem
592 2852 900 2906 serenitatis
947 2852 1265 2909 moderante
1288 2854 1574 2910 clementia
1602 2857 1761 2927 (quae,

1864 1674 2021 1728 diens
2050 1673 2286 1727 oﬂieium
2314 1675 2537 1744 implere
2564 1683 2879 1736 maturavit.
2911 1684 3048 1739 Ecce
3076 1696 3275 1754 autem,
3300 1693 3448 1747 dictu

1866 1764 2153 1819 tnirabiie!
2185 1767 2521 1836 repentinum
2566 1781 2877 1829 sanctorum
2905 1776 3229 1848 suffragium
3290 1784 3450 1838 dere-

1864 1855 1987 1909 licta
2038 1855 2236 1925 conjnx
2286 1860 2562 1927 exiteritur
2594 1863 2831 1920 infirma.
2864 1866 2907 1921 E
2946 1869 3172 1938 vestigio
3219 1888 3453 1945 namque

1865 1946 2066 2011 dirigit,
2097 1948 2185 2017 qui
2211 1951 2545 2018 prmmissum
2569 1967 2596 2006 a
2619 1966 2925 2013 sanctorum
2950 1973 3169 2014 accessu
3198 1943 3447 2019 remove-

1866 2048 1988 2091 rent
2028 2040 2304 2105 maritum,
2340 2049 2523 2111 utpote
2575 2043 2689 2112 ipsa
2738 2061 2861 2101 mox
2903 2059 3178 2117 secutura,
3235 2065 3453 2110 saneto-

1868 2144 2098 2197 rumqne
2133 2133 2477 2199 praesentiam
2512 2135 2840 2205 expetitura,
2869 2146 2924 2192 et
2970 2154 3066 2207 per
3113 2152 3283 2198 semet
3324 2160 3446 2215 quae

1868 2221 2117 2274 mittebat
2142 2221 2412 2277 oblatura.
2443 2223 2549 2279 Sed
2595 2226 2870 2281 inhibente
2916 2228 3017 2284 loci
3068 2231 3159 2285 vel'
3184 2235 3444 2303 temporis

1866 2315 2136 2385 angustia,
2159 2331 2226 2370 ne
2248 2326 2560 2373 sanctorum
2611 2330 2919 2375 moraretur
2965 2322 3224 2392 profeCtio
3250 2366 3264 2390 ,
3311 2326 3453 2382 lator

1866 2406 2168 2460 munusculi
2198 2418 2507 2462 sanctorum
2534 2425 2592 2464 se
2621 2411 3004 2468 misericordiae
3032 2417 3450 2484 praesentialiter

1866 2496 2167 2551 submissus
2192 2497 2394 2563 intulit,
2424 2514 2715 2569 coramque
2744 2501 2874 2570 ipsis
2916 2505 3158 2559 omnium
3199 2506 3287 2575 qui
3315 2509 3447 2562 ade-

1866 2597 1987 2639 rant
2012 2588 2215 2641 notitiae
2240 2588 2290 2641 in
2317 2604 2481 2644 uxore
2507 2591 2747 2645 exhibita
2772 2592 2990 2660 pietatis
3025 2609 3212 2649 eorum
3254 2611 3446 2666 opera,

1867 2679 1931 2733 ad
1962 2680 2173 2735 tandem
2204 2690 2258 2735 et
2296 2681 2520 2751 gloriam
2552 2686 2973 2755 cunctipotentis
2997 2686 3228 2754 Domini,
3272 2698 3450 2759 prote-

1866 2781 2040 2826 status
2067 2781 2117 2826 et
2157 2772 2435 2841 professus
2461 2783 2565 2830 est.
2924 2772 2927 2777 ’

1900 2863 1990 2917 ~4.
2032 2864 2299 2921 Przeterea
2359 2882 2614 2935 quoniam
2686 2868 3036 2938 pro'ectionis
3112 2860 3469 2927 conducebat

180 2939 438 2995 laudabili
470 2942 770 2998 devotionis
796 2953 941 3007 voto,
988 2952 1177 3012 suapte
1218 2953 1411 2999 natura
1442 2946 1762 3002 benevolum
1790 2923 1835 2985 Ο
1866 2956 2254 3023 competentia,
2288 2955 2461 3011 locata
2490 2957 2641 3012 naris
2671 2923 2793 3014 cum
2820 2960 3173 3015 mercenariis
3196 2961 3450 3030 jucunda:

180 3030 395 3086 induxit
415 3033 651 3086 animum
672 3074 687 3099 ,
718 3047 994 3087 servorum
1035 3032 1128 3088 Dei
1170 3034 1467 3091 vilitatibus
1487 3036 1759 3106 impendio

180 3124 535 3195 prospicere),
579 3125 765 3180 eadem
811 3127 1097 3195 possessio,
1150 3126 1356 3198 absque
1388 3129 1763 3200 refragatiouis

180 3215 485 3282 obstaculo,
542 3223 738 3270 vestrae
782 3218 1062 3285 potestatis
1092 3217 1325 3290 relegata
1364 3220 1527 3275 cessit
1550 3221 1759 3293 ditioni,

181 3308 522 3376 pmelatorum
547 3308 754 3363 scilicet
779 3318 1087 3364 sanctorum
1138 3311 1407 3381 praeeleeti
1433 3312 1633 3370 Christi
1663 3316 1777 3370 rni-~

182 3399 293 3453 litis
313 3400 512 3471 egregii
542 3399 869 3455 confessoris
906 3400 1162 3458 Bavouis.

251 3490 308 3542 2.
349 3490 518 3558 Igitur
543 3491 673 3560 quia
693 3492 911 3561 sapiens
956 3506 1172 3561 semper
1217 3495 1326 3563 agit
1351 3497 1643 3566 sapienter,
1673 3512 1765 3552 ve-

182 3592 299 3634 stro
320 3581 625 3635 restitutam
645 3580 754 3649 juri
802 3585 981 3653 sagaci
1034 3585 1425 3653 perlustrantes
1471 3589 1760 3656 industria,

184 3673 362 3726 altiori
416 3672 757 3727 intellexistis
805 3675 1052 3741 consilio,
1104 3676 1420 3733 honorabile
1458 3679 1760 3748 depositum

184 3763 303 3832 ejus
354 3763 524 3832 ipsam
554 3765 963 3833 praeponderare
1002 3766 1331 3833 omnimodo,
1377 3784 1475 3824 nec
1503 3779 1609 3824 tam
1638 3785 1762 3839 pre-

184 3856 305 3910 tiosi
352 3858 591 3913 thesauri
644 3861 850 3915 thecam
889 3876 954 3915 eo
988 3862 1090 3917 loci
1143 3864 1350 3919 tantillo
1410 3867 1758 3921 occulendam

182 3951 383 4002 modio.
410 3951 584 4021 Super
614 3968 715 4021 qua
750 3968 806 4007 re
838 3955 1096 4009 trutinata
1132 3955 1270 4010 inter
1294 3972 1389 4013 vos
1425 3960 1515 4012 diu
1562 3969 1760 4015 mutuae

182 4039 486 4093 collationis
524 4041 940 4116 deliberatione,
987 4045 1313 4113 astipulante
1362 4057 1618 4116 praeterea
1673 4063 1760 4103 ar-

181 4112 656 4200 chiprmsulum‘et
700 4133 997 4187 antistitum
1031 4112 1481 4206 prudentiunique
1523 4138 1757 4192 virorum

182 4221 584 4285 convenientia,
616 4224 681 4276 ad
740 4225 926 4287 vestri,
976 4226 1423 4295 prazpollentioris
1479 4228 1752 4295 videlicet,

180 4311 533 4365 eminentiam
569 4312 670 4367 loci
711 4324 1023 4369 sanctorum
1052 4317 1295 4371 cinerum
1354 4318 1630 4374 transferri
1664 4321 1755 4375 de-

181 4400 433 4454 crevistis
461 4402 705 4472 pignora.
740 4404 845 4459 Sed
873 4405 1019 4460 inter
1050 4407 1155 4461 iter
1182 4409 1471 4478 agendum,
1510 4411 1635 4465 dum
1677 4412 1757 4464 vi-

179 4492 594 4548 delicetsancta:
633 4496 928 4551 devotionis
956 4500 1168 4555 tandem
1198 4501 1561 4559 celebraretur
1603 4520 1756 4560 exse-

177 4587 352 4650 cutio,
397 4599 811 4660 sanctorumque
858 4594 1261 4661 pretiosissimaa
1290 4610 1387 4669 per
1426 4613 1532 4652 non
1584 4600 1753 4655 modis

175 4691 296 4729 eam
326 4677 536 4733 itineris
566 4680 1017 4751 intercapedinem
1043 4686 1465 4742 transferrentur
1491 4688 1750 4758 reliquim,

174 4768 431 4838 contigit,
480 4778 537 4824 ut
562 4786 661 4840 par
681 4782 819 4838 erat,
852 4774 1113 4843 plurimos
1140 4778 1490 4833 ﬁnitimorum
1519 4789 1627 4835 tam
1675 4781 1756 4837 fe-

175 4858 311 4915 licis'
323 4860 591 4929 opinionis
618 4867 867 4935 occupari
893 4882 1127 4922 rumore.

248 4952 304 5006 3.
347 4952 493 5013 Inter
544 4955 827 5010 nonnullos
892 4957 1072 5026 itaque
1134 4959 1438 5015 auditorum
1492 4963 1756 5032 comperit

178 5042 297 5095 lucc
354 5040 604 5111 languida
655 5044 921 5113 quaedam,
953 5062 1073 5116 quae
1124 5049 1458 5117 :egritudiuis
1499 5050 1755 5121 depressa

176 5130 439 5198 pondere,
482 5131 664 5187 lectuli
712 5135 1057 5190 detinebatur
1101 5147 1298 5203 strato,
1328 5149 1388 5193 ut
1415 5155 1518 5193 non
1564 5140 1755 5197 diebus

172 5218 289 5286 jam
318 5222 618 5275 numerosis
649 5221 717 5277 ab
736 5238 821 5287 eo,
850 5224 954 5278 nisi
1000 5223 1254 5293 bajulata,
1280 5236 1615 5297 exsurgeret.
1647 5228 1753 5284 Sed

178 5324 306 5362 cum
334 5308 435 5363 hac
457 5311 678 5379 optabili
709 5313 875 5367 auditi
900 5314 1133 5369 rumoris
1164 5313 1502 5381 iucunditate
1529 5318 1580 5371 in
1604 5333 1754 5387 spem

179 5399 380 5451 bonam
404 5399 606 5467 pariter
628 5400 873 5470 erigitur,
896 5402 963 5456 de
1013 5403 1283 5458 destituta:
1313 5404 1502 5460 salutis
1530 5421 1754 5476 recupe-

182 5490 396 5543 ratione
444 5505 539 5559 per
591 5502 900 5546 sanctorum
970 5492 1379 5563 opitulationem
1440 5496 1759 5551 fiducialiter

177 5581 524 5635 certioratnr.
556 5582 707 5638 Unde
742 5599 846 5638 non
895 5595 1166 5653 cunctata,
1196 5602 1292 5656 per
1315 5587 1619 5642 unanimem
1647 5588 1749 5644 sibi

178 5670 562 5737 collateralem,
585 5682 901 5742 apparatum
947 5675 1183 5730 candelae
1218 5677 1590 5730 munusculum
1618 5693 1746 5732 san-

178 5769 392 5816 ctorum
421 5763 626 5818 meritis
652 5772 705 5817 et
735 5765 1031 5829 przeseutia:
1053 5775 1301 5831 precatur
1332 5767 1577 5822 celeriter
1602 5769 1751 5823 exhi-

1862 3055 2175 3099 sanctorum
2208 3046 2507 3101 devectioni
2546 3047 2849 3101 instituitur
2877 3048 3146 3104 famulari.
3180 3049 3318 3106 Ecce
3347 3064 3447 3103 au-

1864 3144 1970 3188 tem
1996 3151 2133 3189 unus
2167 3136 2332 3192 remis
2373 3138 2777 3208 applicitorum,
2815 3142 2900 3195 cui
2934 3144 3201 3211 quoddam
3235 3143 3451 3199 accide-

1862 3236 1945 3280 rat
1971 3226 2110 3282 haud
2136 3227 2292 3298 longe
2317 3227 2695 3294 infortunium,
2731 3231 2806 3287 rei
2837 3229 3122 3287 familiaris
3162 3234 3447 3305 dispendio

1859 3316 2187 3382 stimulatus,
2244 3327 2603 3390 susceptoque
2655 3321 2839 3376 labore
2881 3320 3267 3388 obsaturatus,
3322 3332 3453 3381 ante

1861 3407 2187 3463 destinatum
2239 3408 2451 3465 itineris
2503 3424 2824 3478 expensum,
2858 3418 2967 3464 tam
3014 3425 3207 3467 saueo
3263 3413 3449 3469 in'elix

1861 3510 1980 3552 sese
2028 3499 2305 3568 subripere
2358 3498 2933 3569 pmttnrpsit'ofﬁeio.
2989 3498 3098 3557 Sed
3151 3503 3277 3571 quia
3337 3519 3447 3559 non

1861 3587 2295 3651 contemnenda,
2349 3603 2451 3644 nee
2501 3588 2715 3643 utilitati
2778 3592 3002 3660 privata:
3068 3591 3445 3647 substituenda

1860 3688 2170 3732 sanctorum
2204 3677 2403 3734 ferctx'a
2442 3678 2665 3745 fuerint,
2698 3681 2902 3750 absque
2931 3696 3149 3738 moroso
3175 3686 3449 3753 persensit

1860 3767 2173 3822 interstitio.
2201 3767 2492 3823 Ultroneus
2521 3783 2753 3836 namque
2778 3782 2831 3823 et
2863 3772 3213 3825 inexorabilis
3237 3772 3444 3826 electo-

1859 3870 1978 3910 rum
2017 3856 2107 3909 Dei
2160 3855 2379 3913 avnlsns
2432 3857 2759 3925 ministerio,
2812 3874 2919 3913 non
2950 3860 3109 3914 modo
3138 3860 3447 3919 deliberata:

1861 3964 1967 4003 non
1995 3946 2197 4017 profuit
2229 3947 2468 4012 utilitati,
2502 3948 2611 4001 imo
2647 3948 2862 4018 dignam
2899 3964 3002 4003 non
3032 3959 3224 4019 sponte
3250 3966 3443 4019 passus
3464 3950 3477 3965 '

1860 4047 1944 4095 est
1978 4037 2433 4109 redargntionem.
2487 4037 2778 4095 Discedens
2830 4040 3014 4109 itaque
3050 4056 3154 4096 non
3207 4041 3441 4112 spatiosa

1857 4139 2109 4199 peragrat
2148 4128 2361 4194 itinera,
2424 4143 2598 4196 neque
2633 4130 2935 4184 desiderata
2968 4130 3175 4199 expetit
3218 4131 3392 4201 spatia
3423 4148 3435 4185 :

1859 4236 2046 4276 verum
2077 4220 2273 4273 mentis
2301 4218 2568 4274 alienatus
2600 4219 2927 4290 integritate,
2952 4222 3183 4290 pristino
3211 4237 3429 4292 quoque

1861 4314 2225 4367 membrorum
2251 4309 2544 4366 frustratus
2569 4311 2773 4378 vigore,
2824 4313 2910 4366 vix
2939 4313 3200 4382 proximae
3228 4314 3442 4384 sibique

1857 4404 2016 4459 citius
2040 4403 2235 4457 oblatae
2262 4401 2474 4457 viciniae
2498 4417 2679 4471 sepem
2712 4417 2833 4458 cum
2858 4404 3135 4473 gressibus
3153 4402 3434 4460 offendens
3460 4446 3461 4449 η

1856 4493 2202 4564 eommigrat,
2232 4492 2414 4561 ibique
2431 4492 2677 4561 stupidus
2698 4492 2965 4562 dejicitur.
2992 4494 3131 4561 Quin
3153 4495 3316 4549 etiam
3346 4510 3461 4550 su-r

1855 4595 2131 4656 parantem
2184 4584 2533 4641 nihilominus
2562 4585 2815 4642 instantis
2843 4586 2948 4641 diei
2979 4588 3320 4657 particulam,
3355 4598 3440 4643 to-

1855 4690 2082 4748 tumque
2138 4679 2416 4748 sequentis
2450 4680 2624 4735 noctis
2652 4694 2940 4735 excursum
2991 4679 3186 4735 debitae
3233 4680 3437 4750 impen-

1855 4768 1990 4823 dens
2018 4769 2231 4834 ultioni,
2265 4771 2506 4824 hterehat
2550 4771 2829 4827 attonitus.
2881 4771 3115 4827 Attritus
3163 4786 3292 4842 ergo
3342 4772 3441 4825 ali-

1853 4858 2090 4927 quandiu
2139 4867 2288 4913 tanto
2314 4859 2670 4929 correptionis
2695 4860 2939 4926 verbere,
2977 4860 3300 4927 tandemque
3350 4861 3439 4928 pio

1854 4947 2166 5000 sanctarum
2218 4962 2354 5016 quos
2406 4948 2758 5016 vilipenderat
2785 4950 3032 5019 obtentu,
3066 4949 3301 5019 benigno
3338 4950 3439 5003 mi-

1854 5039 2085 5091 serentis
2118 5038 2213 5092 Dei
2256 5038 2506 5093 visitatus
2541 5048 2812 5108 respectu,
2846 5041 2961 5110 ipse
2991 5049 3174 5111 reatus
3203 5040 3288 5103 sui
3320 5056 3438 5095 me-

1855 5126 2073 5182 dullitus
2104 5127 2354 5200 intelligit
2381 5126 2671 5184 oli‘ensam.
2704 5129 2824 5183 Mox
2853 5130 3017 5197 igitur
3054 5138 3113 5184 ut
3167 5130 3436 5186 fenestra-

1857 5226 1967 5270 tnm
2007 5217 2202 5272 mentis
2248 5220 2522 5287 penetrale
2558 5235 2683 5275 sera
2719 5219 2841 5275 licet
2876 5220 3136 5290 transegit
3168 5221 3435 5290 pmniten-

1856 5310 1951 5373 tia,
2009 5310 2290 5377 cunsopito
2337 5312 2541 5380 pariter
2596 5311 2808 5380 corpori
2888 5312 3099 5366 desides
3153 5314 3434 5383 reviguere

1855 5403 1998 5457 vires
2031 5421 2042 5455 :
2077 5403 2504 5472 posthabitisque
2533 5402 2777 5471 pristinas
2804 5403 3127 5457 intentionis
3161 5403 3431 5457 mordaci-

1856 5496 1956 5548 bus
1999 5494 2166 5552 curis.
2204 5493 2318 5546 solo
2361 5507 2489 5546 vero
2535 5501 2869 5557 sanctorum,
2913 5493 3120 5563 pridem
3159 5492 3426 5561 neglecto,

1859 5599 2001 5636 nunc
2026 5584 2297 5637 inhianter
2318 5582 2554 5650 ﬂagrans
2577 5583 2857 5652 obsequio,
2882 5599 3098 5638 emensa
3126 5592 3424 5639 retrorsum

1858 5676 2069 5729 festinis
2101 5676 2343 5743 passibus
2377 5676 2657 5730 remetitur
2686 5676 2901 5742 itinera,
2934 5687 2992 5731 ut
3025 5675 3238 5731 tandem
3268 5674 3421 5730 laeta-

1860 5767 2071 5822 lmndus
2099 5781 2288 5821 eorum
2319 5782 2435 5823 sese
2466 5768 2685 5823 inferret
2718 5770 3035 5827 ora'seutiaz.
3066 5767 3231 5829 Cuius
3261 5767 3425 5824 nimi-
