4042 5300
537 355 678 412 “25

1640 357 1967 414 [IERIGERI
2007 357 2234 414 ABBAT
2240 359 2301 416 IS
2340 359 2694 416 LOBIENSIS

3669 363 3806 418 ιιιῑι

537 483 657 521 rum
689 468 926 522 recentis
946 468 1232 541 castigatio
1261 468 1526 535 verberis,
1557 485 1807 540 veraeque
1831 471 2116 526 conversio
2146 481 2191 536 Α
2223 470 2464 527 tudinem
2497 473 2550 526 in
2583 471 2754 526 oculis
2783 485 2879 540 per
2905 485 3078 526 annos
3109 471 3303 528 multos
3329 485 3588 544 perpessa
3621 491 3634 528 :
3665 492 3805 546 quae,

533 559 912 635 pmnitudinis,
944 561 1145 615 velocia
1175 559 1452 632 [vestigia]
1479 562 1828 618 reddiderant
1857 576 1871 616 :
1901 577 2004 618 nec
2032 579 2119 618 re-

534 650 742 718 quievit
780 650 975 717 donec,
1017 652 1125 706 voti
1165 667 1384 723 compos
1409 653 1683 723 optabilis,
1716 653 1956 724 gloriosa
1991 669 2118 708 san-

534 746 748 796 ctorum
777 741 1192 811 praesentialiter
1216 750 1643 812 consequeretur
1668 743 1884 809 merita,
1909 758 2120 798 coram-

534 847 640 901 que
686 831 817 901 ipsis
857 839 912 886 et
962 831 1254 886 multorum
1296 831 1603 902 frequentia
1646 841 1928 902 expertam
1965 832 2021 887 in
2059 846 2121 888 se

535 931 873 992 protestatus
897 932 983 978 est
1008 923 1421 994 castigationem
1447 933 1504 979 et
1534 923 1903 979 clementiam.

604 1015 659 1070 5.
698 1015 818 1087 ipso
847 1024 1027 1071 autem
1063 1016 1172 1080 die,
1208 1015 1260 1070 id
1289 1025 1373 1072 est
1429 1025 1624 1070 octavo
1660 1015 1934 1070 Kalendas
1961 1015 2120 1086 Apri-

536 1103 624 1168 lis,
675 1121 783 1175 quo
830 1107 883 1160 in
933 1107 1322 1161 monasterium
1366 1107 1647 1176 przefatum
1699 1122 1822 1162 cum
1874 1107 2122 1177 reliquiis

535 1196 742 1250 eisdem
772 1207 856 1251 est
885 1197 1170 1263 intratum,
1197 1197 1390 1251 mulier
1411 1197 1680 1268 quaadam,
1710 1196 1860 1269 (540)
1883 1197 2121 1253 Lenekin

535 1288 774 1352 nomine,
797 1288 1088 1358 praevenit,
1112 1288 1292 1342 lumen
1314 1288 1402 1342 ditt
1426 1287 1684 1342 amissum
1713 1288 1917 1356 recepit
1939 1287 2124 1343 Idibus

534 1377 754 1446 Aprilis,
780 1377 932 1449 (541)
955 1377 1090 1432 feria
1114 1378 1273 1432 tertia
1295 1377 1502 1432 scilicet
1524 1376 1875 1432 hebdomadae
1897 1379 2125 1448 pascha-

538 1465 628 1520 lis.
657 1464 837 1520 Puella
875 1467 1121 1536 quaedam
1149 1481 1291 1520 caeca
1321 1467 1388 1521 de
1419 1465 1545 1521 villa
1575 1465 1724 1538 (542)
1754 1464 2001 1521 Ostholta
2027 1467 2122 1522 ad-

544 1559 726 1624 venit,
772 1559 994 1613 nomine
1036 1557 1427 1623 Teudsmudis,
1467 1558 1832 1627 vespertinam
1869 1558 2121 1629 synaxim

538 1647 800 1705 fratribus
851 1650 1256 1706 celebrantibus
1307 1651 1604 1718 sustinens,
1650 1651 1814 1706 rediit
1849 1651 1994 1707 clare
2042 1651 2122 1707 vi-

542 1743 700 1809 dens,
732 1757 832 1798 nec
862 1745 960 1798 via:
983 1743 1171 1798 ducem
1208 1743 1430 1798 ulterius
1461 1758 1729 1813 quaerens.

2221 569 2536 616 sanctorum
2566 561 2772 615 meritis
2802 561 3119 630 sospitatem
3153 563 3392 632 indepta,
3425 565 3547 619 sine
3577 565 3802 622 ductore

2220 651 2463 722 gaudens
2486 660 2542 705 et
2571 651 2849 706 exsultans
2881 653 3140 706 remeavit
3169 653 3233 706 ad
3267 655 3503 723 propria.

2289 741 2343 796 8.
2386 741 2654 811 Deinceps
2687 741 2876 810 quinto
2902 741 3130 797 Kalend.
3172 740 3314 796 Junii
3345 745 3540 798 mulier
3575 745 3645 800 de
3684 744 3808 802 villa

2219 827 2455 896 Rotben,
2495 830 2847 902 paupercula,
2890 832 3210 886 Adalmudis
3255 833 3512 899 vocitata,
3563 837 3697 889 dum
3744 852 3810 892 ex

2220 920 2534 976 inﬁrmitate
2567 921 2733 976 nimia
2766 921 2906 976 facta
2937 919 3126 976 fuisset
3151 937 3313 987 caeca,
3357 924 3540 977 audita
3580 937 3808 981 sancto-

2222 1027 2340 1066 rum
2369 1009 2531 1074 fama,
2562 1013 2631 1066 ad
2660 1027 2849 1066 eorum
2877 1011 3219 1067 desiderabat
3249 1013 3530 1082 pervenire
3561 1015 3808 1084 patroci-

2219 1103 2311 1158 nia
2345 1120 2358 1156 :
2392 1103 2487 1158 sed
2523 1103 2651 1156 dum
2681 1100 2879 1157 inflatis
2906 1085 3161 1157 cruribus
3185 1103 3270 1156 vix
3298 1113 3531 1174 rcperet,
3559 1116 3615 1160 et
3639 1121 3671 1158 a
3696 1107 3808 1162 suis

2220 1209 2331 1265 pra:
2369 1203 2691 1265 paupertate
2728 1194 2820 1248 illo
2856 1195 3046 1250 deduci
3085 1194 3234 1265 (514)
3266 1196 3511 1263 neglecta
3544 1208 3718 1263 esset,
3757 1208 3810 1254 et

2220 1285 2322 1338 hac
2355 1284 2733 1355 desperatione
2783 1285 2942 1339 nimis
2990 1286 3312 1350 tabesceret,
3347 1296 3506 1342 nocte
3545 1304 3810 1358 superveo

2221 1377 2404 1428 niente
2427 1391 2488 1430 se
2522 1376 2707 1446 sopori
2741 1376 2983 1445 indulsit,
3008 1376 3111 1433 SS.
3132 1378 3501 1434 Landoaldum
3517 1392 3573 1434 et
3592 1381 3812 1437 Vincia-

2222 1479 2345 1518 nam
2379 1464 2567 1520 habitu
2593 1465 3031 1536 splendidissimo
3070 1468 3305 1523 incensis
3346 1471 3522 1525 cereis
3562 1482 3812 1528 astantes

2221 1555 2324 1611 sibi
2355 1557 2647 1627 cognovit;
2685 1557 2969 1628 evigilans,
2995 1560 3467 1630 reintegrationem
3493 1563 3662 1618 totius
3686 1580 3810 1619 cor-

2220 1647 2370 1717 poris
2395 1648 2586 1703 adesse
2614 1648 2719 1702 sibi
2744 1649 3038 1718 persensit,
3060 1649 3300 1704 dolorem
3326 1651 3491 1706 totius
3515 1653 3812 1709 infirmita-

2223 1739 2291 1794 tis
2319 1739 2611 1795 recessisse
2639 1739 2828 1794 didicit
2852 1758 2864 1793 :
2901 1740 2954 1794 in
2982 1742 3284 1794 crastinum
3312 1741 3378 1796 de
3402 1741 3808 1798 illuminatione

612 1833 666 1887 6.
707 1831 762 1886 In
791 1833 906 1902 ipsa
932 1833 1053 1887 villa
1085 1833 1186 1887 fuit
1211 1841 1263 1888 et
1286 1833 1477 1898 altera,
1511 1833 1656 1887 intra
1681 1846 1852 1887 annos
1876 1831 2119 1888 infantia:
2147 1835 2194 1896 Β
2214 1831 2329 1902 jam
2358 1841 2530 1899 certa,
2553 1833 2619 1888 de
2642 1832 2847 1902 reliqua
2873 1833 3104 1888 sanitate
3140 1849 3246 1888 non
3272 1833 3453 1902 dubia,
3483 1850 3582 1905 per
3604 1851 3667 1890 se
3687 1852 3814 1891 cum

541 1923 618 1978 ita
650 1923 926 1979 debilitata
978 1935 1036 1979 ιιι
1094 1934 1220 1980 ante
1255 1939 1455 1978 annum
1488 1939 1587 1980 nec
1613 1924 1840 1995 pedibus
1868 1925 2122 1981 incedere

544 2029 646 2068 nec
700 2013 891 2070 saltem
918 2030 950 2068 a
988 2014 1129 2069 lecto
1168 2015 1405 2085 quiverit
1445 2028 1688 2084 surgere.
1736 2014 1888 2070 Hanc
1924 2023 2118 2080 mater,

541 2108 870 2178 supradictis
901 2107 1198 2163 virtutibus
1222 2108 1426 2171 excita,
1454 2107 1630 2177 primo
1656 2123 1816 2162 mane
1838 2106 1982 2162 inter
2005 2109 2123 2161 bra-

541 2199 662 2252 cbia
691 2198 792 2252 sub
815 2199 938 2253 divo
969 2197 1208 2262 sustulit,
1234 2214 1332 2268 pro
1355 2196 1471 2266 ejus
1493 2196 1901 2267 recuperatione
1933 2205 2116 2251 votum

541 2289 747 2344 sanctis
782 2289 935 2356 fecit,
965 2289 1173 2345 scilicet
1214 2289 1308 2343 illo
1339 2304 1398 2344 se
1428 2303 1550 2343 cum
1590 2286 1778 2342 sobole
1810 2295 2119 2353 venturam,

537 2378 866 2435 oblationem
896 2381 1102 2450 pariter
1128 2380 1380 2434 devotam
1409 2391 1592 2433 secum
1619 2377 1940 2432 delaturam.
1967 2376 2120 2442 Quod

541 2481 596 2523 ut
623 2471 879 2544 explevit,
903 2471 1079 2542 puella
1102 2471 1361 2541 paulatim
1407 2469 1692 2540 subrigens
1715 2484 1834 2524 sese
1857 2469 1909 2524 in
1934 2468 2116 2538 pedes,

537 2564 708 2628 stetit,
739 2561 1036 2628 convaluit,
1088 2562 1369 2616 ambulare
1413 2562 1600 2630 coepit,
1634 2569 1689 2615 et
1727 2559 1880 2614 abiit.
1917 2559 2121 2615 Ibidem

543 2653 753 2708 exstitit
778 2661 834 2707 et
859 2651 1226 2717 alia,Lewiclt
1257 2652 1510 2718 vocitata,
1531 2652 1715 2708 itidem
1747 2651 1895 2706 omni
1926 2666 2122 2721 corpo-

539 2747 615 2799 ris
640 2746 840 2800 virtute
868 2745 1122 2810 invalida,
1155 2760 1217 2800 ea
1244 2760 1368 2800 cum
1391 2745 1504 2815 jam
1528 2759 1666 2813 pene
1688 2745 2030 2814 desperasset
2051 2743 2119 2801 de

538 2837 676 2903 vita,
734 2837 918 2892 audita
970 2836 1274 2905 signorum,
1335 2852 1454 2905 qua:
1509 2835 1621 2891 illic
1671 2834 1894 2900 ﬁebant,
1955 2833 2120 2901 fama,

537 2944 756 2984 cereum
786 2938 1098 2985 sanctorum
1139 2930 1446 2985 luminariis
1477 2928 1715 2985 devovit.
1749 2927 1872 2982 Mox
1906 2937 1964 2982 ut
1995 2928 2123 2985 illuc

538 3021 856 3087 destinavit,
880 3023 1108 3078 valentia
1133 3023 1299 3079 totius
1319 3022 1562 3092 corporis
1583 3021 1767 3076 statim
1795 3021 2068 3091 reintegra
2079 3021 2122 3075 ri

539 3111 759 3166 meruit.
807 3112 958 3184 (545)
990 3113 1246 3170 Weclttre
1289 3129 1488 3169 nomen
1539 3112 1677 3167 villa:
1725 3121 1850 3178 est;
1899 3111 2121 3168 Riberta

2224 1922 2348 1977 aliis
2373 1922 2795 1978 admiratoribus
2821 1922 3004 1978 multis
3027 1932 3337 1978 sanctorum
3364 1923 3552 1979 limina
3579 1930 3813 1983 tentavit

2223 2012 2477 2077 invisere,
2505 2011 2804 2082 gratiarum
2834 2013 3076 2068 actiones
3105 2027 3204 2082 pro
3235 2028 3393 2082 posse
3425 2029 3533 2068 non
3559 2020 3806 2070 cessavit

2223 2103 2558 2174 impendere.
2608 2102 2668 2158 In
2725 2103 3044 2170 crastinum,
3097 2103 3150 2158 id
3198 2114 3300 2168 est,
3342 2116 3538 2175 quarto
3578 2106 3814 2162 Kalend.

2219 2189 2388 2257 Junii,
2423 2195 2671 2262 quadam
2718 2191 2918 2249 femina
2965 2191 3330 2256 Frethuuara.
3378 2204 3436 2249 et
3473 2195 3590 2266 ipsa
3641 2211 3813 2262 caeca,

2222 2288 2537 2358 sanctorum
2591 2281 2780 2336 limina
2844 2283 3110 2338 orationis
3153 2285 3366 2354 gratia,
3417 2299 3580 2340 causa
3623 2286 3817 2342 salutis

2221 2373 2558 2444 expetendae,
2605 2375 2792 2430 adibat
2836 2389 2852 2429 :
2899 2375 2996 2430 sed
3044 2375 3097 2430 in
3145 2376 3258 2446 ipsa
3282 2377 3370 2430 via
3407 2377 3644 2432 necdum
3681 2377 3813 2432 illuc

2222 2471 2567 2534 pervenerat,
2608 2473 2664 2521 et
2691 2479 2818 2522 ecce
2847 2466 3079 2536 pristina
3113 2466 3346 2523 sanitate
3388 2477 3633 2538 recepta,
3663 2469 3811 2525 ince-

2224 2555 2358 2612 dens
2387 2553 2674 2626 gaudebat.

2292 2647 2346 2703 9.
2389 2647 2646 2718 Sequenti
2671 2648 2886 2703 demum
2917 2649 3002 2704 die
3032 2658 3220 2706 sancto
3247 2649 3620 2714 Pentecostes,
3669 2651 3814 2722 quod

2223 2748 2308 2796 est
2341 2738 2496 2812 (545)
2518 2742 2756 2795 secundo
2785 2740 3011 2796 Kalend.
3051 2740 3218 2798 Junii.
3260 2743 3482 2813 quidam
3515 2743 3790 2799 Theodori

2223 2845 2344 2895 cus,
2369 2833 2552 2886 nervis
2578 2830 2741 2885 totius
2768 2831 3014 2901 corporis
3043 2846 3138 2901 per
3169 2847 3341 2887 annos
3367 2833 3569 2888 multos
3597 2845 3810 2889 contra-

2225 2930 2367 2988 ctus,
2424 2921 2610 2976 multis
2668 2922 2922 2978 veridicis
2981 2923 3209 2978 testibus
3239 2939 3424 2978 coram
3482 2927 3812 2990 astantibus,

2225 3014 2448 3069 omnino
2471 3015 2784 3085 sospitatem
2813 3024 2896 3070 est
2925 3016 3170 3086 adeptus.
3211 3014 3412 3071 Deinde
3436 3017 3600 3072 tertio
3635 3015 3810 3072 Nonas

2226 3104 2388 3172 Julii,
2409 3105 2544 3160 feria
2572 3106 2761 3176 quinta
2794 3106 3034 3178 ejusdem
3064 3106 3428 3172 hebdomadas,
3455 3109 3656 3164 tnulier
3680 3125 3810 3165 ere:

539 3210 662 3256 erat
725 3181 835 3256 illic
895 3181 1092 3257 mulier
1147 3211 1458 3273 nuncupata
1487 3240 1503 3268 ,
1557 3200 1725 3256 variis
1779 3200 2122 3270 passionibus
2148 3181 2196 3246 ο
2224 3213 2293 3255 ex
2335 3211 2475 3270 pago
2503 3198 2650 3269 (546)
2683 3198 3107 3254 Bracbbanteusi
3138 3239 3154 3265 ,
3189 3213 3406 3256 sanctos
3432 3217 3557 3256 cum
3589 3203 3808 3256 auxilia-

539 3290 760 3345 detenta
789 3296 844 3344 et
869 3305 1006 3360 pene
1033 3290 1180 3345 omni
1211 3291 1578 3345 membrorum
1606 3289 1784 3345 oﬂicio
1815 3289 2074 3368 destituta
2101 3307 2117 3344 :

542 3381 612 3435 ad
662 3381 854 3436 borum
906 3382 1222 3436 memoriam
1279 3382 1471 3436 devota
1523 3381 1774 3446 accessit,
1831 3381 2123 3450 aliquantis

543 3469 732 3525 diebus
761 3471 1030 3526 demorari
1072 3471 1328 3538 instituit,
1373 3471 1665 3526 sanitatem
1695 3478 1989 3526 consecuta
2031 3485 2120 3527 re-

544 3561 730 3616 cessit.
939 3607 942 3610 .
1307 3590 1309 3609 ς

616 3655 669 3708 7.
699 3654 889 3709 Mulier
914 3664 1174 3726 praeterea
1205 3655 1450 3725 quaedam
1481 3669 1581 3708 χιιι
1616 3651 1840 3708 Kalend.
1871 3651 1994 3707 Maii
2023 3667 2123 3724 pro

545 3746 657 3802 ﬁlio
686 3756 937 3818 rogatura
970 3748 1134 3802 venit.
1167 3747 1306 3803 lluic
1347 3747 1489 3801 filius
1526 3745 1675 3802 domi
1711 3744 1932 3801 relictus
1975 3754 2120 3812 erat,

544 3841 764 3896 nomine
794 3840 1110 3910 Adelgerus,
1144 3855 1250 3896 nou
1280 3839 1452 3895 solum
1486 3839 1690 3894 lumine
1722 3838 2002 3895 oculorum
2032 3838 2126 3893 de-

536 3932 785 3997 stitutus,
818 3931 911 3986 sed
939 3940 991 3986 et
1019 3931 1216 4002 capitis
1251 3940 1308 3986 et
1345 3930 1592 4000 corporis
1637 3929 1936 3985 rheumatis
1970 3939 2123 3983 motu

545 4023 802 4091 gibbosus
831 4029 996 4075 totus.
1023 4020 1197 4076 Mater
1219 4035 1316 4092 pro
1337 4019 1456 4090 ejus
1481 4019 1894 4090 recuperatione
1922 4019 2120 4086 oravit,

545 4123 730 4166 votum
759 4112 919 4176 fecit;
956 4113 1149 4167 timore
1177 4112 1295 4177 lilii,
1321 4127 1484 4182 quem
1509 4114 1852 4181 desperatum
1881 4110 2121 4180 reliquit,

546 4203 706 4257 citius
740 4203 900 4257 rediit
932 4215 948 4257 :
985 4213 1046 4257 ut
1079 4202 1296 4257 domum
1333 4204 1614 4269 remeavit,
1645 4203 1816 4256 tilium
1847 4202 2122 4257 videntem

548 4294 772 4362 reperit,
802 4302 857 4347 et
887 4302 1036 4349 certa
1065 4293 1434 4348 incolumitate
1465 4293 1790 4365 gaudentem
1825 4293 1945 4349 laeta
1974 4308 2125 4348 rece-

2225 3297 2342 3345 tum
2391 3289 2722 3354 invocasset,
2775 3298 2832 3344 et
2869 3288 3136 3345 luminare
3181 3289 3532 3346 deferendum
3596 3294 3680 3347 eis
3725 3308 3812 3363 pro

2223 3395 2384 3451 posse
2398 3390 2665 3452 parasset,
2689 3395 2798 3435 non
2826 3396 2977 3437 mora
3003 3382 3232 3449 exstitit,
3247 3392 3302 3439 et
3323 3383 3504 3438 lumen
3532 3386 3813 3440 oculorum

2225 3472 2448 3543 recepit.
2506 3473 2582 3528 De
2637 3473 2826 3528 eodem
2857 3489 2992 3544 pago
3031 3475 3245 3530 exstitit
3289 3485 3344 3530 et
3393 3476 3568 3530 altera
3599 3478 3814 3542 mulier,

2225 3578 2348 3632 qua:
2375 3563 2544 3617 nimio
2593 3578 2782 3618 renum
2838 3563 3029 3618 affecta
3088 3565 3296 3630 dolore,
3331 3581 3424 3635 per
3454 3567 3618 3622 unius
3649 3567 3816 3622 ferme

2224 3652 2351 3706 anni
2379 3652 2610 3722 spatium
2647 3651 2714 3706 ad
2755 3651 2996 3718 nullius,
3041 3662 3101 3708 ut
3146 3655 3262 3723 ipsa
3317 3654 3613 3722 fatebatur,
3659 3656 3816 3711 θωυἰί

2223 3741 2662 3796 commoditatem
2686 3742 2856 3796 valuit
2889 3758 3201 3815 exsurgere.
3236 3744 3359 3800 ll:cc
3384 3745 3470 3799 ubi
3500 3758 3817 3801 sanctorum

2223 3831 2449 3902 pignora
2479 3830 2658 3888 delata
2705 3831 2937 3899 didicit,
2968 3841 3024 3888 et
3060 3848 3159 3904 per
3185 3850 3248 3889 ea
3277 3835 3387 3890 illic
3431 3836 3570 3890 mira
3601 3839 3816 3908 Operari

2223 3922 2492 3992 cognovit,
2529 3921 2812 3978 candelam
2857 3937 2956 3994 pro
3006 3924 3412 3995 readipiscenda
3439 3926 3618 3983 salute
3656 3929 3818 3983 devo-

2227 4011 2332 4077 vit;
2373 4020 2434 4066 ut
2478 4013 2561 4068 sui
2601 4013 2654 4066 in
2687 4021 2836 4069 tanto
2891 4013 3078 4070 dolore
3124 4015 3542 4085 misererentur,
3581 4022 3811 4081 oravit:

2228 4100 2486 4156 continuo
2509 4102 2759 4172 sospitati
2807 4104 3052 4173 pristina:
3095 4105 3330 4171 reddita,
3373 4107 3661 4164 candelam
3693 4125 3817 4164 san-

2228 4191 2331 4246 ctis
2359 4191 2548 4247 devote
2572 4192 2828 4260 offerens,
2877 4195 3200 4250 cinctorium
3240 4197 3403 4252 simul
3434 4201 3682 4269 protulit,
3718 4217 3815 4270 pro

2230 4281 2447 4352 indepta
2468 4283 2837 4340 incolumitate
2863 4287 3068 4356 gratias
3087 4287 3200 4343 Deo
3222 4303 3322 4360 per
3349 4301 3667 4347 sanctorum
3698 4308 3814 4348 me-

549 4360 645 4453 pit.
665 4383 792 4440 Post
817 4385 955 4450 haec,
981 4384 1082 4440 sub
1105 4383 1193 4438 die
1219 4385 1450 4454 septimo
1469 4360 1684 4440 decimo
1704 4383 1932 4439 Kalend.
1957 4381 2124 4448 Junii,
2156 4360 2207 4420 Β
2233 4373 2337 4427 fila
2365 4374 2662 4431 immensas
2693 4374 2898 4430 retulit.

547 4473 770 4530 advenit
795 4477 1014 4543 ancilla,
1044 4478 1240 4549 Egerin
1272 4488 1482 4544 vocata,
1517 4475 1824 4532 albedinem
1855 4474 1940 4530 vel
1970 4475 2130 4547 lippi-

622 4611 772 4678 (540)
814 4613 908 4668 Ms.
937 4614 1223 4670 Gandense
1262 4614 1504 4670 Leoekt'n.

622 4613 750 4678 (540
814 4613 908 4668 Ms.
937 4614 1223 4670 Gandense
1262 4614 1504 4670 Leoekt'n.

622 4613 962 4756 (Migginem
991 4701 1134 4740 anno
1163 4686 1287 4756 980,
1317 4701 1425 4756 quo
1450 4681 1604 4756 cyclo
1632 4680 1772 4756 lunae
1803 4680 1890 4756 42,
1915 4680 2053 4756 solis
2091 4681 2126 4737 4

550 4751 1206 4834 l_ttteris'_p0112iiticalibus
1234 4755 1278 4809 Ι)
1309 4751 1374 4822 C,
1409 4751 1616 4811 Pascha
1661 4751 1768 4807 fuit
1796 4751 2127 4808 celebratum

551 4825 849 4894 “Aprilis.
1308 4879 1312 4882 .

623 4894 772 4964 (542)
813 4893 1004 4950 Surins
1033 4894 1235 4951 Schult.

625 4965 747 4992 [ενι
764 4972 776 4992 \
819 4966 958 4992 Ι.Ι....-
994 4966 1216 4994 ἰ,ΙῘ-..οἱιοο

2305 4617 2453 4690 (545)
2494 4617 2743 4694 Mendum
2795 4617 3111 4694 irrepserat,
3160 4630 3216 4677 et
3253 4638 3309 4694 ιιι
3360 4621 3586 4694 Kalend.
3634 4639 3732 4694 pro
3770 4641 3809 4681 ιι

2231 4699 2349 4743 erat
2401 4691 2659 4758 positum,
2708 4705 2830 4744 cum
2876 4700 3002 4744 tttnc
3038 4691 3218 4746 littera
3271 4691 3812 4748 Dominicalis'esset

2229 4759 2292 4823 (Ξ,
2318 4769 2373 4814 et
2401 4767 2548 4826 patet
2574 4775 2639 4814 ex
2664 4761 3031 4828 sequentibus,
3051 4762 3140 4814 ttbi
3169 4760 3302 4816 feria
3326 4778 3360 4816 v
3385 4779 3511 4816 cum
3542 4779 3602 4816 ιιι
3632 4762 3811 4817 Nonas

2229 4828 2374 4885 Junii
2425 4829 2792 4899 conjungitur,
2846 4837 2902 4882 et
2951 4846 3089 4883 novo
3121 4833 3316 4885 mendo
3341 4831 3476 4886 Julii
3505 4845 3624 4887 erat
3648 4848 3810 4889 excu-

2229 4913 2380 4963 sum;
2413 4913 2534 4952 cum
2561 4901 2827 4968 scriptura
2852 4907 2995 4952 esset
3030 4899 3179 4953 finita
3212 4917 3306 4955 xttt
3337 4901 3454 4954 Kal.
3483 4902 3633 4957 Julii.

2301 4968 2452 5000 [κιίῖὶ
2494 4968 2768 5000 Ιιηιίηηιιω
2795 4969 3017 5000 υἶηῖηιηο
3043 4985 3171 5000 ιιι-Λ.-
3203 4971 3486 5000 ΑΙιυ-οη-ηηι
3539 4973 3628 5000 ..1κῖ
3682 4985 3810 5000 an..-

3043 4985 3171 5000 ann-
3203 4971 3486 5000 Alt\(‘.a|lnll4\
3539 4989 3552 5000 ι
