4042 5300
520 256 709 312 ἨΞἹ

563 370 903 441 llaginoense
925 372 1098 427 solum
1130 371 1235 427 fert
1261 373 1403 428 hunc
1429 382 1484 428 et
1515 389 1701 437 rumor
1723 376 1961 430 adultum
1991 397 2002 430 :

563 464 967 533 Excrptnmque
992 478 1148 518 sacro
1178 463 1446 532 baptismo
1474 465 1700 534 praesule
1730 467 1797 519 ab
1833 468 1975 536 ips”,

562 557 1000 626 Ittslt'ttcltlmqne
1024 557 1129 628 piis
1155 571 1285 610 cura
1316 556 1608 612 mandante
1644 567 1929 625 parentum
1998 576 2001 579 ν

560 648 840 703 Litterulis
868 657 922 703 et
948 648 1064 719 lege
1093 664 1271 703 sacra.
1311 648 1542 703 Proinde
1567 648 1784 705 furente

560 738 742 792 /Etate
771 747 829 791 ut
852 737 1271 808 lihuitiuvenili,
1304 736 1477 793 fertur
1514 739 1565 792 in
1601 749 1758 794 antro

559 830 830 899 Praecipiti
863 839 1027 893 totus,
1059 839 1313 885 cunctum
1349 831 1532 885 cordis
1563 828 1871 901 cogitatum

528 921 794 989 .Adnisus
826 922 927 975 sub
956 921 1274 991 perditionis
1299 921 1440 976 ferre
1465 923 1810 987 barathrum,

557 1014 809 1070 Grassari
838 1014 1043 1069 solitus
1066 1014 1255 1084 spoliis
1277 1014 1566 1085 praedaque
1598 1014 1858 1069 viantum.

628 1107 915 1163 Lanbacns
936 1109 1193 1177 grandem
1222 1121 1330 1176 quo
1371 1107 1649 1161 derivatur
1677 1106 1729 1159 in
1754 1122 1965 1160 amnem

558 1199 839 1254 Sambram
868 1199 1209 1269 permodicus
1235 1213 1429 1254 nomen
1462 1199 1575 1262 tibi,
1607 1199 1795 1265 Lobia,
1833 1200 2000 1265 rivus,

560 1291 781 1360 Figens,
814 1300 1132 1360 perpetuum
1163 1289 1357 1345 Morosi
1399 1291 1639 1346 moribus
1670 1300 1854 1360 aptum

557 1381 818 1445 lnfundis,
842 1380 928 1435 vel
957 1380 1098 1435 forte
1127 1396 1225 1436 suo
1255 1381 1320 1436 de
1352 1381 1572 1436 nomine
1597 1382 1756 1437 dictis

556 1473 930 1553 Maurifalisia,
959 1472 1271 1539 Mnrineias,
1299 1472 1727 1543 Landtleasque.

556 1567 755 1621 Fertur
783 1566 928 1620 enim
955 1566 1080 1635 quia
1105 1575 1226 1636 post
1252 1564 1521 1634 baptisma
1553 1565 1825 1622 binomius
1851 1574 1997 1622 esset

555 1659 616 1712 Et
659 1658 917 1726 posthaec
941 1655 1220 1711 Landclini
1254 1671 1549 1727 cognomen
1576 1657 1819 1712 haberet.

557 1749 692 1825 lhun
719 1749 959 1821 spirante
988 1748 1078 1803 Dei
1115 1748 1331 1803 tandem
1363 1747 1605 1824 bonitate
1629 1749 1882 1823 superni,

560 1839 935 1909 ltespectuque
966 1840 1052 1909 pio
1081 1840 1264 1894 cordis
1293 1848 1647 1910 compunctus
1677 1841 1730 1895 in
1761 1841 1886 1904 imo,

557 1933 802 1987 Festinat
819 1932 1266 1988 Camer-accusem
1293 1932 1519 1988 devotus
1549 1934 1614 1987 ad
1638 1933 1827 1989 urbem
1856 1973 1872 1999 ,

556 2025 802 2087 lfontilici
831 2026 1083 2097 patrique
1110 2026 1198 2096 pio
1231 2025 1519 2081 commissa
1542 2024 1763 2079 fatendo

556 2109 815 2182 Precidit,
849 2126 904 2174 et
937 2134 1109 2187 genua
1138 2117 1474 2189 amplectens
1503 2117 1839 2189 genibusque
1866 2116 2138 2171 volutans.

555 2212 728 2281 Quem
761 2228 886 2267 mox
919 2210 1236 2267 Ronnuleam
1269 2211 1599 2266 contendere
1623 2208 1786 2278 jussit
1819 2210 1884 2264 ad
1915 2208 2139 2272 urbem,

554 2302 808 2357 Gaudcns
830 2300 1045 2355 excelsa
1074 2308 1338 2354 mutatum
1371 2299 1452 2354 sic
1482 2299 1596 2354 fore
1618 2299 1828 2362 dextra,

555 2395 801 2449 lndicens
833 2408 1053 2463 agapcm
1083 2391 1244 2447 simul
1282 2400 1333 2446 et
1358 2390 1565 2461 ieiunia
1595 2391 1809 2446 crebra.

624 2483 755 2538 Arci
790 2481 1052 2537 Martinus
1075 2478 1334 2536 Romana:
1366 2495 1502 2551 papa
1530 2482 1721 2535 beatus

552 2573 796 2628 Plan-sse
824 2573 1112 2628 videbatur
1137 2580 1346 2637 sancte,
1380 2559 1688 2642 pariterque
1715 2570 1995 2640 prodesse.

553 2665 690 2720 lluic
718 2680 815 2720 sua
845 2662 1404 2732 Morosusdeplorans
1426 2661 1656 2716 crimina
1680 2676 1929 2731 prorsus,
2016 2702 2024 2715 ,

553 2757 701 2812 llicet
725 2772 756 2810 a
781 2771 920 2810 noxa
947 2754 1145 2810 meruit
1169 2754 1411 2808 laxarier
1435 2753 1617 2818 omni,

551 2847 766 2917 Accipit
793 2857 848 2901 et
870 2847 1086 2902 veniam
1110 2845 1341 2915 simplex
1372 2842 1644 2901 confessio
1671 2852 1917 2914 gratam.-

551 2941 808 3012 lndeptus
837 2947 1043 3007 votum,
1076 2938 1543 2994 natale'reversus
1565 2938 1634 2994 ad
1667 2953 1855 2992 arvum
1875 2976 1892 3002 .

552 3033 598 3086 A
624 3033 768 3087 dicto
784 3029 896 3101 iam
929 3030 1159 3101 praesule
1187 3044 1253 3085 eo
1282 3030 1516 3085 donatur
1544 3029 1780 3093 honore,

551 3123 725 3189 Quem
754 3121 933 3176 valeat
957 3121 1081 3190 quis
1104 3120 1402 3190 graecizans
1432 3135 1462 3173 a
1490 3127 1636 3174 sorte
1667 3133 1885 3173 vocare.

553 3210 800 3267 Romana
830 3211 1071 3281 posthaec
1102 3210 1396 3280 repedabat
1427 3210 1495 3264 ab
1527 3209 1660 3266 urbe
1690 3210 1928 3264 secundo

555 3301 736 3356 Sumit
765 3312 820 3355 et
851 3301 976 3355 inde
1003 3302 1231 3370 gradum
1264 3300 1365 3354 sub
1386 3298 1575 3354 eodem
1605 3299 2035 3370 presbyteratus.

553 3389 710 3446 Tunc
735 3400 790 3446 et
815 3390 1053 3446 Laubaci
1092 3389 1292 3460 repetit
1326 3390 1540 3446 deserta
1579 3388 1785 3455 locelli,

554 3483 773 3538 Serviat
796 3493 855 3537 ut
883 3482 1123 3547 Christo,
1155 3480 1334 3538 fuerat
1355 3497 1463 3552 quo
1486 3481 1719 3551 pessime
1746 3479 1946 3551 praedo.

553 3575 719 3630 Lobia
748 3574 1016 3645 pnedouis
1048 3582 1174 3629 tunc
1195 3573 1386 3628 eellula
1414 3573 1474 3629 fit
1504 3571 1835 3628 famulantis.

551 3667 772 3723 Christo
801 3676 1038 3737 tuncque
1064 3666 1167 3720 loci
1200 3673 1538 3736 consurgunt
1566 3664 1804 3718 culmina
1828 3664 1997 3719 nostri

551 3752 785 3814 Pulchro
810 3766 1104 3821 strnctore,
1136 3755 1354 3812 fuerant
1378 3769 1498 3825 qua:
1519 3754 1665 3809 foeda
1689 3754 1901 3810 latrone
1930 3773 1943 3809 :

494 3848 508 3861 '
552 3848 945 3920 Praedandique
968 3848 1120 3903 locus
1145 3846 1307 3903 ﬂendi
1332 3844 1659 3902 transfertur
1686 3846 1739 3900 in
1773 3861 1927 3902 usus.

551 3938 794 3994 Crimine
822 3936 1134 4009 prolapsum
1166 3938 1260 3993 sed
1291 3937 1471 3993 reddit
1494 3935 1855 4006 iustificatum

551 4028 741 4085 Gratia
769 4043 977 4084 smnma
1001 4027 1121 4094 Dei,
1151 4027 1360 4084 donans
1379 4036 1601 4099 peccata
1621 4027 1812 4082 fatenti
1839 4044 1854 4082 :

551 4117 959 4178 Convertuntur
983 4120 1055 4175 ibi
1091 4116 1409 4175 famulantia
1434 4118 1839 4178 Cuncticreanti

552 4214 781 4285 Agmina
815 4212 1132 4282 multarunt,
1161 4210 1386 4266 ditantia
1415 4207 1554 4267 forte
1586 4210 1854 4267 locellum.

553 4304 779 4360 Praéfuit
802 4304 887 4358 his
920 4304 1083 4375 igitur
1104 4301 1267 4357 Pater
1290 4302 1405 4375 ipse
1435 4310 1489 4358 et
1513 4300 1741 4374 profuit,
1771 4315 1975 4372 augens

557 4394 693 4448 Tum
715 4392 930 4459 fundos,
957 4407 1240 4450 numerum
1273 4403 1386 4449 tum
1417 4393 1797 4463 multiplicavit
1820 4410 2033 4451 eorum.

555 4485 654 4539 Cui
684 4501 1028 4541 successores
1051 4485 1436 4556 adiutoresque
1466 4485 1641 4552 fuere,

553 4577 796 4646 Quorum
826 4578 1135 4635 nominibus
1156 4580 1372 4635 fortuna
1400 4577 1500 4635 fuit
1520 4579 1785 4635 caruisse.

627 4670 745 4741 ipse
771 4671 872 4725 sub
896 4670 1010 4727 haec
1034 4671 1172 4727 alias
1195 4672 1585 4742 commigrans,
1607 4669 2031 4742 Crispinicnsem

553 4762 740 4829 Forte,
770 4762 852 4819 sui
883 4762 952 4819 de
977 4760 1143 4819 fontis
1163 4778 1304 4835 aqua
1329 4762 1602 4835 crispante
1631 4772 1900 4828 vocatam,

552 4851 807 4910 Condidit
832 4852 1135 4919 ecclesiam,
1167 4853 1348 4909 divina
1370 4852 1590 4914 oracula
1620 4855 1923 4920 honorans,

554 4943 625 4998 Et
651 4943 850 4999 cedens
879 4942 1129 4999 Laubaca
1159 4943 1269 4998 tuis
1296 4958 1331 4997 ο
1361 4942 1602 5014 plantula
1642 4944 1831 4998 ramis.

556 5031 649 5070 ςῖρ
676 5034 838 5070 ali-ana
863 5032 1060 5070 Doni-In
1088 5033 1261 5070 rnan
1286 5032 1390 5070 iam
1422 5035 1615 5070 nonin-In
1639 5031 1818 5070 :uccnc

1604 260 1932 318 llERlCERl
1966 263 2261 321 ABBATIS
2302 266 2657 326 LOBIENSIS

2132 4456 2149 4475 ἰ

3696 277 3818 333 ll?!

2180 392 2222 444 Α
2257 380 2584 436 Francorum
2618 391 2832 451 gentem
2862 383 3024 438 simili
3049 399 3149 439 nec
3169 395 3315 440 sorte
3342 384 3575 440 duellcm

2250 473 2557 527 Seeernunt
2584 474 2846 543 sceptris;
2879 473 3222 530 Chlodoveus
3249 473 3466 545 Belgica
3511 474 3695 547 segnis

2253 561 2418 630 Regni
2450 572 2665 631 sceptra
2688 574 2900 627 tenens,
2926 563 3022 618 sed
3048 564 3126 618 nil
3145 563 3415 620 laudabile
3440 563 3725 635 linquens,

2248 649 2386 704 'l‘res
2415 650 2598 705 itidem
2636 668 2830 722 segnes
2861 654 3084 723 proprio
3106 654 3173 708 de
3197 653 3640 709 semine'fratres

2247 741 2432 820 inquit
2455 744 2819 821 lllotharium,
2844 745 3143 802 Hildricum
3161 788 3177 812 ,
3200 757 3257 803 et
3270 748 3657 803 Teodericum.

2246 835 2398 889 Alter
2425 847 2481 889 at
2501 837 2553 889 in
2588 820 2818 905 sceptris
2842 820 3102 893 Austrum
3143 838 3447 909 Sigibertus
3468 839 3703 909 agebat,

2247 928 2537 985 Sull‘retins
2572 936 2580 946 '
2614 945 2811 985 nomen
2837 930 3083 994 dederat,
3105 932 3192 985 cui
3214 930 3435 997 Mettius
3462 933 3621 985 urbe.

2245 1018 2346 1085 Qui
2380 1020 2503 1086 quia
2530 1019 2803 1088 privatum
2829 1021 3004 1075 doluit
3032 1035 3092 1077 se
3116 1020 3358 1090 germine
3383 1019 3639 1090 ιιι-οιιιιιι,⁸

2248 1112 2326 1163 Ad
2359 1112 2583 1181 stirpem
2609 1112 2856 1168 sobolum
2885 1108 2992 1167 neu
3022 1126 3260 1182 unquam
3286 1112 3644 1167 deiicientem

2249 1199 2383 1256 llinc
2416 1202 2560 1256 illinc
2591 1202 2834 1258 duodena
2863 1203 2997 1258 viris
3018 1202 3262 1259 emnohia
3294 1204 3500 1259 sanctis

2247 1289 2475 1355 Strnxit,
2508 1293 2801 1363 apostolica
2828 1293 3042 1348 valeant
3071 1294 3160 1350 ubi
3192 1294 3371 1348 vivere
3400 1308 3619 1360 norma,

2246 1380 2607 1452 Mnnilicaque
2635 1400 2795 1439 manu
2824 1385 3020 1439 ditavit
3044 1385 3210 1441 divite
3229 1401 3420 1442 censu.

2245 1472 2396 1528 Tunc
2420 1482 2475 1528 et
2494 1474 2776 1545 Pippinum
2805 1477 2961 1531 nobis
2983 1490 3048 1530 ea
3078 1485 3321 1546 tempora
3347 1477 3585 1546 primmn

2244 1562 2461 1619 Mittunt
2487 1565 2771 1628 illustrem,
2801 1566 2965 1621 rebus
2986 1566 3068 1621 vel
3091 1568 3297 1622 honore
3323 1576 3602 1637 potentem
3629 1584 3646 1621 :

2243 1656 2339 1712 Cui
2372 1666 2595 1725 generat
2618 1658 2772 1713 binas
2797 1659 3032 1731 coniunx
3066 1661 3311 1731 ltaberga
3343 1675 3595 1722 sorores;

2169 1754 2215 1814 Β
2245 1748 2498 1820 Beggam,
2523 1749 2869 1818 Gcrtrndem,
2902 1751 3272 1807 Grimnaldum
3300 1770 3313 1805 :
3345 1769 3509 1822 quem
3532 1752 3654 1806 aula
3685 1752 3825 1820 ptin-

3368 1898 3383 1905 ,
3620 1841 3762 1913 [rem

2246 1925 2409 1996 Regia
2439 1926 2655 1997 dignata
2689 1937 2794 1994 est,
2816 1930 3018 1999 quique
3042 1940 3231 1984 auctor
3257 1915 3374 1983 erat
3397 1928 3682 1984 Stabulcn:
3699 1932 3763 1995 is,

2245 2015 2447 2071 Sancte
2476 2016 2762 2084 Relnaele,
2799 2021 3115 2075 nmnasterii
3150 2032 3325 2073 tecum
3360 2021 3693 2076 aedificandi.

2242 2106 2409 2176 Cujus
2441 2108 2748 2178 adoptando
2778 2108 3033 2179 maiestas
3060 2096 3205 2181 regia
3234 2110 3442 2181 prolem

2245 2197 2471 2253 Fecerat
2499 2213 2622 2254 esse
2643 2214 2795 2254 suam
2820 2216 2833 2252 :
2864 2200 2956 2255 sed
2988 2211 3107 2270 post
3135 2201 3250 2256 haec
3281 2211 3441 2255 natus
3467 2208 3525 2256 et
3553 2199 3659 2270 ipsi
3696 2190 3703 2195 ’

2242 2291 2344 2358 Qui
2367 2292 2624 2346 succedat
2641 2293 2713 2357 ei,
2743 2292 2976 2347 donatur
3001 2308 3227 2347 munere
3252 2291 3478 2347 Christi.

2244 2376 2423 2452 Queni
2445 2395 2599 2455 pater
2628 2392 2685 2439 ut
2715 2395 2922 2455 regnet,
2947 2385 3067 2440 ﬁdei
3099 2385 3319 2440 mandat
3347 2383 3674 2439 Griinoaldi.

2245 2475 2339 2532 llle
2365 2491 2521 2532 suum
2544 2476 2723 2545 potius
2751 2475 2921 2530 voluit
2949 2476 3242 2531 succedere
3270 2482 3482 2528 natmn.

2244 2568 2454 2637 Accipit
2482 2570 2584 2623 hoc
2607 2569 2825 2638 gravius
2850 2569 3221 2623 condemnatis
3251 2583 3345 2622 rex
3367 2566 3731 2629 Chlodovcus.

2244 2661 2653 2730 llildricumque
2674 2676 2837 2718 suum
2852 2675 3043 2730 regem
3066 2659 3197 2717 facit
3220 2658 3661 2714 Austrasiorum.

2327 2750 2523 2807 Verum
2546 2750 2832 2807 Gertrndis
2858 2759 3072 2806 sacrata
3100 2749 3414 2821 virginitate

2244 2845 2455 2904 Flornit
2475 2855 2533 2903 et
2554 2845 2728 2917 signis
2751 2863 2765 2901 :
2798 2844 2895 2900 sed
2918 2844 3150 2916 lleggam
3172 2853 3322 2899 sorte
3339 2839 3583 2913 iugalem

2243 2939 2529 3011 Ansig‘isns
2553 2936 2740 3004 habet,
2771 2935 2980 2993 Arnulﬁ
3015 2936 3158 2991 filius
3182 2934 3335 3002 altni,

2245 3033 2447 3104 Regius
2471 3049 2539 3087 ex
2563 3031 2737 3087 atavis
2760 3045 2922 3102 quem
2951 3028 3183 3100 compsit
3205 3028 3452 3099 germine
3475 3027 3725 3098 sanguis.

2168 3102 2213 3165 ο
2244 3102 2393 3180 Alter
2418 3122 2677 3194 Pippinus
2702 3123 2895 3179 horum
2916 3132 3002 3178 est
3023 3122 3091 3178 de
3119 3120 3383 3189 sanguine
3408 3128 3591 3182 natus,

2243 3217 2341 3272 Cui
2363 3217 2640 3287 proprium
2663 3217 2757 3272 dat
2783 3229 2977 3271 nomen
3005 3228 3138 3268 avus
3162 3229 3177 3266 :
3204 3213 3297 3268 sed
3318 3221 3374 3267 et
3398 3211 3587 3266 orunia
3612 3223 3825 3281 prorsus

2242 3306 2375 3374 Qua:
2403 3307 2503 3362 sibi
2535 3313 2698 3374 sunt,
2731 3306 2826 3362 sed
2855 3315 2911 3361 et
2938 3320 3061 3362 esse
3087 3313 3296 3376 queunt
3318 3344 3334 3369 ,
3364 3302 3493 3358 huic
3518 3301 3721 3373 praedia
3744 3316 3826 3355 ce-

2398 3412 2419 3447 .-
3580 3391 3758 3465 [duuL

2243 3490 2344 3560 Qui
2378 3492 2546 3562 patris
2573 3499 2802 3546 mortem
2835 3488 3016 3545 dirum
3041 3495 3283 3543 mutatus
3308 3486 3361 3542 in
3384 3485 3631 3551 hostem,

2243 3587 2420 3655 Atque
2445 3564 2785 3639 Theoderico
2808 3580 3095 3637 minitandi
3124 3578 3260 3634 bella
3283 3579 3514 3634 subacto
3530 3617 3549 3643 ,

2242 3677 2363 3748 Ipse
2385 3683 2708 3753 potestatem
2736 3674 3058 3729 nanciscens
3088 3669 3535 3743 sceptrigeralem

2242 3769 2422 3825 Nectit
2451 3778 2666 3838 sceptra
2694 3767 2806 3823 suis
2829 3768 2994 3822 etiam
3025 3765 3264 3821 confinia
3290 3763 3548 3834 sceptris.

2140 3882 2143 3885 ·
2242 3858 2408 3929 Cuius
2435 3858 2695 3929 largifluis
2719 3856 3054 3928 permaxima
3089 3855 3254 3911 Lobia
3284 3854 3441 3910 donis

2241 3953 2626 4022 Augntentata,
2658 3956 2868 4005 statum
2901 3947 3133 4018 sumpsit
3156 3961 3257 4016 per
3280 3943 3477 4001 sarcula
3500 3958 3803 4009 summum;

2247 4041 2673 4111 Ursmarnmque
2699 4053 2916 4094 sacrum
2948 4036 3160 4093 meritis
3188 4050 3353 4106 super
3377 4033 3568 4088 omnia
3610 4033 3827 4102 dignun

2243 4132 2464 4189 Mandat
2489 4131 2817 4204 evangelica:
2841 4138 3188 4203 spargentem
3216 4125 3427 4183 semina
3458 4124 3617 4186 vitae,
3672 4118 3680 4125 ’

2242 4223 2664 4293 Laubacnmqne
2693 4236 2913 4294 gregem
2949 4217 3282 4292 pascendum
3314 4216 3480 4272 tradit
3504 4216 3709 4272 eidem.

2243 4317 2320 4373 De
2350 4315 2506 4386 cuius
2530 4315 2641 4370 vita
2665 4314 2981 4370 meritorum
3010 4312 3172 4369 laude
3197 4312 3360 4367 beata

2167 4445 2218 4504 Ι)
2243 4409 2421 4464 Pauca
2451 4409 2716 4466 locuturis
2737 4408 2882 4504 adsit
2905 4407 2998 4504 pia
3030 4404 3465 4504 Cunctipoten-ti-s

2244 4501 2454 4567 Gratia,
2477 4500 2783 4571 pontificem
2813 4497 2980 4555 faciat
2998 4512 3119 4569 qua:
3145 4496 3304 4551 laude
3319 4494 3617 4558 celebrem,

2247 4589 2481 4646 Plurima
2513 4590 2862 4661 perspicuum
2893 4603 3056 4660 quem
3085 4586 3319 4643 reddunt
3353 4594 3503 4657 gesta
3540 4584 3823 4639 bonorum.

2316 4678 2614 4736 Ursmarus
2633 4688 2857 4745 sanctus
2885 4678 3097 4734 meritis
3115 4686 3171 4733 et
3195 4676 3405 4732 honore
3431 4687 3715 4736 coruscus,

2248 4770 2540 4828 Nobilitate
2568 4748 3017 4839 cluensfmorum
3044 4768 3314 4842 probitate
3347 4766 3651 4830 nitescens,

2247 4862 2643 4921 Commendant
2670 4861 2825 4919 alma:
2846 4862 3017 4934 gestis
3048 4858 3319 4932 praeconia
3352 4858 3477 4913 vitm

2245 4955 2399 5023 Quod
2424 4955 2605 5031 natale
2633 4965 2725 5010 tuo
2747 4953 3048 5026 proprium.
3070 4966 3106 5007 ο
3131 4939 3418 5010 ’¹“⁴““·“τ·ἰηζ
3447 4964 3583 5019 pago

2247 5045 2546 5070 Ω.........Α-ξι
2602 5053 2648 5070 Α·
2680 5045 2768 5064 --"'
3618 5039 3652 5065 τι

2602 5060 2627 5070 Α
