4042 5300
203 139 343 193 Ηοξςῖ

302 237 3019 290 W

1173 130 1510 189 EPlSTOLA
1548 130 1641 185 AD
1679 124 2019 183 HUCONEM
2068 118 2475 178 MONACHUM.

3348 108 3483 161 H30

1386 396 2309 555 HEBIGERI

1134 688 1735 808 ABBATIS
1819 680 2553 802 LOBIENSIS

1170 1036 1175 1042 ,
1564 925 2149 1019 EPISTOLA

906 1123 1031 1185 AD
1083 1120 1542 1196 QUEMDAM
1584 1119 2038 1182 HUGONEM
2079 1114 2607 1180 MONACHUM
2659 1112 2817 1193 (sta)

216 1287 572 1372 Respondet
617 1287 1063 1370 quastionibus
1099 1283 1222 1345 sibi
1256 1282 1331 1344 ab
1370 1304 1438 1345 eo
1470 1282 1824 1363 propositis
1854 1280 1926 1342 de
1970 1280 2331 1342 diversitate
2370 1299 2518 1420 jure
2552 1279 2924 1370 Dionysium
2975 1278 3138 1337 inter
3176 1283 3231 1337 et
3268 1273 3496 1338 Bedam

648 1368 954 1420 accurrit.
988 1366 1267 1420 aliasque
1298 1362 1432 1420 ipse
1467 1363 1569 1420 illi
1608 1362 1883 1420 vicissim
1916 1364 2219 1420 nrononit
2254 1379 2362 1420 eno
2413 1360 2607 1419 undas
2646 1357 3073 1420 difﬁcultates.

648 1368 955 1439 occurrit,
988 1366 1267 1443 aliasque
1298 1362 1432 1443 ipse
1467 1362 1569 1423 illi
1608 1362 1883 1423 vicissim
1909 1364 2219 1441 proponit
2254 1379 2362 1421 eno

2413 1360 2607 1419 undas
2646 1357 3073 1438 difﬁcultates.

363 1538 541 1613 (Apud
578 1539 643 1594 D.
672 1536 955 1603 MARTBNE,
992 1533 1293 1589 Tltesaurus
1328 1531 1580 1588 Anecdot.
1620 1530 1670 1597 ι,
1704 1529 1829 1596 “2,
1864 1543 1929 1584 ex
1965 1544 2067 1584 ms.
2108 1527 2229 1584 cod.
2272 1526 2527 1584 Lobiensi
2563 1535 2801 1597 tempore
2828 1524 3068 1581 auctoris
3100 1524 3353 1593 scripto.)

295 1774 486 1831 Frater
529 1773 704 1845 nugo,
762 1772 807 1829 si
854 1773 1204 1844 interrogeris
1248 1774 1333 1828 cui
1381 1771 1560 1843 potius
1586 1771 1809 1828 credere
1837 1784 1882 1838 Α
1911 1771 2227 1844 posterius,
2290 1768 2593 1840 posteriora
2655 1767 2807 1838 prius
2855 1765 3121 1838 posuisse.
3179 1763 3348 1836 igitur
3402 1778 3496 1835 ag-

218 1866 460 1931 debeas,
505 1865 945 1935 quandoquidem
1000 1864 1358 1928 dissentiunt,
1411 1863 1699 1934 Evangelio
1740 1878 1808 1916 an

222 1956 511 2025 Dionysio,
556 1971 941 2025 responsurum
992 1962 1043 2009 te
1089 1969 1195 2009 non
1240 1954 1422 2009 dillido
1465 1955 1588 2023 quia
1634 1952 1813 2022 potius

223 2048 544 2119 Evangelio.
589 2049 696 2104 Sed
755 2048 1047 2119 Evangelio
1096 2047 1148 2100 in
1199 2046 1431 2100 veritate
1486 2054 1808 2106 constante,

226 2140 519 2209 Dionysius
544 2138 815 2194 invenitur
847 2139 1073 2192 multum
1121 2135 1429 2211 dissentire.
1466 2134 1638 2188 liabet
1666 2134 1812 2188 enim

223 2230 434 2283 veritas
460 2230 732 2300 Evangelii
772 2229 898 2298 quia
940 2243 1082 2282 anno
1130 2227 1344 2281 decimo
1375 2226 1565 2291 quinto
1598 2223 1811 2293 imperii

226 2319 436 2373 Tiberii
473 2318 701 2374 charis
750 2319 1056 2386 baptizatus
1102 2318 1174 2371 sit
1227 2315 1496 2377 Christus,
1548 2314 1815 2383 incipiens

222 2408 387 2476 quasi
426 2423 688 2461 annorum
740 2408 983 2474 triginta.
1028 2405 1336 2460 Secundum
1384 2418 1513 2457 vero
1556 2402 1814 2456 chronica

225 2497 471 2563 Eusebii,
503 2499 585 2554 vel
614 2499 777 2553 etiam
830 2497 1181 2567 Hieronymi.
1223 2495 1316 2565 qui
1362 2495 1465 2549 nisi
1509 2495 1813 2563 probasset,

227 2603 341 2642 non
396 2588 469 2642 ita
518 2588 901 2653 transtulisset,
952 2602 1095 2641 anno
1137 2601 1270 2640 xvut
1302 2585 1507 2640 Tiberii
1554 2584 1702 2638 venit
1746 2583 1815 2639 ad

228 2680 567 2747 passionem,
616 2682 705 2747 qui
753 2682 927 2748 potuit
971 2694 1092 2735 esse
1139 2693 1314 2731 annus
1356 2691 1528 2730 χχχιιι
1568 2677 1818 2729 incarna-

230 2770 402 2824 tioais
432 2770 566 2839 ejus.
601 2771 798 2825 lterum
823 2771 985 2825 habet
1012 2770 1211 2824 veritas
1241 2767 1515 2835 Evangelii
1550 2781 1639 2820 xtv
1667 2765 1814 2829 luna,

230 2859 288 2913 id
316 2869 401 2914 est
436 2860 567 2914 feria
612 2876 666 2925 v,
719 2861 1020 2915 celebrasse
1060 2874 1184 2915 eum
1232 2858 1431 2928 pascha
1475 2855 1665 2925 legale,
1718 2869 1817 2909 nec

231 2949 367 3004 illud
406 2951 487 3005 vel
522 2953 872 3021 anticipasse,
896 2951 979 3005 vel
1015 2950 1323 3013 distulisse;
1360 2946 1497 3001 feria
1531 2955 1709 2999 autem
1733 2959 1813 3008 γι,

231 3044 287 3095 id
318 3053 401 3096 est
439 3043 559 3097 luna
591 3060 679 3110 xv,
714 3059 930 3099 enicem
974 3043 1310 3106 ascendisse;
1360 3039 1617 3101 Sabbato,
1650 3039 1701 3091 id
1731 3047 1817 3092 est

1911 1878 2131 1934 gressus
2157 1871 2240 1917 est
2266 1877 2551 1917 numerum
2575 1875 2838 1915 annorum
2865 1857 3269 1928 praedicationis
3292 1858 3496 1913 Christi

1908 1969 2006 2023 per
2030 1954 2148 2007 dies
2176 1953 2343 2008 festos
2373 1952 2587 2023 paschae
2618 1951 2949 2021 distinguere
2976 1991 2990 2013 ,
3021 1958 3073 2003 et
3105 1949 3499 2019 quampulchre

1911 2047 1978 2101 ab
2010 2046 2140 2116 ipsis
2174 2045 2364 2100 diebus
2405 2045 2577 2099 voluit
2617 2046 2899 2100 exordium
2950 2058 3188 2108 sumere,
3240 2043 3498 2097 Miser-unt

1909 2133 2087 2189 Judwi
2114 2134 2178 2188 ab
2203 2134 2545 2205 Jerosolymis
2570 2132 2754 2201 (Joan.
2782 2149 2823 2200 ι,
2857 2134 2973 2203 19);
3004 2133 3176 2188 altera
3204 2134 3319 2199 die,
3355 2131 3500 2186 Vidit

1910 2223 2142 2278 Joannes
2172 2224 2353 2279 Iesum
2380 2226 2661 2279 venientem
2687 2224 2755 2278 ad
2778 2241 2831 2278 se
2857 2224 3005 2294 (ibid.
3031 2223 3121 2289 29)
3152 2243 3165 2287 ;
3190 2223 3355 2276 altera
3387 2223 3498 2288 die,

1912 2312 2096 2368 Stabat
2122 2316 2376 2379 Joannes,
2414 2326 2461 2370 et
2491 2333 2556 2371 ea:
2605 2318 2876 2385 discipulis
2910 2317 3023 2385 ejus
3053 2316 3158 2369 duo
3185 2315 3338 2385 (ibid.
3371 2316 3498 2384 35);

1912 2402 2000 2458 die
2023 2406 2203 2471 tertio,
2231 2406 2445 2474 Nuptiis
2472 2406 2627 2474 facile
2653 2417 2769 2460 sunt
2795 2409 2847 2458 in
2872 2405 3018 2459 Cana
3046 2402 3282 2457 Calilww
3314 2405 3499 2473 (Joon.

1913 2496 1999 2564 ιι).
2025 2497 2191 2565 Igitur
2218 2498 2391 2567 primo
2418 2512 2560 2552 anno
2598 2498 3003 2568 praedicationis
3047 2512 3179 2560 suae,
3208 2512 3330 2550 cum
3357 2506 3504 2552 esset

1914 2583 2265 2657 Jerosolymis
2294 2587 2348 2639 in
2384 2586 2614 2650 Pascha,
2660 2586 2823 2656 ejecit
2859 2586 3154 2640 vendentes
3179 2595 3233 2638 et
3258 2594 3504 2639 ementes

1916 2673 1982 2728 de
2007 2676 2235 2745 templo;
2260 2678 2500 2731 secundo
2528 2691 2672 2730 anno
2714 2678 2767 2729 in
2814 2675 2901 2730 die
2929 2675 3065 2729 festo
3093 2674 3315 2730 Pascha:
3342 2690 3473 2729 sana

1916 2769 1994 2822 vit
2021 2768 2335 2838 languidum
2365 2768 2429 2821 ad
2450 2768 2744 2839 piscinam;
2778 2769 2938 2824 tertio
2968 2784 3130 2833 anno,
3179 2778 3300 2838 post
3328 2768 3497 2820 mira-

1917 2858 2097 2914 culum
2126 2861 2193 2914 de
2218 2860 2458 2929 quinque
2501 2860 2730 2929 panibus
2756 2858 2988 2925 iactum,
3032 2871 3151 2913 erat
3192 2860 3496 2928 proximum

1917 2949 2145 3014 Pascha,
2176 2952 2293 3005 dies
2318 2950 2490 3006 festus
2527 2949 2867 3017 Iudaeorum;
2918 2962 3116 3022 quarto
3163 2967 3307 3005 anno
3355 2953 3505 3007 venit

1918 3047 2044 3095 ante
2101 3057 2194 3096 sex
2243 3042 2356 3097 dies
2409 3042 2632 3097 Pascha:
2686 3044 3002 3099 Bethaniam
3031 3083 3045 3108 ,
3091 3045 3180 3099 ubi
3230 3044 3501 3098 Lazarum

230 3134 361 3188 luna
403 3151 516 3200 xvi,
568 3136 622 3189 in
674 3136 923 3206 sepulcro
972 3134 1278 3202 quievisse;
1332 3131 1609 3187 Dominica
1663 3144 1809 3195 vero,
1845 3132 1888 3190 Β
1917 3132 2222 3197 suscitavit,
2250 3133 2469 3203 quando
2508 3143 2562 3188 et
2600 3150 2792 3204 passus
2816 3145 2917 3189 est.
2949 3134 3082 3189 Nam
3122 3136 3166 3189 si
3198 3150 3341 3188 anno
3367 3150 3500 3187 xvm

231 3226 289 3279 id
324 3236 405 3279 est
430 3226 554 3280 luna
588 3243 721 3293 xvu,
756 3225 1143 3281 resurrexisse.
1192 3223 1334 3293 Ergo
1384 3230 1572 3291 aperto
1612 3220 1818 3275 circulo

231 3316 499 3386 Dionysii,
535 3317 578 3371 si
612 3318 686 3377 ita
716 3316 1011 3380 inveneris,
1039 3329 1182 3369 anno
1227 3328 1378 3367 χχχιι
1425 3312 1817 3368 incarnationis

232 3406 376 3476 ejus,
407 3407 491 3463 vel
524 3424 719 3473 xxxut,
746 3409 829 3463 vel
850 3423 1069 3475 χχχιιιι,
1098 3407 1189 3479 qui
1214 3415 1340 3461 sunt
1381 3413 1505 3475 post
1551 3404 1815 3459 circulum

230 3512 445 3566 magna:
473 3500 800 3555 reversionis
826 3516 1034 3563 uultu,
1080 3501 1162 3555 vel
1213 3514 1372 3564 ova,
1397 3500 1481 3554 vel
1512 3515 1692 3561 anvt.
1718 3515 1817 3571 age

231 3585 348 3641 Deo
372 3590 597 3659 gratias,
632 3590 771 3645 sicut
793 3590 937 3644 Beda
968 3590 1233 3659 praecipit,
1261 3590 1404 3660 quod
1441 3600 1619 3643 tamen
1652 3588 1819 3644 ironi-

232 3691 298 3731 ce
346 3679 499 3733 dixit.
533 3679 657 3734 Ideo
698 3691 877 3734 autem
910 3689 1021 3735 tres
1056 3695 1314 3734 numeros
1342 3695 1605 3733 annorum
1638 3678 1813 3748 posui,

230 3769 363 3838 quia
407 3772 497 3824 alii
533 3781 856 3841 putaverunt
898 3787 1023 3827 eum
1075 3787 1215 3826 anno
1262 3787 1437 3834 χχχιι,
1485 3769 1573 3823 alii
1618 3783 1814 3835 χχχιιι,

228 3857 406 3914 fuisse
431 3876 670 3929 passum.
694 3864 785 3917 alii
818 3872 997 3916 autem
1027 3878 1219 3917 χχχιιιι
1248 3880 1260 3916 :
1304 3863 1501 3932 quibus
1529 3861 1668 3915 lleda
1701 3875 1815 3914 ma-

230 3948 318 4017 gis
352 3950 617 4005 assentire
664 3952 894 4006 videtur.
951 3951 1261 4006 Secundum
1304 3961 1484 4005 autem
1527 3949 1817 4004 veritatem

232 4038 539 4106 Evangelii,
568 4041 648 4095 vel
682 4042 1068 4097 revelationem
1093 4042 1338 4106 Joannis,
1370 4042 1452 4097 vel
1478 4040 1817 4110 prophetiam

230 4131 519 4193 Dauielis.
576 4135 748 4189 tribus
797 4136 961 4191 semis
1022 4135 1179 4189 annis
1235 4133 1584 4204 praedicavit,
1626 4140 1681 4185 et
1729 4127 1819 4185 alii

225 4222 639 4291 prmilicationis
680 4222 797 4292 ejus
846 4238 1115 4277 annorum
1170 4225 1402 4292 primum
1453 4229 1818 4292 putaverunt,

229 4313 539 4368 nativitatis
565 4314 682 4382 ejus
709 4330 831 4370 esse
859 4330 986 4378 χχχ,
1016 4323 1074 4368 ut
1109 4315 1294 4368 statim
1330 4322 1450 4383 post
1489 4312 1819 4382 baptismum

226 4402 572 4471 etjejunium
602 4409 831 4477 coeperit
870 4407 1196 4477 praedicandi
1244 4404 1549 4459 exordium.
1605 4403 1822 4459 Scimus

1919 3220 2118 3278 Tiberii
2150 3241 2342 3293 passus
2368 3236 2471 3293 est,
2499 3228 2591 3295 qui
2622 3227 2760 3282 forte
2790 3228 2891 3282 fuit
2915 3228 3169 3283 dimidius
3198 3242 3362 3295 super
3389 3237 3501 3281 tres

1915 3315 2315 3384 praedicationis
2346 3332 2457 3372 sua:
2495 3334 2687 3385 annos,
2712 3334 2841 3390 ergo
2873 3321 3077 3390 primus
3100 3319 3504 3391 praedicationis

1916 3404 2005 3461 ille
2036 3402 2171 3471 fuit,
2214 3408 2307 3477 qui
2358 3409 2601 3464 decimus
2643 3412 2865 3480 quintus
2897 3412 3099 3467 Tiberii
3130 3412 3362 3473 exstitit,
3393 3427 3503 3480 quo

1915 3506 1971 3550 et
1999 3494 2301 3567 baptizatus
2324 3508 2424 3553 est.
2458 3497 2563 3553 Sed
2607 3498 2764 3562 forte,
2815 3503 3110 3556 secundum
3161 3504 3502 3571 supputatio-

1916 3602 2040 3642 nem
2069 3588 2266 3653 Bedze,
2325 3591 2540 3645 initimn
2588 3592 2783 3647 decimi
2837 3594 2965 3646 noni
3016 3592 3218 3646 Tiberii
3269 3593 3502 3647 Caesaris

1917 3678 2043 3732 anni
2082 3679 2255 3748 potuit
2291 3693 2412 3733 esse
2449 3690 2676 3748 quartus
2710 3680 3130 3750 praedicationis,
3175 3681 3266 3749 qui
3316 3681 3414 3733 fuit
3447 3691 3505 3734 et

1918 3770 2206 3838 passionis,
2255 3770 2306 3824 id
2355 3780 2438 3825 est
2485 3787 2678 3826 χχχιιιι
2714 3772 3121 3834 incarnationis,
3148 3772 3505 3841 praecedenti-

1918 3861 2021 3915 bus
2046 3876 2104 3915 ιιι
2136 3862 2312 3925 annis,
2369 3860 2422 3916 id
2468 3872 2552 3917 est
2601 3877 2755 3927 χχχι,
2786 3878 2957 3924 χχχιι,
2991 3878 3184 3917 χχχιιι.
3217 3862 3344 3918 Sive
3374 3879 3505 3933 ergo

1919 3968 2116 4018 χχχιιι,
2142 3952 2255 4007 sive
2288 3968 2482 4008 χχχιιιι
2537 3952 2834 4009 secundum
2887 3953 3095 4024 cyclum
3148 3953 3407 4023 Dioaysii,
3435 3954 3505 4006 ab

1920 4047 2294 4101 incarnatione
2333 4062 2428 4100 sua
2456 4062 2650 4118 passus
2677 4046 2747 4100 sit
2774 4062 2934 4110 anno,
2986 4046 3131 4101 nullo
3180 4049 3340 4101 modo
3376 4062 3507 4101 con-

1922 4135 2091 4190 sentit
2120 4136 2447 4205 evangelica:
2472 4136 2720 4190 veritatis
2742 4136 2964 4199 relatio;
2993 4151 3116 4189 nam
3143 4150 3283 4190 anno
3309 4152 3504 4190 χχχιιιι

1921 4226 2045 4280 luna
2074 4226 2127 4280 in
2161 4224 2389 4289 Pascha,
2445 4242 2553 4281 non
2599 4241 2734 4291 xvn,
2784 4234 2844 4280 ut
2895 4224 3096 4280 dictum
3137 4233 3241 4288 est,
3271 4225 3362 4279 sed
3390 4240 3511 4294 pro-

1921 4316 2069 4371 venit
2097 4332 2211 4381 χχι,
2242 4330 2341 4370 nec
2363 4332 2482 4371 χιιιι
2525 4315 2650 4369 luna
2700 4317 2753 4369 in
2798 4314 2934 4369 feria
2972 4328 3025 4378 ν,
3059 4314 3151 4369 sed
3181 4317 3425 4384 provenit
3452 4316 3504 4370 in

1926 4408 2012 4463 die
2058 4408 2357 4463 Dominica.
2399 4408 2589 4461 Passio
2636 4421 2766 4461 vero
2806 4421 2913 4460 non
2964 4421 3018 4459 v1
3063 4406 3221 4469 feria,
3264 4422 3362 4461 nec
3390 4409 3441 4461 in
3474 4425 3506 4462 x

227 4505 420 4549 autem
447 4495 708 4552 Joannem
760 4497 1169 4567 evangelistam,
1212 4505 1335 4566 post
1382 4496 1611 4549 reditum
1635 4496 1700 4550 de
1724 4509 1817 4549 εχ-
1844 4489 1889 4551 C
1921 4499 2280 4553 Kalendarum
2324 4498 2610 4569 Aprilium.
2653 4497 2950 4551 secundum
2994 4494 3253 4557 Graecos;
3314 4512 3413 4550 nt‘c
3453 4496 3509 4549 in

227 4586 378 4648 silio,
427 4601 532 4640 non
575 4587 746 4642 solum
798 4598 1015 4657 propter
1060 4588 1294 4641 haereses
1336 4599 1455 4654 quae
1500 4599 1560 4638 se
1596 4585 1821 4639 absente

229 4685 571 4730 emerserunt
599 4675 954 4731 coniutaudas
973 4716 987 4739 ,
1009 4690 1197 4729 verum
1239 4676 1404 4727 etiam
1442 4674 1566 4741 quia
1595 4680 1820 4727 t‘tBlCl‘OS

227 4766 594 4836 evangelistas
655 4765 859 4834 legeret
907 4763 1072 4818 multa
1132 4763 1198 4818 de
1249 4761 1525 4817 miraculis
1573 4760 1814 4825 Christi,

231 4871 408 4924 pauca
440 4872 571 4912 vero
592 4857 659 4910 de
684 4857 966 4912 divinitate
1000 4855 1220 4921 dixisse,
1250 4855 1496 4925 qumdam
1530 4869 1660 4908 vero
1687 4853 1817 4910 insi-

232 4958 423 5028 gniora
454 4958 891 5028 praetermisisse,
919 4964 1104 5024 utpote
1132 4956 1196 5012 de
1225 4955 1428 5025 nuptiis
1454 4957 1505 5008 in
1530 4954 1679 5011 Cana
1706 4953 1808 5009 Ga-

234 5052 392 5115 lileae,
425 5052 492 5107 de
521 5051 829 5117 Nicodemo,
865 5051 930 5106 de
958 5064 1102 5105 caeco
1147 5060 1306 5113 nato,
1352 5048 1418 5101 de
1464 5048 1720 5120 languido
1745 5050 1811 5104 ad

232 5143 516 5212 piscinam,
545 5143 610 5197 de
637 5143 862 5199 muliere
904 5140 972 5194 ad
1018 5149 1257 5208 puteum,
1303 5138 1372 5191 de
1401 5136 1608 5195 Lazaro
1639 5141 1814 5194 susci-

236 5253 367 5300 tato.
401 5245 466 5300 de
494 5244 688 5300 nedum
715 5244 1017 5300 lavatione,
1063 5251 1119 5295 et
1163 5244 1267 5297 alia
1318 5238 1505 5293 multa.
1535 5241 1656 5300 ipsa
1685 5255 1811 5297 vero

1923 4608 2017 4646 vm
2045 4591 2334 4656 Kalendas,
2373 4592 2669 4646 secundum
2717 4588 2966 4653 Latinos;
3016 4588 3111 4642 sed
3140 4602 3239 4641 nec
3268 4602 3513 4641 resurre-

1920 4684 2029 4737 Ctio
2059 4683 2111 4736 in
2140 4696 2234 4737 vttt
2272 4681 2637 4737 Kalendarum
2684 4680 2984 4749 Aprilium,
3034 4679 3330 4731 secundum
3365 4679 3518 4733 Cnc-

1920 4791 2035 4840 cos,
2067 4790 2167 4830 nec
2216 4775 2268 4828 in
2319 4788 2372 4829 γι
2416 4773 2712 4836 Kalendas,
2760 4770 3059 4825 secundum
3110 4767 3359 4831 Latinos,
3410 4768 3522 4819 ullo

1920 4871 2080 4925 modo
2102 4876 2427 4938 proventura
2470 4874 2571 4921 est.
2613 4864 2732 4921 Jam
2780 4878 2911 4917 vero
2949 4874 3118 4929 quam
3172 4859 3529 4913 inconscnta-

1921 4978 2082 5017 neum
2113 4960 2185 5014 sit
2218 4960 2271 5014 in
2297 4975 2470 5014 χχχιιι
2500 4959 2566 5010 ah
2596 4952 2975 5010 incarnatione
2998 4964 3097 5001 sua
3128 4960 3355 5018 passum
3386 4963 3529 5007 esse,

1918 5053 2002 5107 vel
2034 5051 2420 5114 resurrexisse,
2461 5044 2641 5117 palam
2676 5044 2942 5110 liquebit,
2988 5054 3115 5093 cum
3181 5037 3295 5090 hmc
3341 5040 3531 5093 omnia

1919 5147 2099 5215 potius
2128 5151 2417 5197 occurrant
2455 5142 2507 5195 in
2557 5135 2727 5207 Aprili
2774 5146 2936 5202 quam
2986 5129 3040 5181 in
3092 5127 3306 5182 Martio.
3350 5129 3533 5185 Evan-

1919 5240 2061 5300 gelio
2092 5246 2274 5292 autem
2310 5231 2716 5300 praescribente,
2749 5225 2954 5277 scimus
2985 5220 3115 5288 quia
3171 5219 3223 5272 in
3271 5225 3535 5291 aequino-
