4042 5300
536 294 666 348 1151

1584 299 1914 356 HERICERI
1961 300 2253 358 ABBATIS
2312 299 2668 356 LOBIENSIS

3658 296 3797 350 “52

533 407 587 460 iu
610 418 796 462 mense
825 414 1005 461 autem
1040 418 1216 476 sexto,
1239 410 1300 465 id
1322 419 1406 466 est
1433 410 1644 476 Martio,
1685 420 1808 482 post
1828 411 2109 468 dimidium
2143 416 2190 472 Α
2217 424 2366 478 pum,
2401 420 2454 467 et
2489 410 2678 464 Arium
2718 407 3090 479 presbyterum
3145 420 3325 469 suum,
3377 403 3474 459 sed
3522 405 3687 458 etiam
3731 404 3799 459 de

533 513 757 564 annum,
787 497 989 553 eisdem
1013 499 1268 555 Kalendis
1288 539 1304 566 ,
1352 501 1704 556 annuntiatus
1734 509 1819 557 est
1842 500 2111 564 Christus,

530 603 640 658 quo
666 599 960 660 conceptus
985 598 1148 645 estet
1176 605 1391 661 passus,
1430 591 1728 646 secundum
1777 591 1952 645 illud:
1992 586 2113 642 Non

531 700 719 755 coques
743 700 935 755 agnum
964 684 1019 739 in
1045 683 1180 739 lacte
1205 685 1389 740 matris
1420 702 1530 740 sua:
1561 686 1762 756 (Exod.
1797 702 1956 752 χχιιι,
1990 686 2137 757 19);,

530 772 588 828 id
626 783 731 839 est,
780 789 886 828 non
929 790 995 829 eo
1038 774 1125 829 die
1177 774 1452 832 Christum
1492 776 1808 843 interﬁcias,
1836 775 1963 847 'quo
1988 792 2116 831 con-

528 872 721 933 ceptus
745 873 848 932 est,
897 865 1063 934 quod,
1111 866 1238 921 licet
1278 868 1531 934 vetuerit,
1569 869 1888 937 praesciebat
1936 876 2114 923 tamen

529 942 744 1010 Iudaeos
770 970 877 1010 non
906 955 1286 1024 obaudituros;
1313 957 1456 1013 sicut
1477 965 1534 1013 et
1552 958 1683 1013 Adze
1706 959 1909 1029 lignum
1933 958 2113 1014 scien-

529 1047 617 1100 tia:
645 1045 771 1100 boni
798 1053 855 1100 et
881 1045 1006 1100 mali
1037 1047 1227 1113 vetuit,
1253 1048 1397 1117 quod
1432 1056 1612 1103 tamen
1644 1063 1767 1103 eum
1802 1064 1907 1103 non
1931 1049 2117 1103 obser-

525 1145 783 1190 vaturum
837 1137 1127 1206 prazscivit,
1173 1147 1395 1207 propter
1434 1138 1599 1207 quod}
1627 1138 1759 1193 dicit
1783 1136 2111 1194 Psalmista:

526 1227 724 1281 Beatus
746 1228 825 1281 vir
843 1230 927 1283 cui
952 1245 1055 1283 non
1076 1231 1350 1298 imputavit
1371 1228 1626 1285 Dominus
1646 1240 1913 1300 peccatum
1938 1229 2113 1302 (Psal.

527 1332 687 1381 xxxi,
711 1318 788 1389 2).
824 1317 868 1374 0
893 1334 1053 1388 quam
1085 1320 1450 1389 periculosum
1477 1329 1561 1375 est
1600 1319 1684 1374 vel
1708 1335 1739 1373 a
1768 1319 1901 1385 Deo,
1931 1319 2017 1375 vel
2046 1320 2115 1374 ab

525 1409 711 1481 aliquo
773 1419 963 1465 sancto
1002 1408 1124 1464 viro
1170 1409 1299 1464 talia
1354 1409 1736 1479 praemonendo
1771 1408 1981 1474 audire,
2027 1408 2113 1464 cui
2157 1406 2163 1412 ’

529 1502 655 1570 quia
701 1499 934 1571 Spiritus
964 1500 1112 1553 inest
1161 1499 1489 1568 prophetiat,
1535 1512 1662 1552 raro
1704 1498 1971 1568 contingit
1996 1512 2117 1566 quae

530 1595 784 1664 prohibet
815 1608 919 1647 non
950 1592 1206 1648 evenire!
1245 1590 1525 1663 Languido
1554 1590 1698 1645 enim
1740 1590 1805 1645 ad
1850 1590 2113 1660 piscinam

532 1697 725 1745 sanato
750 1685 922 1745 tristis
945 1684 1265 1755 praemonuit
1291 1700 1305 1736 :
1346 1681 1487 1736 Vade
1503 1682 1653 1752 jam,
1668 1692 1714 1735 et
1745 1680 1855 1734 noli
1879 1695 2113 1749 peccare,

533 1799 597 1836 ne
634 1783 861 1837 deterius
886 1782 981 1836 tibi
1014 1781 1215 1849 aliquid
1240 1781 1508 1850 contingat
1551 1779 1734 1850 (Joan.
1764 1795 1816 1844 v,
1856 1777 1971 1848 14).
2004 1777 2111 1833 De-

535 1875 706 1947 terius
730 1874 928 1945 quippe
951 1874 998 1929 ei
1033 1874 1276 1944 contigit,
1319 1873 1537 1943 quando
1577 1873 1631 1927 in
1673 1871 1926 1941 passione
1956 1868 2115 1925 Chri-

533 1976 621 2020 sto
643 1967 853 2036 alapam
882 1966 1048 2021 dedit.
1080 1964 1246 2034 Igitur
1273 1964 1358 2020 his
1382 1967 1436 2019 in
1459 1964 1687 2018 veritate
1717 1961 2113 2025 constantibus,

533 2053 703 2124 liquet
731 2054 1004 2110 Christum
1031 2070 1138 2108 uno
1163 2054 1464 2124 eodemque
1490 2053 1579 2108 die
1615 2061 1671 2107 et
1697 2060 2020 2121 conceptum
2061 2058 2118 2106 et

533 2161 771 2215 passum.
803 2144 1226 2202 De'Kalendario
1264 2155 1464 2208 autem,
1491 2143 1575 2200 vel
1622 2144 1780 2200 annis
1822 2141 2117 2198 Dominicte

536 2237 948 2304 incarnationis,
996 2220 1220 2307 propter
1258 2235 1535 2314 inscitiam
1568 2244 1889 2306 temporum,
1922 2248 2117 2304 magna

533 2335 620 2381 est
648 2326 974 2382 consultatio
1017 2327 1582 2399 chronographorum.
1640 2325 1741 2392 Qui
1784 2327 1930 2380 enim
1978 2323 2119 2379 scire

535 2419 714 2488 potuit
739 2419 907 2475 abbas
927 2418 1216 2489 Dionysius
1241 2434 1272 2473 a
1301 2434 1401 2475 suo
1446 2425 1690 2488 tempore
1718 2425 1862 2472 retro
1900 2431 2121 2486 compu-

540 2520 660 2563 tans
689 2523 859 2564 annos
886 2510 1277 2578 imperatorum
1324 2523 1495 2578 usque
1541 2507 1610 2564 ad
1645 2507 2119 2578 quadragesimum

535 2598 830 2654 secundum
857 2599 1084 2669 Augusti
1132 2598 1365 2654 Caesaris
1410 2614 1635 2663 annum,
1668 2598 1759 2669 qui
1808 2597 1909 2652 fuit
1948 2613 2124 2652 annus

533 2689 745 2758 primus
770 2689 1067 2744 nativitatis
1097 2688 1320 2752 Christi,
1345 2688 1641 2743 secundum
1671 2687 1928 2743 chronica
1957 2686 2124 2741 Euse-

534 2780 647 2835 bii?
678 2780 980 2847 Quomodo,
1023 2782 1265 2850 inquam,
1310 2779 1610 2834 indubitate
1640 2778 1782 2833 scire
1825 2778 2001 2848 potuit
2031 2775 2120 2846 qui

536 2871 763 2942 integris
785 2870 942 2926 annis
974 2871 1319 2941 rcgnaveriut
1340 2910 1356 2934 ,
1400 2871 1492 2939 qui
1539 2856 1763 2939 aliquot.
1794 2882 2010 2922 menses
2040 2867 2124 2922 vel

536 2960 654 3018 dies
680 2960 1165 3033 superhabuerint,
1215 2970 1419 3031 quanta
1468 2960 1777 3026 interregna
1824 2956 2047 3021 fuerint,
2073 2957 2126 3012 id

2215 503 2427 558 Pascha
2487 502 2841 566 celebrando,
2903 500 3045 571 quod
3100 499 3253 569 prius
3305 497 3376 551 ab
3435 495 3800 552 Orientalibus

2216 593 2479 664 agebatur
2502 609 2663 663 quam
2710 593 2780 648 ab
2811 592 2940 662 ipsis
2968 589 3190 645 Iudaeis.
3217 587 3384 643 Judzei
3427 589 3596 654 enim,
3631 602 3803 640 annos

2216 687 2433 745 lunares
2477 695 2787 756 sequentes,
2828 686 2882 740 in
2927 683 3247 756 quibusdam
3300 681 3638 738 embolismis
3696 697 3802 734 uno

2217 793 2403 833 mense
2432 787 2720 848 antequam
2748 791 2866 840 nos,
2904 784 2960 830 et
3003 776 3105 830 hoc
3129 784 3256 830 ante
3296 772 3683 841 aequinoctium
3716 785 3802 824 ce-

2216 869 2458 934 lebrant;
2488 870 2581 924 sed
2614 868 2702 924 hic
2733 882 2886 923 error
2915 882 2981 921 ex
3014 866 3149 922 libro
3178 866 3333 920 Beda:
3361 864 3435 919 De
3466 862 3803 933 temporibus

2217 958 2376 1015 facile
2424 960 2715 1014 deeutitur.
2757 957 3059 1015 Orientales
3109 970 3275 1022 vero,
3325 956 3416 1025 qui
3456 967 3803 1011 successores

2217 1051 2583 1119 apostolorum
2626 1048 2910 1118 iactabant
2956 1064 3014 1104 se
3047 1048 3372 1113 consectari,
3420 1047 3518 1101 sed
3573 1060 3803 1101 concor-

2217 1143 2360 1198 diam
2392 1142 2648 1198 solarium
2682 1150 2734 1197 et
2767 1142 3037 1197 lunarium
3061 1156 3328 1196 annorum
3358 1154 3464 1194 non
3496 1153 3805 1207 usquequa-

2218 1250 2326 1305 que
2372 1234 2729 1307 perscrutati,
2777 1242 3008 1303 utroque
3056 1231 3431 1289 claudicabant
3468 1229 3630 1301 pede.
3662 1230 3804 1295 Qua—

2216 1337 2439 1398 propter
2467 1335 2651 1398 rogatu
2683 1324 2942 1397 Sylvcstri
2991 1338 3142 1395 papae
3182 1322 3381 1377 missus
3423 1329 3503 1375 est
3542 1320 3614 1373 ab
3640 1319 3805 1388 impe-

2219 1428 2400 1472 ratore
2434 1416 2594 1474 Osius
2630 1416 2997 1472 Cordubensis
3022 1415 3327 1486 cpiscopus,
3372 1413 3462 1482 qui
3512 1421 3806 1479 utrumque

2216 1508 2539 1579 corrigeret,
2572 1516 2627 1563 et
2653 1522 2841 1578 pacem
2891 1508 3030 1561 inter
3078 1505 3472 1560 Alexandrinos
3514 1518 3807 1571 compone-

2219 1611 2323 1665 ret,
2360 1601 2453 1655 sed
2486 1615 2736 1656 reversus
2769 1608 2853 1656 est
2876 1600 2994 1655 sine
3024 1600 3243 1655 ell'ectu.
3269 1598 3436 1669 igitur
3466 1605 3661 1668 rogatu
3690 1595 3806 1667 Syl-

2218 1693 2430 1755 vestri,
2478 1703 2535 1746 et
2576 1690 2731 1760 jussu
2781 1690 3122 1747 ('onstantini
3182 1697 3510 1761 congregata
3566 1688 3806 1759 synodus

2218 1784 2359 1854 apud
2388 1782 2648 1847 Nicmarn,
2675 1798 2774 1853 per
2810 1783 2947 1838 duos
2997 1797 3214 1839 menses
3263 1781 3537 1837 celebrata
3567 1789 3679 1843 est,
3716 1779 3804 1834 ubi

2217 1888 2373 1928 error
2395 1872 2510 1927 Arii
2536 1871 2695 1928 facile
2730 1872 3121 1942 deprehensus,
3170 1872 3281 1926 cito
3328 1869 3431 1924 fuit
3489 1869 3801 1924 damnatus.

2217 1962 2324 2019 Sed
2361 1964 2427 2018 de
2470 1963 2711 2033 paschali
2756 1962 3140 2018 observatione
3184 1961 3512 2031 quaestiones
3561 1958 3807 2014 diﬁiciles

2218 2063 2273 2108 et
2293 2069 2432 2124 pene
2466 2054 2872 2111 inextricabiles
2899 2054 2989 2109 diu
3025 2062 3151 2109 sunt
3175 2055 3412 2121 agitatas.
3438 2050 3521 2107 Ad
3552 2051 3803 2105 ultimum

2219 2146 2609 2217 quaestionibus
2640 2145 2915 2201 Ptolomaei
2946 2144 3089 2217 regis
3126 2160 3249 2199 cum
3280 2159 3386 2199 ιλιι
3414 2142 3807 2211 lnterpretibus

2219 2236 2487 2305 recitatis,
2514 2255 2636 2294 xuu
2680 2254 2896 2309 quoque
2935 2238 3078 2293 lunis
3119 2236 3463 2308 paschalibus
3509 2233 3811 2291 secundum

2216 2326 2576 2382 Pachomium
2609 2327 2964 2393 conﬁrmatis,
2994 2328 3259 2382 sancitum
3300 2335 3385 2381 est
3412 2334 3470 2380 ut
3498 2325 3809 2396 quicunque

2222 2418 2477 2489 deinceps
2522 2418 2732 2474 Pascha
2777 2435 2899 2475 cum
2939 2419 3161 2486 Judaeis,
3214 2419 3266 2474 id
3298 2428 3382 2474 est
3416 2430 3543 2472 ante
3570 2418 3810 2489 aequino-

2221 2512 2416 2575 ctimn,
2447 2511 2802 2580 celebrasset,
2860 2514 3147 2568 anathema
3195 2520 3359 2568 esset.
3415 2511 3529 2567 Sed
3581 2511 3639 2566 in
3688 2527 3809 2567 ιιιιι

2223 2606 2366 2661 lunis
2391 2606 2670 2661 Pachumii
2718 2606 2994 2661 invenitur
3038 2614 3165 2661 ante
3212 2605 3637 2675 aequinoctium,
3668 2605 3808 2673 quod

2227 2696 2284 2751 in
2312 2712 2406 2750 vut
2431 2695 2708 2752 Kalendas
2729 2686 2930 2768 Aprilis
2962 2695 3254 2767 putabatur
3284 2711 3403 2750 xuu
3432 2695 3555 2749 luna
3580 2695 3804 2763 pasrha-

2226 2787 2315 2852 lis,
2344 2803 2375 2840 v
2404 2788 2513 2852 die,
2542 2787 2593 2841 id
2622 2795 2706 2842 est
2730 2787 2782 2841 in
2814 2803 2891 2841 xu
2915 2773 3182 2842 Khlendas
3206 2786 3442 2856 Aprilis;
3475 2794 3570 2839 aut
3594 2802 3675 2840 uu
3704 2786 3806 2847 die,

2227 2877 2281 2934 id
2308 2887 2391 2933 est
2422 2879 2475 2932 in
2515 2894 2569 2932 XI
2608 2877 2879 2933 Kalendas
2902 2878 3126 2947 Aprilis,
3153 2878 3241 2932 ubi
3264 2886 3319 2932 et
3348 2878 3617 2931 terminus
3641 2888 3696 2931 et
3718 2878 3807 2931 ali-

2230 2971 2443 3038 quoties
2475 2971 2586 3039 ipsa
2618 2969 2933 3025 solemnitas
2960 2970 3258 3039 reperitur;
3286 2978 3381 3024 aut
3420 2985 3481 3025 ιιι
3509 2970 3619 3033 die,
3656 2970 3710 3025 id
3731 2978 3810 3024 est

536 3065 650 3120 est,
696 3068 806 3109 uno
848 3050 1106 3108 defuncto
1149 3060 1204 3105 et
1258 3052 1432 3106 altero
1479 3049 1809 3115 substituto,
1860 3057 2121 3117 quantum

2227 3061 2284 3117 iu
2318 3078 2351 3116 Χ
2386 3061 2658 3117 Kalendas
2683 3060 2904 3132 Aprilis,
2934 3063 3027 3116 ubi
3067 3061 3380 3116 solemnitas
3435 3072 3681 3127 tantum;
3721 3073 3810 3116 aut

537 3144 799 3215 temporis
820 3144 1230 3199 intercesserit?
1259 3142 1365 3198 Sed
1395 3142 1621 3207 Graacis,
1656 3152 1879 3196 auctore
1904 3139 2122 3195 Nicaeno

536 3237 775 3293 concilio
798 3245 851 3291 et
883 3236 1045 3292 beato
1075 3235 1278 3306 Cyrillo
1306 3234 1672 3289 Alexandrino
1702 3233 1978 3303 episcopo,
2008 3246 2124 3285 ma-

540 3327 625 3397 gis
659 3325 1089 3388 assentiendum,
1145 3324 1236 3394 qui
1287 3331 1342 3377 et
1394 3322 1609 3377 ﬁnitimi
1656 3321 2021 3377 Orientalibus
2069 3326 2125 3375 et

538 3418 705 3472 vicini
769 3415 1189 3488 apostolicorum
1240 3415 1482 3470 virorum
1547 3413 1700 3468 [uere
1767 3413 2121 3482 temporibus.

539 3509 730 3565 Omnis
754 3508 897 3563 enim
935 3507 1254 3575 antiquitas,
1278 3516 1338 3560 ut
1373 3505 1450 3559 ait
1475 3513 1661 3561 orator
1700 3504 1986 3567 maximus,
2017 3519 2125 3573 quo

540 3600 767 3671 propius
792 3598 983 3654 aberat
1009 3597 1225 3652 abrortu
1255 3606 1311 3652 et
1337 3595 1516 3651 divina
1543 3582 1823 3666 progenie;
1844 3608 1911 3650 eo
1933 3593 2126 3649 melius

540 3706 663 3762 qua:
703 3698 861 3744 erant
884 3704 1011 3745 vera
1034 3687 1312 3744 cernebat.
1350 3685 1416 3742 lli
1465 3686 1650 3756 itaque
1698 3701 1796 3742 vtu
1839 3701 2012 3742 annos
2055 3686 2124 3742 ab

540 3781 919 3838 lncarnatione
963 3779 1176 3835 Domini
1209 3778 1386 3833 minus
1411 3793 1572 3847 quam
1602 3777 1840 3834 circulus
1882 3776 2124 3849 Dionysii

540 3880 873 3944 supputant;
907 3884 1057 3941 ergo,
1095 3870 1391 3925 secundum
1432 3870 1573 3936 illos,
1598 3870 1802 3941 primus
1841 3872 1910 3926 ab
1939 3871 2122 3925 lncar-

544 3965 765 4020 natione
796 3962 1007 4018 Domini
1038 3977 1215 4017 anuus
1253 3961 1299 4016 is
1327 3970 1409 4016 est
1436 3961 1529 4030 qui
1572 3972 1655 4017 est
1686 3962 1739 4016 in
1766 3962 1973 4017 circulo
2004 3962 2126 4016 Dio-

540 4057 682 4129 nysii
715 4070 907 4112 nonus.
939 4055 989 4110 ls
1028 4064 1209 4109 autem
1239 4061 1321 4108 est
1347 4069 1561 4120 xxxuu,
1593 4054 1684 4123 qui
1725 4064 1809 4108 est
1836 4054 1891 4108 in
1920 4052 2124 4109 circulo

544 4145 781 4216 Dionysii
832 4159 967 4209 XLII,
1025 4143 1231 4199 habens
1286 4159 1357 4197 vu
1408 4151 1815 4207 concurrentes,
1846 4158 1966 4196 ιιιιι
1997 4159 2123 4213 epa-

542 4245 707 4298 ctam,
742 4235 1030 4290 terminum
1060 4233 1113 4289 in
1140 4250 1193 4288 XI
1241 4232 1468 4290 Kalend.
1496 4233 1718 4306 Aprilis,
1755 4232 1889 4288 feria
1918 4232 2124 4288 scilicet

543 4343 599 4392 v,
628 4326 844 4397 quando
885 4335 942 4381 et
990 4324 1154 4383 Coena
1187 4323 1328 4381 facta
1375 4332 1479 4391 εει,
1532 4334 1589 4381 et
1639 4341 1864 4396 vespere
1914 4324 2121 4380 Pascha

2227 3150 2425 3220 pridie,
2454 3151 2505 3205 id
2537 3160 2623 3206 est
2654 3167 2708 3205 ut
2746 3149 3013 3206 Kalendas
3060 3151 3287 3221 Aprilis,
3335 3153 3424 3207 ubi
3481 3162 3806 3223 utrumque;

2226 3239 2397 3294 autin
2427 3240 2540 3311 ipsa
2576 3257 2672 3297 vtu
2701 3240 3064 3296 Kalendarum
3113 3241 3219 3305 die,
3268 3242 3357 3295 ubi
3402 3242 3699 3299 identidem
3725 3246 3810 3297 ad-

2226 3339 2465 3385 notatur.
2510 3332 2714 3401 ltaque,
2756 3341 2853 3387 aut
2897 3332 3232 3386 anathemati
3275 3332 3693 3402 snbjacendum,
3723 3346 3808 3388 aut

2230 3423 2373 3479 sicut
2398 3422 2452 3477 in
2477 3421 2697 3479 Nicia-uo
2740 3422 2970 3478 concilio
3015 3424 3282 3478 sancitum
3332 3431 3437 3487 est,
3490 3423 3808 3479 Paschaest

2226 3514 2632 3570 celebrandum.
2682 3513 3007 3570 Conclusum
3054 3524 3139 3570 est
3186 3514 3349 3585 igitur
3383 3523 3442 3570 et
3494 3516 3809 3589 £gyptiaca

2226 3602 2534 3672 disciplina,
2574 3602 2668 3674 qui
2714 3602 3004 3674 peritiores
3054 3604 3106 3658 in
3155 3616 3275 3658 arte
3318 3605 3623 3662 calculandi
3669 3617 3810 3671 sum,

2224 3700 2417 3764 utpote
2443 3693 2585 3764 apud
2609 3708 2746 3764 quos
2778 3709 3055 3764 nunquam
3084 3693 3300 3764 pluviae,
3327 3711 3609 3767 nunquam
3634 3698 3811 3753 nubila

2228 3781 2403 3848 fuere,
2429 3792 2485 3836 et
2512 3783 2820 3854 horologica
2850 3785 3059 3840 ratione
3095 3785 3480 3854 :equinoctiutn
3512 3788 3737 3843 vernale
3763 3792 3815 3843 in

2230 3887 2309 3926 xu
2339 3871 2716 3927 Kalendarum
2740 3873 2920 3943 potius
2960 3888 3098 3929 esse.
3132 3873 3201 3928 Et
3227 3890 3390 3944 quam
3429 3886 3813 3946 congruenter,

2225 3976 2388 4031 quam
2419 3971 2575 4032 apte;
2610 3961 2744 4016 feria
2769 3963 2965 4033 quippe
2989 3979 3068 4018 uu
3098 3963 3224 4019 dum
3252 3974 3577 4020 crearentur
3610 3967 3806 4029 sidera,

2226 4050 2345 4120 ipso
2384 4061 2679 4116 momento,
2712 4051 3076 4107 dividentilms
3095 4054 3361 4124 spbteram
3388 4055 3672 4111 caelestem
3702 4058 3810 4111 sole

2225 4150 2282 4198 ct
2308 4141 2458 4205 luna,
2491 4150 2546 4197 et
2575 4142 2934 4212 sole'quidem
2975 4143 3236 4211 Arictem,
3284 4145 3411 4201 luna
3454 4156 3639 4202 autem
3679 4148 3815 4203 obti-

2225 4244 2387 4290 nente
2406 4234 2644 4299 Libram,
2665 4236 2840 4306 patuit
2864 4236 2916 4290 in
2941 4252 3014 4290 xu
3041 4235 3403 4292 Kalendarqu
3425 4238 3810 4308 aequinoctium

2226 4327 2449 4382 vernale
2474 4325 2660 4382 fuiSse.
2695 4326 2838 4398 Ergo
2873 4328 2924 4381 in
2977 4344 3072 4383 xm
3123 4327 3691 4391 Kalendarum,.feria
3732 4346 3809 4393 ut,

544 4416 804 4473 celebrari
835 4425 1011 4486 coepta
1042 4408 1144 4484 est,
1169 4418 1309 4473 sicut
1347 4418 1477 4472 dicit
1529 4417 1816 4485 Dominus;
1864 4418 1951 4474 die
2007 4434 2122 4473 xuu
2154 4422 2204 4481 D
2231 4418 2481 4489 apparuit
2508 4419 2696 4485 arida;
2728 4420 2780 4474 in
2812 4435 2930 4474 xuu
2959 4419 3320 4476 Kalendarum
3352 4420 3486 4477 feria
3517 4438 3586 4489 ιι,
3612 4422 3809 4477 factum

546 4507 613 4561 ad
648 4522 935 4577 vesperum
962 4506 1169 4563 Pascha
1201 4508 1416 4563 Domini
1443 4517 1547 4573 est,
1579 4519 1635 4563 et
1677 4510 1730 4564 in
1776 4524 1846 4563 xv
1872 4509 1972 4565 sub
2002 4509 2124 4563 luna

538 4598 946 4655 solemnitatem
979 4599 1344 4665 celebrabitis,
1373 4602 1593 4670 quando
1621 4590 1686 4654 et.
1718 4616 1908 4670 passus
1938 4610 2040 4661 est.
2074 4600 2127 4655 id

537 4698 624 4744 est
656 4705 689 4743 χ
716 4687 987 4743 Kalendas
1010 4689 1235 4759 Aprilis,
1254 4698 1309 4745 et
1338 4688 1632 4745 Sabbatum
1667 4689 1885 4760 quando
1915 4691 2127 4759 requie-

539 4780 619 4833 vit
648 4780 705 4835 in
728 4779 1002 4851 sepulcro,
1058 4779 1181 4836 luna
1222 4797 1336 4847 xw,
1385 4797 1437 4835 rx
1489 4779 1760 4837 Kalendas
1801 4779 2023 4851 Aprilis,
2075 4793 2130 4837 et

541 4872 888 4929 Dominieum
916 4873 1057 4928 diem
1091 4872 1528 4931 Resurrectionis
1551 4890 1645 4930 vut
1674 4872 1943 4930 Kalendas
1968 4874 2128 4944 Apri-

543 4963 655 5033 lis,
703 4964 831 5020 luna
881 4980 1014 5019 xvu.
1076 4964 1375 5022 Prmclare:
1447 4981 1571 5021 nam
1627 4965 1683 5021 in
1742 4966 2131 5036 quaestionibus

548 5052 826 5112 Ptolomaei
885 5057 1026 5126 regis
1079 5073 1216 5118 cum,
1254 5073 1358 5112 cxx
1413 5058 1805 5128 lnterpretibus
1863 5056 1930 5112 de
1990 5056 2130 5111 libro

550 5146 719 5201 Exodi
753 5146 989 5217 agitatis,
1021 5146 1412 5216 deprehensum
1457 5153 1541 5202 est
1585 5147 1906 5217 aequinoctia
1937 5156 1992 5203 et
2017 5146 2128 5202 sol-

552 5236 703 5291 stitia
735 5237 788 5292 in
820 5252 896 5292 xu
925 5236 1315 5300 Kalendarum,
1369 5238 1546 5300 potius
1593 5253 1756 5300 quam
1806 5237 1860 5291 in
1901 5237 2128 5300 octavis,

2228 4517 2312 4564 est
2343 4507 2774 4575 ﬁrmamentum;
2806 4509 2858 4563 in
2886 4526 2954 4565 xv
2982 4509 3366 4576 Kalendarum,
3398 4513 3449 4565 id
3478 4523 3564 4568 est
3601 4515 3737 4568 feria
3770 4528 3812 4577 ι,

2232 4595 2464 4666 adigitur
2515 4597 2724 4667 primus
2764 4597 2882 4653 dies
2920 4599 3121 4664 surculi,
3173 4609 3228 4654 et
3270 4600 3539 4670 ingressio
3584 4603 3718 4657 solis
3757 4604 3808 4658 iu

2232 4691 2490 4745 Arietem.
2525 4690 2620 4745 His
2652 4692 2723 4744 ita
2756 4690 2810 4745 in
2845 4692 3076 4747 veritate
3121 4694 3531 4760 constantibus,
3577 4695 3713 4749 feria
3757 4710 3808 4757 v,

2232 4779 2285 4832 id
2319 4788 2402 4833 est
2425 4795 2477 4833 χι
2504 4779 2730 4834 Kalend.
2769 4780 2974 4850 Aprilis
3006 4784 3172 4837 creati
3200 4794 3328 4839 sunt
3363 4785 3541 4854 pisces
3566 4796 3624 4841 et
3645 4802 3809 4851 aves;

2231 4868 2369 4923 feria
2415 4879 2598 4924 autem
2649 4885 2726 4934 vr,
2784 4871 2839 4926 id
2888 4884 2974 4926 est
3022 4888 3057 4926 χ
3098 4871 3325 4929 Kalend.
3366 4876 3592 4943 Aprilis,
3637 4875 3815 4932 factus

2230 4971 2313 5017 est
2363 4964 2567 5028 homo,
2631 4973 2688 5017 et
2742 4965 3001 5033 producta
3054 4974 3138 5021 est
3192 4968 3260 5022 de
3307 4967 3475 5023 latere
3511 4967 3629 5037 ejus
3683 4969 3811 5023 Eva.

2235 5052 2304 5107 Et
2354 5052 2442 5108 ubi
2503 5055 2882 5121 auctoratius,
2952 5057 3046 5111 ubi
3114 5058 3355 5113 sanctius
3437 5074 3536 5130 per
3593 5075 3809 5115 crucem

2238 5142 2438 5199 Christi
2499 5144 2859 5200 redimeretur
2909 5147 3110 5212 homo,
3152 5156 3208 5202 et
3264 5148 3331 5203 de
3387 5148 3652 5220 sanguine
3690 5164 3811 5219 pro—

2232 5231 2417 5287 ﬁuenti
2485 5248 2517 5286 e
2580 5233 2750 5288 latere
2816 5234 3021 5290 Christi
3094 5232 3461 5300 baptizaretur
3532 5236 3806 5295 Ecclesia.
