4042 5300
319 233 452 288 “33

1287 234 1618 292 EPISTULA
1655 234 1748 290 AD
1781 231 2113 289 HUGONEll
2157 230 2564 286 MONACIIUM.

3424 231 3562 286 ΝΞΛ

316 330 636 403 inscribitur
664 364 762 418 pro
809 358 1020 402 octava.
1055 347 1122 403 Ut
1151 357 1330 403 autem
1379 357 1692 403 transcenso
1723 346 1890 416 acqui-
1923 353 1966 406 Α
1999 341 2107 395 Sed
2132 343 2331 395 veritas
2360 355 2480 394 cum
2510 338 2714 393 Graacis
2743 337 2984 392 scienda.
3015 338 3360 395 Consuetudo
3389 351 3568 394 autem

313 440 519 504 noctio,
555 449 722 508 utque
750 441 801 492 in
835 441 988 494 tertia
1029 438 1383 503 hebdomada,
1416 450 1580 508 utque
1610 437 1888 491 Dominica

312 530 426 597 die.
461 530 599 583 sicut
641 529 865 598 angelus
912 545 1007 598 per
1050 539 1318 598 pastorem
1370 530 1647 584 mandavit
1679 528 1888 583 Victori

312 637 467 690 papa:
498 620 773 683 Romano,
800 620 955 674 facile
1000 630 1083 674 est
1127 621 1354 675 inveniri
1406 622 1546 690 apud
1592 620 1790 674 Bedatn
1837 620 1888 672 in

314 712 454 764 libro
498 713 571 765 De
594 711 926 779 temporibus
969 711 1033 764 de
1076 711 1311 780 ipsorum
1354 721 1710 766 sacramento.
1756 710 1888 763 Nam

311 801 483 855 Judaei
515 815 835 870 quocunque
871 801 959 854 die
986 813 1106 870 post
1143 800 1461 865 Sabbatum,
1488 802 1538 854 id
1568 812 1648 855 est
1668 816 1775 855 una
1810 801 1889 856 vel

315 893 492 962 prima
533 891 777 954 Sahbati,
821 908 940 960 qua:
989 894 1148 946 modo
1191 893 1391 947 dicitur
1425 894 1539 948 dies
1591 893 1888 959 Dominica,

312 992 409 1034 aut
441 982 675 1036 secunda
703 981 949 1046 Sabbati,
983 985 1249 1036 auttertia
1299 983 1541 1046 Sabbati,
1577 992 1671 1038 aut
1693 994 1889 1053 quarta

311 1071 560 1135 Sabbati,
596 1081 688 1125 aut
716 1062 900 1141 quinta
946 1073 1188 1138 Sabbati,
1241 1074 1361 1128 luna
1394 1090 1511 1128 xmt
1541 1075 1889 1140 occurrisset,

311 1161 504 1215 eodem
531 1161 640 1223 die,
693 1160 838 1214 facto
873 1177 1117 1231 vespere,
1173 1173 1229 1218 et
1277 1179 1346 1216 xv
1395 1164 1520 1218 luna
1575 1165 1887 1233 incipiente.

310 1252 584 1305 habebant
621 1251 849 1314 Pascha,
879 1261 931 1306 et
957 1262 1087 1322 quot
1111 1255 1223 1307 dies
1251 1265 1598 1323 superessent
1623 1271 1792 1324 usque
1823 1258 1890 1310 ad

313 1340 630 1402 Sabbatum,
660 1343 1045 1420 protrahebant
1087 1343 1214 1398 illud
1260 1360 1428 1413 usque
1465 1345 1535 1398 ad
1570 1347 1888 1412 Sabbatum,

309 1433 366 1484 e't
401 1430 570 1499 ipsum
603 1431 808 1486 Pascha
839 1432 1126 1504 aliquoties
1174 1452 1207 1488 v
1244 1437 1452 1501 diebus,
1480 1437 1764 1506 aliquoties
1805 1456 1886 1494 ιιιι

310 1533 368 1577 et
389 1524 664 1594 deinceps,
691 1525 977 1594 aliquoties
1004 1543 1109 1580 uno
1157 1538 1365 1582 tantum
1413 1528 1500 1582 die
1553 1529 1637 1582 vel
1683 1530 1890 1586 duobus

308 1626 441 1670 ante
465 1616 780 1682 Sabbatum,
812 1619 950 1672 sicut
979 1621 1206 1688 contigit
1258 1621 1308 1674 in
1357 1621 1609 1690 passione
1653 1623 1888 1686 Domini,

310 1705 528 1776 quando
576 1711 708 1762 feria
761 1727 793 1763 v
841 1712 1343 1780 advesperasccnte,
1372 1722 1426 1767 et
1465 1711 1588 1766 luna
1643 1729 1711 1767 xv
1753 1714 1887 1768 inci-
1925 1685 1968 1742 Β

309 1798 515 1865 piente,
545 1798 715 1866 ipsam
746 1811 955 1854 noctem
996 1813 1050 1855 et
1082 1812 1395 1870 sequentem
1440 1802 1582 1855 diem
1622 1803 1894 1857 habebant

309 1900 410 1953 pro
439 1885 664 1948 Pascha,
697 1889 836 1941 sicut
865 1889 994 1943 dicit
1016 1889 1343 1958 evangelista
1368 1907 1382 1943 :
1427 1888 1559 1944 Erat
1606 1895 1822 1961 pascha,
1845 1903 1892 1947 et

309 1992 498 2045 azyma
538 1989 649 2042 post
699 1980 913 2032 biduum
962 1966 1156 2051 (Marc.
1189 1999 1334 2043 Illll.
1367 1983 1440 2053 Ι).
1474 1983 1770 2039 Sabbatum
1799 2001 1893 2038 au-

315 2075 420 2119 tem
469 2067 826 2137 subsequens,
880 2087 986 2124 non
1031 2072 1202 2126 solum
1248 2081 1470 2142 propter
1515 2077 1890 2144 semetipsum,

311 2157 408 2212 sed
432 2167 488 2212 et
519 2171 744 2230 propter
785 2162 1180 2217 solemnitatem
1227 2166 1564 2233 paschalem,
1598 2167 1751 2236 quasi
1802 2168 1894 2220 du-

311 2250 434 2318 plex
464 2251 658 2306 l'cstnm
684 2254 966 2308 dicebatur
1011 2254 1307 2309 Sabbatum
1348 2256 1723 2311 Sabbatorum.
1755 2258 1892 2324 Quid

310 2353 492 2398 autem
542 2345 705 2399 distet
736 2345 879 2400 inter
909 2346 1116 2401 Pascha
1155 2357 1210 2402 et
1242 2362 1452 2419 azyma,
1496 2349 1582 2402 vel
1606 2349 1648 2402 si
1678 2348 1892 2403 indill'e-

313 2441 498 2484 rentcr
545 2433 793 2498 dicatur,
847 2435 990 2488 sicut
1045 2437 1186 2505 apud
1245 2437 1409 2491 alium
1463 2437 1890 2503 evangelistam:

310 2517 502 2573 Prima
533 2533 702 2575 autem
733 2525 818 2576 die
845 2541 1150 2593 azymorum
1172 2565 1186 2590 ,
1228 2526 1438 2595 quando
1474 2528 1667 2594 pascha
1709 2527 1896 2580 inuno-

307 2611 414 2664 lari
450 2612 580 2666 solet
633 2613 823 2683 (Molli.
859 2631 1006 2678 xxvi,
1054 2617 1163 2685 l7),
1197 2617 1281 2671 vel
1327 2627 1455 2689 quot
1496 2618 1684 2672 diebus
1723 2617 1892 2672 Judazi

309 2711 605 2771 antequam
634 2719 752 2768 nos,
779 2704 859 2758 vel
884 2714 1016 2775 quot
1044 2707 1322 2761 nobiscum
1353 2708 1628 2762 celebrent
1656 2708 1892 2770 Pascha.

309 2793 453 2858 apud
486 2791 682 2846 Bedam
712 2793 928 2848 inventu
981 2794 1139 2850 facile
1186 2806 1286 2851 est.
1338 2797 1531 2866 Liquet
1577 2799 1740 2868 igitur
1769 2801 1894 2869 quia

309 2884 462 2951 prius
488 2883 792 2939 Orientales
826 2901 989 2955 quam
1041 2887 1141 2956 ipsi
1189 2885 1356 2941 Judaei
1401 2887 1768 2944 celebrabant.
1800 2887 1897 2942 Ju-

309 2973 412 3027 daei
438 2974 608 3038 enim,
655 2975 782 3030 licet
821 2975 888 3030 de
921 2977 1248 3046 aequinoctio
1286 2975 1576 3046 aliquoties
1621 2986 1892 3042 errarent,

308 3072 495 3118 tamen
530 3081 651 3120 ιιιιιι
707 3065 888 3120 lunam
937 3065 1320 3136 sequebantur.
1378 3066 1683 3122 Orientales
1743 3082 1893 3134 vero,

307 3153 522 3209 lunaris
555 3155 742 3210 circuli
788 3158 1002 3227 penitus
1054 3158 1250 3228 ignari,
1295 3157 1678 3228 arquinocuium
1714 3167 1897 3213 autem

307 3244 365 3299 in
395 3260 492 3299 vm
522 3245 792 3302 Kalendas
821 3248 1021 3317 Aprilis
1049 3258 1328 3313 tenentes,
1359 3251 1500 3306 sicut
1531 3261 1587 3305 et
1617 3251 1769 3305 multi
1801 3265 1897 3304 no-

303 3344 574 3399 strorum,
624 3345 804 3407 utpote
848 3339 1202 3409 Augustinus,
1258 3341 1611 3410 Fulgentius,
1659 3339 1896 3396 Joannes

305 3425 757 3496 Chrysostomus,
789 3436 840 3483 et
889 3429 1004 3499 ipse
1044 3429 1270 3496 Plinius,
1313 3446 1421 3500 quo
1449 3431 1611 3486 etiam
1654 3429 1741 3484 die
1767 3445 1898 3484 con-

303 3516 619 3586 ceptionem
651 3517 850 3572 Christi
883 3530 936 3572 et
964 3521 1267 3589 passionem
1305 3521 1659 3582 adnotabant,
1687 3518 1896 3573 Pascha

307 3608 365 3663 in
419 3625 476 3664 vr
527 3609 794 3664 Kalendas
835 3611 1035 3680 Aprilis
1085 3611 1467 3666 celebrandum
1522 3609 1893 3681 prtelixerant,

303 3716 637 3771 quocunque
661 3702 746 3755 die
773 3702 1122 3756 hebdomadis
1145 3704 1433 3765 evenisset,
1461 3704 1602 3757 sicut
1623 3712 1677 3756 et
1706 3700 1896 3756 Natale

305 3793 531 3847 Domini
559 3794 614 3847 in
643 3809 737 3848 vin
765 3793 1031 3848 Kalendas
1063 3793 1327 3848 Januarii.
1363 3793 1547 3846 Victor
1585 3809 1716 3848 vero
1757 3807 1894 3863 papa

306 3883 615 3946 Romanus.
643 3885 711 3939 ab
747 3884 934 3954 angelo
961 3901 1059 3954 per
1096 3893 1366 3953 pastorem
1394 3884 1628 3939 monitus
1653 3899 1896 3954 quocun-

303 3990 420 4045 que
465 3975 552 4029 die
597 3974 944 4030 hebdomadis
999 3977 1111 4045 ipsa
1149 3992 1200 4030 vt
1234 3976 1595 4031 Kalendarum
1633 3976 1893 4044 Aprilium

305 4068 432 4120 dies
459 4065 827 4134 prevenisset,
859 4065 910 4118 in
957 4066 1294 4121 Dominicum
1325 4067 1468 4121 diem
1496 4065 1702 4120 Pascha
1745 4065 1897 4119 dill'e-

303 4157 544 4212 rendum
581 4156 790 4210 statuit.
823 4156 889 4210 Et
922 4158 990 4210 de
1030 4157 1307 4212 Dominica
1351 4158 1508 4221 bene,
1555 4166 1614 4211 ut
1657 4158 1770 4226 ipse
1799 4155 1900 4209 uti-

301 4261 421 4317 que
447 4261 552 4314 quo
583 4245 839 4300 Dominus
870 4247 1168 4301 resurrexit
1211 4249 1327 4302 dies
1367 4262 1639 4316 nunquam
1686 4261 1898 4315 permu-

1993 431 2380 496 Ecclesiarum,
2415 431 2457 485 si
2489 445 2592 484 non
2624 439 2708 484 est
2755 439 2940 484 contra
2997 430 3154 484 tidem
3175 471 3188 494 ,
3235 430 3382 485 nullo
3412 431 3572 484 modo

1991 521 2364 590 permutanda,
2397 535 2496 574 nec
2521 520 2600 574 eis
2626 520 2717 588 qui
2751 521 2800 574 in
2845 535 2937 573 vin
2970 519 3195 575 Kalend.
3226 530 3570 590 putaverunt,

1991 612 2215 664 omnino
2255 611 2644 680 abrogandam,
2687 626 2808 664 cum
2838 609 3044 664 Grmcis
3075 625 3204 666 vero
3229 621 3283 665 et
3304 610 3574 683 Egyptiis

1993 707 2058 767 de
2087 721 2163 759 xit
2206 705 2569 758 sentiendum.
2602 704 2754 771 Quod
2790 705 2992 758 dictum
3030 705 3292 759 adversus
3323 705 3569 760 haeresim

1991 810 2110 864 quae
2141 810 2302 864 nuper
2336 805 2526 850 exorta
2569 803 2654 848 est
2680 795 2821 849 valet
2860 795 3172 862 plurimum,
3201 795 3397 848 domno
3434 793 3574 848 Ger-

1995 888 2147 941 berta
2179 886 2322 938 illam
2360 901 2425 940 ex
2469 884 2729 940 Toletano
2760 885 2991 938 concilio
3026 895 3387 954 praerogante.
3437 885 3570 939 Nam

1992 994 2114 1032 cum
2147 978 2256 1032 sint
2287 994 2316 1030 v
2345 978 2462 1031 dies
2489 992 2518 1031 a
2548 993 2626 1031 xu
2660 975 2920 1030 Kalendis
2952 991 3120 1044 usque
3149 978 3213 1030 ad
3241 992 3356 1037 vm,
3385 977 3428 1031 si
3461 978 3576 1032 dies

1995 1071 2303 1126 Dominicus
2331 1071 2564 1139 paschae,
2592 1079 2685 1124 aut
2721 1069 3018 1123 Sabbatum
3046 1079 3313 1134 sanctum,
3346 1080 3439 1124 aut
3476 1070 3575 1124 Pa-

1992 1176 2271 1223 rasceven,
2305 1171 2398 1213 aut
2426 1175 2580 1214 cmna
2626 1159 2835 1213 Domini
2869 1159 3250 1229 praepedierint
3283 1162 3575 1230 quominus

1992 1249 2333 1303 annuntiatio
2380 1250 2555 1302 beatae
2602 1247 2785 1302 Maria:
2843 1250 3038 1303 matris
3099 1250 3359 1305 celebrari
3408 1253 3580 1321 possit

1992 1344 2046 1398 in
2075 1344 2313 1412 quolibet
2347 1357 2411 1397 ex
2435 1339 2575 1413 ipsis
2616 1359 2647 1396 v
2684 1343 2893 1406 diebus,
2931 1344 3219 1413 anticipari
3242 1346 3478 1409 valebit,
3520 1357 3576 1400 et

1991 1441 2318 1509 rescriptum
2368 1448 2611 1494 nostrum
2649 1437 2908 1492 adversus
2955 1438 3088 1501 hzcc,
3122 1438 3164 1492 si
3197 1439 3438 1506 petieris,
3469 1439 3575 1493 im-

1991 1542 2209 1600 petrare
2238 1531 2461 1586 valebis.
2495 1529 2637 1593 llaec,
2670 1528 2841 1583 frater
2862 1529 3231 1589 dilectissime,
3267 1531 3575 1583 summatim

1996 1625 2339 1692 breviterque
2369 1623 2494 1692 quia
2530 1637 2626 1692 per
2650 1622 3032 1690 memetipsum
3065 1619 3382 1675 inﬁrmitate
3408 1621 3578 1674 inter-

1996 1712 2252 1781 pellante,
2285 1722 2338 1765 et
2368 1713 2650 1766 oculorum
2697 1713 2813 1767 acie
2833 1709 2947 1779 jam
2987 1711 3290 1781 caligante,
3338 1711 3582 1766 scribere

1997 1821 2100 1859 non
2133 1805 2302 1873 potui.
2329 1803 2501 1858 Minus
2527 1807 2591 1857 de
2623 1804 2825 1873 leporis
2849 1803 3155 1857 urbanitate
3182 1802 3583 1867 curavi,sciens

1995 1911 2087 1951 eos
2118 1897 2205 1965 qui
2242 1906 2366 1950 ante
2398 1912 2498 1950 nos
2542 1895 2607 1948 de
2641 1896 2854 1950 artibus
2903 1895 3174 1964 scripsere
3197 1935 3212 1959 ,
3260 1901 3319 1946 ut
3367 1901 3578 1946 tantum

1997 1987 2426 2056 intelligerentur
2457 1986 2788 2051 elaborasse,
2811 1985 3176 2053 eloquentiam
3200 1999 3330 2038 vero
3359 1985 3582 2037 omnino

1996 2076 2319 2147 neglexisse.
2338 2077 2470 2131 Volo
2493 2086 2673 2130 autem
2703 2092 2802 2146 pro
2831 2075 3048 2130 talionis
3078 2074 3583 2144 recompensatione

1996 2168 2168 2221 vicem
2219 2182 2532 2235 reposcere,
2568 2176 2625 2220 ιιι
2667 2168 2794 2236 quia
2843 2166 3012 2219 multa
3047 2175 3172 2220 sunt
3198 2166 3252 2219 in
3285 2164 3583 2235 Scripturis

1996 2257 2192 2312 divinis
2222 2274 2340 2328 qu:e
2365 2267 2609 2312 nostrum
2633 2258 2889 2312 videntur
2921 2256 3254 2311 intellectum
3284 2255 3580 2319 olTendere,
3608 2273 3614 2280 ·

1996 2347 2146 2399 vobis
2195 2347 2499 2408 orantibus,
2529 2356 2582 2400 et
2633 2346 3044 2415 Scripturarum
3078 2349 3299 2414 Campos
3349 2359 3577 2416 percur-

1998 2437 2261 2501 rentibus,
2294 2438 2505 2505 possint
2537 2436 2798 2490 lucidiora
2835 2450 2975 2489 esse.

2066 2527 2248 2581 Primo
2283 2527 2521 2596 qualiter
2567 2534 2772 2579 tantam
2823 2525 3196 2579 diversitatem
3235 2539 3355 2593 qua:
3399 2532 3483 2578 est
3527 2524 3580 2576 in

1997 2617 2215 2670 homilia
2254 2616 2410 2671 Beda:
2435 2616 2502 2670 de
2547 2614 2859 2668 Palmarum
2888 2613 2975 2668 die
3004 2612 3211 2667 valeam
3248 2614 3580 2667 discernere.

2001 2726 2020 2760 ι
2059 2709 2261 2779 Agnus,
2296 2708 2490 2777 inquit,
2539 2705 2830 2776 paschalis,
2861 2703 3018 2773 cujus
3070 2703 3440 2758 immolatione
3483 2720 3582 2773 po-

1995 2798 2156 2869 pulus
2206 2797 2376 2852 lsrael
2415 2806 2498 2851 est
2551 2797 2619 2850 ab
2649 2793 2908 2866 Egyptia
2958 2793 3219 2849 servitute
3277 2793 3579 2856 liberatus.

1997 2899 2124 2942 ante
2169 2903 2200 2939 v
2232 2888 2347 2942 dies
2385 2885 2629 2951 Paschaa,
2660 2886 2711 2940 id
2756 2894 2839 2938 est
2871 2901 2987 2939 ιιιιι
3038 2884 3163 2938 luna
3195 2883 3262 2938 ad
3293 2898 3576 2953 vesperum

1992 2981 2176 3054 jussus
2215 2993 2300 3037 est
2327 2982 2618 3038 immolari.
2655 2978 2983 3049 Signiﬁcans
3013 2992 3138 3033 eum
3183 2977 3273 3046 qui
3304 2992 3404 3034 nos
3450 2994 3578 3034 sau-

1998 3073 2159 3142 guine
2193 3087 2291 3126 suo
2337 3071 2717 3139 redempturus
2762 3077 2889 3122 ante
2917 3083 2949 3120 ν
2977 3068 3092 3123 dies
3138 3066 3360 3123 Pascbae
3384 3107 3400 3132 ,
3438 3067 3582 3123 idem

1998 3163 2256 3218 hodierna
2292 3163 2401 3229 die,
2439 3177 2638 3232 magno
2665 3158 3088 3230 praecedentium
3127 3158 3585 3228 scquentiumque

1998 3253 2316 3324 populorum
2360 3252 2559 3325 gaudio
2589 3267 2651 3307 ac
2680 3249 2996 3306 laudatione
3034 3249 3322 3316 deductus,
3350 3251 3498 3308 venit
3527 3252 3584 3308 in

2000 3343 2256 3414 templum
2295 3343 2529 3397 Domini.

2068 3433 2326 3489 Secundo
2354 3434 2421 3489 de
2453 3432 2699 3502 epistolis
2749 3429 3115 3487 decretalibus
3141 3429 3329 3486 Jacobi
3376 3441 3432 3485 et
3465 3431 3586 3488 Cle-

1998 3524 2198 3580 mentis
2219 3524 2286 3578 ad
2315 3523 2638 3578 alterutrum
2685 3522 2888 3586 missis,
2921 3521 2974 3576 in
3007 3522 3204 3590 quibus
3235 3524 3308 3576 ita
3335 3522 3586 3580 Clemens

1998 3618 2076 3672 ait
2111 3619 2178 3671 de
2218 3618 2379 3672 beato
2423 3616 2608 3680 Petro,
2646 3615 2788 3670 sicut
2833 3604 2945 3681 jam
2999 3631 3181 3693 passo.
3214 3615 3382 3686 Igitur
3422 3616 3586 3674 Petro

1997 3708 2215 3762 vivente
2242 3705 2591 3776 manifestum
2633 3713 2717 3759 est
2748 3719 2870 3758 eum
2916 3720 3020 3756 non
3063 3705 3366 3772 scripsisse.
3402 3707 3586 3760 EtJa-

1999 3799 2194 3854 cobnm
2229 3811 2326 3850 vni
2369 3796 2528 3850 annis
2571 3795 2920 3850 manifestum
2953 3805 3039 3850 est
3085 3805 3214 3850 ante
3262 3799 3578 3868 passionem

1999 3886 2144 3943 Petri
2177 3888 2498 3942 decessisse.
2546 3886 2674 3941 Post
2719 3887 3031 3957 passionem
3062 3901 3192 3941 vero
3243 3887 3387 3942 beati
3435 3887 3584 3943 Petri

2000 3982 2168 4037 Linus
2209 3999 2285 4036 xu
2317 3981 2474 4035 annis
2511 3990 2567 4035 et
2603 3979 2894 4034 Anaclctus
2918 3977 3168 4042 totidem,
3200 3991 3585 4050 cooperatores

1998 4071 2296 4126 Clementis
2319 4112 2333 4135 ,
2381 4072 2472 4140 qui
2510 4071 2672 4125 Petro
2704 4084 2831 4124 vere
2865 4082 3251 4137 successerat,
3299 4074 3582 4129 exstitere.

2001 4159 2167 4215 Multo
2206 4161 2382 4214 minus
2415 4161 2581 4228 igitur
2627 4161 2855 4214 istorum
2913 4169 3154 4229 tempore
3202 4163 3379 4230 potuit
3413 4161 3584 4217 Jacob

2001 4254 2328 4309 rescribere.
2359 4253 2488 4306 Post
2520 4254 2800 4308 decessum
2830 4265 2958 4306 vero
2989 4253 3255 4321 ipsorum,
3300 4268 3424 4308 cum
3463 4254 3585 4309 Cle-

306 4347 548 4396 taretur,
575 4348 631 4390 et
660 4348 715 4389 ut
742 4347 858 4406 post
888 4339 1269 4408 aequinoctium
1313 4356 1527 4409 seraper
1551 4339 1760 4394 Pascha
1803 4355 1896 4394 ce-
1925 4353 1975 4410 1)
2004 4361 2158 4400 mens
2182 4344 2332 4400 solus
2360 4361 2476 4400 vnn
2504 4345 2938 4400 a'nnisllomanze
2959 4344 3280 4413 praesideret
3306 4346 3582 4413 Ecclesize,

305 4427 636 4482 lebraretur.
659 4427 729 4483 Ut
755 4442 882 4486 vero
903 4439 1022 4498 post
1047 4445 1186 4493 XIIII,
1219 4431 1268 4483 id
1292 4440 1372 4484 cst
1396 4431 1447 4484 in
1478 4446 1536 4484 ιιι
1561 4431 1910 4484 hebdomada'

307 4518 476 4583 hujus
506 4517 684 4571 szeculi
731 4522 950 4573 omnino
981 4520 1156 4572 adhuc
1181 4529 1272 4572 aut
1303 4519 1666 4590 ignorabatur,
1701 4529 1795 4573 aut
1830 4535 1896 4573 ne

305 4612 614 4680 legebatur,
644 4610 814 4665 donec
849 4612 900 4664 in
934 4611 1149 4664 Nicaana
1197 4613 1404 4682 synodo
1433 4620 1487 4664 et
1509 4613 1894 4680 aequinoctium

305 4719 392 4758 xu
435 4703 659 4758 Kalend.
717 4702 888 4772 April.
942 4703 1251 4772 praeﬁxum,
1313 4711 1368 4757 et
1423 4702 1538 4756 dies
1590 4703 1894 4772 paschales,

299 4797 462 4866 juxta
493 4811 612 4849 xtut
639 4793 795 4848 lunas
819 4793 1123 4857 Pachomii,
1169 4794 1425 4861 deinceps
1451 4801 1574 4845 sunt
1599 4794 1891 4847 observati.

307 4888 430 4942 Hoc
483 4901 612 4941 vero
664 4887 968 4942 certissime
1021 4885 1298 4938 sciendum
1355 4883 1499 4952 quod
1559 4885 1603 4939 si
1650 4898 1716 4938 eo
1764 4892 1898 4937 tem-

308 4994 443 5049 pore
487 4978 809 5048 aequinoctia
855 4986 913 5033 et
967 4975 1197 5029 solstitia
1247 4978 1299 5028 in
1349 4991 1425 5028 xu
1485 4974 1850 5030 Kalendarum
1880 5017 1894 5040 ,

308 5075 451 5129 sicut
522 5074 682 5127 modo
747 5077 928 5126 essent
1009 5071 1266 5136 przelixa,
1356 5084 1622 5137 nunquam
1699 5082 1898 5122 concea

310 5169 521 5238 ptioncs
583 5174 637 5219 et
693 5161 899 5218 natales
959 5159 1100 5213 beati
1156 5160 1382 5216 Joannis
1421 5171 1473 5213 et
1511 5163 1682 5231 ipsius
1734 5160 1896 5214 Chri-

307 5262 375 5300 cli
429 5261 481 5300 in
534 5273 630 5300 νιιι
700 5255 1100 5300 Kalnmlartnn.
1165 5257 1257 5300 sml
1329 5254 1501 5300 nntius
1554 5259 1604 5300 in
1668 5270 1742 5300 ςιι
1807 5273 1894 5300 ρα-

2001 4437 2168 4491 multo
2205 4436 2380 4491 adhuc
2409 4437 2586 4491 minus
2617 4436 2945 4490 credendum
2986 4444 3072 4490 est
3107 4437 3350 4504 potuisse
3387 4440 3586 4491 rescri-

1998 4528 2128 4582 bere
2175 4529 2445 4597 completo
2493 4543 2522 4580 a
2571 4527 2823 4596 passione
2857 4525 3045 4604 Jacobi
3102 4541 3254 4581 xxxu
3310 4542 3579 4583 annorum

1999 4629 2105 4672 tem
2112 4635 2260 4688 pore.

2073 4710 2260 4764 Tertio
2309 4710 2374 4764 de
2424 4711 2627 4765 nostris
2673 4709 3105 4766 Treverensibus
3151 4712 3441 4778 Euchario,
3472 4713 3584 4768 Va-

2000 4801 2156 4866 lerio,
2182 4801 2440 4867 Materno,
2461 4803 2553 4870 qui
2581 4803 2834 4856 dicuntur
2864 4803 3016 4856 missi
3047 4801 3215 4858 fuisse
3245 4804 3310 4857 ab
3340 4802 3585 4874 apnswlo

2000 4894 2183 4956 Petro,
2230 4903 2284 4947 et
2333 4893 2484 4948 locus
2540 4895 2760 4961 quidem
2814 4894 2869 4948 in
2922 4894 3148 4949 Elisatio
3199 4910 3337 4963 pago
3387 4909 3586 4952 nomen

2001 4983 2210 5038 habens
2251 4981 2422 5052 Eligia
2451 4984 2750 5036 concordat
2797 4997 2923 5036 cum
2957 4995 3147 5035 eorum
3177 4983 3440 5051 historia;
3494 4983 3590 5037 sed

2005 5090 2031 5127 a
2060 5073 2312 5144 passione
2359 5073 2503 5126 beati
2534 5071 2684 5128 Petri
2715 5071 2806 5141 qui
2851 5082 2936 5125 est
2968 5083 3072 5124 xm
3116 5084 3292 5126 annus
3335 5074 3592 5134 Neronis.

2002 5167 2093 5236 qui
2149 5164 2195 5218 si
2241 5163 2380 5220 forte
2425 5165 2790 5228 Eucharium,
2845 5161 3121 5216 Valerium
3172 5170 3232 5227 et
3281 5163 3595 5222 Maternum

2002 5255 2332 5300 Trm'vrilnts
2375 5254 2539 5300 misit.
2573 5268 2698 5300 ante
2737 5250 2944 5300 aliquot
2972 5263 3144 5300 annos
3175 5251 3451 5300 nassimiic
3477 5269 3593 5300 ςιιιιε
