4042 5300
510 194 651 266 1155

1516 183 1893 259 NOTGERUS
1929 178 2350 240 LEODIENSIS
2399 175 2792 234 EPISCOPUS.

3642 173 3786 230 “56

504 326 631 383 pus,
669 323 791 367 eum
821 303 1068 363 Maurino
1116 302 1505 359 arcliidiacono
1544 316 1677 366 suo.
1710 300 1800 356 ubi
1831 306 1885 354 et
1914 295 2090 355 adfuit
2119 304 2165 363 Λ
2195 288 2897 363 appareat,etpragmatica
2928 285 3096 356 ipsius
3111 298 3326 340 onmem
3347 283 3637 339 veritatem
3660 300 3790 340 con-

509 410 736 458 sanctus
765 397 1019 471 Agricius
1039 394 1395 452 Treverensis
1422 394 1726 465 episcopus.

587 532 813 600 Quarto,
845 528 1117 599 quomodo
1151 526 1371 589 Decius,
1423 521 1513 597 qui
1560 541 1670 579 uno
1699 532 1910 579 tantum
1938 518 2093 579 anno

506 624 592 680 vel
622 623 782 692 paulo
808 621 926 691 plus
950 619 1200 690 pratfuit,
1227 626 1283 674 et
1324 617 1632 673 Cornelium
1662 631 1855 686 papam
1892 622 2094 687 marty-

507 715 744 777 rizavit,
780 712 996 768 Xistum
1050 725 1245 782 papam
1295 726 1419 766 cum
1474 709 1772 764 Laurentio
1818 708 2093 763 archidiag-

507 819 647 860 cono
687 819 786 859 suo
836 801 1150 858 interﬁcere
1187 799 1464 866 debuerit,
1506 815 1638 853 cum
1682 797 1996 868 Stephanus
2039 805 2094 853 et

506 897 731 961 Lucius,
774 905 1150 951 antecessores
1179 892 1358 957 Xisti,
1404 908 1433 946 a
1484 892 1895 948 successoribus
1943 889 2093 945 Decii

504 989 656 1047 Gallo
686 1000 741 1044 et
761 987 1055 1045 Volusiano
1081 986 1166 1042 vel
1197 984 1485 1041 Valeriano
1513 993 1568 1039 et
1593 983 1841 1040 Gallieno
1885 992 2096 1053 marty-

507 1081 668 1135 rizati
698 1080 829 1136 sint.

510 1282 513 1285 _
577 1217 802 1287 Quinto,
823 1216 890 1271 de
926 1213 1288 1271 Constantino
1313 1214 1578 1281 Augusto,
1593 1212 1736 1282 quod
1765 1210 1832 1267 ab
1862 1210 2098 1266 Eusebio

508 1305 926 1363 Nicomediense
976 1296 1284 1373 baptizatus
1334 1300 1658 1367 sit,Ariano
1684 1301 1956 1369 dogmate.
2006 1299 2098 1354 Di-

505 1407 637 1454 cunt
678 1404 860 1451 autem
902 1392 1150 1448 haeretici
1206 1389 1538 1460 baptismum
1587 1405 1742 1450 eum.
1782 1397 1840 1442 ut
1889 1388 1943 1442 in
1981 1386 2099 1443 Jor-

506 1492 648 1544 dane
681 1486 1096 1557 baptizaretur.
1140 1480 1358 1539 dilferre
1402 1480 1668 1542 voluisse,
1713 1481 1808 1535 sed
1855 1480 1907 1533 in
1937 1478 2096 1534 Nico-

504 1579 683 1635 media
712 1585 1046 1647 praeventum
1075 1582 1252 1628 morte
1287 1572 1505 1628 noviter
1531 1572 1600 1627 ab
1631 1571 1864 1626 Eusebio
1890 1571 2096 1626 Ariano
2136 1592 2141 1599 ·

2196 385 2385 437 tinent.

2267 471 2457 535 Sexto,
2503 471 2571 525 de
2621 474 2808 523 saneta
2854 481 3017 523 cruce
3044 507 3059 531 ,
3115 482 3282 537 quam
3332 466 3557 537 quidam
3599 476 3791 536 putant

2197 562 2299 618 nisi
2356 569 2480 633 post
2542 560 2955 615 conversionem
3012 556 3365 612 Constantini
3416 565 3476 610 et
3539 564 3788 624 tempore

2197 651 2256 705 S.
2284 650 2549 722 Sylvestri
2581 665 2684 703 non
2714 663 2836 703 esse
2878 647 3195 709 inventam;
3247 646 3342 700 sed
3373 643 3667 716 Sylvestro
3696 658 3793 700 an-

2199 743 2419 798 tecessit
2447 739 2801 803 Melcbiades,
2830 738 3113 792 Melcbiadi
3154 736 3443 802 Eusebius,
3480 736 3573 805 qui
3601 736 3794 790 inven—

2198 833 2361 887 tionis
2388 832 2507 903 ejus
2537 830 2915 892 celebritatem
2946 827 3194 905 praecipit
3216 827 3269 881 in
3293 825 3665 905 decretalibus
3681 825 3794 880 suis

2196 922 2617 988 observandam,
2650 930 2837 991 utpote
2879 934 2977 974 suo
3010 928 3253 989 tempore
3288 919 3567 974 inventam
3605 933 3641 970 v
3689 915 3791 971 Νο-

2200 1033 2302 1072 nas
2323 1014 2473 1069 Mali.

2274 1118 2541 1189 Septimo,
2563 1118 2631 1172 de
2654 1117 2920 1188 probroso
2940 1115 3051 1171 ‘Arii
3082 1115 3323 1179 interitu,
3351 1102 3511 1185 quasi
3542 1121 3794 1182 tempore

2200 1209 2502 1266 Constantii
2571 1209 2665 1263 lilii
2731 1209 3075 1265 Constantini
3139 1209 3438 1263 secundum
3497 1205 3791 1261 historiam

2201 1301 2635 1357 ecclesiasticam
2668 1301 2903 1366 exstitit,
2929 1301 3029 1355 sub
3063 1300 3375 1354 Alexandro
3400 1299 3669 1368 episcopo
3696 1310 3796 1351 suo

2200 1408 2324 1451 esse
2356 1409 2461 1449 non
2486 1393 2681 1462 potuit.
2708 1392 2899 1449 Obitus
2920 1394 3069 1448 enim
3102 1392 3397 1447 Alexandri
3416 1390 3632 1446 obitum
3665 1405 3799 1458 pm:-

2198 1483 2365 1539 cessit
2411 1483 2757 1538 Constantini
2809 1483 2968 1536 annis
3001 1498 3115 1536 vm.
3163 1482 3500 1535 Athanasius
3534 1492 3796 1547 namque.

2199 1575 2291 1645 qui
2346 1575 2654 1630 Alexandro
2711 1575 3009 1640 successit,
3042 1571 3600 1644 -primumexsulinm
3656 1568 3797 1639 apud

504 1670 838 1740 baptizatum
869 1683 1011 1723 esse.
1043 1664 1237 1720 Verior
1264 1673 1445 1718 autem
1476 1673 1563 1718 est
1597 1663 1846 1719 historia:
1866 1661 2092 1719 Graeco—
2125 1687 2170 1747 Β
2201 1665 2505 1729 Treverim,
2529 1664 2681 1732 jussu
2705 1663 3072 1729 Constantini,
3100 1677 3206 1718 non
3237 1660 3569 1723 Constantii,
3607 1668 3797 1729 perte.

506 1773 631 1812 rum
662 1758 910 1821 assertio,
939 1755 1027 1810 ubi
1057 1754 1288 1810 habetur
1317 1754 1384 1810 ab
1423 1753 1719 1819 haereticis,
1747 1762 1972 1822 prepter
2009 1753 2094 1808 in—

505 1851 710 1906 vidiam
739 1850 1193 1913 Christianorum,
1226 1847 1368 1918 quod
1390 1847 1459 1901 de
1480 1845 1784 1901 concubina
1807 1846 1880 1900 sit
1909 1854 2103 1913 natus,‘

505 1950 564 1998 et
587 1942 974 2013 rebaptizatus,
993 1940 1284 1997 conﬁctam
1306 1954 1450 2004 esse,
1479 1954 1602 1995 cum
1631 1947 1687 1993 et
1716 1936 2093 2007 baptisterium

507 2032 623 2103 ejus
662 2048 771 2107 quo
803 2048 833 2087 a
874 2031 1151 2109 Sylvestro
1199 2030 1509 2102 baptizatus
1549 2041 1635 2086 est
1687 2028 1865 2084 adhuc
1911 2026 2097 2083 Roma

2207 1757 2292 1821 lit,
2317 1770 2537 1826 quaneo
2565 1771 2686 1810 cum
2718 1754 3011 1810 Maximino
3052 1756 3308 1825 episcopo
3343 1753 3717 1808 Treverorum
3744 1757 3802 1803 et

2205 1849 2459 1906 Servatio
2503 1845 2844 1919 Tungrorum
2875 1858 2930 1902 et
2965 1848 3087 1903 aliis
3117 1847 3304 1902 multis
3323 1842 3639 1901 Coloniensi
3666 1855 3799 1910 syn-

2213 1942 2319 1995 odo
2373 1938 2642 2004 interluit,
2695 1938 2782 1993 ubi
2824 1940 3063 2009 Epitrata
3115 1939 3357 2010 ejusdem
3398 1935 3644 1992 civitatis

2209 2045 2408 2102 scopus
2451 2031 2742 2091 damnatus
2774 2028 2881 2084 luit
2910 2030 3080 2102 (διε).

582 2169 734 2240 (548)
771 2169 885 2224 Hac
914 2167 1158 2243 epistola,
1182 2181 1345 2243 quam
1385 2179 1491 2219 non
1520 2164 1774 2243 existimo
1804 2163 2088 2243 essentne:-
2193 2166 2406 2229 sentire,
2450 2164 2590 2243 quod
2631 2163 2919 2243 aliquando
2961 2179 3166 2243 quoque
3196 2138 3468 2243 nigrosque
3490 2158 3801 2243 confundit,

546 2232 660 2297 ram
687 2232 727 2304 ,⁷
757 2232 1047 2307 respondet
1097 2232 1388 2307 Herigerus
1437 2235 1828 2307 qnzestionibus
1882 2233 1984 2287 sibi
2021 2232 2090 2286 ab

536 2304 734 2376 lugone
762 2304 921 2364 factis
944 2308 997 2362 in
1028 2304 1253 2375 epistola
1285 2306 1437 2374 cujus
1455 2304 1830 2376 fragmentum
1857 2317 2092 2376 sequens

508 2372 719 2435 tantum
760 2380 934 2434 habeo
960 2396 974 2431 :
1009 2372 1213 2431 Damno
1241 2372 1417 2429 abbati
1440 2375 1511 2428 Η.
1543 2372 1709 2442 frater
1740 2372 1913 2442 Hugo.
1938 2372 2091 2438 Quod

507 2448 657 2505 Beda
694 2460 742 2502 et
787 2448 1068 2519 Dionysius
1090 2449 1145 2501 in
1174 2445 1438 2515 apusculis
1468 2461 1579 2499 ants
1620 2444 1859 2498 videntur
1894 2445 2096 2498 diverse

2196 2242 2366 2289 vestro
2396 2228 2630 2303 petimus
2671 2228 2860 2302 corrigi
2909 2228 3350 2303 ea'nnii'negNunt
3382 2228 3569 2303 Beda.
3603 2230 3726 2303 qni_
3746 2228 3802 2280 in

2198 2298 2429 2373 capitulo
2479 2304 2583 2365 47.,
2633 2304 2774 2373 quod
2811 2298 3128 2357 inscribitur
3179 2300 3252 2354 De
3300 2301 3456 2373 annis
3512 2298 3802 2373 Damius};

2200 2366 2597 2428 Incarnationis
2624 2366 2942 2438 ritu/tentia,
2983 2374 3089 2427 ima
3122 2382 3170 2427 et
3204 2371 3503 2441 evangelia
3533 2384 3625 2424 mt
3672 2366 3802 2423 Kal.

2202 2444 2422 2516 Aprilis,
2447 2460 2520 2499 xv
2549 2445 2679 2498 luna
2704 2444 2865 2498 diem.
2888 2482 2902 2497 .
2925 2483 2939 2498 .
2961 2483 2979 2498 .
2997 2482 3012 2497 .

513 2567 3791 2624 ψ

1808 2719 1981 2764 ANNO
2027 2718 2258 2766 DOMINI
2313 2721 2359 2764 Μ
2371 2719 2506 2764 VI".

1418 2905 2874 3119 NOTGEBUS

1267 3255 2111 3372 LEODIENSIS
2169 3254 2984 3374 EPISCOPUS.

1451 3593 1455 3596 ν
1507 3493 2064 3656 ΝΟΤΙΤΙᾹ
2114 3509 2806 3649 HISTOBICA.

1481 3751 1680 3825 (Callia
1707 3747 2013 3807 Christiana
2044 3763 2201 3813 nova,
2242 3754 2374 3805 tom.
2397 3745 2486 3812 lll,
2521 3761 2648 3818 pag.
2682 3745 2837 3818 845.)

1978 3887 2381 3902 ﬂ

590 3952 878 4024 Natgerus,
923 3961 1018 4004 seu
1051 3944 1338 4012 Notkerus,
1369 3954 1431 4000 ut
1478 3946 1531 4001 in
1555 3946 1864 4016 diplomatis
1902 3949 2103 4018 passim
2133 3954 2177 4016 (ζ
2208 3962 2395 4012 causa,
2424 3945 2708 4025 damnatos
2730 3959 2917 4016 pcenas
2938 3946 3089 4002 luere
3109 3946 3292 4018 jussit.
3323 3947 3805 4018 Caprimonfanam

514 4042 736 4114 legitur,
768 4042 1097 4096 Alemannus
1126 4046 1270 4103 ortu,
1305 4036 1358 4091 in
1389 4036 1588 4093 Snevia
1616 4037 1886 4092 nobilibus
1914 4053 2109 4108 paren-

517 4133 662 4188 tibus
689 4141 871 4196 natus,
899 4130 1132 4201 primum
1164 4128 1479 4182 monasterii
1511 4126 1571 4181 S.
1594 4126 1733 4182 Galli
1762 4129 2105 4197 praepositus,

519 4232 581 4277 ut
617 4223 669 4276 in
699 4222 969 4276 Chronico
1019 4218 1293 4274 Saxonico
1320 4218 1533 4289 legitur,
1566 4219 1654 4273 ubi
1694 4227 1900 4273 tantum
1939 4220 1992 4274 in
2024 4219 2110 4272 lit-

522 4312 599 4367 ris
627 4326 688 4366 ac
713 4312 910 4380 pietate
940 4324 1286 4380 progressum
1325 4308 1474 4374 fecit,
1502 4318 1562 4363 ut
1586 4309 1846 4365 fratribus
1870 4309 2108 4379 praeponi

521 4402 804 4464 meruerit,
836 4408 891 4454 et
918 4399 1044 4454 inde
1091 4399 1162 4454 ab
1205 4398 1433 4455 Odilune
1467 4396 1776 4454 Stabulensi
1807 4398 2003 4454 abbate
2043 4398 2111 4453 ad

519 4507 649 4548 suos
683 4490 1007 4546 erudiendos
1048 4500 1303 4546 evocatus
1334 4491 1517 4556 fuerit,
1548 4500 1683 4546 teste
1717 4490 2112 4546 Bartbolomteo

519 4581 718 4637 Fiseno
742 4597 758 4646 ;
790 4579 1007 4635 deruunt
1029 4578 1239 4635 Eraclio
1262 4596 1293 4635 e
1318 4580 1453 4634 vivis
1477 4580 1692 4635 sublato
1716 4580 1975 4636 sull'ectus
2001 4588 2105 4646 est,

519 4677 574 4724 et
596 4684 627 4723 a
653 4669 711 4723 S.
741 4668 987 4725 Gereune
1007 4668 1311 4724 Coloniensi
1341 4669 1594 4740 episcopo
1620 4678 1965 4726 consecratus
1984 4670 2108 4726 974.

520 4762 619 4818 Vir
648 4760 752 4817 fuit
788 4761 1001 4817 eximiae
1045 4761 1294 4831 pietatis,
1324 4762 1615 4832 singularis
1639 4778 1739 4833 pro
1771 4762 1874 4816 illis
1902 4771 2113 4833 tempo-

521 4856 675 4912 ribus
703 4854 1045 4918 eruditionis,
1073 4868 1295 4909 summaa
1317 4852 1369 4905 in
1401 4856 1608 4924 agendo
1637 4854 1928 4924 :apientite,
1961 4854 2114 4909 mira:

522 4948 580 5004 in
612 4946 1014 5018 pcrtractandis
1040 4946 1269 5017 negotiis
1302 4946 1634 5016 sagacitatis,
1667 4955 1721 5001 et
1749 4948 1836 5002 vix
1869 4963 1972 5001 non
2012 4948 2112 5001 im—

523 5053 730 5094 mensa
758 5054 886 5109 erga
934 5052 1124 5092 omnes
1161 5037 1551 5093 benevolentiae
1592 5038 1752 5093 simul
1794 5046 1851 5094 et
1893 5038 2112 5093 munifi-

525 5130 738 5185 centius.

596 5216 836 5272 Primum
872 5214 990 5285 ejus
1016 5216 1252 5273 studium
1290 5216 1390 5272 fuit
1432 5226 1494 5291 ut
1526 5215 1735 5288 plebem
1780 5220 1849 5272 ad
1880 5215 2113 5273 cilicium

2208 4053 2387 4093 arcem
2412 4036 2548 4092 infra
2561 4038 2856 4093 secundum
2879 4039 2947 4093 ab
2971 4038 3102 4094 urbe
3118 4037 3349 4109 lapidem
3371 4041 3558 4103 sitam.
3583 4058 3803 4098 accessu

2209 4130 2433 4184 arduam
2461 4167 2477 4194 ,
2510 4142 2787 4181 murorum
2824 4143 2892 4184 ac
2921 4130 3169 4183 turrium"
3203 4129 3400 4185 ﬂrmitt
3428 4144 3459 4185 e
3514 4134 3803 4195 munitam,

2210 4221 2245 4275 lt
2282 4230 2469 4273 etenus
2502 4219 2917 4289 inexpugnamn
2941 4260 2956 4286 ,
2990 4221 3097 4275 imo
3136 4229 3191 4274 et
3223 4221 3699 4292 inexpugnabilem
3731 4225 3805 4277 vi.

2210 4327 2350 4373 sam,
2397 4308 2632 4365 Lcodico
2684 4310 3077 4376 imminentIm,
3127 4309 3644 4368 latruncu‘orumet
3685 4313 3804 4384 pagi

2211 4413 2566 4475 tyrnnorum
2616 4400 2948 4469 speluncam,
3005 4401 3357 4471 improbanda
3402 4416 3466 4458 ac
3514 4407 3801 4459 temeraria

2212 4491 2402 4548 fraude
2428 4491 2589 4560 cepit,
2624 4505 2688 4545 ac
2720 4502 2888 4545 totam
2925 4492 3124 4547 evertit
3153 4500 3304 4546 tanto
3333 4507 3558 4547 suorum
3611 4497 3803 4550 ardore

2213 4592 2274 4637 ut
2322 4598 2385 4651 pr
2407 4582 2563 4636 stinte
2614 4580 2931 4636 tnunitiOnis
2982 4582 3185 4637 nullum
3239 4583 3464 4637 ornninu
3512 4599 3610 4640 ves
3638 4586 3798 4656 igium

2212 4670 2593 4743 permansesit.
2623 4669 2781 4724 Crcvi
2801 4686 2858 4727 re
2894 4672 2991 4727 ista
3018 4673 3171 4726 ruina
3202 4672 3494 4728 Leodicuni
3525 4683 3583 4729 et
3606 4675 3800 4744 Aquis—

2214 4777 2462 4833 granum,
2490 4775 2680 4816 eversa
2709 4761 2907 4832 quippe
2932 4762 3031 4816 Dei
3057 4762 3347 4818 Genitricis
3374 4763 3621 4823 basilica.
3654 4777 3800 4832 pm-

2217 4852 2283 4922 by
2295 4862 2337 4907 Ir
2348 4866 2438 4906 ros
2459 4851 2749 4907 duodecim
2771 4852 2863 4921 qui
2886 4853 2940 4907 in
2963 4852 3053 4907 illa
3074 4852 3302 4908 Domino
3325 4856 3538 4909 servieb
3574 4863 3651 4917 nt,
3678 4869 3797 4908 cum

2212 4941 2464 4998 omnibus
2497 4939 2609 4996 suis
2639 4941 2939 4995 redditiqu
2967 4942 3206 5012 Aquensi
3235 4944 3465 5012 collegio
3494 4942 3794 5012 conjunxit.

2213 5043 2270 5090 et
2292 5033 2487 5090 additi;
2515 5035 2581 5089 de
2621 5048 2722 5089 suo
2755 5035 3130 5105 vectigalibus,
3179 5036 3318 5091 alios
3373 5036 3593 5107 i‘snper
3638 5037 3795 5091 denos

2217 5125 2474 5180 instituit.
2504 5124 2563 5180 S.
2592 5125 2833 5194 Caprasii
2869 5127 2920 5181 in
2947 5129 3059 5182 eod;
3084 5143 3134 5181 m
3168 5138 3292 5183 mon
3320 5143 3351 5183 e
3378 5131 3616 5197 positum
3643 5128 3797 5183 colle-

2216 5218 2362 5287 gium
2398 5218 2780 5272 (anonicorum
2813 5220 2882 5274 ad
2926 5220 3098 5275 sancti
3130 5219 3281 5274 Pauli
3312 5219 3461 5277 Lcol
3486 5236 3577 5276 um
3624 5231 3793 5275 trans-
