4042 5300
539 371 672 428 “Z9

1637 375 1937 433 NOTGERI
1977 380 2377 434 LiiODlENSIS
2407 379 2709 436 EPISCOPI

3656 378 3786 432 1140

539 489 700 542 xerit.
731 487 889 542 Anno
919 487 1022 544 995
1045 489 1182 545 sedit
1218 491 1269 545 in
1301 491 1528 546 concilio
1559 492 1876 548 Mosomensi
1918 511 1969 548 iv
1999 494 2108 548 No-
2139 511 2186 571 Α
2215 495 2566 549 confirmatur
2592 536 2604 556 ,
2663 495 2803 564 quod
2846 504 3014 549 totum
3049 509 3250 548 annum
3297 493 3432 548 1007
3484 494 3787 547 accurrisse

541 593 641 631 nas
669 577 839 643 Junii,
891 580 979 634 ubi
1030 583 1227 650 agitata
1273 591 1354 636 est
1402 596 1562 636 causa
1610 583 1871 651 Arnulpbi
1923 600 1952 638 e
1987 585 2115 639 sede

540 666 792 722 licmensi
821 667 1032 737 dejecti,
1060 679 1113 724 et
1134 670 1380 726 Gerberti
1408 674 1457 726 in
1481 673 1596 741 ejus
1619 673 1791 726 locum
1817 675 2110 744 subregati.

541 756 676 813 Vide
705 767 742 811 t.
777 757 845 812 ΙΧ
887 775 1039 815 conc.
1079 761 1298 816 Labbei.
1332 762 1532 817 Eodem
1563 780 1703 818 anno
1737 766 1788 818 in
1820 765 1994 820 locum
2027 769 2118 822 de-

538 849 734 903 mortui
759 847 981 904 Rotardi
1009 851 1286 908 Camerac.
1319 855 1553 924 episcopi
1586 857 1866 910 Erlninnm
1897 857 2113 913 Leodic.

538 939 794 996 Ecclesiae
836 943 1277 998 archidiaconmn
1327 949 1631 1015 promoveri
1679 951 1908 1014 curavit,
1960 951 2119 1020 idque

538 1044 703 1099 opera
736 1031 1004 1086 Matinildis
1028 1033 1152 1087 lilia:
1189 1032 1419 1090 Othonis
1462 1035 1997 1107 Quindelibnrgensis
2026 1039 2118 1093 ab-

539 1119 776 1176 batissm.
804 1123 990 1178 Adfuit
1019 1134 1073 1179 et
1104 1128 1310 1197 synodo
1341 1127 1680 1183 Francofort.
1709 1145 1800 1184 an.
1839 1130 2000 1196 l006,
2027 1130 2118 1185 ubi

540 1211 600 1266 S.
630 1211 896 1270 Henricus
944 1217 1240 1284 imperator
1285 1235 1385 1288 pro
1431 1221 1684 1291 erigenda
1738 1222 2118 1293 Bzunbergensi

538 1299 777 1358 Ecclesia
834 1305 886 1358 in
950 1307 1310 1376 episcopalem
1370 1310 1709 1379 supplicavit.
1779 1313 1932 1366 Anno
1985 1313 2118 1368 1007

538 1390 655 1459 ejus
683 1403 872 1464 rogatu
905 1395 1169 1450 Henricus
1199 1397 1503 1454 Germaniae.
1535 1417 1627 1454 rex
1656 1401 1925 1458 benefacit
1955 1404 2122 1459 Tbor.

537 1483 694 1537 nensi
756 1485 1015 1540 nobilium
1070 1487 1456 1544 canonicarum
1508 1492 1736 1564 collegio
1787 1493 1947 1564 (Μὶν.
2008 1504 2116 1550 not.

537 1590 586 1627 c.
620 1575 734 1644 78).
1248 1600 1250 1602 τ

611 1664 854 1736 Denique
884 1669 1071 1735 annis,
1111 1673 1316 1728 meritis
1345 1683 1398 1728 et
1432 1674 1598 1746 gloria
1649 1676 1839 1745 plenus
1861 1717 1877 1742 ,
1917 1680 2121 1735 exactis

540 1754 594 1808 in
626 1757 886 1825 regimine
915 1760 982 1814 36
1023 1763 1202 1822 annis.
1234 1764 1298 1816 ad
1331 1764 1602 1821 Christum
1639 1768 1890 1834 evolavit,
1919 1787 1972 1824 tv
1998 1771 2120 1826 ldus

2217 587 2487 639 videatur.
2520 586 2574 647 S.
2602 586 2744 638 enim
2776 585 3040 639 Henricus
3077 585 3372 654 imperator
3397 585 3518 653 ejus
3539 585 3647 652 peti
3679 583 3789 636 ioue

2215 677 2485 732 benefacit
2521 677 2821 730 'l‘ltornensi
2876 676 3099 746 collegio
3145 686 3410 746 prmcepto
3445 677 3572 728 dato
3620 691 3659 728 ll
3689 673 3789 726 No-

2216 783 2313 824 nas
2332 767 2496 821 Junii.
2521 767 2722 822 Deinde
2742 769 2997 823 erectioui
3021 769 3430 840 Bambergensis
3455 771 3794 837 episcOpatus

2219 860 2538 929 subseripsit
2553 861 2653 914 hoc
2667 860 2782 928 ipso
2795 875 2937 914 anno
2951 858 3206 914 Kalendis
3221 859 3563 921 Novembris,
3583 868 3640 910 ut
3657 860 3796 912 vide-

2220 967 2278 1006 re
2297 961 2379 1006 est
2403 953 2539 1020 apud
2558 951 2828 1006 Labbeum
2858 960 2986 1005 tom.
3006 951 3097 1016 IX,
3124 952 3227 1006 col.
3253 951 3377 1007 785.
3404 952 3669 1020 Adeoque
3699 968 3798 1004 non

2220 1054 2345 1098 ante
2363 1045 2731 1112 insequentem
2749 1059 2945 1096 annum
2969 1058 3154 1097 mense
3171 1043 3338 1112 Aprili
3359 1042 3680 1097 demortuus
3699 1042 3802 1094 dici

2218 1125 2418 1206 pOtest.
2467 1136 2830 1190 Contirmatur
2875 1135 3105 1203 denique
3155 1136 3478 1188 auctoritate
3525 1131 3799 1186 Lamberti

2223 1225 2725 1294 Scafnaburgcnsis,
2749 1225 2838 1294 qui
2871 1225 2934 1278 ad
2961 1226 3103 1278 hunc
3127 1240 3323 1279 annum
3362 1223 3584 1294 Notgeri
3598 1223 3803 1275 obitum

2223 1319 2412 1378 refert,
2445 1324 2577 1368 utet
2604 1315 2908 1370 Cltronicou
2938 1313 3258 1378 Leodiensc,
3287 1313 3458 1368 Labb.
3507 1311 3657 1365 B.bl.
3701 1327 3802 1365 ms.

2222 1414 2351 1460 tom.
2377 1405 2417 1470 l,
2450 1421 2569 1474 pag.
2601 1405 2725 1458 557.

2292 1495 2465 1550 Porro
2501 1496 2624 1565 quia
2657 1493 2777 1550 sine
2804 1495 2990 1549 dolore
3025 1510 3130 1547 non
3172 1493 3443 1548 amittitur
3486 1490 3632 1560 quod
3685 1505 3805 1544 cum

2225 1603 2410 1643 amore
2438 1587 2764 1657 possidetur,
2796 1587 3085 1641 orbitatem
3110 1601 3263 1639 suam
3303 1584 3658 1652 deplorarunt
3689 1595 3803 1632 om-

2225 1701 2321 1741 nes
2348 1686 2513 1741 totius
2541 1683 2792 1740 dieecesis
2823 1682 3061 1738 ordines.
3109 1681 3166 1733 ln
3219 1680 3352 1733 urbe
3398 1679 3512 1733 dies
3564 1675 3807 1743 singulos

2225 1779 2327 1834 sibi
2376 1783 2720 1845 sumpserunt
2766 1773 2973 1843 singula
3022 1771 3404 1828 canonicorum
3467 1767 3698 1836 collegia
3752 1773 3808 1818 ut

538 1849 920 1938 Aprilisﬂanno
953 1854 1127 1919 1007;
1174 1855 1331 1921 l008,
1377 1857 1552 1926 inquit
1604 1859 1876 1925 Mabillon,
1925 1861 2118 1917 Annal.
2152 1873 2196 1930 Β
2225 1868 2362 1938 patri
2415 1865 2621 1936 patrize'
2651 1871 3034 1932 parentarent,
3083 1875 3145 1915 ac
3183 1859 3397 1913 demum
3457 1857 3509 1910 in
3562 1853 3805 1909 Ecclesia

540 1939 672 1991 tom.
705 1936 794 2002 ιν,
832 1956 950 2010 pag.
982 1942 1110 2007 201,
1140 1943 1297 2013 idque
1321 1947 1642 2003 auctaritate
1676 1949 1958 2018 scriptoris
1989 1951 2123 2007 Vitae

542 2027 602 2081 S.
632 2027 952 2085 Theodorici
981 2033 1274 2104 Andagin.,
1301 2051 1394 2090 seu
1421 2035 1479 2090 S.
1515 2035 1738 2092 lluberti
1768 2038 2002 2105 abbatis,
2033 2042 2124 2111 qui

537 2120 708 2188 ipsius
744 2122 967 2190 aqualis
998 2122 1120 2189 fuit,
1170 2127 1373 2196 quique
1418 2136 1596 2182 ortum
1645 2128 1762 2196 ejus
1808 2131 1888 2186 sic
1929 2141 2121 2188 notat:

546 2227 566 2259 ι
601 2207 770 2263 Natus
806 2219 891 2264 est
917 2226 1056 2267 anno
1088 2213 1364 2270 lncarnat.
1419 2215 1573 2269 Dom.
1631 2217 1766 2271 1007
1799 2219 2124 2290 imperatore

540 2300 684 2369 apud
713 2301 978 2355 [tertianos
999 2311 1051 2357 et
1074 2303 1371 2362 Germanos
1395 2307 1650 2376 Henrico,
1673 2326 1821 2366 anno
1838 2322 2122 2382 postquam

539 2385 746 2442 Juniori
777 2387 972 2444 Othoni
1003 2404 1336 2449 successerat
1364 2405 1537 2461 sexto,
1563 2399 1888 2467 praesidente
1908 2402 1962 2456 in
1987 2401 2126 2458 Leo-

541 2480 718 2534 diensi
747 2482 875 2535 sede
899 2480 1151 2552 Notgero,
1178 2501 1386 2554 magna:
1407 2489 1718 2544 sanctitatis
1741 2499 1796 2544 et
1825 2492 2124 2561 prudentiae

540 2568 686 2635 viro,
717 2577 1002 2638 postquam
1031 2573 1315 2628 ordinatus
1344 2573 1519 2630 fuerat
1557 2579 1842 2649 episcopus
1870 2596 2013 2636 anno
2041 2597 2126 2637 se-

541 2659 712 2728 ptimo
768 2661 1066 2730 trigesimo,
1109 2671 1216 2718 etc.
1267 2684 1286 2716 ι
1340 2665 1406 2720 Et
1435 2676 1496 2722 ut
1539 2668 1679 2725 alter
1711 2671 1880 2727 codex
1930 2673 2121 2728 addit:

542 2746 868 2822 Priusquam
907 2755 1012 2808 vita
1057 2755 1327 2812 decederet
1355 2774 1496 2814 anno
1548 2777 1674 2815 uno.
1716 2763 1868 2831 Quod
1913 2774 1966 2819 et
2000 2765 2125 2820 inde

2231 1958 2285 2010 S.
2340 1955 2585 2018 Joannis,
2626 1963 2686 2007 ut
2739 1967 2838 2008 suo
2898 1957 3221 2006 testamento
3279 1954 3558 2010 sanxerat,
3620 1945 3806 2013 sepul-

2231 2059 2318 2103 tus
2368 2053 2454 2101 est
2487 2043 2553 2098 ad
2584 2043 2746 2098 Aram
2800 2039 2858 2095 S.
2909 2039 3120 2094 Hilarii.
3173 2041 3247 2094 De
3297 2038 3412 2103 iilo,
3444 2045 3644 2107 praeter
3695 2034 3810 2101 jam

2227 2139 2430 2194 relatos
2473 2135 2792 2190 Anselmum
2835 2140 2891 2189 et
2917 2133 3215 2201 Egidium,
3258 2131 3368 2200 agit
3421 2129 3711 2184 Albericns
3759 2128 3811 2182 in

2229 2229 2520 2285 Chronico.
2590 2225 2844 2296 Ejusdem
2915 2224 3160 2279 meminit
3235 2221 3539 2278 Clironicon
3606 2221 3806 2274 C(‘llln'

2228 2320 2380 2376 lense
2445 2319 2484 2374 l.
2551 2332 2654 2381 tu,
2704 2332 2755 2372 c.
2818 2315 2909 2369 50.
2957 2315 3136 2370 Vitam
3207 2313 3264 2368 S.
3322 2311 3558 2367 Remacli
3621 2326 3813 2379 rogati

2229 2407 2564 2466 Warinfredi
2611 2405 2826 2462 abbatis
2855 2404 3196 2460 Stabulensis
3223 2403 3546 2474 composuit,
3579 2411 3636 2455 ut
3685 2416 3800 2454 non

2230 2506 2362 2561 nulli
2392 2506 2603 2561 volunt.
2637 2505 2694 2560 in
2730 2503 2910 2560 Marca
2951 2502 3261 2572 llispanica,
3306 2515 3362 2570 p.
3410 2499 3537 2564 994,
3585 2474 3817 2551 refertur

2229 2596 2524 2668 Notgernm
2557 2595 2946 2665 subscripsisse
2976 2593 3171 2648 litteris
3217 2589 3497 2646 Benedicti
3528 2604 3682 2659 papa:
3709 2585 3816 2640 Vlil

2229 2701 2330 2757 pro
2366 2684 2667 2757 Urgellensi
2701 2683 2963 2750 Ecclesia,
2992 2682 3136 2754 quod
3166 2690 3315 2738 stare
3338 2681 3546 2750 nequit.

562 2963 3808 2993 Ἢ

1476 3121 1986 3214 ΝΟΤΙΤΙΑ

2086 3127 2445 3218 LITTE
2465 3125 2863 3216 RARIA.

1325 3315 1590 3386 (Fannia,
1622 3317 1872 3373 Biblioth.
1913 3319 2052 3374 med.
2075 3329 2122 3374 et
2156 3319 2256 3390 inf.
2297 3319 2446 3387 Lat.,
2478 3329 2609 3375 tom.
2643 3319 2710 3389 ν,
2734 3335 2856 3392 pag.
2891 3319 3040 3392 145.)

617 3604 903 3685 Notgerus,
937 3613 1283 3686 Nothegerus,
1317 3611 1598 3680 Notkerus,
1630 3623 1788 3672 natus
1817 3618 1867 3672 in
1900 3615 2121 3686 Suevia,
2151 3621 2197 3684 ε
2227 3619 2488 3689 ptembris
2515 3621 2615 3674 sub
2645 3619 2862 3691 Notgeri
2909 3620 3126 3674 nomine
3164 3628 3218 3674 et
3256 3617 3431 3674 Vitam
3459 3617 3522 3673 S.
3556 3615 3806 3673 Remacti.

541 3707 828 3775 episc0pus
863 3707 1308 3776 quadragesimus
1360 3719 1549 3762 sextus
1587 3710 1654 3764 ab
1723 3724 1853 3764 ann.
1908 3710 2013 3765 972
2062 3713 2131 3768 ad

546 3795 684 3850 1008
721 3795 1070 3860 Leodiensis,
1110 3799 1250 3867 apud
1297 3799 1561 3854 Othonem
1604 3800 1669 3853 lll
1706 3802 2085 3871 imperatorem
2113 3845 2126 3869 ,

546 3901 707 3953 quem
760 3889 1083 3958 cognatione
1114 3889 1436 3960 attingebat,
1486 3891 1779 3960 gratiosus,
1821 3895 1873 3947 in
1902 3894 2128 3963 epistola

548 3977 616 4030 ad
647 3975 1038 4032 Werinfridum
1066 3979 1312 4032 abbatem
1343 3978 1744 4046 Stabulensem,
1791 3980 1924 4035 Vita:
1953 3983 2012 4037 S.
2041 3981 2134 4036 Re-

547 4067 729 4134 macli,
755 4070 896 4138 apud
919 4069 1136 4124 Surium
1159 4067 1193 4122 5
1213 4071 1796 4139 septembr.,etGestis~
1815 4072 2129 4141 pontificum

551 4157 969 4229 'l‘ungrensmm,
1004 4160 1454 4228 Trajectensium,
1500 4161 1880 4217 Lcodiensium
1932 4179 1961 4217 a
1991 4163 2132 4219 Cha-

547 4250 778 4319 peavillo
804 4252 1101 4320 prauuissa,
1141 4253 1422 4322 profitetur
1445 4268 1502 4308 se
1539 4269 1643 4307 non
1685 4255 1842 4323 hujus
1894 4252 2132 4308 Remacli

551 4341 709 4394 modo
731 4341 820 4394 sed
849 4352 896 4395 et
927 4352 1236 4397 cwterorum
1279 4360 1388 4398 sua:
1407 4344 1544 4397 sedis
1571 4345 1874 4413 pontiﬁcum
1897 4355 2130 4414 tempora

548 4439 598 4482 et
646 4440 810 4500 gesta,
851 4449 969 4502 qua:
1022 4434 1365 4489 undecumme
1410 4443 1622 4500 jotuere
1657 4433 1893 4498 corradi,
1925 4435 1992 4487 ad
2032 4450 2130 4487 sua

553 4537 716 4590 usque
751 4532 982 4590 tempora
1005 4522 1290 4593 collegisse.
1316 4522 1480 4579 Gesta
1503 4532 1682 4578 autem
1714 4523 1803 4578 illa
1832 4525 2129 4592 primorum

550 4611 932 4680 episcoporum
959 4627 1131 4676 xxvn,
1165 4629 1269 4666 non
1323 4615 1423 4667 sub
1448 4612 1668 4684 Notgeri
1695 4614 1789 4668 sed
1831 4614 1932 4668 sub
1965 4613 2131 4667 Ilario

548 4703 659 4772 geri
705 4701 918 4756 abbatis
965 4703 1246 4758 Lobieusis
1288 4704 1505 4759 nomine
1535 4707 1676 4760 edita
1710 4712 1835 4759 sunt
1864 4720 1891 4757 a
1921 4703 2131 4759 Joanne

549 4792 914 4862 Cltapeavillo,
951 4802 988 4847 t.
1014 4793 1031 4846 Ι
1069 4795 1309 4864 Sylloges
1329 4811 1441 4850 sua:
1470 4797 1536 4851 de
1572 4794 1836 4866 episcopis
1865 4795 2130 4850 Leodien-

547 4883 721 4948 sibus,
774 4881 933 4948 16l'2,
982 4882 1038 4948 4,
1086 4892 1140 4938 et
1177 4885 1434 4956 llarigero
1489 4885 1697 4940 auctori
1750 4886 2060 4939 tribuuntur
2097 4900 2128 4939 a

2235 3714 2478 3768 vicesimi
2523 3713 2736 3783 septimi
2771 3713 2839 3767 ab
2867 3728 2995 3766 ann.
3027 3711 3147 3766 .650
3181 3711 3247 3766 ad
3285 3711 3390 3766 655
3421 3711 3662 3780 episcopi
3694 3709 3815 3762 Leo-

2236 3801 2463 3869 diensis,
2499 3811 2554 3856 et
2575 3802 2732 3856 libros
2765 3801 2897 3856 duos
2939 3802 3002 3854 de
3027 3801 3142 3870 ejus
3166 3800 3462 3863 miraculis,
3502 3799 3558 3853 in
3592 3813 3810 3868 quorum

2234 3896 2473 3950 secundo
2513 3895 2902 3949 monasterium
2952 3894 3276 3949 Stabuleuse
3303 3909 3333 3946 a
3363 3893 3531 3948 Danis
3568 3907 3698 3944 ann.
3720 3889 3814 3942 885

2232 3993 2484 4038 exustum
2529 3985 2604 4037 ita
2638 3983 2894 4048 refertur,
2933 3992 2993 4036 nt
3020 3991 3210 4037 auctor
3241 3982 3331 4036 illo
3367 3997 3427 4036 se
3475 3981 3670 4034 nttntio
3695 3993 3817 4030 cou-

2232 4083 2533 4130 sternatum
2567 4083 2824 4129 testetur:
2855 4073 2922 4127 Et
2953 4090 3068 4128 ecce
3093 4072 3356 4143 perfertur
3373 4072 3443 4124 ad
3468 4071 3812 4124 uestristissi-

2234 4183 2374 4230 mus,
2424 4174 2530 4220 etc.
2585 4166 2784 4233 itaque.
2823 4164 3148 4232 antiquioris
3201 4162 3488 4232 scriptoris
3508 4161 3679 4215 verba
3709 4160 3813 4212 haec

2235 4268 2382 4322 sunt,
2408 4271 2581 4325 neque
2611 4267 2789 4312 tamen
2841 4257 2962 4311 ideo
2992 4256 3058 4311 de
3087 4255 3322 4325 Notgero
3379 4253 3563 4323 aliquo
3604 4252 3813 4306 seniore

2234 4347 2428 4402 borum
2478 4348 2741 4402 librorum
2791 4357 3012 4403 auctore
3033 4347 3403 4417 cegitandum.
3446 4345 3566 4398 Vita
3598 4344 3656 4398 S.
3687 4343 3813 4397 Lan-

2231 4438 2414 4493 doaldi
2435 4439 2886 4510 archipresbyteri
2915 4453 3042 4493 saec.
3057 4453 3154 4501 vn,
3185 4435 3412 4506 Rotgani
3435 4436 3813 4502 sociorumqe

2230 4532 2470 4586 Amantii
2513 4529 2747 4593 diaconi,
2787 4528 3010 4583 Adriani
3041 4529 3320 4598 martyris,
3343 4527 3569 4588 Juliani,
3598 4525 3807 4578 Vincia-

2233 4639 2317 4678 na:
2343 4633 2400 4680 et
2428 4622 2744 4679 Adeltrudis
2771 4620 2923 4675 libris
2971 4635 3035 4685 tt,
3082 4620 3284 4688 scripta
3314 4619 3468 4688 jussu
3497 4616 3722 4686 Notgeri
3748 4612 3808 4666 ab

2231 4716 2422 4770 eodem
2454 4714 2738 4785 Harigero,
2764 4723 2927 4782 atque
2949 4709 3182 4781 Notgero
3205 4710 3410 4764 auctori
3437 4709 3564 4763 inde
3589 4710 3804 4765 tributa.

2229 4803 2386 4872 Cujus
2419 4804 2582 4858 etiam
2614 4801 2839 4872 epistola
2874 4818 2964 4856 an.
2991 4801 3095 4856 980
3115 4801 3182 4854 ad
3223 4799 3538 4855 Womarum
3560 4800 3804 4852 abbatem

2231 4893 2572 4949 Gaudensem
2641 4895 2766 4949 data
2824 4892 3196 4962 praemittitur,
3249 4897 3431 4943 exstat
3493 4889 3638 4956 apud
3713 4887 3803 4938 Stt—

547 4971 856 5040 Sigebcrto,
907 4989 1024 5043 cap.
1079 4975 1199 5029 158.
1236 4976 1536 5030 Verisimile
1565 4991 1741 5031 tamen
1780 4977 1992 5031 videtur
2019 4991 2125 5030 non
2158 4972 2205 5031 D
2231 4985 2370 5038 rium
2404 4985 2470 5040 19
2498 4984 2699 5048 Martii,
2752 4991 2809 5038 et
2840 4999 2962 5038 cum
3016 4981 3342 5037 llenscltenii
3381 4979 3525 5033 notis
3577 4979 3631 5033 in
3667 4977 3805 5030 Actis

546 5064 818 5108 diversum
841 5081 977 5108 mme
1005 5066 1169 5108 Γιιίςςρ
1198 5067 1338 5108 mimi
1366 5083 1392 5108 εδ
1424 5067 1658 5108 Νηισρνη
1700 5077 2007 5108 αιιςρρηηιηὶ
2074 5077 2124 5108 nl

2687 5075 2941 5108 ιιιιπηηιςς
2997 5091 3101 5108 mm
3145 5075 3215 5108 υ.
3270 5073 3326 5108 ΔΙ
3401 5072 3572 5108 νέω...»
3605 5072 3637 5108 e
3699 5069 3800 5108 11η.

2237 5074 2469 5108 enni-Inus
2521 5085 2629 5108 Inus
