4042 5300
272 285 413 342 ΜΗ

699 416 1173 425 Μ.-υ-ηο-οσρο-
1187 416 1257 423 ww-
1303 417 1815 425 -νε-ρ-ςηη-..ιψ--σ

272 414 630 455 ετξ-εἲς

1361 282 1511 335 ΥΙΤᾹ
1571 284 1627 336 S.
1678 282 1993 336 IIADALINI
2033 273 2515 336 CONFESSORIS.

630 516 1088 632 GESTA
1148 517 2141 632 EPISCOPORUM
2206 507 3168 627 LEODIENSIUM

3168 413 3541 439 -ι

1426 718 1603 797 (Vide
1646 738 1842 799 supra
1876 719 1944 779 in
1984 719 2371 793 HEBIGERO.)

950 970 1344 1102 VITA
1459 966 2022 1096 SANCTI
2123 963 2887 1091 HADALINI

1512 1196 2319 1293 CONFESSORIS

682 1373 1094 1433 CONDITORIS
1131 1368 1545 1427 MONASTER"
1585 1364 1963 1423 CELLENSIS
2000 1363 2225 1419 PROPE
2267 1362 2668 1419 DIONANTUM
2724 1364 2814 1417 AD
2857 1361 3110 1417 MOSAM.

762 1444 1364 1584 Auctorei‘iorgsng

1336 1446 1405 1487 pc.)

1416 1553 1739 1578 Mn...

1400 1451 2078 1559 ieodmsepiscopo,
2113 1476 2211 1537 uti
2233 1495 2310 1537 ex
2339 1495 2510 1537 num.
2543 1477 2580 1536 6
2616 1475 3004 1553 intelligitur

434 1635 617 1708 (.\pud
643 1634 868 1689 MABlLL.
899 1633 1026 1686 Acta
1060 1594 1163 1687 ἐς.
1203 1631 1319 1685 ord.
1354 1628 1414 1683 S.
1449 1626 1874 1750 Βεηειέὼιῶᾟυ

1942 1638 2104 1761 .)pag.
2131 1622 2293 1678 101⁸5.
2324 1621 2407 1675 Ea:
2428 1638 2524 1675 nu.
2566 1620 2684 1674 cod.
2733 1618 3121 1689 Audagineusis
3152 1627 3379 1670 moueat.

330 1928 386 1985 i.
410 1926 535 1982 Fuit
558 1924 620 1980 Β.
649 1921 945 1979 Hadalinus
970 1918 1277 1991 Aquitaniae
1321 1917 1600 1975 territorio
1641 1924 1845 1980 cretus,
1878 1917 1927 1976 Α
1954 1916 2193 1972 matibus
2248 1915 2562 1979 ostentavit,
2620 1928 2854 1985 eumque
2901 1914 3074 1971 vicem
3104 1928 3258 1971 suam
3288 1912 3540 1986 supplere

257 2017 435 2073 nobili
459 2013 755 2086 propagine
784 2022 959 2077 ortus,
992 2012 1045 2065 in
1072 2020 1258 2067 tenera
1294 2016 1454 2064 aetate
1484 2022 1694 2064 morum
1724 2021 1852 2077 pro-

257 2108 437 2164 bitate
469 2107 810 2174 grandaevus,
834 2102 1081 2174 pueritia:
1109 2116 1282 2156 annos
1308 2099 1598 2165 excedens,
1624 2112 1849 2153 consor-

257 2196 338 2251 tio
392 2210 582 2250 senum
628 2192 938 2265 Salomonis
1001 2203 1217 2259 semper
1274 2189 1455 2244 inesse
1511 2188 1760 2257 cupiens,
1795 2194 1851 2241 et

256 2287 386 2341 dum
438 2301 557 2340 sese
596 2284 838 2354 quotidie
869 2284 934 2338 ad
980 2282 1188 2353 majora
1228 2281 1495 2337 niteretur
1529 2279 1845 2344 extendere,

253 2376 424 2431 etiam
454 2375 597 2429 illius
623 2374 814 2429 famosi
849 2373 1178 2442 patriarchae
1224 2372 1472 2441 exempla
1503 2379 1733 2427 conatus
1761 2378 1849 2425 est

253 2471 592 2534 pertentare,
653 2463 740 2518 cui
807 2462 883 2516 ait
949 2460 1395 2517 DominuszExi
1460 2460 1523 2514 de
1567 2470 1707 2515 terra
1757 2470 1849 2515 tua

255 2556 413 2628 (Gen.
446 2572 545 2620 xu,
584 2556 651 2625 i),
681 2564 787 2611 etc.
813 2554 968 2622 Quod
993 2556 1156 2609 etiam
1178 2553 1496 2623 jamdudum
1532 2553 1714 2623 plures
1744 2552 1847 2610 hoc

254 2648 439 2718 ipsum
469 2649 713 2702 audierat
744 2649 993 2711 actitare,
1024 2655 1080 2702 et
1120 2660 1219 2717 pro
1249 2646 1455 2711 viribus
1485 2645 1600 2700 suis
1632 2645 1847 2699 illorum

254 2740 439 2807 impar
476 2738 693 2793 nolebat
748 2753 1033 2808 apparere,
1075 2745 1298 2792 sanctus
1323 2735 1533 2790 scilicet
1572 2735 1845 2806 Agricius,

254 2830 603 2896 Maximinus,
625 2829 902 2896 Paulinus,
928 2828 1166 2898 ejusdem
1194 2828 1383 2898 patriar
1405 2826 1640 2891 exsules,
1664 2827 1728 2879 ad
1754 2842 1849 2878 uo-

253 2929 459 2985 stram,
514 2919 567 2973 id
606 2928 686 2974 est
739 2918 1076 2973 Francorum
1114 2915 1446 2973 devenerant
1491 2926 1709 2971 terram.
1744 2914 1844 2980 Qui

249 3012 422 3065 etiam
451 3019 639 3080 postea
665 3010 968 3066 Trevericae
990 3009 1135 3064 sedis
1183 3008 1635 3080 archiepiscopaii
1676 3006 1846 3062 infula

248 3101 557 3170 sublimati,
613 3103 795 3172 ibique
831 3112 1059 3157 mortem
1106 3101 1380 3167 obientes,
1446 3115 1568 3156 cum
1617 3099 1846 3154 Domino

248 3196 536 3253 miraculis
590 3197 979 3251 attestantibus
1015 3210 1075 3251 se
1112 3194 1299 3250 vivere
1340 3192 1712 3250 manifestam.
1753 3191 1845 3247 Sic

246 3303 475 3357 quoque
504 3287 564 3341 Β.
595 3285 889 3342 Remaclus
916 3285 1315 3357 Tungrensium
1343 3284 1542 3355 praasul
1572 3284 1841 3339 almiiiuus

246 3385 307 3429 et
333 3378 443 3431 Deo
466 3375 681 3446 dignus,
703 3375 848 3431 Goar
878 3375 1127 3430 Rhenum
1161 3374 1382 3429 ﬂuvium
1405 3373 1550 3429 circa
1564 3379 1841 3428 monaste-

249 3467 399 3520 rium
428 3482 584 3521 suum
612 3467 1010 3523 transeuntium
1051 3466 1376 3531 consolator,
1434 3467 1728 3535 caeterique
1774 3481 1841 3520 ex

246 3556 442 3611 eadem
478 3558 697 3627 regione
730 3557 877 3614 felici
907 3557 1041 3616 fines
1071 3565 1371 3612 noscuntur
1394 3568 1613 3613 nostros
1640 3558 1841 3613 adiisse

248 3650 535 3718 perplures
569 3651 669 3722 (i).

321 3740 642 3798 2.0ernens
696 3740 756 3798 Β.
798 3741 1098 3799 Hadaiinus
1147 3755 1308 3813 quem
1363 3743 1531 3798 nimio
1583 3742 1845 3813 diligebat

247 3846 441 3886 amore
468 3848 499 3885 a
536 3834 645 3888 Deo
674 3842 727 3888 et
762 3834 1077 3890 hominibus
1127 3835 1426 3888 exaltatum
1461 3843 1514 3889 et
1540 3834 1841 3903 pontiﬁcali

247 3920 514 3975 cathedra
573 3922 958 3988 sublimatum,
1018 3938 1124 3977 non
1177 3932 1262 3978 est
1318 3933 1519 3980 nostrae
1565 3923 1841 3980 facultatis

248 4010 503 4066 evolvere
528 4023 728 4081 quanta
774 4029 871 4069 cor
920 4012 1039 4085 ejus
1068 4023 1123 4068 et
1150 4014 1330 4084 lingua
1362 4017 1626 4087 repletum
1676 4014 1843 4073 fuerit

248 4102 621 4159 exsultatione
661 4103 765 4179 (2).
812 4103 984 4162 Porro
1031 4105 1188 4176 cujus
1223 4108 1406 4163 meriti
1455 4109 1841 4182 religionisque

249 4192 480 4262 integra:
525 4194 577 4250 in
622 4198 808 4254 eodem
870 4200 1145 4254 exstiterit
1198 4201 1483 4272 regimine,
1535 4202 1840 4274 qualiterve

252 4285 551 4342 Stabuiaus
579 4301 633 4344 et
656 4290 1112 4348 Malmundarium
1162 4296 1492 4350 monasteria
1518 4304 1828 4351 construxe-

250 4377 324 4428 rit
351 4376 441 4445 pio
472 4376 677 4448 labore,
716 4381 768 4435 in
794 4381 911 4452 ejus
941 4383 1231 4439 Vitielibro
1254 4387 1562 4456 quicunque
1582 4386 1713 4441 velit
1741 4402 1837 4457 po-

250 4466 383 4519 terit
441 4470 700 4537 reperire.
735 4474 802 4525 At
831 4488 961 4527 vero
1002 4484 1290 4544 postquam
1322 4474 1523 4530 cultum
1550 4490 1832 4531 servorum

250 4554 348 4608 Dei
391 4556 443 4610 in
491 4558 693 4614 eisdem
740 4562 1005 4619 coenobiis
1062 4572 1471 4643 aggregaverat,
1522 4566 1829 4622 habitacula

243 4658 467 4713 quoque
506 4647 779 4719 religionis
819 4652 939 4705 usui
970 4659 1090 4721 apta
1128 4668 1321 4722 magna
1361 4668 1426 4708 ex
1471 4664 1623 4724 parte
1651 4655 1832 4725 dispo-

244 4746 468 4800 suerat;
498 4740 636 4807 quod
660 4756 875 4811 semper
903 4743 1091 4799 habuit
1119 4746 1171 4798 in
1197 4754 1343 4808 voto,
1370 4747 1678 4801 remotioris
1726 4748 1833 4803 sci-

248 4824 383 4881 licet
405 4828 528 4884 vita:
547 4831 915 4900 solitudinem,
947 4836 1047 4903 sic,
1080 4835 1192 4892 Deo
1215 4847 1510 4905 annuente,
1545 4849 1733 4895 nactus
1751 4849 1833 4894 est

237 4918 607 4978 occasionem.
656 4923 918 4991 Tandem,
949 4926 1075 4983 licet
1127 4926 1460 4996 difﬁcillime,
1523 4930 1833 4999 impetravit

241 5014 429 5062 tamen
462 5024 490 5063 a
521 5025 642 5082 rege
667 5027 723 5071 ut
751 5017 899 5071 alius
944 5017 1043 5072 sibi
1078 5018 1417 5084 succederet,
1471 5029 1523 5077 et
1578 5021 1680 5077 sibi
1739 5025 1827 5081 diu

240 5096 603 5155 desideratum
659 5121 907 5165 eremum
966 5110 1115 5165 adire
1144 5112 1351 5178 liceret,
1384 5113 1475 5169 ubi
1505 5123 1748 5173 remotus
1796 5131 1826 5171 a

238 5190 396 5228 miri:
449 5194 786 5228 cannula-:1“...
893 5196 1115 5228 l:i.....:....

1304 5212 1417 5228 σιω-Α.
1492 5220 1564 5228 Α..

1862 4613 1907 4674 C

1951 2018 2074 2077 post
2106 2023 2164 2063 se
2192 2008 2463 2063 cathedra:
2491 2022 2601 2061 sure
2631 2007 3031 2079 subrogandum
3082 2020 3147 2061 ex
3194 2005 3411 2061 nomine
3441 2007 3537 2060 ile-

1949 2097 2204 2168 signavit.
2263 2096 2425 2151 Plebe
2482 2097 2665 2167 itaque
2715 2097 2827 2152 suis
2858 2096 3030 2152 sacris
3069 2096 3541 2151 benedictionibus

1950 2193 2227 2262 insignita,
2260 2192 2320 2246 Β.
2354 2192 2616 2246 Hadalino
2665 2208 2849 2248 secum
2901 2194 3218 2259 comitante,
3250 2193 3340 2247 diu
3371 2193 3543 2248 desti—

1950 2297 2135 2339 natum
2167 2285 2440 2354 accipiunt
2468 2284 2661 2339 callem
2693 2284 2819 2355 (3).⁴

2018 2373 2195 2429 5.Sed
2223 2389 2345 2429 cum
2370 2373 2630 2430 Dominus
2654 2374 2823 2444 ipsius
2844 2375 3115 2431 benedicti
3133 2374 3385 2431 Hadalini
3408 2391 3536 2430 san-

1947 2465 2327 2535 ctitatisjubar
2348 2482 2512 2539 super
2523 2468 2903 2523 candelabrum
2920 2482 3124 2537 ponere
3142 2466 3360 2537 (Matth.
3376 2468 3537 2532 v.15)

1946 2556 2222 2626 popularis
2270 2557 2579 2628 disponeret
2620 2557 2881 2621 notionis,
2941 2555 3187 2626 contigit,
3246 2556 3373 2610 dum
3429 2556 3538 2609 iter

1948 2653 2190 2717 agerent,
2226 2655 2285 2701 ut
2314 2648 2699 2703 accumberent
2755 2646 2956 2717 quietis
2996 2647 3170 2716 gratia
3196 2646 3379 2713 ambo,
3412 2647 3535 2701 dor-

1948 2741 2248 2811 mientique
2276 2742 2343 2795 de
2371 2757 2477 2811 quo
2507 2742 2687 2813 agitur
2714 2751 2924 2807 sancto,
2977 2741 3114 2797 alter
3159 2740 3412 2810 vigilans,
3443 2742 3537 2795 l;e'-

1948 2829 2145 2901 nignus
2201 2831 2407 2886 scilicet
2464 2831 2772 2896 Remaclus,
2805 2831 2933 2887 solis
2963 2831 3174 2886 radium
3205 2831 3296 2902 qui
3345 2832 3538 2885 oherat

1946 2920 2118 2975 vultui
2168 2921 2458 2975 imminens
2504 2922 2833 2990 superantis,
2868 2922 3113 2992 angelico
3142 2921 3312 2977 velari
3346 2935 3537 2975 ceruc-

1948 3021 2031 3067 ret
2087 3012 2521 3068 obumbramine.
2581 3012 2856 3083 Evigilans
2914 3022 3097 3069 autem
3154 3014 3231 3069 ait
3285 3014 3353 3068 ad
3411 3028 3533 3067 eum

1946 3103 2138 3159 beatus
2167 3102 2407 3174 pontifex
2443 3122 2455 3157 :
2487 3103 2684 3158 Frater
2731 3104 3063 3172 dulcissime,
3095 3104 3142 3159 si
3173 3120 3333 3174 quam
3391 3121 3537 3161 nunc

1946 3194 2209 3248 visionem
2261 3194 2315 3247 in
2362 3193 2570 3248 somnis
2619 3194 2870 3265 agnoscis
2917 3194 3016 3250 tibi
3065 3204 3339 3250 ostensam
3392 3194 3533 3259 fore,

1946 3283 2077 3337 mihi
2110 3282 2350 3337 indicare
2377 3297 2447 3338 ne
2475 3280 2715 3350 differas,
2747 3282 3091 3339 charissime.
3146 3284 3213 3339 At
3243 3284 3333 3339 ille
3380 3284 3531 3338 vultu

1947 3373 2217 3429 submisso
2269 3374 2446 3444 primo
2500 3374 2762 3439 renitens,
2820 3375 2916 3431 sed
2962 3374 3350 3447 postjuhentis
3409 3371 3527 3429 voci

1948 3465 2356 3536 obtemperans,
2389 3466 2467 3521 ait
2504 3484 2516 3520 :
2554 3486 2573 3518 ‹
2606 3467 2963 3523 Decreveram
2994 3468 3116 3529 tibi,
3144 3468 3307 3523 Pater
3333 3468 3533 3523 beatis«

1946 3558 2102 3623 sime,
2152 3572 2273 3628 quae
2317 3558 2562 3614 videram
2619 3558 2674 3613 in
2721 3560 2977 3628 presenti
3023 3559 3295 3623 occulere,
3342 3573 3531 3614 verum

1944 3650 2175 3706 evolutis
2227 3650 2434 3719 aliquot
2482 3650 2673 3706 diebus
2722 3650 2916 3705 humili
2964 3665 3169 3721 pronus
3238 3650 3526 3705 devotione

1945 3741 2279 3813 patefacere.
2303 3740 2411 3798 Sed
2449 3757 2574 3799 cum
2617 3751 2722 3797 tua:
2742 3742 2973 3813 iussioni
3006 3742 3301 3813 quidquam
3325 3758 3527 3813 negare

1945 3835 2026 3891 fas
2072 3850 2179 3891 non
2226 3835 2331 3890 sit:
2358 3834 2502 3901 Vidi,
2540 3834 2785 3905 inquam,
2824 3833 3150 3903 columbam,
3178 3849 3298 3890 cum
3326 3835 3527 3890 blando

1944 3939 2140 3993 sopore
2165 3922 2520 3997 quiescerem,
2550 3923 2618 3979 de
2648 3921 2787 3978 caelo
2821 3937 2986 3992 super
3009 3936 3097 3977 me
3125 3921 3402 3993 indignum
3427 3923 3528 3978 alis

1943 4002 2198 4086 expansis
2228 4015 2557 4071 descendere
2593 4014 2778 4084 (Joan.
2807 4030 2848 4080 ι,
2875 4013 2991 4085 52),
3019 4012 3317 4084 oculosque
3372 4028 3525 4069 meos

1943 4104 2337 4176 aliquantulum
2394 4104 2861 4169 circumvolitare;
2917 4103 3102 4173 sicque
3152 4109 3313 4174 caput
3339 4117 3523 4158 meum

1941 4196 2318 4269 supersedere,
2347 4209 2540 4265 meque
2566 4195 2669 4251 hoc
2693 4210 2851 4251 omen
2876 4195 3006 4265 quid
3034 4196 3158 4251 boni
3188 4196 3530 4267 portenderit

1938 4291 2113 4347 fateor
2134 4289 2407 4362 ignorare.
2421 4306 2439 4339 ι
2457 4288 2524 4342 At
2540 4287 2593 4342 Β.
2611 4286 2854 4357 pontifex
2875 4287 3161 4344 Remaclus
3182 4288 3341 4344 hilari
3356 4289 3521 4344 etiam

1938 4384 2159 4439 intuens
2188 4381 2340 4436 vultu
2378 4398 2390 4434 :
2441 4397 2459 4431 ι
2497 4380 2751 4447 Exceilit,
2786 4380 2983 4450 inquit,
3016 4395 3051 4436 ο
3094 4381 3357 4438 Iiadaline
3381 4423 3396 4448 ,
3443 4380 3524 4435 di-

1938 4476 2116 4547 gnitas
2144 4482 2234 4529 tua
2266 4471 2632 4529 modicitatem
2662 4484 2863 4536 meam,
2896 4469 3285 4541 indignumque
3315 4485 3402 4525 me
3431 4469 3522 4523 tali

1937 4569 2112 4625 fateor
2155 4566 2323 4631 socio,
2368 4580 2529 4636 quem
2583 4562 2849 4620 famulatu
2901 4564 3214 4620 obumbrari
3264 4560 3524 4632 conspexi

1939 4658 2203 4730 angelico.
2231 4655 2308 4712 Te
2336 4671 2434 4727 per
2459 4655 2602 4711 diem
2623 4655 2702 4710 sol
2725 4669 2833 4709 non
2866 4661 3009 4720 uret,
3044 4668 3223 4723 neque
3251 4652 3378 4706 luna
3428 4664 3526 4719 per

1936 4759 2178 4815 noctem,
2221 4748 2299 4802 ait
2344 4746 2632 4802 Psalmista
2672 4743 2847 4817 (Psal.
2880 4759 3007 4810 cxx,
3036 4745 3112 4816 6),
3143 4743 3269 4813 quia
3324 4756 3427 4796 nec
3471 4738 3526 4790 in

1935 4842 2177 4904 Christo,
2208 4854 2311 4894 nec
2339 4837 2391 4891 in
2422 4838 2690 4892 illustrata
2720 4851 2819 4905 per
2844 4850 2967 4890 eum
2991 4835 3225 4890 excedes
3253 4828 3528 4886 Ecclesia.

1936 4930 2196 4989 Columba
2226 4928 2423 4998 quippe
2452 4927 2712 4996 Spiritum
2747 4934 2995 4979 sanctum
3020 4923 3112 4992 qui
3138 4932 3304 4987 super
3348 4912 3535 4975 Domi-

1939 5039 2067 5080 num
2123 5021 2181 5074 in
2223 5018 2474 5073 Jordanis
2506 5016 2742 5070 ﬂuminis
2789 5015 3119 5083 baptismate
3153 5010 3454 5076 requievit,
3486 5008 3545 5055 et

1936 5129 2057 5170 eum
2100 5109 2217 5163 oleo
2247 5107 2617 5163 exsultationis
2648 5120 2759 5174 pm
2794 5100 3158 5172 participibus
3213 5100 3336 5156 suis
3380 5092 3549 5152 unxit

1942 5204 2092 5228 ,παι
2145 5217 2263 5228 -..η
2312 5200 2365 5228 0\
2418 5198 2675 5228 Ληοηηιιειι
2716 5196 2829 5228 ςηεη
2852 5195 3024 5228 ηνηιὶσι
3066 5188 3381 5228 ηπῖιῖςαίηιω
3427 5185 3550 5228 nie-
