4042 5300
559 239 700 294 1143

1637 233 1936 292 NOTGERI
1985 231 2393 292 LEODIENSIS
2428 235 2727 296 EPlSCOPI

3671 237 3817 297 ‘Ilﬂ

553 354 803 410 rennlter
827 351 1112 422 delegavit.
1147 370 1165 403 ι
1221 350 1348 408 Haec
1377 360 1432 406 ct
1466 351 1552 406 hls
1593 351 1790 405 similia
1818 367 1988 406 sane
2011 367 2134 408 eru-
2164 358 2208 416 Α
2237 359 2292 407 et
2317 351 2385 409 de
2422 353 2596 421 pomis
2650 353 2883 423 paradisi
2943 354 3037 410 Dei
3092 353 3466 412 conversando
3519 339 3660 411 illic
3689 371 3818 412 con-

549 443 775 499 ditionis
816 441 980 496 verba
1023 437 1318 494 Hadalinus
1348 453 1377 494 a
1402 440 1514 495 Deo
1555 437 1762 493 electus
1785 439 1967 494 cordis
2001 456 2133 496 aure

551 532 829 596 audiebat,
861 539 916 585 et
965 529 1033 584 ad
1085 528 1288 597 majora
1317 543 1376 583 se
1406 529 1667 583 virtutum
1693 541 1856 597 opera
1879 529 2132 599 deinceps

550 626 836 692 accingere
865 623 1158 694 cogitabat.

621 717 674 769 4.
700 716 908 770 Rursus
930 714 1196 783 benignus
1223 711 1463 783 pontifex
1497 711 1786 768 Bemaclus
1827 713 2131 768 futurorum

548 804 811 874 praescius
864 805 941 859 ait
992 807 1059 858 ad
1111 803 1258 858 illum
1297 804 1769 876 :Acceleraergo,
1795 804 1867 860 fili
1895 806 1988 870 mi,
2025 807 2130 861 alio

544 897 869 967 quanto-ius
909 895 1295 965 profectionem
1327 895 1601 952 Christum
1631 905 1954 952 consectans
1986 913 2128 967 prae-

544 991 760 1045 ducem.
812 988 1020 1043 Vallem
1073 989 1383 1058 contiguam
1413 987 1573 1042 saltui
1600 987 1691 1057 qui
1727 987 1940 1057 adjaeet
1969 987 2130 1043 ﬂuvio

493 1084 500 1086 '
543 1094 704 1147 quem
759 1079 970 1134 Letiam
1029 1079 1106 1149 (4)
1159 1079 1346 1146 dicunt
1371 1079 1558 1144 vicini,
1589 1079 1778 1134 adiens
1805 1079 1983 1134 locum
2033 1078 2126 1147 qui

541 1170 1194 1240 Inter'quatuor-montes
1218 1178 1448 1226 vocatur
1488 1170 1724 1239 inquire,
1764 1180 1819 1224 et
1851 1170 1980 1236 illic,
2016 1171 2128 1226 Deo

542 1259 846 1328 cohospite,
902 1259 1000 1315 tibi
1037 1259 1411 1314 habitaculum
1451 1269 1616 1330 atquc
1645 1261 1947 1316 oratorium
1997 1277 2128 1318 con-

542 1359 714 1413 strue,
744 1350 953 1418 angelis
983 1351 1072 1405 ttbi
1103 1350 1424 1421 prtesulibus
1453 1352 1680 1407 Domino
1707 1351 1926 1406 Christo
1966 1353 2128 1423 digne

539 1442 724 1496 valeas
751 1441 1004 1497 militare.
1025 1442 1117 1496 Ille
1134 1443 1250 1498 hzec
1275 1443 1537 1514 praesagia
1564 1443 1723 1498 hilari
1750 1451 1931 1498 mente
1954 1443 2128 1499 susci-

539 1531 715 1599 piens,
751 1532 993 1603 vestigiis
1045 1532 1321 1602 pontificis
1375 1533 1697 1602 provolvere
1723 1533 1880 1589 nisus
1911 1542 2016 1589 est.
2055 1533 2126 1588 At

539 1620 632 1676 ille
684 1621 916 1691 benigno
965 1625 1180 1678 lzortatu
1227 1623 1375 1678 illum
1409 1624 1647 1689 elevans,
1679 1634 1737 1678 ut
1768 1623 1945 1680 locum
1996 1640 2120 1679 cum

2233 444 2432 509 viVari,
2486 446 2647 500 sicuti
2691 445 2745 500 in
2777 445 3028 515 catalogo
3073 447 3320 504 vivorum
3377 447 3674 502 illustrium
3730 451 3818 518 qui

2233 531 2433 587 ibidem
2466 548 2630 602 super
2661 534 2830 588 altare
2858 544 3083 605 apparet
3114 537 3333 593 assidue
3381 537 3621 594 habetur
3651 539 3820 592 inser-

2233 630 2366 676 tum.
2423 622 2548 679 Hazc
2593 633 2738 689 sunt,
2795 625 2986 694 inquit,
3042 627 3264 682 nomina
3316 642 3506 682 eorum
3563 629 3661 697 qui
3700 643 3820 682 cum

2231 711 2288 766 Β.
2327 712 2584 768 Remaclo
2607 715 2995 770 monasterium
3019 717 3313 772 Stabulaus
3337 719 3488 786 prius
3511 719 3823 774 inhabitare

2229 814 2552 872 coeperunt:
2589 804 2646 858 8.
2682 805 2992 870 Remacius,
3019 805 3076 861 8.
3113 807 3426 873 Hadalinus,
3453 809 3514 863 8.
3543 810 3821 864 Theodar-

2231 893 2350 957 dus,
2384 893 2440 947 S.
2476 892 2819 958 Latnbertus,
2853 897 2970 966 ejus
3000 898 3298 968 spiritualis
3347 899 3540 968 procul
3569 900 3738 954 dubio
3769 901 3822 954 in

2228 982 2552 1051 baptismate
2581 984 2754 1049 illius,
2789 985 2845 1040 S.
2881 987 3170 1053 Hu-hertus,
3211 988 3564 1045 Christianus
3604 1005 3822 1060 quoque

2228 1076 2684 1143 sapientissimus,
2707 1086 2762 1130 et
2787 1077 2966 1133 caeteri
2999 1078 3176 1132 nmlti.

2299 1165 2348 1220 6.
2383 1165 2487 1220 Sed
2526 1176 2583 1220 ut
2612 1169 2676 1220 ad
2706 1182 2768 1222 ea
2801 1169 2941 1222 unde
2989 1167 3148 1236 paulo
3178 1176 3450 1223 momento
3498 1169 3822 1223 divertimus

2229 1256 2533 1322 redeamus,
2566 1257 2730 1328 cmpit
2753 1258 2944 1312 beatus
2975 1258 3150 1313 locum
3177 1259 3533 1314 habitationis
3560 1276 3675 1314 sua:
3721 1259 3826 1313 ﬂa-

2227 1346 2440 1402 dalinus
2465 1347 2737 1411 excolere,
2768 1359 2970 1402 sanctae
2996 1349 3423 1412 conversationis
3451 1363 3622 1417 opere
3661 1349 3820 1402 ador-

2228 1456 2383 1503 nare,
2403 1440 2471 1495 de
2507 1441 2594 1495 die
2623 1442 2674 1494 in
2712 1442 2852 1495 diem
2879 1439 3082 1495 Christi
3108 1441 3279 1495 bonus
3295 1440 3428 1494 odor
3451 1441 3564 1494 Deo
3596 1440 3650 1494 in
3675 1442 3819 1494 omni

2227 1527 2344 1582 loco
2374 1544 2494 1583 esse
2521 1527 2568 1598 (ι
2579 1526 2602 1581 1
2635 1526 2757 1581 Cor.
2779 1543 2838 1592 tt,
2866 1527 2976 1596 15).
3011 1527 3153 1582 Sane
3176 1529 3318 1596 quod
3335 1527 3581 1582 caelestis
3601 1529 3819 1605 lucerna

2227 1620 2314 1674 diu
2352 1619 2520 1676 latere
2563 1619 2664 1674 sub
2698 1619 2866 1674 modii
2902 1620 3221 1689 nequiverat
3275 1619 3465 1672 umbra
3517 1618 3740 1689 (Matth.
3769 1636 3816 1672 τ.

540 1711 838 1782 aliquantis
879 1714 1168 1768 comitibus
1196 1715 1394 1779 adiret,
1427 1724 1483 1770 et
1510 1716 1834 1785 procedente
1883 1725 2123 1784 tempore
2153 1693 2199 1752 Β
2231 1716 2339 1779 15).
2370 1732 2470 1771 nec
2486 1717 2678 1770 civitas
2693 1715 2949 1770 abscondi
2967 1729 3126 1782 supra
3148 1724 3385 1769 montem
3403 1713 3582 1781 posita
3602 1713 3816 1782 (Natta.

539 1801 609 1856 ad
649 1817 710 1858 se
743 1818 888 1873 saepe
944 1803 1273 1860 visitationis
1331 1806 1510 1876 gratia
1549 1806 1776 1874 rediret,
1839 1809 2121 1864 suadebat.

539 1894 974 1966 Exorataitaque
989 1907 1042 1950 ct
1064 1897 1351 1966 impetrata
1389 1900 1768 1954 benedictione
1799 1915 2124 1970 progressus

539 1985 834 2057 indagandi
894 1988 1178 2056 cupidine,
1235 1989 1338 2043 viri
1393 1987 1670 2057 cujusdam
1697 1991 1785 2059 qui
1830 1991 2125 2046 vocabatur

538 2077 651 2132 Beo
687 2079 902 2133 devenit
937 2080 1178 2143 domum,
1215 2095 1490 2152 aegreque,
1519 2083 1706 2137 uxoiis
1730 2082 1935 2137 scilicet
1966 2083 2124 2151 juva—

541 2168 706 2234 mine,
739 2170 973 2239 hospitio
1005 2171 1323 2241 impetrato,
1378 2174 1522 2228 inter
1567 2174 1895 2228 versandum
1947 2174 2122 2244 inqui-

545 2277 686 2316 rere.
730 2261 964 2316 Sanctus
986 2261 1305 2330 jatudictum
1334 2263 1500 2333 etrapit
1552 2264 1754 2330 locum,
1791 2265 2122 2334 obteutoque

538 2354 641 2409 sub
663 2353 803 2408 dulci
833 2355 1124 2412 ducamine
1157 2354 1335 2410 locum
1368 2355 1595 2422 invenit,
1627 2357 1738 2411 Deo
1760 2357 1964 2427 gratias
1989 2358 2119 2428 egit,

536 2445 878 2515 Adjutorium
937 2454 1186 2501 nostrum
1245 2462 1303 2503 tn
1368 2447 1588 2504 nomine
1647 2447 1858 2502 Domini
1921 2448 2119 2518 (Paul.

523 2552 727 2601 CXXIII,
759 2537 815 2608 8)
842 2536 1063 2592 cecinit.
1098 2536 1368 2606 Deinceps
1419 2537 1789 2593 habitaculum
1830 2539 2118 2606 construit,

532 2629 913 2694 Oratoriolum,
966 2638 1025 2683 ut
1072 2637 1200 2685 tunc
1233 2629 1492 2700 temporis
1515 2646 1675 2700 posse
1719 2630 1845 2698 fuit,
1874 2631 2117 2702 perfecit,

535 2735 768 2791 seseque
817 2721 1022 2776 Christi
1065 2721 1348 2776 lamulatui
1409 2723 1832 2792 angelorumque
1869 2723 2120 2793 praesidio

534 2821 707 2872 totum
739 2812 848 2869 illic
872 2814 1098 2869 devotus
1150 2813 1444 2869 contradit.
1469 2813 1526 2868 ln
1556 2813 1700 2869 fame
1731 2815 1894 2886 igitur
1921 2824 1975 2870 et
2005 2816 2121 2882 siti,

534 2902 590 2958 in
622 2903 827 2974 frigore
865 2912 916 2958 et
941 2905 1205 2972 nuditate,
1245 2906 1296 2960 in
1322 2905 1599 2960 laboribus
1622 2913 1676 2960 et
1699 2905 1930 2962 diversis
1949 2922 2118 2977 augo-

532 2993 706 3058 ribus,
735 2995 993 3050 aerumnis
1016 3003 1178 3065 atque
1200 2996 1604 3066 pressuris,Dei
1635 2997 1835 3052 athleta
1861 2997 2040 3054 sobrie
2065 3006 2118 3052 ct

533 3085 718 3154 quiete
735 3085 886 3154 etpie
902 3086 1151 3150 Domino,
1166 3103 1271 3141 non
1301 3087 1742 3157 sa;cu|o,vivens,
1767 3089 2117 3157 exspectabat

536 3174 648 3228 illic
679 3161 891 3230 be'atam
937 3191 1086 3244 spem
1117 3184 1172 3232 et
1202 3178 1492 3232 adventum
1525 3178 1710 3249 gloria:
1733 3180 1911 3248 magni
1938 3181 2030 3235 Dei
2061 3189 2117 3236 et

537 3265 838 3320 Salvatoris
860 3268 1027 3321 nostri
1055 3265 1183 3322 .lesu
1213 3268 1414 3323 Christi
1437 3267 1564 3336 (Tit.
1583 3272 1643 3332 ll,
1678 3268 1789 3338 12),
1813 3271 2115 3340 castigans-

537 3374 643 3426 que
679 3368 734 3412 et
757 3359 1008 3416 servituti
1044 3357 1209 3417 animi
1242 3357 1538 3426 subjiciens
1570 3359 1846 3429 proprium
1877 3362 2117 3428 quotidie

537 3464 758 3518 corpus,
792 3450 963 3518 ipsam
993 3451 1228 3504 animam
1260 3449 1574 3506 caelestibus
1596 3451 1886 3518 deputahat
1917 3451 2116 3506 indesi-

538 3549 731 3594 nenter
769 3539 1048 3612 excubiis,
1099 3555 1278 3610 regem
1321 3539 1375 3593 in
1405 3539 1654 3598 accubitu
1695 3553 1795 3594 suo
1835 3541 2116 3596 sedentem

533 3635 765 3690 nardum
788 3624 1001 3688 mirifici
1030 3632 1214 3687 odoris
1243 3630 1417 3702 (Cant.
1443 3649 1481 3696 ι.
1513 3632 1601 3702 li)
1627 3632 1866 3706 priorum
1897 3641 2114 3688 actuum

533 3727 779 3796 quotidie
822 3727 875 3780 in
909 3741 1004 3781 ara
1054 3725 1239 3781 cordis
1269 3724 1600 3781 sacrificium
1641 3725 1963 3783 delectabile
2003 3743 2118 3784 nta-

533 3819 738 3875 ctando
773 3818 1118 3874 munificans.

604 3912 659 3967 5.
686 3910 925 3966 Audiens
974 3919 1156 3966 autem
1205 3910 1404 3965 famam
1465 3909 1776 3965 sanctitatis
1809 3916 2118 3980 sanctasque

532 4001 973 4058 conversationis
1002 4001 1288 4056 monitoris
1315 4002 1419 4066 sui,
1448 4003 1593 4057 beati
1622 4003 1830 4058 scilicet
1868 4003 2114 4059 Remacli

531 4093 588 4148 in
611 4092 858 4148 coenobio
881 4093 1141 4162 praedicto
1166 4083 1478 4158 Stabulaus,
1514 4094 1657 4163 quod
1686 4095 1979 4149 studebant
2011 4111 2114 4148 un-

533 4185 696 4253 dique
718 4186 784 4238 ad
810 4201 934 4240 eum
957 4184 1103 4240 velut
1130 4201 1259 4255 apes
1283 4187 1348 4241 ad
1371 4186 1610 4241 alvearia
1646 4185 1943 4251 conﬂuere,
1975 4201 2116 4242 non-

535 4276 670 4331 nulli
721 4290 782 4331 se
819 4276 1210 4345 omnipotentis
1239 4277 1490 4332 servituti
1541 4277 1742 4334 addere
1769 4287 1826 4333 et
1855 4276 1960 4332 leni
1986 4277 2115 4348 jugo

2229 1824 2283 1875 v,
2317 1808 2404 1877 Η)
2423 1849 2436 1872 ,
2465 1807 2714 1876 pervenit
2751 1805 2892 1859 fama
2911 1805 3218 1861 sanctitatis
3245 1804 3372 1872 ejus.
3404 1805 3474 1858 ad
3503 1810 3670 1859 aures
3696 1804 3819 1870 Pip-

2225 1904 2336 1972 pini
2365 1900 2740 1972 gloriosissimi
2769 1909 2897 1954 tunc
2926 1899 3184 1969 temporis
3208 1899 3349 1968 regis
3377 1917 3390 1953 :
3416 1901 3508 1968 qui
3539 1909 3597 1952 ut
3629 1899 3818 1968 regina

2228 1997 2367 2052 Saba
2395 1997 2461 2051 ad
2495 1995 2694 2050 veteris
2723 1993 2980 2063 temporis
3026 1992 3394 2056 Salomonem,
3441 1993 3512 2045 ita
3547 1993 3614 2045 ad
3668 1993 3820 2045 istius

2225 2088 2435 2158 pacifici
2475 2104 2538 2142 ac
2569 2085 2950 2156 sapientissimi
2996 2084 3088 2138 Dei
3121 2084 3353 2138 ministri
3379 2084 3618 2141 accurrit
3643 2083 3821 2136 humi.

2226 2181 2292 2236 lis
2325 2180 2688 2245 mansionem,
2735 2176 3083 2244 consiliisque
3129 2175 3504 2230 saluberrimis
3548 2176 3616 2228 ab
3659 2190 3730 2228 eo
3757 2175 3821 2228 de

2225 2271 2559 2341 subjiciendo
2585 2284 2705 2325 sese
2745 2268 2871 2337 Regi
2900 2283 3082 2338 regum
3118 2267 3336 2323 Christo
3377 2276 3428 2321 et
3465 2266 3823 2336 gubernando

2223 2361 2520 2418 secundum
2549 2361 2667 2430 ejus
2707 2359 2990 2430 imperium
3021 2374 3195 2429 regno.
3237 2360 3304 2414 ab
3348 2359 3518 2427 ipsius
3566 2357 3824 2411 mellifin

2224 2453 2490 2523 susceptis
2530 2451 2765 2520 eloquio,
2798 2448 3162 2520 suffragioque
3185 2449 3547 2519 quarumdam
3573 2463 3696 2516 qua:
3729 2448 3818 2500 ad.

2223 2547 2328 2601 huc
2353 2561 2382 2598 a
2418 2543 2787 2612 provisoribus
2811 2540 2914 2596 loci
2967 2550 3219 2597 tenentur
3251 2540 3501 2595 villarum
3531 2554 3812 2601 concesso,

2222 2634 2465 2704 gaudens
2488 2635 2554 2688 de
2579 2633 2723 2688 beati
2745 2631 2847 2686 viri
2871 2632 3140 2702 colloquio
3168 2645 3288 2688 sese
3325 2631 3564 2686 reddidit
3588 2629 3808 2698 palatio.

2221 2727 2290 2784 Et
2318 2727 2444 2796 quia
2465 2725 2539 2779 nil
2578 2727 2727 2779 deest
2754 2722 3066 2779 timentibus
3096 2723 3287 2788 Deum,
3320 2722 3473 2777 multi
3497 2722 3567 2776 de
3589 2720 3814 2776 facultac

2224 2820 2368 2877 tibus
2396 2828 2451 2874 et
2473 2817 2772 2874 redditibus
2815 2817 2928 2873 suis
2957 2817 3072 2885 ejus
3116 2815 3480 2871 voluntariam
3526 2827 3813 2884 paupera»

2224 2918 2330 2965 tem
2353 2909 2695 2980 suppeditare
2717 2907 2990 2968 volebant,
3023 2915 3082 2962 ut
3103 2907 3476 2963 conversionis
3500 2905 3623 2974 ejus
3649 2908 3699 2959 in
3719 2921 3812 2959 eo-

2145 3030 2191 3092 ρ
2223 3002 2344 3057 dem
2376 3001 2496 3056 loco
2535 3007 2977 3069 augmentaretur
3001 2998 3248 3053 affectus.
3279 2997 3414 3051 Nam
3445 2996 3598 3050 fuere
3624 2997 3674 3048 in
3701 2996 3810 3062 ejus

2220 3093 2418 3148 vicinio
2453 3101 2562 3148 tres
2585 3091 2855 3163 germani,
2879 3091 2987 3144 Beo
3014 3091 3222 3146 scilicet
3249 3089 3360 3156 jam
3384 3089 3588 3151 dictus,
3620 3087 3807 3140 Tricliv

2218 3200 2321 3241 nus
2359 3185 2520 3248 alter,
2569 3185 2761 3239 tertius
2794 3178 3106 3246 Balduinus‘,
3138 3196 3368 3252 quorum
3395 3181 3629 3250 quisque
3671 3193 3802 3249 quos"

2217 3276 2328 3334 illic
2365 3275 2677 3348 possederat
2703 3275 2972 3330 concessit
3000 3275 3241 3328 devotus.

2289 3368 2344 3425 7.
2378 3369 2580 3425 Nomen
2614 3367 2797 3437 itaque
2818 3366 2935 3436 ejus
2974 3380 3070 3436 per
3103 3365 3282 3419 vicina
3304 3363 3422 3420 loca
3478 3363 3696 3418 cunctis
3725 3362 3808 3416 in-

2218 3457 2414 3521 notuit,
2445 3458 2754 3525 facturaque
2785 3464 2864 3511 est
2913 3462 2971 3509 ut
3024 3469 3091 3509 ex
3136 3453 3230 3508 illo
3282 3461 3529 3522 tempore
3557 3468 3588 3505 a
3631 3451 3807 3506 multis

2218 3546 2549 3617 frequentari
2583 3546 2865 3615 cmpisset:
2894 3544 3009 3612 ipse
3029 3541 3176 3597 enim
3207 3541 3450 3597 caelibem
3481 3541 3806 3611 dignamque

2219 3637 2332 3693 Deo
2361 3636 2489 3692 inibi
2518 3636 2684 3692 vitam
2715 3633 2964 3690 ducebat.
2997 3630 3682 3701 Omnessupervenientes
3708 3643 3805 3682 nou

2218 3731 2380 3786 modo
2409 3727 2690 3782 dulcedine
2713 3727 3002 3781 verborum
3059 3723 3486 3793 attimtequiores
3527 3722 3798 3782 reddebat,

2217 3837 2406 3879 verum
2435 3829 2491 3877 et
2524 3819 2807 3875 charitatis
2827 3817 3004 3874 olIicia
3026 3817 3106 3872 eis
3128 3831 3224 3886 pro
3253 3813 3470 3869 modulo
3506 3829 3610 3867 suo
3642 3813 3805 3866 liben-

2221 3915 2430 3972 tissime
2461 3912 2826 3982 impendebat.
2871 3911 2936 3964 Et
2965 3910 3092 3978 quia
3121 3906 3367 3965 eumdem
3400 3906 3578 3960 locum
3608 3920 3704 3959 sua
3727 3921 3808 3957 sa-

2219 4021 2312 4062 era
2339 4010 2756 4060 consecraverat
2783 4001 3158 4062 conversione,
3185 3986 3356 4051 voluit
3397 3998 3520 4065 pius
3553 3994 3805 4048 Dominus

2219 4095 2381 4150 verba
2407 4109 2526 4162 qua:
2547 4101 2673 4145 ante
2696 4090 2906 4145 dixerat
2931 4106 2944 4140 :
2981 4086 3084 4152 Qui
3116 4103 3216 4151 me,
3241 4084 3433 4153 inquit,
3487 4083 3804 4149 honori/ica-

2219 4185 2348 4248 vert't
2379 4181 2733 4250 honoriﬁcabo
2755 4195 2870 4233 eum
2901 4176 2950 4248 (Ι
2973 4176 3101 4245 Reg.
3135 4191 3192 4238 tt,
3221 4173 3340 4242 50),
3374 4173 3428 4226 in
3453 4173 3560 4226 hoc
3608 4170 3804 4224 famqu

2219 4293 2317 4333 suo
2345 4275 2654 4332 ostendere.
2690 4272 2931 4339 Cumque
2957 4267 3132 4323 locelli
3157 4266 3270 4334 jam
3292 4263 3514 4319 dilatari
3545 4263 3802 4330 ccepisset

533 4366 739 4423 Christi
764 4367 898 4422 colla
935 4367 1294 4432 subnectere;
1319 4367 1413 4423 alii
1437 4382 1566 4422 vero
1596 4367 1795 4424 liberos
1823 4382 1952 4423 suos
1978 4367 2115 4424 libe-
2147 4365 2194 4423 D
2220 4369 2492 4439 angustia,
2524 4367 2628 4420 duo
2657 4363 2868 4434 equites
2904 4376 3026 4415 cum
3069 4358 3278 4413 duobus
3328 4354 3563 4410 assuetis
3608 4352 3802 4406 venati-

532 4460 758 4525 rali-bus,
801 4461 910 4514 imo
950 4462 1264 4518 monasticis
1297 4461 1663 4517 'instruendos
1707 4461 2029 4530 disciplinis,
2061 4470 2118 4517 et

535 4552 644 4607 illic
670 4560 938 4622 perpetuo
962 4551 1321 4608 inservituros
1369 4553 1720 4615 contradere;
1763 4554 1918 4607 multt
1947 4553 2114 4609 etiam

532 4643 603 4698 de
634 4641 984 4698 facultatibus
1026 4642 1139 4699 suis
1167 4653 1222 4696 et
1248 4642 1509 4698 reditibus
1535 4643 1648 4699 suis
1677 4654 1988 4699 sanctorum
2021 4660 2116 4700 ne-

534 4734 880 4790 cessitatibus
904 4734 1309 4790 conuuunicare
1333 4749 1346 4797 ;
1375 4735 1626 4789 studebat
1659 4742 1715 4790 et
1754 4735 1868 4804 ipse
1899 4735 1964 4789 ad
1992 4749 2116 4790 eum

537 4827 866 4886 visitationis
886 4838 942 4884 et
969 4827 1137 4884 nimio
1167 4827 1454 4884 charitatis
1484 4827 1679 4883 ardore
1708 4841 1852 4899 saepe
1908 4828 2116 4895 venire,

612 5006 691 5075 (4)
721 5006 872 5061 Letia
923 5021 1016 5060 seu
1048 5004 1238 5075 Laelia,
1273 5002 1444 5075 vulgo
1475 5001 1671 5075 Lesclt,
1701 5017 1819 5075 ses,
1863 5005 2037 5058 oritur
2064 5003 2116 5056 in

534 5073 850 5140 Arduenna,
884 5076 1026 5131 haud
1061 5074 1246 5142 procul
1274 5089 1304 5128 a
1333 5073 1596 5136 Bullonio,
1641 5073 1822 5140 ibique
1848 5083 1989 5127 terra
2022 5088 2120 5140 per

539 5147 676 5199 duas
705 5147 890 5200 leucas
927 5145 1234 5209 absorptus,
1266 5145 1503 5210 erumpit
1531 5143 1656 5196 inde
1695 5157 1725 5196 e
1768 5158 1898 5210 rupe
1929 5143 1980 5196 in
2013 5143 2121 5196 lla-

542 5231 670 5300 rrum
705 5231 918 5282 pagum,
953 5212 1226 5300 aedium:
1253 5214 1511 5266 miscetur
1541 5212 1900 5300 medialeuca
1956 5227 2117 5300 supra

2219 4462 2320 4515 bus
2360 4457 2580 4514 Umbris
2602 4455 2742 4512 forte
2774 4451 2990 4506 fortuna
3014 4447 3186 4520 ignari
3214 4444 3369 4515 cujus
3419 4444 3704 4513 dignitatis
3723 4457 3800 4494 es-

2220 4561 2300 4607 set
2326 4548 2572 4606 vallicula
2597 4546 2896 4607 venientes,
2953 4541 3161 4611 experti
3209 4548 3335 4595 sunt
3391 4539 3444 4591 in
3498 4534 3800 4602 semetipsis

2219 4641 2347 4711 quid
2376 4637 2786 4694 advenientibus
2805 4647 2966 4704 agere
2995 4636 3330 4699 competeret
3375 4627 3613 4682 caeteris.
3669 4624 3806 4676 Nam

2222 4745 2382 4786 mane
2418 4736 2724 4796 surgentes,
2768 4725 3043 4782 exanimes
3071 4722 3267 4792 quibus
3317 4718 3528 4772 advecti
3583 4715 3796 4770 fuerant

2223 4825 2547 4880 invenerunt
2604 4819 2908 4892 sonipedes,
2963 4827 3232 4887 superque
3269 4819 3482 4865 mortua
3537 4809 3792 4864 cadavera

2222 5005 2410 5063 titulus
2464 5002 2876 5072 praepositum;
2907 5006 2965 5072 at
3008 4997 3060 5072 in
3118 4990 3339 5072 acclivis
3393 4987 3550 5072 collis
3619 4985 3791 5072 latere

2222 5053 2895 5140 iiéﬁii'imigé'i'ﬁiiiiia’ria
2927 5065 3201 5140 Ecclesia,
3251 5061 3354 5114 alia
3415 5067 3500 5130 est
3550 5053 3788 5140 aedicula,

2222 5145 2312 5200 ubi
2339 5135 2584 5199 cellulam
2640 5135 2872 5208 primum
2927 5137 3195 5208 exstruxit
3240 5135 3787 5208 atque.eretnett‘cam

2221 5196 2402 5300 item;
2418 5213 2529 5282 egit
2558 5196 2875 5300 Hail'l‘alii'nusl,
2910 5208 2962 5261 in
2983 5223 3096 5300 qua
3122 5196 3504 5300 ejusntu‘utulqs
3534 5196 3784 5248 cernitur.

3122 5283 3266 5300 -ιΛΛΙΛ
