4042 5300
273 320 414 375 Hi5

1298 326 1453 384 VITA
1494 327 1553 383 S.
1606 328 1925 383 HADAHNI
1970 330 2458 389 CONFESSOMS.

3394 341 3528 396 “£6

272 455 458 495 omnes.
492 437 604 495 lloc
628 448 906 509 comperto
925 440 1013 509 qui
1035 451 1160 497 tunc
1192 444 1447 512 temporis
1476 444 1661 497 alerat
1712 459 1820 512 prae
1879 450 1924 501 Α
1954 442 2157 507 Quibus
2186 444 2258 497 ita
2289 447 2473 514 gestis,
2527 444 2837 500 inﬁrmitate
2884 446 3068 499 ultima
3111 458 3381 516 praeventa
3423 460 3527 504 est-

271 531 376 594 enl,
413 529 567 600 cujus
599 547 765 591 nunc,
800 531 909 585 Deo
955 544 1243 594 annuente.
1284 535 1521 597 nomine,
1570 551 1674 588 non
1716 536 1849 603 prob

273 620 458 673 nefas!
495 622 691 676 merito
715 619 1041 675 famulamur
1062 623 1142 694 (5)
1167 625 1303 686 sedi,
1338 626 1662 679 auctoritate
1683 627 1851 679 inter-

270 711 505 765 tninavit
534 712 848 780 episcopali,
883 728 950 766 ne
977 714 1100 782 quis
1155 716 1392 781 posthrec
1421 731 1587 784 eques
1626 716 1848 770 oratorii

265 797 416 853 illius
451 801 741 869 attingeret
773 801 905 856 fines
938 818 950 853 :
994 803 1262 872 delegavit
1296 804 1401 858 illic
1435 820 1647 874 quoque
1674 822 1737 859 ex
1768 824 1851 860 re-

266 889 491 952 ditibus,
524 900 584 944 ut
621 905 735 944 rem
762 891 1018 945 Ecclesia:
1055 903 1273 956 nostra).
1304 894 1487 948 villam
1539 912 1658 963 qua:
1702 896 1851 950 Mons

265 976 567 1039 Francberi
602 979 677 1051 (6)
707 993 951 1045 vocatur,
994 984 1085 1037 ubi
1118 985 1434 1039 miraculum
1458 987 1600 1055 quod
1654 989 1851 1044 accidit

264 1079 321 1122 et
357 1072 634 1132 memoria:
658 1088 803 1127 nunc
832 1074 1146 1137 intervenit,
1186 1076 1337 1131 nefas
1374 1078 1535 1132 silere
1580 1088 1847 1147 putamus-

338 1159 394 1214 8.
416 1159 546 1213 Cum
579 1177 707 1215 casu
732 1176 997 1217 messores
1018 1165 1116 1218 sibi
1144 1165 1455 1221 laborarent
1487 1168 1705 1233 heriles,
1769 1169 1851 1223 di-

264 1252 449 1322 r'guut
477 1263 663 1308 sancto
687 1266 1081 1324 conquerentes
1116 1271 1179 1309 ex
1206 1258 1317 1310 suis
1341 1257 1597 1328 legatum,
1630 1260 1850 1313 humili-

265 1350 355 1395 ter
378 1353 668 1397 exorantes
699 1346 993 1399 remedium
1033 1348 1293 1401 adhibere
1332 1358 1713 1417 opportunum.
1758 1350 1851 1404 Ille

260 1448 397 1487 vero
434 1449 493 1488 se
520 1435 732 1489 misisse
764 1438 869 1490 illis
884 1437 993 1503 jam
1026 1441 1207 1494 retulit
1233 1449 1435 1509 potum,
1463 1458 1647 1495 verum
1675 1445 1852 1511 segni-

263 1524 339 1577 tie
368 1524 624 1579 delatoris
652 1526 895 1581 dilatum.
923 1528 1000 1582 Ne
1029 1546 1156 1583 vero
1210 1531 1297 1585 siti
1352 1532 1659 1586 laborantes
1712 1534 1850 1602 peri-

260 1613 587 1669 c'itarentur
643 1615 875 1683 diutina,
923 1630 1144 1674 sanctus
1189 1622 1256 1675 ad
1303 1622 1476 1677 locum
1534 1626 1846 1689 adveniens,

259 1722 535 1761 tnes>ores
562 1709 813 1762 bacillum
840 1726 945 1777 quo
969 1711 1142 1765 ivcrat
1168 1713 1305 1783 figit,
1349 1724 1405 1770 et
1430 1714 1621 1771 affectu
1657 1716 1848 1771 intimo

1954 533 2197 600 Cumque
2222 533 2475 587 lectulum
2506 534 2647 588 illius
2694 534 3044 603 plurimormn
3097 538 3532 608 circumstiparet

1954 620 2189 674 fidelium
2220 630 2418 685 turma,
2454 623 2520 676 de
2549 624 2791 677 absentia
2843 623 2943 677 viri
2990 625 3162 679 sancti
3203 624 3363 681 ﬂebili
3408 644 3532 682 cum

1951 712 2032 766 eis
2071 720 2153 766 est
2204 728 2336 768 voce
2388 726 2724 784 conquesta:
2758 726 2808 768 cl
2856 732 2979 770 cum
3034 718 3459 789 interrogaretur
3501 739 3532 776 a

1953 803 2151 856 nostris
2174 803 2257 857 cui
2294 804 2416 857 illud
2447 806 2693 876 delegare
2728 807 2908 871 vellet,
2963 809 3149 863 iterata
3184 811 3377 880 saepius
3405 828 3535 867 voce

1955 892 2579 961 respondit:lladalino,
2625 896 2905 962 lladalino,
2958 897 3236 960 Hadalino,
3291 901 3532 969 inquam,

1952 983 2127 1036 beato.
2158 982 2402 1052 Cumque
2431 995 2671 1039 wantum
2703 988 2778 1055 (8)
2805 988 2855 1039 in
2889 1004 3048 1041 manu
3105 990 3186 1057 (ut
3232 990 3397 1044 moris
3426 992 3533 1061 est)

1954 1070 2194 1141 legaliter
2227 1072 2487 1127 tradenda
2519 1084 2743 1139 teneret,
2770 1087 2823 1129 et
2856 1078 2957 1131 viri
3011 1075 3316 1132 differretur
3336 1080 3535 1134 adven-

1956 1169 2064 1224 tus,
2099 1163 2414 1229 exspiravit.
2444 1162 2676 1219 Currens
2708 1174 2882 1220 autem
2928 1167 3149 1221 nuntius
3198 1168 3263 1220 ad
3316 1169 3532 1222 beatum

1950 1254 2041 1321 qui
2066 1263 2190 1306 tttnc
2217 1252 2351 1306 forte
2376 1255 2563 1307 aberat
2595 1254 2936 1317 Hadalinum,
2991 1257 3247 1311 indicavit
3278 1259 3323 1310 ei
3352 1268 3404 1312 et
3436 1261 3535 1311 do.

1951 1343 2118 1398 lorem
2143 1344 2423 1398 morientis
2445 1352 2503 1396 et
2525 1360 2743 1398 causam
2777 1345 3047 1400 tradendae
3075 1347 3174 1399 sibi
3229 1348 3531 1416 possessio-

1952 1434 2056 1488 nis.
2090 1433 2353 1489 Veniente
2381 1437 2562 1502 itaque
2592 1447 2800 1498 sancto,
2842 1446 2896 1489 et
2948 1436 3125 1489 cordis
3155 1437 3274 1503 ejus
3323 1438 3534 1507 pulsum

1950 1539 2111 1578 manu
2142 1525 2390 1588 rimante,
2424 1528 2466 1579 si
2493 1525 2605 1592 jam
2644 1527 2910 1581 exstincta
2967 1525 3205 1581 funditus
3233 1538 3397 1592 esset,
3459 1529 3534 1582 ri-

1950 1624 2141 1683 gentes
2167 1617 2393 1669 occiduo
2425 1633 2553 1671 casu
2588 1617 2846 1671 articulos
2884 1618 3103 1685 (mirum
3151 1619 3319 1685 dictu)
3376 1634 3438 1673 ac
3490 1620 3533 1674 si

1950 1708 2138 1761 vivens
2164 1707 2391 1774 aperuit,
2416 1718 2468 1762 et
2493 1709 2703 1762 cunctis
2737 1709 3042 1763 videntibus
3082 1711 3173 1778 qui
3208 1709 3536 1763 aderantlo-

258 1797 445 1851 oordis
475 1799 670 1852 oravit.
697 1776 868 1867 Cujus,
898 1803 1161 1856 orationis
1204 1776 1369 1859 verba
1404 1806 1584 1861 cordis
1636 1817 1845 1862 scruta-
1878 1776 1921 1836 Β
1949 1811 2072 1852 eum
2101 1798 2262 1852 beato
2293 1799 2644 1852 contradidit.
2678 1797 2847 1865 llnjus
2880 1799 2953 1853 rei
2983 1808 3058 1852 tot
3112 1815 3177 1852 ac
3236 1801 3364 1852 tanti
3420 1800 3534 1853 exi«

261 1892 349 1938 tor
380 1886 606 1947 audivit.
662 1896 715 1941 et
779 1888 900 1943 fons
956 1891 1197 1962 largiﬂue
1246 1896 1552 1951 scaturiens
1591 1899 1847 1955 continuo

254 1977 460 2043 erupit,
501 1976 801 2033 :itibuudos
826 1982 1082 2045 exsatiat,
1127 1984 1377 2040 meritum
1432 1986 1531 2042 viri
1587 1988 1842 2043 declarat.

329 2066 364 2120 9
418 2066 730 2135 Emporium
762 2084 860 2137 per
896 2071 1033 2126 idem
1060 2080 1273 2142 tempus
1294 2076 1437 2145 quod
1478 2077 1677 2133 dicitur
1718 2078 1846 2134 Dio-

256 2167 389 2210 nant
410 2158 536 2211 dum
569 2162 890 2227 przeteriret,
925 2178 1057 2218 ecce
1106 2166 1355 2233 quaedam
1406 2168 1599 2223 mulier
1657 2187 1846 2225 accur-

257 2261 407 2312 rens,
450 2249 823 2319 mugitumque
882 2255 1030 2309 vocis
1099 2257 1354 2312 emittens
1384 2300 1399 2324 ,
1452 2262 1678 2331 vestigia
1729 2265 1845 2333 ejus

251 2341 635 2407 osculabatur;
671 2346 764 2399 sed
792 2362 911 2414 qua:
933 2349 1219 2403 anhelabat
1248 2354 1431 2417 corde,
1462 2370 1590 2409 voce
1622 2357 1846 2427 implere

252 2433 538 2499 nequibat.
565 2434 817 2491 Substitit
841 2452 991 2505 ergo,
1017 2448 1070 2495 et
1098 2443 1350 2512 populum
1375 2447 1520 2500 circa
1551 2464 1609 2501 se
1653 2458 1843 2503 astan-

253 2528 365 2573 tem
398 2538 645 2589 quaenam
675 2536 839 2591 esset,
865 2529 1165 2597 qualiterve
1207 2533 1256 2585 id
1284 2534 1332 2587 ei
1359 2536 1641 2591 accidisset
1677 2540 1849 2595 inter-

252 2612 494 2680 rogavit.
525 2617 596 2666 At
636 2614 708 2668 illi
744 2624 803 2669 ut
859 2620 1085 2673 multmn
1139 2623 1396 2691 temporis
1447 2625 1558 2695 jam
1618 2626 1845 2683 llttxerat

250 2703 401 2769 quod
436 2713 581 2756 muta
607 2704 795 2760 etfecta
818 2708 886 2762 sit
914 2710 1205 2777 intimavit,
1228 2722 1283 2767 et
1315 2724 1371 2767 ut
1396 2716 1442 2769 ei
1476 2715 1756 2772 infortunii
1789 2728 1846 2775 et

250 2792 595 2848 infelicitatis
626 2798 868 2853 misereri
899 2800 1150 2869 dignetur
1184 2804 1451 2872 supplices
1477 2822 1666 2862 omnes
1709 2807 1843 2863 οπο-

248 2894 381 2935 runt
408 2898 616 2951 preces.
641 2886 705 2941 Et
738 2887 824 2942 ille
855 2905 869 2942 :
907 2908 925 2941 ι
955 2890 1072 2945 Non
1096 2892 1231 2958 haec,
1255 2895 1449 2963 inquit,
1482 2906 1667 2952 nostra
1694 2909 1842 2971 sunt,

247 2974 349 3028 sed
379 2985 689 3030 sanctorum
715 2978 956 3043 Patrum,
989 2997 1218 3051 quormn
1266 3002 1366 3041 nos
1418 3002 1676 3057 suppares
1724 3005 1845 3046 esse

249 3064 435 3117 meriti
462 3065 664 3119 utinam
697 3070 1036 3137 contingeret
1057 3073 1139 3127 vel
1163 3078 1417 3130 extremi.
1442 3097 1461 3130 ι
1481 3077 1840 3148 Populus'au-

251 3162 366 3207 tem
404 3156 616 3224 magnis
646 3157 979 3215 clamoribus
1007 3166 1354 3233 suggerebat,
1381 3176 1438 3221 ut
1468 3170 1558 3238 qui
1590 3171 1842 3238 pietatem

249 3251 311 3297 et
366 3244 711 3301 clementiam
760 3264 975 3321 semper
1022 3254 1315 3319 docuerat,
1362 3259 1476 3328 ipse
1530 3276 1744 3331 quoque
1791 3264 1843 3317 in

247 3336 475 3390 miseria
510 3338 652 3394 illius
684 3340 1013 3399 muliercula:
1042 3345 1356 3416 dignaretur
1379 3354 1683 3407 ostendere.
1742 3353 1846 3422 Qui

246 3437 363 3481 stat
393 3430 594 3498 pietate
627 3443 826 3497 motus,
858 3445 912 3488 et
943 3436 1009 3490 de
1044 3439 1224 3493 verbis
1260 3441 1466 3497 Domini
1509 3460 1629 3513 qua:
1683 3446 1847 3501 disci-

245 3520 393 3590 pulis
424 3522 537 3575 suis
588 3524 956 3591 promiserat:
992 3526 1333 3599 Quwcunque
1388 3544 1596 3587 orantes
1648 3539 1843 3605 petitis,

245 3614 520 3667 credentes
579 3617 1057 3687 accipietisﬂlun.
1090 3621 1302 3693 χι.2ιί),
1359 3626 1616 3689 confisus,
1675 3636 1844 3681 totum

244 3719 314 3759 se
368 3706 435 3759 ad
491 3707 773 3761 Dominum
832 3710 1057 3765 contulit
1108 3711 1374 3779 devotus,
1434 3725 1846 3787 prostratnsque

246 3798 422 3851 humo
452 3798 710 3867 lacrymis
764 3801 974 3856 orabat.
1037 3802 1294 3859 Oratione
1347 3806 1583 3876 expleta,
1634 3809 1846 3876 signum

244 3899 460 3942 sanctas
487 3890 668 3944 crucis
697 3892 778 3944 ori
809 3891 924 3958 ejus
954 3894 1236 3964 impressit
1265 3914 1277 3949 :
1312 3914 1434 3951 mox
1468 3897 1553 3951 illa
1584 3898 1695 3953 Deo
1720 3916 1846 3970 gra-

245 3981 359 4035 tias
389 3982 603 4035 cunctis
628 3983 968 4039 audientibus
997 3986 1125 4053 egit,
1158 4003 1344 4042 vocem
1399 3989 1724 4045 laudationis
1756 4001 1845 4046 at-

244 4074 411 4135 tollit,
440 4083 494 4126 et
525 4074 761 4140 posthaec
795 4073 907 4128 Deo
939 4076 1128 4130 devota
1169 4080 1489 4144 permansit.

323 4163 412 4215 10.
446 4161 615 4230 Cujus
646 4162 721 4215 rei
745 4163 1106 4220 admiratione
1165 4177 1411 4235 permota
1468 4169 1739 4238 qumdam,
1787 4179 1847 4225 ut

243 4254 445 4315 fertur,
485 4261 677 4321 potens
705 4264 976 4321 matrona,
1013 4257 1232 4312 nomine
1274 4258 1490 4328 Aquila,
1524 4261 1677 4329 cujus
1718 4271 1845 4317 tunc

242 4350 372 4396 erat
400 4342 669 4410 Anthegia
691 4343 775 4411 (7),
795 4343 921 4397 villa
955 4346 1262 4410 notissima,
1293 4349 1442 4402 dedit
1490 4349 1596 4403 Deo
1624 4351 1689 4402 ad
1722 4368 1846 4405 san-

1946 1895 2095 1940 stuut
2128 1894 2319 1953 testes,
2370 1897 2502 1956 quot
2534 1888 2765 1955 regionis
2794 1887 2932 1941 illius
2958 1896 3206 1943 constant
3259 1888 3531 1942 inhabita-

1947 1987 2113 2033 tores.
2144 1978 2299 2034 Patet
2324 1979 2485 2033 etiam
2509 1980 2709 2034 clarius
2735 1981 2871 2041 luce,
2901 1981 3025 2034 dum
3054 1981 3240 2035 incola:
3270 1983 3520 2035 cmmlem

1947 2069 2124 2123 locum
2157 2070 2408 2124 videntur
2433 2071 2735 2140 possidere,
2788 2072 2877 2141 qui
2903 2072 3065 2127 dictis
3117 2072 3277 2126 fidem
3330 2071 3538 2125 faciunt

1946 2176 2115 2229 usque
2154 2161 2332 2217 hodie.

2019 2253 2105 2305 Η.
2143 2252 2475 2307 Procedente
2504 2269 2691 2308 rursus
2722 2263 2962 2325 tempore
2988 2263 3177 2308 taurus
3206 2269 3334 2308 casu
3366 2252 3539 2324 petul-

1945 2359 2042 2401 cus
2066 2346 2265 2398 ostium
2297 2345 2574 2413 cujusdam
2605 2345 2911 2414 eﬂ‘regerat.
2937 2346 3179 2415 Cumque
3213 2346 3330 2416 ejus
3377 2345 3536 2399 inha-

1946 2434 2165 2489 bitatrix
2192 2436 2506 2489 muliercula
2538 2437 2740 2504 cjulatu
2774 2436 3108 2491 flebilissimo
3157 2446 3351 2490 cuncta
3380 2451 3534 2489 com-

1945 2525 2135 2594 plerct,
2163 2526 2324 2580 heros
2344 2526 2608 2595 benignus
2638 2525 2828 2589 adfuit,
2854 2540 3080 2594 eamque
3100 2526 3229 2593 quid
3263 2524 3364 2578 sibi
3392 2524 3537 2577 acci-

1946 2616 2086 2669 derit
2112 2626 2170 2669 ut
2200 2618 2283 2671 his
2311 2632 2406 2671 eos
2433 2618 2762 2671 clamoribus
2803 2626 3161 2686 congregaret
3215 2616 3488 2685 inquisivit
3516 2629 3538 2671 τ

1945 2709 2271 2777 cognitaque
2302 2708 2376 2762 rei
2404 2709 2644 2771 notione,
2676 2722 2796 2761 eam
2822 2708 3027 2761 solatus
3052 2716 3137 2762 est
3157 2707 3344 2761 dicens
3370 2723 3428 2759 ε(
3455 2704 3539 2760 Ne

1944 2800 2281 2869 perturberis
2300 2800 2500 2853 misera
2530 2799 2582 2852 in
2609 2799 2859 2869 tugurioli
2893 2798 2966 2852 tui
3016 2799 3194 2862 ruina,
3242 2797 3336 2853 sed
3366 2799 3538 2867 διελεῖς

1943 2891 2100 2947 bonis
2128 2891 2384 2960 operibus
2413 2890 2653 2955 elabora,
2712 2899 2772 2944 ut
2826 2890 2880 2945 in
2936 2889 3025 2943 illa
3076 2905 3183 2958 qua
3233 2889 3540 2943 mansiones

1945 2980 2127 3036 multa:
2178 2990 2303 3035 sunt
2348 2982 2607 3035 merearis
2638 2980 2755 3034 lteri
2798 2980 2994 3035 incola.
3026 2997 3045 3032 ι
3082 2980 3146 3033 Ει
3191 2981 3305 3034 hmo
3350 2980 3536 3033 dicens

1947 3070 2144 3124 ostium
2172 3070 2423 3139 signavit,
2457 3070 2752 3138 integritati
2781 3070 3022 3138 pristinae
3061 3068 3226 3123 verbo
3281 3069 3533 3133 reddidit,

1948 3161 2310 3215 admiratione
2340 3171 2536 3214 cuncta
2591 3160 2838 3229 replevit,
2871 3174 3037 3228 seque
3084 3158 3403 3227 jactantiam
3448 3158 3537 3211 fu-

1948 3253 2124 3322 gitans
2153 3251 2401 3307 concitus
2432 3251 2657 3305 abdidit.

2020 3344 2106 3396 12.
2137 3343 2352 3412 Pauper
2403 3344 2565 3411 igitur
2614 3341 2833 3411 Spiritu,
2878 3341 3004 3411 quia
3044 3356 3173 3396 casu
3233 3340 3538 3410 nequibat,

1948 3434 2139 3489 aﬂ‘ectu
2173 3450 2395 3504 regnum
2433 3434 2691 3488 caelorum
2719 3447 2901 3492 emere
2932 3432 3315 3489 contendebat,
3360 3431 3537 3485 mitis—

1947 3527 2393 3594 simaquemeute
2425 3534 2624 3579 terram
2658 3524 2953 3577 viventium
3000 3523 3278 3593 possidere
3319 3522 3539 3577 sedulus

1948 3616 2252 3677 aﬂ’cctahat,
2287 3630 2520 3684 cumque
2546 3616 2783 3669 esuriret
2803 3622 2861 3668 et
2889 3614 3067 3668 sitiret
3110 3613 3398 3683 justitiam,
3442 3629 3535 3668 sa-

1951 3705 2070 3759 tiari
2105 3720 2227 3759 eum
2251 3703 2450 3757 Christi
2476 3703 2915 3757 manifestaretur
2958 3704 3126 3773 gloria
3154 3706 3417 3768 atnbieus,
3450 3703 3535 3757 fa-

1948 3812 2091 3850 mam
2129 3795 2308 3850 s:eculi
2334 3808 2431 3861 pro
2458 3794 2627 3849 nihilo
2649 3794 2899 3849 ducebat.
2942 3795 3029 3861 Et,
3062 3806 3120 3849 ut
3152 3797 3319 3850 Deum
3352 3808 3536 3851 mente

1948 3886 2252 3953 conciperet
2271 3925 2286 3948 ,
2316 3883 2749 3953 limpidissimum
2770 3885 2951 3939 cordis
2976 3885 3193 3939 oculum
3223 3901 3253 3939 a
3304 3884 3529 3938 malivo-

1948 3978 2109 4032 lentia
2154 3986 2207 4031 et
2249 3976 2591 4031 smcularimn
2636 3993 2890 4031 curarum
2933 3978 3155 4048 pulvere
3209 3993 3535 4033 conservare

1946 4067 2215 4123 studebat.
2241 4067 2307 4120 Et
2336 4066 2461 4120 licet
2502 4082 2630 4120 caro
2680 4067 2942 4123 adversus
2982 4068 3253 4137 spiritum,
3306 4070 3535 4138 Spiritus

1946 4169 2124 4212 autem
2152 4160 2410 4213 adversus
2441 4172 2659 4212 carnem
2710 4156 2854 4227 (Gal.
2891 4175 2941 4223 ν,
2976 4160 3086 4231 l7),
3146 4162 3272 4216 dum
3316 4170 3535 4216 terrena

1948 4251 2264 4306 inhabitatio
2292 4266 2510 4305 sensum
2534 4251 2810 4320 deprimit,
2838 4253 3004 4306 multa
3032 4254 3359 4323 cogitantem
3384 4270 3532 4310 sem-

1947 4360 2043 4415 per
2080 4344 2463 4412 concupiscere
2486 4343 2678 4407 soleat,
2724 4360 2911 4413 pacem
2966 4347 3070 4401 iste
3112 4347 3397 4403 miriﬁcam
3453 4348 3537 4401 fa-

242 4432 321 4485 cti
366 4434 799 4486 sustentaculum
830 4434 1085 4500 Russina,
1133 4440 1273 4506 quod
1326 4440 1526 4494 dicitur
1566 4440 1831 4495 Mansum.
1868 4451 1918 4509 D
1945 4433 2117 4497 οἱθηδ,
2144 4433 2391 4501 δβῖνίῐιιιη
2423 4432 2591 4497 Catili.
2630 4435 2796 4488 Deum
2828 4436 3039 4504 Spiriwi
3069 4437 3336 4491 dominari
3368 4438 3536 4510 vigori

244 4523 367 4578 Hoc
400 4526 647 4594 exemplo
676 4535 729 4581 et
757 4528 924 4582 altera
957 4530 1201 4599 quaedam
1232 4531 1398 4586 Guiza
1452 4544 1661 4599 vocata,
1721 4551 1843 4590 cum

246 4616 473 4670 tradere
506 4617 613 4671 Deo
643 4634 735 4687 per
766 4636 981 4674 manum
1012 4621 1255 4687 ejusdem
1289 4624 1589 4680 beatissimi
1651 4627 1845 4681 videli-

244 4716 340 4761 cet
371 4705 902 4775 Hadaliniprzedium
940 4711 1081 4778 quod
1141 4710 1283 4765 Veltz
1333 4713 1616 4768 dicebatur
1664 4715 1840 4781 vellet,

244 4812 555 4866 cognomen
587 4812 616 4849 a
642 4798 1195 4853 vocabulodednceus
1240 4803 1438 4866 sancti,
1488 4804 1724 4859 Montem
1781 4805 1840 4859 S.

248 4891 503 4945 lladalini
568 4890 621 4943 in
675 4900 949 4960 postermn
1002 4894 1185 4947 vocari
1239 4895 1501 4963 disposuit
1537 4917 1549 4949 :
1584 4897 1845 4950 didicerat

247 4996 488 5052 namque
515 4983 655 5051 quod
702 4983 1002 5052 redemptio
1060 4984 1252 5040 animae
1304 4987 1401 5039 viri
1454 4989 1654 5042 divitia:
1706 4985 1840 5053 ejus.

324 5158 401 5228 (5)
434 5157 574 5212 Hinc
620 5175 722 5211 non
774 5159 1048 5232 immerito
1097 5161 1299 5232 colligit
1335 5160 1643 5232 Bollandus
1687 5162 1839 5219 istius

250 5225 392 5274 Vini
417 5240 695 5274 :Itmtnrmn
724 5246 846 5274 esse
878 5226 1165 5274 Notam-nm
1203 5225 1585 5274 lfpnrlit-pncmu
1635 5234 1838 5274 enimn-

1948 4523 2510 4591 compellebatherili,
2555 4533 2613 4578 ut
2650 4524 2818 4579 Deum
2879 4526 3141 4580 caelorum
3184 4529 3238 4583 in
3290 4529 3427 4586 Sion
3466 4531 3545 4583 vi-

1948 4616 2076 4670 dere
2101 4613 2324 4683 ejusque
2348 4616 2592 4671 excubiis
2625 4627 2929 4671 mereretur
2950 4618 3216 4674 indeticue
3237 4622 3549 4680 adhzcrere,

1947 4719 2002 4763 et
2038 4706 2177 4761 filius
2209 4705 2299 4761 Dei
2344 4723 2449 4760 non
2479 4708 2695 4775 quidem
2740 4718 2954 4771 natura,
2997 4724 3184 4763 verum
3235 4716 3427 4779 gratia
3461 4723 3558 4759 vo-

1949 4800 2063 4855 cari
2087 4808 2142 4852 et
2168 4816 2307 4854 esse.
2341 4800 2483 4855 Sane
2512 4800 2846 4853 internorum
2886 4800 3151 4853 bonorum
3181 4814 3430 4859 suorum
3461 4796 3575 4849 lot-

1951 4909 2068 4949 mas
2092 4900 2145 4946 et
2165 4893 2372 4962 species
2403 4893 2541 4946 sicut
2575 4904 2734 4943 nemo
2783 4890 2850 4943 ad
2893 4891 3106 4958 plenum
3154 4889 3337 4957 potuit
3406 4880 3591 4950 auspi-

1954 5001 2099 5049 cere,
2142 4982 2211 5035 ita
2267 4998 2428 5038 nemo
2476 4979 2673 5036 sulIicit
2718 4980 2993 5048 eXplicare
3026 4996 3040 5031 :
3078 4993 3214 5046 quas
3259 4977 3452 5040 sicut
3516 4966 3612 5022 illa

1960 5166 2169 5226 landus.

2032 5220 2107 5276 ff“
2136 5232 2357 5272 \Vinnc
2387 5248 2480 5268 can
2512 5224 2854 5264 nltirnthonnc
2913 5220 3049 5260 Call:
3082 5226 3229 5256 nnnfe
3262 5221 3580 5267 νο...,οί⁵¹“

3590 5199 3638 5235 in
