4042 5300
506 277 529 328 ι
542 277 561 328 1
574 275 636 327 47

1604 269 1910 327 NOTGERI
1952 271 2356 328 LEODlENSlS
2388 272 2691 328 EPISCOPI

3635 261 3764 319 Ηίὸ

496 389 705 448 studuit
727 387 975 442 excolere
998 386 1069 440 ita
1091 394 1146 440 et
1171 385 1437 439 laboravit
1457 386 1948 451 occulere,et,eum
1971 388 2086 442 haec
2115 399 2160 454 Α
2191 389 2492 456 patiamini,
2525 401 2726 456 quaeso,
2758 385 2990 438 transire
3023 384 3312 437 incassum.
3362 375 3624 447 Quisquis
3646 392 3767 444 ergo

502 484 663 539 vellet
681 482 891 552 augeri,
910 478 1126 535 nolebat
1143 478 1362 544 agnosci
1378 478 1651 549 neglector
1665 480 1883 549 quietis,
1901 481 2084 550 rel'uga

502 576 828 644 voluptatis.
875 571 1140 641 appetitor
1191 569 1425 634 lal-oris;
1479 571 1692 638 patiens
1746 571 2084 638 abjectionis,

503 666 789 738 impatiens
816 662 1066 723 honoris;
1097 675 1302 730 pauper
1336 660 1388 714 in
1413 661 1660 729 pecunia,
1704 662 1852 716 dives
1877 663 1927 716 in
1960 678 2090 715 ron-

500 755 749 813 st-ientia.
782 751 1002 807 humilis
1029 751 1094 804 a;l
1126 750 1342 813 merita,
1372 752 1638 819 superbus
1661 750 1726 804 ad
1751 750 1874 802 vitia
1903 767 1916 802 :
1942 749 2089 804 trulla

501 848 576 900 illi
601 863 668 900 ex
697 844 946 899 omnibus
976 841 1294 911 prepensior
1322 857 1471 901 cura,
1501 841 1602 895 nisi
1626 849 1718 895 aut
1769 843 1835 896 de
1888 842 1995 895 Deo
2037 842 2091 897 in

502 938 732 992 lectione
758 945 923 1006 atque
949 948 1218 996 sermone,
1265 942 1360 988 aut
1408 948 1531 987 cum
1592 932 1702 987 Deo
1749 932 1802 985 in
1843 932 2091 987 oratione

501 1028 520 1083 1
543 1039 834 1098 lqueretur.

577 1122 665 1176 13.
704 1119 808 1174 Per
837 1117 992 1189 plura
1043 1132 1175 1187 ergo
1230 1115 1306 1187 (9)
1361 1129 1625 1170 annorum
1666 1113 1935 1168 curricula
1987 1113 2093 1170 illic

504 1224 868 1272 eotnmorans,
907 1208 1256 1262 sanctissima
1285 1205 1701 1260 conversatione
1753 1215 1876 1274 post
1936 1204 2093 1269 hujus

503 1298 628 1354 vitae
660 1297 1006 1353 multimodos
1038 1295 1284 1351 laborum
1308 1309 1591 1359 excursus,
1648 1309 1742 1362 per
1791 1293 1944 1362 plura
2001 1293 2094 1349 be-

507 1388 824 1442 n‘liciorum
884 1395 940 1439 et
998 1384 1387 1440 miraculorum
1438 1383 1737 1447 commoda,
1789 1382 2095 1436 hominibus

512 1478 727 1546 Deoque
757 1476 956 1530 charus
977 1483 1250 1538 ostensus,
1283 1473 1424 1528 diem
1456 1472 1558 1526 sibi
1591 1470 1890 1526 vocationis
1936 1471 2094 1524 intel-

508 1567 675 1638 ligens
702 1567 1007 1629 imminere,
1041 1579 1147 1634 quo
1177 1570 1612 1633 recompensarct
1657 1563 1829 1618 honor
1866 1563 1919 1616 in
1943 1564 2096 1618 cmlis

507 1660 651 1727 qaod
685 1659 838 1712 labor
866 1658 1092 1711 triverat
1118 1657 1170 1710 in
1200 1656 1388 1720 terris;
1418 1670 1625 1709 rnorem
1673 1669 1866 1726 gerere
1914 1657 2096 1710 decre-

2192 487 2429 531 vestrum
2459 477 2829 544 cujuscunque
2851 473 3097 527 criminis
3117 486 3176 526 se
3197 469 3359 525 sentit
3376 467 3771 537 perpetratione

2191 566 2543 632 maculatum,
2579 575 2742 634 atque
2766 565 2919 618 fovea
2950 562 3172 632 majoris
3201 559 3406 628 peccati
3434 559 3768 624 absorptum,

2190 658 2301 712 cito
2338 656 2550 712 salubre
2574 673 2672 712 suo
2702 664 2970 726 supponat
3027 652 3237 707 vulneri
3291 650 3770 705 medicamentum.

2191 747 2326 801 Dutn
2361 747 2524 818 judex
2553 747 2772 816 porrigit
2801 745 3081 814 paenitenti
3112 741 3497 796 misericordia:
3533 753 3774 799 tnanum,

2190 853 2258 893 en
2285 848 2430 906 patet
2451 838 2578 892 dum
2599 837 2850 892 advivitis
2864 837 3028 906 janua
3070 832 3478 895 misericordiae,
3511 845 3637 900 qua:
3661 836 3779 898 post

2193 939 2421 984 mortem
2445 930 2765 992 obstruitur,
2791 929 2904 983 sola
2935 935 3153 997 patente
3198 940 3320 994 quae
3367 929 3780 989 contemptores

2193 1030 2580 1092 praecepturum
2607 1019 3012 1075 Dominicorum
3039 1016 3456 1082 desertoresque
3479 1009 3781 1081 puniendos

2193 1110 2451 1178 suscipiat
2481 1118 2636 1180 porta
2684 1109 2961 1180 gehennae.
3010 1104 3246 1162 Obsecro
3301 1103 3486 1170 itaque
3541 1114 3643 1154 vos
3689 1113 3784 1168 per

2193 1205 2490 1270 Christum,
2522 1212 2580 1257 ιιι
2605 1203 2657 1257 in
2695 1218 2801 1272 quo
2829 1217 2922 1256 vos
2947 1200 3119 1255 nostis
3159 1199 3426 1253 hactenus
3469 1195 3724 1251 deviasse
3752 1213 3784 1248 a

2196 1311 2347 1360 vero,
2379 1294 2721 1350 reconciliari
2750 1293 2980 1363 satagite
3002 1292 3132 1346 Deo.
3160 1288 3348 1351 Orate,
3377 1296 3437 1340 ut
3467 1300 3567 1340 vos
3625 1299 3786 1339 evan-

2195 1387 2364 1457 gelica
2396 1389 2650 1440 admonet
2678 1385 2860 1451 lectio,
2888 1402 2954 1439 tte
2977 1383 3070 1438 [lat
3096 1382 3219 1452 fuga
3258 1389 3434 1434 vestra
3468 1378 3659 1432 hieme
3706 1376 3786 1428 rel

2198 1476 2436 1531 Sabbato
2472 1474 2688 1546 (Matth.
2721 1490 2870 1537 xxiv,
2901 1473 3015 1544 20).
3043 1471 3161 1539 Quo
3181 1470 3299 1523 loco
3319 1477 3521 1522 nostrae
3554 1481 3646 1519 res
3672 1465 3788 1518 sila:

2198 1567 2325 1631 sint,
2361 1566 2412 1619 in
2434 1581 2722 1621 commune
2754 1564 2977 1628 videtis;
3036 1571 3092 1616 et
3141 1559 3265 1629 quia
3327 1557 3414 1612 hic
3454 1556 3698 1610 mundus
3733 1554 3788 1606 in

2201 1656 2440 1724 maligno
2461 1654 2669 1724 positus
2713 1654 2784 1708 sit
2834 1651 2886 1724 (l
2928 1649 3092 1704 Joan.
3120 1664 3172 1714 ν,
3225 1646 3336 1715 19),
3377 1645 3535 1715 juxta
3574 1658 3789 1697 mecum

512 1768 545 1804 ν
573 1764 588 1804 ι
616 1751 892 1817 subjectis.
924 1749 1070 1817 Quos
1114 1748 1412 1804 accersitos
1471 1747 1657 1804 lideles
1701 1763 1944 1817 quosque
1992 1763 2097 1804 non
2133 1749 2173 1808 Β
2201 1764 2390 1802 omnes
2417 1745 2712 1801 attenditis.
2745 1764 2764 1798 ι
2799 1743 2925 1800 Post
2947 1743 3046 1797 has
3069 1741 3254 1796 dulces
3285 1749 3518 1808 paterin:
3569 1735 3791 1804 pictatis

511 1843 899 1914 prn-vinmneri
938 1851 1065 1896 ante
1095 1854 1154 1895 se
1208 1839 1415 1909 positos
1461 1849 1516 1894 et
1569 1838 1635 1894 de
1689 1838 1946 1895 abscessu
2000 1855 2098 1892 suo

511 1943 736 1988 maestos
762 1933 845 1986 his
875 1931 1078 1986 ultimis
1107 1929 1312 1986 solatus
1337 1938 1422 1984 est
1446 1929 1628 1984 verbis
1661 1947 1674 1982 :
1713 1948 1732 1982 ι
1774 1929 1935 1993 Ecce,
1969 1928 2099 1983 cha-

512 2025 716 2081 rtssimi
770 2023 962 2078 Patres
1012 2030 1174 2092 atque
1212 2019 1571 2076 amantissimi
1617 2017 1835 2084 lratres,
1890 2029 2102 2088 tempus

510 2117 858 2172 resolutionis
879 2131 1013 2171 mea:
1033 2115 1222 2177 instat,
1263 2127 1372 2184 quo
1403 2113 1519 2168 haec
1543 2113 1813 2182 torpentia
1845 2113 2093 2166 membra

512 2211 738 2280 spiritus
769 2209 1053 2277 relinquat,
1083 2207 1364 2276 judicique
1394 2223 1493 2263 suo
1548 2207 1960 2276 prcesentandus
2011 2222 2098 2260 oc-

516 2311 722 2355 currat.
754 2300 870 2354 Non
897 2315 982 2354 me
1015 2307 1182 2354 terret
1219 2307 1512 2368 proventus
1563 2297 1891 2353 conditionis
1954 2298 2102 2353 omni

519 2409 572 2448 m
595 2392 733 2453 »τιτιιί
762 2391 1086 2456 communis,
1117 2406 1240 2446 cum
1271 2399 1384 2444 tota
1420 2389 1747 2460 sapientium
1776 2389 1912 2465 vita
1957 2405 2105 2444 corn-

520 2485 782 2539 mentatio
813 2485 1007 2538 debeat
1050 2498 1170 2537 esse
1225 2483 1443 2548 mortis;
1504 2481 1656 2536 vobis
1694 2481 1866 2552 magis
1917 2480 2102 2547 timeo,

515 2589 653 2644 quos
677 2575 964 2629 salvantlos
992 2572 1318 2627 omnimodis
1346 2571 1486 2626 volo.
1539 2571 1616 2626 En
1642 2586 1741 2641 ego
1794 2572 1932 2625 viam
1980 2570 2106 2626 uni‘

518 2680 691 2723 vet-ste
717 2667 899 2722 carnis
921 2681 1041 2720 sum
1077 2664 1444 2733 ingressurus,
1472 2670 1528 2717 et
1576 2663 1644 2718 ad
1697 2678 1791 2718 vos
1847 2663 2102 2730 deinceps

521 2775 627 2813 non
663 2773 1008 2823 reversurus;
1037 2772 1132 2810 vos
1161 2769 1375 2824 quoque
1410 2754 1725 2820 morituros,
1771 2751 2102 2817 cbarissimi,

522 2851 735 2914 scitote,
770 2849 997 2919 ideoque
1027 2847 1359 2918 pmnitentim
1418 2854 1629 2914 tempus
1675 2844 1940 2898 indultum
1997 2858 2103 2898 non

528 2996 3688 3042 Μ

2201 1836 2600 1894 admonitiones
2645 1846 2702 1892 et
2731 1844 2976 1892 extrema
3023 1828 3309 1886 eharitatis
3358 1825 3524 1882 verba
3579 1824 3793 1878 modica

2200 1929 2350 1985 febre
2377 1926 2642 1998 pulsatus,
2678 1933 2732 1980 et
2761 1921 3096 1979 sacrosancti
3127 1917 3372 1988 corporis
3425 1924 3478 1969 et
3509 1913 3744 1984 sanguin
3767 1928 3794 1970 s.

2203 2018 2414 2075 Domini
2445 2019 2643 2073 viatico
2671 2014 3044 2076 conﬁrmatus,
3093 2011 3201 2065 illis
3231 2006 3539 2062 dolentibus
3560 2014 3616 2058 et
3667 2002 3794 2057 ﬂen-

2203 2111 2367 2176 tibus,
2396 2109 2510 2179 ipse
2532 2115 2712 2163 autem
2739 2104 3018 2160 exsultans
3065 2100 3225 2157 tertio
3276 2095 3461 2150 Nonas
3500 2092 3793 2149 Februarii

2207 2200 2455 2272 pervenit
2485 2198 2551 2253 ad
2581 2212 2704 2252 eum
2738 2209 2898 2266 quem
2931 2206 3147 2272 semper
3180 2187 3611 2246 desideraverat,
3639 2181 3797 2237 Chri-

2207 2270 2373 2347 stum.
2400 2288 2610 2358 Corpns
2629 2285 2747 2357 ejus
2776 2270 3072 2339 itottorttice
3101 2289 3350 2335 curatum
3378 2291 3503 2330 cum
3560 2272 3792 2328 melodia

2207 2383 2540 2454 psalmorum
2569 2388 2623 2435 et
2653 2380 2978 2450 hymnorum
3005 2375 3056 2429 in
3081 2373 3199 2427 loco
3221 2383 3329 2439 quo
3371 2368 3489 2437 ipse
3537 2367 3798 2420 decreve-

2209 2484 2295 2530 rat
2325 2483 2408 2528 est
2429 2471 2695 2543 sepultum
2725 2488 2738 2524 :
2769 2469 2858 2523 ubi
2884 2481 2979 2537 per
2999 2467 3117 2536 ejus
3151 2460 3344 2517 merita
3403 2458 3664 2512 Dominus
3709 2469 3797 2507 us-

2209 2583 2314 2637 que
2342 2566 2395 2620 in
2435 2578 2673 2635 praesens
2699 2568 2958 2631 operatur
2981 2555 3370 2611 miraculorum
3415 2547 3686 2604 beneﬁcia
3730 2544 3796 2597 ad

2211 2657 2422 2713 laudem
2449 2664 2503 2708 et
2529 2653 2757 2725 gloriam
2780 2650 3014 2709 nominis
3037 2647 3145 2712 sui,
3169 2645 3312 2716 quod
3338 2652 3420 2698 est
3447 2637 3795 2694 benedictum

2211 2751 2266 2804 in
2296 2747 2490 2804 saecula

1737 3139 2572 3258 NOTGEBI

1291 3359 1718 3426 PIUEFATIO
1763 3360 1870 3419 AD
1915 3355 2176 3419 VITAM
2218 3351 2503 3414 SANCTI
2545 3344 3036 3411 LANDOALDI.

1595 3521 1757 3592 (Vide
1783 3538 1944 3592 supra
1973 3521 2028 3573 in
2059 3518 2362 3579 HERIGBRO,
2390 3515 2500 3568 col.
2525 3511 2681 3581 222.,

541 3651 3770 3706 ___________________________________________—

1242 3814 1635 3948 VITA
1749 3809 2315 3941 SANCTI
2396 3798 3098 3932 REMACLI

1748 4039 2255 4102 TRAJECTENSIS
2276 4037 2605 4096 .EPISCOPI

1851 4209 2128 4269 Auctore
2170 4203 2474 4264 Norasne

1653 4373 1896 4447 (Sumus,
1925 4373 2057 4426 Acta
2080 4376 2402 4430 sanctorum,
2439 4363 2586 4434 Sept.
2628 4360 2707 4434 5.)

1877 4535 2504 4560 Μ

1186 4682 1715 4777 NOTGERI
1828 4673 2366 4766 EPISCOPI
2461 4661 3188 4758 LEODIENSIS

1187 4876 1280 4931 AD
1335 4870 1811 4932 VERINFRIDUM
1865 4865 2191 4924 ABBATEM
2241 4859 2576 4919 EPISTOLA
2620 4851 3182 4914 NUNCUPATORIA.

629 5040 951 5101 Norcnnus,
1000 5047 1182 5104 quem,
1216 5028 1318 5086 etsi
1345 5029 1641 5097 indignum,
1694 5026 1906 5078 Sanctae
1959 5021 2139 5076 Marias
2167 5022 2212 5082 C
2241 5011 2568 5082 episc0pum,
2608 5007 2966 5062 Wumurmno
3005 4998 3292 5055 venerabili
3335 4997 3388 5050 in
3420 4994 3636 5051 Christo
3671 4989 3798 5062 patri

563 5132 859 5199 S;;ttctiqtte
905 5125 1174 5180 Latnberti
1227 5121 1550 5190 mancipium
1613 5118 1903 5188 praedicant
1961 5125 2139 5169 tamen

2249 5113 2300 5159 et
2330 5097 2700 5158 consacerdoti
2725 5095 2913 5150 salutis
2932 5101 3147 5147 aeternae
3168 5089 3485 5146 subsidium.

2829 5283 2930 5300 '.__
2986 5279 3088 5300 nnn

3143 5276 3518 5300 ΑΑ-λξρι-Α-κ-ιη
3591 5271 3800 5300 Clin-nni
