4042 5300
186 172 327 225 ili?

1494 165 1651 220 V'lTA
1698 168 1755 221 S.
1811 166 2123 222 REMACLL

3312 171 3450 224 H50

260 288 449 342 Omnis
472 287 796 356 antiquitas,
827 292 882 337 ut
912 286 986 338 ait
1014 294 1291 338 oratorum
1332 284 1633 343 maximus,
1667 295 1773 348 quo
1804 288 1847 342 Α
1876 293 2038 345 (clas,
2079 301 2236 351 usus,
2278 303 2493 355 semper
2532 285 2733 353 aliquid
2771 292 3018 354 apporlct
3068 284 3212 337 novi.
3271 283 3337 337 Et
3386 298 3452 336 ne

192 379 411 447 propius
441 380 627 431 alterat
663 377 731 429 ab
768 384 888 427 ortu
932 384 984 428 et
1010 374 1186 427 divina
1230 374 1506 442 progenie,
1530 373 1632 425 hoc
1662 386 1774 423 me-

192 464 296 519 l.us
325 484 387 519 ea
425 468 671 527 fortasse,
704 482 822 533 quas
849 474 1004 517 erant
1032 479 1155 516 vera
1175 504 1189 527 ,
1227 464 1505 517 cernebat.
1544 462 1737 515 Verum
1757 499 1770 524 ,

192 559 385 625 angelo
446 557 648 611 Danieli
687 566 981 620 narrante,
1028 558 1276 609 novimus
1322 557 1445 624 quia
1502 564 1776 625 pertrans-

191 652 345 703 ibunt
373 648 607 717 plurimi,
641 658 693 699 et
726 648 1003 715 multiplex
1026 648 1128 701 erit
1158 647 1380 701 srientia
1411 664 1424 700 :
1462 646 1512 699 in
1539 645 1777 712 antiqu's

190 742 378 808 utique
408 739 621 808 vigente.
654 740 881 801 ratione,
914 740 1158 793 veritatis
1191 740 1547 807 indagatricc,
1574 747 1625 791 et
1652 753 1771 807 per—

192 831 428 899 spicacia
462 829 767 883 futurorum
798 844 814 883 :
847 831 899 883 in
938 830 1212 885 modernis
1248 845 1375 883 vero
1414 829 1518 883 title
1548 830 1781 882 creduli-

190 925 324 977 tatis
367 922 762 991 quamprimum
804 922 1071 989 pollente,
1118 937 1238 975 cum
1282 922 1510 990 plurima
1552 921 1780 975 scientia

190 1016 615 1084 praeteritorum.
642 1014 749 1067 Illis
789 1013 1112 1067 diuturnitas
1153 1014 1273 1067 vitta
1303 1014 1587 1068 vetustatis
1614 1014 1783 1067 obdu-

193 1123 225 1160 c
247 1123 326 1158 ius
348 1105 541 1159 callum
562 1145 576 1168 ,
611 1106 973 1175 cognitionem
1005 1105 1249 1173 przestitit
1286 1104 1526 1157 omnium
1558 1118 1736 1155 rerum
1764 1118 1779 1155 :

194 1195 357 1248 nobis
382 1204 595 1257 contra,
633 1210 768 1262 quos
802 1196 1007 1248 calidus
1036 1193 1286 1263 sanguis,
1321 1208 1456 1261 quos
1490 1207 1667 1246 rerum
1699 1193 1782 1244 in-

193 1284 357 1339 scitia
383 1294 590 1347 versat,
625 1284 829 1336 utinam
859 1298 963 1336 non
995 1283 1167 1336 avolet
1193 1284 1261 1337 ob
1286 1283 1501 1335 brevem
1533 1281 1700 1333 vitam
1731 1289 1785 1333 et

195 1390 387 1429 curam
410 1375 859 1441 sollicitudinum,
877 1376 1218 1444 antiquorum
1243 1389 1546 1428 memorare
1566 1375 1783 1427 inventa

194 1468 470 1520 virorum!
506 1466 702 1520 Visere
742 1467 907 1520 fortes
952 1475 1078 1520 ante
1124 1466 1527 1533 Agamemnona
1581 1464 1781 1519 multi:

1879 377 1966 429 hic
1998 375 2173 441 labor,
2205 378 2296 447 qui
2333 387 2384 431 te
2420 377 2744 430 adhortante
2773 382 3055 441 susceptus
3104 382 3217 439 est,
3258 372 3454 424 infera-

1878 468 2015 521 citcr
2052 467 2176 530 ﬁat,
2210 482 2314 521 non
2348 465 2466 534 ejus
2497 466 2657 519 modo
2687 462 2842 529 cujus
2871 462 3248 526 meminimus,
3282 461 3454 513 sancti

1880 559 2087 612 scilicet
2140 558 2401 621 llemacli,
2444 573 2631 611 verum
2693 566 3012 610 ceterorum
3069 562 3267 606 nostra:
3316 552 3460 605 sedis

1879 652 2190 720 poutitieum
2234 659 2475 718 tempora
2522 658 2576 701 et
2605 659 2753 718 gesta
2780 687 2794 711 ,
2830 663 2948 715 qua:
2980 646 3335 713 undecunque
3368 660 3461 711 po-

1883 754 2032 796 tuere
2071 742 2317 807 corradi,
2358 742 2424 795 ad
2483 750 2666 793 nostra
2706 755 2878 808 usque
2930 748 3170 805 tempora
3225 735 3456 803 collegi,

1879 844 1933 888 et
1983 834 2136 903 cujus
2190 832 2532 901 potissimum
2585 830 2878 883 anhelabas
2929 828 3229 891 desiderio,
3282 826 3461 879 Vitam

1884 924 2008 978 inde
2055 934 2366 991 excerptam
2410 921 2551 975 votis
2604 921 2708 972 tuis
2739 918 2974 988 porrexi.
3020 916 3201 986 Lorge
3248 915 3464 984 quidem

1884 1032 2001 1070 inea
2060 1014 2328 1069 sententia
2391 1014 2459 1068 ab
2510 1013 2743 1065 oratoris
2793 1010 2951 1079 primi
3004 1009 3323 1063 excellentia
3380 1022 3469 1060 me

1886 1118 2037 1162 ratus
2068 1106 2318 1167 differre,
2350 1105 2440 1173 qui
2475 1104 2704 1174 plurima
2735 1103 2921 1172 paucis
2947 1100 3261 1163 absolvere,
3296 1112 3466 1166 pauca

1883 1200 2133 1270 plurimis
2163 1197 2463 1268 protelare,
2499 1196 2578 1248 vel
2618 1209 2809 1263 magna
2850 1202 3181 1252 extenuare,
3231 1189 3463 1242 maxima

1883 1310 1914 1346 e
1946 1289 2184 1344 minimis
2212 1287 2453 1351 etIicere,
2484 1285 2590 1338 lata
2621 1293 2848 1354 auguste
2872 1323 2887 1346 ,
2916 1289 3145 1350 augusta
3174 1280 3280 1333 late
3302 1320 3315 1341 ,
3348 1277 3468 1331 vul-

1885 1394 2009 1454 gata
2047 1383 2324 1444 decenter,
2361 1378 2609 1433 decentia
2666 1374 3127 1437 intellectualiter,
3177 1388 3314 1427 nova
3363 1370 3471 1424 usi-

1895 1482 2038 1536 tate,
2074 1471 2272 1525 usitata
2298 1484 2471 1533 nove,
2502 1477 2557 1521 et
2596 1468 2647 1520 id
2686 1480 2854 1534 genus
2892 1463 3125 1533 plurima
3166 1461 3341 1514 valeat
3380 1459 3475 1514 dc-

195 1557 295 1610 sed
324 1570 514 1610 omnes
552 1555 968 1625 illacrymabiles
1024 1556 1299 1625 ignotique
1338 1564 1596 1624 urgentur
1625 1554 1782 1624 longa

1901 1566 2081 1619 libare.
2110 1561 2208 1617 Cui
2234 1570 2286 1615 et
2320 1576 2351 1613 a
2387 1568 2544 1630 poeta
2586 1557 2937 1627 praecipitur:
2974 1554 3111 1607 «Aut
3144 1553 3345 1606 famam
3386 1565 3471 1606 se—

195 1656 383 1711 nocte,
416 1655 604 1700 carent
627 1646 751 1715 quia
788 1655 907 1700 vate
935 1660 1113 1701 sacro.
1154 1645 1312 1708 llaec,
1345 1655 1401 1698 ut
1440 1646 1637 1709 credo,
1668 1660 1788 1715 per-

1901 1668 2084 1723 querc,
2109 1660 2202 1704 aut
2221 1648 2323 1705 sibi
2346 1647 2721 1703 convenientia
2756 1646 2915 1715 tinge.
2940 1664 2958 1697 ι
2988 1642 3097 1699 Nec
3120 1652 3177 1696 ιιι
3199 1640 3477 1697 scholares

194 1739 465 1806 pmdens,
504 1739 757 1793 abbatum
789 1739 1264 1801 reverendissirne,
1296 1746 1351 1791 et
1396 1737 1521 1805 quia
1569 1752 1789 1791 necesse

196 1839 287 1881 est
320 1837 524 1897 quanto
546 1827 789 1896 iuniores
824 1839 974 1884 tanto
998 1844 1119 1884 esse
1143 1828 1565 1899 perspicaciores
1593 1842 1609 1879 :
1637 1826 1790 1879 obtu-

197 1916 313 1971 listi
359 1917 598 1972 libellum
638 1920 705 1974 de
746 1920 855 1974 vita
900 1929 1009 1974 tam
1057 1920 1227 1975 nostri
1255 1936 1417 1990 quam
1461 1918 1621 1973 vestri
1664 1932 1790 1986 spec

198 2007 356 2060 cialis
386 2009 635 2078 patroni,
662 2008 865 2064 domini
903 2010 1109 2065 scilicet
1151 2010 1413 2075 Remacli,
1438 2018 1791 2079 conquestus,

198 2105 429 2169 promer
458 2097 725 2155 incuriam
761 2108 940 2154 tamen
969 2100 1427 2170 praedecessorum
1461 2108 1791 2165 vestrorum,

201 2188 426 2242 brevius
476 2205 638 2258 quam
682 2198 740 2244 ut
776 2205 865 2245 res
902 2192 1237 2261 postularet,
1287 2206 1385 2259 pro
1422 2189 1793 2260 magnitudine

201 2290 484 2349 gestorum
512 2281 649 2355 ejus,
680 2296 798 2336 esse
819 2283 1087 2337 eruditam
1120 2282 1271 2353 [[ονι.
1313 2280 1559 2353 editam].
1595 2281 1797 2334 Sintul-

201 2385 313 2439 que
344 2371 494 2430 visus
526 2388 607 2437 es,
636 2382 688 2425 ut
713 2388 779 2427 ne
806 2374 979 2427 dicam
1003 2374 1236 2442 precari,
1271 2372 1363 2427 sed
1388 2374 1565 2442 potius
1591 2373 1789 2426 exhor-

207 2462 338 2525 tari,
368 2469 428 2517 ιιι
454 2477 575 2518 eam
609 2477 711 2515 non
742 2461 899 2516 modo
924 2463 1259 2532 exemplari,
1298 2478 1483 2517 verum
1519 2462 1797 2530 aliquanto

203 2552 442 2621 lepidius
471 2554 783 2607 mandarem
820 2553 977 2623 poliri
1006 2571 1020 2608 :
1055 2565 1164 2609 tum
1190 2554 1329 2625 quod
1354 2566 1629 2623 gestorum
1657 2555 1797 2609 illius

206 2643 431 2696 aliunde
467 2651 805 2711 sumptorum
839 2654 1091 2714 suppetat
1125 2646 1312 2715 copia;
1338 2654 1446 2698 tum
1481 2645 1633 2714 quod,
1663 2654 1799 2699 tent-

208 2748 439 2802 porum,
468 2748 695 2802 quorum
727 2734 1015 2790 diversitas
1046 2751 1189 2790 nunc
1230 2736 1464 2789 maxime
1495 2736 1631 2791 scitu
1661 2750 1799 2805 opus

206 2833 327 2887 est,
360 2838 427 2877 ex
454 2822 786 2877 chartulario
818 2834 997 2880 vestro
1026 2841 1130 2879 non
1163 2826 1304 2880 desit
1337 2826 1550 2880 notitia.
1586 2824 1691 2879 Sed
1730 2825 1798 2878 ad

206 2916 329 2970 haec
361 2915 486 2969 dum
518 2925 569 2970 te
593 2930 713 2968 cum
746 2916 851 2970 tuis
873 2918 1113 2971 omnium
1145 2918 1341 2971 artium
1369 2917 1652 2986 praesulem
1680 2932 1800 2972 esse

1889 1747 2066 1816 posito
2102 1745 2373 1809 themate,
2403 1740 2600 1811 quibus
2630 1739 2813 1794 verbis
2852 1738 2930 1792 uti
2968 1737 3176 1806 potuit,
3212 1734 3303 1803 qui
3341 1732 3480 1800 inju-

1892 1838 2027 1890 riam
2069 1851 2258 1905 passus
2292 1844 2417 1889 est:
2462 1832 2542 1887 vel
2584 1832 2702 1895 ille,
2731 1829 2822 1899 qui
2864 1827 3076 1891 intulit,
3119 1825 3327 1893 aliquid
3368 1823 3476 1877 tiu-

1891 1926 2070 1980 ximus
2119 1924 2418 1989 frivolum,
2475 1924 2585 1977 imo
2652 1935 2753 1976 nec
2817 1933 3108 1987 creperum.
3162 1914 3318 1980 Quod
3376 1915 3479 1967 etsi

1893 2017 2398 2086 eloquentissimum
2426 2012 2716 2083 quemdam
2747 2010 3018 2065 dicentem
3046 2024 3059 2061 :
3085 2004 3240 2072 Quod
3270 2004 3313 2058 si
3345 2004 3484 2064 haec,

1896 2113 2105 2184 inquit,
2136 2121 2366 2181 uterque
2394 2124 2499 2164 non
2546 2106 2712 2170 dixit,
2760 2115 2941 2157 tamen
2989 2101 3043 2155 in
3090 2108 3216 2154 voto
3259 2095 3484 2157 habuit.

1894 2218 1949 2262 et
1991 2208 2042 2261 in
2092 2213 2213 2260 actu
2251 2201 2525 2265 ostendit,
2571 2196 2770 2255 sectari
2820 2192 3239 2257 contenderem,
3283 2187 3483 2242 nullius

1896 2300 2083 2368 utique
2123 2297 2387 2367 judicium
2439 2294 2891 2350 extimescerem.
2920 2301 3107 2340 verum
3159 2285 3273 2338 brcc
3323 2281 3478 2334 alias.

1897 2392 2049 2455 Misi,
2100 2393 2355 2460 inquam.
2397 2386 2650 2444 charitati
2694 2394 2797 2438 tua:
2838 2397 3065 2442 munus,
3099 2377 3244 2448 quod
3302 2372 3488 2426 minus

1896 2485 2113 2554 quidem
2171 2481 2455 2537 etlicentia:
2490 2477 2818 2539 securitate,
2856 2472 3094 2526 maxime
3129 2476 3313 2529 autem
3366 2477 3487 2516 sus-

1897 2552 2113 2645 ceptum
2158 2582 2241 2625 est
2267 2568 2519 2623 amicitia:
2549 2563 2990 2635 praesumptione.
3032 2558 3251 2628 Magnas
3282 2552 3484 2607 etenim

1903 2670 1953 2722 in
1984 2663 2285 2721 diﬂicillimi
2315 2660 2498 2732 operis
2536 2672 2698 2713 cursu
2738 2657 2920 2717 vires.
2956 2649 3209 2705 amicitire
3243 2653 3487 2700 contem-

1901 2758 2068 2827 platio
2104 2753 2351 2824 supplet,
2388 2760 2447 2805 et.
2482 2748 2699 2818 placere
2733 2741 3076 2813 cupientibus
3136 2735 3303 2790 multa
3344 2745 3485 2827 sa-pe

1903 2820 2085 2904 rerum
2122 2820 2276 2914 copia
2302 2840 2629 2911 suppeditat.
2659 2835 2813 2891 Unde
2838 2832 2965 2885 licet
2990 2842 3181 2882 verear
3227 2838 3339 2914 ne,
3359 2820 3487 2914 dum

1909 2910 2204 3009 ilnperato—
2233 2910 2444 2988 muneri
2499 2945 2598 3001 par
2642 2940 2767 2982 esse
2820 2934 3087 2991 nequeam
3118 2957 3133 2980 ,
3187 2910 3491 2968 deﬁcientis

206 3023 515 3079 constaret,
536 3015 771 3083 illudque
786 3014 1022 3069 Pierinm
1044 3014 1578 3068 animooccurrerct:
1601 3013 1692 3065 «In
1711 3012 1800 3067 silc
1832 2981 1875 3041 Ο
1906 2981 2059 3099 enim
2100 3030 2154 3083 ει,
2195 2981 2536 3080 adhortanti;
2569 3019 2742 3097 cedat;
2775 3012 3026 3082 injuriam
3055 3050 3070 3073 ,
3128 3016 3309 3061 tamen
3359 3018 3485 3057 cum

207 3122 336 3158 vam
363 3119 431 3159 ne
452 3106 593 3176 ligna
611 3104 785 3161 feras!
810 3125 829 3160 ι
862 3105 980 3161 etin
1004 3122 1172 3167 mare,
1200 3123 1253 3159 ει
1278 3106 1414 3173 Quid
1438 3121 1604 3175 aquas
1628 3105 1677 3158 in
1702 3104 1802 3157 Ωιι-

208 3212 262 3249 ιιι
293 3212 363 3249 ua
415 3197 617 3251 mittis?
665 3216 684 3249 ι
731 3212 1050 3267 suspensam
1082 3198 1220 3252 inter
1250 3212 1313 3252 ea
1341 3199 1543 3252 librare
1590 3197 1803 3252 silentia

210 3299 455 3342 mentem
483 3300 782 3359 coeperant,
810 3305 933 3344 cum
968 3305 1093 3343 ecce
1123 3291 1437 3344 memoriam
1464 3288 1768 3343 oﬂ'endcbat
1788 3328 1803 3353 ,

208 3382 342 3448 quia
374 3381 538 3442 vires,
572 3396 706 3450 quas
751 3382 1020 3452 imperitia
1059 3383 1321 3449 denegat,
1370 3382 1609 3435 charitas
1643 3380 1803 3433 mini-

210 3481 391 3534 strat,
435 3481 490 3525 et
527 3474 653 3541 quia
686 3474 923 3542 incmpto
955 3480 1160 3526 tantum
1193 3488 1330 3541 opus
1361 3481 1465 3533 est,
1497 3481 1690 3524 caztera
1724 3486 1808 3524 res

210 3565 489 3631 expediet.
527 3564 691 3634 Igitur
719 3566 946 3619 adorSus
970 3581 1113 3629 sum,
1140 3574 1196 3618 et
1227 3573 1284 3617 ut
1310 3563 1491 3617 verbis
1522 3562 1804 3632 cujusdam

210 3658 485 3726 sapientis
511 3668 649 3721 utar,
673 3668 725 3711 et
748 3674 813 3711 ex
837 3658 947 3722 illo,
977 3666 1240 3726 quantum
1274 3670 1360 3709 res
1387 3654 1584 3723 poscit,
1612 3666 1809 3705 acervo

213 3750 431 3810 tollam,
461 3749 836 3803 exhortatione
864 3757 976 3813 tua,
1001 3763 1120 3817 qua:
1141 3757 1195 3801 et
1221 3746 1504 3816 prtesentis
1527 3746 1810 3799 honestate

210 3839 504 3908 propositi,
544 3847 600 3891 et
639 3838 829 3893 futura:
867 3840 1045 3893 aetatis
1087 3838 1316 3892 utilitate
1367 3836 1653 3904 conjuncta
1696 3846 1805 3897 est,

209 3928 354 3980 nihil
383 3927 659 3995 antiquius
680 3927 1015 3989 existimavi.
1049 3936 1103 3981 et
1139 3942 1207 3981 ne
1238 3926 1617 3980 auctoritatem
1648 3922 1808 3979 ditl'u-

210 4032 349 4086 gere
391 4017 635 4080 viderer,
674 4018 724 4072 ei
771 4019 981 4072 muneri
1026 4018 1258 4071 libenter
1300 4016 1567 4085 acquievi.
1601 4015 1810 4070 Praesu-

211 4107 392 4161 nicnti
433 4108 575 4159 enim
619 4107 959 4161 auctoritatis
991 4109 1179 4172 datur,
1210 4122 1331 4161 cum
1362 4106 1536 4161 credit
1566 4106 1809 4174 prazstari

211 4211 382 4264 posse
423 4197 567 4264 quod
618 4196 847 4265 petitur;
907 4206 960 4252 et
1013 4210 1205 4266 parere
1248 4195 1411 4260 scire,
1454 4204 1537 4249 est
1588 4191 1811 4261 aequalis

210 4286 396 4357 gloria
419 4301 539 4340 cum
568 4287 884 4354 imperante.

291 4376 563 4430 Fecerant
603 4377 706 4431 hoc
742 4378 880 4432 idem
915 4376 1230 4443 jamdudum
1271 4383 1431 4430 (etate
1473 4372 1809 4429 venerabiles

211 4470 349 4533 viri,
386 4469 672 4522 llilduiuus
703 4469 868 4522 abbas
898 4471 948 4521 in
981 4468 1238 4522 PaSsione
1268 4468 1322 4521 S.
1355 4465 1616 4535 Dionysii,
1649 4463 1808 4519 lliuc-

216 4576 414 4613 inarus
456 4558 893 4626 archiepiscopus
935 4558 987 4610 in
1040 4555 1162 4611 Vita
1218 4556 1275 4612 S.
1316 4554 1583 4625 Remigii:
1623 4563 1677 4606 et
1717 4555 1805 4607 alii

214 4649 614 4720 quatnpluritni
660 4649 712 4701 in
758 4665 863 4702 non
904 4663 1202 4718 paucorum
1243 4646 1601 4715 compilandis
1640 4646 1810 4714 gestis

215 4750 579 4804 sanctorum,
629 4740 824 4808 quibus
879 4738 1189 4793 auctoribus
1234 4738 1479 4794 obtinere
1522 4751 1810 4804 possumus

214 4830 482 4899 nptintis,
515 4829 659 4898 quod
694 4829 744 4883 in
776 4830 1034 4883 omnibus
1064 4832 1275 4892 causis,
1312 4837 1361 4882 et
1405 4827 1578 4890 solet,
1622 4834 1671 4878 et
1713 4828 1809 4879 de-

216 4924 313 4974 bet
350 4920 534 4973 valere
574 4919 885 4987 plurimum.
924 4916 1059 4971 Nam
1101 4934 1373 4989 nunquam
1416 4919 1487 4972 ita
1519 4918 1809 4986 quisquam

216 5013 367 5065 bene
414 5012 674 5066 subducta
724 5010 933 5064 ratione
971 5009 1039 5063 ad
1097 5011 1264 5066 vitam
1319 5009 1450 5075 fuit,
1510 5008 1635 5078 quin
1688 5022 1811 5071 res,

1908 3131 2055 3178 tuam
2104 3127 2291 3189 specto
2336 3109 2804 3171 benevolentiam,
2846 3104 2905 3157 tit
2946 3114 3107 3155 omne
3154 3110 3385 3167 pronum
3437 3104 3494 3147 et

1908 3212 2098 3274 facile,
2130 3187 2184 3263 et
2221 3211 2237 3276 (
2267 3216 2325 3261 ut
2353 3207 2423 3259 ita
2454 3200 2663 3270 dicam)
2694 3192 3094 3255 voluntarium,
3126 3187 3268 3258 quod
3300 3187 3352 3239 in
3387 3195 3493 3238 tua:

1900 3290 2640 3372 jucunditatisimpenditur
2694 3285 3088 3357 praescriptum.
3140 3278 3252 3332 lloc
3299 3283 3481 3372 autem

1908 3367 2136 3449 munere
2171 3392 2448 3459 impenso,
2480 3383 2771 3451 sollicitum
2804 3390 2857 3433 te
2888 3376 3113 3431 reddere
3141 3370 3337 3441 cupio:
3366 3367 3494 3436 quia

1910 3488 1954 3541 si
1994 3483 2126 3554 quid
2163 3494 2390 3551 operum
2435 3487 2649 3531 tuorum
2691 3470 3017 3541 quandoque
3043 3461 3493 3554 expostulaverio,

1911 3547 2140 3643 iuju-rius
2165 3547 2296 3624 mihi
2326 3569 2514 3631 fueris,
2548 3565 2591 3619 si
2621 3560 2865 3631 negabis.
2892 3554 3147 3623 Quisquis
3179 3564 3368 3618 magna
3402 3547 3495 3601 de-

1912 3667 2024 3729 dit,
2058 3663 2229 3715 voluit
2261 3658 2364 3714 sibi
2398 3671 2592 3726 magna
2624 3650 2849 3707 remitti.
2884 3648 2990 3702 Sed
3031 3660 3135 3698 non
3176 3647 3497 3710 arroganter

1911 3770 2108 3825 magna
2130 3794 2145 3818 ,
2176 3750 2376 3821 quippe
2421 3749 2529 3802 tuis
2571 3743 2781 3800 meritis
2808 3748 2864 3795 et.
2905 3736 3107 3792 nostris
3138 3735 3279 3787 votis
3319 3733 3494 3800 impa-

1919 3822 2030 3904 ria:
2060 3846 2401 3913 Quapropter
2429 3835 2753 3893 oblatrantis
2783 3844 2997 3886 morsus
3038 3828 3201 3880 timeo
3244 3822 3461 3877 invidia:
3480 3862 3494 3883 ,

1919 3941 2047 4011 quia
2082 3934 2281 3992 difﬁcili
2316 3946 2375 3986 re
2405 3928 2545 3985 solet
2593 3927 2730 3979 livor
2767 3918 3133 3993 prtejudicium
3179 3917 3495 3985 importare.

1915 4031 2163 4098 Denique
2210 4040 2318 4080 non
2372 4035 2562 4077 omnes
2619 4016 2809 4072 eadem
2861 4011 3134 4066 mirantur
3182 4014 3499 4074 amantque.

1923 4097 2201 4190 Ergonon
2233 4116 2359 4169 istic
2384 4112 2604 4180 obliquo
2638 4105 2796 4163 oculo
2826 4116 2947 4157 mea
2979 4099 3178 4154 lamina
3211 4097 3498 4190 quisquam

1915 4186 2066 4264 litaret
2085 4247 2100 4273 ,
2129 4221 2235 4260 non
2258 4205 2385 4259 odio
2404 4201 2636 4256 obscuro
2663 4206 2958 4261 morsuque
2980 4196 3232 4242 venenet.
3268 4186 3372 4239 Sed
3408 4194 3460 4236 tu
3483 4223 3497 4243 ,

1840 4319 1887 4379 ι)
1916 4312 2068 4371 pater
2096 4296 2441 4358 beatissime,
2475 4290 2579 4345 mei
2612 4286 2815 4343 laboris
2855 4291 3066 4350 tuaeque
3103 4274 3501 4379 adhortatiot‘ri‘s

1918 4364 2178 4451 assertor,
2215 4401 2409 4442 caveas
2437 4396 2688 4438 securum
2720 4394 2807 4432 me
2857 4382 3139 4446 peractum
3173 4368 3359 4422 rendat
3387 4364 3502 4420 olli-

1919 4488 2062 4543 cium
2090 4525 2104 4548 ,
2157 4498 2280 4536 cum
2331 4478 2426 4533 tibi
2465 4474 2639 4546 pudor
2675 4468 2834 4524 amici
2868 4465 3086 4537 dignius
3111 4459 3281 4531 possit
3310 4469 3502 4512 conve-

1921 4579 2040 4631 nire
2063 4615 2078 4641 ,
2112 4572 2155 4626 si
2187 4570 2457 4640 displicet.
2489 4564 2638 4619 Vale.

1995 4685 2151 4757 Quod
2181 4698 2282 4737 nec
2306 4694 2432 4737 vota
2459 4677 2608 4757 pati,
2642 4686 2741 4728 nec
2769 4669 2971 4757 tipgere
2990 4660 3519 4757 seruitia:

1996 4720 2927 4822 t
2952 4752 3048 4822 pro
3072 4720 3302 4811 nomine
3331 4720 3529 4786 molles

2462 4834 2551 4876 me
2577 4805 2747 4869 virttis
2770 4820 2858 4863 tua
2886 4805 3010 4860 fecit
3036 4805 3303 4857 anticum.

1990 4926 2191 4981 Iterum
2222 4919 2363 4974 vale.
