4042 5300
508 342 638 397 1151

1603 353 1785 424 ΝΟΪΕ
1797 353 1906 408 Em
1935 352 2351 411 LEODIENSISA
2380 357 2684 413 EI’ISCOPI

3650 350 3786 407 “5!

1370 485 2128 602 PR/EFATIO
2188 490 2876 605 AUCTORI.‘

582 703 932 774 Omnipotens
952 703 1233 772 Dominus,
1250 705 1342 776 qui
1362 708 1678 764 divescstin
1698 711 2089 773 misericordia,
2124 724 2168 775 A
2199 720 2284 768 est
2324 713 2608 781 potestatis
2644 721 2698 768 et
2745 712 2995 783 ignavize.
3047 711 3114 766 Ut
3162 725 3267 766 non
3295 709 3570 772 labamur,
3599 709 3792 764 salutis

513 798 667 867 cujus
699 804 889 852 natura
916 797 1130 853 bonitas
1150 840 1164 864 ,
1196 800 1348 870 cujus
1376 801 1627 858 voluntas
1658 805 1917 871 potentia,
1948 802 2103 872 cujus

512 904 650 960 rpus
693 889 1062 944 misericordia
1103 899 1221 956 est,
1265 891 1521 946 sustinuit
1555 893 1831 960 vasairaz,
1883 904 2004 964 apta
2049 895 2102 948 in

513 980 816 1046 interitum,
858 984 914 1035 in
953 981 1120 1036 multa
1159 982 1451 1051 patientia;
1497 986 1712 1038 tandem
1757 998 1921 1051 vero,
1964 986 2104 1039 sicut

519 1086 551 1124 a
590 1078 741 1124 reatu
773 1071 964 1138 primae
1004 1072 1468 1140 praevaricationis
1507 1072 1711 1126 nullum
1749 1073 1979 1128 liberum
2013 1087 2103 1126 re-

514 1159 682 1230 perit,
712 1159 784 1213 ita
805 1157 1102 1214 liberandis
1133 1163 1384 1216 omnibus
1409 1162 1580 1226 venit,
1608 1163 1824 1218 divitias
1847 1164 2104 1218 bonitatis

517 1263 574 1308 et
639 1252 1065 1322 longanimitatis
1113 1253 1365 1307 omnibus
1405 1255 1761 1323 praerogavit,
1813 1254 2105 1309 voluntatis

516 1344 968 1413 omnipotentiam
1003 1343 1054 1398 in
1094 1344 1357 1414 ingratos,
1395 1355 1451 1400 et
1479 1344 1599 1415 ejus
1637 1348 1825 1416 gratia:
1858 1355 2104 1416 respectu

515 1435 800 1503 indignos,
836 1435 1211 1490 ellicacissitne
1246 1436 1523 1501 exercuit,
1562 1439 1779 1507 quando
1821 1453 1957 1508 opus
1993 1437 2107 1493 sal-

517 1527 741 1580 vatricis
772 1525 1186 1590 misericordize,
1234 1535 1291 1580 ut
1339 1528 1582 1596 reparari
1617 1539 1829 1599 posset,
1871 1528 2109 1584 clemen-

519 1617 730 1671 tissime
774 1625 900 1670 ante
940 1616 1270 1684 procuravit.
1301 1616 1448 1673 Forti
1486 1617 1560 1672 illi
1600 1629 1808 1673 armato
1837 1633 2020 1681 arma,
2052 1617 2105 1670 in

520 1708 718 1777 quibus
757 1707 1096 1772 conﬁdebat,
1127 1707 1386 1763 abstulit:
1431 1725 1559 1764 vasa
1597 1723 1717 1778 quae
1755 1709 2106 1779 possidebat,

519 1797 800 1854 distribuit
829 1817 842 1852 :
884 1810 938 1852 ut
969 1799 1111 1853 sicut
1137 1799 1287 1868 prius
1317 1809 1536 1870 prepter
1562 1810 1782 1870 peccata
1820 1801 1912 1854 irte
1945 1815 2105 1865 vasa,

521 1888 600 1943 ita
651 1905 764 1960 per
799 1889 1199 1960 cjusgratiam
1257 1888 1448 1944 flerent
1504 1904 1632 1943 vasa
1695 1889 2106 1946 misericordiae.

523 1975 596 2040 Ut
623 1982 767 2035 enim
799 1996 904 2036 non
948 1991 1031 2036 est
1077 1981 1439 2044 credendum,
1483 1981 1550 2034 ad
1600 1979 1827 2035 salutem
1875 1980 2107 2048 aliquem

2203 816 2427 854 munere
2471 801 2700 870 adepto,
2751 810 2950 855 nostra:
2992 800 3210 870 quidem
3254 799 3664 868 quodammodo
3710 808 3793 852 est

2203 891 2614 958 sollicitudinis,
2672 893 2769 946 sed
2815 881 2962 946 oinni
3018 890 3175 944 modo
3224 889 3476 959 adjutorii
3529 888 3789 941 cmlestis.

2201 984 2380 1052 Atque
2409 983 2458 1036 ei
2490 982 2604 1051 spei
2630 981 2844 1036 fortiter
2878 982 3194 1044 innitentes,
3228 981 3416 1034 beatos
3453 993 3580 1032 esse
3618 979 3794 1046 reipsa

2203 1073 2602 1141 comperimus,
2659 1073 2751 1143 qui
2811 1089 2935 1128 cum
2981 1073 3254 1127 Christum
3308 1072 3361 1125 in
3416 1085 3588 1124 carne
3650 1079 3798 1123 tanta

2203 1160 2527 1215 eﬂicietttem
2561 1177 2667 1214 non
2701 1162 2967 1225 viderint,
2997 1160 3178 1214 audita
3218 1168 3537 1214 constanter
3571 1159 3797 1212 credere

2203 1269 2310 1307 non
2341 1253 2680 1318 dubitarunt,
2704 1270 2734 1308 e
2755 1255 2952 1322 quibus
2981 1253 3141 1307 etiam
3177 1250 3374 1306 multos
3401 1252 3599 1305 fecisse
3634 1265 3796 1319 Opera

2201 1357 2325 1413 qua:
2351 1341 2439 1396 ille
2461 1343 2607 1405 fecit,
2633 1353 2688 1396 et
2715 1341 2868 1409 juxta
2891 1343 3008 1412 ejus
3032 1343 3446 1412 promissionem
3471 1341 3663 1409 (Joan.
3686 1339 3796 1407 xxv)

2205 1435 2410 1504 majora
2439 1452 2654 1506 quoque
2677 1437 2894 1497 fecisse,
2920 1452 3024 1490 non
3053 1435 3225 1490 solum
3259 1434 3419 1487 vicini
3443 1433 3798 1494 confitentur,

2205 1527 2302 1581 sed
2327 1525 2398 1580 illi
2423 1527 2584 1578 etiam
2612 1526 2932 1594 prazdicant,
2963 1527 3052 1594 qui
3090 1536 3218 1579 sunt
3249 1525 3388 1577 ultra
3417 1523 3799 1581 Sauromatas,

2208 1627 2262 1674 et
2284 1617 2521 1673 Glaciale
2538 1619 2812 1688 attingunt
2835 1633 3006 1682 mare,
3030 1627 3086 1671 et
3109 1617 3313 1670 insulas
3336 1614 3589 1669 habitant
3612 1610 3803 1664 Fortu-

2209 1719 2384 1766 natus.
2434 1709 2690 1763 Libenter
2731 1710 2894 1779 igitur
2945 1719 3096 1763 tanto
3145 1709 3288 1763 bono
3329 1705 3536 1761 subditi
3576 1719 3804 1765 sumus,

2209 1799 2554 1868 delectatque
2609 1807 2759 1852 tanto
2807 1799 3017 1853 servire
3061 1798 3306 1859 Domino,
3355 1796 3444 1864 qui
3487 1809 3601 1848 non
3646 1793 3802 1846 modo

2211 1890 2389 1944 fautor
2447 1899 2501 1944 et
2548 1889 2764 1958 adjutor
2807 1898 2892 1944 est
2942 1905 3130 1944 eorum
3181 1888 3274 1958 qui
3327 1886 3660 1956 proficiunt,
3714 1883 3809 1936 sed

2212 1985 2376 2038 etiam
2431 1985 2667 2038 remedia
2714 1984 2962 2052 providet
3012 1981 3176 2052 lapsis
3216 1995 3231 2033 :
3277 1981 3403 2034 dum
3455 1988 3512 2032 et
3560 1975 3806 2044 angelica

517 2070 861 2140 pertingere,
908 2070 1012 2126 nisi
1069 2071 1178 2126 Deo
1227 2071 1521 2136 invitante;
1561 2069 1638 2124 sic
1678 2085 1778 2124 nec
1820 2070 2103 2124 invitatum
2139 2067 2181 2125 Β
2210 2072 2368 2126 nobis
2413 2081 2636 2141 praestat
2683 2069 2940 2140 suffragia
2995 2085 3102 2123 non
3143 2069 3365 2130 deesse,
3401 2075 3459 2120 et
3488 2074 3805 2118 sanctorum

521 2159 738 2230 quidem
761 2159 978 2230 operari
1015 2159 1246 2215 salutem
1278 2174 1453 2226 suam,
1489 2160 1592 2214 nisi
1621 2159 1734 2214 Deo
1771 2159 2105 2214 auxiliante:

525 2249 734 2303 nullum
765 2249 1044 2304 voluntate
1080 2249 1171 2303 Dei
1207 2248 1416 2317 perire,
1445 2248 1540 2302 sed
1576 2248 1868 2318 permissu,
1897 2261 1996 2316 pro
2025 2262 2112 2299 ar-

523 2338 673 2394 bitrii
714 2339 1017 2394 electione:
1052 2357 1120 2393 ne
1153 2339 1424 2393 tacultatis
1453 2339 1702 2403 libertas,
1730 2347 1783 2393 et
1807 2338 2113 2408 ingenuitas

527 2429 692 2483 semel
715 2429 921 2483 homini
950 2430 1231 2495 attributa,
1249 2430 1312 2484 ad
1339 2430 1590 2484 servilem
1617 2430 1906 2499 quamdam
1926 2443 2115 2482 neces-

527 2521 743 2574 sitatem
787 2521 1083 2590 redigatur.
1127 2521 1206 2576 Ita
1251 2537 1381 2591 ergo
1420 2523 1632 2577 initium
1665 2521 1855 2576 salutis
1885 2529 2105 2586 nostrae,

526 2610 640 2666 Deo
662 2611 983 2677 miserante,
1010 2612 1290 2668 habemus.
1317 2611 1386 2668 Ut
1411 2623 1593 2668 autem
1616 2613 1907 2668 salutifera:
1937 2612 2110 2682 inspi-

528 2705 724 2758 rationi
773 2706 1213 2776 acquiescamus,
1259 2708 1430 2762 nostri
1470 2715 1554 2763 est
1582 2707 1814 2762 arbitrii.
1845 2705 2014 2761 Porro
2054 2714 2112 2760 ut

528 2793 893 2864 adipiscamur
917 2797 968 2851 id
992 2797 1136 2867 quod
1163 2798 1448 2853 monitioni
1487 2799 1685 2854 divina:
1707 2799 2112 2870 acquiescentcs

527 2888 852 2959 appetimus,
882 2890 1047 2946 divini
1089 2899 1175 2947 est
1204 2891 1475 2957 muneris;
1515 2899 1573 2946 ut
1609 2890 1874 2954 labantur,
1913 2897 2114 2945 nostrae

2213 2160 2425 2215 confert
2455 2160 2775 2230 patrocinia,
2809 2175 2946 2228 quos
2968 2173 3066 2228 pro
3099 2156 3298 2211 nostris
3327 2154 3503 2224 culpis
3523 2154 3807 2230 interces-

2213 2262 2364 2306 seres
2412 2252 2702 2321 implorare
2737 2267 2841 2305 non
2885 2252 3210 2305 dubitemus.
3243 2249 3420 2314 Quos,
3444 2246 3575 2300 licet
3607 2243 3808 2312 passim

2213 2341 2447 2395 diversis
2488 2340 2715 2411 largitus
2745 2342 2816 2394 sit
2855 2337 3172 2409 provinciis,
3210 2337 3514 2410 generatim
3560 2343 3617 2388 et
3657 2347 3807 2385 com-

2215 2430 2454 2484 muniter
2509 2430 2884 2496 honorandos;
2935 2437 3172 2482 attamen
3228 2425 3459 2495 singulis
3502 2425 3808 2493 quibusque

2217 2518 2351 2574 locis
2395 2520 2659 2588 quosdam
2702 2520 2982 2584 attribuit,
3030 2519 3194 2573 etiam
3242 2515 3557 2587 specialiter
3608 2514 3852 2583 ample-j

2217 2611 2444 2666 ctendos
2489 2621 2544 2664 et
2590 2612 2912 2682 propensius
2953 2610 3258 2664 exarandas
3303 2623 3380 2661 :e
3422 2608 3624 2675 quibus
3653 2603 3805 2657 nobis

2219 2703 2440 2758 beatum
2467 2701 2781 2757 ltetmtclum
2805 2701 3086 2756 adhibuit:
3116 2700 3269 2770 cujus
3299 2708 3358 2752 ut
3387 2695 3668 2765 suffragiis
3695 2693 3805 2762 pluo

2222 2795 2419 2850 rimunt
2448 2794 2751 2860 innitimur,
2789 2796 2860 2848 ita
2895 2793 3012 2864 ejus
3043 2793 3208 2847 vitam
3253 2801 3307 2844 et
3333 2799 3486 2861 gesta
3516 2802 3619 2858 pro
3649 2793 3803 2854 captu

2223 2886 2418 2942 virium
2443 2901 2669 2943 narrare
2696 2885 3058 2958 aggredimur.

1622 3062 2164 3177 INCIPIT
2263 3062 2666 3178 VITA.

601 3263 642 3314 1.
675 3263 1007 3318 Francorum
1031 3279 1252 3334 regnum
1284 3266 1350 3324 ab
1375 3266 1492 3337 ipso
1515 3282 1612 3322 suo
1643 3267 1866 3322 exordio
1893 3281 2109 3335 semper
2138 3272 2180 3332 ρ
2212 3265 2452 3327 cumdat,
2485 3265 2557 3318 ita
2591 3271 2978 3333 nuncupatam.
3017 3261 3060 3317 Α
3090 3259 3273 3318 Circio
3302 3259 3468 3315 habet
3497 3256 3801 3319 Oceanum,

532 3353 828 3417 invictum,
871 3362 981 3407 tum
1023 3357 1106 3408 vel
1155 3356 1392 3412 maxime
1439 3373 1549 3427 prae
1586 3359 1796 3412 caeteris
1838 3359 1886 3411 ei
1925 3357 2119 3411 vicinis

539 3443 720 3512 regnis
758 3441 951 3497 ﬂorere
985 3444 1162 3498 visum
1196 3457 1309 3509 est,
1348 3462 1470 3500 cum
1497 3445 1626 3515 jugo
1666 3446 1957 3500 Dominica:
1997 3444 2118 3500 fidei

537 3533 676 3586 toila
730 3533 1043 3602 supposuit,
1094 3543 1149 3589 et
1187 3538 1328 3605 quod
1372 3537 1522 3606 prius
1571 3537 1831 3590 adorabat
1877 3535 2120 3601 exussit,

534 3623 679 3694 quod
740 3634 1022 3678 exusserat
1077 3627 1344 3681 adoravit.
1406 3628 1599 3695 Ingens
1665 3636 1844 3682 autem
1912 3629 2121 3696 accepit

528 3713 956 3778 incrementum,
975 3725 1032 3768 et
1052 3716 1152 3769 sub
1173 3731 1236 3770 eo
1261 3716 1474 3771 firmum
1499 3717 1756 3772 Ecclesia:
1781 3717 1873 3771 Dei
1893 3725 2116 3782 statum,

539 3817 662 3857 cum
714 3803 988 3857 Clotarius
1038 3820 1152 3869 rex,
1185 3805 1422 3875 legitima
1478 3805 1825 3860 successione
1873 3814 2119 3874 quartus,

539 3900 702 3952 trium
727 3913 1012 3966 regnorum
1045 3879 1216 3953 factus
1242 3911 1324 3954 est
1356 3901 1670 3963 tnonarcha,
1697 3908 1751 3953 et
1777 3915 1897 3953 eum
1921 3898 2124 3967 princi-

539 4001 700 4060 patus
717 3991 797 4044 sui
825 4006 1026 4044 annum
1051 3993 1245 4060 agebat
1262 3993 1760 4062 quadragesimum,
1780 4008 1938 4061 quem
1957 3989 2122 4045 Hera-

541 4082 676 4136 clius
719 4092 920 4136 sanctae
960 4081 1152 4137 Crucis
1194 4092 1540 4152 recuperatur
1581 4083 1794 4153 imperii
1854 4083 2120 4138 decimum

541 4188 664 4241 quat
682 4181 813 4226 tum.
830 4172 877 4226 Is
895 4172 1162 4227 Clolarius
1176 4173 1379 4228 nullum
1395 4189 1462 4228 ex
1484 4173 1676 4228 vicinis
1695 4173 1912 4244 regibus
1933 4189 2124 4243 passus

539 4272 626 4315 est
659 4277 766 4317 sua:
799 4261 988 4316 ditioni
1025 4278 1172 4316 arma
1209 4262 1429 4330 inferre,
1457 4265 1550 4319 sed
1584 4279 1774 4318 omnes
1814 4263 2084 4333 Hispania:
2105 4303 2119 4326 ,

538 4350 724 4407 Galliae
755 4359 811 4409 et
844 4353 1145 4410 Germania:
1177 4371 1330 4425 reges
1376 4366 1433 4411 et
1463 4357 1710 4426 populos,
1756 4359 1869 4412 suis
1900 4357 2125 4412 habenis

540 4445 749 4499 8'uduit
781 4460 1055 4501 coercere.
1083 4447 1255 4502 Porro
1279 4448 1540 4520 inclytum
1569 4447 1738 4502 illium
1762 4465 1918 4502 suum
1952 4450 2124 4518 Dago-

542 4535 752 4589 bertum
782 4537 1152 4612 Austrasianis
1177 4541 1440 4610 prtefecit,
1487 4541 1646 4610 eique
1700 4542 1864 4594 etiam
1895 4540 2124 4594 Germa-

2223 3357 2316 3427 qni
2348 3357 2708 3426 Aquitanicus
2725 3357 2872 3410 sinus
2900 3355 3100 3409 dicitur
3127 3371 3140 3407 :
3167 3353 3236 3407 ab
3256 3366 3453 3407 occasu
3483 3349 3802 3418 Hispanias:

2219 3465 2250 3503 a
2275 3449 2655 3518 Septentrione
2676 3457 2728 3502 et
2750 3447 2970 3502 Oriente
2993 3445 3409 3516 Lugdunensem
3431 3440 3803 3496 Provinciam:

2221 3541 2288 3596 ab
2319 3541 2463 3594 Euro
2489 3549 2544 3596 et
2574 3540 2798 3594 meridie
2825 3538 3253 3592 Narbonensem.
3302 3535 3510 3589 Rivulis
3549 3543 3604 3587 et
3635 3531 3806 3586 ﬂumi-

2223 3636 2385 3690 nibus
2415 3635 2669 3705 piscosis,
2695 3633 2810 3688 solo
2842 3631 3272 3694 fmcundissimo,
3305 3627 3525 3698 pascuis
3552 3639 3802 3696 pecorum

2223 3727 2537 3791 uberrimis,
2593 3726 2789 3781 vinetis
2836 3724 3125 3787 nectareis,
3185 3721 3500 3776 nemoribus
3551 3717 3800 3788 copiosis,

2223 3835 2417 3892 magna
2444 3819 2717 3873 fructuum
2746 3815 3071 3871 abundantia
3123 3813 3370 3872 celebris,
3407 3811 3551 3875 auri,
3575 3809 3803 3880 argenti,

2223 3913 2564 3980 aliorumque
2591 3909 2931 3965 metallorum
2957 3907 3129 3971 ferax,
3172 3905 3515 3974 vectigalium
3547 3916 3805 3972 proventu

2224 4003 2502 4073 opulenta,
2530 4001 2623 4056 sed
2675 4016 2786 4070 pra:
2836 3999 2958 4052 aliis
2988 3996 3283 4066 provinciis
3311 3995 3650 4064 voluptatum
3692 4009 3802 4045 om-

2225 4096 2374 4148 nium
2424 4093 2654 4146 luxurite
2699 4092 2901 4155 dedita,
2940 4089 3169 4158 denique
3197 4087 3334 4140 viris
3366 4085 3618 4147 fortibus,
3667 4081 3806 4136 helli-

2225 4187 2386 4249 cosis,
2410 4195 2464 4240 et
2495 4184 2766 4238 ferocibus
2790 4183 3073 4236 instructa.
3094 4178 3266 4233 liabet
3297 4192 3380 4238 ea,
3411 4185 3611 4246 praeter
3635 4183 3807 4228 castra

2224 4287 2281 4332 et
2322 4277 2438 4331 loca
2492 4275 2734 4338 munita,
2765 4273 2926 4326 urbes
2973 4268 3382 4339 quatuordecim
3437 4265 3805 4337 pra-grandes,

2224 4384 2427 4440 easque
2479 4367 2770 4438 populosas
2812 4375 2866 4418 et
2911 4361 3297 4418 celeberrimas
3332 4373 3404 4412 :e
3445 4357 3647 4426 quibus
3697 4356 3810 4409 dua:

2227 4470 2353 4516 sunt
2379 4459 2723 4528 tnetrOpoles,
2750 4472 2854 4511 una
2881 4451 3320 4522 Burdegalensis,
3354 4449 3567 4520 magnis
3599 4459 3810 4514 semper

2229 4554 2360 4608 viris
2409 4553 2697 4619 conspicua
2758 4566 2771 4602 :
2837 4548 3005 4601 altera
3060 4544 3436 4608 Bituricensis,
3496 4542 3651 4608 cujus
3704 4552 3808 4592 tum

540 4627 644 4681 nia:
668 4629 898 4684 ditiones
919 4631 1224 4686 voluitesse
1244 4633 1540 4702 subjeCtas.
1572 4633 1770 4687 Eurum
1793 4633 2125 4702 temporibus
2156 4641 2202 4698 1)
2232 4645 2674 4713 archiepiscopus
2715 4639 2818 4693 fuit
2845 4648 3070 4693 sanctus
3109 4634 3521 4705 Austregisilus,
3543 4643 3599 4685 et
3624 4633 3810 4685 beatus

543 4719 870 4777 felicissimis
900 4737 1072 4791 usque
1119 4725 1254 4779 adeo
1304 4723 1755 4780 Christianismus
1782 4725 2042 4788 excrevit,
2072 4732 2132 4777 ut

547 4828 686 4882 pene
717 4814 858 4868 nulla
884 4817 1041 4871 hodie
1076 4828 1169 4871 aut
1198 4833 1319 4873 rara
1372 4819 1516 4874 intra
1561 4820 1761 4874 limites
1807 4819 1957 4890 regni
1987 4821 2129 4888 ipso-

545 4919 666 4958 rum
689 4908 918 4962 ecclesia
955 4910 1278 4975 inveniatur,
1311 4926 1429 4980 qua:
1462 4928 1566 4965 non
1599 4911 1824 4980 alicujus
1851 4911 1966 4980 ejus
1989 4920 2128 4965 tem-

2231 4737 2492 4808 Sulpitius
2538 4734 2972 4795 archidiaconus,
3015 4728 3353 4797 Austregisili
3405 4728 3456 4780 in
3489 4726 3811 4794 episcopatu

2229 4843 2533 4884 successor.
2563 4826 2618 4879 In
2652 4838 2882 4893 quorum
2910 4819 3150 4891 paruecia
3179 4833 3276 4888 per
3305 4817 3354 4870 id
3382 4827 3596 4884 tempus
3621 4815 3802 4868 Bema-

2230 4921 2346 4975 clus
2377 4919 2429 4972 in
2457 4918 2596 4972 hanc
2626 4918 2798 4972 lucem
2833 4917 3014 4970 editus
3043 4922 3146 4973 est,
3179 4922 3332 4980 patre
3361 4910 3602 4971 Albutio,
3633 4907 3809 4962 Matri-
