4042 5300
196 126 338 183 “53

1500 116 1648 172 \‘lTA
1695 114 1751 169 S.
1796 110 2117 167 REMACLI.

3327 106 3466 164 “55

193 245 297 300 sub
349 243 509 303 beato
564 236 818 308 Sulpitio,
867 235 922 292 in
956 233 1110 303 cujus
1148 236 1411 289 honorem
1448 240 1665 287 constat
1705 230 1773 283 ab
1803 237 1850 293 Λ
1882 225 2012 295 ipsis
2035 224 2138 277 nisi
2163 232 2380 277 neatum
2440 235 2726 276 .emacatm
2777 217 3101 289 episcopum.
3125 218 3342 290 prrefeci
3373 221 3472 275 de-

192 338 382 391 eodem
439 344 629 389 sancto
684 331 802 385 viro
855 328 1152 399 permultas
1208 327 1258 381 in
1312 334 1497 380 nostra
1551 323 1773 377 dioecesi

192 424 454 480 ecclesias
484 423 715 476 dicatas.
764 420 863 474 Ubi
920 426 1101 472 autem
1147 416 1402 480 adolevit,
1432 423 1487 469 et
1518 422 1675 482 prout
1710 426 1773 465 ea

193 515 403 570 ferebat
429 524 583 576 anas,
614 514 778 566 totius
800 510 1127 580 integritatis
1154 518 1208 563 et
1232 506 1518 577 probitatis
1564 505 1775 558 fructus

193 606 434 674 protulit,
488 605 645 658 beato
688 602 861 673 Eligio
887 602 1295 656 commendatus
1341 610 1451 663 est,
1488 600 1607 652 viro
1636 598 1776 651 inter

192 695 312 765 ejus
336 695 514 748 :etatis
548 694 796 747 homines
836 692 1154 745 meritorum
1185 690 1357 759 gratia
1392 688 1551 742 facile
1580 686 1774 756 primo.

191 786 243 839 ls
267 800 392 840 vero
415 785 466 839 iu
500 782 945 838 Solletttniacensi
979 779 1472 851 (Solemuiapcensi)
1502 785 1776 832 monaste—

192 874 298 939 rio,
330 876 472 943 quod
497 875 609 943 ipse
637 874 688 926 in
716 888 815 926 suo
847 871 1013 925 fundo
1039 870 1415 930 construebat,
1446 882 1571 921 eum
1603 864 1776 920 sacris

190 968 505 1019 monasticae
534 964 829 1032 disciplina:
881 960 1313 1017 institutionibus
1342 969 1532 1014 exacte
1560 948 1772 1011 imbuit.

190 1054 250 1108 In
283 1064 489 1109 tantum
518 1064 696 1108 autem
720 1054 839 1123 pius
860 1052 1179 1107 adolescens
1199 1051 1315 1121 ejus
1334 1049 1551 1103 monitis
1568 1047 1780 1101 obtem-

188 1149 422 1218 peravit,
456 1159 533 1214 ut,
562 1148 743 1201 divina
768 1147 821 1201 in
856 1162 923 1200 eo
948 1146 1119 1216 gratia
1144 1143 1500 1204 exuberante,
1525 1139 1776 1194 omnibus

190 1242 247 1295 in
302 1256 366 1295 eo
419 1239 749 1294 monasterio
798 1237 1016 1293 Christo
1072 1234 1459 1296 militantibus.
1512 1230 1776 1301 religiosa:

188 1334 621 1389 conversationis
647 1333 712 1386 de
739 1347 797 1386 se
823 1330 1068 1398 exempla
1102 1326 1385 1398 praeberet.
1438 1325 1567 1378 Erat
1597 1325 1649 1377 in
1682 1323 1775 1376 Vi-

187 1422 334 1491 giliis
378 1422 650 1483 assiduus,
699 1421 751 1474 in
808 1418 1058 1490 precibus
1098 1430 1326 1485 pernox,
1356 1414 1409 1468 in
1446 1411 1775 1467 abstinentia

186 1516 530 1585 pnecipuus,
587 1515 639 1566 in
690 1502 940 1565 universa
990 1524 1201 1562 morum
1260 1506 1575 1576 integritate
1632 1516 1773 1571 prte-

185 1581 391 1661 clarus.
451 1606 694 1662 Cernetis
737 1604 927 1659 beatus
966 1602 1194 1672 Eligius,
1236 1600 1324 1655 cui
1380 1599 1612 1655 traditus
1657 1604 1775 1654 erat
1806 1581 1850 1639 Β

186 1714 218 1751 a
270 1698 615 1769 parentibus,
667 1696 787 1767 ejus
858 1694 1126 1766 profectui
1184 1691 1622 1761 animi‘quadam
1661 1690 1775 1745 ala-

184 1792 388 1844 critate
455 1789 879 1860 congratulans,
942 1802 1127 1843 curam
1189 1786 1371 1857 gregis
1441 1785 1542 1839 sibi
1626 1800 1778 1839 com-

182 1884 345 1938 missi
404 1885 459 1939 in
511 1899 637 1938 eum
700 1881 1016 1947 transtulit,
1072 1896 1202 1935 suas
1258 1880 1309 1934 ei
1371 1877 1519 1933 vices
1556 1877 1776 1933 deman-

184 1978 368 2042 dans,
429 1991 663 2047 eumque
737 1976 842 2031 sibi
909 1975 1269 2030 substituens.
1337 1972 1777 2043 Compellebatur

184 2072 334 2125 enim
374 2070 553 2124 redire
590 2071 659 2122 ad
696 2067 960 2137 palatium
1014 2066 1178 2134 regis,
1227 2074 1283 2120 et
1334 2080 1489 2119 suam
1542 2064 1592 2118 ei
1643 2077 1775 2133 ope-

183 2177 307 2215 ram
361 2176 579 2215 navare.
626 2159 817 2214 Postea
850 2173 979 2213 vero
1012 2156 1169 2226 longe
1205 2155 1423 2225 lateque
1468 2170 1655 2224 sparsa
1694 2160 1778 2208 est

182 2253 334 2308 fama
386 2252 694 2306 sanctitatis
720 2250 843 2303 vita:
887 2247 1034 2318 ejus,
1065 2256 1120 2301 et
1159 2247 1227 2301 ad
1261 2249 1407 2315 ipsos
1434 2247 1599 2300 etiam
1641 2245 1778 2301 aula:

181 2357 445 2413 proceres
490 2342 757 2411 pervenit.
803 2340 1013 2409 Itaque,
1053 2337 1237 2391 divina
1266 2336 1319 2391 id
1367 2344 1559 2406 agente
1598 2333 1779 2405 provi-

183 2434 395 2498 dentia,
430 2448 533 2486 non
565 2433 739 2502 potuit
787 2430 1005 2485 lucerna
1031 2470 1046 2492 ,
1096 2429 1292 2483 divinae
1331 2428 1518 2499 gratim
1549 2442 1779 2482 accensa

184 2527 436 2597 ignibus,
460 2525 560 2579 sub
588 2526 821 2594 propriae
850 2521 1305 2579 considerationis
1347 2522 1527 2575 modio
1567 2520 1737 2579 latere
1761 2534 1776 2573 :

184 2622 286 2674 sed
314 2629 373 2672 ιιι
399 2620 613 2673 desrdes
653 2618 704 2672 in
738 2616 861 2672 ﬁdei
895 2616 1173 2687 proposito
1201 2617 1270 2671 ab
1308 2630 1372 2669 ea
1412 2614 1592 2669 lumen
1630 2613 1779 2669 acci-

184 2718 404 2779 perent,
437 2708 766 2763 candelabro
807 2708 1057 2778 imposita
1089 2716 1192 2763 est.
1242 2706 1299 2761 In
1331 2706 1452 2759 aula
1488 2706 1630 2775 regis
1656 2719 1781 2775 pro-

186 2798 484 2868 mulgatur,
526 2807 732 2852 tantum
757 2801 931 2852 virum
964 2812 1105 2869 regis
1129 2797 1431 2868 praesentia:
1454 2797 1643 2851 deesse
1672 2810 1778 2850 non

186 2890 412 2958 debere,
438 2901 499 2944 ut
525 2888 641 2955 ejus
687 2889 972 2959 prudentia
1023 2889 1174 2959 regni
1217 2888 1432 2958 negotia
1489 2886 1782 2957 disponan-

187 2992 305 3047 tur,
330 2983 483 3051 cujus
530 2990 638 3035 tam
684 2982 910 3036 illustria
962 2983 1279 3037 meritorum
1318 2981 1549 3052 insignia
1594 2995 1785 3037 cerne-

187 3083 404 3127 rentur.
436 3072 713 3127 Evocatur
733 3086 880 3141 ergo,
900 3078 1073 3140 utpar
1101 3080 1239 3137 erat,
1271 3073 1588 3138 honorifice,
1622 3081 1785 3141 atque

188 3165 248 3217 in
292 3164 433 3234 regis
482 3162 739 3232 palatium
788 3161 1188 3226 introducitur,
1241 3177 1438 3232 magno
1487 3163 1779 3232 deinceps,

191 3263 256 3308 ut
306 3254 382 3308 rei
428 3262 553 3325 post
605 3260 829 3309 eventus
880 3251 1099 3318 docuit,
1151 3252 1407 3306 omnibus
1450 3251 1646 3307 solatio
1700 3250 1784 3306 fu-

189 3352 377 3398 turus.

263 3436 355 3491 lh.
384 3435 488 3490 Per
512 3436 653 3490 idem
684 3434 855 3490 ferme
887 3443 1100 3504 tempus
1132 3433 1324 3488 beatus
1348 3432 1612 3496 Joannes,
1640 3430 1785 3485 Tun-

192 3529 476 3598 grcnsium
508 3526 593 3581 vei
623 3510 1051 3593 T‘rajcctensinm
1099 3525 1394 3580 Ecclesium
1431 3524 1663 3578 feliciter
1688 3539 1786 3593 gu-

191 3620 455 3683 bernans,
490 3617 760 3671 hominem
792 3616 963 3669 exuit.
994 3614 1166 3669 Porro
1211 3612 1445 3683 inclytus
1472 3627 1565 3665 rex
1612 3611 1788 3678 Dago—

189 3707 406 3765 bertus.
439 3707 528 3775 qui
559 3704 697 3774 patri
748 3703 986 3757 Clotario
1030 3704 1081 3755 in
1123 3700 1438 3756 monarchia
1482 3698 1783 3761 successit,

192 3800 416 3853 beatum
469 3795 771 3850 Amandum
811 3794 902 3863 qui
956 3793 1024 3847 ad
1077 3792 1520 3861 praedicandum,
1562 3799 1621 3842 ut
1674 3796 1785 3842 tum

196 3892 374 3944 moris
412 3897 551 3953 erat,
584 3888 759 3942 factus
788 3887 964 3942 fuerat
992 3887 1307 3956 episcopus,
1338 3884 1404 3937 ad
1436 3898 1494 3938 se
1517 3881 1786 3937 accersie-

194 3990 314 4048 rat,
338 3989 394 4036 et
425 3981 550 4050 quia
581 3997 700 4035 cum
730 3979 922 4048 injuria
969 3994 1092 4033 eum
1142 3976 1442 4046 expulerat,
1485 3974 1553 4028 ab
1596 3971 1684 4026 illo
1719 3976 1788 4026 ob

194 4075 448 4142 quaedam
499 4072 739 4125 facinora
798 4068 1199 4138 reprehensus,
1265 4065 1541 4120 nitebatur
1587 4061 1790 4116 arctius

195 4166 356 4220 illum
397 4164 682 4219 devincere
727 4162 826 4215 sibi
885 4174 981 4229 per
1029 4144 1294 4229 Sigeberti
1355 4158 1447 4211 mn
1493 4157 1573 4211 sui
1622 4154 1791 4223 bapti-

1879 315 2006 367 bcre
2036 331 2047 366 :
2078 313 2167 380 qui
2210 313 2281 366 sit
2327 321 2379 365 et
2431 310 2541 366 Deo
2595 320 2649 364 et
2688 311 2995 365 hominibus
3045 312 3283 375 chartis,
3335 312 3469 367 nulli

1877 406 1995 474 ejus
2023 405 2199 459 aetatis
2223 404 2514 458 sanctitate
2552 404 2845 467 secundus,
2875 403 3137 472 angelicis
3184 404 3469 472 spiritibus

1878 506 2082 565 gratus,
2113 496 2325 551 cunctis
2354 496 2677 550 mortalibus
2700 496 3080 565 suscipiendus
3112 505 3166 550 et
3214 511 3471 552 reveren-

1878 589 2001 641 dus.
2034 586 2162 655 Ejus
2208 602 2266 641 se
2320 587 2485 639 multa
2538 595 2793 656 expertos
2842 586 3127 652 benettcia,
3176 587 3370 643 crebro
3412 596 3470 642 et

1878 679 2019 749 apud
2050 694 2231 749 regem
2261 688 2315 732 et
2345 694 2600 749 proceres
2640 679 2865 733 multum
2896 678 3026 749 ipsis
3051 679 3166 747 ejus
3201 679 3469 749 profuisse

1878 768 2131 837 suti‘ragia
2174 777 2625 823 commemorant.
2679 770 2790 823 Nec
2845 769 2963 838 cjus
3013 768 3302 823 obscuram
3343 784 3468 823 esse

1877 860 2253 929 prudentiam,
2288 860 2378 929 qui
2413 874 2520 913 non
2566 875 2690 913 raro
2723 860 2886 929 regiis
2914 860 3155 915 consiliis
3193 860 3470 915 adhibitus

1877 953 1968 1005 sit.
1994 950 2295 1020 Snppetere
2317 952 2364 1004 ei
2390 951 2673 1004 scientiam
2693 950 3119 1021 Scripturarum,
3135 951 3278 1004 unde
3299 951 3471 1020 possit

1878 1052 1932 1096 et
1961 1052 2139 1096 vetera
2177 1052 2231 1097 et
2280 1056 2416 1097 nova
2446 1042 2709 1112 proferre.
2746 1042 2985 1112 Denique
3026 1042 3159 1097 nihil
3190 1044 3237 1096 ei
3279 1058 3467 1098 earum

1879 1152 2058 1190 rerum
2113 1138 2302 1191 deesse
2332 1138 2530 1206 quibus
2570 1136 2865 1205 Apostolus
2905 1137 3217 1206 episcopum
3266 1137 3469 1191 instru-

1878 1238 2023 1280 ctum
2052 1243 2174 1283 esse
2206 1228 2355 1282 velit.
2389 1226 2459 1282 lis
2491 1226 2837 1281 sermonibus
2871 1243 2965 1281 rex
2996 1229 3224 1282 comiter
3261 1236 3315 1282 et
3343 1243 3469 1298 pro-

1877 1332 2044 1386 penso
2089 1318 2255 1371 animi
2297 1318 2486 1372 favore
2534 1319 2874 1378 asscntiens,
2932 1333 3231 1387 eorumque
3272 1318 3470 1373 studiis

1877 1407 2292 1472 obsecundans,
2373 1409 2565 1462 statuit
2620 1417 2884 1478 prmstare
2936 1410 3079 1477 quod
3154 1409 3466 1477 rogabatur.

1876 1501 2123 1556 Accersit
2152 1501 2318 1571 igitur
2363 1502 2427 1554 ad
2469 1517 2526 1556 se
2572 1502 2793 1555 beatum
2836 1500 3175 1564 Remaclum,
3210 1510 3263 1554 et
3306 1515 3370 1554 ea
3404 1501 3470 1554 de

1878 1610 1938 1649 re
1987 1610 2109 1649 cum
2158 1609 2224 1649 eo
2276 1594 2488 1649 confert
2543 1609 2891 1661 sermonem,
2948 1601 3000 1649 et
3042 1605 3191 1648 certe
3236 1592 3340 1646 dici
3376 1592 3468 1646 vix

1878 1694 2042 1755 queat
2088 1693 2295 1754 quanta
2333 1686 2599 1739 orationis
2642 1687 2911 1741 suavitate
2953 1685 3019 1738 ad
3050 1685 3097 1739 ei
3132 1684 3468 1755 persuaden-

1877 1773 2004 1828 dum
2033 1790 2162 1830 usus
2189 1775 2289 1840 sit,
2330 1790 2602 1845 quamque
2631 1775 2703 1829 illi
2736 1776 2911 1830 modis
2935 1775 3188 1831 omnibus
3219 1775 3300 1829 vir
3340 1790 3467 1829 san-

1877 1872 1997 1919 ctus
2019 1866 2328 1920 obluctatus
2357 1867 2450 1920 sit.
2488 1866 2555 1918 At
2584 1881 2701 1928 rex,
2732 1866 3071 1920 sacerdotum
3096 1874 3151 1921 et
3179 1879 3468 1935 procerum

1877 1953 2050 2011 fretus
2104 1956 2355 2021 consilio,
2418 1958 2487 2011 ab
2543 1956 2843 2010 intentione
2902 1972 3000 2011 sua
3064 1972 3171 2011 non
3236 1955 3464 2011 destitit.

1952 2044 2190 2101 Tandem
2220 2047 2301 2100 vir
2336 2046 2454 2112 Dei,
2482 2048 2691 2101 veritus
2735 2063 2802 2103 ne
2828 2048 3025 2103 divinze
3059 2049 3341 2103 resisteret
3367 2061 3466 2101 vo-

1879 2137 2094 2206 luntati,
2126 2137 2327 2193 invitus
2359 2140 2573 2208 quidem
2608 2139 2871 2209 septimus
2897 2147 2953 2193 et
3001 2139 3291 2193 vicesimus
3322 2136 3470 2193 Tun-

1879 2229 2061 2299 grensi
2099 2230 2183 2284 vel
2234 2229 2570 2299 Trajectensi
2602 2230 2859 2284 Ecclesia:
2897 2230 3128 2283 antistes
3167 2230 3324 2282 datur
3362 2236 3465 2280 :ut

1880 2321 2029 2374 verbi
2056 2321 2223 2375 divini
2271 2322 2503 2385 semina,
2536 2337 2658 2391 quae
2693 2322 2955 2377 hactenus
2981 2321 3124 2389 apud
3169 2335 3228 2375 se
3257 2318 3469 2373 celare.

1880 2419 1987 2475 rat,
2020 2411 2265 2480 pluribus
2297 2412 2618 2481 impertiret.

1951 2501 2040 2556 lV.
2082 2502 2197 2567 Qua
2259 2515 2391 2555 vero
2448 2501 2727 2569 religione,
2785 2516 2889 2571 qua
2964 2501 3275 2570 integritate
3335 2498 3470 2554 illud

1880 2606 2080 2646 munus
2108 2603 2397 2646 exsecutus
2426 2592 2520 2656 sit,
2548 2607 2647 2646 nos
2684 2593 2958 2663 explicare
3000 2593 3311 2660 nequimus,
3344 2606 3468 2646 cum

1881 2698 2006 2739 mox
2036 2683 2090 2737 in
2130 2684 2246 2753 ipso
2273 2684 2634 2739 ordinationis
2658 2686 2775 2755 ejus
2810 2686 2964 2739 initio
2998 2694 3206 2738 tantam
3237 2686 3285 2739 ei
3317 2683 3469 2739 verbi

1882 2776 2110 2847 gratiam
2138 2775 2387 2832 Christus
2421 2776 2649 2844 largitus
2685 2779 2776 2842 sit,
2808 2787 2862 2831 ut
2898 2792 3087 2832 omnes
3129 2776 3471 2846 promptissi-

1884 2881 2001 2920 mos
2049 2880 2167 2921 sese
2216 2866 2284 2920 ad
2334 2866 2817 2933 obtemperandum
2886 2862 3247 2929 exhiberem,
3305 2879 3465 2919 nemo

1885 2969 2030 3013 esset
2056 2958 2149 3028 qui
2176 2974 2281 3012 non
2309 2974 2372 3013 ex
2402 2958 2585 3012 animo
2615 2972 2738 3013 eum
2770 2958 3020 3028 diligeret
3049 2976 3061 3010 :
3098 2958 3475 3026 unusquisque

1886 3048 1952 3105 ad
1980 3050 2095 3118 ejus
2124 3065 2183 3105 se
2206 3049 2509 3105 doctrinam
2537 3050 2882 3105 conformare
2909 3065 3007 3119 pro
3030 3050 3236 3104 viribus
3268 3049 3471 3103 nitere-

1889 3148 1996 3194 tur.
2047 3139 2198 3194 Nulla
2245 3141 2299 3193 in
2327 3138 2444 3207 ejus
2487 3140 2733 3195 moribus
2770 3139 3083 3210 arrogantia
3108 3180 3122 3201 ,
3166 3140 3258 3194 sed
3299 3147 3472 3193 totum

1888 3229 2035 3284 illum
2058 3231 2159 3285 sibi
2190 3239 2379 3285 sancta
2422 3230 2701 3283 humilitas
2728 3230 3059 3284 vindicabat.
3091 3228 3317 3298 Superbi
3347 3243 3473 3283 eum

1887 3323 2278 3376 reverebantur
2342 3330 2402 3376 ut
2459 3320 2796 3389 superiorem
2840 3338 2851 3371 ε
2892 3319 3124 3374 humiles
3174 3318 3471 3389 amplecte-

1886 3414 2087 3468 bantur
2116 3423 2172 3466 ut
2204 3411 2447 3467 fratrem.
2477 3412 2617 3481 Erga
2654 3425 2846 3466 omnes
2873 3409 3270 3465 communierat
3301 3409 3470 3463 animi

1887 3503 2264 3559 benevolentia
2308 3512 2365 3557 et
2408 3518 2617 3557 amore.
2660 3502 2716 3556 In
2749 3503 2912 3556 terris
2963 3504 3166 3572 degens
3215 3515 3470 3568 corpore,

1888 3597 2074 3651 habitu
2111 3603 2166 3648 et
2193 3595 2433 3647 moribus
2458 3594 2737 3648 cmlestem
2771 3608 2829 3647 se
2868 3592 3200 3646 declarabat.
3229 3592 3470 3661 Aspectu

1889 3686 2198 3755 angelicus,
2261 3684 2474 3738 incessu
2528 3684 2905 3752 compositus,
2957 3684 3170 3738 actione
3226 3690 3471 3745 sanctus,

1891 3777 2274 3848 integerrimus
2296 3790 2544 3846 corpore,
2577 3774 2967 3829 solertissimus
2993 3773 3195 3835 animo,
3225 3774 3276 3825 in
3309 3787 3474 3840 opere

1890 3871 2335 3939 circumspectus,
2366 3867 2584 3937 ingenio
2622 3866 2917 3931 excellens,
2951 3879 3178 3933 magnus
3218 3861 3472 3927 consilio,

1892 3962 1995 4016 ﬁde
2018 3960 2343 4023 catholicus,
2376 3974 2469 4028 spe
2501 3959 2963 4029 patientissimus,
3000 3956 3268 4012 charitate
3312 3953 3474 4009 diffu-

1891 4067 2001 4107 sus.
2033 4051 2198 4121 Cujus
2229 4051 2368 4121 apud
2412 4051 2579 4104 Deum
2610 4049 2788 4103 meriti
2823 4058 2968 4103 esset
3003 4046 3144 4101 facta
3167 4049 3282 4115 ejus
3314 4054 3476 4099 testa-

1892 4144 2110 4197 bantur.
2141 4143 2273 4197 Mira
2323 4143 2474 4197 ineo
2502 4142 2828 4196 cernebatur
2875 4154 3087 4193 morum
3134 4138 3377 4191 suavitas
3421 4144 3478 4189 et

196 4272 383 4313 smum
406 4297 420 4318 ,
469 4263 631 4325 atque
677 4254 729 4308 in
776 4250 1113 4319 Trajectensi
1166 4265 1287 4305 eum
1325 4250 1583 4303 cathedra
1627 4248 1788 4301 collo-
1820 4261 1867 4320 ι)
1894 4235 2147 4295 lacuna?»
2184 4244 2347 4303 atque
2378 4233 2519 4288 illlel'
2539 4232 2734 4287 (“Viles
2759 4240 2815 4285 ει
2857 4243 3125 4299 [mulieres
3155 4243 3217 4281 ea
3248 4234 3480 4325 "0"“:1“

195 4364 354 4404 care.
397 4349 463 4401 Et.
504 4345 593 4399 ille
639 4347 721 4398 vir
750 4346 966 4415 quidem
1008 4350 1231 4397 sanctus
1256 4356 1352 4410 per
1386 4340 1678 4394 triennium
1708 4339 1788 4391 vi-

195 4453 304 4492 cos
343 4445 396 4491 et
425 4435 643 4490 castella
688 4436 1025 4504 perlustrans
1049 4470 1063 4495 ,
1114 4433 1337 4485 verbum
1373 4432 1499 4483 vita:
1545 4429 1794 4483 dissemi-

200 4531 360 4585 navit
399 4546 411 4581 :
456 4528 549 4582 sed
599 4527 728 4582 nihil
779 4542 837 4582 se
882 4525 1146 4595 proiicere
1194 4538 1458 4588 cernens,
1508 4525 1617 4578 imo
1663 4539 1793 4579 vero

200 4619 373 4673 etiam
406 4618 550 4687 ipsos
579 4620 885 4671 sacerdotes
909 4624 961 4670 et
984 4614 1175 4669 levitas
1200 4616 1299 4669 sibi
1330 4614 1589 4668 insultare
1616 4616 1793 4666 anim-

200 4708 537 4769 advertens,
592 4706 864 4776 pulverem
920 4705 1136 4773 pedum,
1185 4704 1640 4773 quemadmodum
1694 4702 1796 4756 Do-

203 4802 394 4857 minus
419 4799 596 4869 jubet,
645 4799 696 4852 in
731 4799 851 4853 illos
901 4796 1178 4861 excussit,
1219 4804 1382 4864 atque
1411 4796 1478 4849 ad
1518 4795 1632 4849 loca
1666 4794 1793 4860 alia,

204 4901 274 4947 ut
325 4890 473 4960 prius
520 4888 740 4952 fecerat,
797 4901 922 4942 sese
970 4885 1299 4956 prtedicandi
1344 4899 1508 4939 causa
1546 4883 1793 4940 contulit.

205 4986 609 5056 lncompertum
654 4997 780 5038 vero
826 4990 911 5037 est
953 4989 1157 5049 quanto
1204 4987 1445 5047 tempore
1484 4977 1635 5047 plebs
1664 4975 1797 5031 Tra-

202 5079 466 5149 jectensis
498 5087 606 5132 tum
660 5076 772 5130 sine
814 5082 1035 5143 pastore
1084 5069 1466 5138 permanserit,
1499 5071 1667 5124 donec
1712 5068 1799 5124 Si-

214 5171 491 5242 gebertum
536 5176 692 5237 pater
735 5178 921 5234 regem
973 5159 1347 5213 Austrasianis
1392 5161 1576 5223 dedit,
1629 5166 1685 5213 et
1739 5158 1793 5213 in

216 5259 677 5300 “Nummi-imm
722 5254 857 5300 urbe
885 5250 1070 5300 sedem
1104 5248 1308 5300 habere
1338 5248 1530 5300 voluit.
1570 5249 1626 5300 Ei
1663 5263 1795 5300 vero

1896 4327 2266 4383 moderatione
2296 4339 2353 4379 se
2387 4340 2597 4395 gerere,
2630 4332 2687 4377 ut
2710 4336 2975 4393 pauperes
2997 4336 3120 4372 eum
3154 4335 3265 4374 sua:
3292 4316 3478 4382 sortis,

1894 4420 2188 4490 locupletes
2218 4434 2345 4474 vero
2395 4419 2478 4474 sui
2527 4418 2733 4472 ordinis
2776 4415 3198 4471 arbitrarentur.
3232 4411 3347 4466 Non
3392 4412 3481 4465 ille

1894 4528 2157 4582 personas
2182 4522 2485 4579 potentum,
2513 4511 2605 4564 sed
2636 4523 2846 4561 morum
2875 4506 3201 4573 elegantiam
3239 4501 3484 4569 pensita—

1895 4603 2013 4668 bat,
2055 4609 2203 4655 tanto
2245 4614 2513 4670 quemque
2578 4596 2903 4667 propensius
2954 4596 3231 4648 honoratis
3278 4600 3491 4655 quanto

1896 4709 2020 4749 eum
2045 4691 2324 4745 didicisset
2354 4690 2595 4743 sanctius
2630 4689 2834 4740 vivere.
2864 4685 3018 4752 Quod
3042 4698 3137 4736 ore
3165 4678 3415 4742 dicebat,
3441 4683 3501 4729 et

1897 4782 2195 4844 astruebat,
2224 4796 2495 4849 nunquam
2528 4779 2742 4832 actione
2771 4777 2856 4829 vel
2879 4787 3042 4843 opere
3070 4766 3387 4833 destruxit;
3410 4762 3509 4822 sed

1898 4874 2056 4932 factis
2086 4873 2325 4926 ostendit
2353 4871 2482 4940 quid
2528 4883 2659 4922 voce
2699 4867 2884 4919 doceri
2928 4868 3226 4930 oporteret.
3259 4857 3439 4920 Quod
3468 4851 3521 4905 e‘t

1896 4966 2082 5023 divina
2112 4965 2282 5032 gratia
2311 4960 2558 5023 contulit,
2591 4960 2640 5013 id
2666 4958 2719 5010 in
2742 4964 2992 5023 posteros
3016 4947 3312 5005 derivavit.
3361 4941 3536 5008 unde

1898 5058 2027 5118 illud
2063 5065 2420 5113 consecutum
2450 5060 2552 5117 est,
2581 5060 2641 5104 ut
2686 5063 2791 5100 non
2816 5046 2932 5115 ejus
2962 5044 3126 5098 modo
3160 5046 3317 5111 gesta
3366 5034 3542 5097 nobis

1898 5151 2173 5219 hodieque
2223 5146 2532 5220 proficiant;
2586 5139 2681 5195 sed
2718 5137 2885 5191 etiam
2935 5134 3339 5204 discipulorum
3387 5133 3543 5205 ejus,

1895 5256 1952 5300 et
1982 5246 2075 5300 aui
2104 5241 2172 5293 ab
2204 5257 2269 5295 eo
2296 5238 2525 5295 ﬁdeliter
2550 5227 2767 5287 educati
2806 5237 2964 5291 sunt;
2995 5239 3235 5293 quorum
3268 5232 3466 5282 actus
3490 5221 3550 5272 et
3592 5242 3595 5245 -
