4042 5300
520 222 654 279 11ἒὸ

522 428 657 480 tium
671 426 883 494 agmina
912 426 1237 481 increscunt.
1263 425 1658 493 Discipulorum
1684 425 1917 493 plurium
1945 436 2101 494 pater

524 515 628 570 fuit
675 526 730 571 et
779 516 1080 581 institutor,
1125 531 1356 586 quorum
1387 525 1444 570 ut
1485 516 1574 569 ille
1605 515 1821 570 Christo
1864 515 2104 571 lucratus

525 608 850 670 estanimas,
876 608 953 662 sic
983 616 1037 662 et
1074 608 1197 676 ipsi,
1224 617 1279 662 et
1308 622 1497 662 eorum
1521 621 1886 672 successores,
1916 607 2108 661 multo-

529 713 648 752 rum
681 699 889 753 animas
937 699 1000 753 ad
1037 699 1310 754 Christum
1356 701 1660 765 adduxere;
1692 715 1922 769 quorum
1973 715 2106 756 sane

526 791 718 845 merita
747 792 801 845 in
837 790 983 845 illum
1018 792 1338 846 redundant.
1367 793 1426 846 in
1459 793 1524 848 iis
1571 793 1672 847 fuit
1715 794 1905 848 beatus
1931 793 2108 848 Theo-

528 883 753 948 dardus,
782 884 849 938 ab
895 897 960 938 eo
994 883 1178 953 procul
1209 883 1371 939 dubio
1401 884 1701 955 disciplinis
1725 885 2108 940 ecclesiasticis

526 973 872 1041 informatus,
905 978 1101 1045 quippe
1128 991 1288 1046 quem
1319 976 1420 1031 sibi
1460 991 1830 1031 successorem
1862 977 2110 1047 designa-

524 1069 605 1121 vit
641 1087 656 1121 z
697 1071 786 1138 qni
813 1070 878 1122 ad
909 1080 1210 1124 extremum
1244 1078 1451 1140 martyr
1474 1069 1706 1125 abcessit
1734 1084 1764 1124 e
1799 1069 1923 1123 vita.
1953 1070 2110 1123 Item-

527 1177 632 1229 que
661 1171 884 1214 sanctus
932 1161 1268 1225 Lambertus,
1303 1161 1396 1229 qui
1441 1159 1626 1214 itidem
1661 1175 1758 1214 sua
1793 1166 2111 1229 tempestate

529 1261 824 1322 martyrem
892 1253 1165 1322 egregium
1216 1267 1276 1306 se
1327 1251 1590 1306 exhibuit.
1643 1251 1838 1306 Beatus
1897 1265 2110 1319 quoque

531 1343 806 1405 Adelinus,
871 1345 924 1397 in
981 1344 1268 1412 Aquitania
1327 1352 1508 1408 natus,
1541 1352 1596 1398 et
1658 1343 2112 1413 peregrinationis

525 1433 666 1503 ejus,
714 1444 772 1488 ut
811 1435 1002 1498 fertur,
1038 1450 1220 1490 comes
1253 1435 1382 1505 :qui
1415 1435 1464 1490 ei
1513 1437 1839 1504 quandoque
1888 1434 1940 1488 in
1993 1434 2112 1488 loco

527 1533 740 1578 secreto
765 1526 920 1594 digna
960 1525 1068 1580 Deo
1095 1525 1272 1580 studia
1319 1534 1376 1581 et
1411 1541 1574 1594 opera
1617 1526 1890 1580 exercenti
1916 1539 2012 1594 per
2035 1526 2113 1579 vi-

528 1630 649 1668 sum
687 1616 957 1683 apparuit,
1010 1616 1156 1670 vultu
1200 1624 1480 1681 venustus,
1508 1616 1719 1685 capillis
1757 1615 2110 1680 reverendus,

1613 219 1910 277 NOTGERI
1967 221 2367 278 LEODlENSIS
2407 222 2710 278 EPISCOPI

521 333 640 397 fuit,
672 335 725 389 in
749 333 947 404 quibus
973 348 1144 404 usque
1175 334 1226 388 in
1272 334 1416 389 hunc
1446 333 1586 388 diem
1618 332 1834 388 Christo
1855 334 2100 388 servien-
2128 373 2175 432 Δ

3663 229 3794 286 1156

2282 334 2381 390 Vil.
2424 334 2609 403 Surgit
2653 338 2805 390 ocius
2852 335 3044 391 beatus
3093 337 3293 403 Trudo,
3327 340 3401 394 nil
3440 341 3508 396 de
3555 345 3798 412 angelica

2206 427 2412 483 visione
2445 428 2698 481 luesiaus
2725 443 2913 497 eoque
2959 445 3065 499 quo
3108 429 3294 498 jussus
3333 432 3512 486 fuerat
3553 436 3638 489 ire
3674 451 3801 490 eon-

2209 520 2395 573 tendit.
2444 519 2677 574 Sanctus
2723 519 3010 577 [tertiarius
3063 529 3176 575 tum
3211 534 3510 592 occupatus
3557 536 3677 580 erat
3707 542 3800 594 pa—

2207 611 2419 664 scendis
2465 619 2520 664 et
2566 611 2824 665 curandis
2873 611 3065 666 ovibus
3117 613 3262 678 suis;
3301 622 3356 668 et
3405 629 3530 668 eum
3585 618 3804 684 propius

2209 701 2400 755 beatus
2453 701 2635 756 Trudo
2684 702 3008 766 accederet,
3062 703 3151 758 ille
3215 705 3396 758 divina
3472 705 3684 759 revelat
3705 721 3807 759 one

2209 791 2432 846 edoctus
2458 809 2471 844 :
2503 812 2520 842 ι
2551 792 2788 864 Surgite,
2818 794 3014 861 inquit,
3044 809 3292 862 propere,
3323 803 3377 849 et
3426 796 3542 850 viro
3572 797 3694 858 Dei,
3719 797 3806 863 qui

2211 899 2310 938 nos
2354 884 2586 939 invisere
2617 885 2780 950 venit,
2813 885 3025 940 obviam
3071 885 3200 940 itote
3245 903 3258 938 :
3309 897 3630 940 reverenter
3660 886 3807 938 illurn

2217 974 2492 1044 excipite,
2537 985 2591 1030 et
2637 991 2759 1030 cum
2811 976 3018 1029 honore
3071 976 3138 1029 ad
3187 992 3273 1029 me
3319 977 3678 1030 introducite.
3735 977 3807 1028 Eu

2212 1079 2385 1135 prope
2410 1074 2513 1131 est,
2563 1065 2832 1120 occurrite
2859 1065 2931 1119 illi
2963 1065 3234 1120 celeriter.
3277 1087 3296 1119 ι
3338 1067 3572 1120 Faciunt
3615 1067 3695 1120 illi
3756 1077 3809 1121 rt

2212 1164 2374 1210 erant
2394 1157 2555 1226 jussi,
2581 1165 2634 1210 et
2657 1167 2903 1211 sanctum
2933 1157 3238 1211 Trudonem
3270 1157 3336 1210 ad
3359 1159 3583 1211 beatum
3616 1157 3809 1210 Bema-

2213 1247 2378 1311 clurn,
2423 1247 2563 1300 domi
2615 1263 2738 1300 cum
2794 1248 2908 1300 suis
2954 1257 3282 1309 manentem,
3331 1247 3638 1300 adducunt.
3688 1247 3811 1302 Cer-

2213 1354 2348 1392 nens
2377 1338 2526 1392 illum
2558 1340 2676 1408 pius
2711 1349 2864 1408 pater
2893 1338 3086 1406 surgit,
3117 1347 3172 1392 et
3200 1353 3310 1406 pra:
3336 1339 3539 1407 gaudio
3569 1338 3729 1398 ﬂens.
3760 1341 3808 1392 in

2213 1430 2329 1498 ejus
2364 1431 2548 1485 oscula
2581 1430 2720 1494 ruit;
2753 1430 3016 1484 vo'entem
3052 1430 3119 1483 ad
3165 1429 3334 1499 ipsius
3363 1430 3532 1497 pedes
3561 1441 3627 1482 se
3675 1429 3806 1497 abji—

2214 1534 2336 1574 cere
2369 1520 2593 1584 retinet,
2640 1534 2874 1588 morque
2917 1519 3095 1588 erigit,
3142 1527 3198 1572 et
3248 1518 3316 1570 ab
3354 1517 3553 1570 in.imo
3593 1528 3809 1585 pectore

2215 1612 2418 1681 gratias
2448 1625 2614 1681 agens
2648 1610 2756 1663 Deo
2789 1627 2802 1661 :
2833 1627 2850 1660 ι
2889 1607 2978 1663 Sit
3004 1609 3117 1672 tibi,
3144 1607 3337 1676 inquit,
3367 1605 3498 1662 Jesu
3528 1608 3674 1662 bone
3719 1622 3808 1676 per

527 1712 734 1757 statura
763 1705 969 1773 reliqua
1002 1705 1513 1775 przestanlissimus,
1552 1705 1852 1774 futuraeque
1883 1719 2110 1758 conver—
2143 1714 2186 1774 Β
2216 1704 2476 1773 Spiritum
2507 1713 2754 1756 sanctum
2785 1717 2906 1754 cum
2950 1710 3154 1756 aeterno
3202 1701 3363 1755 Patre
3400 1700 3662 1755 visitator
3700 1703 3809 1753 ani-

528 1793 756 1847 sationis
797 1803 852 1848 et
889 1805 1162 1865 per-petum
1191 1793 1390 1864 quietis
1429 1792 1626 1858 locum,
1659 1793 1970 1862 fontemque
2007 1796 2108 1848 hu-

527 1885 704 1939 manis
733 1887 918 1941 usibus
947 1896 1307 1956 Opportunum
1339 1886 1621 1942 indicavit.
1657 1885 1788 1954 Qua:
1814 1902 1901 1941 res
1932 1887 2112 1941 hodie-

527 1991 632 2044 que
660 1977 909 2032 omnibus
963 1979 1183 2034 minime
1210 1979 1443 2033 obscura
1471 1987 1555 2033 est
1584 1978 1802 2046 quando
1835 1977 1885 2031 in
1918 1977 2109 2032 eodem

529 2067 647 2123 loco
671 2084 895 2139 corpore
924 2071 1177 2139 quiescit,
1202 2080 1258 2124 et
1292 2069 1486 2140 spiritu
1533 2083 1793 2138 praesens,
1829 2069 2110 2122 innumera

529 2157 638 2212 illic
686 2159 924 2228 quotidie
980 2156 1331 2214 credentibus
1378 2157 1642 2212 beneficia
1695 2166 1951 2225 praestare
2003 2171 2111 2210 non

527 2260 728 2305 cessat.

605 2341 686 2395 Vl.
736 2342 906 2396 Porro
962 2349 1142 2394 autem
1197 2341 1250 2397 in
1304 2341 1477 2396 sancti
1527 2340 1796 2396 Trudonis
1849 2341 2113 2396 electione

527 2447 635 2488 non
706 2433 990 2488 difficulter
1071 2441 1247 2501 potest
1318 2433 1676 2487 animadverti
1762 2448 1865 2502 qua
1940 2433 2112 2486 inten-

529 2525 674 2578 tione
745 2533 964 2578 sanctus
1031 2525 1114 2576 vir
1173 2523 1353 2578 causis
1407 2534 1464 2578 et
1531 2525 1787 2578 custodite
1847 2525 2112 2578 Dominici

526 2619 706 2690 gregis
774 2618 1170 2688 invigilaverit,
1238 2634 1402 2688 quam
1465 2617 1513 2672 ei
1576 2633 1683 2672 non
1721 2618 1951 2671 defuerit
1989 2633 2115 2686 pro-

527 2709 722 2780 phetia:
792 2709 1044 2779 spiritus,
1105 2724 1267 2778 quam
1324 2708 1559 2778 denique
1615 2709 1667 2762 in
1729 2707 1854 2772 illo,
1918 2723 2114 2777 magno

525 2800 726 2856 Christi
749 2817 933 2857 amore
954 2801 1236 2872 flagrante,
1261 2802 1585 2870 cupiditates
1613 2815 1804 2855 omnes
1833 2799 2115 2855 exstinctae

525 2894 749 2948 fuerint.
781 2894 1044 2949 Pastorali
1090 2895 1178 2948 ille
1208 2895 1572 2950 sollicitudine
1616 2895 1930 2965 parochiam
1960 2907 2113 2948 suam

525 3001 622 3055 pro
651 2999 803 3038 more
835 2985 1113 3049 visitabat,
1142 2994 1196 3038 et
1227 3001 1364 3055 quos
1396 2993 1623 3054 poterat,
1655 2999 1686 3039 e
1716 2984 1964 3053 luporum
1995 2983 2114 3037 fau-

523 3077 679 3130 cibus
731 3077 1075 3141 estrahehat,
1123 3092 1447 3146 summoque
1499 3077 1703 3145 pastori
1752 3075 1885 3130 lucri
1937 3075 2117 3128 facere

523 3168 845 3221 conabatur.
897 3166 1060 3222 Bonis
1089 3169 1418 3223 adminiculo
1467 3178 1603 3232 erat,
1656 3177 1712 3222 ut
1760 3168 1948 3223 fierent
1999 3182 2114 3222 me-

524 3254 692 3316 liores
726 3276 740 3313 :
773 3253 996 3314 desides
1040 3270 1206 3330 atque
1237 3269 1533 3331 torpentes,
1564 3269 1623 3315 ut
1653 3261 1718 3314 ad
1749 3261 2028 3315 meliorem
2057 3273 2117 3313 se

527 3347 738 3419 frugem
791 3349 1141 3419 reciperent,
1211 3350 1552 3406 hortabatur.
1617 3350 1828 3406 interea
1897 3360 2118 3406 sanctus

525 3439 732 3508 Trudo,
763 3440 1062 3494 etiamnum
1094 3455 1249 3510 puer,
1284 3441 1489 3512 primos
1514 3441 1627 3512 jam
1664 3441 1880 3496 virtutis
1910 3441 2117 3496 fructus

525 3533 859 3604 proferebat.
892 3532 1137 3602 Cumque
1165 3534 1212 3589 is
1260 3534 1478 3605 superbi
1521 3534 1801 3606 sanguinis
1831 3532 1996 3588 multa
2025 3547 2119 3604 ge-

527 3623 826 3680 nerositate
857 3624 1106 3695 polleret,
1137 3623 1310 3693 major
1341 3634 1522 3679 tamen
1551 3624 1602 3680 ei
1637 3624 1802 3680 divini
1833 3625 2035 3680 amoris
2061 3630 2118 3679 et

527 3719 788 3772 virtutum
819 3717 980 3772 ardor
1008 3727 1172 3788 atque
1200 3719 1435 3774 studium
1469 3719 1646 3794 inerat
1698 3720 1835 3774 adeo
1860 3726 1918 3771 ut
1943 3731 2119 3787 quan-

527 3809 704 3877 doque
733 3815 861 3864 voto
888 3823 949 3863 se
976 3807 1264 3880 obligaret,
1293 3809 1337 3863 si
1367 3808 1585 3864 Christo
1607 3807 1906 3879 opitulante
1929 3821 2117 3863 sacras

527 3903 805 3959 didicisset
836 3904 1077 3969 litteras,
1111 3919 1169 3960 se
1199 3905 1253 3958 in
1286 3903 1452 3960 fundo
1481 3918 1579 3960 suo
1613 3902 1900 3959 ecclesiam
1947 3902 2117 3957 rediii~

527 4007 775 4052 caturum
811 4040 825 4064 ,
881 4000 992 4055 illic
1046 4010 1308 4070 perpetuo
1364 3999 1593 4055 Domino
1642 3999 2013 4064 serviturum,
2061 4007 2117 4051 et

526 4104 665 4156 quos
712 4100 933 4158 posset,
983 4091 1050 4144 ad
1099 4091 1189 4144 Dei
1252 4090 1452 4145 cultum
1503 4098 1557 4146 et
1603 4090 1963 4145 ministerium
2013 4087 2116 4144 sibi

530 4183 709 4237 socios
741 4193 1179 4254 aggregaturum.
1211 4184 1390 4254 Atque
1435 4198 1499 4238 eo
1539 4182 1776 4254 flagrans
1824 4181 2114 4246 desiderio,

532 4283 794 4326 nocturna
829 4273 1036 4328 visione
1081 4273 1335 4340 adicitur,
1385 4285 1441 4329 et
1482 4273 1723 4345 angelica
1752 4273 2119 4330 consolatione

531 4363 680 4419 hunc
747 4365 798 4417 in
850 4367 1068 4420 modum
1116 4365 1473 4420 confirmatur

535 4456 710 4526 inquit
737 4457 981 4527 angelus,
1012 4472 1073 4511 ea
1105 4468 1228 4512 vota
1269 4474 1388 4528 qua:
1431 4459 1647 4516 Christo
1673 4474 1809 4528 puer
1837 4472 2118 4526 nuncupa-

532 4550 636 4605 stis
666 4549 740 4603 illi
773 4565 892 4604 esse
930 4560 1103 4620 grata,
1142 4566 1436 4621 precesque
1468 4552 1613 4605 illum
1645 4551 1927 4606 adm'sisse
1959 4559 2116 4604 tuas:

534 4657 637 4695 nec
686 4641 810 4694 dtthi
841 4655 902 4696 es
951 4641 1075 4709 quia
1125 4643 1267 4710 quod
1319 4644 1652 4712 praeveniens
1694 4643 1785 4696 tibi
1837 4641 2118 4710 astiiravit,

533 4730 696 4783 etiam
729 4729 1032 4798 adjuvando
1058 4731 1128 4784 sit
1168 4744 1264 4799 pro
1311 4742 1613 4794 secuturus,
1641 4742 1695 4787 et
1723 4729 1801 4785 afI'
1827 4740 1970 4784 ctutn
2001 4744 2121 4798 ter-

535 4822 797 4875 ductnrus
846 4823 896 4874 in
946 4820 1218 4876 eflectutn.
1273 4822 1360 4877 ille
1408 4823 1668 4892 inquam.
1714 4822 1975 4891 sapientia
2024 4836 2119 4874 sua

536 4912 742 4966 imbuet
786 4927 884 4966 cor
927 4921 1109 4976 tuum;
1145 4920 1200 4965 et
1245 4927 1338 4966 eru
1383 4913 1455 4966 iet
1503 4923 1554 4966 te
1588 4914 1870 4982 praeceptis
1902 4913 2035 4974 suis,
2066 4923 2120 4965 et

556 5019 708 5070 egent
732 5004 870 5057 hanc
895 5004 1151 5059 inscrihet
1174 5005 1374 5074 pectori
1410 5016 1517 5058 tuo.
1554 5005 1721 5058 Porro
1748 5015 1926 5059 autem
1954 5005 2116 5058 etiam

537 5094 605 5146 ad
645 5094 1024 5149 ecclesiastica:
1054 5096 1330 5166 dignitatis
1380 5095 1561 5148 munia
1593 5095 1861 5159 eveheris,
1891 5101 2120 5149 mutos-

537 5198 644 5251 que
692 5184 908 5239 Chrislo
943 5194 998 5238 et
1049 5186 1301 5239 Ecclrsim
1361 5183 1477 5253 cjus
1530 5186 1665 5239 filios
1713 5187 1818 5239 tuis
1849 5187 2024 5240 verbis
2068 5196 2121 5240 et

1159 5277 1179 5300 Δ
1201 5287 1322 5300 In...‘
1355 5287 1405 5300 .-ι
1437 5279 1496 5300 ,ΙΑ
1523 5278 1603 5300 [ξ.-
1641 5279 1832 5300 ηι.-.ι“,ι.-
1886 5277 2094 5300 Πέ-ἷ.-..ξ..

544 5290 748 5300 ,Λα-..κυαμν
775 5294 783 5300 .
817 5291 966 5300 ’.εει-Α.

1522 4383 1535 4420 :
1576 4385 1594 4418 ι
1623 4364 1879 4430 Noveris,
1923 4366 2114 4430 frater,
2149 4398 2194 4453 D

2217 1811 2446 1861 marum,
2479 1795 2674 1867 gloria,
2720 1795 2860 1860 laus,
2895 1805 2948 1849 et
2991 1795 3266 1864 jubilatio,
3319 1796 3408 1864 qui
3441 1795 3688 1849 voluisse
3715 1811 3809 1848 nos

2214 1890 2318 1944 hac
2346 1891 2432 1944 die
2461 1890 2728 1945 consolari
2766 1891 2995 1944 adventu
3037 1889 3197 1957 hujus
3239 1889 3427 1943 famult
3459 1891 3560 1954 tui,
3616 1891 3672 1944 in
3708 1906 3809 1958 quo

2217 1991 2271 2036 tu
2296 1983 2525 2037 habitas.
2549 2003 2566 2034 ι
2586 1982 2942 2052 Addiditque:
2967 1999 2986 2032 ι
3005 1981 3159 2047 Ειιυ,
3175 1981 3245 2034 fili
3273 1983 3367 2047 mi,
3393 1983 3468 2036 sis
3491 1982 3809 2037 benedictus

2215 2089 2243 2126 a
2270 2072 2517 2137 Domino,
2551 2074 2644 2142 qui
2687 2082 2738 2126 te
2780 2073 3030 2142 dignatus
3075 2082 3159 2126 est
3203 2073 3421 2128 mittere
3471 2074 3543 2127 ad
3589 2089 3713 2137 nos,
3760 2084 3810 2125 ct

2214 2165 2542 2218 dcsi-Ierium
2605 2163 2769 2217 animi
2825 2165 2901 2219 tui
2959 2163 3172 2219 occulta
3224 2164 3590 2232 inspiratione
3657 2165 3810 2218 nobis

2215 2257 2539 2326 s’gnificare.
2575 2255 2725 2310 Scito
2758 2256 2922 2326 igitur
2965 2256 3222 2324 deinceps
3274 2265 3324 2310 te
3354 2257 3486 2308 mhi
3519 2256 3808 2309 charitatis

2210 2351 2334 2420 jure
2370 2351 2539 2403 filitnn
2571 2349 2709 2412 fore,
2739 2365 2934 2417 meque
2965 2362 3180 2417 semper
3209 2347 3301 2402 tibi
3330 2348 3503 2416 patris
3547 2346 3808 2415 spiritalis

2214 2442 2390 2497 cilicia
2464 2449 2854 2508 praestiturum.
2933 2436 3058 2492 Mihi
3133 2439 3275 2491 enim
3335 2453 3495 2491 servo
3570 2452 3674 2490 suo
3728 2452 3805 2488 te-

2214 2533 2413 2586 vclavtt
2487 2532 2746 2586 Dominus
2826 2530 2956 2598 quid
3029 2543 3126 2597 pro
3189 2529 3386 2582 animae
3457 2537 3564 2580 tua:
3638 2527 3809 2580 salute

2216 2624 2523 2679 faciendum
2579 2624 2674 2677 tibi
2721 2623 2827 2677 sit:
2880 2631 2935 2675 et
2987 2637 3052 2676 ex
3100 2638 3186 2676 me
3225 2622 3401 2675 disces
3458 2621 3809 2688 quemadmo-

2217 2721 2341 2774 dtnn
2393 2719 2570 2789 possis
2623 2732 2844 2787 compos
2892 2714 3028 2770 efﬁci
3082 2715 3190 2770 voti
3241 2715 3338 2768 tui.
3391 2714 3659 2783 Cognovi,
3710 2714 3807 2766 Do-

2219 2811 2367 2864 mino
2397 2825 2484 2864 me
2541 2810 2790 2874 docente,
2851 2807 2904 2860 in
2956 2805 3184 2876 pueritia
3231 2812 3283 2859 te
3315 2805 3555 2865 vovisse,
3611 2804 3658 2857 si
3715 2804 3804 2855 tibi

2217 2914 2494 2956 sacrarum
2517 2897 2822 2952 litterarum
2859 2895 3096 2966 cognitio
3125 2893 3447 2963 quandoque
3477 2893 3806 2961 obtingeret,

2219 2992 2504 3048 ecclesiam
2535 2992 2588 3044 in
2614 2990 2779 3044 fundo
2809 2999 2898 3042 tuo
2929 2997 2982 3041 te
3010 2996 3470 3047 constructnrum,
3502 2993 3676 3053 atque
3703 2983 3805 3036 ilhc

2146 3057 2189 3118 ί)
2224 3083 2470 3146 Domino,
2502 3081 2628 3134 dum
2681 3077 2904 3143 vixeris,
2936 3077 3345 3130 famulaturnrn.
3398 3073 3582 3127 lsthuc
3629 3083 3803 3125 autem

2219 3170 2318 3226 hoc
2347 3171 2537 3226 ordine
2569 3178 2619 3222 te
2663 3169 2880 3222 noveris
2909 3165 3321 3234 completurum.
3376 3164 3581 3217 Sancto
3626 3172 3806 3231 proto-

2219 3263 2442 3335 martyri
2483 3260 2760 3332 Stephano
2791 3259 2932 3331 apud
2962 3260 3150 3313 urbem
3197 3256 3493 3312 Metensetn
3536 3266 3658 3308 tuas
3687 3269 3806 3326 pos-

2219 3357 2491 3411 sessiones
2519 3353 2734 3420 ofl‘cres,
2768 3365 2823 3408 et
2853 3353 2920 3407 ab
2945 3350 3060 3418 ejus
3089 3350 3190 3403 loci
3243 3347 3646 3403 habitatoribus
3676 3348 3807 3400 Scri-

2217 3455 2308 3518 pta
2332 3446 2511 3499 divina
2545 3443 2848 3499 doceheris.
2898 3441 2954 3494 ld
2987 3440 3074 3494 ubi
3122 3449 3448 3494 consecutus
3494 3436 3689 3500 fueris,
3738 3438 3806 3489 ad

2218 3552 2305 3592 me
2335 3536 2560 3601 redibis,
2591 3543 2646 3590 et
2665 3534 2952 3590 ecclesiam
2973 3546 3083 3603 quo
3118 3531 3264 3588 voles
3293 3529 3435 3596 loco,
3479 3539 3540 3584 ut
3567 3543 3630 3584 es
3656 3529 3804 3599 polli-

2217 3628 2382 3684 citus.
2411 3625 2726 3681 tedificabis.
2752 3643 2772 3677 ι

2290 3717 2422 3773 \illl.
2449 3717 2653 3773 Deinde
2681 3732 2804 3771 cum
2834 3715 2883 3771 ei
2922 3715 3062 3770 bene
3088 3722 3340 3785 precatus
3375 3723 3543 3778 esset,
3574 3711 3725 3767 dedit
3755 3713 3803 3766 ei

2218 3811 2430 3867 litteras
2478 3825 2607 3866 suas
2664 3809 2730 3862 ad
2781 3807 3038 3864 Metensis
3097 3806 3246 3861 urbis
3308 3805 3661 3875 episcOpnm,
3717 3804 3802 3872 qui

2219 3922 2365 3972 eum,
2401 3913 2459 3959 ut
2487 3904 2749 3958 divinitus
2779 3902 2880 3972 ipsi
2912 3901 3208 3956 revelatum
3237 3911 3379 3964 erat,
3413 3899 3724 3952 institueret
3745 3915 3803 3950 ac

2219 3997 2478 4051 erudiret.
2513 3995 2752 4049 Praeerat
2815 4001 2941 4047 tunc
2999 3990 3224 4045 Meteusi
3277 3989 3534 4045 Ecclesia:
3588 3988 3802 4044 Clodnl-

2217 4087 2380 4158 phus,
2408 4084 2550 4140 beati
2576 4083 2863 4153 Arnulpbi,
2903 4091 2962 4135 ttt
2991 4096 3156 4134 carne
3203 4080 3364 4140 ﬁlius,
3424 4081 3497 4132 ita
3546 4081 3801 4132 virtutum

2220 4178 2428 4232 meritis
2459 4177 2512 4231 in
2545 4176 2862 4248 pontificatu
2898 4185 3178 4228 successor
3231 4172 3604 4240 dignissimus.
3638 4171 3687 4225 ts
3715 4172 3804 4222 bno

2221 4271 2532 4327 manissime
2556 4271 2772 4324 beatum
2805 4265 3114 4321 Trudonem
3163 4265 3462 4333 excipiens,
3495 4281 3606 4318 non
3637 4264 3802 4318 solum

2221 4364 2337 4433 ejus
2381 4361 2552 4431 ipsius
2579 4374 2767 4423 causa,
2808 4357 2903 4412 sed
2931 4357 3094 4410 etiam
3144 4364 3362 4426 propter
3390 4357 3567 4408 sancti
3617 4355 3803 4410 Rema-

2221 4453 2287 4508 cli
2310 4451 2581 4522 egregiam
2611 4448 3158 4510 commendationem,
3189 4446 3370 4499 causis
3401 4446 3669 4500 adventus
3694 4447 3803 4514 ejus

2221 4543 2474 4614 cognitis,
2515 4541 2686 4598 sacris
2739 4555 2861 4595 eum
2893 4540 3087 4594 litteris
3117 4547 3172 4592 et
3200 4537 3378 4592 dixina
3413 4536 3533 4604 lege
3561 4536 3803 4590 erudiar.-

2222 4639 2347 4692 dum
2378 4636 2608 4701 curavit,
2635 4647 2689 4689 et
2730 4649 2865 4704 quas
2893 4630 3086 4687 obtulEt
3127 4638 3319 4685 sancto
3361 4629 3645 4698 Stephano
3692 4643 3802 4697 pos-

2223 4730 2494 4785 sessiones
2535 4727 2792 4797 suscepit.
2849 4725 3030 4779 Multis
3083 4739 3212 4778 vere
3263 4723 3423 4775 annis
3473 4723 3587 4776 illic
3637 4736 3801 4775 moras

2226 4825 2526 4878 trahentem
2557 4820 2692 4874 bene
2721 4817 2927 4880 habuit,
2959 4816 3351 4886 diligenterque
3399 4814 3725 4866 instructum
3754 4821 3801 4862 ct

2222 4913 2529 4968 sacerdotio
2556 4911 2849 4974 initiatum,
2881 4918 3068 4963 sancto
3099 4906 3240 4976 patri
3291 4905 3556 4960 Retnaclo
3583 4903 3795 4959 remisit.

2223 5004 2272 5058 is
2301 4983 2626 5073 perconians
2657 5016 2722 5055 ex
2753 5015 2817 5053 eo
2855 4999 2984 5068 quid
3014 4999 3274 5053 Dominus
3315 4997 3414 5065 ipsi
3447 4997 3796 5064 prmstitissea‘.

2223 5104 2277 5148 et
2307 5107 2432 5147 num
2461 5106 2720 5162 prospero
2752 5091 2946 5144 itinere
2981 5089 3123 5142 ultro
3174 5089 3426 5156 citroque
3484 5103 3618 5141 ustas
3647 5096 3794 5147 esset,

2224 5186 2312 5242 ubi
2343 5188 2608 5255 comperit
2633 5200 2755 5239 eum
2791 5185 2842 5237 in
2874 5183 3045 5237 sacris
3070 5181 3271 5235 litteris
3326 5182 3468 5235 bene
3515 5182 3792 5236 eruditum.

3074 5274 3143 5300 ει..
3190 5275 3372 5300 ,Ιζηιηιο
3408 5290 3421 5300 .
3474 5293 3490 5300 -
3521 5271 3543 5300 Ι
3569 5288 3661 5300 nunc
3692 5271 3770 5300 ιῖιιί

2227 5279 2516 5300 ξ-.--.-.ι..-.-..
2551 5279 2652 5300 η’..-
2689 5279 2885 5300 ..-Α-ξιιη
2917 5279 3020 5300 ιιι-ἶ.
