4042 5300
203 291 340 345 iiii?

1500 286 1657 342 VITA
1712 289 1771 344 S.
1810 287 2136 342 REMACLI.

3343 290 3483 347 “58

202 403 354 458 misit
407 409 585 454 autem
636 401 795 454 beato
845 398 1083 453 Trudom
1130 413 1184 452 m
1212 412 1310 453 sua
1342 398 1561 454 dioecesi
1593 399 1788 466 pnedi-
1819 406 1863 460 Α
1893 398 2070 453 cultus
2107 396 2213 451 illic
2263 396 2643 469 negligeretur,
2693 406 2800 451 tam
2846 397 2989 453 beati
3034 396 3273 455 Remacli
3320 416 3484 471 quam

202 509 330 548 care
371 492 594 545 verbum
631 491 750 555 Dei,
783 492 980 545 missas
1013 490 1064 543 in
1095 489 1291 559 quibus
1344 489 1505 544 vellet
1552 489 1800 543 ecclesiis

203 587 504 647 celebrare,
586 584 820 652 denique
869 582 1191 647 oratorium,
1248 589 1308 636 ut
1362 581 1709 651 promiserat,
1747 581 1799 633 in

202 678 424 748 proprio
447 675 611 730 fundo
636 687 937 729 exstruere.
961 673 1270 728 Permansit
1292 673 1455 743 igitur
1486 671 1799 741 aliquandiu

204 768 343 838 apud
376 782 526 832 eum,
562 767 749 820 vivens
778 764 1139 829 sanctissime,
1162 779 1226 817 ac
1252 763 1488 827 tandem,
1512 761 1800 830 episcopali

204 866 459 929 percepta
530 856 929 918 benedictione,
999 853 1181 907 natale
1244 852 1433 908 revisit
1484 853 1690 915 solum,
1750 860 1803 905 ct

204 949 349 1017 quod
374 946 486 1016 jam
508 948 717 1016 pridem
748 946 933 1000 animo
961 953 1311 1015 conceperat,
1342 960 1400 999 re
1454 944 1567 1014 ipsa
1600 943 1801 1009 eliccit,

203 1040 507 1093 oratorium
539 1047 828 1093 exstruens
861 1038 913 1091 in
952 1036 1156 1106 praedio
1195 1051 1314 1097 suo,
1346 1035 1435 1089 ubi
1463 1035 1660 1089 multus
1693 1034 1804 1088 Deo

204 1131 507 1185 servituros
537 1128 775 1198 collegit,
808 1138 973 1197 atque
1002 1127 1069 1179 ad
1113 1137 1413 1180 extremum
1445 1141 1475 1179 a
1512 1127 1674 1180 beato
1702 1124 1806 1179 Re-

205 1220 385 1278 maelo
436 1219 553 1288 ejus
601 1219 828 1274 oratorii
890 1217 1359 1273 conseCrationem
1416 1225 1471 1271 et
1538 1217 1697 1286 petiit
1751 1224 1805 1269 et

206 1316 550 1385 impetravit;
595 1315 649 1369 iu
703 1329 809 1381 quo
869 1313 1034 1366 etiam
1089 1320 1212 1382 post
1274 1309 1598 1365 multiiarios
1646 1310 1805 1378 hujus

205 1408 333 1459 vitae
363 1407 578 1460 labores
606 1405 902 1459 tumulatus
923 1413 1029 1467 est,
1060 1412 1111 1456 et
1156 1401 1423 1470 permulta
1456 1399 1565 1454 illic
1615 1414 1807 1469 perpe-

209 1504 361 1551 trans
391 1494 676 1558 miracula,
708 1508 881 1562 usque
908 1492 961 1545 iu
992 1492 1317 1546 hodiernum
1353 1490 1495 1544 diem
1521 1488 1803 1544 commoda

208 1587 318 1642 illic
345 1584 508 1640 eilicit
542 1583 850 1639 habitacula
882 1581 1300 1636 monachorum.

280 1677 378 1731 IX.
418 1677 569 1731 Libet
599 1677 687 1731 hic
733 1673 920 1745 paucis
949 1672 1295 1728 considerare
1344 1683 1507 1740 quam
1563 1668 1616 1722 in
1646 1670 1805 1723 beato

1902 498 2222 543 cancrorum
2259 489 2602 543 sacerdotum
2632 488 2906 558 vigilantia
2938 490 3185 545 curabat.
3230 520 3231 523 η

1973 578 2064 633 Xl.
2099 580 2153 632 In
2205 594 2270 634 eo
2319 579 2438 635 loco
2489 595 2646 648 quem
2690 579 3213 650 Cmsccongidunum
3270 592 3487 648 vocant,

1903 673 1969 726 ad
2000 672 2311 725 Scsmarum
2342 671 2584 736 ﬂuvium,
2612 672 2751 725 idem
2782 688 2895 736 rcx,
2930 688 3215 742 procerum
3240 675 3487 742 consilio,

1906 762 1957 816 in
1982 765 2240 816 honorem
2267 763 2632 832 apostolorum
2660 762 2803 816 Petri
2829 774 2883 817 et
2906 763 3055 817 Pauli
3080 774 3242 832 atque
3264 764 3489 821 Joannis
3547 747 3561 761 ’

1904 856 2210 909 ρωιιοὺὶιιιιι
2260 855 2522 919 condidit,
2556 856 2698 923 quod
2752 865 2910 925 aptus
2938 855 3214 909 videretur
3264 858 3310 912 is
3342 859 3491 912 locus

1906 948 2290 999 monachorum
2348 945 2666 999 habitationi
2726 955 2779 999 et
2830 946 3075 1000 instituto
3125 965 3136 998 ε
3183 948 3343 1014 idque
3394 964 3491 1001 sua

1907 1039 2232 1095 liberalitate
2264 1038 2476 1101 ditavit,
2515 1038 2761 1107 egregios
2799 1037 2891 1091 Dei
2924 1053 3110 1091 sci-vos
3148 1040 3201 1092 in
3234 1037 3363 1093 illud
3391 1053 3423 1093 a
3449 1052 3488 1090 ι-

1906 1134 2058 1187 duxit
2087 1147 2317 1201 quorum
2351 1131 2570 1185 beatum
2606 1129 2921 1184 licmaclum
2965 1130 3133 1184 voluit
3163 1146 3282 1184 esse
3313 1132 3493 1199 provi-

1907 1237 2107 1283 sorem,
2141 1229 2303 1289 atque
2348 1220 2510 1273 itiam
2565 1218 2881 1289 magistrum
2911 1230 2965 1273 et
3012 1221 3405 1283 instituerem,
3439 1228 3497 1274 ut

1905 1326 1971 1364 ex
2002 1325 2065 1363 eo
2091 1309 2361 1363 discerent
2384 1307 2769 1363 convenienter
2798 1319 3108 1363 sanctorum
3132 1311 3355 1364 Patrum
3382 1321 3495 1364 tra-

1907 1400 2097 1456 ditioni
2119 1401 2322 1455 vivere.
2359 1399 2547 1453 Exstat
2573 1398 2839 1466 hodieque
2882 1402 3029 1454 locus
3067 1401 3346 1465 orationis,
3378 1403 3496 1472 ejus

1907 1507 2069 1562 opera
2095 1492 2149 1546 in
2194 1507 2323 1562 rupe
2347 1491 2585 1552 excisus,
2635 1490 2686 1543 in
2723 1505 2831 1560 quo
2884 1493 3177 1544 etianumm
3211 1492 3347 1546 male
3400 1494 3500 1546 ha-

1908 1583 2157 1637 bentibus
2179 1590 2506 1651 praestantur
2528 1579 2792 1637 beneﬁcia
2817 1583 3181 1636 curationum.
3206 1582 3319 1637 Illic
3351 1586 3496 1637 enim

1909 1674 1994 1725 vir
2023 1672 2401 1726 sanctissimus
2422 1671 2531 1725 Deo
2558 1686 2676 1726 sese
2701 1674 2954 1738 hostiam,
2981 1672 3204 1743 jejuuiis
3223 1687 3275 1728 et
3300 1676 3498 1744 vigiliis

208 1766 490 1830 Remaclo,
542 1774 602 1820 ut
656 1765 911 1829 diximus,
964 1761 1321 1832 cupiditatum
1367 1760 1609 1814 omnium
1665 1759 1806 1829 ignis
1839 1755 1883 1813 Β
1916 1770 2270 1825 maceratam,
2319 1761 2633 1830 aliquandiu
2668 1762 2959 1823 obtulerat,
2997 1774 3051 1817 et
3097 1765 3310 1819 Christo
3342 1765 3498 1820 fani-

210 1858 529 1927 cousopitus
559 1856 741 1917 fuerit,
774 1868 936 1923 quam
978 1851 1070 1906 ille
1122 1850 1367 1905 omnium
1399 1858 1598 1903 nostra:
1634 1850 1811 1903 aetatis

211 1946 765 2017 sacerdotum‘merita
790 1942 1112 2008 excesserit,
1137 1955 1327 1995 omnes
1354 1938 1524 1993 nostri
1544 1938 1811 2008 temporis

212 2042 501 2110 episcopos
556 2037 638 2092 sui
694 2034 1107 2104 comparatione
1173 2029 1476 2094 damuarit;
1534 2028 1732 2098 quibus
1764 2028 1811 2083 si

213 2133 355 2185 forte
387 2131 432 2185 is
463 2144 623 2184 casus
652 2126 932 2190 oil‘eretur,
988 2124 1078 2193 qui
1112 2121 1429 2177 beatissimo
1458 2135 1576 2175 Vll‘O
1601 2119 1813 2174 oblatus

215 2222 341 2285 fuit,
374 2236 535 2275 secus
561 2222 747 2287 procul
780 2216 945 2270 dubio
996 2213 1190 2268 facturi
1225 2211 1478 2266 videntur
1507 2227 1519 2263 :
1572 2225 1679 2264 non
1726 2224 1815 2264 so-

216 2309 327 2364 lum
369 2324 475 2364 non
508 2306 773 2362 hortaturi
798 2304 1047 2359 homines
1079 2304 1219 2372 pios,
1277 2312 1345 2355 ut‘
1373 2300 1657 2354 facultates
1686 2316 1814 2356 suas

219 2418 327 2455 non
379 2415 507 2461 suce,
562 2400 655 2453 sed
699 2397 853 2451 alteri
911 2395 1154 2451 ecclesiae
1184 2396 1424 2460 donent;
1476 2396 1573 2450 sed
1624 2395 1811 2459 etiam,

218 2496 263 2547 si
304 2494 393 2562 qui
427 2494 570 2547 ultro
595 2494 645 2543 id
683 2490 865 2545 facere
894 2488 1061 2542 velint
1104 2502 1201 2541 eos
1242 2487 1582 2541 dehortaturi
1611 2486 1811 2556 potius,

219 2597 386 2653 atque
419 2595 477 2636 ut
525 2584 627 2638 sibi
655 2598 749 2637 eas
802 2582 1102 2651 largiantur
1153 2580 1490 2649 persuasnri,
1544 2596 1648 2632 non
1698 2580 1814 2632 sine

222 2674 415 2726 fraude
437 2671 688 2736 aliorum,
709 2670 849 2738 quod
866 2684 1001 2739 pace
1022 2683 1208 2723 eorum
1232 2668 1485 2722 dixerim.
1514 2667 1667 2734 Quod
1684 2682 1815 2721 sane

220 2772 431 2835 quanto
453 2763 505 2816 in
530 2762 685 2815 nobis
706 2771 789 2815 est
813 2760 1139 2831 culpandum
1164 2759 1355 2829 magis,
1387 2769 1535 2813 tanto
1564 2759 1816 2814 meritum

223 2854 369 2907 beati
388 2851 647 2915 Remacli,
663 2851 713 2906 id
730 2851 887 2921 plane
904 2850 1235 2915 recusantis,
1268 2850 1460 2917 majori
1481 2850 1744 2905 estlaude
1764 2857 1818 2904 et

225 2942 619 3011 praedicatione
640 2940 989 2997 eﬂerendum.
1023 2940 1091 2995 Et
1132 2940 1245 2993 haec
1278 2940 1496 3008 quidem
1536 2941 1602 2994 de
1629 2950 1818 2994 sancto

224 3031 483 3086 Trudone
536 3031 812 3100 aliquanto
850 3028 1022 3084 iusius
1051 3044 1481 3085 commemorare
1527 3029 1814 3095 voluimus,

223 3133 285 3177 ut
317 3124 480 3178 etiam
515 3123 810 3193 prophetiae
853 3121 1053 3176 donum
1102 3120 1261 3174 beato
1293 3120 1548 3175 Remaclo
1590 3136 1695 3174 non
1728 3121 1817 3175 de-
1844 3087 1891 3151 ο

224 3215 396 3269 fuisse
424 3215 853 3269 ostenderenms.
902 3212 1034 3270 Cum
1063 3211 1206 3265 enim
1237 3210 1420 3264 Trudo
1450 3210 1516 3263 ab
1565 3211 1681 3279 ipso
1711 3211 1819 3279 pri-

225 3322 378 3359 mum
420 3304 925 3369 recederet,Metim
956 3304 1257 3373 petiturus,
1303 3310 1527 3373 propter
1573 3302 1819 3357 viliorem

226 3398 475 3452 habitum
504 3395 620 3463 ejus
650 3396 928 3451 domestici
959 3395 1099 3449 beati
1128 3394 1367 3449 Remacli
1402 3394 1550 3449 illum
1576 3404 1819 3450 contem-

228 3496 448 3551 nentes,
471 3485 696 3541 moleste
722 3486 989 3548 ferebant,
1018 3486 1159 3555 quod
1206 3484 1480 3539 hominem
1526 3495 1634 3539 tam
1682 3486 1821 3540 male

226 3578 486 3631 vestitum
523 3577 665 3647 apud
696 3592 754 3632 se
790 3577 1097 3646 collegisset
1139 3576 1446 3645 episcopus.
1479 3576 1531 3629 id
1557 3591 1684 3630 vero
1710 3576 1820 3640 ille,

224 3684 298 3725 ex
329 3669 511 3723 divina
559 3668 883 3724 revelatione
929 3670 1286 3738 cognoscens,
1334 3666 1680 3721 severissime
1729 3681 1823 3720 eos

226 3759 545 3830 objurgavit
578 3777 591 3814 :
622 3761 716 3817 sed
755 3775 877 3815 cum
924 3774 1017 3815 eos
1056 3760 1352 3829 pmniieret
1399 3758 1450 3812 id
1500 3757 1714 3821 iecisse,
1769 3757 1821 3811 in

225 3853 468 3923 gratiam
490 3852 608 3908 illos
643 3852 863 3921 recepit,
896 3851 1193 3906 admonens
1246 3858 1306 3904 ut
1334 3849 1588 3920 deinceps
1614 3848 1824 3904 cautio-

228 3959 328 3998 res
357 3952 558 3999 essent.
589 3943 694 3999 Sed
723 3945 789 3999 de
822 3944 905 3997 his
928 3943 1080 3997 alias.

306 4034 379 4087 Χ.
416 4033 588 4099 Quam
619 4049 748 4089 vero
770 4041 893 4103 post
917 4034 1029 4087 lucc
1054 4041 1241 4086 sancte
1266 4039 1319 4087 ct
1343 4030 1588 4101 religiose
1631 4028 1827 4084 Rema-

230 4127 357 4179 clus
399 4126 612 4190 vixerit,
643 4127 762 4194 quis
798 4126 932 4181 satis
977 4138 1404 4179 commemorare
1455 4122 1651 4191 queat?
1696 4122 1827 4188 Quis

229 4215 357 4282 ejus
405 4231 531 4284 erga
581 4217 927 4270 conuuissum
985 4216 1084 4270 sibi
1138 4230 1352 4285 gregem
1409 4213 1825 4267 sollicitudinem

230 4306 514 4374 explicet?
550 4307 796 4361 Mouebat
839 4321 1027 4361 omnes
1050 4346 1067 4373 ,
1100 4315 1215 4359 uta
1267 4304 1590 4358 blandientis
1640 4303 1825 4356 mundi

1912 1853 2098 1907 liarius
2128 1853 2468 1922 conjunclus,
2492 1851 2688 1905 divina}
2717 1852 3165 1923 contemplationi
3194 1870 3251 1909 se
3276 1854 3498 1910 dedide-

1914 1955 2036 2010 rat,
2081 1954 2246 2015 atque
2302 1943 2557 1999 salutaris
2606 1944 2866 1998 doctrina:
2912 1945 3108 2014 pluviis
3160 1947 3497 2001 subditoruu

1914 2046 2135 2106 pectora
2193 2036 2465 2105 irrigarat.
2518 2036 2600 2089 Ad
2644 2035 2760 2105 ejus
2798 2037 3012 2090 tandem
3047 2037 3147 2091 loci
3186 2049 3499 2106 pertaesum,

1916 2129 2181 2183 incertum
2209 2144 2368 2198 quam
2397 2127 2467 2183 ob
2502 2142 2745 2191 causam,
2774 2128 2878 2182 nisi
2930 2130 3069 2196 quod
3103 2128 3244 2183 fama
3276 2133 3499 2200 sparsit,

1916 2218 2093 2273 locum
2134 2219 2281 2272 illum
2321 2217 2519 2272 multas
2553 2218 2885 2288 perseusisse
2915 2219 3191 2273 molestias
3239 2236 3267 2272 a
3318 2230 3505 2290 polen-

1920 2310 2185 2373 tioribus,
2220 2308 2313 2379 qni
2354 2308 2558 2363 circum
2606 2309 2752 2363 circa
2805 2309 3161 2363 morabantur
3208 2328 3219 2362 :
3271 2325 3502 2379 cumque

1916 2416 2025 2453 non
2055 2400 2281 2455 haberet
2308 2414 2402 2453 rex
2432 2399 2486 2453 in
2512 2398 2835 2468 propinquo,
2880 2398 3019 2451 unde
3052 2408 3234 2468 posset
3280 2400 3325 2453 is
3350 2399 3503 2454 locus

1917 2492 2155 2556 dilatari,
2180 2493 2397 2546 beatum
2424 2492 2600 2548 virum
2619 2494 2917 2545 accessisse
2944 2506 3123 2559 regem
3152 2493 3307 2560 eique
3336 2493 3442 2546 dixi
3460 2522 3505 2534 --

1918 2596 2013 2635 se:
2044 2599 2062 2632 ‹
2090 2580 2472 2635 Celsitudinem
2499 2588 2665 2642 tuam,
2691 2580 2885 2649 inelyte
2912 2580 3183 2649 princeps,
3212 2581 3507 2635 admonet.-

1919 2673 2041 2727 dam
2064 2672 2267 2733 censui,
2285 2672 2424 2740 quod
2445 2687 2564 2725 cum
2590 2671 2755 2725 multa
2779 2672 2977 2740 passim
3006 2678 3090 2724 tua
3112 2673 3505 2741 muniﬁcentia,

1919 2762 2014 2817 Dei
2045 2772 2099 2816 et
2126 2745 2436 2815 sanctorum
2462 2758 2578 2829 ejus
2608 2760 2775 2814 cultui
2811 2760 2988 2814 ditata
3020 2760 3128 2813 sint
3153 2763 3502 2828 monasteria,

1919 2854 2032 2908 sola
2060 2852 2372 2915 Arduenna,
2406 2852 2458 2905 in
2483 2851 2668 2905 arduis
2691 2851 2791 2906 sita
2827 2851 3122 2917 montibus,
3158 2852 3299 2907 nulla
3330 2855 3507 2907 adhuc

1920 2942 2169 2997 cmnobia
2205 2941 2433 2996 obtinet.
2472 2939 2671 2995 Jubeat
2718 2940 2883 3009 igitur
2912 2940 3177 2995 serenitas
3220 2949 3307 2995 tua
3340 2943 3505 2996 etiam

1923 3035 2032 3090 illic
2063 3034 2313 3090 nonnulla
2341 3034 2601 3089 tediiicari
2635 3052 2647 3089 :
2678 3035 2854 3088 aderit
2891 3032 3087 3087 volenti
3130 3050 3196 3089 ex
3238 3034 3335 3089 Dei
3366 3036 3509 3090 beni-

1921 3128 2123 3198 gnitate
2146 3126 2396 3192 facultas,
2416 3136 2470 3180 et
2498 3135 2693 3179 nostra:
2720 3125 2863 3180 sedis
2890 3125 3143 3180 vicinitas
3174 3142 3279 3179 non
3312 3127 3507 3181 deerit.

1921 3219 2031 3274 Nec
2069 3234 2197 3273 vero
2219 3217 2434 3273 difﬁcile
2463 3218 2567 3272 erit
2600 3232 2662 3272 ea
2694 3232 2922 3287 augere,
2947 3224 3003 3270 et
3041 3215 3311 3270 instruere
3346 3215 3511 3272 rebus

1920 3310 2265 3375 necessariis,
2320 3324 2444 3363 cum
2500 3308 2617 3361 loca
2660 3308 2843 3361 omnia
2900 3306 3009 3361 illic
3052 3304 3357 3375 adjacentia
3405 3317 3512 3360 tua:

1922 3400 2111 3457 ditioni
2140 3400 2363 3455 subesse
2391 3398 2610 3452 dubimn
2643 3382 2747 3451 non
2779 3398 2902 3452 sit.»
2932 3397 3011 3451 Ad
3050 3397 3166 3452 haec
3196 3397 3272 3452 ita
3310 3414 3403 3452 rex
3429 3414 3513 3452 rc-

1924 3494 2169 3564 spondit:
2188 3511 2206 3544 (
2227 3492 2400 3546 Tuum
2417 3500 2521 3554 est,
2537 3491 2698 3546 Pater
2718 3490 3049 3552 beatissime,
3073 3490 3229 3545 nobis
3254 3491 3305 3544 in
3329 3491 3430 3544 hac
3458 3507 3514 3544 re

1923 3583 2204 3639 consilium
2228 3582 2386 3636 dare:
2409 3590 2653 3635 nostrum
2680 3580 2805 3644 erit,
2833 3588 2924 3634 tuo
2947 3578 3172 3632 consilio
3207 3595 3517 3632 accounno-

1925 3675 2054 3728 dare
2082 3687 2429 3736 consensum,
2473 3680 2527 3726 et
2558 3678 2772 3723 mature
2799 3669 2926 3723 illud
2953 3667 3195 3735 exsequi.
3228 3667 3304 3720 Tu
3352 3668 3516 3736 igitur

1926 3762 2086 3829 hujus
2123 3763 2199 3816 rei
2233 3776 2418 3814 curam
2468 3760 2715 3827 suscipe,
2755 3767 2812 3813 ct
2840 3757 2893 3810 in
2923 3770 3059 3826 opus
3091 3757 3340 3811 incumbe
3366 3774 3383 3809 :
3416 3772 3515 3811 nos

1928 3853 2044 3907 loca
2076 3860 2399 3920 opportuna,
2440 3863 2561 3916 quae
2605 3857 2659 3899 tu
2686 3845 2936 3913 elegeris,
2986 3854 3039 3898 et
3090 3846 3364 3913 impensas
3417 3848 3513 3899 tibi

1928 3958 2032 3997 non
2061 3940 2427 4011 negabimus.»
2466 3937 2666 3992 Deinde
2695 3936 3012 3991 conVocavit
3034 3950 3126 3988 rex
3155 3936 3340 3990 ﬁdeles
3366 3935 3513 3991 viros

1929 4044 2175 4089 sanctum
2203 4032 2555 4087 Cunibertum
2589 4029 2924 4098 episcopum,
2953 4028 3261 4081 Atetlanum
3283 4071 3298 4094 ,
3328 4027 3510 4082 Theo-

1930 4126 2194 4180 deiridnm
2223 4164 2237 4187 ,
2284 4130 2339 4176 et
2385 4121 2797 4176 Gislochardum
2842 4120 3122 4189 episcopos
3172 4136 3187 4173 :
3223 4120 3517 4189 optimates

1930 4233 2143 4289 quoque
2173 4230 2299 4270 suos
2343 4213 2715 4269 Grimoaldum
2746 4211 3233 4279 Majoremdomus,
3271 4212 3435 4266 Folco
3473 4211 3517 4263 l-

1882 4364 1883 4367 η
1933 4313 2082 4375 dum,
2112 4309 2383 4362 BobOnem
2417 4321 2433 4361 :
2466 4308 2705 4375 itemque
2757 4304 3084 4359 domesticos
3135 4319 3262 4358 suos
3293 4303 3515 4359 Clodnl-

232 4401 523 4455 lenociniis
574 4402 674 4456 sibi
723 4411 974 4456 carerent
1004 4442 1018 4467 ,
1063 4416 1092 4455 a
1122 4400 1269 4455 curis
1330 4399 1516 4453 mundi
1566 4395 1725 4464 hujus
1769 4413 1827 4450 se
1858 4425 1903 4480 ι)
1934 4404 2119 4473 phum,
2144 4398 2488 4468 Ansigisilum
2511 4404 2565 4451 et
2591 4395 2931 4450 Berselouem
2960 4414 2972 4448 ε
3001 4395 3171 4463 iisque
3193 4394 3224 4448 d
3253 4395 3329 4449 xit.
3356 4413 3368 4447 :
3395 4413 3411 4444 ι
3436 4394 3514 4447 Ex

154 4524 157 4525 ν
231 4492 628 4556 subducerent,
659 4493 916 4547 fraternce
959 4492 1073 4562 paci
1104 4501 1159 4545 et
1196 4490 1500 4545 concordia}
1523 4488 1823 4550 studerent,

233 4586 392 4638 viam
445 4584 819 4638 mandatorum
886 4582 979 4636 Dei
1037 4580 1301 4636 inoiIenso
1357 4580 1492 4648 pede
1554 4587 1825 4637 tererent,

233 4677 504 4732 mundum
531 4685 585 4729 et
605 4675 722 4744 ejus
751 4675 1074 4745 cupiditates
1117 4672 1445 4733 fastidirent,
1486 4680 1541 4724 et
1570 4685 1666 4723 ceu
1721 4669 1827 4722 feni

232 4769 433 4824 ﬂorem
480 4768 628 4823 brevi
669 4774 1073 4823 exarescentem
1121 4763 1385 4833 promptis
1417 4762 1612 4816 animis
1655 4761 1830 4815 calca-

236 4869 393 4924 rcnt,
429 4859 671 4914 cmlestia
706 4871 885 4914 mente
925 4867 980 4911 et
1030 4857 1242 4910 actione
1290 4861 1734 4909 consectarentur
1780 4862 1834 4905 ct

232 4959 585 5022 appeterent.
618 4949 858 5021 Cumque
884 4951 936 5003 iu
977 4949 1060 5002 his
1090 4954 1426 5009 versaretur,
1450 4945 1639 5014 majori
1669 4944 1833 5013 ctepit

1106 5038 1293 5060 ---..J!
1349 5037 1389 5060 τὶ

1932 4493 2205 4549 voluntate
2233 4491 2345 4554 Dei,
2369 4498 2423 4545 et
2448 4498 2631 4544 vestro
2651 4496 3077 4556 cznterorumque
3103 4487 3257 4541 nobis
3282 4486 3516 4541 ﬁdelium

1931 4599 2219 4647 consensu,
2253 4584 2357 4637 duo
2392 4582 2680 4638 statuinms
2721 4581 2954 4635 condere
3009 4580 3337 4632 monasleﬁa
3376 4578 3516 4631 intra

1907 4686 1912 4693 '
1936 4677 2067 4732 lines
2096 4676 2420 4738 Arduennae,
2448 4674 2499 4725 in
2527 4672 2725 4741 quibus
2754 4670 2952 4740 degant
2978 4669 3081 4721 viri
3114 4667 3373 4736 religiosi,
3406 4682 3496 4718 mo

1935 4767 2154 4823 nasticze
2182 4765 2306 4817 vita:
2335 4764 2593 4824 cultores,
2638 4762 2730 4832 qui
2781 4777 2880 4828 pro
2916 4769 3099 4813 nostra
3152 4769 3204 4810 et
3235 4770 3520 4810 success.»-

1938 4878 2054 4916 rum
2084 4854 2810 4915 nostrorumincolumitate,
2845 4861 2894 4906 et
2943 4851 3110 4904 totius
3154 4846 3300 4912 regni
3353 4846 3525 4900 stabi-

1938 4953 2086 5008 litate
2111 4957 2166 5004 et
2203 4945 2594 5015 tranquilitatc,
2629 4954 2794 5011 atque
2826 4955 3040 5003 eorum,
3072 4939 3160 5006 qui
3191 4936 3338 4990 caris
3375 4934 3528 5003 regni

2155 5048 2279 5060 _,.-...
2336 5036 2739 5060 ..Α....Α......ιζ,..ιη
2790 5033 2954 5060 Παλ-..η
2984 5029 3410 5060 anu-innituntur:
3440 5023 3533 5060 11η..
