4042 5300
550 310 686 369 1159

1651 306 1949 365 NOTGEiil
1987 308 2395 370 LEODIENSIS
2441 303 2740 363 EPISCOPI

546 430 655 484 illic
689 427 892 496 lapides
923 425 1127 489 Dianae,
1159 434 1211 478 et
1242 423 1294 480 id
1330 438 1498 494 genus
1541 424 1867 494 portentosis
1897 425 2129 478 uomini-
2158 433 2204 490 Α
2229 439 2369 502 quas
2393 432 2546 492 putat
2577 437 2636 477 se
2665 423 2731 478 ad
2759 437 2852 480 vos
2874 423 3268 494 oppugnandos
3294 422 3571 483 invenisse
3593 427 3822 491 aditum,

546 521 646 574 bus
684 519 959 586 inscripti,
997 517 1081 571 vel
1125 515 1325 586 effigies
1363 531 1548 570 eorum
1595 514 1859 570 habentes
1897 535 1909 569 :
1956 517 2133 571 fontes

546 611 734 674 etiam,
762 609 1038 662 hominum
1066 607 1281 675 quidem
1325 608 1510 662 usibus
1541 607 1688 676 apti,
1715 607 1810 661 sed
1840 609 2132 674 gentilismi

547 699 824 754 erroribus
855 697 1072 768 polluti,
1111 707 1271 764 atque
1309 699 1378 751 ob
1413 697 1461 750 id
1501 697 1798 751 etiamnum
1830 699 2132 752 drcmouum

549 788 879 848 infestationi
918 787 1157 843 obnoxii.
1188 787 1353 856 igitur
1393 787 1631 840 adhibita
1673 787 2012 857 adjuratione
2039 802 2136 856 per

547 880 750 934 Christi
786 894 981 933 nomen
1001 919 1015 944 ,
1057 886 1111 931 et
1142 876 1196 931 S.
1230 876 1420 932 Crucis
1443 877 1596 947 signo
1624 892 1914 946 espresso,
1956 877 2134 939 locum

549 971 697 1025 illum
725 986 752 1022 a
790 971 1090 1024 daemonum
1133 968 1498 1023 incursatione
1536 967 1830 1021 vindicavit
1865 975 1921 1021 et
1953 969 2136 1036 expia-

548 1065 646 1128 vit,
673 1077 904 1131 moxque
930 1076 1066 1130 aqua
1092 1060 1160 1115 ab
1191 1059 1304 1130 ipso
1333 1075 1429 1114 suo
1459 1068 1636 1112 meatu
1661 1058 1908 1127 guttatim
1933 1057 2134 1126 dilapsa

547 1151 787 1205 evanuit.
820 1150 1020 1205 Videns
1053 1160 1232 1204 autem
1264 1150 1347 1202 vir
1381 1157 1602 1203 sanctus
1628 1147 1802 1201 locum
1836 1146 1984 1200 illum
2021 1154 2134 1200 tum

548 1243 775 1310 piscosis
809 1241 1006 1309 aquis,
1051 1249 1160 1293 tum
1203 1240 1417 1309 pascuis
1465 1237 1754 1291 uberrimis
1798 1237 2138 1291 commodam

547 1336 790 1404 przehere
824 1335 1235 1396 habitationem,
1270 1332 1476 1402 prolixe
1515 1346 1678 1401 super
1715 1330 1913 1384 fontem
1948 1345 2138 1399 preca-

551 1436 659 1491 tus,
690 1443 813 1480 eum
839 1426 1136 1488 benedixit,
1174 1425 1335 1495 lapidi
1368 1425 1578 1495 signum
1617 1422 1804 1478 Crucis
1833 1423 2133 1493 insculpsit,

548 1518 828 1586 plumbum
885 1518 937 1571 in
988 1516 1250 1570 foramina
1306 1514 1613 1570 infundens.
1665 1504 1734 1568 Et
1783 1529 1912 1570 ecce
1959 1515 2138 1571 subito

550 1616 841 1678 erumpunt
881 1623 1035 1676 aqua:
1072 1607 1420 1676 largissimae,
1452 1622 1572 1675 quae
1612 1621 1782 1676 usque
1815 1607 1867 1660 in
1900 1620 2140 1676 praesens

551 1700 712 1755 dictis
743 1699 943 1755 nostris
972 1700 1132 1754 fidem
1163 1699 1371 1753 faciunt
1401 1714 1494 1753 cas
1517 1698 1884 1753 cernentibus.
1915 1700 1979 1752 Et
2012 1700 2137 1768 quia

2236 515 2434 568 horror
2469 513 2650 569 omnis
2678 512 2932 568 facesset.
2974 513 3070 569 His
3103 514 3247 570 enim
3279 517 3454 572 modis
3500 518 3670 572 etiam
3703 529 3827 574 ante

2235 620 2334 659 nos
2364 603 2656 659 infestabat
2691 604 2935 676 )Egypti,
2970 605 3264 661 Thebaidis
3298 616 3355 662 et
3390 606 3583 662 Nitriae
3611 624 3828 665 cremet

2236 694 2556 757 incolentes,
2595 709 2826 764 quorum
2876 696 3084 750 utinam
3128 711 3232 752 nos
3280 697 3366 752 vel
3414 698 3830 770 qualescunque

2235 785 2502 855 possimus
2527 784 2752 840 inveniri
2780 793 3096 840 sectatores.
3119 787 3292 841 liabet
3316 786 3404 842 ille
3427 788 3575 842 mille
3593 789 3828 844 nocendi

2237 888 2404 943 artes,
2457 893 2561 933 nec
2614 879 2808 934 desunt
2850 880 2898 934 ei
2943 880 3240 935 innumerae
3283 879 3504 936 fallendi
3545 881 3673 936 viae.
3724 881 3831 937 Sed

2238 984 2335 1024 nos
2364 984 2470 1024 non
2508 971 2821 1040 ignoramus
2847 970 3001 1027 dolos
3031 981 3086 1027 et
3115 971 3337 1028 fraudes
3365 971 3508 1040 ejus,
3535 975 3633 1042 qui
3663 975 3832 1028 etiam

2236 1075 2336 1133 per
2377 1077 2595 1116 muscas
2644 1062 2968 1132 quandoque
3021 1078 3120 1118 nos
3175 1064 3476 1134 impugnat.
3537 1062 3654 1118 Nos
3703 1078 3832 1118 vero

2238 1153 2442 1208 Christi
2492 1155 2658 1219 servi,
2700 1169 2808 1222 quo
2838 1153 2981 1209 illius
3019 1155 3386 1210 iucursatione
3426 1155 3682 1210 crebrius
3717 1171 3836 1224 pre-

2239 1243 2462 1308 mimur,
2485 1256 2552 1298 eo
2575 1241 2749 1312 magis
2768 1243 3125 1313 assurgimus,
3150 1241 3367 1298 fortiter
3387 1243 3460 1297 illi
3488 1245 3832 1298 resistentes.

2238 1333 2507 1404 Expertus
2553 1335 2784 1389 Satanas
2839 1333 3178 1404 pertimescit
3228 1335 3381 1390 initia
3443 1347 3599 1392 recte
3650 1335 3838 1390 vivere

2239 1425 2662 1490 instituentium,
2687 1425 2922 1498 vigilias,
2939 1426 3234 1492 orationes,
3255 1425 3486 1498 jejunia,
3514 1435 3837 1482 mansuetu-

2240 1516 2441 1580 dinem,
2470 1517 2806 1587 patientiam,
2841 1516 3201 1571 voluntariam
3232 1526 3640 1586 paupertatem,
3681 1532 3833 1572 vana:

2239 1607 2428 1678 gloriae
2445 1614 2834 1676 contemptum,
2864 1605 3250 1671 humilitatem,
3273 1607 3741 1670 misericordiam,
3760 1617 3831 1672 et,

2238 1698 2526 1769 praecipue,
2578 1712 2775 1766 purum
2816 1709 2946 1766 erga
2996 1695 3271 1751 Christum
3309 1710 3575 1750 amorem.
3627 1695 3830 1762 Quam-

549 1789 728 1846 locum
759 1791 905 1845 illum
931 1807 963 1845 a
997 1791 1256 1845 malorum
1287 1791 1574 1860 Spirituum
1604 1788 1945 1844 infestatione
1976 1803 2133 1843 mun-
2159 1777 2208 1838 Β
2233 1789 2421 1845 obrem
2482 1795 2542 1844 ut
2595 1788 2680 1842 leo
2729 1788 2784 1842 in
2841 1786 3122 1858 spelunca,
3174 1787 3463 1841 insidiatur
3498 1789 3572 1842 ab
3617 1788 3833 1842 occulto

553 1885 810 1949 daverat,
847 1883 1296 1937 Malmundarinm
1325 1923 1340 1945 ,
1365 1882 1521 1951 quasi
1560 1897 1588 1934 a
1616 1881 1758 1936 malo
1787 1883 2134 1948 mundatum,

549 1970 752 2040 placuit
794 1987 917 2027 eum
966 1971 1268 2042 appellare.
1289 1971 1571 2026 Exstruxit
1599 1979 1785 2026 autem
1813 1971 1922 2028 illic
1954 1979 2140 2026 orato-

552 2064 726 2128 rium,
773 2064 1010 2134 itemque
1059 2063 1366 2119 habitacula
1417 2061 1470 2118 in
1511 2078 1640 2118 usus
1693 2077 1972 2118 servorum
2017 2062 2135 2129 Dei,

551 2155 809 2224 auxitque
839 2170 900 2209 ea
925 2195 940 2218 ,
968 2171 1090 2224 qua:
1116 2155 1184 2209 ad
1211 2154 1307 2208 Dei
1331 2153 1534 2208 cultum
1566 2162 1897 2222 spectarent.

624 2247 759 2302 Xlll.
802 2245 908 2303 Sed
945 2264 1068 2301 cum
1105 2249 1153 2302 is
1188 2247 1339 2302 locus
1371 2249 1422 2302 iu
1457 2247 1838 2317 Agrippinensi
1879 2247 2137 2317 parochia

552 2340 691 2394 situs
713 2347 879 2403 esset,
910 2339 1220 2393 emnobium
1243 2339 1482 2409 suscepit
1507 2339 1964 2404 constituendmn,
1992 2339 2138 2410 quod

552 2445 666 2483 sum
695 2430 944 2484 dioecesis
982 2430 1248 2486 limitibus
1275 2431 1662 2485 contineretur.
1702 2429 2006 2486 Procedens
2041 2431 2142 2502 igi-

555 2531 644 2574 tur
693 2521 815 2573 inde
860 2521 1012 2590 quasi
1056 2521 1123 2575 ad
1165 2522 1272 2576 duo
1319 2521 1484 2576 millia
1524 2537 1713 2577 versus
1747 2522 2096 2579 Occidentem
2122 2564 2138 2592 ,

551 2603 756 2664 Callani
777 2610 1028 2674 rivulum,
1053 2610 1142 2679 qui
1166 2612 1438 2680 parochiis
1453 2613 1823 2668 conterminus
1843 2623 1946 2676 est,
1969 2622 2143 2671 trans-

553 2702 658 2768 iit,
709 2712 764 2756 et
803 2703 868 2757 ad
906 2703 1223 2758 Atnblavam
1261 2701 1481 2759 fluvium
1530 2705 1583 2758 in
1620 2704 1902 2774 cujusdam
1941 2706 2142 2764 montis

551 2790 786 2846 confinio
808 2792 1070 2846 substitit.
1097 2790 1278 2863 Atque
1307 2793 1380 2848 ibi
1407 2792 1720 2863 aliquandiu
1749 2802 2140 2862 commoratus,

554 2883 720 2936 multa
753 2883 820 2938 de
859 2899 918 2938 se
951 2893 1155 2939 sancta:
1198 2885 1630 2940 conversationis
1664 2885 1912 2957 exempla
1950 2887 2139 2955 dedit,

553 2975 1002 3043 quemadmodum
1039 2985 1266 3046 possunt
1313 2977 1405 3046 qui
1464 2977 1651 3032 volunt
1685 2992 1845 3033 nosse
1879 2983 1950 3032 ab
1995 2979 2146 3035 ineo‘

554 3061 623 3116 lis
649 3064 700 3118 id
727 3063 1104 3118 referentibus.
1137 3064 1251 3118 Etsi
1289 3074 1470 3119 autem
1499 3063 1649 3120 locus
1680 3065 1768 3120 ille
1799 3066 1998 3122 multos
2040 3068 2141 3122 ha-

556 3155 714 3209 beret
735 3153 928 3216 fontes,
955 3163 1135 3208 tamen
1157 3156 1299 3225 quod
1323 3165 1586 3226 angustus
1608 3165 1773 3222 esset,
1799 3171 1898 3212 nec
1915 3158 2144 3214 ofﬁcinis

557 3245 885 3299 necessariis
911 3244 1202 3312 sufficeret,
1233 3247 1302 3301 ad
1329 3245 1606 3302 Orientem
1635 3247 1863 3304 reflectit
1891 3264 2140 3320 gressus;

555 3354 954 3408 parumperque
982 3340 1304 3410 procedens,
1339 3340 1483 3395 videt
1517 3341 1694 3396 locum
1729 3343 2140 3410 spatiosiorem,

561 3428 851 3496 futuroque
890 3429 1040 3497 operi
1079 3431 1646 3484 accommodatiorem.
1689 3429 1767 3484 lbi
1806 3446 1935 3503 ergo
1971 3431 2143 3488 labori

559 3518 727 3588 coepit
753 3519 957 3574 instare
994 3521 1282 3583 attentius,
1321 3519 1615 3591 aderatque
1644 3520 1750 3585 illi,
1781 3529 1842 3577 ut
1864 3522 1920 3577 in
1949 3523 2144 3578 talibus

561 3610 720 3674 solet,
755 3611 931 3664 divina
960 3611 1163 3676 virtus,
1203 3626 1309 3680 qua
1341 3609 1546 3666 factum
1590 3621 1674 3667 est
1711 3623 1770 3666 ut
1809 3611 2142 3670 voluntatem

559 3702 784 3756 effectus
808 3711 1143 3772 sequeretur.
1173 3703 1340 3756 Porro
1370 3703 1511 3772 quod
1543 3701 1672 3756 ferae
1697 3717 1763 3758 eo
1787 3703 2024 3772 undique
2046 3719 2141 3759 seu

561 3793 627 3844 ad
657 3792 947 3856 stabulum,
970 3794 1052 3846 vel
1083 3801 1240 3863 potus
1266 3793 1345 3847 vel
1367 3801 1551 3863 pastus
1573 3808 1758 3858 causa,
1788 3793 2139 3862 ccufluerent,

561 3885 858 3952 antiquitus
889 3884 975 3938 ille
1007 3883 1155 3937 locus
1189 3882 1476 3938 Stabulaus
1499 3884 1675 3938 dictus
1705 3883 1824 3937 fuit.
1861 3884 2014 3950 Quod
2045 3899 2144 3938 no-

561 3987 683 4027 men
717 3975 797 4025 vir
830 3983 1049 4028 sanctus
1086 3974 1307 4029 minime
1344 3975 1555 4028 censuit
1586 3975 2010 4040 immutandtun,
2047 3976 2142 4030 sed

560 4074 615 4119 et
661 4066 764 4120 dici
804 4076 856 4120 et
892 4081 1010 4120 esse
1037 4066 1202 4122 voluit
1238 4067 1505 4122 stabulum
1534 4068 1770 4122 fidelium
1801 4070 2137 4135 animarmn,

559 4173 627 4211 eo
671 4167 924 4228 tanquam
968 4159 1034 4212 ad
1075 4167 1288 4213 :cternaz
1325 4160 1430 4212 vita
1475 4175 1673 4228 pascua
1721 4158 1973 4228 deinceps
2016 4174 2138 4230 pro-

561 4260 959 4318 pt-raturarum.
1023 4249 1192 4304 Porro
1250 4249 1510 4304 fratribus
1575 4265 1710 4319 quos
1757 4249 1866 4303 illic
1913 4252 1998 4302 vir
2045 4247 2138 4303 Dei

564 4341 656 4393 Dci
699 4343 763 4393 ad
808 4357 1042 4410 praiseus
1079 4352 1518 4412 congregaverat,
1571 4358 1676 4396 non
1724 4356 1946 4412 parvum
1997 4355 2139 4410 saepe

2203 1887 2206 1890 ’
2237 1895 2335 1936 vos
2373 1889 2434 1934 ut
2475 1896 2504 1932 a
2545 1878 2824 1949 proposito
2851 1879 3140 1933 deterreat.
3184 1896 3204 1930 ι
3241 1877 3336 1932 llis
3375 1887 3431 1933 et
3469 1876 3592 1946 ejus
3621 1879 3835 1949 generis

2239 1970 2361 2026 aliis
2417 1969 2599 2024 verbis
2635 1982 2828 2023 eorum
2881 1968 3093 2023 animos
3143 1967 3211 2022 ad
3251 1967 3349 2023 Dei
3395 1969 3606 2024 cultum
3655 1984 3838 2038 prom-

2237 2062 2442 2134 ptiores
2465 2059 2648 2116 effecit
2673 2069 2729 2115 et
2753 2059 3016 2114 adversus
3041 2059 3369 2116 teutationes
3403 2074 3601 2116 omnes
3632 2058 3836 2116 c'ouﬁr-

2237 2152 2424 2207 mavit.

2309 2241 2448 2298 XIV.
2473 2241 2687 2310 Postea,
2719 2240 2984 2298 inStitutis
3003 2256 3227 2314 operum
3245 2240 3522 2314 perfectis,
3549 2241 3685 2313 quid
3713 2256 3835 2312 age-

2239 2344 2365 2390 rent
2405 2334 2682 2406 exposuit,
2713 2343 2878 2404 atque
2908 2335 2980 2390 ita
3033 2333 3281 2405 Tungros
3309 2333 3392 2389 vel
3427 2334 3746 2405 Trajectum
3777 2347 3836 2389 se

2240 2429 2530 2499 recipiens,
2563 2430 2630 2483 ad
2669 2428 2956 2499 pastoralis
2985 2428 3142 2486 officii
3178 2444 3340 2485 curas
3375 2431 3621 2484 animum
3657 2429 3834 2484 inten-

2241 2519 2340 2576 dit.
2382 2518 2498 2575 Non
2545 2520 2715 2576 multo
2750 2529 2874 2592 post
2910 2536 3006 2576 rex
3037 2535 3100 2576 ea
3138 2521 3327 2575 didicit
3364 2529 3684 2576 constructa
3716 2536 3831 2574 mo-

2240 2609 2476 2667 nasteria
2531 2618 2589 2665 et
2651 2611 2946 2666 immensas
3003 2609 3356 2681 omnipotenti
3439 2611 3554 2664 Deo
3627 2610 3835 2680 gratias

2241 2701 2380 2771 egit;
2422 2708 2481 2754 et
2515 2700 2643 2770 quia
2674 2700 2922 2756 ecclesiae
2961 2715 3154 2755 recens
3192 2698 3497 2765 aedificata,
3535 2696 3832 2769 episcopali

2240 2790 2618 2847 benedictione
2656 2791 2992 2862 indigebant,
3033 2791 3249 2845 beatum
3289 2789 3612 2846 Remaclum
3645 2804 3832 2843 accer-

2242 2881 2408 2942 siens.
2468 2890 2576 2936 tam
2627 2895 2745 2936 eam
2783 2896 2904 2950 quae
2946 2887 3067 2936 erat
3109 2878 3448 2936 Coloniensis
3494 2881 3830 2949 partechiz,

2243 2978 2514 3025 annuente
2532 2969 2827 3024 venerabili
2857 2968 3150 3024 Cuniberto
3177 2970 3453 3039 episcopo.
3475 2985 3655 3039 quam
3687 2969 3830 3022 illam

2243 3075 2364 3131 quae
2414 3068 2614 3116 nostrae
2653 3059 2903 3117 dioecesis
2935 3068 3048 3127 est,
3098 3059 3167 3115 ab
3205 3074 3272 3114 eo
3310 3060 3481 3115 voluit
3516 3059 3836 3114 solcnmiter

2246 3151 2582 3220 consecrari,
2611 3159 2671 3204 ut
2720 3149 2877 3222 cujus
2918 3149 3271 3220 dispositione
3310 3159 3364 3205 et
3407 3150 3615 3221 ingenti
3659 3151 3831 3204 studio

2245 3244 2474 3299 conditas
2510 3251 2687 3308 erant,
2721 3242 2836 3311 eius
2874 3243 3036 3298 etiam
3075 3256 3241 3312 opera
3279 3242 3580 3312 pontificali
3613 3240 3836 3295 benedi-

2245 3335 2422 3390 Ctione
2451 3333 2821 3390 afﬁcerentur.
2854 3332 2966 3389 Nec
2988 3347 3115 3388 vero
3143 3335 3211 3388 ad
3241 3333 3341 3387 has
3368 3347 3454 3387 res
3491 3333 3576 3386 vir
3610 3342 3831 3386 sanctus

2243 3424 2384 3478 ullas
2413 3437 2596 3479 moras
2625 3422 2834 3489 attulit;
2877 3423 2968 3493 qui
3002 3439 3133 3478 sane
3171 3431 3226 3477 et
3265 3423 3378 3490 regi
3412 3431 3468 3475 et
3515 3423 3830 3492 proceribus

2245 3515 2382 3568 adeo
2413 3514 2613 3568 cbarus
2634 3521 2774 3580 erat,
2805 3521 3078 3582 tantaeque
3103 3515 3243 3582 apud
3273 3527 3368 3567 eos
3391 3513 3827 3572 existimationis,

2245 3611 2304 3656 ut
2343 3602 2478 3657 nihil
2515 3603 2660 3673 quod
2708 3603 2890 3674 magni
2940 3612 3086 3658 esset
3134 3603 3417 3667 momenti,
3462 3603 3672 3672 absque
3717 3600 3829 3670 ejus

2244 3691 2470 3746 consilio
2508 3689 2680 3746 fieret.
2723 3693 2902 3760 Atque
2937 3706 3001 3746 ea
3039 3705 3226 3756 causa,
3261 3691 3550 3745 missarum
3597 3691 3828 3759 peractis

2241 3779 2540 3844 aolemuiis,
2583 3789 2872 3849 utrumque
2913 3782 3302 3835 monasterium
3334 3780 3686 3834 Grimoaldus
3714 3795 3825 3832 ma-

2237 3867 2540 3939 jordomus,
2566 3868 2707 3922 illius
2740 3869 2957 3924 tradidit
2985 3869 3218 3923 solertiae
3239 3877 3294 3922 et
3324 3868 3606 3922 industriae
3636 3871 3830 3939 guberb

2245 3963 2482 4016 nandum
2524 3977 2537 4014 :
2571 3961 2733 4016 simul
2768 3961 3012 4016 indicans
3057 3962 3128 4026 ei,
3177 3961 3223 4016 si
3263 3977 3370 4030 qua
3408 3969 3601 4016 essent
3647 3976 3828 4016 mona-

2242 4054 2359 4108 chis
2412 4053 2742 4117 necessaria,
2801 4067 2865 4108 ea
2933 4067 3113 4123 regem
3178 4052 3670 4122 suppeditatur-um,
3737 4053 3825 4106 ub.

2241 4159 2340 4214 per
2386 4144 2560 4212 ipsum
2612 4146 2678 4198 de
2722 4144 2788 4198 iis
2843 4145 3046 4198 certior
3101 4156 3246 4198 esset
3289 4143 3510 4198 factus:
3545 4144 3620 4197 lta
3671 4143 3826 4197 nimi—

2244 4248 2363 4286 rum
2396 4242 2617 4286 sanctus
2645 4233 2899 4286 sacerdos
2941 4234 3250 4286 remotioris
3289 4234 3415 4286 vita:
3457 4233 3736 4286 sectandae
3769 4246 3822 4284 et

2243 4326 2520 4395 captanda:
2578 4325 2984 4390 sollcitudinis,
3049 4326 3128 4380 uti
3181 4339 3394 4396 semper
3442 4333 3681 4395 optarat,
3728 4326 3826 4377 Deo

564 4441 826 4485 terrorem
877 4434 1056 4486 attulit
1117 4436 1374 4504 strepitus
1419 4432 1653 4488 ferarum
1703 4448 1768 4488 eo
1816 4434 2134 4488 catervatim

2243 4427 2515 4470 annuente
2543 4417 2881 4470 occasionem
2921 4419 3148 4484 adeptus
3196 4424 3318 4470 est:
3351 4424 3406 4469 et
3433 4414 3566 4468 licet
3617 4429 3822 4469 summa

562 4524 967 4588 accurentium;
1001 4524 1074 4577 ita
1093 4533 1150 4578 ut
1173 4539 1296 4579 cum
1324 4527 1548 4580 horrore
1569 4526 1803 4595 quodam
1829 4526 1895 4579 ad
1921 4525 1968 4579 b;
1986 4535 2137 4580 atum

565 4613 874 4666 lletnaclum
908 4613 980 4666 illi
1019 4615 1168 4684 cperi
1205 4615 1538 4668 insistentem
1571 4614 1943 4684 confugerent,
1975 4615 2138 4684 quid-

559 4719 668 4774 que
715 4705 812 4758 sibi
862 4705 1145 4760 adversum
1191 4719 1284 4758 eas
1333 4703 1529 4760 diaboli
1577 4707 1856 4760 machinas
1899 4704 2137 4774 praesidii

560 4797 878 4866 capiendum
903 4809 1046 4851 esset
1080 4797 1434 4867 inquirerent.
1467 4796 1612 4863 Quos
1643 4797 1731 4851 ille
1757 4797 1985 4865 benigne
2007 4811 2139 4850 con-

561 4888 605 4940 si
632 4891 808 4940 levans
829 4898 882 4941 et
907 4889 1231 4942 confirmans
1257 4907 1269 4942 :
1301 4906 1319 4940 ι
1349 4889 1565 4945 Credite
1588 4889 1784 4956 inquit.
1811 4889 1862 4940 in
1891 4889 2136 4955 Domino,

564 4977 735 5041 filioli,
773 4978 1040 5032 fideliter:
1073 4979 1192 5048 ejus
1225 4981 1476 5033 mandata
1502 4979 1789 5036 sectamini
1817 4979 2139 5036 inviolabili-

563 5078 647 5120 ter
679 5086 691 5122 :
735 5080 964 5122 utentem
997 5085 1023 5120 ,ι
1053 5071 1486 5140 cogitationibus,
1526 5085 1645 5142 quac
1672 5080 1794 5127 sunt
1835 5073 1951 5125 sine
1982 5069 2140 5124 intel-

2242 4521 2364 4560 cum
2418 4504 2746 4570 difficultate,
2794 4506 3102 4576 impetravit
3153 4513 3329 4559 tamen
3360 4505 3580 4559 tandem
3618 4520 3650 4558 a
3686 4517 3824 4574 rege1

2239 4609 2298 4651 ut
2327 4599 2463 4651 alius
2491 4598 2592 4667 ipsi
2617 4613 2901 4652 successor
2921 4598 3161 4661 daretur,
3195 4596 3309 4666 ipse
3341 4611 3470 4651 vero
3495 4597 3588 4650 diu
3625 4598 3825 4668 expeti-

2243 4695 2349 4739 tam
2403 4696 2586 4754 posset
2645 4701 2886 4739 eretnttm
2939 4685 3107 4747 adire.
3163 4688 3252 4740 ubi
3312 4697 3558 4740 remotus
3609 4702 3642 4739 a
3686 4686 3823 4740 curis

2241 4775 2626 4838 szecularihus,
2692 4775 2914 4829 liberius
2968 4775 3128 4830 rebus
3189 4776 3385 4830 divinis
3431 4786 3488 4830 et
3521 4776 3827 4830 caelestibus

2241 4865 2496 4922 initiaret.
2517 4863 2806 4934 PrOposuit
2839 4865 2948 4935 regi
2996 4873 3051 4919 et
3077 4865 3428 4934 optimatibus
3463 4865 3523 4920 S.
3554 4865 3825 4920 Theodar-

2240 4960 2386 5015 dum.
2410 4957 2564 5026 cujus
2604 4965 2723 5010 erat
2773 4957 2883 5010 vita
2919 4959 3166 5025 probata,
3223 4956 3505 5026 oravitque
3531 4968 3590 5010 ut
3641 4959 3688 5012 is
3710 4970 3826 5012 suas

2239 5051 2480 5121 expleret
2531 5052 2700 5115 vices,
2741 5060 2798 5104 et
2851 5051 2951 5106 sibi
2994 5052 3380 5122 subrogaretur
3411 5053 3668 5106 antistes.
3699 5051 3825 5106 Tum
