4042 5300
226 118 359 175 ιιδι

1399 116 1560 172 VlTA
1617 119 1674 174 S.
1726 121 2042 177 l'iEllAClJ.

3356 131 3495 188 liii!

233 235 326 306 qui
367 243 515 288 tanto
547 239 762 302 pastore
791 228 1168 286 destituimur?
1195 227 1348 284 Unde
1379 229 1533 286 nobis
1577 239 1827 301 suppetet
1855 241 1902 296 Α
1931 232 2214 297 conferas,
2247 231 2390 288 nulla
2424 244 2476 290 te
2507 243 2692 290 nostra
2716 237 3020 307 persecutio
3039 240 3328 310 compclfit.
3365 244 3516 312 Quod

219 325 525 382 cansolatio
571 324 661 378 illo
715 323 937 386 amisso,
995 323 1084 392 qui
1136 323 1478 376 miseriarum
1513 332 1822 376 nostrarum

225 418 331 470 fuit
378 415 711 484 praecipuum
767 413 1167 467 levamentum?
1224 413 1356 478 Quis
1440 429 1602 482 porro
1670 413 1825 469 nobis

221 505 562 568 rnedebitur,
628 503 846 573 quando
898 502 986 555 ille
1032 518 1130 556 nos
1187 503 1420 568 deserit,
1467 504 1558 572 qui
1619 501 1824 558 nostris

223 597 508 652 doloribus
554 595 824 666 praecipue
882 594 1033 647 novit
1075 594 1253 650 facere
1303 596 1660 650 medicinam?
1707 610 1826 665 qum

225 689 599 744 nobis-salutis
628 704 751 759 spes
775 687 982 758 reliqua
1017 697 1120 753 est,
1159 685 1290 742 tanti
1324 689 1494 757 patris
1536 689 1823 758 praesentia

227 781 529 836 caritnris?

301 870 417 926 XV.
464 873 666 926 Eorum
692 886 820 926 vero
851 868 1105 941 lacrymis
1141 877 1195 924 et
1222 870 1578 940 querimoniis
1606 886 1825 940 permo-

223 975 314 1019 tus
340 966 421 1018 vir
442 966 558 1030 Dei,
589 966 671 1019 bis
698 965 810 1018 fere
835 967 1016 1020 verbis
1043 979 1140 1019 eos
1166 963 1551 1018 consolabatur
1582 981 1594 1016 :
1628 962 1822 1025 Nolite,

218 1076 432 1129 qumso,
465 1060 636 1125 ﬁlioli,
661 1059 825 1112 animi
859 1061 960 1114 mei
993 1058 1330 1130 propositum
1356 1057 1554 1111 vestris
1575 1057 1826 1110 lamentis

221 1153 530 1204 retardare.
563 1150 781 1203 Habetis
813 1149 978 1202 Deum
1005 1160 1283 1219 pasmrem
1314 1156 1368 1201 et
1419 1156 1630 1216 patrem
1683 1146 1826 1200 intra

222 1256 347 1302 vos,
374 1240 466 1308 qui
492 1239 878 1308 benignissime
903 1238 1274 1292 consolabitur
1297 1253 1389 1292 vos
1414 1238 1464 1290 in
1497 1240 1655 1291 rebus
1676 1237 1828 1290 duris

222 1339 279 1384 et
307 1330 567 1384 adversis.
605 1329 681 1382 Ne
703 1330 831 1397 quid
855 1339 1032 1382 autem
1061 1329 1224 1381 etiam
1253 1328 1592 1381 extrinsecus
1616 1327 1829 1380 deside-

227 1422 385 1484 retis,
410 1421 744 1490 providimus
781 1423 933 1475 vobis
960 1420 1127 1474 filium
1155 1429 1396 1474 nostrum
1423 1419 1825 1482 Thcodardnm,

222 1511 283 1566 in
343 1511 595 1565 oumibus
652 1511 976 1580 probatum.
1037 1511 1129 1579 qui
1207 1510 1620 1579 diligentissime
1668 1509 1825 1562 saluti

1927 325 1969 377 si
2005 339 2131 378 vero
2161 325 2420 382 Dominus
2462 329 2725 398 permittit
2774 329 2993 402 fugere,
3026 333 3151 386 dum
3185 337 3340 390 saevit
3395 355 3520 409 per-

1927 424 2146 469 secutor
2205 426 2355 472 certe
2433 417 2810 487 infirmorum,
2875 437 2975 477 nec
3042 425 3175 493 satis
3241 426 3516 496 perfecto-

1928 521 2078 558 rum-
2117 515 2201 560 est
2267 522 2329 561 ea
2399 510 2730 578 consolatio,
2792 513 2945 568 multi
3009 516 3189 571 sancti
3248 518 3521 587 pat’cnter

1928 595 2228 650 tolerarunt
2273 597 2537 653 malorum
2583 601 3006 672 improbitatem.
3041 615 3096 660 et
3126 623 3223 662 sua
3255 609 3515 663 patientia

1927 686 2048 741 illos
2114 699 2392 742 curarunt.
2449 689 2728 748 Postremo
2784 704 2892 749 tum
2925 696 3188 766 fugiendi,
3224 717 3328 753 non
3361 718 3518 770 mque

1927 779 2109 834 animo
2163 779 2370 836 ferendi
2402 792 2528 837 sunt
2561 786 2686 840 mali
2713 828 2726 847 .
2758 803 2880 842 cum
2930 791 3060 844 nulli
3105 793 3300 847 adsunt
3359 793 3517 859 boni,

1927 872 2124 942 quibus
2153 872 2412 942 prodesse
2454 889 2641 944 queas.
2687 877 2790 932 Seil
2823 878 2947 934 heu!
2985 897 3214 938 miseros
3245 900 3345 938 nos
3401 887 3491 953 qui

1929 965 2056 1019 dum
2089 973 2176 1020 tua
2217 965 2453 1021 hominis
2507 969 2890 1037 perfectissimi
2923 974 3211 1042 pr:escn:ia
3271 975 3515 1030 destitui-

1931 1072 2073 1122 mur,
2108 1058 2161 1111 in
2183 1072 2306 1111 eam
2335 1057 2573 1112 infamia:
2605 1061 2964 1128 suspicionem
2994 1079 3270 1132 vocamur,
3321 1073 3373 1119 te
3403 1081 3511 1120 non

1929 1149 2091 1202 modo
2139 1148 2445 1202 studiorum
2505 1158 2812 1204 nostrorum
2886 1165 3173 1221 pertmsum
3218 1170 3367 1222 esse,
3427 1159 3521 1209 sed

1927 1237 2092 1292 etiam
2150 1239 2332 1307 pravis
2386 1238 2691 1295 actionibus
2746 1241 2950 1296 nostris
2979 1243 3173 1312 expelli
3207 1261 3224 1309 ;
3263 1255 3353 1298 tuo
3387 1247 3516 1300 tanti

1929 1330 2029 1384 viri
2065 1346 2280 1385 recessu
2314 1331 2456 1385 haud
2488 1332 2722 1387 obscure
2743 1333 3090 1400 significante
3133 1336 3338 1390 nullum
3371 1338 3514 1406 apul

1932 1437 2030 1475 nos
2057 1421 2257 1475 bonum
2317 1437 2621 1490 superesse.
2656 1421 2801 1477 Nihil
2833 1422 2942 1492 jam
2980 1425 3243 1494 reliquum
3271 1437 3376 1486 est.
3410 1429 3512 1483 nisi

1931 1519 1985 1563 ut
2019 1510 2418 1565 calumnientur
2446 1513 2862 1575 obtrectatores,
2887 1525 3221 1583 augurentur
3248 1515 3522 1580 maledici,

228 1613 430 1655 vesme
461 1601 781 1670 invigilabit,
807 1611 862 1656 et
894 1601 1058 1655 tritici
1090 1616 1399 1654 mensuram
1433 1601 1584 1654 vobis
1615 1614 1823 1654 summa
1859 1583 1901 1644 Β
1931 1617 2280 1657 successores
2321 1612 2440 1656 tuos
2483 1618 2592 1657 non
2638 1603 2797 1658 modo
2838 1602 3162 1672 ejiciendos,
3208 1609 3303 1661 sed
3353 1608 3518 1662 etiam

223 1692 336 1746 fi.le
363 1693 716 1762 dispensabit.
763 1691 926 1761 Cujus
965 1691 1306 1761 prudentiam
1355 1706 1478 1743 cum
1533 1689 1685 1742 vobis
1716 1704 1820 1741 non

223 1785 474 1840 dubitem
533 1785 798 1848 sufﬁcere,
828 1786 986 1854 cupio
1023 1795 1220 1854 Optata:
1254 1798 1338 1837 me
1367 1782 1498 1835 dare
1529 1781 1825 1836 solitudinis

222 1885 286 1930 et
318 1877 370 1930 in
397 1877 686 1946 praesentia
711 1877 850 1929 illius
880 1875 1177 1941 alajestatis
1198 1875 1377 1930 omnia
1411 1873 1830 1941 contemplantis

224 1966 480 2022 habitare
537 1983 772 2022 mecum.
819 1969 899 2021 Ad
949 1968 1062 2021 haec
1115 1969 1531 2036 responderunt,
1571 1966 1660 2036 qui
1693 1967 1832 2020 inter

225 2074 324 2112 eos
350 2068 511 2113 erant
561 2059 939 2127 prudentiores
984 2074 999 2111 :
1053 2055 1184 2111 Vide
1212 2058 1374 2110 etiam
1427 2066 1589 2125 atque
1641 2056 1826 2118 etiam,

225 2150 548 2204 beatissime
581 2149 920 2217 I’ater,.quid
950 2164 1107 2218 agas;
1161 2148 1381 2202 attende
1418 2163 1523 2217 qua
1559 2162 1657 2200 nos
1681 2147 1832 2216 igno-

226 2239 402 2294 minia
463 2239 706 2292 afficias?
773 2238 1001 2306 Gregcm
1063 2251 1224 2306 quem
1284 2237 1450 2291 semel
1501 2238 1830 2305 pascendum

225 2342 574 2398 susceperas,
628 2338 686 2382 ut
728 2329 929 2382 habent
980 2338 1290 2381 sanctorum
1333 2326 1550 2379 Patrum
1605 2334 1829 2387 statuta.

228 2418 340 2473 nisi
367 2417 683 2472 infirmitate
706 2425 954 2487 cogente,
983 2426 1038 2471 et
1069 2419 1170 2470 nisi
1217 2426 1409 2485 sponte
1443 2428 1530 2468 tua
1559 2416 1610 2468 id
1638 2415 1828 2482 facias,

229 2510 309 2564 rel
339 2525 543 2578 nquere
577 2511 671 2565 tibi
701 2525 806 2563 non
859 2509 1000 2562 licet.
1031 2509 1161 2561 Nam
1206 2509 1333 2562 dum
1366 2507 1651 2576 cpiscopus
1678 2509 1826 2566 vivit.

223 2618 397 2674 quem
445 2604 512 2658 ab
563 2602 738 2657 oflicio
778 2619 877 2656 suo
934 2601 1260 2655 valetudinis
1319 2600 1682 2663 imbecillitas,
1728 2612 1833 2652 non

221 2698 464 2760 crimen,
493 2704 734 2759 revocat,
769 2694 935 2748 alium
961 2695 1032 2747 illi
1058 2693 1369 2762 subrogari,
1402 2692 1505 2746 nisi
1547 2696 1660 2761 ipse
1682 2693 1834 2761 prius

228 2797 476 2850 recuset,
523 2795 578 2840 et
625 2788 943 2856 petitionem
1000 2786 1203 2856 scripto
1251 2785 1468 2856 probet,
1499 2783 1645 2838 nulla
1691 2784 1835 2840 ετοϋο

222 2879 520 2949 permittit.
564 2879 736 2933 Etiam
767 2887 946 2934 mente
969 2889 1149 2948 capto,
1181 2878 1227 2932 si
1267 2876 1531 2948 aegritudo
1557 2887 1712 2930 suam
1743 2874 1835 2928 ha-

229 2973 364 3028 beat
393 2988 488 3042 per
517 2973 859 3032 intervalliuu
911 2973 1306 3039 remissionem,
1345 2988 1466 3030 .non
1495 2972 1656 3031 debet
1691 2970 1829 3026 alius

229 3066 516 3131 substitui,
548 3067 649 3122 nisi
708 3068 821 3136 ipse
878 3077 1102 3120 annuat.
1156 3066 1308 3132 Quod
1358 3067 1402 3120 si
1449 3081 1722 3135 nunquam
1768 3064 1830 3119 fit

224 3160 438 3214 mentis
492 3174 734 3228 compos,
785 3173 1012 3227 persona
1063 3157 1234 3211 fidelis
1292 3171 1358 3210 ac
1411 3158 1650 3225 probata:
1705 3155 1828 3211 vitae

227 3249 485 3320 eligenda
507 3260 612 3313 est,
641 3265 762 3318 qua:
783 3248 1001 3302 dumille
1026 3249 1108 3302 vix
1136 3250 1240 3303 erit
1265 3264 1410 3300 vices
1433 3262 1550 3314 ejus
1585 3247 1827 3316 impleat,

227 3350 289 3394 et
323 3338 580 3393 defuncto
627 3341 838 3392 tandem
892 3341 1164 3394 succedat.
1227 3339 1375 3393 Ilauc
1429 3339 1650 3392 Patrum
1688 3340 1828 3392 viazn

220 3433 280 3488 si
312 3431 436 3500 quis
468 3440 652 3484 tenere
674 3430 828 3494 nolit,
856 3431 899 3483 is
926 3440 978 3483 et
1006 3445 1230 3483 uxorem
1263 3430 1542 3483 dimissam
1568 3426 1831 3482 mmchari

227 3523 389 3583 facit,
417 3531 473 3576 et
497 3521 545 3575 ei
571 3521 662 3590 qui
691 3522 769 3574 sic
793 3521 1066 3574 ditttissa'n
1092 3521 1326 3586 duxerit,
1363 3518 1616 3573 adulterii
1649 3527 1831 3572 notam

229 3614 441 3667 inurei.
485 3611 598 3666 llac
634 3613 800 3682 igitur
836 3612 1046 3666 ratione
1093 3610 1238 3674 vide,
1277 3611 1438 3666 Pater
1468 3609 1830 3674 sanctissime,

227 3710 504 3773 quantum
547 3711 807 3772 gravetur
849 3700 1116 3770 judicium
1163 3710 1338 3762 tuum,
1388 3700 1586 3767 quidve
1647 3705 1833 3751 nostra

233 3795 384 3847 fama
436 3792 676 3861 accipiat
729 3792 1059 3846 detrimenti.
1101 3793 1323 3845 (lriinen
1376 3789 1470 3844 tibi
1517 3788 1720 3842 nullum
1752 3787 1836 3841 in-

234 3884 508 3949 tenditur,
531 3884 600 3938 ob
629 3885 772 3952 quod
796 3884 840 3937 si
863 3883 1146 3937 convictus
1170 3883 1246 3937 sis
1287 3880 1598 3951 deponaris.
1620 3877 1836 3934 Morbus

238 3987 295 4031 te
349 3990 455 4029 non
513 3973 754 4044 premit,
796 3975 952 4043 cujus
998 3989 1162 4028 causa
1233 3983 1489 4042 tanquam
1548 3969 1836 4040 repudium

229 4067 509 4125 exhibens
537 4083 568 4122 a
607 4077 698 4122 tuo
746 4067 1049 4122 ministerio
1080 4068 1448 4137 suspemlaris.
1501 4067 1684 4135 Itaque
1705 4066 1829 4135 peti-

237 4163 450 4216 tionem
481 4169 646 4226 tuam,
677 4173 782 4228 qua
822 4161 977 4238 cupis
1007 4158 1101 4213 tibi
1144 4158 1474 4214 fonctioncm
1519 4156 1659 4210 hanc
1681 4157 1840 4210 abro-

1934 1702 2107 1746 morte
2138 1690 2448 1746 afficiendos
2468 1693 2716 1763 ,quando
2744 1701 2800 1748 et
2831 1702 2884 1748 tu
2919 1703 2968 1748 te
2998 1707 3026 1748 a
3058 1695 3215 1752 nobis
3243 1696 3522 1762 subducis,

1932 1793 1986 1837 et
2015 1783 2206 1837 beatus
2235 1784 2534 1849 Amandus,
2569 1784 2822 1840 decessor
2853 1793 2997 1850 tuus,
3012 1786 3289 1853 pulverem
3324 1788 3522 1858 pedum

1934 1872 1988 1926 iu
2045 1888 2142 1927 nos
2183 1875 2486 1936 excutiens,
2531 1888 2559 1926 a
2602 1874 2759 1928 nobis
2818 1875 3064 1930 recessit.
3129 1876 3322 1931 Verum
3380 1877 3523 1932 Deus

1929 1965 2295 2036 omnipotens,
2330 1965 2505 2020 facilis
2545 1966 2611 2020 ad
2647 1966 3058 2036 ignoscendum,
3116 1984 3239 2023 cum
3271 1969 3521 2041 objurga-

1929 2054 2008 2107 vi:
2039 2055 2381 2124 prophetam,
2438 2055 2509 2110 ob
2538 2055 2794 2110 hederam
2819 2055 2998 2111 subito
3015 2067 3347 2114 arescentem
3381 2060 3526 2116 male

1932 2153 2246 2199 contentum
2280 2145 2456 2215 (Jama
2477 2146 2576 2218 iv),
2604 2146 2737 2201 satis
2755 2147 3123 2204 declaravitse
3153 2149 3308 2222 longe
3323 2151 3524 2222 aegrius

1933 2238 2169 2293 laturum
2221 2241 2264 2294 si
2316 2251 2504 2310 pereat
2572 2252 2832 2295 creatura
2872 2243 3062 2312 ipsius,
3133 2260 3298 2315 seque
3364 2245 3527 2302 malle

1935 2333 2310 2402 pmnifenliam
2346 2333 2608 2389 malorum
2639 2349 2797 2403 quam
2829 2345 3057 2389 mortem
3087 2334 3300 2406 (Ezecli.
3347 2338 3524 2410 ιινιιι).

2007 2420 2163 2475 XVII.
2207 2422 2300 2475 llis
2373 2423 2553 2476 verbis
2633 2434 2939 2476 commotus
2994 2425 3080 2478 vir
3138 2426 3229 2479 Dei
3264 2465 3280 2490 .
3329 2427 3525 2484 tacitus

1936 2515 2076 2581 apml
2109 2528 2165 2566 se
2196 2512 2443 2581 cogitans
2499 2513 2833 2583 aliquandiu,
2870 2513 3084 2568 tandem
3117 2516 3168 2569 in
3202 2515 3314 2570 haec
3346 2519 3512 2572 verba

1935 2606 2184 2674 prorupit
2214 2595 2465 2668 :Nolite,
2502 2604 2700 2658 fratres
2756 2605 2884 2667 mei,
2921 2606 2968 2658 id
3027 2622 3196 2675 genus
3228 2608 3407 2662 verbis
3438 2625 3527 2663 me

1932 2697 2318 2767 perstringere.
2337 2693 2597 2763 Equidem
2615 2712 2718 2748 non
2739 2695 2962 2748 moleste
2979 2695 3091 2749 fero
3123 2697 3405 2766 deplorare
3422 2714 3515 2754 vos

1936 2789 2076 2858 apud
2091 2804 2174 2841 me
2199 2786 2476 2854 dispendia
2496 2794 2697 2851 vestra;
2719 2788 2810 2840 sed
2829 2786 2975 2841 ferre
3004 2804 3108 2842 non
3124 2789 3524 2858 possuntquod,

1938 2889 2198 2950 tanquam
2225 2879 2417 2947 injuria
2450 2877 2660 2943 affecti,
2696 2895 2907 2935 mecum
2937 2881 3286 2950 expostulare
3335 2881 3519 2935 vultis.

1938 2969 2054 3025 Non
2072 2985 2170 3040 ego
2198 2985 2290 3024 vos
2316 2969 2649 3024 adulterinos
2667 2969 2854 3024 haberi
2873 2971 3090 3036 volo,et
3117 2972 3260 3042 quod
3275 2987 3336 3027 ea
3359 2987 3524 3026 causa

1931 3067 2271 3124 discesserim
2294 3082 2323 3120 a
2348 3063 2532 3120 vobis:
2566 3077 2666 3120 nec
2695 3073 2803 3121 tam
2835 3065 2975 3120 male
3000 3066 3174 3120 sentio
3201 3064 3268 3120 de
3291 3064 3445 3119 vobis
3472 3073 3531 3118 ut.

1929 3158 2234 3216 existimem
2253 3171 2336 3210 me
2352 3156 2552 3210 nullum
2569 3156 2802 3212 fructum
2820 3170 2977 3227 posse
2990 3157 3132 3226 apud
3151 3172 3245 3211 vos
3259 3155 3507 3224 proferre

1931 3260 2095 3320 atque
2152 3248 2356 3302 idcirco
2388 3248 2493 3301 alio
2526 3263 2610 3302 me
2650 3247 2974 3301 transferam
2997 3288 3012 3310 ,
3047 3247 3134 3301 ubi
3163 3244 3376 3302 fructus
3409 3264 3528 3301 uia-

1926 3337 2013 3408 jor
2043 3355 2164 3410 spes
2196 3336 2465 3408 affulgeat.
2499 3337 2605 3392 Sed
2639 3354 2812 3407 neque
2829 3338 2958 3391 mihi
2993 3338 3048 3391 id
3082 3338 3287 3404 tribuo;
3317 3338 3532 3408 perfec-

1937 3437 2047 3481 tum
2079 3443 2165 3481 me
2195 3440 2318 3481 esse
2351 3434 2567 3480 tantum
2601 3425 2775 3488 abest,
2807 3435 2866 3480 ut
2891 3425 3324 3497 perfectissimus
3355 3427 3526 3481 videri

1933 3519 2116 3573 velini.
2157 3516 2269 3572 Nec
2317 3532 2438 3570 meo
2467 3515 2676 3585 judicio
2707 3518 3072 3586 perfectorem
3129 3525 3232 3581 est,
3266 3535 3294 3569 a
3327 3519 3523 3586 coeptis

1938 3626 2042 3664 non
2069 3610 2362 3670 discedere,
2392 3619 2448 3664 et
2477 3625 2536 3665 se
2561 3612 2854 3665 extendere
2876 3611 2928 3664 in
2952 3611 3257 3674 anteriora;
3294 3623 3527 3668 actuosa:

1936 3706 2061 3758 vitae
2112 3719 2235 3761 cum
2288 3703 2500 3757 Martha
2549 3702 2847 3765 insistere,
2913 3703 2978 3755 ad
3047 3703 3528 3773 contemplatiram

1937 3812 2068 3852 vero
2098 3813 2222 3851 cum
2255 3797 2424 3850 Maria
2461 3795 2735 3850 ferventer
2796 3809 2902 3847 non
2951 3792 3197 3862 aspirare
3227 3808 3244 3856 ;
3302 3801 3361 3846 et
3390 3792 3436 3846 si
3469 3809 3528 3846 se

1937 3885 2131 3941 offerat
2176 3886 2421 3949 occasio,
2481 3895 2720 3939 actuosa:
2770 3884 2896 3938 vita:
2951 3882 3132 3951 potius
3185 3884 3530 3947 rimantiare,

1940 3993 2102 4047 quam
2145 3977 2586 4048 contemplationi
2628 3991 2733 4030 non
2773 3975 3124 4043 cupidissime
3181 3974 3522 4029 incumbere.

1943 4069 2169 4124 Domino
2200 4083 2286 4122 me
2315 4068 2605 4136 adjuvante
2635 4082 2730 4121 vos
2760 4066 2888 4120 milii
2920 4065 3264 4126 commissos.
3287 4073 3346 4118 ut
3373 4066 3521 4136 potui

1942 4160 2254 4230 gubernavi,
2313 4169 2372 4213 ut
2402 4159 2556 4214 labor
2600 4172 2754 4212 meus
2812 4157 2964 4211 vobis
2995 4155 3307 4210 fructuosus
3361 4165 3530 4222 esset,

235 4251 362 4321 gari
389 4289 405 4314 ,
459 4250 588 4305 licet
639 4251 840 4320 scripto
899 4250 1192 4304 confirmes
1223 4290 1236 4312 ,
1289 4249 1562 4319 rejicimus
1593 4265 1608 4304 :
1650 4247 1836 4310 aliam,
1873 4265 1918 4324 ο
1946 4267 2135 4322 magna
2171 4252 2426 4305 instantia
2457 4249 2669 4319 rogavi.
2704 4247 2813 4302 Nec
2844 4263 2930 4303 me
2964 4247 3126 4302 taedio
3155 4244 3394 4301 afﬁciunt
3424 4258 3533 4302 stu-

233 4339 338 4409 (ιιιὶ
357 4350 510 4409 tuasg
522 4347 642 4393 erat
665 4340 832 4404 vices.
860 4353 1082 4409 prorsus
1107 4355 1212 4393 non
1237 4339 1602 4402 admittimus;
1626 4347 1835 4392 tantum

239 4431 404 4485 abest
456 4439 512 4483 ut
560 4430 726 4484 alium
780 4430 874 4483 tibi
920 4430 1120 4484 viventi
1175 4429 1468 4483 succedere
1524 4429 1832 4497 patiamur:

235 4524 429 4589 Pater,
482 4533 534 4577 tu
586 4525 740 4578 nobis
785 4523 942 4576 datus
969 4537 1028 4576 es
1064 4521 1298 4593 legitima
1331 4519 1700 4584 successione;
1740 4534 1839 4574 nos

241 4633 359 4670 non
382 4617 667 4670 adulter-ini
701 4619 794 4671 sed
825 4615 1052 4684 legitimi
1084 4616 1250 4669 filiiet
1276 4613 1381 4668 dici
1408 4622 1466 4666 et
1494 4627 1614 4668 esse
1643 4628 1840 4682 percu-

239 4705 448 4776 pimus.
1547 4754 1558 4764 ,

325 4795 452 4853 XVI.
510 4795 807 4851 Advertisti
838 4794 952 4864 jam
998 4795 1084 4850 ubi
1140 4804 1510 4867 prtegravetur
1566 4793 1833 4864 judicium

244 4900 398 4945 tuum
433 4908 444 4944 :
477 4890 686 4959 accipe,
719 4901 1051 4958 qumsumus,
1087 4891 1229 4945 unde
1259 4889 1662 4943 existimatione
1718 4900 1842 4941 nos-

248 4992 346 5037 tra:
373 4983 686 5054 ignominiaa
744 4988 872 5036 nota
910 4979 1179 5036 inuratur.
1243 4980 1314 5036 Ut
1345 4996 1444 5035 nos
1501 4991 1650 5038 recte
1678 4991 1840 5048 atque

245 5075 430 5131 ordine
459 5081 704 5135 deseras.
733 5073 893 5126 nulla:
929 5071 1020 5124 tibi
1053 5086 1231 5130 causa:
1261 5082 1570 5143 suppetunt.
1602 5073 1841 5128 Primum

249 5169 386 5236 quod
416 5169 638 5222 minime
695 5177 881 5218 sumus
913 5161 1236 5228 adulter-ini,
1275 5173 1333 5218 ut
1358 5163 1482 5231 jure
1524 5181 1623 5221 nos
1681 5164 1840 5218 relin-

249 5273 392 5300 mtae.
431 5259 482 5300 In
514 5254 796 5300 nullmlinm
810 5252 1226 5300 Malt'ism'nmin
1252 5273 1278 5300 ιι
1307 5266 1358 5300 In
1372 5273 1558 5300 annc
1590 5258 1834 5300 arcentis

1936 4337 2028 4394 dia
2065 4351 2261 4404 vestra,
2295 4357 2395 4395 nec
2443 4339 2670 4394 offendit
2721 4340 2985 4408 pravitas,
3045 4353 3166 4406 qum
3220 4337 3369 4391 nulla
3425 4348 3530 4404 est,

1941 4433 2214 4487 actionum
2269 4445 2601 4488 vestrarum.
2663 4432 2775 4487 lloe
2805 4449 2970 4486 unum
3007 4431 3278 4500 superest,
3335 4441 3396 4483 ut
3456 4441 3536 4483 ta-

1943 4525 2147 4578 lentum
2179 4526 2326 4594 quod
2359 4528 2412 4580 in
2443 4528 2600 4579 vobis
2631 4525 2843 4593 gaudeo
2876 4521 3235 4579 cumulatum,
3271 4520 3378 4572 alio
3410 4536 3542 4572 cnu’

1939 4615 2114 4671 feram
2163 4617 2338 4686 magis
2397 4617 2680 4686 magisque
2754 4614 3180 4673 cumulandum,
3242 4622 3300 4660 ut
3360 4622 3543 4662 vestra

1943 4707 2276 4764 abundantia
2337 4707 2552 4762 illorum
2609 4705 2846 4776 inopiam
2912 4701 3185 4772 suppleat.
3269 4697 3552 4754 Fecerunt

1942 4801 2047 4856 hoc
2113 4806 2238 4852 ante
2305 4814 2402 4854 nos
2465 4797 2631 4852 etiam
2691 4794 2866 4850 sancti
2952 4789 3204 4850 homines
3237 4824 3252 4848 ,
3311 4799 3555 4854 quorum

1944 4892 2152 4947 utinam
2217 4902 2322 4946 nos
2379 4889 2464 4944 vel
2521 4897 2766 4944 extrema
2837 4885 3040 4939 merita
3117 4887 3341 4942 mouere
3404 4874 3575 4946 possi-

1948 5000 2113 5040 mus:
2159 4994 2190 5033 e
2233 4984 2436 5047 quibus
2469 4979 2718 5050 plerique
2781 4972 3009 5041 majoris
3087 4962 3351 5019 utilitatis
3417 4975 3584 5024 causa

1948 5080 2015 5133 ad
2041 5076 2185 5131 alias
2213 5069 2497 5129 Ecclesias
2521 5084 2578 5123 se
2598 5065 2884 5125 transferri
2918 5060 3072 5136 passi
3108 5061 3271 5116 sunt;
3323 5052 3592 5112 nonnulli

1949 5184 2042 5240 Spe
2098 5164 2377 5220 uberioris
2430 5161 2608 5218 meriti
2671 5162 2815 5216 ultro
2873 5152 3353 5221 commigraﬂmt-
3394 5149 3597 5206 X‘OS‘J‘J

1951 5278 2080 5300 wsm
2140 5256 2182 5300 si
2215 5270 2275 5300 se
2315 5257 2585 5300 soniirnnl
2615 5255 2696 5300 vel
2729 5266 2926 5300 narum
2974 5243 3270 5300 nroﬁcel'ei
3305 5241 3414 5294 vel
3455 5254 3605 5298 εωιιι
