4042 5300
546 328 685 391 1105

1503 324 1803 384 NOTGERI
1835 325 2237 385 LEODIENSIS
2277 322 2587 384 EPIS'IOi‘l

3686 328 3823 387 “61

539 415 668 498 stra‘
702 438 875 496 teneri
906 436 1132 507 nollent,
1163 437 1255 496 sed
1281 437 1334 495 in
1349 448 1596 512 apertum
1625 440 1939 496 certaminis
1968 454 2120 496 cam-
2150 446 2199 506 Α
2227 440 2322 495 sed
2351 439 2467 505 ejus
2498 441 2765 497 iubmrere
2795 450 3142 515 magisterio.
3176 456 3341 512 quam
3366 442 3592 498 domum
3624 428 3847 510 rediri,

544 547 672 603 pum
709 530 852 588 ultro
899 530 1239 603 prosilirent;
1274 548 1379 588 non
1410 532 1720 588 desertores
1749 548 1939 605 pugnze
1968 533 2127 604 spiri-

544 622 668 677 talis
700 618 900 685 etl‘ecti,
932 636 1032 677 nec
1063 621 1236 675 instar
1265 623 1726 678 mercennariorum
1755 623 1824 677 ad
1876 624 2127 692 luporum

540 712 1230 786 conspectum'fngientes,
1273 715 1369 769 sed
1399 715 1614 770 fortiter
1645 714 1988 784 congressuri
2019 730 2034 780 ;
2062 728 2128 769 co

542 815 734 875 sponte
765 820 824 859 se
854 804 1188 874 ingerentes,
1220 805 1309 859 ubi
1340 815 1434 858 aut
1475 805 1655 860 rarior
1690 813 1837 859 esset
1865 804 2129 858 adversus

543 901 727 954 hostes
764 898 1089 953 certantium
1134 912 1414 959 numerus.
1459 906 1552 951 aut
1584 897 1687 966 ipsi
1734 897 1919 952 hostes
1948 896 2128 950 acrius

542 1002 598 1046 et
631 991 856 1062 propius
887 990 1251 1043 imminerent.
1286 986 1397 1043 Nec
1447 996 1628 1042 tamen
1676 1001 1797 1058 ego,
1825 985 1995 1050 filioli,
2029 987 2125 1040 ho-

548 1099 665 1137 rum
697 1081 829 1137 mihi
860 1082 1111 1135 virtutem
1141 1096 1360 1151 arrogo,
1394 1095 1501 1135 non
1533 1093 1645 1135 .me
1675 1079 1890 1132 illorum
1921 1076 2130 1132 meritis

547 1188 733 1243 parem
765 1182 970 1227 temere
1012 1185 1217 1226 assero.
1266 1171 1420 1239 Quod
1451 1170 1497 1226 si
1520 1185 1651 1225 vero
1677 1169 2010 1225 successoris
2033 1182 2125 1222 no-

547 1280 671 1320 men
717 1265 861 1321 ferre
890 1282 995 1320 non
1027 1264 1275 1333 potestis,
1308 1264 1375 1318 sit
1414 1278 1545 1318 sane
1583 1269 1904 1333 cooperator
1949 1274 2126 1314 meus.

537 1352 736 1429 Neque
766 1375 852 1414 me
880 1358 1080 1429 putetis
1095 1356 1175 1430 [ει]
1192 1356 1339 1411 vobis
1355 1356 1631 1411 absentem
1653 1355 1791 1413 fore.
1809 1354 1924 1423 qui,
1942 1359 2131 1407 tamet-

546 1449 593 1505 si
626 1449 693 1504 ad
714 1450 851 1504 alios
894 1448 1608 1516 instituendosproficiscor,
1643 1460 1748 1499 non
1777 1454 1955 1499 tamen
1973 1452 2126 1498 extra

547 1543 690 1598 ltanc
719 1542 998 1598 dimcesim
1042 1554 1366 1595 exressurus
1405 1555 1545 1593 sum.
1580 1537 1694 1591 Non
1728 1537 1884 1607 longe
1915 1553 1944 1590 a
1975 1537 2130 1590 vobis

550 1635 716 1689 abero
747 1650 761 1688 :
795 1633 838 1688 si
870 1633 994 1703 quis
1024 1647 1186 1687 casus
1213 1631 1476 1696 evenerit,
1511 1629 1693 1683 licebit
1720 1627 1933 1682 consilii
1965 1640 2128 1681 causa

541 1724 618 1779 ad
651 1739 737 1779 me
765 1726 1056 1788 accedere;
1112 1722 1202 1776 ubi
1233 1730 1287 1777 et
1325 1736 1423 1791 pro
1462 1720 1704 1791 peccatis
1733 1719 1928 1774 vestris
1965 1719 2129 1773 inter-

2231 530 2441 586 maluit.
2468 530 2762 602 Susceptus
2786 541 2872 589 est
2889 548 2920 587 a
2941 532 3100 588 beato
3121 532 3384 588 Remaclo
3404 532 3825 601 oﬂiciocissinw,

2231 629 2288 677 et
2317 621 2452 675 vixit
2480 621 2619 690 apud
2652 638 2774 676 emn
2806 623 2923 678 sine
2953 622 3279 687 offensione,
3314 622 3519 691 quique
3550 624 3829 680 instruet-

2232 711 2333 766 dus
2358 713 2675 766 eo‘venerat
2701 752 2715 775 ,
2746 714 3055 782 complures
3080 712 3195 767 suis
3214 712 3481 781 exemplis
3510 712 3581 767 ad
3610 713 3832 768 virtutis

2232 802 2471 857 studium
2504 802 2766 857 incitavit.
2799 805 3042 860 Cernens
3074 804 3126 860 id
3156 805 3347 860 beatus
3374 803 3683 860 Remaclus
3704 845 3721 872 ,
3744 819 3832 860 se-

2231 907 2462 960 cumque
2501 893 2750 961 cogitans
2770 900 2857 948 ‘ea
2908 909 3070 949 causa
3103 896 3327 950 missum
3356 905 3485 950 eam
3516 894 3777 950 fortassis
3798 911 3832 949 a

2229 984 2489 1046 Domino,
2526 986 2727 1056 rogavit
2761 1000 2882 1040 emn
2929 1002 2997 1041 ne
3050 987 3120 1041 ab
3180 988 3296 1057 ipso
3325 988 3685 1044 discederet:
3722 999 3833 1043 tum

2230 1084 2516 1145 propterea
2546 1080 2615 1129 ob
2646 1075 2846 1130 fratres
2878 1077 2929 1130 in
2950 1076 3234 1147 disciplina
3264 1079 3667 1143 continendos,
3703 1079 3834 1132 Mal-

2231 1165 2596 1221 mundariensi
2628 1167 2911 1231 coenobio,
2959 1167 3115 1236 cujus
3160 1170 3410 1224 monachi
3452 1169 3513 1224 ὃ.
3545 1166 3834 1223 Benedicti

2231 1257 2484 1314 instituto
2515 1259 2789 1325 vivebant.
2821 1258 2969 1315 salva
2991 1260 3048 1318 in
3080 1260 3329 1317 omnibus
3344 1263 3687 1319 auctoritate
3713 1277 3830 1326 sua,

2230 1361 2353 1401 eum
2387 1347 2645 1417 praefecit.
2696 1349 2877 1419 Atque
2924 1350 3051 1407 inde
3093 1351 3386 1408 Stabulans
3434 1365 3736 1418 reversus,
3766 1355 3831 1408 ad

2229 1437 2436 1508 majora
2471 1439 2729 1493 virtutum
2755 1454 2921 1509 opera
2958 1456 3017 1496 se
3066 1442 3334 1505 accinxit,
3385 1444 3613 1514 suisque
3643 1451 3831 1499 excin-

2229 1529 2333 1599 plis
2362 1531 2660 1599 permultos
2698 1531 2766 1586 ad
2807 1532 2888 1587 sui
2921 1532 3280 1589 imitationem
3309 1537 3601 1605 pertraxit.

2301 1620 2442 1675 XIX.
2486 1620 2618 1688 Quis
2647 1623 2786 1692 apud
2831 1623 2984 1677 illum
3011 1625 3288 1679 tristitiam
3340 1641 3445 1680 non
3496 1627 3737 1681 mutavit
3776 1626 3827 1680 in

2231 1715 2526 1784 gaudium?
2578 1714 2711 1782 Quis
2760 1717 2896 1770 iram
2953 1717 3116 1772 animi
3167 1719 3563 1787 tranquillitate
3612 1729 3675 1774 ct
3702 1734 3831 1788 pate

531 1828 851 1878 ecessorcm,
890 1824 945 1868 et
992 1813 1233 1867 omnium
1281 1826 1402 1880 quae
1437 1811 1592 1866 vobis
1639 1810 1945 1866 necessaria
1996 1809 2130 1874 sint,
2163 1798 2206 1859 Β
2235 1822 2344 1863 non
2375 1807 2621 1878 depulit?
2649 1808 2783 1875 Quis
2811 1809 3062 1865 orbitatis
3092 1808 3297 1865 luctum
3325 1811 3393 1866 ad
3419 1811 3541 1881 ejus
3600 1827 3829 1882 conspe-

538 1917 787 1974 ‘quaeque
809 1917 904 1958 vos
947 1910 1170 1974 angant,
1204 1909 1355 1956 tanto
1386 1899 1672 1956 sollicitius
1715 1913 2011 1954 memorem
2043 1901 2133 1953 ha-

534 1992 774 2058 ibebitis,
797 2001 1002 2063 quanto
1030 2007 1125 2047 ero
1152 2007 1180 2046 a
1213 1990 1360 2046 curis
1389 1989 1744 2062 popularibus
1768 1988 2050 2052 remotior,
2080 1996 2137 2043 et

541 2093 840 2158 gropterea
887 2084 955 2138 ad
1008 2084 1191 2139 divina
1245 2081 1663 2152 contemplanda
1722 2080 2027 2151 expeditior
2082 2087 2138 2134 et

552 2175 870 2233 studiosior.
903 2160 1043 2231 Olim
1093 2174 1304 2247 Moyses
1335 2175 1388 2229 in
1418 2185 1600 2228 monte
1627 2172 1826 2236 stabat,
1867 2182 1941 2237 et,
1971 2169 2137 2226 Israel

542 2283 679 2322 "-cum
713 2265 1069 2323 Amalechitis
1098 2275 1390 2337 pugnante,
1423 2280 1530 2319 non
1560 2264 1728 2318 armis
1760 2265 1854 2319 sed
1884 2263 2138 2334 precibus

543 2362 839 2437 fcertabat,
879 2359 1253 2430 eﬂiciebatque
1295 2368 1355 2414 ut
1401 2368 1554 2413 tanto
1594 2366 1741 2413 esset
1785 2357 1839 2412 in
1885 2355 2136 2413 conﬂictu

540 2450 887 2525 Q'lsraeliticus
932 2450 1161 2522 populus
1209 2450 1472 2521 superior,
1515 2459 1722 2524 quanto
1770 2449 1885 2519 ipse
1928 2448 2037 2502 Deo
2083 2450 2138 2502 in

548 2548 807 2603 oratione
845 2544 1219 2617 propinquior,
1263 2553 1318 2598 et
1358 2559 1387 2596 a
1419 2542 1646 2610 strepitu
1674 2540 2031 2612 praeliantium
2056 2553 2142 2594 re-

552 2640 778 2694 motior.
826 2639 893 2692 Et
942 2637 1095 2702 mihi,
1127 2634 1458 2697 cbarissimi,
1501 2634 1856 2688 deliberatum
1903 2640 1986 2687 est
2033 2630 2143 2686 illic

543 2717 761 2785 divina:
807 2727 1250 2798 contemplationi
1292 2724 1554 2781 attentius
1603 2724 1891 2787 inhterere,
1922 2723 2011 2777 ubi
2055 2735 2144 2778 me

542 2819 851 2894 .szeculares
891 2818 1154 2873 tumultus
1199 2816 1419 2872 minime
1462 2815 1844 2870 interturbent.
1875 2812 1959 2867 Ad
2002 2813 2142 2868 hanc

562 2926 679 2967 rem
710 2924 796 2966 me
822 2910 1018 2965 incitat
1058 2910 1251 2965 beatus
1277 2906 1514 2963 Joannes
1550 2906 1811 2976 Baptista,
1843 2906 1935 2975 qui
1977 2904 2144 2959 etiam

561 3001 617 3058 in
651 3009 839 3057 tenera
863 3009 1030 3056 astate
1058 2999 1251 3055 maluit
1280 2999 1422 3054 inter
1451 2996 1594 3053 feras
1623 2998 1841 3068 degere,
1873 3005 1929 3051 et
1951 3010 2141 3052 earum

561 3091 685 3147 cibo
703 3091 871 3152 vesci.
898 3104 1060 3161 quam
1104 3089 1244 3160 apud
1281 3103 1408 3143 suos
1455 3100 1680 3142 manere
1722 3101 1900 3152 cnves,
1940 3100 2011 3141 ne
2056 3084 2143 3140 vel

566 3140 680 3147 --η
714 3140 871 3152 .----.
903 3140 1060 3161 τη---
1106 3140 1243 3160 Ὓη
1283 3140 1403 3143 η--
1574 3140 1605 3141 η
1662 3140 1669 3141 ,
1734 3140 1743 3141 ,
1887 3140 1900 3152 ,
1998 3140 2003 3141 ,

560 3183 737 3239 otioso
773 3195 1023 3237 sermone
1063 3196 1122 3237 se
1169 3180 1588 3236 contaminaret.
1621 3177 1804 3233 Habeo
1859 3177 2024 3232 etiam
2076 3175 2145 3231 ad
2173 3140 2218 3202 Ο

563 3275 707 3329 hanc
759 3274 925 3327 vitam
969 3272 1243 3345 egregium
1286 3272 1475 3326 ducem
1510 3269 1747 3342 Moysen,
1799 3269 1885 3325 cui
1933 3278 2149 3340 optatus

565 3364 669 3418 fuit
706 3364 759 3418 in
800 3371 953 3417 vasta
999 3377 1184 3416 eremo
1234 3361 1433 3414 divinis
1483 3361 1585 3413 frui
1627 3359 1930 3429 colloquiis,
1982 3373 2148 3428 quatn

564 3455 942 3528 Egyptiorum
978 3455 1171 3525 opibus
1198 3461 1253 3507 et
1283 3453 1490 3507 deliciis
1535 3454 1807 3507 enervari.
1839 3453 1985 3507 Elias
2014 3468 2151 3523 quo-

553 3565 675 3625 que
705 3556 760 3603 et
786 3546 1003 3603 Eliseus
1033 3546 1326 3614 canorique
1353 3544 1662 3615 prephette,
1695 3544 1877 3614 studio
1907 3554 2151 3600 contem-

565 3638 824 3710 plationis
855 3638 1114 3709 insignes,
1129 3638 1294 3692 etiam
1316 3652 1468 3706 reges
1484 3636 1830 3691 domuerant.
1852 3637 2146 3706 Abraham,

563 3729 809 3787 omnium
854 3738 1008 3799 pater
1035 3728 1369 3783 credentium
1400 3727 1502 3783 fide
1530 3726 1771 3792 eﬂ'ectus,
1807 3729 1911 3782 huc
1957 3746 2042 3784 me
2073 3731 2150 3782 in-

567 3822 728 3885 vitat,
757 3818 910 3888 cujus
936 3819 1050 3888 jam
1082 3828 1243 3873 antea
1297 3827 1515 3873 secutus
1543 3819 1875 3889 exemplum,
1906 3829 2151 3875 contem-

568 3923 662 3981 pto
702 3913 870 3967 natali
916 3912 1051 3975 solo,
1113 3926 1202 3966 res
1251 3910 1643 3981 facultatesque
1705 3926 1894 3966 omnes
1955 3911 2150 3980 abieci.

571 4005 818 4074 Denique
846 4005 1018 4076 ipsius
1047 4003 1260 4059 Domini
1315 4003 1616 4059 Salvatoris
1661 4004 1911 4073 exemplo
1958 4020 2157 4074 provo-

570 4111 690 4162 cor,
707 4096 825 4166 qui,
856 4111 979 4151 cum
1004 4096 1285 4150 teterrimo
1306 4095 1462 4149 hoste
1486 4094 1856 4159 conflicturus,
1880 4094 2155 4152 solitarius

571 4188 640 4244 ad
656 4202 898 4244 eremum
928 4188 1217 4244 abscessit.
1249 4185 1415 4255 Cujus
1441 4186 1812 4241 misericordia
1826 4196 1883 4242 et
1906 4187 2155 4257 benigni-

574 4290 686 4336 tate
713 4281 921 4334 utinam
949 4279 1045 4333 liat
1075 4287 1214 4334 utet
1255 4293 1357 4348 ego
1386 4277 1495 4333 illic
1532 4279 1760 4348 improbi
1818 4279 1991 4335 ltoSIis
2016 4279 2158 4333 frau-

574 4373 669 4426 des
708 4381 1004 4440 protererc,
1035 4371 1102 4425 de
1137 4371 1244 4425 illic
1268 4371 1613 4427 instituendis
1660 4370 1809 4425 lucra
1856 4370 2155 4437 cumulare,

2236 1907 2383 1954 ctum
2430 1914 2539 1954 non
2574 1899 2858 1955 cohibuit?
2886 1902 3019 1968 Quis
3064 1918 3195 1968 non,
3226 1912 3549 1974 paupertate
3577 1920 3829 1974 pressus,

2234 1990 2354 2060 ejus
2400 1991 2743 2048 sermonibus
2794 1993 2867 2049 ita
2904 1994 3221 2050 sublevatus
3257 2006 3374 2062 est,
3430 2006 3491 2051 ut
3540 2007 3600 2053 et
3649 1999 3831 2052 divum

2236 2098 2369 2153 opes
2421 2083 2762 2154 despiceret,
2818 2093 2876 2141 et
2928 2101 3025 2140 sua
3058 2086 3239 2157 inopia
3294 2088 3619 2145 laetaretur?
3678 2091 3827 2157 Quis,

2239 2174 2485 2230 labormn
2540 2191 2707 2233 onere
2753 2186 3153 2249 praegravatus,
3202 2178 3320 2249 ejus
3373 2197 3482 2235 non
3512 2191 3603 2237 est
3632 2184 3833 2237 adhor—

2243 2265 2447 2321 tatione
2473 2268 2726 2324 erectus?
2755 2268 2889 2335 Quis
2917 2268 3254 2336 adolescens,
3288 2273 3568 2328 saevientis
3590 2272 3833 2329 libidinis

2240 2359 2363 2430 igne
2393 2376 2714 2425 succensus.
2742 2376 2860 2417 non
2901 2361 3222 2429 confestim,
3255 2362 3321 2417 ad
3348 2363 3468 2432 ejus
3498 2361 3833 2419 admonitio-

2242 2466 2365 2507 nem
2395 2452 2838 2521 saluberrimam,
2868 2454 3139 2524 pudicitia:
3169 2454 3346 2510 cultor
3374 2455 3637 2511 exstitit?
3668 2458 3833 2511 Cura-

2243 2543 2340 2598 bat
2394 2551 2619 2598 vexatos
2672 2559 2701 2599 a
2774 2545 3086 2600 daemonio:
3146 2545 3347 2600 illicitis
3404 2546 3830 2615 cogitationibus

2244 2644 2536 2692 mstuantes
2582 2637 2651 2691 ab
2704 2652 2870 2707 opere
2931 2637 3072 2693 malo
3102 2638 3449 2702 retrahebat,
3501 2638 3709 2692 docens
3737 2654 3830 2692 eos

2243 2725 2310 2781 ad
2342 2736 2552 2797 petram
2581 2728 2858 2784 Christum
2898 2728 3143 2783 allidere.
3189 2727 3426 2783 Noverat
3455 2743 3570 2798 quo
3598 2730 3831 2798 quisque

2244 2817 2518 2874 laboraret
2546 2820 2758 2885 morbo,
2793 2828 2870 2882 et,
2901 2835 2967 2875 ex
2998 2820 3615 2887 vitzemeritissingulos
3646 2821 3830 2873 existi-

2246 2924 2403 2964 mans
2424 2950 2439 2975 ,
2473 2924 2569 2980 pro
2623 2912 2833 2966 ratione
2860 2911 3175 2965 morborum
3217 2910 3509 2964 adhibebat
3540 2911 3833 2980 reprehen—

2246 3002 2448 3057 siones.
2482 3002 2689 3056 lnterea
2720 3003 3004 3082 crescebat
3033 3002 3108 3056 illi
3141 3002 3311 3056 divini
3344 3004 3550 3057 amoris
3586 3003 3828 3057 studium

2240 3103 2304 3149 ct
2335 3094 2535 3159 ardor,
2591 3095 3012 3164 monasticaeque
3066 3095 3363 3166 disciplinae
3411 3095 3562 3165 rigor
3620 3094 3831 3149 inﬂexi-

2248 3184 2392 3238 bilis.
2423 3184 2596 3251 Quam
2625 3198 2752 3238 vero
2782 3185 2833 3239 in
2862 3185 3073 3240 caeteris
3101 3186 3219 3255 ejus
3248 3186 3567 3239 monasterii
3597 3185 3827 3239 officinis

2248 3275 2431 3333 omnis
2461 3274 2625 3330 fuerit
2654 3276 2917 3342 peccandi
2947 3275 3235 3332 interdicta
3259 3275 3490 3330 facultas
3510 3316 3525 3342 ,
3561 3277 3723 3332 testis
3749 3284 3831 3331 est

2248 3367 2334 3423 vel
2387 3367 2535 3422 solus
2586 3367 2891 3422 dormitorii
2943 3367 3123 3433 locus;
3179 3368 3328 3422 testis
3380 3375 3465 3422 est
3509 3376 3567 3422 et
3609 3378 3830 3422 sanctus

2249 3456 2603 3523 Latnbcrtus,
2631 3458 2746 3526 qui,
2778 3472 2809 3512 e
2842 3472 2938 3512 sua
2980 3457 3166 3526 pulsus
3186 3458 3345 3521 sede,
3382 3473 3450 3512 eo
3490 3458 3829 3527 potissumum

2251 3547 2518 3617 confugit,
2550 3549 2693 3617 quod
2723 3562 2829 3603 non
2886 3558 3032 3602 esset
3061 3549 3276 3604 nescius
3319 3549 3428 3604 illic
3470 3550 3554 3602 vel
3603 3551 3833 3604 maxime

2252 3647 2453 3692 sanctae
2496 3639 2767 3709 religionis
2810 3639 2992 3708 vigere
3022 3640 3256 3706 cultant;
3319 3643 3476 3697 testis
3505 3659 3727 3712 quoque
3752 3652 3831 3697 est

2253 3744 2382 3784 crux
2416 3727 2623 3799 lapidea
2648 3769 2663 3794 ,
2698 3729 2763 3782 ad
2794 3746 2956 3800 quam
2975 3732 3042 3785 ob
3066 3732 3354 3800 strepitum
3373 3732 3615 3789 labentis
3643 3734 3829 3799 calcei,

2253 3837 2363 3890 quo
2393 3820 2619 3875 fratrum
2650 3821 2804 3890 quies
2832 3821 2933 3875 fuit
2961 3823 3259 3891 interrupta
3287 3864 3301 3887 ,
3353 3825 3431 3879 ire
3456 3824 3650 3893 jussus
3678 3836 3833 3879 nocte

2255 3912 2430 3967 media
2450 3952 2465 3975 ,
2526 3928 2695 3982 usque
2733 3914 2785 3966 in
2809 3911 3182 3982 crepusculum
3236 3914 3336 3967 sub
3367 3914 3460 3968 illa
3489 3915 3671 3980 stetit,
3701 3915 3836 3985 psal-

2256 4004 2556 4073 modimque
2584 4013 2639 4058 et
2669 4004 2927 4074 precibus
2957 4018 3187 4067 vacans,
3219 4014 3383 4073 atque
3403 4004 3580 4072 frigus
3603 4015 3836 4060 contem-

2256 4109 2421 4159 nens,
2452 4104 2507 4148 et
2539 4096 2690 4149 nives
2718 4094 2964 4158 calcans,
2994 4093 3303 4148 sanctitatis
3331 4109 3447 4149 suae
3465 4105 3619 4152 certa
3643 4095 3833 4149 iudicia

2255 4188 2425 4243 dedit.
2459 4186 2565 4243 Sed
2594 4188 2661 4242 de
2691 4187 2775 4243 his
2805 4186 2962 4240 alias.
3334 4228 3339 4235 .

2329 4275 2448 4333 XX.
2514 4278 2685 4336 Porro
2734 4287 2916 4333 autem
2968 4286 3250 4333 crescente
3298 4277 3565 4348 religione
3620 4293 3838 4333 crevere

2258 4372 2421 4426 etiam
2444 4370 2699 4426 Ecclesiae
2729 4369 2872 4425 illius
2901 4378 3214 4438 proventus.
3248 4369 3347 4425 Ubi
3378 4370 3528 4424 enim
3558 4385 3655 4424 rex
3691 4370 3838 4439 Sige-

564 4475 630 4531 Ict
661 4475 854 4519 vestrm
896 4464 1056 4517 saluti
1105 4463 1239 4516 meis
1276 4462 1528 4531 precibus
1558 4462 1758 4532 aliquid
1794 4462 2045 4517 utilitatis
2066 4463 2158 4517 ad-
2187 4479 2236 4539 ι)
2263 4462 2450 4519 bet-tus
2486 4477 2612 4518 eum
2657 4462 2864 4516 audivit
2887 4459 3118 4517 fratrum
3154 4445 3447 4518 fervorem
3477 4477 3610 4533 erga
3639 4460 3835 4517 Christi

570 4558 721 4615 ferre
764 4556 1003 4626 queam!
1042 4555 1116 4609 lta
1147 4555 1336 4608 beatus
1369 4553 1655 4609 Remaclus
1681 4553 1893 4609 dolores
1939 4568 2159 4609 suorum
2261 4556 2495 4620 cultum,
2550 4556 2769 4611 beatum
2822 4555 3136 4610 Remaclum
3187 4569 3463 4619 evocans,
3523 4566 3728 4624 praeter
3778 4568 3834 4607 ea

562 4650 783 4715 lenivit,
806 4657 861 4704 et
886 4649 1253 4719 querimonias
1282 4647 1510 4715 sedavit,
1536 4662 1601 4700 ac
1625 4645 1819 4701 deinde
1847 4662 1946 4699 suo
1971 4660 2159 4715 perre-
2261 4661 2382 4715 quae
2413 4646 2566 4716 prius
2598 4646 2852 4709 dederat,
2876 4653 2931 4699 et
2960 4646 3041 4699 vir
3073 4644 3470 4699 illustrisaimus
3498 4644 3834 4699 Grimoaldus

560 4742 905 4799 .sitjtinette.
2262 4737 2608 4799 obtinuerat,
2659 4734 2803 4788 unde
2833 4734 2997 4789 etiam
3028 4735 3291 4788 hactenus
3335 4733 3533 4789 fratres
3565 4736 3830 4791 vixerant.

570 4882 575 4889 .
645 4832 829 4891 Xillll.
854 4832 1143 4903 Postquam
1166 4839 1345 4884 autem
1379 4844 1442 4883 ea
1469 4842 1555 4883 res
1575 4828 1815 4882 innotuit
1859 4836 1971 4881 tum
1995 4840 2163 4897 prope
2262 4841 2331 4881 ex
2385 4839 2649 4880 consensu
2701 4823 2938 4879 ﬁdelium
2993 4838 3249 4888 suormn,
3310 4832 3418 4877 tam
3463 4825 3830 4894 episcoporum

578 4936 690 4982 tmn
750 4923 937 4996 procul
992 4922 1314 4991 degentibus
1387 4919 1653 4989 religiosis
1709 4918 1871 4978 viris.
1931 4931 2162 4987 quorum
2263 4931 2424 4984 quam
2451 4929 2733 4988 prqcerum
2763 4929 2928 4983 supra
2957 4914 3252 4972 dictorum,
3290 4914 3341 4968 in
3374 4916 3637 4969 honorem
3670 4917 3757 4969 Dei
3784 4924 3828 4966 et

578 5019 721 5072 Deus
769 5016 981 5071 animos
1026 5009 1314 5076 permovit,
1340 5018 1628 5076 cmperuut
1679 5008 1915 5074 undique
1944 5006 2011 5059 ad
2039 5020 2164 5060 eum
2265 5004 2470 5060 cultmn
2525 5014 2836 5059 sanctorum
2897 5004 3039 5059 Petri
3097 5015 3150 5060 ct
3195 5005 3345 5059 Pauli
3387 5008 3758 5075 apostolorum
3786 5016 3829 5057 cl
