4042 5300
256 354 393 416 1165

1423 353 1584 416 YITA
1636 358 1694 416 S.
1743 357 2058 418 REMACLL

3388 360 3525 419 “66

251 491 369 531 rum
401 488 681 545 passuum,
731 473 784 529 id
830 483 942 539 est,
1001 474 1284 530 duodecim
1332 476 1649 531 stadiorum.
1708 476 1836 531 Eam
1866 482 1913 537 Α
1942 476 2029 528 ubi
2045 475 2232 531 didicnt
2274 474 2649 545 nsupradictis
2668 474 3013 531 monasteriis
3033 473 3233 532 cultum
3251 476 3531 549 religionis

250 568 601 624 donationem
650 574 972 623 testamento
1042 568 1457 637 conﬁrmatam,
1541 579 1596 625 et
1651 570 1833 623 annuli

249 660 386 729 regii
443 658 802 729 impressione
863 660 1237 727 consignatum
1273 701 1287 726 ,
1339 671 1560 715 sanctus
1622 662 1707 714 vir
1769 660 1834 714 li-

249 748 442 805 beater
482 748 722 817 accepit,
779 760 835 803 et
891 759 1210 804 reverenter
1248 751 1613 805 conservavit.
1676 752 1836 805 Dein-

246 839 321 893 de
380 853 524 893 anno
601 839 813 893 decimo
887 849 1084 909 quarto
1150 841 1302 910 regni
1371 842 1455 896 sui
1528 842 1668 897 idem
1740 857 1835 896 rex

245 926 448 997 legavit
476 937 804 983 testamento
835 931 992 983 beato
1025 931 1280 985 Retnaclo
1311 933 1557 1001 qutedam
1596 933 1649 986 in
1678 932 1841 1003 Aqui-

246 1019 417 1082 tania,
476 1030 603 1088 puta
630 1020 887 1073 telonium
946 1021 999 1074 in
1056 1031 1217 1092 portu
1250 1021 1501 1077 Vetraria
1546 1024 1613 1077 ad
1644 1023 1837 1079 ﬂuvios

244 1110 566 1167 Taunacum
606 1122 661 1168 et
691 1114 843 1167 lttam
877 1130 893 1180 ;
928 1115 1163 1184 itemque
1203 1125 1418 1184 portum
1449 1116 1611 1171 Sellis
1652 1125 1708 1171 et
1736 1116 1841 1171 Vo-

239 1203 449 1272 gatium
500 1205 566 1258 ad
596 1203 793 1259 ﬁumen
850 1205 1119 1275 Ligerim,
1150 1222 1273 1260 cum
1303 1207 1558 1262 omnibus
1598 1209 1666 1261 ad
1713 1221 1837 1263 eum

238 1295 627 1350 attinentibus.
663 1296 815 1363 Quod
854 1298 1071 1366 quidem
1114 1306 1345 1353 testatur
1399 1297 1693 1369 scriptum,
1724 1298 1840 1368 ejus

238 1401 407 1440 manu
441 1387 815 1457 subsignatum
848 1403 862 1443 :
900 1408 918 1441 ‹
957 1388 1191 1453 Sancta,
1227 1390 1421 1459 inquit,
1455 1405 1519 1444 ac
1549 1393 1840 1447 venerabi-

236 1478 312 1532 lia
347 1481 696 1543 monasteria,
714 1480 1008 1536 Stabulaus
1030 1482 1144 1537 sive
1174 1481 1623 1538 Malmundarium
1641 1498 1841 1555 cogno-

238 1572 482 1637 minata,
513 1572 601 1626 ubi
633 1574 719 1626 vir
766 1574 1090 1629 venerabilis
1122 1574 1410 1629 Remaclus
1459 1576 1745 1647 episcopus
1783 1585 1841 1632 et

236 1664 405 1727 abba,
434 1664 659 1720 Christo
712 1668 933 1736 auspice
959 1709 974 1733 ,
1011 1684 1247 1739 prteesse
1296 1668 1549 1734 videtur;
1590 1684 1710 1739 quae
1755 1670 1840 1725 vir

236 1753 468 1809 illustris
511 1754 864 1812 Grimoaldus
918 1758 1285 1827 majordomus
1315 1756 1367 1813 in
1402 1759 1607 1815 honore
1662 1761 1835 1816 sancti

1938 566 2153 636 augeri,
2186 566 2321 621 duas
2348 582 2414 620 ex
2448 566 2593 621 ﬁscis
2622 567 2738 620 suis
2766 565 2919 622 villas
2950 567 3003 621 in
3034 582 3162 623 usus
3186 584 3387 624 mensae
3407 587 3529 626 ser-

1938 673 2127 711 vorum
2160 657 2285 721 Dei,
2319 674 2481 712 unam
2512 660 2564 712 in
2598 658 2893 723 Harbanio,
2928 659 3155 715 alterum
3188 662 3242 714 in
3275 663 3527 718 Arduen-

1940 765 2029 814 na,
2062 766 2159 818 pro
2180 750 2343 804 Deiet
2373 750 2431 804 S.
2456 749 2720 816 Remacli,
2754 751 3103 823 [rererentim
3138 752 3526 827 Ευ.ΡΑτιιοι..]

1940 838 2206 893 attribuit.
2238 839 2339 895 Sul
2398 840 2589 894 borum
2651 851 2892 910 tempore
2922 839 3103 896 ferunt
3142 860 3265 897 eum
3300 846 3526 901 Romam

1938 929 2278 999 profectum,
2310 932 2483 986 sancti
2515 931 2661 986 Petri
2702 933 3039 1003 aliorumque
3067 947 3378 991 sanctorum
3410 940 3529 994 suf-

1940 1020 2110 1092 fragia
2168 1021 2579 1091 imploraturum
2600 1063 2614 1087 ,
2645 1032 2808 1093 atque
2846 1024 2923 1078 illi
2957 1026 3140 1079 tandiu
3172 1028 3223 1081 in
3258 1045 3447 1098 preces
3476 1042 3530 1085 et

1933 1110 2140 1181 jejunia
2198 1111 2511 1167 incubuisse
2561 1113 2757 1179 donec,
2811 1116 2993 1171 divina
3034 1129 3089 1172 et
3128 1120 3372 1190 angelica
3403 1136 3535 1175 con-

1940 1203 2207 1259 solatione
2261 1204 2463 1269 fretus,
2527 1206 2819 1275 quamdam
2883 1209 3236 1278 reliquiarum
3291 1212 3532 1281 ejusdem

1941 1294 2239 1349 beatissimi
2282 1295 2509 1365 apostoli
2566 1306 2778 1366 partem
2836 1301 3038 1354 meruit
3076 1302 3357 1368 obtinere;
3412 1321 3533 1376 qua:

1941 1384 2159 1453 quidem
2191 1385 2333 1453 apud
2364 1399 2464 1439 nos
2494 1399 2629 1440 auro
2658 1389 2995 1457 gemmisque
3022 1401 3228 1446 ornata:
3257 1395 3531 1464 prmeipuo

1939 1489 2065 1531 cum
2096 1476 2302 1531 honore
2330 1489 2702 1532 asservantur.
2729 1476 2883 1545 Quod
2912 1479 3037 1534 licet
3066 1482 3387 1551 quibusdam
3421 1486 3533 1540 for-

1942 1575 2086 1623 tasse
2115 1568 2429 1623 incredibile
2458 1570 2733 1635 videatur,
2765 1585 2887 1638 nos,
2925 1573 3019 1642 qui
3051 1574 3529 1645 incomparabilem

1938 1655 2089 1711 illum
2120 1672 2446 1714 veneramur
2496 1660 2813 1714 thesaurum
2834 1696 2852 1725 ,
2885 1661 3054 1717 multa
3086 1663 3139 1717 in
3172 1678 3357 1719 earum
3392 1681 3533 1737 pne-

1938 1750 2111 1804 sentia
2166 1750 2429 1804 divinitus
2479 1750 2715 1805 vidimus
2754 1752 3016 1807 beneﬁcia
3072 1755 3321 1824 prmstari
3355 1772 3370 1809 :
3408 1772 3530 1842 qqze

232 1844 385 1901 Petri
417 1864 483 1903 ac
511 1850 685 1904 sancti
719 1848 867 1904 Pauli
897 1893 912 1915 ,
946 1850 1029 1904 vel
1057 1852 1234 1905 sancti
1267 1850 1512 1917 Martini,
1542 1867 1635 1906 seu
1670 1862 1822 1909 caete-

1943 1843 2141 1909 poterit
2195 1840 2288 1911 qui
2348 1840 2493 1896 volet
2523 1839 2577 1896 in
2616 1840 2757 1899 libro
2795 1842 3055 1899 virtutum
3085 1845 3200 1902 sive
3241 1828 3529 1904 miraculo-

236 1950 428 1990 rorum
458 1947 794 2003 sanctorum,
826 1954 925 1994 suo
955 1954 1121 2010 opere
1150 1940 1203 1994 in
1241 1950 1395 1996 vasta
1426 1942 1595 1997 eremi
1626 1942 1838 1999 Anien-

233 2028 422 2083 nensis
468 2032 774 2085 construxit
800 2047 816 2095 ;
848 2032 1301 2102 quemadmodum
1334 2048 1433 2088 nos
1463 2033 1580 2089 loca
1625 2036 1740 2106 ipsa
1769 2036 1839 2093 ad

233 2120 353 2191 ipsa
382 2126 709 2180 monasteria
730 2125 1043 2182 aediﬁcanda
1057 2143 1155 2197 pro
1168 2138 1352 2183 nostra
1374 2131 1738 2201 prmeeptione
1769 2146 1837 2187 ex

234 2213 442 2270 foreste
462 2226 650 2272 nostra
677 2218 1080 2285 concessimus;
1114 2236 1256 2289 quae,
1289 2220 1415 2276 licet
1444 2224 1617 2292 gratia
1634 2223 1836 2282 Christi

232 2306 346 2356 sint
387 2306 593 2373 ditata,
637 2310 964 2363 mundanam
995 2309 1355 2365 substantiam
1406 2323 1707 2368 cernuntur
1734 2330 1835 2385 pa-

232 2409 461 2463 rumper
490 2397 721 2453 habere:
758 2399 896 2465 ideo,
921 2400 1102 2455 divina
1122 2400 1474 2471 inspiratione
1493 2405 1830 2476 commoniti,

230 2482 582 2542 decrevimus
634 2488 1023 2559 aliquantulum
1061 2491 1131 2547 de
1180 2492 1310 2549 ﬁsco
1351 2504 1539 2549 nostro
1591 2497 1659 2549 ad
1717 2497 1833 2566 ipsa

231 2578 566 2631 monasteria
612 2580 882 2649 respicere
914 2592 969 2637 et
996 2581 1268 2637 consolari
1302 2598 1317 2647 ;
1344 2602 1361 2633 ι
1397 2593 1452 2639 et
1482 2596 1679 2641 caetera
1709 2602 1831 2656 qua:

228 2663 289 2718 in
316 2668 509 2721 eodem
551 2670 751 2739 scripto
781 2671 995 2738 (auctor
1022 2680 1181 2726 vocat
1214 2677 1568 2743 przeceptum)
1598 2691 1829 2746 sequun-

229 2768 344 2814 tur.
400 2761 643 2831 Denique
682 2764 733 2817 in
765 2764 926 2827 ﬁscis,
959 2780 1080 2835 qua:
1121 2767 1465 2821 monasteriis
1519 2767 1623 2822 illis
1681 2768 1827 2837 adja-

226 2862 395 2915 cent,
427 2852 667 2907 decimas
704 2854 810 2910 illis
845 2856 1009 2923 dedit,
1040 2871 1175 2927 quas
1200 2858 1493 2912 etiamnum
1546 2876 1611 2915 ea
1642 2876 1829 2918 mona-

223 2945 399 2998 steria
440 2946 703 3001 obtinent.

305 3034 445 3090 XXI.
485 3034 617 3091 Post
655 3038 767 3093 bzec
799 3054 893 3093 rex
922 3038 1033 3106 ille,
1065 3054 1189 3095 cum
1242 3042 1540 3097 Austrasize
1589 3058 1819 3114 regnum

221 3130 492 3199 praeclare
549 3132 815 3198 rexisset,
847 3134 989 3188 diem
1023 3134 1218 3190 clausit
1271 3146 1595 3191 extremum.
1650 3136 1819 3191 Porro

222 3220 577 3278 Grimoaldus
632 3224 1021 3293 majordomus,
1047 3226 1161 3281 sive
1184 3226 1470 3296 praefectus
1498 3227 1702 3298 palatii,
1735 3230 1821 3284 vel

222 3321 288 3365 ut
319 3312 409 3366 alii
440 3312 626 3367 volunt
655 3313 911 3384 magister
936 3315 1179 3385 equitum
1199 3356 1214 3380 ,
1245 3318 1344 3370 sub
1376 3327 1638 3385 prmtextu
1696 3335 1819 3373 mu-

222 3419 421 3458 uerum
456 3406 927 3475 accipiendorum,
987 3423 1019 3462 a
1051 3408 1320 3465 Clodoveo
1353 3411 1522 3466 fratre
1551 3411 1819 3481 Sigeberti

214 3493 466 3551 Parisios
516 3506 774 3552 evocatus
844 3497 953 3553 illic
1001 3509 1244 3555 retentus
1291 3510 1379 3555 est
1453 3503 1597 3571 quod
1649 3505 1817 3560 tilium

218 3587 431 3641 domini
461 3588 541 3642 sui
591 3588 884 3658 Sigcberti,
916 3605 1076 3659 quem
1126 3591 1367 3647 insuam
1423 3592 1583 3648 ﬁdem
1635 3610 1817 3651 susce-

213 3690 405 3749 perat,
436 3688 493 3733 ut
549 3696 672 3736 eum
707 3682 847 3753 patri
905 3697 1072 3755 regno
1124 3684 1500 3751 substitueret,
1557 3686 1814 3743 clericum

211 3770 494 3829 effecisset
559 3776 673 3831 sive
739 3777 1324 3843 totondisset,’suum
1394 3778 1559 3833 ﬁlium
1631 3797 1815 3850 regem

216 3866 417 3921 volens
482 3870 839 3925 constituere.
905 3870 1173 3928 Clodoreo
1236 3889 1451 3944 quoque
1516 3875 1815 3947 defuncto,

212 3958 494 4014 Clotarius
540 3961 680 4017 ﬁlius
725 3964 843 4033 ejus
897 3964 948 4017 in
990 3965 1308 4029 Occidente,
1367 3966 1539 4022 frater
1591 3967 1812 4024 Clotarii

210 4047 564 4105 Cliildericus
640 4052 693 4107 in
746 4055 1031 4110 Austrasia
1109 4065 1419 4127 regnarunt.
1494 4056 1647 4114 llunc
1684 4076 1815 4132 ergo

212 4144 414 4198 beatus
443 4142 730 4202 Remaclus
760 4148 912 4211 adiit,
946 4155 1021 4217 et,
1054 4150 1197 4218 quod
1222 4158 1449 4219 patruus
1480 4151 1582 4221 ipsi
1614 4153 1812 4208 donas-

206 4244 322 4300 set,
355 4244 413 4290 ut
453 4237 802 4294 conﬁrmaret
830 4241 1007 4311 petiit.
1040 4240 1153 4295 Rex
1184 4241 1359 4298 libens
1387 4243 1619 4311 annuit,
1648 4255 1723 4311 et,
1756 4254 1811 4300 ut

206 4328 303 4381 vir
331 4327 423 4381 Dei
455 4330 685 4399 p‘etierat
711 4372 725 4396 ,
754 4331 870 4400 ejus
898 4348 1275 4390 successorem
1321 4334 1705 4392 Theodardum
1757 4346 1812 4393 et

207 4419 459 4474 Odonem
490 4417 845 4477 domesticum
881 4421 1045 4492 jussit
1098 4424 1341 4494 ejusdem
1395 4440 1662 4480 mensura:
1716 4443 1810 4483 so-

1942 1946 2059 1986 rum
2088 1930 2204 2000 ejus
2230 1932 2496 1989 lectitare.

2010 2022 2131 2078 Jam
2162 2039 2291 2080 vero
2334 2026 2517 2080 senior
2551 2024 2746 2082 beatus
2781 2024 3095 2094 Remaclus,
3139 2029 3233 2085 sed
3266 2031 3512 2087 moribus

1942 2120 2121 2170 tamen
2147 2130 2310 2185 quam
2340 2115 2500 2171 annis
2551 2117 2841 2183 maturior,
2899 2118 3043 2173 diem
3076 2120 3380 2175 vocationis
3406 2136 3522 2175 sua:

1938 2209 2184 2263 sentiens
2266 2208 2593 2275 imminere,
2668 2218 2989 2280 tempusque
3062 2211 3357 2266 adventare
3414 2227 3524 2282 quo

1937 2310 2323 2372 compensaret
2374 2302 2549 2357 honor
2577 2302 2634 2357 in
2691 2302 2847 2358 cretis
2902 2303 3046 2372 quod
3076 2303 3230 2358 labor
3285 2305 3525 2361 trivisset

1938 2391 1990 2446 in
2043 2393 2226 2455 terris,
2290 2392 2539 2448 subditos
2567 2407 2695 2448 suos
2748 2394 2817 2447 ad
2866 2408 2925 2448 se
2990 2395 3252 2459 accersit,
3314 2405 3369 2450 et
3405 2405 3518 2449 tum

1934 2481 2112 2553 ipsius
2172 2480 2322 2536 obitu
2375 2488 2489 2536 tum
2553 2498 2650 2538 sua
2701 2483 3037 2539 desolatione
3088 2495 3388 2540 merentes
3446 2487 3521 2542 ita

1934 2575 2251 2630 consolatus
2279 2585 2366 2631 est
2396 2593 2412 2631 :
2444 2576 2584 2631 Ecce
2614 2576 2807 2631 Patres
2834 2577 3196 2643 sanctissimi,
3244 2593 3374 2633 ecce
3399 2578 3518 2632 fra-

1929 2672 2048 2720 tres
2078 2666 2413 2731 charissimi,
2446 2682 2584 2735 quos
2627 2668 2805 2721 habeo
2831 2665 3019 2722 allixos
3049 2668 3254 2724 intimis
3292 2670 3521 2724 visceri-

1932 2759 2032 2814 bus
2086 2760 2245 2823 meis,
2302 2773 2429 2827 pars
2486 2758 2712 2812 dimidia
2767 2759 2963 2814 anima:
3014 2775 3188 2815 mete:
3222 2777 3324 2831 ego
3364 2763 3508 2817 viain

1932 2852 2198 2907 universae
2217 2851 2400 2905 carnis
2424 2851 2720 2921 ingredior,
2741 2867 2842 2907 nec
2866 2854 2935 2907 ad
2968 2868 3065 2908 vos
3086 2854 3343 2925 deinceps
3368 2857 3513 2911 redi-

1931 2956 2087 3000 turus
2114 2962 2258 3000 sum.
2289 2945 2485 3001 Vestra
2514 2946 2718 3016 itaque,
2752 2962 2890 3018 quos
2911 2948 3123 3013 desero,
3155 2951 3393 3007 solitudo
3422 2968 3512 3009 me

1930 3040 2092 3093 habet
2118 3039 2433 3103 Sollicitum,
2460 3054 2569 3095 non
2603 3055 2723 3095 mea
2753 3041 2951 3105 abitio,
2997 3042 3087 3110 qui
3122 3042 3232 3096 Deo
3263 3059 3350 3098 me
3379 3061 3513 3098 con-

1927 3131 2138 3185 solante
2167 3131 2489 3185 conﬁrmor.
2506 3129 2623 3187 Non
2641 3146 2725 3186 me
2750 3141 2916 3188 terret
2932 3133 3176 3189 conditio
3201 3137 3513 3190 communis

1927 3221 2238 3275 mortalium
2283 3220 2553 3286 onmium,
2610 3222 2830 3291 quando
2882 3222 3047 3277 etiam
3093 3233 3202 3280 tota
3248 3227 3512 3297 sapientis

1918 3311 2055 3374 vita.
2083 3297 2584 3384 qumdamLmortis]
2614 3313 2773 3367 debet
2793 3328 2914 3370 esse
2935 3316 3328 3373 commentatio
3360 3316 3503 3389 (l0).

1924 3404 2038 3460 Non
2078 3414 2256 3474 potest
2315 3406 2455 3460 {uada
2480 3421 2624 3459 mors
2654 3406 2907 3464 accidere
2932 3410 3049 3464 viro
3078 3409 3227 3477 forti,
3270 3427 3375 3467 non
3402 3413 3509 3468 im-

1923 3508 2145 3553 matura
2178 3498 2433 3569 sapienti,
2459 3514 2564 3552 non
2593 3500 2789 3554 misera
2819 3516 2937 3555 eam
2962 3503 3287 3570 providenti.
3314 3506 3508 3561 Vestra

1919 3605 2009 3644 me
2063 3591 2399 3654 teneritudo,
2450 3605 2587 3659 quos
2615 3591 2794 3646 adhuc
2823 3592 3099 3660 expediret
3153 3595 3501 3653 solidioribus

1921 3680 2201 3736 informari
2260 3680 2581 3749 disciplinis,
2649 3698 2758 3735 non
2818 3697 3011 3750 parum
3064 3695 3291 3740 movet:
3350 3688 3506 3741 vobis

1916 3790 2143 3844 prorsus
2185 3774 2368 3839 timeo,
2412 3790 2501 3837 ne,
2536 3773 2583 3828 si
2610 3772 2719 3843 lupi
2753 3777 3304 3843 rapacesincnrrant,
3344 3794 3505 3834 nemo

1914 3870 1989 3923 sit
2054 3867 2143 3936 qui
2202 3882 2295 3921 eos
2350 3866 2595 3934 repellat.
2680 3866 2941 3936 Equidem
2989 3868 3103 3923 haec
3168 3873 3502 3926 monasteria

1919 3961 2028 4014 Deo
2054 3969 2102 4013 et
2131 3959 2335 4014 sanctis
2365 3956 2482 4025 ejus
2501 3959 2699 4023 dicavi,
2733 3960 3036 4029 vestrisque
3063 3961 3250 4016 usibus
3277 3978 3500 4017 accom-

1914 4050 2157 4114 modavi,
2209 4057 2385 4102 vestra
2436 4048 2488 4102 in
2540 4048 2641 4102 hoc
2676 4064 2808 4104 usus
2860 4064 3028 4119 opera
3062 4050 3186 4104 forti
3240 4062 3295 4107 et
3331 4053 3503 4109 ﬁdeli.

1912 4143 2055 4211 Quid
2087 4152 2266 4196 autem
2298 4142 2349 4195 in
2380 4150 2657 4212 posterum
2686 4153 3009 4198 eventurum
3066 4146 3159 4211 sit,
3187 4146 3501 4216 incomper-

1918 4242 2030 4288 tum
2062 4242 2146 4289 est
2170 4233 2325 4286 mihi.
2386 4232 2595 4287 Videtis
2644 4246 2775 4287 sane
2834 4250 2943 4303 quo
2990 4233 3110 4290 loco
3152 4250 3240 4291 res
3297 4247 3506 4292 nostrae

1917 4329 2047 4393 sint,
2077 4336 2132 4382 et
2158 4343 2321 4397 quam
2355 4327 2426 4380 sit
2458 4326 2545 4380 hic
2576 4327 2812 4380 mundus
2865 4327 2919 4381 in
2976 4328 3219 4398 maligno
3262 4330 3499 4399 positus.

1912 4420 1974 4472 Si
1999 4417 2126 4487 quid
2156 4418 2321 4486 igitur
2350 4424 2529 4487 potest
2556 4416 2696 4485 apud
2731 4430 2827 4471 vos
2865 4417 3039 4471 oratio
3090 4434 3246 4484 mea,
3279 4435 3410 4473 cura
3425 4431 3501 4487 te,

208 4514 327 4567 lum
358 4514 605 4569 remoliri
639 4514 831 4583 :cujus
877 4525 1083 4585 partem
1114 4517 1397 4571 dimidiam
1428 4518 1529 4572 sibi
1565 4533 1659 4574 rex
1691 4535 1807 4574 ser-
1840 4534 1888 4591 ι)
1917 4509 2170 4572 Obsecro.
2201 4522 2268 4561 ne
2294 4508 2362 4560 ab
2383 4522 2446 4561 ea
2471 4506 2803 4576 integritate.
2830 4522 2991 4577 quam
3021 4508 3075 4562 ίη
3104 4510 3256 4565 “bis
3280 4509 3501 4566 είῘῖεετθ

202 4604 405 4668 vavit,
439 4604 703 4675 reliquam
759 4607 945 4662 usibus
998 4606 1276 4662 servorum
1334 4606 1429 4662 Dei
1484 4618 1795 4665 testamenti

203 4694 423 4748 addix't
455 4704 510 4750 et
537 4694 895 4750 conﬁrmavit.
925 4697 1076 4763 Quod
1106 4698 1323 4768 quidem
1353 4699 1528 4753 virum
1562 4699 1652 4753 Dei
1685 4717 1807 4768 pru-

206 4786 406 4838 denter
432 4784 720 4839 admodnm
753 4785 943 4840 fecisse
972 4795 1299 4852 constat,ut,
1322 4786 1375 4847 si
1406 4787 1648 4841 fortassis
1677 4803 1795 4841 suc-

202 4889 461 4930 cessores
498 4875 614 4943 ejus
654 4876 943 4946 aliquando
973 4878 1151 4931 minus
1182 4885 1422 4946 possent,
1473 4878 1669 4931 minori
1714 4893 1806 4932 ne-

206 4966 389 5032 gotio,
418 4972 561 5034 quod
592 4982 769 5022 minus
796 4976 962 5031 esset,
988 4966 1103 5021 sine
1134 4966 1331 5020 invidia
1363 4975 1416 5020 et
1457 4966 1803 5020 infestatione

204 5054 514 5110 vicinorum
582 5057 809 5111 liberius
875 5056 976 5110 sibi
1035 5057 1390 5111 vindicarent.
1461 5057 1607 5113 Obiit
1669 5072 1800 5113 vero

202 5146 376 5202 etiam
406 5147 672 5203 Clotarius
706 5164 825 5215 rex,
857 5156 912 5202 et
943 5148 1009 5201 ad
1067 5148 1426 5203 Childericum
1485 5148 1799 5203 monarchia

207 5238 455 5268 .‘nun'nln
490 5250 597 5268 nun.
663 5239 719 5268 Αι
763 5239 851 5268 ῘῘῘΛ
883 5246 1066 5268 nnalnn
1150 5246 1370 5268 nnnnlnn
1401 5253 1610 5268 -ιιιΑ-ιηννι
1657 5238 1771 5268 :nnn

1904 5254 2082 5274 __.“.
2116 5257 2230 5274 nec”
2279 5243 2584 5268 δ’...ιιιιοιιιηιικ
2618 5260 2629 5268 α
2676 5240 2746 5268 ῗοιι

1912 4602 2080 4665 volui,
2115 4600 2226 4655 ullo
2272 4616 2508 4669 unquam
2565 4614 2755 4654 errore
2806 4600 3192 4656 abducamini:
3230 4602 3326 4656 sed
3369 4603 3490 4657 sitis

1910 4708 2128 4763 semper
2160 4693 2211 4746 in
2240 4692 2461 4747 Christo
2506 4692 2785 4762 conjuncti
2809 4700 2865 4745 et
2887 4694 3199 4757 unanimes,
3237 4694 3502 4760 quemad-

1911 4789 2130 4842 modum
2161 4796 2215 4839 et
2238 4785 2461 4839 Patrum
2494 4784 2808 4849 traditione,
2836 4794 2892 4838 et
2931 4784 3346 4854 Scripturarum
3375 4801 3504 4841 san-

1908 4892 2119 4936 ctarum
2198 4877 2451 4940 lectione,
2510 4886 2565 4930 et
2615 4892 2736 4931 mea
2798 4878 3031 4931 sollicita
3108 4876 3508 4929 adhortatione

1908 4967 2216 5039 accepistis.
2252 4968 2329 5022 Ex
2363 4967 2559 5023 vestris
2590 4967 2845 5023 manibus
2873 4982 3153 5034 nunquam
3202 4964 3521 5030 deponatur

1906 5079 2065 5121 sacra
2124 5060 2308 5124 lectio,
2338 5060 2432 5114 sed
2484 5058 2635 5115 inea
2691 5058 2761 5112 sit
2802 5060 2959 5113 vobis
2999 5057 3150 5130 jugis
3210 5055 3535 5111 meditatio.

1908 5151 2151 5213 Utenim
2194 5166 2340 5221 ager,
2391 5152 2647 5220 quamvis
2699 5146 2919 5213 fertilis,
2974 5148 3097 5203 sine
3154 5142 3409 5203 cultura
3438 5154 3546 5201 non

2780 5255 2878 5268 ιιΛη
2931 5239 3049 5268 οἶηΑ
3087 5234 3362 5268 ΑΛΛΙΡῖηη
3425 5235 3546 5268 nni-
