4042 5300
507 289 649 346 H67

1224 285 1528 344 NOTGERI
1570 285 1972 343 LEODIENSIS
2013 279 2320 339 EPISCOPl
2364 282 2524 339 γιτΑ
2562 282 2623 338 S.
2665 280 2987 340 REMACU.

3647 281 3783 338 “68

500 412 785 469 accurate,
827 416 894 458 ne
917 402 970 458 td
1017 400 1112 457 ﬁat
1141 403 1439 475 invigilate.
1477 402 1532 457 Si
1569 402 1689 472 quis
1718 404 1862 457 enim
1895 418 2082 457 socor-
2112 403 2156 462 Λ
2187 399 2324 453 vidia
2356 398 2522 454 Siculi
2564 416 2668 454 non
2721 400 2978 454 invenere
3036 397 3250 469 tyranni
3307 397 3482 469 majus
3542 407 3788 452 tormen-

500 497 604 552 tlize
635 507 689 551 et
724 496 950 567 ignavia:
988 511 1046 551 se
1077 495 1310 560 dederit,
1347 496 1546 550 frustra
1573 495 1660 548 ille
1692 495 1858 548 Deum
1893 494 2082 562 implo-

501 587 724 642 ravcrit.
780 585 943 641 Vobis
986 586 1158 640 virtus
1187 586 1282 651 sit,
1313 587 1503 642 vitium
1561 584 1768 656 fugere,
1799 587 2085 656 etsapien-

501 683 574 736 tia
604 680 804 751 prima,
834 679 1064 733 stultitia
1088 680 1327 735 caruisse
1350 679 1486 750 (η).
1514 677 1714 744 Pudor,
1749 677 2082 746 justititeqne

497 789 656 827 soror
681 773 994 842 incorrupta
1017 773 1171 834 fides,
1214 773 1466 842 nudaque
1496 771 1695 826 veritas
1720 770 1856 840 (l5),
1885 769 2082 824 vestris

498 867 548 917 in
581 863 842 920 cordibus
878 864 978 919 sibi
1022 864 1357 920 domicilium
1409 863 1706 925 vindicent,
1737 863 1910 932 utqui
1941 861 2081 917 facta

495 965 679 1010 vestra
738 956 1109 1026 conspiciunt,
1167 956 1235 1010 ad
1279 956 1638 1010 imitationem
1695 963 2078 1024 provocentur.

500 1046 700 1101 Veram
757 1056 1105 1116 peccatorum
1145 1045 1543 1101 confessionem
1603 1043 1818 1100 faciatis
1882 1045 1990 1098 Deo
2029 1053 2086 1099 et

497 1137 735 1206 praelatis
767 1138 962 1193 vestris
988 1156 1004 1191 :
1033 1138 1401 1192 tentationum
1431 1136 1824 1205 impressiones
1879 1135 1932 1190 in
1964 1135 2082 1205 ipso

495 1231 676 1298 primo
698 1230 846 1284 aditu
889 1230 1175 1299 detegatis.
1225 1229 1525 1284 Stultorum
1574 1229 1718 1283 enim
1781 1236 2082 1298 praeposte-

499 1337 591 1374 rus
621 1322 795 1389 pudor
823 1319 950 1374 dum
987 1320 1130 1375 celat
1184 1319 1391 1384 ulcera,
1426 1319 1534 1374 illis
1585 1319 1821 1389 majores
1875 1316 2085 1372 submi-

499 1413 696 1466 nistrat
729 1413 890 1466 vires.
922 1411 1303 1466 Ohedientiam
1349 1410 1649 1480 majoribus
1677 1411 1956 1476 exhibete,
1985 1426 2084 1466 co-

500 1521 618 1559 rant
684 1503 1120 1559 institutionibus
1175 1503 1388 1558 animos
1441 1503 1870 1558 accommodate.
1929 1503 2083 1558 Tunc

500 1595 647 1650 enim
675 1594 878 1663 quique
908 1595 1284 1657 rectevivit,st
1315 1602 1471 1649 curat
1505 1594 1555 1648 id
1587 1609 1710 1648 esse
1740 1593 1883 1662 quod
1909 1593 2078 1648 audit.

499 1684 712 1754 (l4)Ab
739 1686 1014 1751 omnibus,
1043 1700 1163 1754 quae
1185 1685 1262 1739 ira
1287 1686 1550 1755 suggerit,
1574 1683 1725 1738 vobis
1752 1693 2078 1754 temperate;

2188 492 2448 562 tum(l9).
2479 493 2534 546 Si
2553 493 2792 548 minores
2819 492 3050 547 fortasse
3068 491 3570 548 adsintfacultates.
3622 493 3786 546 noiite

2185 584 2467 653 conqueri.
2511 585 2727 656 Pauper
2746 587 2888 640 enim
2922 595 3170 651 nonest,
3218 587 3300 638 cui
3334 600 3515 639 rerum
3552 587 3787 654 suppetit

2185 691 2318 728 usus
2337 675 2484 743 (ἠως
2524 686 2579 731 et
2612 677 2726 746 ipsa
2743 692 2842 732 nos
2865 685 3058 730 natura
3072 675 3789 746 quotidieadmonet,qnatn

2185 766 2390 834 paucis,
2421 781 2587 834 quam
2619 766 2838 834 vilibus,
2875 783 3038 830 quam
3085 767 3265 836 parvis
3305 777 3482 836 egeat.
3523 765 3645 820 Non
3678 767 3785 837 op'v

2184 859 2284 910 bus
2308 867 2519 913 mentes
2547 857 2826 913 hominum
2857 873 3108 927 curteque
3137 857 3384 910 levantur
3415 856 3556 926 (2i).

2259 951 2385 1005 llzec
2407 961 2536 1007 sunt
2557 952 2889 1014 charissimi,
2913 968 3144 1022 quorum
3170 968 3263 1007 vos
3286 951 3596 1005 admonitos
3621 950 3785 1014 volui,

2186 1049 2452 1112 tanquam:
2493 1042 2740 1096 ultimum
2783 1042 2900 1097 vale
2947 1045 3100 1098 vobis
3147 1042 3366 1106 dicens,
3409 1042 3524 1112 jam
3565 1042 3794 1112 jamque

2185 1153 2216 1192 e
2246 1137 2352 1190 vita
2384 1137 2652 1192 abiturus.
2685 1136 2793 1193 Vos
2823 1149 3039 1202 curate,
3071 1149 3126 1192 et
3161 1146 3309 1191 tanto
3338 1137 3550 1191 arctius
3593 1137 3792 1191 vesttis

2186 1215 2862 1302 inhtereantipectorihus,
2903 1241 3105 1301 quanto
3152 1231 3409 1300 majorem
3446 1245 3515 1284 ex
3555 1245 3679 1284 meo
3711 1245 3793 1282 re-

2185 1339 2340 1377 cessu
2387 1321 2692 1379 molestiam
2741 1323 2951 1392 capitis.
2979 1321 3108 1389 Quae
3134 1322 3178 1376 si
3229 1321 3369 1392 apud
3406 1336 3503 1375 vos
3552 1320 3787 1374 fructum

2186 1415 2420 1485 aliquem
2469 1416 2790 1481 offecerint,
2843 1416 3082 1470 maximo
3130 1431 3216 1469 me
3262 1416 3459 1485 gaudio
3511 1413 3788 1468 efﬁcietis.

2188 1504 2359 1560 Simul
2397 1513 2580 1562 autem
2620 1507 2901 1576 cogitetis,
2952 1521 3049 1561 vos
3104 1521 3320 1575 quoque
3359 1505 3692 1567 tnnrituros,
3739 1513 3792 1556 et

2186 1597 2260 1651 ita
2295 1606 2507 1665 tempus
2533 1596 2867 1666 pmnitentite
2899 1597 3122 1666 agendm
3148 1596 3426 1656 collatmn,
3459 1609 3548 1657 uc,
3583 1609 3787 1662 quteso,

2186 1691 2420 1745 inaniter
2451 1690 2560 1746 labi
2593 1689 2890 1760 patiamini.
2926 1689 3138 1755 Veniet,
3171 1689 3347 1742 veniet
3379 1686 3468 1741 ille
3495 1687 3639 1751 dies,
3673 1701 3790 1740 cum

498 1774 646 1829 solus
669 1774 816 1830 enim
843 1783 926 1829 est
957 1775 1263 1844 triumphus
1314 1775 1660 1840 innocentiae,
1716 1789 1821 1829 non
1853 1788 2082 1844 peccare

2196 1784 2385 1838 frustra
2416 1783 2795 1842 desiderabitis
2824 1784 2974 1837 hora:
3006 1797 3251 1836 usuram.
3278 1780 3568 1848 Dutnergo
3584 1789 3796 1846 tempus

501 1879 624 1920 cum
680 1867 880 1936 possis.
947 1866 1004 1919 In
1071 1866 1292 1935 optimis
1368 1880 1588 1936 quoque
1663 1865 2078 1935 temperantiam

501 1958 795 2024 quamdam
841 1956 1116 2013 adhibete.
1173 1957 1270 2013 Est
1329 1959 1473 2013 enim
1535 1959 1727 2013 modus
1783 1959 1837 2012 in
1898 1958 2081 2023 rebus,

499 2057 629 2101 sunt
657 2047 795 2102 certi
828 2047 1065 2118 denique
1097 2047 1252 2113 lines,
1291 2064 1430 2118 quos
1484 2047 1624 2102 ultra
1679 2049 1929 2118 citraque
1982 2066 2081 2104 ne-

500 2139 620 2208 quit
655 2139 958 2196 consistere
991 2149 1200 2195 rectum
1229 2141 1377 2212 (15);
1419 2149 1474 2194 et
1532 2141 1713 2195 metiri
1749 2157 1808 2196 se
1853 2142 2085 2211 quisque

500 2247 602 2287 suo
630 2231 1010 2302 pede,suoque
1034 2233 1252 2288 modulo
1280 2232 1590 2304 debet(l6).
1626 2231 1798 2288 Nemo
1821 2233 1979 2286 alteri
2001 2233 2084 2286 in-

495 2322 678 2394 jurius
733 2324 843 2379 sit:
891 2324 1140 2392 accipere
1189 2323 1358 2389 enim,
1428 2323 1818 2392 quamfacere.
1862 2332 2088 2393 praesum

501 2415 782 2484 injuriam.
809 2415 1161 2480 Patientiam,
1195 2431 1316 2485 quae
1352 2415 1700 2470 miseriarum
1735 2425 1926 2486 portus
1963 2425 2088 2483 eat,

502 2509 914 2579 amplectimini,
966 2523 1128 2564 nemo
1185 2509 1330 2564 enim
1373 2509 1510 2564 adeo
1570 2508 1843 2563 barbarus
1893 2517 1984 2564 est
2033 2520 2092 2566 ut

502 2617 609 2656 non
666 2603 834 2672 possit
904 2602 1219 2664 mitescere,
1273 2604 1438 2655 modo
1509 2600 1734 2654 culturae.
1793 2601 2090 2670 patientem

499 2695 810 2749 commodet
832 2710 1018 2750 aurem
1039 2695 1172 2766 (l7).
1199 2695 1244 2749 A
1279 2693 1425 2747 nullo
1456 2693 1658 2758 labore,
1681 2694 1771 2764 qui
1798 2695 1869 2747 sit
1899 2711 1926 2747 a
1950 2711 2091 2763 pra:-

501 2785 659 2842 fectis
717 2786 914 2841 vestris
990 2785 1146 2841 vobis
1218 2787 1504 2854 impositus
1541 2825 1557 2850 ,
1614 2787 2029 2840 absterreamini
2075 2803 2089 2841 :

502 2877 630 2946 quia
672 2892 862 2932 omnes
899 2877 1062 2931 etiam
1102 2877 1220 2930 duri
1261 2876 1510 2940 labores,
1563 2877 1911 2931 contentione
1961 2877 2096 2930 ﬁunt

503 2968 834 3034 tolerabiles,
863 2977 918 3022 et
947 2983 1078 3023 usus
1103 2969 1217 3023 sive
1246 2967 1579 3022 consuetudo
1619 2967 1895 3031 laborant,
1928 2968 2094 3022 etiam

501 3059 718 3114 dolores
747 3059 878 3114 facit
910 3061 1083 3130 magis
1117 3059 1390 3130 patibiles.
1422 3059 1718 3129 Segnitiem
1759 3075 1982 3131 prorsus
2012 3059 2096 3114 fu-

502 3150 614 3220 gite
642 3166 656 3204 :
688 3165 793 3204 non
820 3151 962 3204 enim
994 3151 1222 3219 ignavas
1253 3162 1462 3204 mentes
1491 3149 1647 3206 facile
1673 3151 1964 3205 comitatur
1987 3152 2095 3204 vir-

505 3252 614 3299 tus.
635 3241 954 3309 Superbiam
981 3242 1066 3296 vel
1093 3241 1330 3295 maxime
1352 3241 1616 3310 respuitc,
1644 3250 1702 3295 ut
1722 3257 1848 3297 vera
1877 3243 2096 3312 possitis

505 3333 758 3388 libertate
793 3331 974 3402 potiri.
1017 3331 1135 3386 Non
1170 3331 1316 3386 enim
1348 3331 1436 3386 ille
1475 3331 1613 3386 liber
1637 3333 1944 3387 censendus
1974 3343 2056 3387 est
2077 3372 2093 3398 ,

505 3424 660 3494 cujus
692 3423 934 3478 animum
973 3423 1226 3493 superbia
1267 3431 1522 3492 occupat.
1559 3421 1879 3477 Castitateza
1921 3433 2096 3478 secta-

507 3515 672 3581 tnini,
713 3513 891 3570 omnis
927 3527 1161 3583 namque
1200 3513 1518 3584 ponderatio
1542 3554 1556 3578 ,
1594 3523 1654 3567 ut
1693 3514 1771 3567 ait
1816 3513 2096 3584 Scriptura

506 3610 720 3675 divina,
766 3623 874 3663 non
911 3616 995 3662 est
1022 3607 1182 3678 digna
1222 3606 1554 3661 continentis
1591 3605 1807 3660 animae.
1844 3605 2098 3676 Prosperi

505 3715 817 3767 successus,
853 3699 946 3771 qui
983 3700 1148 3754 etiam
1199 3699 1527 3758 sapientium
1576 3698 1786 3752 animos
1832 3699 2096 3768 fatigant,

507 3810 615 3852 non
652 3809 750 3850 vos
785 3793 1087 3859 delectent;
1126 3808 1252 3848 nam
1282 3793 1372 3862 qui
1413 3792 1533 3863 plus
1570 3793 1738 3847 nimio
1775 3795 2096 3857 delectatur,

509 3889 672 3944 rebus
697 3888 951 3944 secundis
979 3887 1034 3940 in
1053 3888 1266 3940 diversa
1282 3885 2098 3955 tnutatisquatictur(18).Ante

506 3979 689 4032 omnia
721 3993 909 4050 pacem
953 3986 1008 4032 et
1047 3976 1396 4032 concordiam
1431 3977 1754 4031 servandam
1795 3977 2096 4042 admoneo,

509 4078 567 4122 ιιι
594 4069 738 4124 sicut
765 4068 820 4123 in
849 4068 1061 4122 duobus
1089 4067 1223 4123 estis
1254 4067 1602 4123 monasteriis
1643 4056 1978 4140 congregati,
2023 4070 2096 4124 ita

508 4177 721 4232 gemma
753 4162 905 4217 vobis
935 4163 1143 4216 ferveat
1172 4161 1418 4227 dilectio,
1450 4161 1544 4218 Dei
1574 4171 1630 4218 et
1655 4165 1917 4232 proximi;
1951 4181 2099 4219 cum-

509 4266 615 4321 que
643 4253 716 4308 sit
749 4268 892 4308 unus
928 4253 1080 4309 vobis
1112 4263 1298 4324 pastor
1324 4253 1645 4324 praefectus,
1682 4256 1830 4311 nullo
1861 4271 2094 4326 unquam

510 4340 766 4395 seandalo
795 4352 889 4396 aut
915 4342 1209 4399 schismate
1245 4357 1344 4400 vos
1379 4343 1543 4400 dividi
1584 4345 1864 4414 patiamini
1905 4344 2094 4418 (Eccli.

512 4434 682 4504 nrt).
715 4433 832 4489 Non
858 4449 956 4490 vos
981 4451 1105 4490 ossa
1133 4451 1458 4492 consumens
1487 4447 1662 4493 vastet
1692 4437 1914 4504 invidia,
1942 4455 2096 4494 nam-

511 4541 617 4596 que
646 4527 858 4582 invidus
889 4527 1112 4582 alterius
1143 4529 1304 4583 rebus
1333 4529 1622 4585 macrescit
1657 4529 1852 4600 opimis
1875 4567 1892 4594 ,
1921 4540 1974 4585 et
2011 4531 2094 4584 in-

579 4679 692 4753 (l-Z)
725 4681 860 4736 Hott.
890 4679 1063 4753 Epist.
1098 4682 1137 4737 1.
1172 4683 1223 4746 1.
1252 4684 1345 4738 ll.

580 4750 693 4819 (l3)
723 4753 858 4806 Hon.
891 4750 1069 4808 Carm.
1097 4769 1136 4816 t,
1167 4754 1261 4818 24,
1293 4754 1322 4806 7
1347 4763 1401 4807 et
1427 4754 1482 4810 8.

578 4822 692 4892 (14)
729 4823 862 4878 llon.
897 4822 1070 4892 Epist.
1103 4839 1143 4888 ι,
1177 4825 1266 4888 16,
1303 4825 1384 4878 17.

579 4891 693 4936 IIS)
728 4893 859 4936 "nn-
887 4891 1000 4936 Sal,
1036 4910 1073 4938 I_
1111 4899 1161 4938 4-
1206 4895 1323 4938 “I7-

2186 1883 2292 1936 est,
2317 1874 2623 1944 operamini
2649 1875 2848 1928 bonum
2872 1873 2938 1926 ad
2974 1886 3164 1926 omnes
3189 1867 3334 1941 (Cal.
3363 1869 3462 1938 vt).
3492 1867 3642 1922 Mors
3666 1867 3791 1919 ulti-

2186 1981 2274 2020 ma
2306 1963 2447 2020 linea
2467 1978 2646 2019 rerum
2680 1962 2914 2034 est(22).
2947 1961 3247 2030 Perpetuus
3276 1958 3406 2012 nulli
3439 1959 3610 2011 datur
3642 1972 3789 2017 usus.

2185 2065 2242 2112 et
2277 2055 2452 2112 haeres
2496 2055 2767 2109 haercdem
2813 2052 3036 2107 alterius
3079 2051 3227 2106 velut
3281 2049 3425 2102 unda
3476 2048 3795 2117 supervenit

2187 2144 2537 2215 ,undamt‘25).
2573 2142 2757 2198 Pulvis
2787 2151 2844 2197 et
2873 2142 3061 2196 umbra
3087 2139 3435 2208 sumusﬁi):
3469 2152 3668 2191 omnes
3691 2152 3792 2189 una

2190 2247 2556 2301 tnanetmors,
2582 2235 2905 2291 etcalcanda
2938 2234 3104 2289 semel
3137 2235 3220 2288 via
3255 2231 3540 2301 lcthi(25).
3569 2230 3797 2284 lnbonis

2190 2343 2370 2384 autem
2400 2329 2656 2400 eperilms
2676 2337 2732 2382 et
2762 2335 2906 2380 recte
2937 2326 3096 2380 factis
3126 2325 3174 2378 si
3209 2324 3336 2378 hinc
3369 2322 3794 2382 decesserimus,

2191 2424 2334 2482 beati
2363 2424 2594 2486 erimus,
2628 2436 2736 2474 una
2769 2435 2890 2475 cum
2921 2418 3244 2488 corporibus
3271 2415 3437 2471 etiam
3473 2414 3627 2469 omni
3649 2412 3794 2482 cupi-

2191 2515 2358 2570 ditate
2388 2522 2443 2567 ct
2465 2510 2812 2566 :emulatione
2843 2508 3100 2563 absoluti.

2263 2605 2358 2660 llis
2380 2603 2717 2658 suavissimis
2773 2602 2948 2673 iisque
2979 2611 3240 2655 extremis
3273 2596 3628 2652 sermonibus
3659 2608 3791 2648 mce-

2194 2713 2371 2752 rorcm
2411 2697 2625 2750 illorum
2668 2695 2872 2749 lenivit.
2912 2693 3118 2748 Deinde
3145 2691 3354 2746 modica
3402 2697 3694 2758 correptus
3721 2686 3793 2740 fe-

2194 2791 2312 2852 hre,
2373 2803 2496 2841 cum
2531 2801 2588 2841 se
2630 2785 2966 2841 sacrosancti
3003 2783 3248 2854 corporis
3285 2791 3338 2836 et
3370 2780 3656 2850 sanguinis
3690 2779 3791 2832 Do-

2197 2880 2330 2934 mini
2397 2880 2596 2934 viatico
2658 2879 3078 2939 confirmasset,
3140 2875 3282 2928 inter
3343 2871 3791 2926 charissimorutn

2197 2973 2430 3024 filiorum
2489 2984 2680 3024 manus
2733 2968 2971 3022 animam
3027 2965 3262 3020 reddidit
3315 2962 3615 3025 Creatori,
3677 2969 3793 3031 post

2199 3065 2508 3120 diuturnam
2531 3061 2750 3116 Christo
2763 3061 3061 3116 exhibitam
3079 3059 3420 3114 servitutem.
3439 3054 3610 3109 Vetus
3625 3054 3790 3108 lsraev

2199 3156 2314 3218 lita,
2330 3169 2576 3225 egressus
2589 3168 2649 3206 ex
2668 3153 2922 3223 Aigypto,
2939 3149 3168 3220 spoliato
3183 3149 3378 3212 vicino,
3397 3157 3557 3200 aucta
3590 3145 3790 3200 talenta

2201 3247 2514 3316 reportavit.
2534 3246 2740 3314 Corpus
2754 3243 2891 3310 ejus,
2907 3241 3203 3296 honorifice
3217 3250 3486 3302 curatum,
3507 3254 3635 3292 cum
3661 3235 3794 3290 mul-

2201 3347 2254 3392 ta
2277 3338 2605 3409 psalmorum
2634 3346 2688 3391 ct
2715 3338 3039 3406 hymnorum
3073 3332 3301 3387 meiodia
3321 3332 3372 3382 itt
3396 3329 3538 3382 beati
3581 3325 3790 3382 Martini

2201 3432 2442 3486 oratorio
2489 3431 2633 3502 quod
2684 3430 2797 3498 ipse
2836 3434 3157 3482 extruxerat
3202 3426 3484 3479 humatum
3529 3429 3655 3483 est;
3705 3418 3790 3471 ubi

2200 3523 2364 3576 etiam
2396 3521 2706 3590 aliquandiu
2732 3521 2930 3590 jaeuit,
2967 3515 3245 3571 miraculis
3281 3513 3500 3568 interim
3537 3518 3791 3566 testatum

2198 3614 2436 3668 elliiens
2493 3627 2552 3667 se
2590 3613 2731 3680 apud
2800 3610 3086 3665 Dominmn
3129 3608 3331 3660 vivere.
3386 3602 3671 3658 Successit
3717 3599 3794 3652 illi

2200 3703 2451 3757 dominus
2499 3699 2845 3770 Papoleuus,
2894 3697 2977 3752 vir
3022 3695 3381 3766 apostolicus,
3425 3692 3586 3761 cujus
3633 3704 3790 3757 supra

2199 3793 2428 3849 fecimus
2466 3791 2792 3846 mentionem
2827 3807 2840 3843 :
2873 3786 3145 3858 Papoleno
3177 3784 3474 3854 Sigolinus,
3528 3781 3676 3836 beati
3705 3795 3793 3849 pa-

2203 3900 2239 3944 ti
2257 3887 2523 3957 isjudicio
2547 3901 2700 3955 atque
2725 3884 3054 3953 approbatus
3082 3896 3098 3934 :
3126 3878 3368 3949 Sigolino
3391 3874 3676 3930 Goduinus
3704 3888 3793 3924 an-

2199 3979 2286 4033 ttis
2314 3989 2368 4032 ct
2399 3993 2608 4030 morum
2641 3974 2949 4027 maturitate
2978 3971 3328 4041 grandzevus,
3363 3967 3454 4035 qui
3485 3963 3664 4019 sancti
3699 3962 3793 4013 viri

2199 4085 2397 4140 corpus
2431 4065 2740 4130 transtulit,
2771 4074 2826 4120 et
2860 4063 2915 4117 in
2957 4060 3198 4116 Ecclesia
3226 4057 3286 4112 Β.
3327 4057 3474 4113 Petri
3510 4053 3755 4124 reposuit
3776 4089 3793 4112 ,

2199 4163 2511 4229 lectumque
2547 4159 2688 4213 illius
2724 4171 2854 4209 auro
2889 4164 2942 4208 et
2980 4161 3206 4221 argento
3227 4147 3534 4204 ornandum
3563 4144 3790 4199 curavit.

2201 4251 2562 4322 Ubi,perejus
2589 4249 2802 4311 merita,
2828 4245 2990 4299 multa
3018 4258 3188 4312 usque
3212 4243 3262 4295 iu
3280 4254 3519 4310 pra‘sens
3536 4237 3792 4291 Dominus

2200 4343 2583 4397 miraculorum
2610 4339 2760 4410 signa
2783 4334 2964 4400 clIicit,
2987 4347 3107 4404 quae
3128 4331 3238 4386 illic
3259 4328 3568 4396 conscripta
3593 4324 3792 4380 haben-

2203 4447 2290 4489 tttr
2328 4435 2380 4488 in
2420 4433 2634 4486 laudem
2666 4439 2719 4484 et
2751 4428 2977 4498 gloriam
3015 4423 3362 4496 prmpotcntis
3405 4420 3531 4485 Dei,
3579 4417 3674 4488 qui
3703 4425 3792 4469 ess

2200 4528 2515 4584 benedictus
2542 4525 2594 4579 itt
2627 4521 2846 4578 saecula.
2877 4520 3070 4574 Amen.

2271 4680 2384 4749 (l9)
2419 4679 2556 4734 lion.
2589 4677 2759 4748 Epist.
2789 4693 2828 4740 ι,
2858 4673 3031 4749 2.57.

2274 4745 2388 4822 (ξω)
2421 4751 2558 4822 llon.
2586 4745 2758 4818 Epist.
2791 4764 2830 4810 ι,
2867 4748 2954 4809 12,
2976 4745 3031 4798 ιι

2273 4821 2385 4893 (il)
2425 4821 2665 4893 Lucnejr.

2268 4884 2382 4940 [ἐνὶῖ
2417 4893 2551 4940 "nn.
2589 4891 2736 4940 lt'uist
2788 4906 2828 4940 ι.
2859 4885 2946 4940 l6.
2981 4884 3068 4938 79.
