4042 5300
511 175 663 233 118³

1445 172 1824 234 TIIIETMARI
1867 175 2490 234 MERSEBURGENSIS
2530 175 2834 235 EPISCOPI

3652 171 3780 228 1181

3450 376 3760 395 -ῄ

1196 484 2104 665 THIETMARI
2193 510 3108 640 CHRONICON

632 772 883 815 ειιεκτε
931 753 1003 814 V.
1040 749 1136 813 Cl.
1171 750 1358 812 Joan.
1399 752 1488 822 Μ,
1515 747 1957 828 Lappcuberg,
1992 747 2048 810 Ι.
2088 747 2160 810 U.
2193 746 2297 819 D.,
2323 744 2715 825 Reipublicae
2761 744 3272 824 Hamburgensis
3321 744 3677 808 tabulario.

1471 837 1589 856 φ

1707 886 1937 986 (Ρέκη,
1964 911 2203 968 Monum.
2245 910 2422 966 Germ.
2452 909 2601 982 hist.)

510 1185 757 1245 INCIPIT
797 1183 1169 1242 PROLOGUS
1210 1127 1677 1237 VENERABILIS
1713 1174 1924 1233 DOMNI
2404 1169 2711 1227 EPISCOPI
2773 1168 3404 1227 MERSEBURGENSIS
3455 1169 3525 1227 IN
3558 1169 3797 1228 GESTA

506 1402 869 1472 Conjunctum
901 1400 1043 1457 dulci
1077 1399 1296 1455 Fraterni
1322 1398 1464 1469 juris
1494 1411 1681 1451 amore

508 1496 576 1551 Et
608 1497 737 1551 mihi
777 1495 1030 1550 dilectum
1060 1492 1281 1563 supplex
1316 1507 1446 1561 rogo
1485 1500 1535 1545 te
1573 1487 1903 1560 Sigeiridum
1943 1484 2093 1558 (111)

507 1585 664 1642 Nunc
689 1600 788 1653 ego
810 1585 1157 1641 'I'hietmarus
1182 1586 1227 1648 ',
1254 1582 1439 1657 videas
1465 1597 1579 1637 mea
1609 1582 1809 1650 scripta
1840 1578 2094 1649 benigne,

521 1676 653 1741 Quae
679 1675 928 1746 placcant
951 1676 1179 1738 addcns,
1200 1682 1248 1728 ct
1276 1687 1505 1743 qumque
1534 1670 1805 1737 superﬂua
1835 1669 2046 1724 tollens.

510 1765 635 1824 Haec
663 1784 770 1823 non
802 1778 993 1823 ornatu
1021 1765 1307 1836 splendent
1338 1764 1653 1821 dictaminis
1679 1763 1811 1826 utio,

508 1859 616 1916 Sel
649 1868 858 1914 tantum
884 1859 1043 1930 plano
1065 1866 1391 1930 percurrunt
1414 1857 1606 1929 ordine
1634 1870 1827 1927 campo

507 1950 620 2006 Sus
645 1953 764 2007 una;
791 1967 977 2022 regum
1011 1953 1177 2006 vitam
1217 1965 1506 2021 moresque
1540 1950 1770 2021 piorum.

509 2042 591 2107 Qu
612 2057 748 2095 )rmn
773 2041 1109 2113 temporibus
1146 2056 1367 2111 regnum
1397 2040 1544 2095 velut
1567 2040 1733 2094 ardua
1760 2038 1957 2095 cedrus

510 2129 554 2186 Ε
578 2130 716 2184 nituit
744 2141 988 2185 nostrum
1017 2130 1165 2202 (115)
1195 2130 1349 2200 longe
1377 2131 1592 2199 lateque
1622 2128 1939 2184 timendum.

511 2222 708 2278 Dicunt
731 2222 977 2278 ecclesia:
1005 2214 1335 2277 structuram
1363 2223 1705 2292 dampnaque
1736 2228 1963 2288 nostrae,

510 2310 640 2382 Ejus
679 2306 941 2378 laetiﬁcum
966 2312 1021 2367 in
1052 2312 1176 2383 quis
1206 2322 1513 2382 reparatur,
1535 2320 1588 2366 et
1616 2326 1811 2377 annos,

510 2387 580 2457 Ᾰι
604 2404 912 2473 provisorcs
942 2403 1182 2471 ejusdem
1217 2413 1327 2458 tum
1359 2404 1745 2460 simulomues.

509 2491 628 2549 Non
657 2493 992 2549 asscribatur
1013 2494 1169 2559 mihi,
1199 2494 1243 2549 si
1271 2496 1400 2566 quid
1435 2495 1487 2549 in
1519 2495 1621 2550 hoc
1648 2495 1892 2550 variatur

510 2584 681 2641 Libro
711 2585 793 2641 vel
815 2586 974 2651 desit,
1001 2587 1154 2642 testis
1178 2602 1302 2642 cum
1330 2585 1586 2656 parvulus
1615 2586 1765 2657 (116)
1805 2587 1960 2643 assit.

513 2675 688 2734 Nevas
718 2678 932 2734 inscitia
962 2689 1117 2735 natas
1141 2678 1187 2744 ⁸.
1209 2679 1512 2745 carissime,
1551 2688 1720 2744 muta,

2120 1388 2170 1449 Α
2200 1383 2267 1440 Et
2280 1385 2620 1442 nonexteruis
2642 1395 2763 1440 tuus
2794 1401 3040 1455 umquam
3068 1387 3264 1440 substet
3289 1384 3438 1457 (118)
3460 1385 3798 1458 nitidi”)-

2269 1477 2315 1535 Ο
2345 1494 2441 1534 vos
2468 1476 2817 1543 christicolre,
2842 1477 3025 1533 cordis
3054 1493 3196 1532 nunc
3229 1491 3361 1531 voce
3401 1486 3623 1548 rogate.

2199 1566 2456 1638 Majcstas
2486 1567 2700 1623 Domini
2729 1582 2838 1638 quo
2869 1568 3119 1638 dignetur
3142 1567 3411 1628 misereri.

2199 1663 2277 1719 Ne
2320 1662 2463 1730 mala
2489 1677 2590 1719 nos
2616 1662 2913 1735 stringant,
2940 1677 3061 1733 qua:
3092 1660 3256 1717 multa
3288 1675 3595 1725 meremur,
3624 1668 3684 1713 et
3708 1673 3804 1711 an-

2278 1760 2279 1763 ‘
3533 1749 3733 1823 learn.

2200 1847 2360 1904 Certa
2399 1846 2706 1902 futurorum
2738 1861 2860 1918 qua
2891 1861 2997 1903 vox
3035 1855 3266 1903 ventura
3294 1847 3566 1901 bonorum

2199 1938 2444 1995 Prcdisit
2469 1939 2668 1993 nostris
2694 1939 2747 1995 in
2778 1939 3139 2010 temporibus,
3164 1937 3475 1993 manifestis

2199 2028 2307 2086 Pro
2334 2030 2357 2062 ⁵
2387 2025 2570 2085 dolor!
2597 2029 2649 2084 in
2685 2029 2869 2084 multis
2890 2028 3414 2098 mauil‘estandisque
3450 2025 3728 2097 profecto.

2271 2119 2339 2174 Et
2358 2119 2685 2189 quicumque
2715 2132 2890 2174 meam
2910 2118 3074 2173 debes
3088 2130 3284 2173 curare
3306 2115 3660 2180 cathedram,

2202 2211 2355 2266 Ilamc
2384 2210 2502 2280 lege
2528 2210 2879 2280 scripturam,
2906 2209 3182 2265 studiosus
3206 2216 3390 2262 amato
3417 2206 3704 2277 pusillam,

2200 2303 2333 2371 Quae
2362 2303 2594 2359 strictim
2626 2302 2814 2372 pandit
2845 2317 2965 2373 qua:
2989 2300 3223 2372 plurima
3252 2314 3405 2353 mens
3437 2306 3532 2353 tua
3563 2297 3762 2368 poscit.

2204 2395 2383 2455 Vincit
2413 2399 2669 2456 mortales
2697 2397 2898 2454 florens
2932 2398 3169 2453 dictatus
3191 2404 3247 2450 et
3273 2408 3488 2451 omnes.

2200 2493 2357 2559 Quod
2389 2509 2535 2548 nunc
2556 2501 2641 2548 est
2669 2492 2872 2564 passim
2901 2491 3229 2561 dispersum,
3260 2487 3456 2559 collige
3497 2484 3729 2541 sensim.

2202 2585 2319 2644 Non
2351 2587 2494 2642 servi
2528 2586 2708 2653 famae,
2738 2584 2832 2641 scd
2862 2585 2985 2639 vitae
3012 2584 3153 2638 dona
3180 2595 3429 2653 superna-

2206 2679 2275 2737 Ut
2302 2680 2508 2751 capias,
2537 2680 2723 2750 vigila,
2748 2678 3008 2733 mercaris
3041 2685 3100 2732 ut
3136 2676 3388 2745 hancque
3411 2672 3629 2727 labora.

510 2766 783 2835 Credens,
824 2771 966 2840 quod
1020 2785 1313 2856 numquam
1354 2772 1619 2842 cepissem
1665 2770 1909 2826 scribere
1939 2768 2099 2859 quicf
2127 2743 2172 2804 Β
2202 2777 2293 2833 Sis
2320 2792 2551 2842 memor,
2574 2791 2694 2841 oro,
2721 2776 2849 2841 mei,
2878 2776 2971 2845 qui
2998 2773 3227 2829 crimina
3257 2772 3427 2829 multa
3458 2770 3672 2842 peregi,
3757 2810 3770 2819 .

1803 2861 1990 2935 [quam
2008 2903 2024 2929 ,

513 2950 575 3006 Ni
607 2953 750 3022 quod
779 2952 1018 3023 profatus
1046 2955 1139 3011 tibi
1166 2972 1284 3012 sum
1318 2955 1642 3028 furct(i-I7).
1664 2955 1805 3027 Ergo
1830 2955 2098 3026 benignus
2142 3030 2145 3031 ν

512 3040 674 3097 Tales
695 3041 859 3098 funde
890 3060 1080 3114 preces
1107 3060 1316 3101 mecum
1344 3048 1411 3101 de
1439 3048 1604 3101 corde
1637 3046 1872 3116 gementi
1907 3063 1919 3099 :

509 3134 738 3199 Christe,
772 3138 931 3192 decus
967 3156 1170 3210 regum,
1202 3141 1499 3195 moderator
1517 3151 1564 3194 et
1596 3140 1957 3209 imperiorum,

517 3225 824 3296 Propiciare
848 3240 938 3283 tuo
964 3247 1079 3284 cum
1109 3234 1398 3286 commissis
1421 3233 1519 3286 sibi
1549 3249 1728 3301 regno,

512 3319 588 3377 Ut
622 3322 738 3390 tibi,
771 3341 872 3378 non
902 3327 1070 3393 nobis,
1100 3326 1337 3381 solvatur
1351 3327 1522 3398 gloria
1554 3328 1747 3394 laudis,

2201 2866 2652 2924 Predeccssorum
2678 2867 3007 2923 deterrimus
3031 2880 3160 2921 ecce
3190 2880 3456 2920 meorum.

2201 2959 2285 3016 Me
2311 2961 2406 3015 tibi
2431 2959 2734 3024 committo,
2765 2958 2976 3013 veniam
3005 2958 3173 3028 petito
3198 2956 3351 3022 mihi,
3381 2971 3583 3026 queso.

2274 3050 2507 3107 Cronica
2541 3050 2842 3105 ’l'hietmari
2864 3064 2927 3103 se
2950 3056 3205 3118 poscunt,
3240 3047 3435 3110 lector,
3465 3046 3670 3112 atuari.

2207 3142 2404 3201 Usibus
2435 3144 2667 3197 assiduis
2695 3142 2990 3197 excludunt
3012 3139 3186 3196 tristia
3216 3140 3435 3193 mentis.

2210 3235 2375 3292 Ludis
2402 3245 2458 3291 et
2488 3234 2653 3289 variis
2689 3233 2875 3289 eadem
2898 3232 3181 3303 prepouito
3209 3229 3364 3313 vanis
3395 3247 3411 3284 :

2211 3326 2300 3381 Sis
2323 3328 2500 3397 justus
2520 3326 2767 3392 laudans,
2799 3340 2897 3397 pro
2923 3323 3298 3396 peccatoribus
3324 3338 3512 3378 orans.

1840 3518 2093 3559 EXI’LICI'I'
2149 3518 2444 3560 PROLOGUS.

1584 3703 2007 3819 LIBER
2102 3661 2704 3818 PRIMUS“.
2780 3647 2788 3653 ’

589 3920 643 3974 1.
684 3918 831 3975 Mens
860 3929 944 3974 est
984 3920 1238 3976 omnibus
1265 3920 1448 3991 aliqua
1487 3920 1832 3990 proficuitate
1861 3896 2097 3977 cluenti-Q
2126 3925 2170 3987 (ζ,
2202 3919 2284 3974 cia
2318 3921 2618 3988 producere
2646 3929 2782 3975 etut
2813 3920 2954 3976 imus
2979 3920 3348 3977 fabcriufelici
3374 3935 3596 3977 summa
3621 3923 3793 3992 operis

514 4028 638 4079 ous,
670 4016 719 4065 iu
748 4012 985 4082 presenti
1014 4021 1069 4091 ct.
1099 4014 1152 4068 in
1186 4013 1369 4068 futuro
1394 4013 1497 4068 sibi
1535 4013 1816 4083 prolicere,
1852 4012 2106 4067 commis-

515 4119 713 4172 sasque
739 4104 840 4157 sibi
873 4118 981 4169 res,
1009 4114 1068 4158 ut
1090 4105 1241 4175 potis
1263 4114 1347 4160 est
1374 4104 1459 4161 vel
1497 4105 1687 4160 sollers
1720 4104 1911 4159 fiducia
1951 4105 2101 4168 sinit,

512 4208 821 4263 propagare
870 4197 1181 4268 viventique
1232 4211 1450 4268 semper
1498 4196 1774 4251 memoria-
1826 4211 2107 4251 commcn-

513 4284 552 4338 d
574 4300 669 4338 ire.
700 4285 966 4354 Quocirca
994 4302 1093 4357 ego
1125 4286 1492 4354 Thietmarus,
1518 4304 1626 4343 non
1654 4289 1828 4343 solum
1855 4289 2103 4356 honoris,

518 4387 708 4427 verum
754 4374 920 4429 etiam
962 4376 1199 4432 uoruiuis
1250 4377 1503 4449 indignus
1528 4378 1874 4449 episcopalis,
1905 4377 2105 4435 Merse-
2138 4370 2143 4375 ’

519 4464 809 4535 burgensis
841 4465 1039 4522 seriem
1062 4467 1298 4523 civitatis
1332 4468 1460 4523 olim
1487 4468 1645 4540 longe
1675 4468 1892 4539 lateque
1917 4468 2103 4524 cluen-

514 4564 649 4621 sem,
682 4571 825 4612 nunc
855 4565 1036 4613 autem
1056 4557 1343 4613 oblivionis
1363 4560 1517 4616 senio
1541 4560 1869 4631 caligantem
1885 4559 2102 4616 fervens

503 4645 781 4719 relegere,
814 4651 1104 4706 admodum
1137 4667 1326 4707 vereor
1352 4651 1559 4708 fumum
1592 4669 1658 4709 ex
1705 4653 1912 4726 fulgore
1943 4655 2102 4710 insci-

2208 4011 2443 4068 deﬂcere
2472 4010 2734 4084 (lienam,
2764 4012 2934 4077 Serm.
2965 4028 3028 4079 ιι,
3058 4012 3110 4075 5,
3149 4012 3250 4067 145
3283 4023 3333 4068 et
3378 4012 3470 4078 32,
3522 4015 3641 4086 51).
3693 4013 3791 4068 Sed

2209 4113 2531 4176 suppeteute
2573 4104 2829 4173 cuiquam
2876 4104 3014 4160 bona
3070 4105 3345 4160 voluntate
3390 4104 3584 4177 (120),
3640 4116 3696 4160 et
3739 4114 3794 4158 ut

2211 4203 2404 4258 beatus
2434 4198 2635 4252 fatetur
2663 4197 2980 4267 Gregorius,
3012 4197 3234 4255 Christo
3259 4200 3327 4254 ad
3367 4200 3472 4255 hoc
3497 4201 3791 4271 aspirante,

2211 4290 2430 4361 incipio.
2460 4303 2525 4344 ac
2552 4288 2749 4358 ignotas
2769 4288 3175 4361 ejusdemtlat)
3208 4292 3530 4355 clementiae,
3566 4293 3794 4363 qualiter

2210 4382 2294 4437 vel
2330 4379 2601 4450 scriptura
2656 4380 2771 4435 haec
2807 4380 2891 4434 vel
2927 4381 3092 4435 etiam
3150 4382 3329 4435 omnis
3377 4382 3623 4452 praefata:
3650 4383 3793 4435 urbis

2210 4487 2423 4528 summa
2443 4469 2818 4535 concludatur,
2848 4466 3074 4540 supplex
3106 4471 3407 4526 committo.

2280 4564 2335 4617 2.
2370 4561 2539 4632 Hujus
2565 4576 2594 4614 a
2627 4560 2803 4630 primo
2832 4560 3241 4615 fundamentum
3270 4570 3324 4616 et
3348 4576 3477 4616 cum
3523 4569 3670 4617 terra
3696 4576 3783 4615 su-

2207 4652 2707 4725 percdilieationem
2755 4652 3012 4709 Romulea
3063 4668 3129 4708 es
3179 4665 3363 4725 gente,
3419 4670 3545 4723 qua:
3597 4651 3789 4709 Iulium

1804 4832 2036 4890 VARIA'I
2073 4832 2367 4893 LECTION
2376 4834 2479 4892 ES.

592 4948 615 4979 ι
659 4945 914 5016 Prologus
942 4957 989 5000 et
1035 4945 1411 5001 iuitium'libri
1454 4947 1632 5017 primi.
1681 4945 1737 5017 in
1771 4945 1797 5001 1
1832 4946 2130 5017 deperdita,
2159 4949 2396 5017 suppleta
2444 4959 2565 5003 sunt
2603 4966 2630 5002 e
2670 4949 2722 5002 2.
2803 4949 2825 4980 ²
2875 4948 3163 5000 thitmarus
3212 4944 3267 4997 2.
3316 4943 3478 4998 semel
3516 4945 3615 4997 hoc
3661 4945 3782 5002 loco.

517 5018 542 5090 ξ
578 5017 769 5090 eros
796 5013 1006 5090 inscitia
1037 5028 1194 5090 natos
1216 5013 1780 5090 torrerit’jfeibuitius.
1805 5014 1869 5069 At
1890 5013 2235 5090 λΊἸιίᾳιηιᾳηιέ
2260 5013 2441 5072 noster
2461 5036 2664 5090 semper
2691 5021 2859 5073 utitur
2897 5017 3048 5073 verba
3077 5030 3253 5075 naeva,
3284 5031 3570 5085 numquam
3594 5030 3782 5072 navus.

521 5088 547 5120 ⁵
578 5088 745 5159 procl:
793 5085 847 5140 2.
878 5103 1097 5141 semuer.
1172 5088 1196 5118 ⁸
1238 5086 1429 5155 Incipit
1459 5086 1595 5140 liber
1627 5086 1834 5156 primus
1870 5087 1936 5141 de
1981 5087 2194 5142 hinrico
2222 5090 2398 5159 primo
2424 5085 2753 5162 imperatore
2776 5101 2833 5143 τέ.

1989 5204 2221 5261 NOTAE.
