4042 5300
243 245 380 304 1185

1515 242 1929 300 Cl-IRONICON.
1972 276 2041 286 ο-
2079 245 2207 301 LIB.
2247 248 2285 303 Ι.

3385 263 3528 326 1183

236 363 492 418 Ccsarem
517 359 755 432 Pompeii
773 374 1031 430 generum
1055 357 1202 430 (I22)
1227 370 1310 414 est
1334 359 1440 415 Imc
1463 359 1590 413 olim
1618 368 1826 425 secuta,
1859 363 1906 418 Α
1935 377 2050 414 rum
2086 380 2358 427 reversus,
2389 374 2442 419 et
2468 364 2623 434 juxta
2653 367 2886 439 plateam
2922 369 2973 423 in
3005 380 3155 442 parte
3197 377 3526 445 septentrio-

236 453 294 508 in
323 455 574 508 onmibus
623 459 897 522 potentem
931 461 984 506 et
1025 451 1266 520 utrisque
1293 452 1498 504 viribus
1525 452 1828 520 precluum,

235 544 528 614 incepisse,
553 543 724 598 lector
761 544 1005 612 diligens,
1037 543 1222 610 accipe
1254 542 1422 611 (HS).
1456 542 1518 595 Et
1548 544 1670 608 quia
1704 553 1829 596 tunc

234 635 338 690 fuit
368 635 482 690 [nec
508 643 633 705 apta
669 635 823 688 bellis
856 646 910 689 et
941 636 991 688 in
1013 637 1265 689 omnibus
1289 652 1504 702 semper
1530 637 1830 704 triumpha-

233 726 323 790 lis,
351 729 574 796 antiquo
606 744 754 780 more
799 727 986 782 Martis
1017 729 1228 798 signata
1261 738 1344 782 est
1387 728 1500 800 (fol.
1542 731 1590 793 I,
1620 730 1738 783 cod.
1779 729 1827 798 I)

234 819 474 874 nomine.
510 818 718 874 Posteri
749 831 925 874 autem
963 819 1126 886 Mese,
1172 821 1223 876 id
1264 832 1347 877 est
1378 822 1611 877 mediam
1652 823 1829 891 regio-

232 915 321 968 nis
351 915 523 985 (121),
552 918 934 986 nuncupabant
965 933 1106 980 eam,
1137 917 1223 973 vel
1264 934 1290 970 a
1337 920 1570 987 quadam
1616 919 1828 989 virgine

231 1005 316 1060 sic
367 1007 529 1061 dicta.
595 1007 694 1073 Qui
745 1022 875 1062 vero
927 1005 1169 1075 ejusdem
1224 1008 1536 1078 principes,
1576 1008 1659 1062 vel
1708 1025 1828 1079 qua:

229 1100 547 1153 eorumdem
593 1099 792 1155 Iuerint
835 1100 1086 1162 virtutes,
1147 1110 1275 1155 ante
1325 1099 1526 1155 Christi
1575 1085 1826 1156 incarna-

232 1188 436 1242 tionem
469 1189 548 1241 vel
579 1184 734 1258 post,'
751 1189 877 1259 quia
915 1191 1264 1260 antiquorum
1301 1191 1479 1260 sagaci
1508 1191 1529 1222 ⁸
1564 1191 1824 1245 memoria

229 1287 443 1333 certum
470 1278 728 1349 indagare
751 1279 772 1312 '
811 1295 1041 1350 nequeo,
1070 1297 1172 1336 nec
1214 1298 1311 1352 per
1343 1283 1544 1351 scripta
1586 1282 1824 1347 invenio,

231 1384 301 1422 ne
342 1369 574 1422 mendax
615 1369 880 1433 inveniar,
915 1386 1137 1439 prorsus
1179 1372 1392 1425 omitto.
1434 1372 1519 1425 Ah
1569 1370 1826 1425 llciurico

229 1468 479 1510 sumatur
521 1459 827 1525 exordium,
861 1461 951 1529 qui
1004 1461 1264 1528 predictre
1312 1462 1551 1516 civitatis
1585 1461 1824 1530 adperli-

226 1551 421 1604 nencia
453 1549 844 1620 multoromjus
883 1562 1009 1607 tunc
1041 1555 1387 1624 respicientia
1424 1554 1619 1618 uuivit,
1665 1553 1826 1620 majo-

229 1655 402 1709 raque
439 1639 524 1693 bis
558 1641 785 1694 multum
818 1658 912 1697 sua
955 1644 1154 1697 virtute
1189 1653 1245 1697 et
1290 1643 1553 1697 industria
1588 1643 1820 1714 subegit.

1935 452 2064 510 nali.
2095 455 2199 508 lim
2226 470 2389 526 super
2431 473 2596 512 unum
2641 459 2830 515 collem
2875 462 3073 515 suimet
3108 467 3366 529 tentorio,
3399 484 3521 523 cum

1936 543 2154 596 missam
2211 556 2456 610 caueret,
2529 549 2707 602 hostili
2773 551 3216 608 circumvallatos
3281 558 3521 626 agmine,

1935 633 2321 702 premissfsque
2357 637 2609 690 omuilms
2651 653 2748 708 per
2799 642 3103 695 martirimn
3153 646 3353 701 suimet
3391 665 3526 703 con-

1932 723 2118 786 sociis,
2161 734 2330 779 semet
2379 727 2549 797 ipsum
2594 731 2782 799 optulit
2825 733 2934 786 Deo
2983 736 3145 804 patri,
3178 738 3307 792 892°
3347 741 3524 794 domi-

1934 815 2067 869 nicze
2122 819 2510 872 incartmtinnis
2561 839 2701 874 atmo
2750 835 2802 876 et
2835 819 2876 855 ¹¹
2928 829 3258 896 temporibus
3310 831 3520 886 Amulli

1934 905 2267 974 inperatoris
2300 909 2342 940 "
2385 910 2558 979 (I32),
2597 929 2718 966 cum
2769 915 3141 973 oblacionibus
3191 925 3527 979 consecratis

1931 999 1986 1054 in
2016 998 2342 1053 SttCrilit'ium
2373 1001 2566 1066 laudis,
2595 1005 2683 1056 ubi
2720 1005 2876 1059 hodie
2908 1023 3034 1077 sepe
3071 1025 3299 1066 accensa
3336 1017 3526 1070 viden-

1929 1098 2020 1145 tur
2071 1092 2390 1158 luminaria;
2443 1102 2498 1148 et
2550 1105 2770 1150 sanctos
2811 1098 2903 1152 Dei
2942 1102 3197 1158 martircs
3240 1106 3338 1160 hos
3403 1122 3524 1162 esse

1930 1199 2032 1240 nec
2081 1185 2260 1240 Sclavi
2309 1186 2576 1241 dubitant.
2627 1188 2908 1246 Predictus
2951 1196 3181 1251 antistes
3227 1199 3278 1252 in
3326 1199 3520 1255 diebus

1929 1274 2080 1330 ol'litii
2113 1278 2312 1350 suimet
2338 1279 2392 1332 in
2420 1279 2551 1332 urbe
2578 1279 3003 1352 Wirciburgeusi
3033 1285 3076 1317 "
3101 1303 3262 1342 unum
3295 1290 3520 1346 Domino

1930 1368 2211 1436 templum,
2245 1380 2299 1423 et
2348 1371 2400 1424 in
2448 1372 2760 1440 episcopatu
2809 1390 2908 1428 suo
2947 1379 3014 1430 ad
3063 1379 3234 1434 instar
3276 1383 3517 1453 ejusdem

1927 1458 2202 1512 :ccclesias
2248 1459 2281 1513 9
2330 1459 2381 1513 in
2431 1460 2496 1514 I0
2547 1462 2704 1514 anuis
2756 1463 2899 1517 fecit.
2941 1465 3007 1519 Et
3047 1484 3168 1521 cum
3226 1473 3516 1528 maximam

1929 1549 2120 1604 harum
2173 1551 2257 1605 his
2307 1551 2681 1617 benediceret,
2733 1555 2850 1625 (fol.
2896 1557 2953 1628 ἓ)
3003 1569 3057 1613 et
3105 1577 3225 1614 cum
3275 1551 3520 1634 reliquiae

1926 1642 2130 1696 Christi
2173 1645 2432 1714 martyris
2465 1643 2684 1708 Kiliani,
2718 1678 2787 1686 —
2815 1651 2927 1717 qui,
2966 1651 3030 1704 de
3055 1651 3256 1706 Scottis
3288 1655 3391 1707 huc
3425 1670 3519 1709 ve-

225 1735 330 1791 llic
365 1739 742 1794 nobilissimo'
769 1739 984 1795 Ottonis
1014 1750 1070 1797 ct
1110 1740 1332 1795 llattlmi
1356 1740 1506 1812 (1⁸25)
1531 1747 1822 1795 stemmate
1859 1727 1898 1786 Β
1931 1735 2106 1798 niens,
2131 1735 2405 1790 Christum
2433 1736 2706 1793 Gozberto
2737 1742 2856 1794 duci
2889 1753 2942 1796 et
2968 1743 3158 1799 Geilan
3197 1747 3349 1799 uxori
3380 1745 3520 1814 ejus,

223 1829 406 1882 editus
443 1828 536 1900 (cf.
575 1830 714 1886 Ilua.
751 1832 854 1886 ()a'.
893 1848 933 1896 l,
982 1832 1084 1894 I2,
1117 1832 1242 1902 45),
1296 1841 1355 1886 ιιι
1403 1831 1566 1887 arbor
1607 1832 1818 1885 occulta

222 1920 470 1975 excrevit
500 1937 528 1975 a
561 1937 728 1992 puero
753 1923 924 1994 (I26),
951 1932 1006 1978 et
1041 1933 1102 1978 ut
1135 1925 1287 1979 bona:
1317 1923 1515 1977 indolis
1549 1924 1818 1994 gradatim

221 2014 424 2069 enituit
456 2015 581 2079 tiro,
607 2015 747 2071 sicut
785 2015 882 2071 llos
915 2018 966 2070 in
1001 2032 1131 2071 vere
1169 2031 1328 2071 novo.
1386 2016 1543 2086 Isque
1588 2031 1618 2070 a
1663 2027 1819 2086 patre

221 2124 326 2162 suo
365 2108 418 2163 in
471 2111 796 2178 provmtiam
855 2127 1014 2180 quam
1059 2127 1157 2164 nos
1209 2111 1479 2164 leutouice
1521 2108 1817 2164 Deleminci

221 2213 504 2263 vocamus,
547 2201 724 2256 Sciavi
774 2212 952 2256 autem
1015 2200 1256 2256 Glomaci
1316 2201 1462 2270 (I27)
1522 2202 1813 2271 appellant,

221 2307 348 2344 cum
378 2308 574 2360 magno
611 2292 853 2346 exercitu
887 2293 1081 2346 missus
1114 2292 1282 2362 (I‘ZS),
1321 2292 1511 2347 devast
1532 2301 1599 2344 .ta
1627 2295 1814 2347 eadem

227 2383 460 2437 multum
491 2395 652 2454 atque
683 2385 925 2450 incensa,
959 2385 1133 2438 victor
1184 2385 1362 2438 rediit.
1417 2382 1523 2438 Sed
1583 2385 1818 2454 qualiter

220 2493 395 2550 pagus
422 2479 522 2532 iste
546 2478 763 2532 nomine
793 2478 896 2532 hoc
925 2478 1261 2548 signaretur,
1285 2477 1520 2531 edicam.

295 2567 352 2619 3.
390 2564 633 2620 Glomuti
667 2565 815 2636 (I99)
847 2575 930 2620 est
958 2565 1080 2620 fons
1111 2582 1214 2618 non
1263 2565 1383 2634 plus
1407 2566 1473 2618 ab
1502 2565 1619 2619 Albi
1652 2581 1814 2635 quam

222 2656 334 2711 duo
361 2655 589 2710 miliaria
621 2657 853 2726 positus,
885 2657 1178 2726 qui,unam
1207 2655 1271 2710 de
1297 2672 1355 2711 se
1383 2655 1630 2726 paludem
1655 2671 1814 2725 gene-

221 2760 377 2811 rans,
413 2746 570 2809 mira,
602 2754 662 2798 ut
706 2745 895 2800 incolae
933 2761 1030 2814 pro
1066 2760 1198 2798 vero
1243 2754 1496 2798 asserunt
1535 2744 1816 2813 oculisque

220 2839 580 2906 approbatum
618 2847 699 2891 est
732 2854 759 2890 a
793 2837 999 2900 multis,
1030 2850 1157 2905 sepe
1193 2844 1469 2905 operatur.
1503 2836 1638 2888 Cum
1671 2835 1812 2889 bona

218 2943 330 2998 pax
375 2938 460 2984 est
494 2928 760 2998 indigenis
797 2925 1100 2996 profutura,
1131 2941 1397 2994 suumque
1435 2923 1550 2994 (fol.
1585 2925 1654 2992 I")
1700 2926 1814 2980 Inec

224 3029 373 3074 terra
402 3035 507 3072 non
537 3018 557 3049 ’
590 3018 848 3072 mentitur
877 3017 1138 3079 fructum,
1169 3015 1310 3070 idem
1347 3016 1528 3070 tritico
1558 3023 1612 3069 et
1641 3029 1810 3068 avena

221 3126 290 3165 ac
331 3110 583 3179 glan-line
618 3109 872 3174 refertus,
897 3107 1047 3162 lautos
1078 3107 1379 3162 vicinorum
1427 3108 1492 3160 ad
1524 3121 1582 3160 se
1622 3107 1814 3160 crebro

222 3199 610 3255 catilluentium
663 3198 826 3255 eilieit
882 3199 1112 3254 animos.
1169 3197 1397 3265 Quando
1448 3206 1624 3252 autem
1687 3213 1810 3252 seva

219 3293 348 3346 belli
389 3302 683 3362 tempestas
715 3293 999 3363 ingruerit,
1029 3292 1292 3362 sanguine
1316 3299 1372 3345 et
1398 3291 1580 3345 cinere
1604 3302 1812 3345 certum

220 3383 391 3437 futuri
449 3385 626 3438 exitus
681 3382 938 3438 indicium
991 3390 1375 3450 preutonstrat.
1427 3379 1580 3436 llunc
1635 3381 1813 3438 omnis

218 3475 398 3531 incola
443 3475 564 3547 plus
611 3493 774 3547 queat
825 3476 1134 3540 aret-lesias,
1181 3490 1278 3544 spe
1327 3475 1574 3544 quamvis
1623 3475 1808 3540 dubia,

220 3579 516 3624 veneratur
541 3578 594 3622 et
625 3571 796 3624 timet.
828 3569 894 3624 Et
939 3570 1052 3622 lucc
1085 3566 1362 3637 provincia
1393 3568 1461 3621 ab
1487 3566 1605 3620 Albi
1638 3581 1809 3637 usque

218 3660 274 3713 in
317 3659 584 3715 Caminizi
621 3660 840 3715 ﬂuvium
884 3661 1032 3731 (150)
1077 3669 1350 3730 porrecta,
1387 3659 1706 3713 vocabulum
1743 3658 1812 3713 ab

216 3767 286 3805 eo
320 3751 842 3806 trahit'derivatum.
868 3752 972 3806 Sed
1006 3767 1109 3804 non
1141 3751 1298 3820 longe
1326 3765 1354 3802 a
1386 3749 1628 3819 predicto
1654 3761 1813 3802 amne

216 3843 273 3897 in
307 3857 445 3913 pago
473 3842 686 3898 Cltutizi
733 3843 878 3899 dicto
910 3843 1080 3914 (i5l),
1128 3841 1262 3905 Arn,
1294 3841 1579 3910 episcopus
1608 3849 1812 3894 sancta:

214 3932 685 4006 Wircihurgensis
700 3935 741 3966 ¹⁰
763 3934 1020 3990 ωεειῡείω
1034 3935 1097 3998 “,
1118 3933 1186 3988 ab
1206 3932 1550 4003 espcditione
1566 3931 1813 3985 Boemio—

1923 1829 2248 1897 caste-risque
2297 1831 2848 1898 comprovincialilms
2891 1837 3065 1904 primo
3110 1839 3429 1907 predicavit,
3467 1851 3523 1895 et

1926 1916 2185 1970 instinctu
2242 1921 2497 1973 secunth
2548 1920 2867 1978 llerodiadis
2920 1941 3042 1980 cum
3094 1930 3257 1983 sociis
3321 1931 3519 1986 Suitnet

1921 2007 2256 2061 Colomanno
2303 2019 2357 2062 et
2392 2008 2698 2066 Totmanno
2753 2015 2823 2067 ibi
2883 2018 3252 2074 martirizatus
3303 2032 3407 2076 est.
3447 2053 3515 2063 -—-

1920 2099 2406 2156 circumferreutur
2431 2103 2475 2133 "
2506 2120 2520 2156 :
2555 2104 2814 2159 Dominus
2857 2123 2952 2178 per
2998 2126 3121 2165 emn
3156 2114 3223 2168 70
3258 2125 3516 2183 operatus

1921 2203 2002 2245 est
2031 2193 2315 2256 miracula,
2342 2204 2396 2248 et
2430 2197 2690 2264 magister
2718 2213 3014 2267 toquorum
3045 2203 3084 2233 ¹⁶
3117 2203 3262 2274 (155)
3297 2205 3398 2260 hoc
3437 2207 3518 2261 vi-

1920 2283 2074 2346 dtzllS,
2104 2298 2230 2337 suos
2259 2285 2337 2338 sic
2369 2286 2618 2339 hortatur
2645 2288 2936 2358 discipulos
2967 2310 2980 2344 :
3009 2291 3207 2361 Nolite,
3242 2297 3514 2365 inquiens,

1920 2376 2155 2436 tardare,
2184 2375 2274 2426 sed
2302 2391 2420 2444 quo:
2451 2375 2590 2429 vobis
2619 2388 2739 2430 sunt
2771 2381 2992 2445 credita,
3024 2382 3297 2454 diligenter
3325 2397 3370 2439 et
3401 2388 3515 2441 sfne

1919 2482 2066 2518 mora
2105 2468 2417 2535 apermnini.
2458 2469 2713 2523 Dominus
2758 2475 2893 2525 enim
2941 2487 3117 2528 noster
3148 2477 3395 2532 Kihanus
3432 2481 3514 2533 in-

1918 2555 2040 2609 clita
2066 2573 2130 2609 ea:
2150 2573 2203 2610 se
2227 2573 2362 2609 nunc
2391 2559 2495 2626 agit
2518 2561 2667 2628 signa
2696 2563 2888 2632 absque
2912 2567 3053 2617 arani
3084 2584 3250 2620 mora.
3282 2569 3510 2635 Quanta:

1919 2658 2094 2701 autem
2133 2648 2345 2702 virtutis
2376 2666 2536 2718 supra
2570 2664 2904 2709 memoratus
2933 2657 3114 2726 presul
3148 2659 3357 2721 fuisset,
3382 2661 3511 2716 stilo

1917 2741 2377 2808 comprehendere
2424 2759 2762 2813 nequaquam
2797 2748 3015 2814 sullitio,
3055 2751 3148 2805 sed
3187 2752 3329 2810 hunc
3369 2755 3512 2824 apud

1919 2833 2088 2888 Deum
2117 2835 2292 2903 magni
2331 2850 2452 2890 esse
2483 2837 2657 2890 meriti
2685 2854 2751 2892 ex
2777 2841 2941 2893 corde
2969 2842 3152 2896 credo.

1986 2924 2038 2976 4.
2073 2923 2291 2977 Interim
2318 2925 2597 2994 cujusdam
2629 2937 2892 2982 matrona:
2920 2929 3144 2989 famam.
3167 2948 3286 3001 qua:
3308 2931 3512 2989 Hathe-

1918 3015 2056 3086 burg
2105 3015 2410 3079 dicebatur,
2469 3016 2750 3073 lIeim-icus
2784 3019 2824 3049 "
2869 3023 3233 3089 comperiens,
3275 3023 3514 3093 qualiter

1917 3123 2036 3160 eam
2069 3107 2452 3167 sibi'sociaret,
2478 3109 2707 3176 juvenili
2738 3113 2941 3164 exarsit
2983 3128 3188 3168 amore.
3239 3113 3362 3168 litee
3391 3124 3511 3169 erat

1919 3198 2024 3253 tilia
2055 3199 2237 3254 Etvini
2268 3200 2500 3256 senioris
2526 3204 2617 3271 qui
2652 3202 2704 3256 in
2733 3207 2866 3257 urbe
2891 3205 3152 3274 predicta,
3176 3222 3339 3276 quam
3370 3210 3512 3263 anti-

1917 3308 2080 3362 quam
2115 3294 2392 3348 civitatem
2426 3295 2573 3362 (I54)
2607 3299 2971 3362 nominamus,
3006 3301 3300 3354 maximam
3341 3305 3514 3358 tenuit

1917 3397 2158 3458 partem;
2191 3398 2244 3441 et
2269 3388 2392 3458 quia
2421 3389 2463 3442 is
2492 3389 2658 3442 lilium
2685 3407 2787 3444 non
2812 3389 3020 3451 habuit.
3045 3393 3275 3462 geminis
3299 3392 3511 3452 filiabus

1914 3480 2030 3534 Suis
2063 3496 2093 3534 e
2131 3479 2308 3532 medio
2336 3479 2603 3532 decedens
2631 3479 2674 3510 ³³
2707 3479 2944 3548 reliquit.
2974 3481 3054 3534 Ub
3086 3482 3246 3553 hujus
3275 3483 3512 3553 pulchri-

1919 3569 2158 3623 tudinem
2213 3577 2265 3622 et
2321 3568 2638 3622 hereditatis
2701 3569 3121 3638 divitiarumque
3183 3573 3505 3639 utilitatem,

1915 3659 2279 3714 internuntios
2334 3658 2620 3713 Ileiuricus
2685 3675 2846 3728 quam
2918 3675 3148 3727 propere
3215 3663 3389 3725 misit,
3452 3674 3508 3720 et

1915 3751 2165 3821 quamvis
2190 3751 2326 3803 hanc
2353 3765 2474 3802 esse
2499 3750 2539 3779 ¹¹³
2573 3750 2785 3803 viduam
2811 3757 2864 3802 et
2885 3751 3050 3802 sciret
3076 3750 3224 3821 (155)
3251 3753 3504 3820 velatam,

1915 3857 2026 3895 sua:
2067 3849 2246 3893 tamen
2294 3848 2350 3892 ttt
2396 3840 2736 3893 satisfaceret
2782 3839 2897 3908 (I‘ol.
2940 3839 3012 3910 ε’)
3050 3840 3340 3906 voluntati,
3379 3859 3502 3899 eam

1917 3932 2022 3986 ﬁde
2063 3929 2325 4001 promissa
2362 3930 2573 4000 petivit.
2614 3929 2763 3984 Tunc
2795 3929 2883 3983 illa
2915 3930 3209 3986 multorum
3246 3934 3504 4004 precibus

1513 4092 1745 4148 VARUE
1784 4091 2188 4150 LEUTIONES.

289 4213 310 4244 ⁸
350 4213 519 4278 sagati
563 4213 624 4266 1³
666 4222 712 4266 et
746 4213 818 4265 ita
861 4211 1052 4279 sa’pius
1087 4219 1124 4263 t.

211 4284 422 4352 giensis
447 4285 532 4337 1η.
614 4283 654 4314 ¹¹
686 4283 838 4336 'Vllll.
863 4282 992 4335 add.
1019 4281 1098 4333 Ic.

1157 4224 1250 4279 pro
1281 4222 1331 4262 c.

1179 4281 1221 4310 "
1255 4286 1309 4332 et
1334 4295 1541 4331 erasum
1577 4279 1628 4331 1.

212 4349 231 4406 i
260 4370 385 4406 vero
418 4355 472 4407 in
513 4355 596 4407 his
627 4353 926 4407 nominibus
957 4367 1159 4420 semper
1185 4349 1250 4403 ab
1274 4349 1358 4420 Ib.
1387 4365 1598 4420 erasum
1624 4364 1737 4402 esse
1765 4351 1990 4404 videtur.

1701 4420 1745 4452 ⁸⁸
1768 4421 2124 4477 hereditatem
2173 4439 2425 4493 magnam
2455 4425 2602 4478 addit
2624 4424 2678 4478 2.
2725 4422 2835 4475 u’It.
2857 4438 2906 4475 e.
2933 4425 3078 4476 addit
3104 4425 3187 4477 Ib.

208 4439 406 4478 eorum
447 4435 705 4478 mutatum
730 4424 822 4477 Ic?
870 4418 1179 4476 101011111ιὲ.
1279 4418 1320 4449 ¹⁷
1349 4419 1475 4472 add.
1511 4419 1596 4472 tb.

1407 4208 1428 4239 '
1469 4207 1657 4261 imlare
1684 4208 1742 4261 1ΙΙ
1765 4225 1900 4263 corr.
1937 4211 2019 4263 1ο.

1705 4279 1750 4310 υ
1777 4281 2111 4334 neccxcuo
2169 4311 2240 4322 —
2272 4283 2380 4350 imp

3160 4212 3202 4244 ¹⁰
3231 4214 3500 4269 vircibur-

2835 4281 2877 4310 ‘l’
2903 4283 3367 4352 wircihnrgiensis
3397 4286 3502 4353 ia;

2977 4354 3020 4392 ³⁸
3047 4355 3272 4406 dele-mm
3312 4367 3404 4409 aut
3441 4360 3502 4412 in

2096 4211 2117 4241 ⁸
2143 4210 2473 4265 nobilissima
2498 4213 2584 4267 Ia.
2661 4213 2682 4245 ’
2713 4219 2938 4265 terrmna
2980 4213 3061 4264 la.

2389 4323 2399 4333 .
2435 4284 2584 4336 addit
2618 4284 2638 4335 1
2653 4285 2699 4334 b.

2111 4351 2155 4383 ¹³
2175 4353 2724 4407 circuml‘rererentur
2762 4352 2847 4404 Ia.

1731 4559 1967 4617 NOTAE.

293 4675 436 4744 (I22)
475 4677 700 4732 Constat
743 4677 784 4732 I.
830 4673 1313 4732 Caesarem‘fuisse
1340 4685 1592 4728 socerum
1638 4673 1804 4729 Pom-
1831 4679 1884 4738 Ι)

202 4764 340 4799 30H.

203 4783 434 4886 ιη’(ἶῖΞῆ
477 4817 514 4870 Ι.
552 4831 602 4869 c.
650 4818 856 4887 accipe,
908 4813 1564 4887 lector,fundamentum
1611 4822 1665 4866 et
1707 4829 1801 4887 sti-7

243 4885 718 4958 ertedilicationem
750 4885 845 4958 (cf.
871 4886 1087 4958 candent
1115 4885 1427 4958 locutionem
1457 4885 1598 4958 infla
1628 4900 1674 4937 c.
1710 4885 1798 4958 17)

243 4902 718 4941 enemieattonem
750 4902 845 4958 (cl.
871 4902 1087 4940 eandem
1115 4902 1427 4940 tocuttonem
1457 4902 1598 4954 num
1628 4902 1674 4937 c.
1710 4902 1733 4938 ι
1753 4902 1798 4952 ι)

200 4902 374 5022 iiujns
400 4959 572 5024 (urbis
614 4955 1096 5024 Merseburgensis)
1152 4955 1424 5023 incepisse
1466 4970 1496 5008 a
1538 4954 1798 5009 Romanis

199 5028 300 5095 qui
330 5027 472 5080 hunc
511 5030 676 5082 secnti
715 5038 843 5084 sunt
868 5027 1136 5080 Caesarem
1176 5026 1212 5080 i.
1255 5039 1406 5095 osp.
1448 5035 1503 5079 et
1554 5026 1797 5095 utrisque

199 5094 270 5162 (ἰ.
302 5113 352 5148 ε.
381 5101 608 5162 corporis
637 5099 902 5162 animique
945 5095 1016 5149 cf.
1056 5096 1094 5159 I,
1134 5097 1233 5161 15;
1274 5094 1356 5156 Vl,
1402 5095 1503 5161 45;
1550 5094 1657 5160 VII,
1703 5094 1796 5160 55)

1979 4676 2129 4747 (128)
2165 4678 2526 4739 Widukiadus
2547 4679 2586 4742 1,
2623 4680 2708 4733 17.

1979 4749 2128 4821 (I29)
2154 4750 2342 4821 Locus
2374 4750 2650 4821 parvulus,
2678 4752 2774 4803 der
2801 4749 3112 4806 Poltzscher
3134 4750 3256 4816 See,
3287 4752 3500 4810 distans

1903 4818 2126 4872 dimidia
2152 4820 2281 4873 liora
2308 4818 2534 4874 abiurbe
2563 4821 2935 4874 Lumtnatsclt.
2968 4821 3097 4876 Uus.

1978 4890 2126 4959 (I50)
2173 4891 2265 4942 Die
2294 4891 2600 4945 Chcmnitz.

1976 4961 2127 5030 (151)
2165 4960 2376 5015 Clmtizi
2403 4959 2683 5030 orientalis
2715 4975 2903 5028 pagus,
2936 4960 3027 5013 ubi
3069 4972 3213 5014 nunc
3247 4959 3509 5016 civitates

1902 5029 2208 5090 Cliemnitl,
2232 5029 2727 5100 Freiburgti‘irna,
2761 5030 3075 5100 Atinaherg.

1979 5100 2128 5162 (152)
2167 5101 2242 5154 Ita
2271 5096 2488 5154 etAnn:
2517 5097 2866 5152 llildesheim.
2898 5109 2948 5149 et
2979 5096 3282 5162 lteginonis
3325 5099 3505 5155 Chro-
