4042 5300
563 375 701 433 1187

1485 359 1865 422 TlllETMARl
1910 365 2230 423 MERSEBU
2243 362 2535 422 RGENSIS
2575 366 2876 425 EPISCOPI

3712 360 3853 423 “88

559 498 615 547 et
638 486 866 545 consilio
888 485 1119 551 devicta,
1137 450 1446 549 comitatur,
1475 492 1529 538 et
1555 482 1854 539 honorifice
1875 488 2144 551 suscepta,
2177 483 2221 540 Α
2249 480 2480 534 senioris
2508 480 2703 549 relatu,
2728 498 2835 551 quo
2865 479 2982 552 (fol.
3007 481 3062 552 5)
3094 488 3250 552 pacto
3271 481 3371 539 hec
3400 480 3520 538 fleri
3554 481 3854 546 deberent,

564 594 631 633 ac
652 577 943 634 karitative
972 591 1003 629 a
1027 578 1160 641 suis,
1190 584 1248 629 ut
1271 575 1473 640 decuit,
1496 583 1579 629 est
1610 575 1813 629 habita.
1848 571 2060 643 Nuptiis
2083 587 2153 625 ex

563 686 716 725 more
735 668 990 740 peractis,
1015 681 1245 737 sponsus
1266 682 1387 721 cum
1408 665 1696 720 coutectali
1720 666 1786 719 ad
1805 660 2152 717 Merseburch

563 761 739 825 venit;
787 773 1084 828 omnesque
1120 772 1430 813 convocans
1477 756 1704 822 vicinos,
1747 757 1873 826 quia
1925 756 2008 809 vir
2053 754 2156 809 fuit

562 849 814 904 inlustris
859 848 927 914 ’°,
967 856 1117 902 tanta
1168 846 1538 902 familiaritate
1581 846 1683 901 sibi
1745 844 2029 912 adjunxit,
2098 853 2157 898 ut

561 942 718 1013 quasi
767 941 1005 996 anticum
1054 939 1339 1011 diligerent
1381 946 1436 993 et
1485 947 1543 992 ut
1594 938 1873 991 dominum
1925 938 2159 991 honora-

562 1044 688 1090 rent
717 1034 786 1088 “.
821 1034 898 1089 Ea
933 1040 1252 1102 tempestate
1280 1030 1582 1097 Conradus,
1613 1028 1943 1083 Francorum
1986 1042 2157 1096 quon.

563 1129 689 1184 dant
717 1129 826 1184 dux
848 1126 1065 1197 egreius
1093 1135 1149 1182 et
1181 1135 1308 1180 tunc
1338 1121 1640 1178 Luthuvvici
1673 1135 1956 1175 successor
1982 1117 2154 1188 pueri,

562 1238 750 1279 arcem
786 1222 1005 1279 tenebat
1036 1202 1186 1291 regni
1222 1219 1406 1290 (l36);
1447 1232 1609 1287 quem
1658 1216 1728 1271 ob
1772 1215 2027 1270 meritum
2073 1213 2157 1268 sui

562 1314 692 1372 Otto
746 1314 1053 1385 predictus,
1103 1313 1171 1367 ab
1221 1310 1472 1365 omnibus
1523 1308 1673 1376 regni
1722 1305 2055 1376 principibus
2102 1304 2158 1358 in

563 1422 747 1476 regem
780 1406 1005 1468 electus,
1044 1402 1143 1457 sibi
1181 1401 1333 1470 quasi
1369 1400 1566 1455 adhoc
1606 1399 1823 1465 indigno
1861 1395 2156 1467 preposuit,

562 1511 733 1566 seque
770 1510 894 1549 cum
931 1493 1056 1548 filiis
1095 1492 1220 1548 ﬁdei
1268 1507 1379 1547 suae
1430 1506 1493 1545 ac
1536 1490 1784 1559 potestati
1823 1487 2157 1542 subdiderat.

566 1586 880 1658 Spiritualis
901 1593 1082 1638 autem
1104 1595 1257 1654 pater
1272 1590 1326 1638 et
1340 1590 1522 1652 pastor
1534 1580 1889 1637 Orientaliqu
1912 1588 2040 1633 tunc
2061 1576 2160 1632 fuit

572 1676 948 1747 Sigimundus,
980 1684 1183 1728 saneta:
1211 1670 1667 1727 Halverstidensis
1707 1669 1939 1725 ecclesie
1976 1666 2160 1739 presul

508 1776 513 1780 ’
563 1769 854 1841 egregius,
894 1767 977 1821 vir
1027 1766 1372 1836 ingeniosus,
1432 1765 1981 1834 omnigenarumque,
2038 1778 2160 1833 qum

2258 573 2620 639 perquireret,
2652 589 2815 644 opere
2860 573 2925 628 ad
2970 589 3203 645 unguem
3239 574 3509 644 perducto
3541 584 3599 628 et
3632 589 3860 644 presen-

2259 672 2391 733 tato,
2425 664 2563 719 clam
2595 676 2780 736 postea
2806 667 3061 734 evadens,
3084 666 3299 721 obviam
3323 666 3517 723 ducem
3549 668 3861 737 predictnm

2260 756 2483 819 habuit‘.
2523 766 2579 812 et
2629 770 2820 814 cuncta
2874 759 2925 814 ei
2978 760 3170 814 ordine
3213 761 3422 830 pandit.
3474 759 3583 827 Qui
3636 760 3862 815 rediens

2258 847 2504 901 nuntium
2546 849 2755 904 remisit
2784 850 2850 903 ad
2881 849 3203 917 antistitem,
3240 850 3331 921 qui
3359 850 3577 905 occulta
3608 859 3869 920 patesce-

2258 950 2343 996 ret
2371 940 2546 1011 (1.11),
2576 956 2743 1012 seque
2773 942 2826 996 in
2864 942 2947 997 sui
2979 942 3368 999 detrimentum
3409 942 3674 999 celeriter
3718 943 3869 997 invi-

2260 1030 2429 1101 gilare
2457 1032 2852 1101 pronuntiaret.
2887 1030 3156 1101 Quicquid
3181 1032 3327 1087 enim
3359 1033 3426 1086 ad
3455 1032 3781 1103 episcopum
3818 1031 3867 1084 in

2261 1118 2493 1174 Saxonia
2536 1120 2618 1176 vel
2666 1120 2965 1192 Thuringia
2995 1123 3279 1191 pertinuit,
3323 1130 3495 1177 totum
3526 1122 3637 1178 sibi
3670 1135 3867 1191 prece-

2260 1213 2338 1283 pit
2366 1213 2640 1283 occupari,
2673 1215 2879 1270 amicos
2904 1215 3047 1284 regis
3076 1213 3317 1284 partibus
3346 1230 3412 1269 ex
3439 1214 3528 1269 his
3557 1214 3795 1270 omnino
3816 1214 3865 1248 ’τ

2259 1304 2581 1373 depredatos
2625 1304 2920 1374 expellens.
2963 1304 3194 1375 Moxque
3236 1314 3412 1359 marte
3454 1306 3751 1375 repentina
3777 1319 3866 1358 ar-

2260 1397 2533 1467 chipresul
2561 1399 2803 1466 exspirat
2835 1399 3128 1463 hominem,
3162 1409 3216 1453 et
3247 1397 3484 1464 fortuna,
3513 1414 3642 1469 qua:
3673 1399 3867 1452 hacte-

2261 1504 2365 1544 nus
2392 1504 2571 1559 regem
2595 1489 2641 1521 ⁸⁸
2670 1489 2904 1544 feliciter
2930 1490 3214 1560 aspiravit,
3251 1489 3507 1545 lleinrico
3531 1505 3703 1559 quam
3736 1502 3865 1558 pro-

2261 1597 2388 1653 pere
2415 1582 2599 1638 cessit.
2652 1581 2759 1638 Sed
2803 1582 2935 1636 uiihi
2994 1582 3061 1637 ad
3100 1582 3204 1637 alia
3262 1581 3579 1655 properanti
3638 1581 3862 1652 longum

2259 1683 2344 1729 est
2400 1688 2663 1729 enarrare
2715 1675 2938 1745 quocies
2977 1669 3257 1746 congressi
3297 1684 3487 1730 mutuo
3511 1674 3560 1706 "
3597 1675 3865 1729 cederent

2262 1765 2346 1819 vel
2376 1765 2674 1832 vincerent,
2711 1774 2765 1821 et
2792 1766 2937 1836 quod
2975 1775 3231 1836 postreno
3276 1766 3542 1822 bonorum
3593 1765 3862 1821 instinctu

565 1859 871 1931 spiritualia
897 1857 976 1912 vel
1005 1857 1169 1911 etiam
1194 1856 1430 1910 carnalia
1471 1856 1715 1927 respicit,
1743 1855 1951 1910 arcium
1979 1855 2159 1911 scicn-
2189 1868 2234 1928 ι)
2264 1859 2316 1914 iu
2346 1858 2648 1914 amiciciam
2677 1859 3050 1915 convenirent.

569 1953 641 2009 tia
674 1967 863 2008 omnes
888 1950 1086 2007 suimet
1115 1948 1549 2020 contemporales
1589 1957 1714 2003 tunc
1743 1950 1789 1980 ²¹
1832 1946 2158 2019 precellens.

566 2042 667 2100 llic
692 2044 893 2114 pietate
923 2042 1183 2108 maxima,
1207 2044 1442 2112 et,quod
1472 2056 1744 2096 summum
1764 2053 1849 2097 est
1878 2040 2162 2111 perfectio-

565 2137 651 2192 nis
679 2135 914 2195 culmen.
947 2133 1150 2189 Christi
1178 2132 1297 2189 zelo
1338 2132 1576 2199 fervens,
1605 2143 1665 2188 ut
1693 2134 1988 2204 perpetrati
2021 2131 2159 2190 faci-

565 2241 669 2281 nus
689 2224 906 2280 conubii
953 2224 1128 2294 primo
1176 2210 1412 2289 audivit,
1463 2224 1645 2278 ovium
1685 2224 1897 2297 culpam
1935 2240 2157 2281 suarum

567 2314 859 2385 ingemuit,
910 2320 966 2368 et
1013 2312 1250 2380 aliquam
1296 2311 1439 2368 inter
1473 2326 1534 2367 se
1571 2312 1688 2368 ﬁeri
1735 2314 1968 2384 amplius
2011 2330 2159 2371 com-

569 2402 865 2458 mixionem
893 2417 989 2474 per
1016 2401 1415 2456 internuncium
1439 2409 1495 2457 et
1525 2418 1622 2472 per
1647 2402 1930 2472 epistolam
1960 2403 2077 2475 (fol.
2102 2406 2158 2477 5)

568 2491 752 2547 banno
791 2489 1099 2562 apostolica:
1133 2491 1477 2547 auctoritatis
1516 2491 1872 2559 iuterdiccns,
1918 2495 1986 2549 ad
2031 2510 2164 2552 cou-

567 2583 773 2640 dictum
832 2583 1020 2638 ambos
1041 2582 1087 2615 "
1128 2582 1397 2653 synodum
1443 2584 1676 2639 vocavit.
1710 2583 2021 2655 lleinricus,
2067 2587 2160 2643 tali

570 2690 791 2731 rumore
836 2676 1107 2741 turbatus,
1139 2676 1207 2729 ad
1253 2674 1640 2746 imperatorem
1685 2680 2014 2748 properavit,
2045 2695 2162 2735 om-

568 2785 805 2839 uertique
832 2769 1077 2824 indicens
1099 2768 1150 2824 ei
1173 2783 1287 2822 rem
1315 2768 1523 2836 ordine,
1546 2770 1806 2825 auxilium
1839 2771 1956 2839 ejus
1986 2774 2159 2843 petiit,

565 2871 646 2931 et,
674 2862 800 2933 quia
824 2861 1106 2916 familiaris
1133 2861 1182 2916 ei
1205 2859 1328 2927 fuit,
1358 2872 1412 2916 et
1436 2864 1608 2932 patris
1622 2864 1914 2919 commisso
1934 2880 1999 2921 ac
2018 2864 2163 2922 fideli

568 2955 793 3012 servitio
830 2953 1158 3023 impetravit.
1201 2951 1356 3018 Nam,
1389 2952 1565 3022 legato
1592 2956 1659 3008 ad
1689 2955 1989 3012 antistitem
2035 2972 2165 3012 con-

569 3044 678 3100 cite
710 3043 858 3114 (I57)
883 3044 1111 3110 directo,
1144 3051 1204 3097 ut
1245 3042 1459 3098 vinctos
1504 3042 1737 3100 solveret
1766 3054 1823 3100 ct
1856 3045 1924 3100 ad
1963 3046 2165 3102 suimet

566 3139 896 3207 presentiam
956 3133 1174 3189 dill‘erre
1218 3135 1479 3190 voluisset
1527 3136 1836 3206 postulavit.
1877 3136 2009 3195 Post
2049 3139 2163 3215 haec

2334 1950 2388 2007 5.
2427 1951 2639 2007 Interea
2691 1950 2974 2008 Conratlus
3018 1951 3176 2024 longa
3205 1951 3525 2009 infirmitate
3572 1950 3863 2018 detentus,

2261 2051 2315 2100 et
2341 2043 2467 2114 quia

2333 2131 2462 2190 Post
2491 2134 2803 2190 inimicicias
2832 2135 2968 2190 iram
2998 2135 3293 2190 meminisse
3323 2134 3590 2190 malorum
3622 2143 3733 2198 est,

3008 2227 3256 2296 (Cnem,
3284 2227 3410 2282 dist.
3434 2227 3494 2289 2,
3525 2224 3645 2294 15.)

2263 2315 2427 2372 totius
2487 2315 2903 2387 contrarietatis;
2952 2331 3073 2386 qua:
3120 2316 3223 2371 sibi
3271 2331 3335 2371 ex
3411 2323 3568 2386 parte
3619 2314 3862 2369 Heinr-iui

2259 2414 2585 2475 provenerat
2610 2405 2831 2476 oblitus,
2866 2406 3020 2462 fratri
3066 2422 3165 2463 suo
3199 2407 3513 2464 Everhardo
3536 2406 3583 2439 ³⁸
3628 2408 3861 2479 populo-

2261 2512 2366 2567 que
2398 2498 2660 2570 primario
2691 2500 2744 2555 in
2775 2516 2940 2555 unum
2983 2499 3208 2556 collecto
3234 2501 3522 2556 consilium
3547 2500 3662 2556 hoc
3690 2502 3858 2565 dedit,

2261 2591 2304 2645 si
2328 2591 2546 2661 quando
2590 2600 2797 2648 natura:
2831 2592 3105 2647 communi
3139 2607 3199 2648 se
3230 2592 3560 2648 concederet
3593 2592 3781 2664 (112),
3806 2601 3861 2645 ut

2258 2697 2381 2739 etim
2423 2684 2468 2718 ⁸¹
2526 2685 2674 2756 regni
2742 2684 3110 2756 gubernaculo
3172 2686 3604 2757 undiquessccus
3674 2693 3857 2755 aptum

2261 2779 2556 2851 eligerent,
2607 2780 2951 2850 animamque
3002 2795 3153 2835 suam
3204 2780 3321 2850 (fol.
3357 2780 3413 2851 4)
3462 2796 3593 2836 cum
3644 2780 3857 2834 residua

2262 2870 2787 2941 consanguineorum
2825 2886 2889 2927 ac
2918 2870 3262 2926 familiarium
3297 2881 3515 2927 caterva
3548 2871 3729 2927 ﬁrma:
3754 2871 3860 2926 sni-

2264 2970 2374 3019 tnet
2404 2962 2527 3017 lidei
2563 2963 2988 3026 committerent,
3013 2972 3070 3017 et
3097 2963 3165 3018 ad
3208 2963 3311 3019 hoc
3349 2963 3471 3019 sine
3505 2963 3698 3033 aliqua
3729 2964 3857 3018 dila-

2264 3054 2412 3109 tione
2438 3053 2832 3109 consentirent.
2862 3052 3016 3110 llanc
3040 3053 3369 3124 peticionem
3400 3062 3711 3110 extremam
3739 3068 3854 3108 cum

2266 3159 2462 3217 magno
2496 3143 2647 3203 luctu
2688 3158 2754 3200 ac
2799 3144 3001 3215 gemitu
3041 3144 3421 3213 suscipientes,
3451 3152 3508 3199 et
3539 3143 3857 3214 impleturus

568 3227 764 3281 Ottone
782 3224 948 3279 ﬁli-al.
969 3224 1339 3279 Decembris"
1357 3224 1505 3297 (158)
1525 3227 1709 3283 carnis
1731 3227 1997 3284 universae
2018 3229 2158 3284 viam
2188 3222 2232 3284 C
2263 3249 2322 3291 se
2348 3236 2456 3289 vita
2485 3236 2683 3290 comite
2711 3235 3109 3306 promittentes,
3144 3236 3341 3290 festino
3378 3233 3496 3304 ejus
3523 3234 3682 3289 obitu
3726 3235 3776 3288 in
3801 3236 3855 3290 8·

573 3320 813 3374 intrante
843 3324 955 3390 (an.
995 3317 1143 3386 912),
1176 3332 1306 3387 sepe
1339 3328 1671 3375 memoratus
1708 3318 1927 3389 juvenis
1974 3320 2027 3375 in
2071 3336 2162 3375 va-

572 3427 735 3467 cuum
794 3411 1125 3477 succedens,
1172 3410 1527 3464 hereditatem
1573 3411 1720 3483 jure,
1770 3420 1827 3466 et
1870 3414 2161 3468 maximam

571 3502 813 3558 bcuetitii
847 3511 1057 3572 partem
1089 3500 1328 3572 gratuito
1372 3500 1517 3572 regis
1545 3502 1783 3572 suscepit
1805 3518 1874 3558 ex
1904 3518 2157 3570 munere;

569 3605 627 3651 et
665 3593 807 3665 quod
843 3594 895 3649 ei
938 3593 1109 3648 defuit
1145 3607 1268 3647 cum
1307 3592 1420 3646 suis
1455 3592 1707 3647 omnibus
1746 3607 1875 3663 egre
1920 3593 2062 3661 tulit,
2096 3610 2163 3651 ac

571 3683 786 3758 postea,
823 3684 967 3738 sicut
1011 3698 1136 3737 cum
1187 3681 1367 3737 tritico
1405 3680 1614 3747 lolium,
1638 3682 1717 3738 sic
1748 3698 1815 3738 ex
1850 3699 1915 3739 eo
1943 3683 2162 3741 latentis

569 3777 679 3833 odii
706 3777 831 3832 illex
879 3774 1124 3830 excrevit
1158 3774 1329 3846 (139).
1367 3773 1519 3840 Quod
1571 3789 1666 3829 rex
1711 3786 1870 3832 caute
1918 3779 2164 3835 conside-

572 3885 732 3935 rans,
783 3878 840 3924 ut
886 3867 1133 3938 ignotum
1186 3848 1518 3931 dissimulat;
1572 3875 1626 3921 et
1672 3882 1832 3937 quem
1877 3868 1930 3922 vi
1980 3870 2158 3940 aliqua

572 3974 831 4031 superare
881 3974 990 4014 non
1040 3958 1389 4029 presumpsit,
1440 3966 1569 4012 nota
1610 3958 1874 4016 llathonis
1924 3963 2160 4018 versutia

572 4037 992 4119 arcltiprcsulis,
1035 4064 1144 4120 qua
1197 4057 1252 4102 et
1302 4058 1618 4104 antecessor
1672 4066 1803 4105 suus
1847 4051 2161 4108 Ethelber-

576 4154 689 4198 tum
718 4141 764 4172 "
792 4140 1047 4196 comitem
1077 4138 1264 4194 Teresi
1296 4138 1342 4169 "
1382 4139 1578 4208 capitis
1622 4140 1897 4197 abcisione
1940 4144 2158 4213 devicit,

574 4242 630 4287 et
679 4233 824 4286 lumc
875 4231 1126 4299 decipere
1172 4229 1455 4299 temptavit
1490 4230 1660 4303 (140).
1711 4231 1823 4289 Hoc
1875 4236 2158 4292 consilium

575 4325 721 4379 Deus
772 4323 987 4392 sapiens
1033 4322 1342 4377 infatuavit.
1376 4321 1513 4376 Nam
1547 4321 1702 4378 faber
1732 4325 1847 4392 ille,
1875 4328 1966 4396 qui
2000 4326 2160 4399 jussu

576 4411 810 4483 prcsulis
853 4421 1101 4481 torquem
1144 4428 1390 4476 aureum,
1422 4412 1474 4465 in
1517 4426 1626 4480 quo
1670 4411 1955 4471 llciuricus
1984 4418 2157 4473 occidi

578 4504 825 4569 deberet,
876 4506 1009 4557 mira
1048 4512 1166 4556 arte
1208 4504 1565 4573 prrparabat,
1612 4520 1733 4558 cum
1783 4506 2156 4574 ingemiscenti

2260 3323 2629 3380 ordinacionis
2670 3337 2781 3379 suae
2821 3339 2966 3379 anno
2996 3333 3053 3379 et
3100 3324 3166 3379 M
3195 3323 3467 3379 Kalendas
3509 3322 3855 3386 Novembris.

2263 3432 2362 3486 pro
2407 3416 2586 3472 dolor!
2631 3416 2900 3486 completo
2944 3416 3117 3488 (115),
3159 3433 3225 3473 ac
3269 3416 3519 3486 exequiis
3567 3418 3624 3471 in
3676 3417 3859 3471 Vilini-

2265 3505 2434 3561 burch
2488 3506 2657 3578 (Ml)
2697 3507 2936 3576 peractis
2984 3507 3314 3571 intererant,
3364 3514 3421 3561 et
3478 3507 3753 3562 concione
3804 3505 3856 3558 in

2264 3588 2544 3654 Fridisleri
2572 3596 2618 3627 "
2659 3597 2910 3652 celeriter
2954 3597 3159 3667 posita,
3197 3595 3517 3651 lleinricum
3564 3610 3857 3651 coronare-

2265 3700 2414 3757 runt,
2441 3700 2496 3746 et
2526 3689 2629 3745 sibi
2659 3690 2888 3756 credita,
2913 3689 3014 3744 sub
3047 3688 3249 3744 Christi
3284 3697 3340 3743 et
3382 3687 3564 3743 tocius
3602 3688 3856 3743 :ecclesi:

2267 3781 2576 3838 testimonio
2627 3779 2806 3845 ﬁdeli,
2856 3795 2962 3834 non
3012 3781 3130 3834 sine
3176 3778 3416 3835 lacrimis
3460 3779 3577 3849 regi
3633 3788 3763 3832 tunc
3805 3786 3857 3831 et

2264 3871 2485 3929 domino
2532 3871 3069 3926 conuuendaverunt.
3118 3869 3220 3937 Qui
3273 3871 3485 3941 primo,
3536 3877 3601 3925 ut
3654 3869 3851 3931 decuit,

2264 3965 2459 4039 divina:
2494 3962 2709 4032 pietatis
2748 3977 2964 4027 munus,
3009 3971 3239 4033 postque
3283 3962 3655 4017 universalem
3702 3972 3853 4016 tanta

2264 4058 2510 4115 caritatis
2548 4055 2827 4121 allectum,
2853 4055 3044 4111 humili
3074 4055 3374 4123 suscipiens
3403 4054 3718 4118 devotione,
3752 4054 3853 4107 Deo

2263 4152 2468 4224 gratias
2496 4149 2628 4220 egit,
2654 4163 2822 4219 seque
2861 4148 2930 4204 ad
2967 4148 3083 4203 haec
3111 4156 3166 4201 et
3209 4147 3278 4201 ad
3314 4146 3497 4201 omuia
3549 4161 3679 4216 qua:
3706 4160 3851 4200 com-

2265 4260 2413 4299 mum
2447 4243 2673 4300 consilio
2701 4242 3057 4312 expetissent,
3086 4255 3145 4295 se
3185 4254 3539 4295 assensurum
3584 4241 3848 4310 promisit.

2264 4334 2603 4409 Episcopalis
2656 4334 2969 4390 unctionem
3026 4331 3456 4396 benediccionis,
3507 4347 3540 4385 a
3593 4331 3852 4401 llcrigero

2265 4429 2672 4499 archiepiscopo
2713 4426 3035 4490 exhibitam,
3066 4433 3469 4479 antecessorqu
3512 4438 3669 4479 more
3716 4426 3852 4494 prio.

2270 4535 2389 4574 rum
2444 4535 2550 4573 non
2602 4511 2964 4583 desideravit,
3026 4529 3126 4571 nec
3186 4516 3460 4585 suscipere
3512 4514 3716 4580 voluit,
3765 4514 3851 4569 sed

1840 4628 2076 4685 VARUE
2111 4629 2404 4689 LECTION
2416 4631 2520 4686 ES.

649 4746 968 4801 "iudustris
998 4746 1079 4799 la.
1111 4746 1336 4801 illustris
1359 4747 1441 4799 lc.

578 4815 854 4871 decetubr.
906 4818 1032 4870 add.
1082 4818 1164 4870 lb.
1313 4818 1359 4848 ⁸⁸
1381 4817 1497 4870 ath.
1526 4815 1606 4868 lc.
1756 4814 1803 4844 '°
1839 4817 1998 4870 tereti
2031 4817 2130 4870 lc?

1589 4744 1633 4774 ¹¹
1668 4744 1743 4797 ita
1780 4744 1857 4796 lc.
1900 4745 2336 4801 ltonerareutla.

2485 4747 2529 4777 "
2546 4745 2673 4799 add.
2701 4744 2786 4799 lb.
2934 4743 2980 4776 "
2995 4745 3070 4796 ita
3096 4743 3177 4797 lc.
3204 4742 3362 4798 ambo
3383 4741 3471 4796 la.
3622 4742 3671 4774 “
3696 4758 3756 4797 tl.
3781 4741 3848 4795 Η.

2275 4819 2319 4848 ’⁷
2344 4817 2587 4873 omnium
2620 4831 2756 4869 corr.
2785 4815 2970 4868 omnio
2992 4817 3042 4868 1.
3066 4828 3133 4867 ex
3158 4814 3242 4867 his
3260 4815 3513 4867 omnibus
3541 4812 3847 4882 partibusi.

582 4886 627 4957 ’ξ
662 4888 769 4957 regi
805 4888 883 4941 lc.
942 4888 1201 4957 exspirat.
1231 4887 1420 4941 Omem
1453 4894 1507 4940 et
1555 4886 1790 4957 fortuna,
1829 4900 1884 4952 q.
1919 4886 1986 4939 h.-
2030 4903 2213 4956 regem
2250 4888 2287 4941 f.
2321 4888 2720 4957 aspiraverunl,
2753 4884 2817 4957 ll.
2855 4900 2911 4953 q.
2943 4901 2998 4955 p.
3027 4890 3313 4940 cesserunt
3338 4883 3394 4937 2.
3470 4884 3517 4914 ³⁸
3549 4893 3738 4937 mutua
3770 4883 3844 4935 la.

581 4955 627 4988 ³⁸
659 4954 944 5012 evvrltardo
973 4954 1061 5013 la.
1136 4954 1201 4988 ’³¹
1224 4958 1411 5012 delevit
1442 4965 1488 5010 et
1520 4954 1650 5008 add.
1682 4954 2000 5011 Heinricqu
2031 4954 2284 5029 in'marg.
2316 4954 2397 5012 1ο.
2472 4957 2518 4988 ³³
2545 4956 2815 5011 frideslari
2847 4957 2927 5009 lc.

2106 5071 2244 5118 NnT
2256 5072 2338 5118 [Ε.
