4042 5300
600 307 730 364 1191

1508 302 1885 358 ΤΙΙΙΕΤΜΑΒΙ
1926 305 2551 365 MERSEBURGENSIS
2589 310 2891 368 EPlSCOPl

3717 318 3847 377 “9?.

589 422 681 493 qui
723 421 769 454 ³²
815 419 1099 476 Deventeri
1149 422 1362 491 dicitur,
1409 425 1696 482 ecclesiam
1741 421 1896 476 senio
1934 420 2170 473 dirutam
2197 427 2247 484 Α
2274 420 2422 476 obitu
2474 422 2683 476 domum
2735 421 3052 494 Liudgardis
3096 424 3140 457 θ’
3170 426 3387 493 inclitae,
3426 442 3495 483 ex
3537 445 3648 484 una
3704 445 3848 502 parte

590 526 862 567 renovans
887 510 1160 566 benedixit
1184 528 1246 567 ac
1266 517 1570 583 presbitero
1594 514 1793 568 suimet
1821 512 2167 565 commcnda-

588 603 684 658 vit.
719 601 819 669 Qui
872 602 924 656 in
957 618 1063 656 una
1100 603 1308 659 dierum
1357 606 1510 659 valde
1539 602 1771 659 diluculo
1796 602 1862 655 ad
1893 616 2012 654 eam
2041 616 2167 670 per—

586 705 737 760 gens,
764 690 898 744 vidit
943 700 1187 747 mortuos
1214 693 1267 745 in
1298 693 1523 749 ecclesia
1565 702 1621 747 et
1664 690 1804 745 atrio
1852 688 2164 755 olTerentes,

589 792 751 850 atque
778 783 983 837 audivit
1022 782 1068 815 ⁸⁸
1112 794 1414 840 cantantes.
1469 784 1622 850 Quod
1671 798 1795 837 mox
1832 781 2082 852 episcopo
2111 789 2169 833 ut

584 873 820 942 primum
848 873 893 927 is
925 873 1130 938 retulit,
1157 875 1345 945 jussus
1368 877 1436 930 ab
1471 892 1535 931 eo
1563 876 1615 929 in
1645 873 1875 929 ecclesia
1905 871 2165 934 dormire,

586 980 709 1021 cuin
744 964 902 1029 lecto,
930 982 1038 1035 quo
1068 969 1356 1036 requievit,
1380 969 1626 1039 sequenti
1657 977 1814 1022 nocte
1834 981 1864 1021 a
1896 965 2167 1020 defunctis

581 1056 787 1126 ejectus
830 1067 934 1113 est.
962 1056 1043 1114 Ob
1089 1059 1193 1115 hoc
1221 1060 1359 1114 idem
1393 1061 1633 1129 trepidus
1677 1059 1817 1129 apud
1869 1057 2165 1112 antistitem

582 1150 711 1205 talia
738 1151 1002 1220 queritur.
1047 1151 1097 1206 Is
1126 1160 1305 1206 autem
1346 1153 1572 1223 precipit
1616 1152 1667 1206 ei
1720 1160 1775 1204 ut
1804 1165 1925 1204 cum
1956 1158 2168 1203 sancto-

584 1256 700 1295 rum
745 1241 985 1310 reliquiis
1014 1243 1276 1312 signatus,
1304 1259 1438 1312 aqua
1470 1256 1655 1297 sancta
1706 1256 1980 1311 aspersus,
2013 1254 2165 1295 suam

582 1331 855 1387 custodire
887 1348 990 1386 non
1028 1333 1314 1389 desisteret
1351 1332 1655 1388 ecclesiam.
1701 1332 1800 1399 Qui
1825 1330 1975 1399 jussa
2008 1346 2166 1385 secu-

582 1428 667 1475 tus
708 1422 909 1475 domini
944 1423 1135 1476 iterum
1186 1424 1421 1478 dormire
1464 1424 1515 1477 in
1564 1421 1788 1478 ecclesia
1829 1422 2025 1487 voluit;
2070 1420 2165 1476 sed

581 1511 839 1566 Stimulati
871 1512 1079 1566 timoris
1115 1529 1242 1568 casu
1272 1511 1318 1554 ⁸ο
1348 1513 1426 1568 sic
1456 1512 1680 1581 jacendo
1707 1513 1977 1583 evigilavit
2007 1513 2073 1567 ⁸³.
2100 1512 2168 1566 Ει

581 1621 705 1661 ecce
731 1606 885 1660 solita
913 1607 1190 1661 venientes
1226 1608 1380 1672 hora,
1424 1600 1769 1661 elevaverunt
1804 1622 1945 1680 eum,
1979 1620 2164 1661 coram

580 1696 735 1750 altari
767 1712 888 1750 eum
918 1708 1197 1766 ponentes,
1234 1707 1289 1752 et
1325 1699 1375 1751 in
1405 1698 1613 1752 favillas
1643 1706 1798 1751 tenus
1824 1713 2020 1767 corpus
2043 1697 2165 1767 igne

2270 510 2449 579 neptis
2478 527 2609 565 meae
2638 527 2702 566 ac
2730 528 2798 566 ex
2826 514 2926 566 alia
2966 531 3133 570 nurus
3167 516 3234 581 ",
3276 528 3330 573 et
3361 521 3506 589 quod
3547 521 3697 577 inter
3722 527 3853 578 and-

2267 614 2362 655 eos
2389 601 2702 670 precipuum
2730 614 2812 657 est
2839 643 2854 667 ,
2891 602 3323 664 famibarissimze
3365 611 3523 677 mihi,
3555 613 3626 667 de
3649 630 3761 684 qua
3802 617 3849 669 in

2268 690 2618 757 sequentibus
2672 691 2969 747 edisseram
3019 694 3063 725 “
3113 696 3479 755 enucleacius.
3530 702 3681 773 Sepe
3728 706 3851 760 mihi

2270 778 2468 831 accidit
2510 792 2567 832 ut
2599 780 2668 833 in
2730 795 2887 837 nocte
2915 784 3059 854 ligna
3107 785 3266 841 incidi
3297 790 3577 857 audirem,
3606 806 3665 847 et
3693 796 3854 850 semel

2267 871 2552 927 defunctos
2580 874 2783 944 pariter
2804 876 3168 948 colloquentes
3181 894 3280 950 ego
3292 890 3346 935 et
3361 882 3542 938 socius
3570 901 3733 941 meus
3760 904 3856 943 ca:-

2268 962 2400 1017 teris
2432 964 2827 1021 dormientibus
2859 968 3139 1024 manifeste
3168 973 3403 1041 pereepi,
3443 985 3501 1028 et
3521 976 3576 1029 in
3606 974 3699 1032 bis
3728 978 3856 1033 duo-

2267 1052 2367 1107 bus
2392 1053 2561 1123 signis
2584 1056 2824 1113 crastino
2863 1056 2906 1088 ⁸⁵
2936 1059 3345 1116 subsecuturum
3376 1063 3543 1121 funus
3585 1068 3853 1124 intellexi

2267 1145 2380 1200 Etsi
2411 1163 2510 1217 ego
2549 1147 2742 1219 fungar
2768 1150 2884 1206 vice
2905 1153 3043 1206 cotis
3065 1193 3079 1216 ,
3103 1153 3303 1209 ferrum
3329 1166 3383 1210 et
3413 1173 3520 1212 non
3567 1175 3628 1213 se
3659 1176 3856 1215 exacuo

2266 1238 2408 1291 entis
2436 1238 2667 1305 (llonxr.
2694 1239 2794 1310 Ep.
2825 1256 2882 1303 tt,
2923 1240 2977 1306 '5,
3025 1243 3171 1311 501),
3206 1253 3385 1300 tamen
3418 1263 3485 1301 ne
3526 1252 3670 1303 muti
3709 1253 3855 1306 canis

2266 1326 2555 1396 obprobrio
2587 1338 2759 1393 noter,
2794 1330 3103 1387 inlitteratis
3144 1342 3197 1387 et
3222 1336 3455 1390 maxime
3498 1336 3741 1403 Sclavis,
3769 1339 3854 1409 qui

2267 1433 2388 1472 cum
2436 1430 2609 1474 morte
2640 1422 2915 1490 temporali
2946 1424 3126 1477 omnia
3159 1435 3349 1494 putant
3392 1428 3557 1492 finiri,
3612 1430 3733 1485 lucc
3777 1432 3854 1485 lo-

2266 1520 2422 1575 quor,
2456 1507 2837 1563 certitudinem
2865 1509 2909 1541 “
2937 1515 3359 1569 resurreecionis
3379 1525 3433 1570 et
3458 1534 3560 1587 pro
3587 1519 3853 1587 qualitate

2266 1597 2448 1652 meriti
2478 1598 2669 1654 futurae
2704 1602 3155 1660 remunerationis
3187 1605 3415 1664 firmiter
3444 1610 3701 1667 indicens
3730 1629 3855 1667 uin-

2265 1689 2368 1745 ctis
2398 1689 2664 1746 ﬁdelibus.
2692 1691 2826 1748 Tres
2871 1711 3103 1765 namque
3133 1707 3258 1752 sunt
3283 1701 3497 1766 animm,
3533 1718 3645 1756 non
3687 1719 3850 1771 equa-

582 1784 927 1840 resolventcs.
956 1785 1066 1840 lloc
1090 1787 1175 1839 ubi
1202 1787 1380 1856 presul
1403 1787 1628 1851 audivit,
1654 1786 1942 1856 penitentia
1968 1787 2161 1841 ductus

2267 1780 2388 1834 liter
2441 1782 2762 1852 incipientes
2807 1800 2905 1840 nec
2958 1786 3117 1840 simul
3171 1788 3418 1845 finientes
3464 1792 3646 1862 (l56'.
3673 1794 3850 1848 Prima

582 1872 889 1927 triduanum
950 1874 1141 1929 indixit
1181 1873 1466 1943 jejunium,
1510 1883 1570 1929 ut
1612 1884 1665 1928 ct
1712 1875 1814 1929 sibi
1863 1874 2160 1945 auinneque

579 1962 815 2018 defuncti
854 1964 900 1995 ”
928 1976 1290 2019 succurreret.
1324 1964 1488 2019 Multa
1510 2006 1523 2029 ,
1559 1965 1652 2032 fili,
1686 1965 1751 2020 de
1780 1966 1864 2019 his
1886 1965 2158 2033 omnibus,

580 2055 699 2127 (lol.
736 2055 790 2126 6)
829 2057 880 2111 ni
913 2056 1198 2112 infirmitas
1237 2058 1498 2122 obstaret,
1528 2058 1707 2113 dicere
1745 2060 2061 2127 potuissem.
2092 2058 2163 2114 Ut

579 2149 694 2204 dies
736 2149 894 2212 vivis,
940 2150 1016 2204 sic
1043 2166 1149 2204 nox
1177 2159 1262 2205 est
1302 2165 1560 2205 concessa
1590 2149 1856 2205 defunctis
1888 2149 1955 2203 ⁸⁵.
1996 2170 2012 2201 ι
2046 2148 2161 2205 Νοη

578 2248 796 2309 Oportet
840 2239 961 2309 plus
1006 2256 1198 2310 sapere
1249 2239 1554 2303 mortalem,
1604 2255 1788 2308 quam,
1838 2248 1899 2294 ut
1945 2249 2164 2295 sanctus

579 2340 854 2385 ammonet
886 2330 1102 2393 Paulus,
1131 2330 1197 2385 ad
1234 2329 1583 2385 sobrietatem
1614 2328 1794 2398 (Rom.
1827 2346 1929 2396 xu,
1952 2330 2030 2402 '5).
2057 2329 2165 2385 Sed

586 2423 713 2493 quia
746 2422 852 2477 duo
885 2422 965 2476 vel
1015 2432 1123 2477 tres
1153 2423 1218 2477 ad
1245 2437 1412 2476 unum
1467 2420 1736 2476 sullicinnt
1778 2422 2161 2488 testimonium,

583 2512 699 2568 haec
722 2528 841 2582 quae
868 2511 1091 2567 novellis
1121 2513 1323 2568 nostris
1343 2527 1573 2567 evenere
1597 2512 1925 2582 temporibus
1949 2503 2162 2582 scripsi,

580 2612 640 2659 ut
671 2604 844 2659 discat
872 2603 1178 2659 incredulus
1222 2619 1348 2657 vera
1376 2619 1496 2658 esse
1512 2602 1895 2673 prophetarum
1923 2602 2164 2668 oracula,

577 2709 610 2748 e
660 2694 856 2764 quibus
908 2704 1135 2749 testatur
1182 2710 1359 2749 unus:
1403 2690 1601 2759 Vivent,
1653 2692 1922 2763 inquiens,
1974 2693 2165 2748 mortui

578 2787 656 2840 tui
682 2785 748 2851 “,
782 2784 1043 2840 Domine!
1073 2784 1186 2857 (Isti
1236 2801 1385 2851 xxvr,
1419 2784 1503 2857 19)
1546 2793 1601 2839 et
1652 2784 1792 2839 alius
1813 2783 1861 2817 "
1890 2802 1903 2838 :
1936 2783 2169 2855 Surgcnt

582 2881 806 2943 mortui,
858 2878 949 2949 qui
999 2878 1052 2932 in
1110 2878 1473 2934 monumentis
1525 2886 1672 2942 sunt,
1725 2877 1944 2931 audient
1978 2891 2164 2931 vocem

578 2967 701 3023 Filii
740 2967 830 3022 Dei
861 2977 916 3023 et
938 2967 1189 3022 laetentur
1234 2967 1414 3037 (Joan.
1456 2984 1510 3031 v,
1554 2966 1669 3038 28).
1705 2966 2166 3037 Quandocumque

579 3074 611 3113 a
638 3058 942 3114 viventibus
975 3058 1091 3113 luce
1118 3057 1411 3111 audiuntur
1430 3057 1513 3111 vel
1540 3059 1815 3121 videntur,
1844 3074 2040 3112 novum
2066 3057 2167 3111 ali-

2264 1871 2574 1938 angelorum
2599 1872 3061 1945 incorporearum,
3090 1893 3209 1946 qua:
3240 1896 3363 1934 cum
3392 1880 3474 1937 eis
3503 1895 3587 1937 est
3615 1885 3742 1940 sine
3765 1885 3852 1939 ini-

2262 1958 2411 2015 cioet
2432 1961 2944 2018 termino.Secunda
2971 1965 3400 2039 homimnmquze
3426 1986 3549 2025 eum
3575 1973 3664 2028 eis
3693 1976 3854 2030 sumit

2262 2050 2566 2116 exordium,
2592 2052 2686 2108 sed
2725 2052 2776 2107 in
2799 2055 2903 2109 line
2926 2070 3031 2109 non
3056 2056 3261 2112 habens
3295 2062 3674 2133 participium.
3701 2065 3854 2122 Nam-

2264 2155 2370 2209 que
2397 2140 2700 2197 inmortalis
2722 2152 2822 2206 est.
2849 2153 2927 2209 et,
2955 2155 3013 2198 ut
3038 2147 3254 2216 quidam
3283 2151 3510 2219 gentiles
3533 2153 3849 2223 epiuantur,

2265 2231 2319 2285 in
2348 2233 2525 2287 futuro
2562 2248 2666 2288 non
2699 2234 2903 2289 habens
2952 2230 3053 2291 hoc
3093 2237 3316 2294 ofiitium
3371 2242 3517 2312 quod
3552 2245 3608 2297 in
3641 2246 3748 2301 hoc
3774 2263 3854 2302 se-

2263 2323 2407 2376 culo.
2441 2322 2633 2378 Tercia
2672 2325 2882 2395 species
2913 2336 2995 2380 est
3021 2328 3213 2383 anima:
3240 2332 3505 2399 pecudum
3535 2333 3582 2365 "
3616 2351 3685 2390 ac
3715 2337 3853 2391 vola-

2266 2412 2463 2477 tilium,
2497 2429 2617 2484 qua:
2643 2430 2764 2469 cum
2794 2431 3020 2486 corp0re
3052 2433 3233 2488 parem
3265 2421 3413 2476 inicii
3450 2423 3699 2495 finisque
3739 2445 3851 2483 sor-

2268 2504 2780 2575 titureqnalitatem.
2806 2507 2978 2573 Unde,
3000 2509 3140 2563 sicut
3168 2510 3219 2564 iu
3242 2509 3359 2582 lege
3376 2514 3542 2584 Moysi
3567 2531 3599 2568 a
3630 2516 3853 2573 Domino

2268 2594 2393 2649 data
2422 2594 2468 2626 ⁸⁸
2515 2597 2828 2665 preeipitur,
2877 2598 2949 2654 ita
3000 2615 3160 2655 verus
3210 2603 3522 2659 cbristicola
3558 2606 3634 2661 ah
3672 2625 3852 2664 eorum

2268 2685 2529 2756 sanguine
2571 2699 2913 2758 ncipiaquam
2942 2689 3055 2759 (fol.
3082 2692 3136 2763 7)
3166 2694 3327 2763 pollui
3371 2698 3645 2752 canonica
3679 2714 3853 2755 aucto-

2268 2777 2431 2832 ritate
2469 2776 2513 2809 "
2544 2779 2840 2847 proilietur.
2877 2779 3024 2835 Multi
3070 2782 3213 2836 enim
3261 2792 3387 2838 sunt
3427 2800 3732 2856 pauperes,
3769 2788 3853 2858 qui

2269 2864 2413 2921 hunc
2443 2868 2495 2921 in
2527 2884 2623 2922 usu
2653 2871 3055 2926 commestionis
3104 2873 3320 2938 habent,
3348 2884 3405 2930 et
3433 2890 3495 2931 se
3537 2877 3592 2931 in
3627 2879 3736 2933 hoc
3768 2881 3855 2933 ali-

2268 2958 2397 3028 quid
2421 2973 2647 3028 peccare
2674 2961 3005 3030 ignorantes,
3029 2962 3127 3017 sibi
3153 2950 3206 3017 in
3231 2966 3332 3019 hoc
3353 2968 3855 3023 contradicentibus

2268 3052 2479 3105 eunetis
2529 3052 2808 3107 resistunt.
2842 3054 2982 3124 Ergo
3029 3063 3082 3108 tu
3118 3055 3297 3119 homo,
3346 3057 3519 3127 gloria
3571 3069 3631 3113 et
3664 3076 3853 3131 magno

579 3151 708 3220 quid
738 3150 783 3182 "
814 3144 1010 3222 signat,
1039 3158 1099 3223 ut
1127 3149 1374 3203 idoneum
1408 3150 1460 3203 in
1493 3149 1676 3204 multis
1721 3151 1983 3220 approbat
2010 3152 2161 3205 testi—

2267 3143 2468 3197 honore
2490 3159 2519 3197 a
2537 3142 2645 3198 Deo
2664 3156 2941 3211 coronate,
2962 3155 3018 3201 et
3037 3163 3197 3218 super
3216 3151 3395 3203 omnia
3419 3149 3672 3219 ejusdem
3699 3170 3850 3223 opera

580 3240 843 3304 monium,
884 3240 1038 3310 cujus
1074 3255 1322 3309 magnam
1369 3248 1577 3308 partem
1614 3241 1748 3303 seio,
1773 3239 2030 3309 majorem
2060 3256 2162 3295 au-

582 3342 692 3387 tem
739 3332 951 3402 ignoro,
999 3331 1093 3386 sed
1123 3328 1406 3386 veracibus
1457 3331 1780 3385 testimoniis
1832 3333 2013 3386 credo.
2062 3319 2161 3386 Fui

582 3436 682 3490 ego
709 3419 760 3472 in
793 3434 909 3472 mea
940 3427 1093 3474 curte
1119 3417 1490 3472 Retmerslevo
1514 3417 1561 3454 ⁸⁸
1592 3418 1738 3489 (154)
1762 3418 1927 3481 dicta,
1952 3421 2041 3474 ubi
2074 3421 2161 3474 15.

582 3510 702 3566 Kal.
742 3509 1006 3573 Januarii,
1037 3508 1089 3564 6.
1127 3508 1280 3573 feria,
1312 3508 1363 3562 in
1393 3509 1566 3578 primo
1608 3509 1732 3578 galli
1763 3522 1921 3564 cantu
1970 3526 2161 3580 magna

581 3600 675 3655 lux
719 3599 787 3655 ab
831 3599 1071 3655 meclesia
1120 3600 1378 3660 emicans,
1435 3607 1604 3651 totum
1664 3598 1889 3662 replevit
1941 3601 2160 3666 atrium,

579 3698 897 3768 sonitusque
925 3695 1327 3768 grunnientium
1361 3709 1511 3748 more
1539 3693 1584 3725 ⁸⁹
1607 3695 1824 3748 auditur
1845 3695 2160 3751 immensus.

581 3790 735 3858 Quod
791 3805 944 3845 meus
996 3787 1166 3844 frater
1203 3787 1538 3843 Frithericus
1579 3802 1701 3841 eum
1753 3787 2075 3842 satellitibus
2115 3789 2160 3820 ⁶⁶

580 3883 717 3936 meis
747 3881 1065 3950 czeterisque
1101 3880 1206 3935 huc
1250 3878 1697 3934 convenientibus
1739 3882 1947 3947 aspexit
1981 3879 2046 3946 ⁸⁸,
2105 3889 2160 3934 et

579 3973 692 4038 ille,
722 3973 813 4043 qui
840 3987 1023 4028 coram
1052 3986 1137 4024 me
1160 3969 1433 4033 dormivit,
1459 3969 1771 4038 capellanus
1796 3970 2020 4024 audivit.
2050 3972 2161 4028 [loc

578 4065 818 4119 crastino
847 4079 966 4119 cum
998 4061 1377 4132 comperirem,
1409 4062 1454 4114 si
1488 4076 1742 4129 umquam
1775 4061 1924 4127 prius
1953 4063 2023 4117 ibi
2056 4066 2158 4117 ali-

575 4160 708 4229 quid
739 4158 843 4213 tale
876 4156 1183 4227 contigerit,
1217 4155 1577 4222 interrogans.
1628 4153 1792 4207 semel
1828 4155 1928 4207 hiis
1959 4156 2158 4210 similia

576 4250 841 4305 accidisse
884 4249 952 4304 ab
977 4245 1369 4316 antiquissimis
1405 4242 1646 4311 percepi,
1693 4244 1822 4297 etin
1866 4245 1968 4301 hoc
2018 4261 2161 4302 anno

2265 3234 2578 3298 constitute,
2621 3237 2687 3289 da
2716 3250 2813 3304 pre
2861 3239 3112 3294 omnibus
3141 3240 3343 3309 gratias
3372 3239 3675 3309 altissimo,
3707 3247 3830 3299 retri

2266 3320 2439 3379 buens
2467 3326 2515 3379 ei
2545 3341 2642 3394 pro
2670 3328 3019 3397 possibilitate
3060 3341 3166 3396 tua,
3195 3346 3316 3400 qua:
3350 3331 3446 3385 tibi
3475 3332 3608 3388 fecit
3637 3337 3853 3390 misera-

2270 3413 2416 3470 lio'ne
2445 3431 2563 3471 sua.
2595 3417 2659 3471 Et
2690 3434 2789 3489 ego
2822 3430 3059 3488 repetam
3090 3420 3300 3490 longius
3326 3423 3607 3480 aberrata.

2342 3505 2396 3560 8.
2432 3506 2539 3560 Rex
2580 3520 2754 3561 autem
2790 3510 2993 3564 Avares
3027 3511 3072 3541 ⁷⁰
3099 3526 3451 3580 sepeuumero
3509 3516 3853 3587 insurgentel

2270 3598 2474 3667 expulit
2524 3600 2693 3671 (157).
2731 3602 2799 3655 Et
2832 3618 2953 3657 eum
3006 3603 3059 3658 in
3114 3620 3221 3659 uno
3272 3609 3482 3659 dierum
3535 3608 3641 3664 hos
3689 3613 3852 3680 inpari

2272 3706 2560 3759 congressu
2616 3692 2795 3748 ledere
2838 3703 3143 3763 temptaret,
3190 3696 3368 3751 victus
3423 3698 3478 3752 in
3516 3701 3713 3756 urbem
3741 3719 3853 3773 qua:

2268 3781 2455 3837 Bichni
2487 3795 2712 3839 vocatur
2761 3785 2931 3857 (l58),
2968 3786 3135 3857 fugit;
3195 3788 3374 3858 ibique
3409 3794 3609 3849 mortis
3648 3797 3853 3865 pericu-

2268 3873 2379 3929 lum
2412 3877 2668 3939 evadens,
2718 3877 2952 3933 urbanos
2995 3879 3184 3946 majori
3238 3882 3409 3951 gloria
3463 3899 3633 3953 quam
3672 3889 3850 3943 hacte-

2269 3982 2370 4022 nus
2401 3969 2665 4023 haberent
2694 3970 2777 4025 vel
2807 3972 3288 4040 comprovinciales
3335 3974 3498 4030 hodie
3527 3986 3775 4045 teneant,
3801 3990 3851 4034 et

2272 4061 2338 4113 ad
2371 4060 2482 4115 huic
2526 4061 2837 4116 muneribus
2870 4063 3045 4134 dignis
3091 4064 3341 4119 honorat.
3381 4065 3852 4141 Quociescumque

2268 4161 2459 4207 contra
2489 4151 2656 4207 Deum
2685 4161 2739 4208 et
2784 4155 3051 4210 seniorem
3078 4157 3277 4211 suimet
3320 4157 3448 4212 dum
3488 4160 3630 4217 vixit
3653 4176 3715 4218 se
3745 4180 3852 4218 um-

2268 4260 2430 4315 quam
2460 4245 2823 4315 superbiendo
2852 4248 3049 4315 erexit,
3080 4248 3239 4305 toties
3281 4249 3567 4307 humiliata
3595 4265 3851 4325 potestate

577 4339 731 4413 (155)
793 4339 1174 4395 miserabiliter
1225 4334 1340 4404 (fol.
1396 4334 1450 4405 'i')
1500 4333 1757 4402 compleri
1805 4335 2049 4393 videbam
2106 4340 2159 4394 in
2193 4351 2386 4411 Dsua,
2419 4353 2478 4392 se
2528 4338 2598 4392 ad
2655 4338 3087 4394 emendationem
3131 4341 3849 4412 condignam“inelinavit.

1838 4445 2071 4503 VARIE
2130 4450 2529 4508 LECTIONES.
2562 4452 2566 4457 ’

653 4522 699 4554 ⁵⁸
728 4521 966 4594 que‘laL
1013 4521 1062 4553 ⁸³
1089 4518 1328 4594 vigilavit
1357 4518 1441 4570 la.
1542 4513 1751 4594 deliinti
1782 4516 1866 4594 lg.
1935 4518 1995 4594 ff
2023 4529 2080 4574 ut
2105 4522 2220 4594 dies
2241 4522 2605 4594 -_—-__defunctis
2627 4524 2678 4575 in
2706 4523 2757 4576 1.
2788 4538 2937 4577 erasa
2983 4533 3123 4578 sunt.
3194 4525 3245 4557 ³⁸
3271 4524 3478 4594 Optime
3502 4527 3849 4585 Titianum.

578 4585 868 4672 emendatur
921 4585 1182 4672 Honorius
1220 4589 1257 4641 ι.
1288 4588 1410 4672 Lit-it
1440 4585 1747 4672 διῆρες-(ξς.
1807 4586 2014 4642 Daniel.
2057 4605 2156 4672 χει,
2186 4591 2265 4661 2.)
2297 4592 2651 4672 Multl_ile.bis
2675 4595 2763 4658 qui
2790 4594 3061 4672 dormiunt
3088 4596 3139 4650 in
3171 4585 3336 4672 terre
3363 4599 3608 4672 pulvere,
3632 4604 3847 4672 ex-iggh.

581 4662 743 4723 bunt;
772 4670 826 4714 et
855 4661 970 4729 ipse
1000 4660 1254 4734 Dominus
1288 4675 1302 4710 :
1335 4656 1524 4734 blenni
1556 4657 1644 4724 qui
1674 4655 1726 4708 in
1778 4660 2144 4734 monumentis
2165 4655 2311 4726 sunt,
2365 4663 2585 4734 audient
2614 4655 2798 4734 vocem
2824 4664 2917 4734 lilii
2943 4663 3036 4734 Dei
3062 4675 3115 4719 et
3140 4655 3455 4734 precedent.

579 4734 794 4793 sapius.
867 4726 911 4762 δ’
944 4728 1325 4790 ratmaerslcvo
1358 4728 1409 4779 1.
1472 4726 1518 4764 ⁵⁸
1546 4740 1597 4792 g.
1632 4740 1703 4777 in.
1738 4727 1864 4781 add.
1902 4730 1982 4781 lb.

579 4869 636 4951 2.
679 4939 692 4949 ν
712 4870 756 4903 ⁸⁸
782 4870 907 4923 add.
936 4871 957 4922 1
990 4870 1038 4922 b.
1117 4869 1161 4899 “
1188 4884 1317 4951 pro:

581 4950 642 4995 et
674 4951 865 4995 tutum-
901 4949 1350 4994 remunerationis
1397 4951 1493 5005 pro

582 5026 747 5081 supra
769 5026 970 5065 versum
998 5010 1201 5087 addidit
1240 5008 1264 5062 1
1294 5007 1322 5059 b
1345 5008 1448 5059 sive
1478 5005 1501 5058 1
1534 5021 1583 5059 c.

2060 4731 2105 4765 ⁸ο
2128 4731 2200 4782 ita
2226 4747 2362 4785 corr.
2409 4731 2494 4784 1η.
2521 4733 2799 4786 satellilms
2828 4732 2911 4785 lb.

580 4800 628 4837 ⁸⁸
654 4803 726 4854 ita
770 4801 951 4869 legisse
985 4799 1187 4852 videtur
1218 4798 1276 4859 i;
1302 4798 1391 4851 sed
1416 4798 1578 4869 erasis
1605 4805 1835 4862 quatuor
1873 4796 2058 4851 litteris
2085 4801 2163 4852 lc.
2194 4817 2328 4855 corr.
2361 4802 2620 4855 lukardis.
2696 4802 2742 4833 ”
2765 4818 2827 4855 ac
2854 4819 2902 4856 e.
2938 4817 2987 4855 a.
3019 4820 3073 4857 n.
3105 4806 3230 4858 add.
3264 4806 3348 4859 lb.

3562 4671 3610 4701 "’
3636 4671 3777 4741 aliqd
3800 4673 3845 4725 1.

2988 4732 3032 4765 ⁸⁸
3058 4750 3105 4788 c.
3142 4732 3268 4787 cdd.
3297 4736 3380 4788 ib.
3408 4752 3595 4799 porca
3628 4732 3842 4794 erasum.

3019 4820 3073 4857 n.
3105 4806 3230 4858 add.
3264 4806 3348 4859 lb.
3426 4807 3473 4838 “
3496 4812 3741 4867 enissero
3768 4814 3842 4865 lc.

1117 4869 1161 4899 “
1188 4884 1283 4937 pro
1310 4866 1634 4921 certitudine
1678 4879 1817 4937 corr.
1861 4883 2047 4920 manus
2095 4885 2186 4921 rec.
2209 4872 2362 4924 nlior.
2397 4872 2724 4925 Conslrnctio
2744 4871 2855 4925 lucc
2891 4883 2963 4925 cst
2987 4885 3006 4924 :
3029 4876 3406 4929 certitudinem
3437 4866 3844 4934 resurrectionis

1534 4949 1589 5004 q.
1619 4947 1698 4985 m.
1741 4936 1945 4991 limum.
2015 4938 2059 4969 ⁸⁷
2084 4955 2161 5008 pa:

2274 4956 2359 4993 om
2393 4944 2495 4996 la.
2562 4941 2607 4973 ⁸⁸
2653 4942 2776 4995 date
2804 4942 2854 4996 1.
2920 4942 2965 4973 ⁶⁹
3003 4945 3291 5000 actoritate
3328 4947 3381 5000 1.

3470 4948 3522 4979 ’⁸
3552 4950 3593 5004 i.
3626 4966 3843 5022 ungaros

2116 5077 2345 5136 NOTAE.

579 5147 797 5224 Brigida
833 5148 968 5224 dixit
1000 5165 1015 5202 :
1052 5145 1378 5224 qni-jam_80
1405 5161 1572 5224 qpnos
1604 5157 1781 5201 natus.

1294 5287 1308 5300 ι
1324 5283 1427 5300 ΔιιΊΛ

1705 5273 1735 5300 __
1881 5215 2170 5300 descriptio

2276 5152 2442 5224 lii-rer
2469 5152 2533 5223 de
2560 5150 3197 5223 :eternitateangelorum
3242 5168 3311 5209 aa
3374 5170 3534 5210 ecum
3567 5159 3837 5221 Dithniari,

2726 5273 2791 5300 -C_
2828 5274 2896 5300 '--’
2945 5273 2967 5291 τ
3018 5273 3072 5291 ίυ
3117 5293 3127 5300 _
3168 5273 3217 5276 ⁷”
3256 5273 3457 5300 _r"""’
3483 5273 3570 5300 _:"

3623 5273 3655 5282 κν
3662 5273 3721 5281 ι-σ-
3729 5273 3805 5282 ‘7..-
3812 5273 3837 5279 —
