4042 5300
217 256 359 312 1193

215 372 411 426 Audivi
438 369 698 440 quod'hic
728 369 951 423 Romam
976 384 1135 424 causa
1159 367 1420 422 orationis
1449 378 1655 437 petens.
1684 365 1800 434 plus
1834 374 1875 427 Α
1908 378 2007 415 nus
2047 382 2058 414 :

211 463 442 533 pedibus
469 479 632 532 quam
665 479 804 532 equo
856 463 1147 524 laboraret,
1179 470 1234 517 ct
1269 476 1297 515 a
1340 461 1524 514 tnttltis
1573 461 1804 514 interro-

211 567 371 628 gatus
403 572 500 610 cur
531 557 611 609 sic
650 565 849 625 ageret,
884 555 1095 624 culpam
1127 553 1492 624 proﬁteretur.

287 650 343 704 9.
375 649 535 702 Anno
579 647 864 701 dominicae
917 646 1312 702 incarnacionis
1360 646 1486 700 93I°
1514 645 1808 714 imperator

208 741 442 795 effectus
461 748 548 794 est
577 740 622 770 τ’
655 740 824 811 (159).
851 737 947 794 llic
983 747 1223 794 montem
1253 753 1418 791 unum
1443 735 1596 805 juxta
1630 736 1806 790 Albim

213 835 446 901 positum
480 841 536 884 et
559 832 605 862 ἠ
637 832 888 886 arborum
939 830 1207 885 densitate
1233 831 1280 862 "
1311 839 1439 884 tunc
1486 839 1807 899 occupatum

209 924 472 986 excoluit,
517 925 588 978 ibi
623 935 676 977 et
711 924 757 955 "
785 925 972 979 urbem
1020 923 1242 987 faciens,
1269 923 1334 977 de
1385 922 1502 976 rivo
1549 923 1806 990 quodam,

209 1017 307 1086 qui
338 1018 389 1070 in
420 1015 832 1086 septentrionali
864 1025 1018 1085 parte
1043 1016 1286 1087 ejusdem
1333 1013 1471 1078 ﬂuit,
1507 1030 1700 1068 nomen
1733 1015 1810 1070 ei-

213 1110 339 1163 dem
369 1108 524 1163 Misni
550 1109 839 1178 imposuit;
868 1124 1054 1179 quam,
1085 1118 1143 1162 ut
1171 1107 1329 1164 hodie
1353 1108 1408 1162 in
1431 1123 1530 1162 usu
1561 1108 1807 1171 habetur.

214 1200 471 1270 presidiis
516 1209 572 1254 et
598 1199 714 1270 (fol.
757 1200 811 1270 8)
855 1201 1298 1271 imposicionibus
1344 1200 1557 1255 ceteris
1614 1202 1806 1255 munit.

219 1291 301 1346 Ex
332 1305 394 1345 ea
424 1290 682 1346 Milzenos
711 1290 859 1362 (I60)
891 1308 1001 1346 sure
1044 1293 1299 1347 subactos
1343 1292 1542 1346 dicioni
1588 1307 1810 1346 censum

214 1384 532 1453 persolvere
559 1386 734 1456 coegit
769 1391 880 1450 (an.
909 1384 1058 1456 932).
1114 1384 1313 1440 Urbem
1358 1401 1573 1454 quoque
1614 1386 1812 1440 Liuhu-

213 1491 374 1529 suam
411 1476 457 1508 "
483 1477 654 1547 (161),
683 1479 751 1533 de
780 1493 883 1547 qua
914 1478 966 1532 in
997 1487 1272 1546 posterum
1305 1477 1475 1531 lacius
1510 1478 1813 1546 disputatu-

216 1583 315 1621 rus
341 1583 482 1631 smn,
512 1569 601 1622 diu
630 1571 942 1640 possidens,
971 1572 1209 1624 urbanos
1257 1570 1310 1624 in
1355 1569 1812 1624 municiunculam

216 1659 364 1714 infra
407 1661 632 1715 eandem
683 1662 915 1732 positam
967 1661 1173 1732 fugere,
1221 1671 1276 1716 et
1305 1676 1364 1716 se
1415 1661 1658 1717 dedicios
1694 1661 1810 1716 ﬁeri

1459 213 1875 308 cumsuam.
1917 279 1986 290 -
2024 247 2152 304 LIB.
2195 248 2232 302 ι.

3364 257 3496 312 ιιοι

2107 362 2437 419 Innocentem
2474 362 2535 432 :rt
2575 365 2718 434 pium
2747 364 2792 396 “
2816 381 2918 419 non
2965 365 3249 435 interﬁciat
3295 369 3494 439 (Exod.

1911 470 2066 518 xxtu,
2093 455 2168 513 7).

1981 548 2068 600 10.
2108 549 2396 617 Antiququ
2422 565 2557 618 opus
2596 551 2955 606 Romanorum
2989 569 3143 608 muro
3182 571 3274 610 rex
3323 556 3502 626 predi-

1907 644 2028 691 ctus
2051 638 2103 691 in
2136 638 2414 711 Mersburg
2436 641 2481 674 ⁸⁸
2505 642 2780 698 decoravit
2806 644 3033 714 lapideo,
3057 656 3112 701 et
3135 647 3270 702 infra
3297 649 3412 720 (t'ol.
3438 650 3493 716 8)

1908 729 2135 783 eandem
2166 731 2486 797 (ecclesiam,
2526 748 2645 802 qua:
2672 750 2815 789 nunc
2843 745 3014 790 mater
3043 745 3128 791 est
3153 739 3405 803 aliarum,
3434 741 3501 794 de

1910 820 2176 890 lapidibus
2200 825 2462 888 construi,
2490 835 2545 879 et
2580 825 2646 880 M
2672 827 2938 884 Kalendas
2967 829 3108 886 Junii
3141 834 3383 904 precepit
3408 834 3498 888 de-

1910 913 2078 968 dicari
2114 914 2284 983 (166).
2317 915 2555 972 Cmteras
2583 934 2798 989 quoque
2831 923 2992 978 urbes
3030 925 3096 979 ad
3143 926 3372 980 salutem
3411 943 3500 980 re-

1911 1004 2022 1074 gni,
2049 1014 2101 1059 et
2135 1007 2330 1075 templa
2365 1008 2592 1063 Domino
2635 1010 2706 1065 ob
2749 1015 3040 1068 remedium
3069 1017 3264 1070 animae
3308 1019 3499 1071 devota

1913 1107 2093 1152 mente
2131 1097 2416 1154 fabricavit
2459 1100 2504 1132 "
2543 1102 2711 1173 {l67}.
2743 1103 2873 1160 Post
2904 1106 3185 1162 innumera
3237 1109 3497 1164 virtutum

1913 1188 2142 1261 insignia
2182 1192 2330 1261 (168)
2371 1193 2513 1248 idem
2541 1233 2558 1260 ,
2609 1195 2842 1252 decurso
2892 1199 3016 1253 vitae
3060 1203 3258 1258 suimet
3304 1203 3500 1261 stadio.

1913 1284 2280 1338 sextodecimo
2315 1285 2497 1355 regni,
2543 1288 2720 1343 aetatis
2780 1299 2958 1345 autem
3009 1307 3120 1348 sua:
3164 1294 3501 1364 sexagesimo

1913 1389 2078 1438 anno,
2128 1385 2279 1432 sexta
2326 1377 2464 1432 Non.
2519 1377 2669 1445 Julii,
2699 1380 3008 1437 Miminlevo
3051 1386 3302 1450 moritur,
3343 1397 3399 1442 et
3447 1389 3500 1442 in

1913 1467 2415 1537 Quidilingaburch,
2430 1486 2592 1540 quam
2613 1473 2731 1542 ipse
2752 1490 2782 1527 a
2807 1475 3156 1532 fundamento
3177 1480 3503 1543 construxit,

1915 1559 2176 1629 sepultus,
2207 1578 2235 1614 a
2266 1565 2476 1618 cunctis
2497 1565 2847 1635 optimatibus
2895 1569 3091 1623 merito
3121 1569 3364 1626 deﬂetur.
3398 1574 3505 1626 Ac-

1914 1654 2047 1708 cidit
2077 1655 2124 1687 "
2168 1655 2268 1708 hoc
2308 1671 2451 1710 anno
2496 1657 2784 1714 dominica:
2821 1660 3209 1717 incarnationis
3250 1663 3373 1718 956.
3424 1665 3508 1718 In-

213 1754 504 1823 compulit.
535 1754 612 1808 Ex
663 1768 730 1809 eo
769 1754 878 1818 die,
912 1731 1172 1825 quaihrec
1217 1765 1343 1810 tunc
1393 1754 1641 1808 incendio
1670 1753 1815 1820 justc
1847 1731 1892 1791 Β
1922 1745 2059 1800 ἀθιίε
2089 1747 2234 1817 (169)
2268 1757 2449 1802 autem
2477 1749 2525 1781 ⁸’
2559 1750 2761 1805 relicta!
2795 1755 3126 1821 posteritatis
3155 1755 3332 1810 tristia
3361 1757 3506 1825 prin-

215 1846 404 1912 periit,
435 1862 603 1915 usque
633 1846 700 1901 ad
729 1856 912 1902 nostra
953 1856 1196 1916 tempora
1224 1846 1595 1902 habitatore"
1619 1847 1814 1901 caruit.

217 1937 282 1992 Si
319 1937 449 2007 quid
483 1939 533 1992 in
565 1953 734 2010 regno
762 1939 979 2003 suimet,
1024 1947 1082 1992 ut
1111 1938 1260 1992 tnulti
1293 1938 1500 2001 dicunt,
1534 1937 1578 1991 is
1620 1937 1818 2007 predu-

215 2040 311 2086 tus
340 2032 430 2096 sit,
471 2032 596 2086 huic
619 2033 762 2086 Deus
801 2032 1041 2086 clemens
1068 2031 1335 2102 ignoscat.
1367 2031 1590 2100 Insuper
1615 2029 1816 2085 North-

219 2139 456 2178 mannos
480 2134 536 2178 et
574 2123 752 2181 Danos
786 2125 954 2178 armis
991 2123 1093 2178 sibi
1147 2123 1586 2192 obtemperantes
1615 2120 1664 2152 τ’
1694 2121 1821 2175 fecit

218 2215 400 2285 (I62),
430 2224 486 2270 et
517 2217 586 2270 ab
617 2231 805 2270 errore
829 2215 1057 2284 pristino
1086 2222 1391 2278 revocatos,
1429 2227 1551 2267 cum
1572 2226 1700 2284 rege
1726 2227 1822 2267 eo-

215 2325 344 2363 rum
391 2309 706 2363 Cnulone"
739 2309 887 2380 (165)
944 2309 1043 2363 hos
1088 2308 1291 2363 Christi
1346 2307 1536 2377 jugum
1599 2315 1819 2378 portare

215 2402 463 2456 edocuit.
501 2400 758 2472 Sedquia
793 2416 892 2472 ego
933 2403 998 2455 de
1029 2401 1222 2455 hostiis
1260 2401 1553 2454 eorundem
1585 2399 1822 2468 antiquis

216 2496 362 2546 mira
402 2495 605 2557 audivi,
638 2494 754 2548 haec
807 2493 1112 2548 indiscussa
1165 2493 1430 2562 preterire
1479 2491 1691 2546 nolo".
1728 2490 1822 2546 Est

215 2603 363 2639 unus
401 2588 452 2640 in
487 2588 568 2641 his
600 2587 845 2657 partibus
875 2586 1045 2650 locus,
1080 2594 1241 2654 caput
1270 2586 1425 2639 istius
1450 2584 1623 2652 regni,
1652 2582 1822 2638 Lede-

218 2695 324 2732 run
359 2680 602 2744 nomine,
634 2681 686 2734 in
728 2694 864 2750 pago
894 2680 985 2750 qui
1018 2679 1180 2734 Selon
1228 2679 1427 2732 dicitur
1450 2677 1497 2709 "
1525 2676 1696 2749 (161),
1731 2677 1820 2732 ubi

214 2779 345 2839 post
376 2771 411 2825 9
445 2771 491 2802 ⁸⁸
521 2787 692 2826 annos
736 2787 922 2827 mense
972 2771 1254 2833 Januario,
1293 2780 1415 2840 post
1459 2771 1564 2825 hoc
1613 2780 1823 2841 tempus

210 2876 332 2929 quo
377 2877 477 2917 nos
523 2863 902 2934 theophaniam
947 2862 1162 2918 Domini
1221 2861 1587 2924 celebramus,
1633 2874 1822 2915 omnes

213 2965 620 3020 convenerunt,
653 2964 707 3011 et
741 2957 810 3010 ibi
844 2955 947 3010 diis
985 2957 1185 3011 suimet
1215 2953 1283 3009 99
1309 2953 1352 2986 ⁸⁸
1378 2954 1627 3008 homines
1649 2960 1706 3006 et
1734 2961 1822 3006 to-

215 3046 390 3099 tidem
415 3061 609 3117 equos,
639 3064 762 3102 cum
784 3049 1012 3104 canibus
1065 3057 1121 3103 et
1163 3047 1320 3118 gallis
1348 3061 1444 3116 pro
1470 3045 1818 3115 accipitribus

213 3138 443 3204 oblatis,
484 3139 762 3196 immolant
791 3140 962 3210 (165),
995 3157 1094 3210 pro
1123 3151 1296 3202 certo,
1340 3148 1402 3192 ut
1439 3138 1671 3208 predixi,
1719 3153 1816 3207 pu-

213 3240 404 3285 tantes
433 3233 533 3287 bos
559 3233 761 3289 eisdem
791 3249 919 3304 erga
951 3231 1154 3287 inferos
1183 3232 1228 3264 ⁸⁸
1258 3233 1553 3287 servituros
1582 3240 1638 3284 et
1667 3246 1820 3284 com-

211 3326 391 3378 missa
438 3326 665 3380 crimina
716 3327 855 3396 apud
905 3325 1128 3381 eosdem
1167 3326 1213 3358 ⁸³
1255 3325 1582 3396 placaturos.
1639 3323 1813 3390 Quam

217 3415 365 3467 bene
394 3431 486 3469 rex
519 3427 704 3472 noster
744 3418 890 3480 fecit,
931 3418 1023 3487 qui
1050 3431 1146 3471 eos
1177 3433 1206 3470 a
1235 3426 1343 3470 tam
1374 3417 1681 3472 execrando
1709 3414 1816 3469 ritu

215 3505 534 3572 prohibuit!
557 3508 954 3577 Acceptabilem
974 3510 1118 3564 enim
1143 3510 1252 3564 Deo
1273 3509 1411 3579 patri
1434 3509 1663 3563 hostiam
1689 3508 1817 3574 fert,

215 3597 319 3665 qui
350 3598 588 3654 humano
633 3601 880 3670 sanguini
903 3600 949 3632 "
970 3601 1164 3671 parcit.
1199 3599 1433 3670 Precipit
1463 3600 1604 3653 enim
1639 3599 1818 3653 Domi-

1918 1840 2099 1908 cipum
2122 1840 2168 1870 ⁹⁹
2191 1840 2350 1894 corda
2384 1840 2637 1903 letiﬁcat,
2662 1852 2718 1897 et
2745 1855 2923 1900 certos
2942 1846 3259 1902 voluntaria:
3289 1848 3508 1904 electio-

1923 1932 2005 1986 nis
2035 1933 2130 1986 hos
2163 1931 2306 1987 fecit.
2343 1933 2419 1987 Ve
2452 1935 2695 2005 populis,
2743 1938 2938 2006 quibus
2989 1941 3245 2010 regnandi
3296 1955 3421 2010 spes
3454 1942 3508 1994 in

1920 2023 2272 2079 subsecutum
2316 2027 2656 2081 dominorum
2707 2029 2892 2085 sobole
2925 2046 3029 2085 non
3074 2032 3423 2102 relinquitur,
3450 2042 3509 2088 et

1924 2117 2064 2170 inter
2093 2132 2150 2171 se
2185 2117 2326 2171 facta
2359 2119 2696 2175 dissensione
2730 2131 2786 2176 et
2815 2122 2971 2192 longa
3018 2126 3362 2179 contentione
3412 2125 3511 2179 ali-

1920 2210 2062 2280 quod
2087 2209 2373 2265 consilium
2423 2213 2502 2266 vel
2541 2213 2782 2270 solamen
2813 2216 2922 2270 cito
2954 2232 3059 2272 non
3090 2218 3404 2288 providctur
3431 2219 3504 2274 '-l

1922 2301 1978 2355 Si
2017 2302 2069 2356 in
2120 2304 2608 2373 consanguinitatis
2651 2306 2790 2362 linea
2841 2308 3036 2378 aliquis
3083 2308 3174 2366 tali
3219 2310 3386 2365 oilitio
3426 2313 3511 2365 di-

1922 2407 2058 2463 gnus
2084 2410 2191 2448 non
2222 2388 2550 2462 inveniatur,
2581 2397 2776 2453 saltem
2814 2400 2865 2454 in
2903 2400 3003 2455 alia
3040 2402 3179 2457 bene
3208 2403 3510 2474 morigera—

1923 2494 2034 2546 tus,
2088 2487 2233 2541 omni
2289 2489 2414 2543 odio
2462 2491 2649 2560 procul
2710 2503 2920 2546 remoto
2975 2504 3323 2558 assumatur;
3366 2498 3493 2565 quia

1922 2579 2156 2634 maxima
2209 2582 2449 2649 perdicio
2499 2592 2602 2646 est,
2653 2584 2988 2654 alienigenos
3018 2587 3064 2620 ⁹¹
3090 2603 3353 2658 regnare:
3385 2591 3512 2643 hinc.

1923 2672 2197 2741 depressio
2235 2685 2284 2728 et
2321 2674 2585 2730 libertatis
2621 2679 2768 2730 venit
2809 2694 2998 2748 magna
3039 2682 3382 2749 periclitatio.
3429 2685 3511 2738 Ah

1924 2765 2052 2827 hoc,
2078 2768 2142 2818 de
2164 2781 2272 2835 quo
2294 2767 2428 2832 dixi,
2444 2769 2698 2823 lleinrico
2717 2779 2774 2824 et
2795 2774 3197 2828 successoribus
3211 2777 3324 2830 suis
3344 2792 3514 2845 usque

1925 2857 2028 2910 huc
2058 2857 2175 2925 (fol.
2207 2858 2260 2927 9)
2287 2858 2530 2914 Saxones
2554 2861 2746 2916 eievati
2785 2872 2839 2916 et
2881 2864 2934 2917 in
2963 2867 3214 2922 omnibus
3250 2880 3372 2922 sunt
3412 2871 3511 2922 ho-

1923 2950 2097 3002 norati
2133 2950 2304 3020 (170).
2345 2951 2613 3022 Quicquid
2639 2953 2688 2986 ”
2713 2954 2768 3008 in
2817 2955 2922 3010 hiis
2969 2956 3234 3024 laudatur,
3266 2962 3331 3013 ab
3356 2964 3512 3030 equi-

1922 3055 2059 3096 voco
2094 3041 2230 3110 ejus,
2263 3043 2330 3098 de
2353 3059 2461 3114 quo
2491 3045 2796 3114 scripturus
2843 3062 2960 3102 sum
3009 3049 3118 3104 vita
3145 3053 3364 3114 comite,
3394 3057 3515 3108 diti-

1925 3142 2115 3202 genter
2159 3145 2427 3202 servatur.
2465 3146 2519 3190 ct
2564 3148 2702 3208 post,
2752 3151 2810 3193 ut
2862 3156 3074 3205 vereor,
3117 3144 3322 3199 ﬁnitur.
3371 3145 3514 3216 Ergo

1923 3239 2274 3296 quaecumque
2303 3229 2370 3281 de
2399 3230 2500 3284 hiis
2534 3231 2804 3285 ullatenus
2826 3231 2877 3264 “
2904 3249 3044 3290 nunc
3073 3247 3400 3305 preteream,
3427 3240 3514 3294 vel

1921 3317 2026 3371 vita
2060 3319 2342 3373 deﬁciente
2392 3321 3062 3395 indiscussa~re-linquam,
3108 3344 3392 3384 successor
3417 3328 3517 3384 ka-

1920 3409 2156 3475 rissime,
2187 3414 2478 3481 compleas,
2512 3424 2564 3469 et
2587 3425 2888 3484 temporqu
2918 3419 3207 3487 qualitates
3232 3420 3516 3490 scriptura:

1921 3505 2180 3558 memoria
2231 3509 2544 3562 concludas.
2594 3510 2706 3578 Ego
2754 3522 3006 3581 peccator
3058 3525 3113 3568 et
3160 3515 3212 3568 in
3261 3516 3515 3570 omnibus

1923 3596 2212 3667 neglegens
2240 3601 2428 3654 vacavi
2461 3601 2724 3658 hactenus
2753 3619 2782 3657 ιι
2813 3605 2967 3659 bouis
2997 3615 3054 3660 et
3097 3609 3272 3662 studui
3309 3608 3362 3663 in
3397 3627 3511 3664 uta-

1522 3772 1756 3830 VAP‘IAC
1795 3773 2200 3831 LECTIONES.

301 3913 347 3943 τί
380 3920 676 3967 anno-—est
697 3913 822 3968 add.
860 3913 943 3967 Ib.
1016 3915 1063 3944 τ’
1088 3928 1152 3968 ex
1189 3914 1253 3966 Ia
1282 3927 1421 3964 corr.
1461 3917 1514 3963 et
1549 3910 1607 3966 Ib
1663 3921 1718 3963 et
1773 3923 1837 3961 ex
1889 3909 1945 3962 9..

217 3983 551 4037 Lubuzuam
607 3983 660 4036 2.
737 3984 782 4015 ⁷⁸
873 3985 945 4036 ita
1014 3986 1094 4038 lc.
1156 3982 1407 4036 ltabitore
1467 3981 1552 4033 la.

220 4055 413 4121 placet
469 4052 555 4105 1η.

213 4124 268 4156 ⁸⁸
305 4121 554 4176 LXXXX
585 4123 648 4175 ia
675 4133 727 4177 et
765 4123 888 4177 VIIII
919 4123 1046 4178 add.
1073 4123 1156 4177 Ib.

218 4194 506 4261 mesburg.
533 4209 668 4246 corr.
702 4197 1004 4263 mersburg.
1038 4194 1164 4247 add.
1201 4192 1284 4245 Ib.

1630 3982 1676 4014 ⁷⁸
1754 3983 2070 4049 oplérantcs
2134 3981 2184 4032 1.

631 4055 677 4086 τ’
739 4053 959 4108 Iederun
998 4051 1294 4106 ——dicitur
1345 4051 1472 4104 add.
1522 4050 1608 4103 Ib.
1675 4049 1730 4102 in
1813 4050 1928 4103 loco
2000 4065 2180 4103 vacuo.

1232 4122 1278 4153 ⁸⁸
1332 4136 1381 4176 e.
1409 4123 1445 4175 l.
1479 4121 1605 4174 add.
1638 4121 1723 4173 Ib.
1796 4120 1843 4151 ⁸³
1866 4137 1917 4173 ει.
1950 4135 2000 4172 ρ.
2031 4121 2158 4172 add.
2207 4120 2291 4174 ‘lb.

2022 3907 2069 3940 ’³
2110 3909 2414 3964 denscitate
2463 3911 2546 3964 In.
2616 3913 2662 3944 "‘
2699 3913 2888 3968 littera»
2948 3918 2969 3970 1
3026 3929 3074 3970 et
3130 3935 3198 3974 ua
3242 3937 3407 3977 erusm
3455 3927 3508 3980 I.

2261 3981 2305 4052 7⁷
2355 3980 2607 4052 ςιιίῃοιιθ
2652 3984 2706 4036 2.
2783 3985 2830 4015 ’⁷⁸
2899 3985 2973 4039 ita
3049 4005 3186 4042 corr.
3240 3992 3357 4047 1b..
3403 4013 3513 4052 mn

2257 4051 2302 4086 "°
2362 4051 2514 4104 VIIII.
2582 4053 2636 4106 in
2705 4070 2892 4107 rasura
2953 4058 3018 4110 ab
3069 4059 3266 4114 interm
3326 4051 3512 4121 manu.

2447 4125 2706 4197 ετδηῐέιῑίηθ
2730 4125 2814 4197 ‘(lo
2859 4196 2864 4197 ν
2893 4125 2939 4156 ⁸⁵
2969 4128 3188 4197 impium
3214 4130 3301 4184 In.
3379 4134 3426 4167 ³⁸
3458 4139 3510 4190 Ῐη

1363 4194 1405 4224 ⁸⁷
1430 4189 1563 4245 Cod.
1591 4191 1647 4244 ‘2.
1679 4201 1724 4243 et
1760 4189 1899 4243 Ann.
1925 4189 2066 4244 Suro
2089 4191 2335 4260 addunt:
2362 4192 2458 4245 llic
2491 4189 2714 4247 in‘nova
2748 4195 2972 4250 Corbeia
3003 4189 3153 4253 aram
3197 4205 3370 4256 sancti

223 4259 496 4333 martyris
546 4276 678 4331 auro
733 4276 785 4317 et
834 4259 1063 4332 geminis
1106 4264 1272 4316 variis
1312 4263 1541 4333 miriﬁce
1583 4262 1799 4314 ornavit
1827 4263 2043 4333 hortatu
2087 4259 2358 4333 Malitildis
2400 4262 2642 4332 conjugis
2671 4280 2784 4319 sue.

2863 4266 2908 4296 ⁸⁸
2936 4266 3216 4342 Sequentia
3237 4289 3418 4342 usque
3449 4278 3516 4328 ad

223 4330 596 4406 imitationem
628 4334 819 4406 bonum
840 4330 995 4403 (σαι).
1022 4349 1166 4404 sequ.
1195 4331 1419 4406 init.)'_in
1451 4347 1663 4406 rasura,
1705 4347 1838 4406 quq:
1866 4331 2095 4406 corripiet.
2138 4330 2254 4406 [alii
2296 4333 2356 4406 8'_
2395 4330 2594 4406 partem
2625 4337 2897 4390 dimidiam
2925 4349 2971 4390 et
3000 4330 3184 4406 folium
3223 4341 3256 4394 9
3297 4330 3517 4406 rectum,

219 4405 600 4480 scriptitarint,
633 4401 952 4480 sedandam,
995 4401 1114 4472 qua)
1157 4401 1514 4480 antecedentia
1542 4417 1724 4480 manu.
1776 4401 1840 4480 _”
1866 4403 1993 4480 add.
2051 4401 2129 4480 Ia.
2208 4401 2254 4431 "
2277 4403 2602 4480 principium
2626 4407 2748 4480 _la._
2782 4401 3010 4480 saepius.
3071 4410 3116 4440 ⁹¹
3147 4401 3521 4480 ιινονίιιριιίιιιιῖ

223 4477 251 4598 ἶ
264 4491 299 4526 α
349 4474 441 4526 sed
479 4489 688 4528 erasum
725 4476 778 4530 bi
817 4479 1074 4528 incertum
1100 4491 1131 4527 a
1156 4491 1279 4544 quo.

263 4562 320 4597 α.

1355 4474 1399 4504 ’³
1431 4471 1729 4540 aligeninos
1772 4471 1857 4525 la.
1911 4473 2248 4543 aligcnienas
2292 4475 2375 4528 Ic.
2448 4475 2494 4505 "
2548 4477 2761 4546 quich
2824 4471 2877 4532 1.

2954 4478 3000 4510 ⁹⁴
3055 4478 3255 4536 ila—io.
3303 4486 3519 4540 ttlleuus

1741 4675 1970 4731 ΝΟΤίΕ.

306 4792 456 4878 (159)
484 4803 652 4878 Νοτιιο
678 4816 760 4862 est
785 4807 879 4878 qui
921 4807 1129 4878 ignoret
1149 4808 1458 4863 Heinrieum
1486 4823 1682 4861 corona
1715 4809 1814 4863 im-
1845 4815 1893 4870 ι)

223 4875 444 4944 ῃετὴιιῐ
473 4875 963 4932 decoratum—uou—
986 4877 1165 4934 fuisse.
1220 4880 1408 4933 Noster
1457 4891 1583 4934 ante
1628 4881 1816 4935 oculos

225 4946 422 5000 habuit
450 4945 762 5002 Widukitul.
792 4948 833 5011 l,
867 4948 961 5002 59.

311 5015 456 5090 (169)
481 5016 693 5090 Milzeni
718 5020 768 5072 in
794 5018 1015 5090 Lusatia
1040 5018 1304 5090 superiori
1333 5019 1558 5089 ejusque
1587 5019 1819 5073 confinia

226 5085 356 5138 bus.
385 5087 642 5138 Civitates
670 5104 854 5138 eorum
898 5085 1119 5138 fuerunt
1153 5085 1388 5138 Rautzon
1416 5085 1717 5138 (et—Gm-Iitz.
1758 5091 1818 5138 ν.

1990 4811 2142 4883 (163)
2174 4811 2351 4868 ﬂarde
2386 4811 2563 4868 Cuuth
2594 4813 2770 4877 \V’rm,
2804 4824 2940 4868 teste
2972 4812 3178 4865 Adamn
3226 4813 3526 4868 lit-emensi,

1927 4883 1970 4949 l’
2003 4883 2155 5026 61)
2186 4951 2799 5026 ιρίιήθίτιριιιίιῐῖοοειιὶιιι
2830 4953 2883 5026 iu
2915 4949 3196 5026 S_elan_dia.

2006 5020 2258 5138 (165)(11.
2289 5020 2479 5079 Adam.
2516 5023 2766 5078 Bremen.
2812 5025 2880 5076 de
2923 5023 3030 5076 situ
3061 5021 3245 5074 Dania:
3293 5020 3508 5092 ειη)λῖ

2060 5097 2267 5138 ηνίηιιιι
2295 5094 2564 5138 “nullst-Im.
2587 5093 2946 5138 mvtlmlnoim-
2983 5105 3034 5138 n.
3066 5089 3159 5138 28-
3191 5107 3272 5138 sn.

1927 5108 1981 5138 nt
2013 5089 2028 5138 1
2060 5089 2267 5138 ηι*’ἰιηιιι
2295 5094 2564 5138 “nullst-Im.
2587 5093 2946 5138 mvtlmlnoim-
2983 5105 3034 5138 n.
3066 5089 3159 5138 28-
3191 5107 3272 5138 sn.
