4042 5300
573 301 712 359 H95

1494 292 1870 349 THIETMARI
1908 264 2531 351 MERSEBURCENSIS
2567 292 2869 359 ertscort

3712 301 3840 357 £196

581 416 671 483 lis,
699 428 824 473 sero
848 412 918 468 ad
946 410 1046 468 ista
1076 418 1132 466 et
1175 410 1244 466 ad
1282 407 1505 465 meliora
1531 410 1576 442 ”
1608 409 1920 480 respiciens,
1948 410 2167 465 animaa-
2197 417 2239 473 Α
2274 424 2415 463 anno
2468 410 2614 481 regni
2664 412 2859 465 suimet
2913 411 2965 465 7.
3001 412 3068 444 ¹⁶⁸
3116 413 3204 468 l9.
3262 413 3534 471 Kalendas
3584 414 3851 473 Februarii

572 525 680 580 qne
727 506 1044 563 memoriam
1109 502 1399 560 salutarem
1455 502 1603 557 nullo
1656 503 1816 558 modo
1880 516 2161 558 exercens.

567 602 864 672 Postquam
898 606 1081 670 pastor
1107 595 1332 653 ell‘ectus
1358 611 1499 670 sum,
1537 595 1694 652 docui
1744 595 2016 666 subjectos
2043 612 2167 651 ver-

563 694 651 750 bis
694 698 923 753 tantum,
961 696 1025 744 let
1067 702 1171 743 non
1218 684 1497 756 exemplis.
1544 684 1898 740 Extrinsecus
1938 684 2163 755 apparui

564 787 765 849 bonus,
798 780 1057 837 interiora
1090 779 1301 834 vinlans
1332 778 1583 850 pessimis
1622 777 2068 849 cogitationibus;
2096 777 2164 833 de

564 873 852 931 immundo
895 872 1104 929 semine
1148 879 1462 939 conceptus.
1510 868 1793 924 volutabar
1841 868 1893 923 in
1938 867 2165 934 luto,-ut

496 970 499 971 '
565 965 846 1019 immunda
895 977 1008 1018 sus.
1048 961 1205 1016 Dicat
1243 959 1482 1030 aliquis:
1524 958 1658 1013 Male
1702 957 1933 1012 laudasti
1964 958 2040 1012 te!
2074 956 2160 1013 cui

562 1056 868 1124 respondeo
920 1069 1109 1109 verum
1152 1054 1255 1109 hoc
1312 1067 1461 1117 esse,
1515 1051 1660 1121 quod
1706 1051 2032 1107 deteriorem
2075 1066 2160 1107 me

498 1140 499 1143 “
565 1145 754 1205 nescio
773 1145 842 1198 “.
869 1144 1078 1200 Idcirco
1106 1159 1193 1199 me
1218 1144 1296 1200 sic
1319 1160 1508 1214 arguo,
1538 1152 1597 1197 ut
1625 1142 1826 1214 agnitis
1850 1142 2160 1199 vulneribus

494 1225 508 1258 ³
564 1237 723 1302 meis.
752 1250 1045 1291 succurras
1083 1235 1215 1291 mihi
1243 1234 1290 1267 ”
1324 1234 1774 1289 medicationibus
1817 1233 2156 1299 necessariis,

492 1316 496 1321 ’
560 1340 623 1384 et
646 1344 712 1383 ex
745 1343 939 1398 magna
977 1337 1133 1399 parte
1160 1341 1388 1389 consors
1412 1325 1517 1381 mei
1541 1325 1620 1380 sic
1654 1324 1873 1395 adjuves
1905 1324 1955 1378 in
1984 1323 2157 1379 omni-

534 1430 537 1433 '
562 1420 667 1485 bus
693 1436 799 1487 me,
829 1422 972 1476 sicut
997 1420 1130 1476 velis
1154 1419 1398 1476 exhiberi
1420 1433 1519 1490 pro
1550 1428 1625 1473 te.

557 1576 565 1581 _
633 1515 724 1570 11.
772 1514 841 1569 Et
883 1514 1068 1570 inclita
1098 1512 1425 1570 venerabilis
1459 1521 1606 1584 gesta
1639 1511 1911 1567 MalitiI-lis
1934 1512 2001 1577 ⁸⁷,
2033 1527 2155 1581 qua:

558 1614 684 1677 post
719 1620 1000 1662 excessum
1030 1605 1261 1661 senioris
1296 1604 1378 1659 sui
1406 1617 1694 1672 sumopere
1725 1600 1870 1663 fecit.
1901 1602 2152 1671 equidem

561 1696 750 1765 paucis
792 1696 1246 1768 comprehendam
1286 1695 1351 1749 ad
1389 1694 1746 1749 imitationem
1792 1693 1986 1749 bonam
2035 1692 2148 1761 (fol.

2269 501 2405 556 obiit
2436 502 2527 566 “9,
2557 502 2642 557 cui
2666 502 3038 570 Bernhardus,
3068 504 3305 572 eiusdem
3337 508 3685 577 capellanns,
3740 525 3854 565 suc-

2269 594 2449 659 cessit,
2475 594 2617 648 sicut
2644 595 2693 650 ei
2722 596 2880 666 prius
2901 596 2986 652 vir
3028 608 3252 655 sanctus
3301 601 3562 670 predixit.
3624 602 3856 674 Namque

2254 685 2315 740 is
2346 686 2437 741 diu
2478 686 2725 743 inﬁrmus
2753 689 2900 744 videt
2928 689 2983 745 in
3016 693 3243 759 somnis,
3290 694 3433 762 quod
3484 693 3748 749 baculum
3774 712 3858 766 pa-

2266 778 2522 834 storalem
2554 795 2585 834 e
2623 780 2872 836 manibus
2904 782 3020 837 suis
3066 782 3311 854 elapsum
3342 783 3705 841 Bernhardns
3733 801 3858 856 pone

2263 883 2499 938 sequens
2526 868 2763 925 elcvaret
2785 878 2842 925 et
2873 872 2926 926 in
2957 882 3143 942 aperto
3197 880 3457 943 portaret.
3487 874 3555 929 Et
3583 879 3857 946 expergis-

2263 974 2392 1014 cens
2422 960 2637 1014 vocavit
2662 975 2788 1015 eum
2817 962 2881 1015 ad
2924 977 3005 1025 se,
3059 965 3286 1019 dlcens:
3359 964 3508 1019 Vade
3544 967 3619 1020 ad
3669 978 3857 1022 cuum

2263 1054 2480 1122 regiam,
2509 1069 2720 1108 sumens
2749 1069 2815 1108 ea:
2846 1071 2958 1108 mea
2985 1066 3134 1124 parte
3182 1073 3300 1127 qum
3329 1057 3423 1111 tibi
3465 1059 3575 1111 sint
3632 1060 3709 1113 ad
3759 1061 3858 1114 lue:

2262 1147 2579 1211 necessaria,
2603 1156 2652 1200 et
2674 1148 2888 1216 nequire
2913 1149 3139 1217 gratiam
3163 1158 3213 1202 et
3255 1150 3518 1204 auxilium
3570 1152 3645 1203 ibi
3677 1152 3859 1221 optime

2262 1235 2567 1304 valentium,
2617 1248 2675 1293 ut
2725 1240 2818 1293 tibi
2851 1239 3008 1294 liceat
3044 1242 3158 1295 sine
3194 1242 3335 1295 omni
3388 1243 3689 1312 offensione
3739 1245 3858 1297 mihi

2260 1330 2555 1384 succedere.
2588 1330 2889 1386 Providebit‘
2917 1332 3054 1386 enim
3082 1333 3195 1387 lucc
3244 1334 3421 1387 omnia
3455 1336 3551 1388 tibi
3585 1334 3659 1366 ¹⁹⁹
3696 1334 3854 1399 Dem,

2258 1420 2443 1477 dilecte
2465 1423 2576 1492 ﬁli!
2598 1422 2842 1479 Edictum
2879 1424 3045 1480 amati
3070 1425 3300 1481 senioris
3327 1425 3645 1481 obeditione
3669 1428 3856 1482 humili

2257 1511 2605 1569 Bernhardus
2656 1529 2782 1568 mox
2830 1514 3129 1584 complens,
3186 1514 3314 1568 dum
3344 1530 3376 1568 a
3416 1531 3545 1585 rege
3602 1514 3855 1571 Heinrico

2256 1613 2646 1671 reverteretur,
2691 1605 2958 1675 comperit
2993 1605 3269 1661 dominum
3300 1607 3500 1662 suimet
3541 1616 3603 1661 et
3646 1617 3853 1677 patrem

2255 1694 2323 1749 de
2358 1695 2461 1750 hac
2516 1694 2637 1751 luce
2688 1695 2960 1751 tricesimo
3003 1695 3363 1753 ordinationis
3417 1711 3532 1752 sum
3592 1713 3744 1753 anno
3792 1699 3851 1752 ad

560 1785 618 1857 9)
641 1785 888 1844 ﬁdelibus
934 1788 1175 1853 cunctis;
1223 1785 1349 1856 quia
1404 1794 1594 1840 sancta
1634 1793 1735 1848 est,
1786 1793 1846 1837 ut
1881 1782 2150 1854 scriptura
2184 1774 2225 1832 Β
2255 1786 2530 1843 Christum
2559 1787 2862 1859 migrasse;
2894 1796 2950 1844 et
2977 1802 3104 1843 mox
3133 1788 3417 1859 repedans,
3443 1789 3689 1859 predicti
3717 1790 3854 1859 regis

561 1878 720 1934 docet
745 1878 946 1949 (Maeli.
979 1895 1078 1942 xu.
1102 1878 1214 1949 46),
1258 1886 1313 1934 et
1341 1877 1575 1933 salubris
1626 1877 1900 1947 cogitatio,
1929 1890 2027 1945 pro
2056 1876 2151 1931 de-

559 1967 761 2025 functis
783 1983 944 2025 orare
979 1968 1377 2033 ctelemosinis
1409 1967 1803 2023 absolutionem
1849 1966 1954 2021 hiis
1979 1965 2025 2002 ⁸⁸
2050 1966 2150 2020 im-

556 2065 793 2128 petrare.
843 2058 1096 2131 Legimus
1143 2059 1287 2130 quod
1338 2058 1385 2091 ⁵⁸
1431 2057 1592 2114 unius
1635 2056 1835 2128 captivi
1889 2055 2145 2123 vincula,

556 2162 718 2216 quem
745 2150 791 2182 θ’
819 2165 957 2205 uxor
981 2166 1075 2206 sua
1107 2160 1303 2221 putans
1330 2159 1604 2205 mortuum
1634 2149 1867 2205 assiduis
1891 2163 2148 2218 procura-

558 2241 634 2293 vit
680 2241 927 2310 exequiis
954 2281 969 2306 ,
1022 2242 1189 2299 tocics
1240 2241 1619 2310 solverentur,
1677 2242 1899 2311 quocies
1944 2257 2043 2310 pro
2081 2255 2149 2298 eo

556 2332 919 2403 acceptabiles
956 2334 1066 2389 Deo
1095 2334 1236 2404 patri
1290 2334 1478 2389 hostiae
1508 2333 1578 2365 ¹⁰⁰
1601 2334 1669 2388 ab
1699 2334 1764 2366 ¹⁰¹
1787 2347 1851 2388 ea
1890 2336 2150 2390 oﬂ‘erren-

552 2433 646 2489 tur
669 2424 762 2492 ¹⁰¹¹,
790 2434 847 2480 ut
895 2426 1009 2495 ipse
1052 2426 1118 2499 ei
1149 2433 1271 2494 post
1321 2423 1527 2490 retulit,
1558 2437 1682 2480 cum
1732 2424 1947 2480 domum
1994 2440 2146 2480 suam

555 2515 693 2570 liber
721 2515 927 2572 revisit.
957 2516 1071 2571 Hoc
1096 2514 1343 2586 exemplo
1388 2514 1585 2570 domna
1611 2514 1885 2571 Mahtildis
1914 2515 2002 2581 ¹⁰³,
2028 2516 2151 2572 viro

538 2611 753 2670 .suimet
799 2611 1013 2687 vinculo
1057 2622 1450 2669 momentaneae
1484 2613 1678 2669 mortis
1720 2613 2147 2684 depresso,suc-

532 2705 744 2770 murrit,
775 2721 883 2761 non
913 2705 1085 2762 solum
1115 2707 1464 2778 pauperibus,
1496 2722 1684 2762 verum
1731 2707 1903 2763 eciam
1950 2708 2146 2762 avibus

537 2798 752 2852 arietum
776 2797 1194 2855 subministrans
1217 2797 1385 2870 (171).
1414 2798 1900 2870 Congregationem
1932 2813 2146 2869 quoque

530 2892 1043 2949 sanctimonialium
1084 2892 1144 2948 in
1195 2891 1283 2947 die
1334 2893 1603 2948 tricesima
1668 2894 1723 2948 in
1754 2908 1915 2963 supra
1941 2909 2147 2950 memo-

527 2991 668 3037 :rata
699 2983 833 3040 urbe
866 2984 1079 3050 statuit,
1118 2995 1174 3038 et
1213 2983 1340 3040 huic
1362 2994 1623 3054 quantum
1649 2984 1717 3039 ad
1744 2985 1921 3040 victus
1963 2991 2018 3040 et
2058 2987 2143 3040 sui

526 3077 777 3134 'vestitus
802 3079 1110 3134 necessaria
1143 3078 1487 3149 suppetebat,
1531 3093 1598 3132 ex
1637 3094 1734 3134 sua
1782 3078 2141 3149 proprietate,

520 3168 897 3228 laudantibus
927 3172 1038 3227 huc
1082 3172 1285 3227 suimet
1330 3170 1475 3236 (iliis,
1522 3171 1792 3247 concessit
1837 3180 1891 3224 et.
1928 3170 2146 3240 scriptis

524 3259 892 3319 conﬁrmavit
938 3261 1107 3333 (172).
1154 3260 1421 3317 Asseruut
1466 3260 1712 3316 nonnulli
1761 3261 1989 3315 eandem
2045 3262 2147 3314 hoc

549 3365 837 3420 sumopere
851 3351 945 3406 diu
963 3352 1171 3407 enisam
1198 3352 1267 3385 ‘°‘
1292 3352 1485 3420 fuisse,
1501 3350 1643 3421 quod
1669 3351 1852 3422 junior
1872 3352 2015 3407 lilius
2037 3351 2149 3407 sni-

550 3451 664 3497 met
710 3441 998 3499 Heinricus
1040 3445 1219 3514 patris
1266 3446 1449 3500 sedem
1507 3444 1827 3515 possideret.
1884 3443 1993 3499 Sed
2042 3444 2147 3501 hoc

549 3532 714 3606 Dens,
751 3534 953 3591 electos
981 3536 1083 3592 sibi
1130 3537 1197 3591 ad
1248 3551 1585 3607 unaqumque
1631 3550 1848 3607 semper
1884 3534 2144 3605 praeordiv

548 3640 705 3690 trans.
739 3625 932 3692 noluit,
978 3642 1080 3683 nec
1126 3638 1452 3683 summatum
1487 3628 1694 3699 optima
1740 3643 1866 3697 pars
1911 3641 2143 3682 consen-

538 3716 619 3770 sit
649 3715 738 3781 ‘°',
771 3717 866 3774 sed
898 3719 1117 3776 racione
1147 3721 1400 3791 prudenti
1429 3726 1486 3775 et
1522 3719 1644 3774 ideo
1669 3717 1828 3774 facile
1870 3717 2142 3781 suadenti,

523 3807 665 3862 'hazc
702 3811 965 3866 merentis
1000 3811 1197 3882 reginae
1222 3811 1462 3865 animum
1496 3809 1654 3880 paulo
1682 3809 1862 3865 minus
1888 3824 1918 3863 a
1949 3823 2144 3878 prepo-

526 3902 654 3956 ‘sito
705 3903 1031 3969 declinavit,
1081 3913 1137 3960 et
1182 3905 1307 3960 huic
1339 3905 1408 3936 ¹⁹⁶
1434 3903 1712 3974 Bawarios
1768 3904 1836 3957 ad
1883 3902 2140 3957 tuendum

544 3992 737 4059 apcius
770 3994 1054 4065 assignari,
1090 3994 1378 4064 prehabito
1425 3994 1527 4049 sibi
1577 4001 1704 4047 nato
1754 3992 1966 4064 majori,
2008 4006 2143 4048 con-

545 4083 736 4136 sulnit.

620 4175 707 4228 12.
741 4174 985 4245 (iob-10)
1038 4179 1198 4233 Anno
1249 4177 1535 4232 dominicae
1579 4173 1969 4232 incarnationis
2012 4174 2138 4230 725.

549 4264 852 4320 indiccione
901 4266 964 4320 ll.
1021 4267 1170 4339 regni
1218 4277 1403 4321 autem
1451 4267 1610 4338 primi
1641 4268 1784 4339 regis
1814 4265 2054 4321 lleinrici
2083 4264 2170 4320 5.‘

548 4354 875 4409 venerabilis
902 4355 1252 4426 Sigimundus
1285 4356 1376 4423 ⁸⁸⁷,
1427 4367 1632 4413 sanctae
1680 4356 2141 4413 llalverstidensis

2253 1895 2497 1949 munere,
2533 1881 2680 1952 quod
2723 1880 2982 1952 postulat,
3036 1882 3412 1953 consequitur.
3465 1881 3724 1938 Positum
3771 1894 3854 1939 est

2252 1982 2431 2029 autem
2459 1988 2654 2044 corpus
2669 1972 2863 2043 prefati
2885 1972 3118 2044 presulis
3140 1973 3195 2029 in
3225 1974 3444 2029 dextera
3474 1984 3640 2043 parte
3663 1974 3850 2031 altaris

2252 2065 2453 2121 Christi
2516 2064 2920 2135 protomartiris
2975 2064 3029 2119 in
3073 2065 3244 2133 gradu
3300 2064 3603 2136 prejacenti
3662 2066 3752 2130 ¹¹⁶,
3802 2077 3854 2119 ut

2253 2161 2366 2232 ipse
2414 2168 2571 2216 antea
2627 2159 3068 2231 premonstravit,
3107 2174 3215 2215 non
3249 2158 3505 2228 iacendo,
3536 2161 3640 2215 sed
3695 2176 3851 2231 supra

2250 2253 2564 2309 cathedram
2617 2252 2878 2319 sedendo,
2931 2267 3159 2322 sperans
3188 2265 3248 2307 se
3276 2252 3496 2323 patroni
3532 2251 3747 2307 suimet
3774 2252 3853 2306 in-

2252 2346 2584 2402 tercessione
2611 2354 2800 2400 sancta
2828 2352 2883 2401 et
2934 2344 3319 2401 benediccione
3362 2345 3699 2401 sacerdotali
3730 2361 3848 2415 per-

2250 2437 2535 2508 petualiter
2554 2436 2775 2492 muniri.
3432 2465 3483 2509 ο

2320 2529 2409 2583 15.
2438 2528 2553 2601 (fol.
2582 2528 2695 2600 l0.)
2723 2527 2971 2596 Qualiter
3014 2528 3330 2586 misericors
3361 2529 3506 2586 Deus
3538 2530 3849 2601 predicturn

2251 2636 2431 2691 regem
2470 2621 2523 2675 in
2545 2620 2736 2676 diebus
2765 2620 2879 2676 suis
2908 2621 3227 2692 respexerit,
3259 2620 3513 2691 quamvis
3559 2622 3633 2677 de
3677 2620 3849 2676 Pierio

2242 2712 2399 2778 fonte
2435 2713 2586 2784 (175)
2624 2711 2700 2767 nil
2730 2727 2986 2782 umquam
3010 2712 3263 2774 biberim,
3296 2712 3511 2767 cunctis
3562 2721 3754 2767 tamen
3785 2713 3848 2743 "'

2249 2802 2497 2858 ﬁdelibus
2531 2802 2887 2858 innotescam.
2916 2800 3040 2856 Fuit
3088 2801 3143 2856 in
3170 2800 3412 2858 occiduis
3442 2803 3705 2871 partibus
3732 2803 3843 2872 qui-

2248 2892 2372 2948 dam
2399 2909 2515 2958 rex,
2546 2892 2615 2947 ab
2642 2890 2831 2947 incolis
2863 2889 2990 2945 Karl
3020 2890 3139 2956 Sot,
3163 2892 3216 2947 id
3248 2901 3334 2948 est
3361 2891 3621 2957 stolidus,
3647 2893 3846 2947 irouire

2248 2985 2423 3040 dictus
2451 2984 2538 3051 ¹¹¹,
2574 2984 2664 3052 qui
2694 2982 2764 3038 ab
2803 2998 2912 3037 uno
2961 2982 3161 3038 suimet
3207 2982 3405 3037 ducum
3443 2981 3601 3053 (I75)
3640 2993 3843 3053 captus,

2252 3077 2812 3133 tenebrisincluditur
2837 3077 3223 3135 carceralibus.
3258 3078 3360 3134 llic
3407 3078 3661 3134 Heinrici
3710 3080 3844 3149 regis

2252 3167 2445 3230 nostri,
2482 3168 2695 3246 nepotis
2721 3178 2902 3223 autem
2955 3169 3063 3235 sui,
3114 3168 3393 3240 inplorans
3447 3170 3718 3224 auxilium
3759 3169 3839 3232 “',

2250 3257 2530 3313 dexteram
2561 3258 2764 3313 Christi
2793 3261 3036 3315 martiris
3068 3260 3316 3327 Dionisii,
3349 3270 3403 3315 et
3430 3276 3558 3315 cum
3586 3276 3653 3316 ea
3690 3276 3843 3316 omne

2249 3362 2474 3418 regnum
2518 3349 2926 3416 Luthariorum,
2983 3351 3030 3406 si
3084 3352 3153 3407 ab
3206 3367 3272 3407 eo
3333 3352 3690 3418 liberaretur,
3745 3353 3839 3408 sibi

2247 3440 2572 3495 traditurum
2603 3442 2961 3496 sacramentis
2999 3443 3244 3509 promisit
3276 3442 3448 3512 (175).
3505 3442 3622 3499 Nec
3671 3460 3839 3505 mora,

2248 3529 2466 3585 inclitus
2491 3529 2647 3584 miles
2673 3530 3042 3586 invictricibns
3073 3546 3133 3585 se
3164 3532 3332 3587 armis
3380 3532 3611 3587 circumi
3632 3533 3839 3602 ingens,

2246 3625 2553 3695 proximum
2579 3624 2917 3679 laborantem
2944 3625 3151 3688 visitat,
3181 3633 3236 3680 et
3287 3630 3340 3680 in
3388 3627 3685 3696 erepcione
3726 3628 3839 3697 ejus

2246 3733 2311 3773 ac
2338 3717 2688 3773 restitucione
2710 3718 2904 3787 dignus
2933 3726 3186 3787 operator
3205 3720 3516 3773 mercedem
3542 3736 3700 3774 suam
3720 3735 3840 3790 prc-

2248 3809 2467 3873 meruit,
2498 3814 2555 3863 et
2582 3807 2843 3862 honorem
2903 3807 3192 3877 pristinum
3220 3808 3322 3862 sibi
3366 3808 3593 3877 suisque
3628 3824 3840 3864 suere:-

2245 3902 2460 3958 soribus
2483 3900 2775 3971 intentum
2805 3900 3046 3954 adauxit.

2316 3990 2402 4046 l4.
2437 3990 2545 4047 Sed
2568 3991 2695 4060 quia
2746 3990 2909 4046 homo
2939 3989 3308 4059 unusquisque
3336 3990 3637 4059 proclivior
3664 3990 3837 4064 est-ad

2243 4083 2553 4140 labendum.
2588 4097 2751 4151 quam
2786 4091 2980 4136 natura
3015 4081 3213 4137 suimet
3260 4081 3545 4136 muniatur
3574 4083 3644 4136 ad
3696 4092 3837 4138 stin-

2243 4176 2388 4237 dum,
2422 4187 2584 4244 quam
2607 4172 2991 4227 miserabiliter
3039 4172 3142 4227 iste
3194 4173 3362 4228 semel
3415 4173 3735 4243 deliquerit,
3772 4173 3837 4227 ad

2243 4276 2506 4321 terrorem
2535 4271 2589 4318 et
2612 4263 2678 4317 ad
2711 4264 3056 4317 devitandum
3084 4262 3192 4333 piis
3212 4278 3319 4318 non
3345 4271 3583 4318 taceam.
3613 4264 3673 4319 ln
3705 4279 3832 4320 cena

2242 4355 2456 4412 Domini
2498 4354 2663 4409 nimis
2720 4352 3040 4421 inebriatus,
3080 4354 3134 4408 in
3187 4354 3434 4422 sequenti
3475 4362 3640 4410 nocte
3685 4354 3833 4409 uxori

546 4441 773 4499 act-lesite
799 4446 1026 4501 antistes
1060 4456 1267 4514 sextus,
1302 4445 1620 4503 abArnull‘o
1641 4461 1769 4518 rege
1792 4446 1868 4503 ibi
1894 4447 2133 4518 positus,
2164 4460 2215 4522 ι)
2244 4462 2357 4502 suae
2386 4444 2614 4500 multum
2645 4445 2967 4515 repugnanti
3008 4443 3276 4500 diabolico
3324 4444 3591 4501 instinctu
3636 4446 3784 4502 inliti
3806 4460 3836 4499 ο

1827 4601 2064 4674 YARUE
2110 4599 2514 4659 LECTIONES.

615 4738 663 4812 γε
712 4746 768 4794 et
823 4739 1015 4812 adpm.
1056 4741 1185 4796 add.
1241 4742 1322 4796 ib.
1397 4741 1443 4773 "
1470 4740 1705 4812 aliquem
1762 4742 1889 4795 add.
1952 4741 2030 4795 te.
2074 4738 2503 4812 i’fmﬁachtildis
2552 4740 2646 4812 lc.
2691 4738 2997 4812 mgcbtildis
3050 4739 3133 4812 lc.
3200 4739 3248 4773 “
3290 4749 3357 4812 ut
3403 4739 3493 4794 la.
3570 4739 3737 4812 "jar
3773 4737 3830 4812 lli

549 4808 709 4863 deleto
734 4818 808 4865 et.
886 4810 955 4844 ¹⁰⁹
987 4812 1156 4866 ostias
1196 4812 1276 4866 lu.
1303 4812 1507 4868 hostias
1536 4808 1622 4867 Ib.
1672 4813 1851 4873 hostie
1877 4812 1957 4865 le.

544 4879 727 4934 οπωτὶ
761 4890 1187 4951 procurarentur
1240 4882 1321 4935 le.
1401 4882 1469 4913 ¹⁴¹³
1516 4882 1828 4937 machtildis
1853 4882 1940 4935 1η.
1970 4878 2277 4951 me‘chtildis
2304 4881 2413 4951 le,
2456 4878 2528 4911 m
2546 4893 2599 4935 e.
2623 4896 2835 4951 erasum
2867 4881 2919 4935 i.

2046 4811 2111 4842 ¹⁰¹
2171 4810 2277 4865 hab
2321 4825 2386 4865 eo
2442 4811 2529 4863 la.
2586 4809 2654 4840 ¹⁰²
2693 4808 3052 4865 oﬂ'ererentnr
3103 4811 3192 4864 la.
3245 4809 3576 4866 oﬂ'errentnr
3626 4808 3719 4862 υ.
3774 4806 3824 4859 2.

2999 4880 3067 4911 ¹⁰⁸
3105 4896 3318 4935 summa
3349 4882 3681 4949 optimatum
3709 4892 3830 4946 pars

545 4949 815 5006 concessit
840 4952 896 5005 2.
972 4952 1042 4984 ¹⁰⁶
1081 4953 1223 5007 hunc
1252 4954 1336 5007 in.
1361 4953 1415 5006 2.
1497 4953 1563 4984 ¹⁰⁷
1597 4968 1661 5006 us
1688 4953 1771 5007 ib.
1799 4953 1855 5006 in
1874 4951 1988 5005 loco
2008 4967 2127 5003 raso
2203 4950 2273 4983 ¹⁰⁸
2295 4950 2363 5006 ab
2392 4950 2523 5004 Arn.
2551 4981 2625 4990 —
2656 4949 2789 5004 Vll-.
2813 4951 2867 5003 in
2892 4952 3000 5004 ima
3022 4967 3192 5019 marg.
3233 4951 3361 5004 add.
3404 4952 3495 5004 ib.
3524 4950 3694 5005 erasis
3716 4962 3828 5019 quc

543 5031 697 5074 auten
728 5022 880 5076 linere
901 5023 1253 5104 superscripta
1276 5023 1505 5093 fueram.
1588 5022 1655 5055 “’
1684 5023 1811 5075 add.
1854 5021 1943 5104 ιρ.
2022 5020 2089 5051 ¹¹⁰
2122 5021 2176 5074 in
2199 5036 2252 5090 g.
2286 5035 2341 5104 p.
2372 5019 2499 5104 and.
2534 5020 2619 5104 4b..
2698 5021 2764 5077 “i
2794 5020 2869 5102 ita
2896 5021 2948 5103 2:
2983 5021 3038 5075 in
3069 5016 3246 5074 codice
3280 5021 3327 5102 Ιἷ
3359 5021 3705 5104 inter-rex}:
3730 5016 3824 5104 qui
