4042 5300
185 367 320 424 1197

1448 359 1866 418 CHRONICON.
1909 390 1977 399 —
2016 357 2142 414 LIB.
2189 359 2229 412 I.

3328 356 3465 412 H98

183 486 503 555 coniunctus
533 491 634 538 est.
672 480 782 536 Hoc
814 480 1009 535 factum
1039 487 1227 534 auctor
1277 479 1411 532 tanti
1463 478 1684 532 sceleris
1714 486 1768 534 et
1799 489 1845 540 Α
1875 477 1972 528 dit.
2005 475 2281 546 Culpaque
2338 474 2622 528 amborum
2646 471 2753 528 hoc
2781 471 3028 528 evenisse
3059 470 3420 542 ingemiscens
3451 492 3465 526 :

183 578 435 632 humana:
490 575 684 631 salutis
736 575 998 637 irretitor,
1055 571 1308 635 Satanas,
1351 571 1562 624 cuidam
1615 583 1774 624 vene—

185 669 370 722 randae
391 667 472 722 sic
503 666 738 736 prodidit.
764 673 1024 718 matrona:
1055 677 1068 714 :
1106 661 1333 715 ΜαΙιιὶΙιί
1371 660 1436 693 ¹¹³
1477 659 1652 728 regina
1681 675 1776 712 nu-

181 776 276 827 per
318 760 534 812 hortatu
569 773 682 810 meo
723 755 956 810 maritali
1005 753 1331 807 consentiens
1384 751 1452 782 ¹¹⁸
1503 749 1774 819 voluptati,

180 851 416 919 concepit
441 849 637 918 ﬁlium,
678 848 795 920 (fol.
831 849 916 918 ll)
957 848 1069 901 sine
1097 847 1240 900 omni
1285 845 1442 898 dubio
1473 859 1683 907 meum;
1728 852 1775 895 et

177 951 240 993 tu
275 941 412 1003 ride,
465 951 519 992 ut
552 951 756 993 tantum
807 939 1000 1009 optime
1065 937 1197 990 celes
1247 935 1601 989 commissum.
1653 932 1778 986 Haec

179 1030 414 1083 multum
445 1031 516 1084 ob
539 1031 644 1084 hoc
675 1030 812 1083 clam
843 1029 1015 1084 tristis
1041 1026 1234 1082 effecta
1265 1028 1353 1089 "‘,
1393 1026 1648 1096 prodicta:
1676 1024 1778 1078 hoc

178 1121 442 1175 celeriter
479 1121 828 1198 aduunciavit
856 1121 1076 1191 regium,
1110 1133 1452 1182 ammonens,
1486 1126 1545 1171 ut
1565 1131 1778 1187 semper

180 1212 470 1280 episcopos
505 1222 668 1281 atque
698 1212 1030 1282 presbiteros
1080 1225 1264 1265 secum
1323 1211 1566 1269 haberet,
1616 1219 1674 1262 et
1724 1208 1776 1261 in

184 1302 303 1371 ipsa
319 1302 469 1371 pueri
493 1303 778 1356 nativitate
803 1302 944 1356 sacri
976 1300 1318 1370 baptismatis
1343 1299 1486 1353 unda
1513 1297 1776 1361 ablueret,

183 1395 447 1462 quicquid
478 1393 546 1424 ¹¹⁶
575 1393 631 1447 in
652 1408 718 1447 eo
749 1393 848 1448 sibi
884 1393 1140 1448 dilectum
1174 1392 1240 1422 “7
1294 1389 1557 1444 accidisse
1587 1388 1654 1419 ¹¹⁸
1680 1388 1775 1442 de-

187 1501 318 1538 nton
369 1487 637 1540 infaustus
661 1485 914 1556 jactaret.
950 1482 1016 1538 Et
1045 1484 1124 1538 sic
1158 1483 1269 1537 Deo
1300 1483 1366 1514 ¹¹⁹
1398 1481 1604 1553 gratias
1647 1479 1776 1548 egit.

187 1577 394 1631 Videns
428 1586 607 1632 autem
636 1577 873 1638 daimon,
907 1576 956 1630 id
983 1584 1067 1630 est
1095 1575 1276 1630 omnia
1305 1575 1505 1637 sciens,
1544 1587 1603 1628 se
1628 1586 1779 1642 pror-

182 1683 283 1721 sus
305 1684 425 1723 esse
454 1669 722 1730 delusum,
751 1669 1000 1722 diutinam
1035 1667 1333 1737 increpavit
1361 1681 1524 1736 supra
1577 1677 1781 1720 memo-

186 1768 389 1822 ratam,
423 1759 549 1812 talia
580 1760 943 1813 subnectens:
977 1757 1046 1812 Et
1074 1761 1119 1812 si
1152 1776 1264 1812 mea
1293 1775 1431 1812 nunc
1454 1760 1519 1811 sit
1543 1757 1778 1811 voluntas

1882 561 2090 627 Nonne,
2117 565 2254 628 infit,
2286 565 2512 633 predia‘i,
2551 581 2612 618 ne
2645 565 2720 618 sic
2752 563 2990 632 faceres?
3040 560 3196 625 Ecce,
3242 565 3324 618 ira
3369 563 3467 618 Dei

1877 668 1932 705 se
1963 653 2106 706 nobis
2130 654 2454 722 umnifestat,
2483 663 2530 708 et
2556 670 2617 708 ne
2652 654 2728 707 sic
2751 653 2970 708 ulterius
2997 670 3240 724 agamus,
3268 655 3469 708 atroci—

1876 753 1956 796 ter
1983 755 2149 813 rogat.
2178 745 2458 799 Peccatum
2487 746 2580 800 tibi
2605 762 2854 816 magnum
2877 757 2951 800 est
2985 745 3074 810 η’,
3106 745 3307 815 injuste
3336 747 3467 800 mihi

1877 837 2160 903 precipere,
2189 845 2236 888 et
2268 837 2417 900 mihi,
2446 838 2801 892 obedienciam
2846 839 2938 891 tibi
2961 837 3166 892 exibere
3197 839 3284 892 "7.
3316 836 3474 892 Post.

1877 938 2041 992 quam
2079 933 2259 980 autem
2293 926 2472 981 infans
2524 929 2852 998 baptizatur,
2899 930 3040 984 inter
3101 930 3469 986 innocentium

1856 1031 2072 1086 agmen
2099 1018 2165 1073 de
2219 1019 2324 1073 hoc
2366 1020 2531 1074 exilio
2559 1021 2863 1077 deducitur.
2894 1022 3038 1078 Bene
3080 1031 3164 1078 est
3193 1023 3247 1077 in
3281 1037 3474 1094 perpa-

1881 1114 2028 1158 tuum
2080 1106 2286 1174 illo‘",
2341 1110 2433 1178 qui
2485 1110 2575 1164 tali
2616 1111 2787 1166 utitur
2831 1113 3142 1179 eontectali,
3202 1129 3321 1182 qua:
3376 1129 3476 1184 pro

1879 1197 2103 1253 absente
2157 1198 2572 1271 iufatigabiliter
2611 1211 2732 1256 orat
2768 1203 2986 1268 marito,
3037 1212 3092 1259 et
3143 1215 3472 1274 presentem.

1880 1289 2045 1344 oblita
2077 1305 2262 1356 sexus,
2292 1300 2352 1347 ut
2377 1308 2434 1348 se
2463 1293 2580 1364 (fol.
2613 1294 2703 1360 12)
2732 1295 3025 1357 custodiat,
3056 1304 3290 1350 oriatur.

1953 1381 2039 1435 15.
2067 1382 2144 1436 Eo
2174 1384 2242 1415 "9
2273 1392 2538 1453 tempore,
2579 1401 2686 1453 quo
2710 1401 2872 1455 supra
2924 1397 3257 1442 memoratus
3281 1387 3350 1419 ¹³⁰
3381 1402 3475 1439 rex

1885 1474 1950 1505 ’³⁸
1980 1477 2211 1532 maxime
2239 1477 2476 1548 vigebat,
2506 1477 2608 1532 fuit
2637 1480 2690 1534 in
2728 1479 2971 1533 Bawaria
3016 1481 3235 1550 quidam
3268 1481 3336 1513 ¹³⁸
3366 1481 3476 1534 duv

1885 1566 1971 1630 ”°,
2002 1567 2260 1623 Arnull'us
2284 1569 2353 1600 ¹³⁶
2381 1571 2621 1635 nomine,
2646 1570 2898 1641 precluus
2943 1571 2996 1626 in
3043 1583 3224 1627 mente
3271 1573 3478 1643 pariter

1881 1667 1933 1711 et
1973 1673 2204 1729 corpore
2261 1660 2351 1724 ¹³⁰,
2402 1662 2494 1732 (ιιιί
2528 1663 2596 1694 ³³⁸
2636 1677 2826 1718 omnes
2881 1664 3226 1734 episcopatus
3275 1666 3328 1719 in
3371 1666 3478 1720 hiis

1882 1751 2129 1820 partibus
2175 1754 2501 1810 constitutos
2551 1771 2649 1810 sua
2696 1757 3024 1813 distribuere
3073 1759 3140 1790 ¹³⁰
3192 1775 3354 1814 manu
3406 1759 3476 1790 ¹³⁰

184 1850 295 1903 tuis
345 1850 601 1916 frustrata
651 1849 720 1880 ¹¹⁰
771 1851 1075 1918 blasfemiis,
1124 1859 1297 1904 tamen
1335 1852 1388 1903 in
1421 1851 1515 1903 hoc
1560 1849 1776 1917 profeci,
1814 1845 2214 1915 Bsingularem
2271 1847 2460 1902 habuit
2518 1855 2872 1917 potestatem;
2931 1850 3026 1904 sed
3095 1867 3218 1906 cum
3272 1851 3358 1905 hic
3406 1849 3478 1882 ⁸³⁸

181 1940 328 2008 quod
351 1957 416 1993 ει·
443 1957 504 1993 eo
523 1950 569 1992 et
597 1957 662 1993 c1:
685 1942 925 1994 omnibus
951 1944 1015 1995 de
1037 1941 1228 1994 [iurabis
1251 1941 1485 2010 ejusdem
1528 1957 1777 2008 umquam

183 2031 637 2099 progredientibus
665 2048 946 2102 numquam
969 2033 1132 2086 deerit
1161 2049 1272 2086 mea
1298 2048 1466 2086 comes
1492 2032 1778 2098 discordia,

185 2135 282 2172 nec
304 2122 565 2187 prorcniet
588 2124 661 2174 eis
684 2139 789 2190 pax
825 2124 1002 2190 ﬁrma.
1040 2123 1268 2178 Mendax
1315 2123 1402 2178 ille
1453 2131 1509 2178 et
1539 2125 1781 2180 veritatis

187 2212 447 2266 inimicus
491 2214 606 2268 haec
650 2231 748 2284 pro
786 2216 1067 2270 voluntate
1097 2231 1191 2271 sua
1221 2217 1378 2279 dixit,
1407 2224 1479 2276 et,
1510 2225 1568 2269 ut
1597 2231 1778 2286 spero,

187 2317 295 2356 non
324 2319 424 2372 pro
448 2305 856 2374 adimplet-ioue.
899 2307 1046 2360 Multi
1071 2317 1248 2362 autem
1290 2306 1579 2370 afﬁrmant,
1620 2319 1679 2362 ut
1724 2309 1778 2362 in

185 2398 438 2462 sequenti
465 2397 669 2450 dictatu
704 2407 950 2467 apparet,
982 2399 1126 2468 quod
1177 2399 1279 2452 sub
1305 2398 1421 2468 eius
1445 2407 1500 2453 et
1532 2399 1624 2452 filii
1672 2398 1780 2453 sui-

186 2497 302 2541 met
354 2491 686 2558 temporibus
737 2493 925 2546 crebra
977 2492 1130 2546 ﬁeret
1162 2492 1476 2558 commotio,
1501 2501 1556 2548 et
1583 2492 1780 2561 quietis

183 2597 355 2650 parva
386 2585 676 2639 certitudo.
709 2585 765 2640 lu
802 2587 993 2642 diebus
1026 2603 1156 2642 vero
1184 2589 1306 2649 hiis,
1330 2588 1526 2658 quibus
1553 2604 1781 2659 regnare

187 2676 338 2744 cepit
379 2677 578 2731 tercius
617 2679 669 2731 in
705 2694 932 2733 numero
977 2682 1172 2735 ducum
1197 2679 1500 2748 lleinricus,
1528 2683 1658 2737 etin
1687 2698 1777 2735 or-

186 2764 316 2817 dine
340 2766 783 2834 sceptriferorum
815 2771 1105 2833 secundus,
1139 2779 1265 2824 tunc
1302 2771 1391 2824 illa
1418 2771 1552 2826 silex
1586 2771 1782 2841 iniqui-

188 2858 323 2910 tatis
352 2860 585 2924 exaruit,
616 2869 671 2914 et
702 2862 849 2930 pacis
873 2862 1023 2915 bona:
1045 2861 1141 2916 llos
1167 2864 1349 2919 virens
1395 2865 1619 2929 enituit;
1649 2872 1703 2918 et
1733 2864 1781 2918 si

185 2949 322 3016 quid
357 2949 420 2978 “'
460 2951 732 3018 prioribus
758 2953 880 3006 huic
911 2953 976 2982 “'
1005 2953 1180 3007 simile
1210 2954 1262 3006 in
1287 2953 1467 3023 aliquo
1520 2970 1666 3008 nunc
1692 2970 1778 3009 ac-

185 3038 351 3102 cidit,
378 3041 477 3093 hoc
509 3056 612 3093 non
643 3041 798 3110 culpa
834 3042 941 3107 sui,
972 3042 1066 3097 sed
1094 3043 1428 3111 instigatoris
1463 3041 1564 3097 fttit
1607 3043 1777 3113 impii.

186 3127 473 3195 Legimus,
533 3133 674 3198 quod
727 3132 909 3186 oumia
965 3142 1208 3201 tempora
1257 3132 1372 3200 (fol.
1435 3133 1519 3202 ll)
1571 3146 1781 3203 tempus

1881 1947 2003 2008 post
2034 1936 2102 1968 ⁸³⁸
2127 1936 2307 1992 varios
2357 1937 2426 1971 "°
2474 1938 2732 1993 virtutum
2785 1939 2984 1995 suimet
3036 1950 3262 1995 ornatus
3298 1941 3471 1996 vitam

1880 2031 2021 2088 hanc
2053 2032 2262 2087 ﬁnisset
2285 2031 2375 2095 ⁸³⁸.
2406 2046 2512 2085 non
2547 2031 2610 2062 "‘
2637 2032 3040 2088 successoribus
3092 2031 3159 2063 ⁸³⁸
3201 2032 3314 2086 suis
3357 2041 3475 2088 tan-

1883 2135 1996 2180 tum
2051 2126 2272 2195 reliquit
2327 2127 2610 2181 honorem.
2660 2126 2800 2192 Quin
2860 2126 2928 2158 ¹³⁶
2975 2126 3156 2196 potius
3195 2127 3264 2158 "°
3323 2143 3476 2198 reges

1883 2217 2054 2273 nostri
2081 2226 2136 2272 et
2161 2218 2544 2287 imperatores,
2601 2219 2800 2272 summi
2850 2218 3101 2273 Rectoris
3148 2219 3216 2250 ¹³⁶
3256 2219 3373 2274 vice
3422 2221 3476 2273 in

1881 2308 1982 2362 hac
2014 2309 2080 2341 ¹³⁸
2125 2309 2568 2380 peregrinatione
2625 2310 2906 2380 prepositi,
2963 2310 3066 2366 hoc
3094 2311 3192 2366 soli
3221 2312 3480 2366 ordinant

1885 2399 1978 2464 η’,
2000 2401 2302 2470 meritoque
2333 2415 2429 2470 pre
2459 2402 2674 2456 caeteris
2723 2403 3032 2472 pastoribus
3081 2404 3193 2458 suis
3225 2413 3475 2472 presunt,

1881 2491 2006 2560 quia
2041 2491 2110 2522 ¹³⁰
2140 2491 2496 2560 incongruum
2529 2492 2598 2524 ¹³⁶
2631 2492 2793 2547 nimis
2825 2501 2930 2558 est,
2952 2501 3014 2548 ut
3037 2493 3135 2557 bii,
3159 2510 3294 2564 quos
3321 2493 3480 2550 Chri-

1881 2593 1997 2637 stus
2052 2583 2135 2638 sul
2209 2598 2478 2639 memores
2522 2583 2682 2653 hujus
2741 2585 2808 2618 ¹³⁰
2881 2597 3039 2642 terra!
3087 2586 3153 2618 ¹³⁶
3206 2587 3477 2656 principes

1883 2674 2164 2730 constituit
2197 2677 2297 2729 sub
2315 2675 2495 2745 aliquo
2518 2677 2624 2730 sint.
2645 2678 2887 2734 dominio
2913 2678 2978 2710 ’³ο
3000 2677 3202 2748 absque
3225 2679 3299 2712 ¹³⁰
3327 2679 3476 2748 (176)

1882 2779 2093 2825 eorum,
2148 2765 2241 2833 qui
2289 2766 2537 2836 exemplo
2591 2766 2801 2822 Domini
2849 2769 3252 2824 henedicciouis
3297 2779 3356 2824 et
3408 2769 3478 2802 “°

1883 2866 2097 2906 coronae
2122 2854 2188 2885 ¹³⁰
2217 2854 2388 2924 gloria
2438 2856 2697 2912 mortales
2725 2867 2951 2913 cunctos
2998 2859 3313 2929 precelluut.
3367 2863 3480 2916 Au-

1884 2947 1990 3001 divi
2022 2949 2089 2981 ¹³⁶
2139 2959 2320 3006 tamen
2356 2951 2422 2983 ⁸³⁸
2465 2951 2750 3006 nonnullos
2785 2952 2852 2983 "°
2879 2953 2978 3007 sub
3008 2954 3221 3018 ducum,
3252 2962 3306 3008 et
3334 2957 3478 3025 quod

1883 3039 2004 3107 plus
2034 3041 2210 3108 doleo,
2245 3042 2346 3097 sub
2376 3036 2632 3098 comitum
2684 3044 2752 3076 ¹³⁰
2794 3055 3062 3115 potestate
3111 3047 3193 3078 "°-
3226 3065 3479 3114 magnam

1884 3132 2155 3187 sustinere
2185 3134 2536 3200 calumniam,
2593 3137 2793 3206 quibus
2834 3139 2905 3192 nil
2932 3139 3001 3171 ¹³⁰
3033 3139 3240 3194 licitum
3276 3142 3342 3174 ’³ο
3371 3153 3477 3204 est,

185 3218 395 3272 habent
422 3219 622 3286 (It‘rcle.
677 3236 763 3286 Ill,
789 3222 862 3290 l),
891 3222 985 3276 sed
1017 3237 1122 3275 non
1148 3222 1353 3287 omnia,
1399 3222 1452 3276 ld
1483 3231 1566 3278 est
1595 3239 1625 3277 a
1671 3223 1783 3278 Deo
1811 3216 1855 3278 C
1888 3223 1990 3278 nisi
2015 3225 2158 3293 quod
2188 3226 2352 3280 seculi
2384 3228 2719 3284 amatoribus
2749 3230 2989 3299 prodest.
3028 3231 3195 3302 Impia
3243 3250 3478 3304 namque

183 3309 397 3367 nullum
429 3325 548 3370 esse
578 3311 727 3369 iisiis
757 3312 935 3370 locum
985 3312 1054 3366 ab
1103 3313 1266 3368 inicio
1311 3315 1695 3383 constitutum;
1729 3323 1784 3371 et

181 3407 317 3475 quia
354 3405 620 3475 fragilitas
668 3407 851 3460 carnis
902 3407 1021 3460 sine
1074 3402 1251 3475 aliqua
1302 3406 1628 3476 contagione
1675 3423 1781 3460 non

181 3498 335 3552 valet
364 3513 507 3562 esse,
539 3514 567 3551 a
589 3498 910 3566 capitalibus
937 3513 994 3552 se
1022 3498 1346 3554 criminibus
1400 3500 1690 3562 abstineat,
1727 3507 1784 3553 et

183 3594 243 3643 in
275 3589 767 3658 sollempnitattbus
809 3589 879 3621 ³⁸³
912 3589 1178 3643 universis
1225 3589 1554 3643 mundiciam
1585 3596 1780 3643 servet.

181 3679 243 3734 lu
279 3678 538 3749 legitimis
567 3679 1010 3749 conjuucionibus
1055 3693 1160 3744 non
1211 3693 1330 3733 esse
1380 3679 1631 3732 delictum
1687 3678 1786 3734 ali-

183 3774 362 3843 quod,
396 3774 667 3842 scriptura
699 3782 927 3827 testatur
954 3771 1006 3843 (l
1062 3770 1187 3824 Cor.
1244 3787 1346 3834 vn,
1395 3770 1520 3838 28);
1579 3780 1634 3824 et
1685 3772 1786 3826 hoc

181 3883 314 3920 cum
342 3864 724 3920 observatione
755 3864 1108 3920 festivitatum
1154 3862 1474 3926 honoratur,
1528 3852 1598 3916 et,
1641 3863 1785 3916 nulla

131 4026 140 4031 η
179 3957 425 4029 periculi
470 3957 778 4012 inminentis
814 3956 1047 4026 procella
1087 3957 1354 4011 turbatur.
1409 3956 1488 4008 Ad
1528 3955 1641 4010 lucc
1673 3971 1788 4010 atu-

183 4052 335 4124 plius
375 4050 722 4119 approbauda
784 4065 948 4104 unum
1005 4047 1223 4118 profero
1270 4047 1599 4116 exemplum.
1659 4047 1789 4114 Qui-

182 4147 317 4199 dam
352 4149 458 4202 vir.
504 4140 626 4196 Uffo
656 4144 892 4206 nomine,
949 4142 1084 4196 civis
1142 4140 1210 4172 ⁸³⁸
1255 4140 1785 4212 Magadaburgeusis,

183 4239 364 4295 nimia
394 4236 659 4290 ebrietate
683 4233 1015 4303 compulsus,
1047 4233 1099 4287 in
1151 4242 1339 4287 sancta
1386 4232 1788 4301 sollempnitate

187 4333 262 4366 ’⁸⁵
290 4330 674 4391 Innoceutum,
703 4326 989 4396 coniugem
1021 4341 1174 4381 suam
1228 4324 1510 4380 Gelsusam
1568 4340 1792 4380 consen-

187 4426 300 4478 tire
331 4422 438 4477 sibi
467 4420 664 4488 coegit,
697 4434 819 4490 qua:
873 4419 1061 4474 eadem
1113 4429 1273 4474 nocte
1314 4434 1343 4472 a
1395 4419 1514 4474 viro
1573 4417 1789 4488 alligata

182 4529 314 4577 suo,
351 4527 478 4566 cum
508 4512 560 4564 in
589 4525 826 4578 congruo
861 4519 1103 4579 tempore
1152 4519 1371 4580 pareret
1410 4511 1694 4574 infantem,
1735 4510 1788 4564 in

183 4607 428 4677 pedibus
459 4603 656 4674 digitos
696 4604 984 4658 habentem
1027 4611 1282 4666 retortos,
1308 4602 1583 4671 obstupuit
1611 4603 1700 4668 “‘,
1733 4612 1787 4658 et

183 4700 470 4760 accersito
508 4697 748 4768 protinus
795 4697 860 4750 ad
901 4710 959 4750 se
997 4695 1212 4761 marito,
1248 4695 1566 4749 miraculum
1597 4705 1784 4750 osten-

1883 3327 2128 3387 petcstas
2152 3333 2275 3373 cum
2308 3319 2419 3375 Deo
2442 3321 2495 3375 id
2523 3323 2911 3378 consenciente
2947 3333 3094 3380 recte
3135 3325 3481 3384 dominantes

1885 3413 2102 3481 premit.
2129 3413 2346 3468 dilatata
2376 3416 2698 3470 crudelitate
2724 3433 2848 3470 mox
2877 3416 3026 3472 furit.

1959 3504 2045 3558 16.
2073 3506 2186 3575 (fol.
2222 3509 2310 3576 15)
2343 3507 2397 3561 In
2430 3508 2640 3576 palacio
2673 3511 2900 3578 predicti
2955 3512 3101 3579 regis
3147 3513 3346 3568 accidit
3389 3529 3481 3572 res

1887 3611 1991 3649 una
2026 3598 2306 3653 mirabilis.
2334 3599 2390 3653 In
2417 3611 2713 3668 conspectu
2773 3603 2948 3658 tocius
2978 3603 3161 3672 populi
3213 3608 3482 3674 presentis

1887 3687 2103 3756 quidam
2136 3688 2309 3753 cauis,
2333 3690 2457 3743 dttm
2481 3691 2693 3744 eminus
2719 3691 2928 3745 hostem
2977 3709 3131 3746 suum
3183 3675 3482 3749 conseden-

1889 3785 1996 3832 tem
2025 3791 2363 3849 agnosceret,
2395 3783 2618 3851 propius
2658 3781 2943 3846 accedens,
2999 3786 3278 3840 dexter-am
3328 3787 3476 3856 ejus-

1889 3876 2010 3930 dem
2043 3874 2232 3947 rapido
2273 3891 2453 3931 morsu
2479 3891 2545 3930 ex
2589 3877 2866 3947 inproviso
2897 3877 3183 3942 abstraxit;
3219 3887 3274 3933 et
3322 3879 3481 3949 quasi

1888 3969 2089 4038 optime
2159 3968 2399 4034 fecisset,
2468 3969 2638 4024 cauda
2691 3971 3074 4026 reverberante
3120 3987 3246 4027 mox
3297 3973 3477 4026 rediit.

1888 4062 2210 4117 Mirantibus
2236 4064 2340 4118 hoc
2368 4064 2582 4117 cunctis
2605 4072 2659 4117 et
2681 4065 2970 4119 admodum
3015 4065 3378 4135 stupentibus,
3411 4067 3480 4120 ab

1890 4155 1994 4210 hiis
2023 4156 2186 4209 miser
2211 4155 2276 4217 is,
2301 4154 2428 4227 quid
2455 4155 2659 4218 fecerit,
2702 4155 3087 4224 interrogatur.
3117 4156 3325 4223 Quibus
3356 4157 3482 4212 ilico

1891 4246 2192 4316 respondit,
2225 4245 2403 4298 divina
2437 4244 2649 4298 ulcione
2697 4245 2750 4299 id
2804 4245 2907 4298 sibi
2961 4245 3154 4300 merito
3209 4245 3480 4310 evenisse,

1890 4347 1943 4392 et
1967 4337 2312 4408 prosequitur
2340 4355 2353 4389 τ
2393 4337 2595 4403 Inveni,
2622 4336 2892 4406 inquiens,
2920 4337 3114 4402 uirum,
3151 4337 3308 4406 hujus
3339 4341 3485 4394 can’s

1891 4429 2183 4490 dominum,
2212 4426 2348 4496 fesso
2379 4444 2594 4497 corpore
2615 4427 2980 4492 dormientem,
3009 4435 3055 4481 et
3087 4426 3274 4496 infelix
3313 4431 3488 4483 occidi

1893 4534 2031 4580 eum,
2062 4515 2256 4570 multas
2280 4527 2404 4571 tunc
2440 4518 2504 4570 ab
2531 4518 2654 4581 isto,
2678 4518 2768 4587 qui
2799 4534 2880 4571 me
2904 4517 3060 4572 modo
3084 4518 3222 4581 lesit,
3247 4535 3493 4587 persecu-

1895 4619 2006 4661 tore
2033 4607 2456 4677 impugnacioues
2485 4623 2788 4676 perpessus;
2810 4617 2859 4660 et
2883 4626 3035 4680 quem
3064 4617 3173 4661 tum
3209 4608 3296 4660 vix
3327 4613 3496 4671 euasi,

1897 4714 2033 4752 nunc
2067 4699 2169 4752 ista
2197 4714 2414 4766 sperans
2472 4715 2684 4768 prorsus
2725 4699 2913 4762 oblita,
2960 4699 3234 4768 culpabilis
3265 4701 3507 4752 occurri.

1498 4830 1730 4887 ΥΑΒΙᾸΞ
1773 4829 2178 4892 LECTIONES.

264 4951 338 4981 ’³³
372 4949 631 5004 mechtihl
669 4949 744 5002 lc.
827 4924 899 4980 ηδ’
926 4945 1208 5010 ηιιιιιίιθιίῑ
1237 4945 1484 5002 sentiens
1511 4948 1598 5001 la.
1677 4948 1744 4977 ¹¹³
1766 4946 2020 5009 effectum
2055 4953 2146 5009 la.
2175 4948 2260 5001 sed
2286 4964 2338 5003 tu
2368 4965 2573 5004 erasum
2601 4957 2652 5002 et
2677 4947 2875 5002 littera,
2937 4971 2979 5011 ιι
3037 4939 3565 5011 ευρίςιζδςτῖριιιηιᾏ-

186 5021 261 5051 ¹¹⁶
294 5022 374 5073 ita
417 5021 468 5072 1.
526 5020 582 5072 2.
611 5034 678 5073 ne
713 5020 837 5087 quid
865 5033 1001 5072 corr.
1031 5017 1102 5087 lc.
1131 5021 1307 5087 falso.

188 5093 261 5122 ¹²¹
303 5106 339 5158 q
376 5091 668 5154 Lscepius.
731 5085 809 5123 7‘“
845 5088 970 5144 add.
1012 5085 1084 5158 lb.

183 5156 480 5229 obstupuit
522 5161 545 5212 1
596 5177 642 5212 c.
722 5161 782 5192 ¹²⁷
826 5175 928 5215 non
983 5169 1012 5207 c
1053 5156 1130 5229 la.

185 5247 318 5268 lnn‘r
365 5228 517 5268 irin-il
598 5234 926 5268 nnsmmdarim
983 5228 1216 5268 νηπία-..ρ
1280 5228 1512 5268 ρηηρὶοοορ
1590 5245 1766 5268 marcore

1173 5091 1248 5126 ιε’
1279 5086 1510 5158 sollepn.
1539 5091 1593 5144 1.

1387 5017 1452 5048 ¹¹⁷
1494 5019 1748 5074 delictum
1771 5018 1822 5072 2.

1675 5088 1742 5119 ut
1783 5089 1826 5119 ιιὲ

1226 5099 1248 5122 ⁵
1279 5099 1510 5158 sollepn.
1539 5099 1593 5144 1.
1675 5099 1742 5119 "'
1782 5103 1926 5145 Cives
1968 5099 2066 5162 in.
2151 5099 2216 5121 ιιη
2248 5099 2301 5142 ιιι
2332 5107 2378 5148 s.
2407 5107 2452 5145 s.
2492 5099 2574 5143 Ib.
2603 5099 2658 5141 in
2695 5099 2807 5139 loco
2840 5105 3032 5152 raso,
3117 5099 3182 5155 ’ς’
3209 5099 3448 5138 υυθιιμυ

1226 5159 1304 5192 ’³⁸
1330 5158 1401 5211 illi
1459 5161 1584 5215 ita?
1661 5158 1728 5189 ιιι
1778 5156 1842 5210 In
1873 5167 2072 5236 codice
2111 5167 2165 5221 1.
2220 5159 2330 5228 [οιξὶ
2361 5161 2443 5225 η,
2483 5159 2616 5228 quod
2657 5157 2856 5234 rerbq:
2897 5147 3218 5252 cusgodt’at
3258 5155 3450 5206 usque

1280 5228 1512 5268 rrmh'ouu
1590 5245 1766 5268 marcore
1805 5230 2017 5272 κρήριιιε,Δ
2103 5233 2210 5266 ,-»3-
2237 5247 2243 5250 ί
2355 5241 2363 5246 ·
2825 5243 2851 5246 νη
2881 5244 2888 5245 ί
2997 5229 3146 5268 “ut!
3176 5228 3187 5249 I
3244 5217 3371 5255 sunt.

1805 5233 2056 5280 eadm-5h:
2103 5233 2210 5266 ’κί’
2237 5247 2243 5250 ‘
2355 5241 2363 5246 ‘
2881 5244 2888 5245 ’

2593 5019 2657 5049 “’
2699 5020 2913 5086 populo
2947 5027 3053 5080 la.

2151 5090 2216 5121 ηδ
2248 5090 2301 5142 in
2332 5107 2378 5148 s.
2407 5107 2452 5145 s.
2492 5090 2574 5143 ib.
2603 5090 2658 5141 in
2695 5089 2807 5139 loco
2840 5105 3032 5152 raso.

1903 5019 1974 5053 ⁸⁸⁸
2009 5020 2302 5086 accidisset
2347 5021 2423 5077 lc.
2457 5020 2514 5072 ‘2.

1982 5213 2071 5296 εἴ
2103 5213 2243 5266 ζέε-ἠ
2278 5213 2303 5220 ⁷⁷
2355 5213 2380 5246 Ῐ
2431 5213 2443 5225 ’
2496 5213 2508 5228 ’
2959 5213 3187 5268 ἾξμιιιὸΙὶ
3244 5217 3371 5255 sunt,

3133 5008 3196 5037 “°
3224 5009 3513 5063 iruslaux
3527 5009 3552 5059 \
3568 5040 3582 5053 .

3113 5075 3182 5108 m
3209 5073 3532 5138 obstipuit
3555 5075 3605 5124 ‘l.

3113 5145 3218 5189 dial
3258 5155 3450 5189 usaue
3558 5136 3618 5189 ad

3558 5159 3618 5194 (tu

3465 5213 3632 5264 Cum
