4042 5300
587 401 728 457 1199

1417 448 1427 456 .
1490 396 1869 453 TlllETMARl
1913 395 2539 455 MERSEBURGENSIS
2583 398 2886 452 lil’lSCOPl

3734 408 3866 461 1⁸2ϋὶ1

587 516 1160 585 Sriodeinceps,qaod
1208 528 1298 569 aut
1333 517 1415 568 hic
1472 530 1560 568 aut
1607 516 1660 569 in
1707 517 1886 584 futuro
1930 515 2168 568 crumina
2203 525 2240 576 Α
2275 518 2323 571 id
2357 518 2468 569 lieri
2511 527 2702 584 potest,
2757 517 2959 585 optime
3009 519 3378 583 concordant;
3432 537 3497 573 ac
3553 523 3600 575 si
3654 525 3758 576 hoc
3819 530 3864 577 in

585 609 938 678 unusquisque
982 623 1097 661 reus
1125 608 1236 661 sine
1261 609 1592 679 subsequatur“
1629 625 1779 677 paena
1829 607 1894 636 ¹³¹
1922 625 2022 660 non
2052 606 2173 659 ιιειιιι

586 699 872 754 ullutmus.

654 793 740 848 17.
775 792 940 846 Multa
991 803 1140 856 sunt,
1170 792 1340 845 lector
1392 793 1693 856 carissime,
1744 791 1885 858 regis
1917 791 2082 844 nostri
2113 805 2176 843 ac

579 883 935 954 imperatoris
961 883 1358 953 predicti-facta
1389 883 1662 936 meritoria:
1711 897 1925 950 semper
1974 879 2173 933 viventi

575 977 876 1031 admodum
936 975 1134 1039 digna;
1185 976 1277 1029 sed
1326 973 1392 1006 ¹³⁹
1443 974 1567 1044 quia
1623 974 1756 1037 hmc,
1793 973 1952 1026 sicuti
2002 972 2172 1036 linere,

573 1064 903 1120 concludere
926 1067 1073 1136 (177)
1104 1064 1523 1134 neqttco,tristis
1548 1064 1763 1128 omitto,
1783 1063 1907 1131 quia
1932 1063 2034 1122 hic.
2063 1063 2173 1118 sic-

579 1165 639 1208 ut
692 1156 925 1226 predixi,
978 1156 1044 1210 de
1093 1155 1296 1208 uestris
1347 1155 1564 1223 regibus
1611 1168 1806 1207 nomen
1845 1162 1898 1206 et
1950 1153 2172 1208 inomni

576 1246 784 1302 virtute
812 1263 911 1302 sua
949 1247 1309 1318 principatum
1363 1246 1512 1315 justc
1561 1245 1814 1313 optinuit.
1847 1245 2077 1298 Parvum
2107 1246 2174 1300 de

581 1342 756 1410 magis
784 1341 1025 1411 ejusdem
1056 1340 1470 1410 operacionibus
1528 1339 1722 1393 librum
1754 1340 1927 1394 habeo
1978 1340 2172 1394 inscri-

581 1446 734 1506 ptum
767 1437 935 1507 (178),
966 1438 1059 1490 sed
1088 1451 1248 1506 spero
1295 1435 1611 1491 memoriale
1639 1435 1755 1506 ejus
1803 1435 1854 1488 in
1881 1434 2019 1489 libro
2048 1435 2171 1490 vitae

581 1527 1046 1599 asscriptumU‘ol.
1077 1529 1164 1596 14)
1229 1527 1366 1592 fore,
1414 1527 1504 1597 qui
1565 1527 1900 1598 preeursoris
1944 1525 2169 1591 Christi,

577 1626 726 1674 tnter
751 1630 908 1674 natos
939 1619 1246 1683 mulierum,
1281 1630 1338 1673 ut
1367 1618 1617 1673 Christus
1642 1617 1892 1671 dominus
1931 1632 1994 1670 ac
2030 1617 2169 1671 Deus

577 1721 769 1768 noster
803 1712 1116 1775 allirmavit,
1150 1712 1392 1774 maximi,
1429 1709 1602 1766 lidelis
1647 1709 1879 1763 famulus
1938 1718 2076 1773 erat,
2116 1716 2171 1762 et

574 1810 636 1858 In
669 1814 854 1858 nostra
893 1805 1028 1859 urbe
1081 1804 1492 1857 fundamentum
1525 1801 1907 1871 subsequentis
1943 1801 2170 1854 culturze

2279 608 2797 678 oninilmseonipleri
2827 610 3044 677 nequid,
3069 609 3350 666 laudemus
3377 613 3675 668 Dominum
3705 619 3755 669 in
3779 620 3871 671 lme

2279 701 2420 769 quod
2449 700 2596 764 fecit,
2623 712 2678 755 et
2720 701 3057 770 nmjestatem
3089 718 3240 758 suam
3272 715 3330 758 ut
3355 721 3701 766 assummum
3731 711 3870 776 (I79:

2278 793 2576 860 perducere
2633 794 2905 863 dignetur,
2961 795 3346 864 benignitatem
3373 814 3529 853 suam
3563 802 3872 872 supplicitrr

2277 891 2435 936 orent
2457 884 2657 952 quique
2685 884 2887 945 fideles,
2921 893 2977 939 et
3001 885 3237 940 maxime
3278 897 3357 950 tu,
3418 888 3746 959 BlerSebnrg
3801 894 3874 943 in-

2276 971 2426 1031 clita,
2488 989 2610 1026 cum
2666 974 2930 1042 spirituali
2981 975 3132 1043 prole
3179 985 3290 1042 tua,
3324 979 3374 1030 in
3410 987 3662 1048 tempore
3700 981 3870 1033 dilecti

2275 1063 2506 1114 senioris
2533 1064 2631 1128 tui,
2665 1079 2813 1116 more
2842 1064 3114 1133 cipressus
3155 1064 3300 1135 (180)
3331 1081 3428 1136 pre
3475 1071 3702 1122 cmtcris
3732 1084 3871 1121 conx-

2273 1153 2696 1220 provincialibus
2737 1155 2840 1208 luis
2867 1155 3106 1211 exaltata
3159 1155 3247 1211 "".
3294 1158 3414 1234 ﬁge
3460 1169 3651 1228 grates
3701 1163 3870 1213 conti-

2273 1257 2409 1298 nuas
2440 1245 2570 1308 Deo,
2599 1255 2651 1300 et
2689 1259 2746 1300 ut
2777 1247 2830 1300 in
2865 1258 2916 1302 te
2944 1247 3083 1302 bona
3114 1263 3342 1319 qumque
3391 1251 3579 1305 divino
3619 1255 3868 1306 molen—

2274 1334 2418 1390 mine
2487 1338 2858 1406 perﬁciantur,
2908 1338 3149 1394 studiosa
3211 1341 3265 1394 in
3343 1341 3542 1397 timore
3597 1343 3870 1396 dominico

2269 1440 2485 1496 semper
2507 1429 2760 1500 adoptato
2789 1431 2957 1501 (18l).
3006 1431 3120 1488 Mos
3147 1442 3230 1488 est
3255 1434 3400 1488 enim
3442 1436 3743 1493 malorum.
3789 1439 3864 1490 iu-

2272 1535 2544 1576 memores
2573 1539 2693 1578 esse
2751 1523 3038 1588 bonorum,
3087 1535 3142 1578 et
3179 1525 3281 1580 hoc
3331 1535 3550 1582 vertere
3607 1528 3662 1580 in
3697 1527 3864 1596 pejus.

2270 1611 2412 1678 quod
2443 1627 2634 1666 creare
2663 1614 2916 1683 dignatus
2940 1624 3024 1668 est
3046 1614 3402 1684 Omnipotens
3448 1616 3502 1670 in
3550 1617 3860 1688 melitts..Si

2270 1701 2471 1769 aliquid
2522 1702 2967 1777 predicto‘operi
3024 1719 3124 1774 ego
3168 1720 3424 1774 umquam
3458 1705 3672 1760 addere
3711 1722 3863 1775 queo,

2271 1794 2574 1853 nullatenus
2605 1799 2852 1853 cessabo.
2885 1798 2979 1852 Sin
3010 1809 3212 1862 autem,
3247 1799 3290 1854 si
3313 1801 3435 1869 quis
3459 1801 3599 1854 tanti
3637 1804 3864 1855 rectoris

578 1897 787 1964 primus
810 1897 1023 1966 posuit;
1054 1905 1108 1950 ct
1132 1894 1385 1964 quicquid
1413 1909 1672 1963 umquam
1723 1894 1850 1948 huic
1901 1893 2168 1947 ullatenus
2205 1874 2247 1933 Β
2276 1895 2445 1948 nostri
2490 1894 2562 1947 sit
2593 1889 2982 1960 aliquantulum
3011 1893 3063 1945 in
3095 1893 3239 1946 bono
3285 1905 3519 1954 memor,
3546 1892 3626 1946 sit
3663 1893 3718 1945 ei
3749 1907 3864 1960 pm-

577 1983 1048 2056 superedilicatur,
1115 1985 1259 2038 lamli
1322 1984 1563 2054 ejusdem
1640 1984 1836 2038 merito
1901 1982 2162 2053 signatur.

577 2081 796 2152 Eligans
827 2081 894 2112 ¹³²
925 2094 1157 2136 namoue
1181 2089 1334 2135 ortus
1363 2094 1427 2132 ac
1466 2077 1588 2133 linis
1613 2079 1807 2144 bonus,
1841 2078 2168 2147 ubicumque

2273 1986 2447 2054 picins
2493 1982 2734 2036 omnium
2784 1980 2876 2049 qui
2925 1989 3052 2034 sunt.
3107 1980 3435 2034 Exauditor!
3494 1980 3722 2035 Primus
3771 1982 3864 2034 istc

2275 2074 2568 2130 codicellus
2593 2073 2814 2127 clausus
2841 2072 2912 2127 sit
2942 2071 3100 2142 primi
3133 2085 3309 2128 ntorte
3340 2071 3608 2127 lleinrici.

1665 2275 2026 2362 LIBER
2096 2270 2746 2362 SECUNDUS.

563 2458 640 2524 li.
678 2456 763 2526 14)
790 2455 934 2522 Otto,
963 2454 1132 2510 decus
1159 2453 1335 2525 regni,
1369 2452 1434 2506 de
1464 2457 1752 2506 stennnate
1777 2459 1964 2504 cretus
2007 2447 2161 2504 herili

575 2546 815 2601 ileinrici
844 2545 1036 2616 patris,
1059 2543 1297 2614 fulgebat
1325 2542 1527 2612 ubique
1547 2541 1790 2596 coruscis

573 2638 822 2699 Actibus,
849 2645 900 2690 et
923 2634 1116 2690 solium
1138 2634 1504 2688 concenderat
1529 2632 1650 2685 inde
1679 2639 1963 2700 paternum
1990 2628 2158 2700 (I82).

574 2727 709 2782 Huic
745 2727 921 2798 primo
950 2725 1102 2780 multi
1132 2722 1514 2780 contradixere
1541 2721 1761 2790 maligni

572 2818 797 2886 Invidia,
825 2826 1052 2872 cunctos
1081 2832 1217 2886 quos
1248 2816 1454 2869 vicerat
1489 2814 1590 2868 iste
1614 2812 1878 2882 superbos

572 2909 798 2964 Fainine
831 2909 1035 2972 divino,
1062 2907 1205 2978 quod
1236 2921 1456 2974 semper
1485 2906 1658 2974 poscit
1683 2904 1752 2956 ab
1777 2903 1906 2956 alto.

575 3000 686 3054 Non
727 3000 903 3054 fuerat
934 3006 1116 3052 tantus
1142 2996 1322 3052 Caroli
1359 3000 1426 3050 de
1459 3005 1633 3050 morte
1653 3004 1939 3062 patronus,

573 3094 679 3146 Nec.
711 3103 840 3161 puto
875 3091 1038 3146 simili
1068 3105 1291 3161 regnum
1319 3098 1541 3158 pastore
1564 3089 1753 3157 potiri.

574 3183 930 3252 lipiSCOpatus
954 3181 1262 3236 construxit
1291 3181 1526 3248 denique
1553 3193 1735 3234 senos.

575 3273 673 3328 tlic
699 3272 1050 3344 Beringcrum
1081 3287 1346 3342 superans
1365 3272 1566 3325 virtute
1593 3271 1908 3341 superbum,

571 3365 1050 3435 Longobardorum
1074 3365 1177 3418 sibi
1212 3363 1392 3420 subdit
1425 3364 1559 3418 colla
1607 3362 1902 3416 furentum.

571 3457 956 3527 Imperatorem
985 3455 1110 3511 fecit
1139 3455 1239 3510 sibi
1267 3453 1436 3509 Roma
1470 3463 1740 3524 potentem

569 3549 743 3614 Hunc,
783 3560 839 3605 et
861 3550 1118 3604 maritimi
1146 3549 1361 3604 solvunt
1390 3550 1588 3603 tributa
1631 3548 1821 3602 remoti
1855 3547 2023 3618 (l83).

568 3640 727 3695 Pacis
757 3639 966 3694 amicus
991 3649 1130 3704 erat,
1158 3639 1357 3694 bellum
1399 3639 1611 3708 lateque
1639 3637 1939 3706 premebat.

568 3731 942 3788 Occidentales
968 3732 1124 3787 sedat
1151 3731 1437 3802 Danosquc
1465 3729 1690 3786 feroces.

567 3822 821 3878 Partibus
871 3823 998 3879 Eois
1029 3831 1158 3878 tunc
1199 3837 1308 3880 non
1354 3824 1602 3892 apparuit
1634 3822 1803 3876 hostis
1826 3819 1918 3891 (cf.
1951 3821 2084 3876 llon.
2115 3836 2156 3886 ι,

645 3916 886 3987 35,31).

565 4006 830 4061 Maximus
851 4007 904 4061 in
934 4015 1148 4077 sceptro
1176 4015 1258 4062 ter
1286 4007 1456 4061 denos
1482 4005 1621 4060 sedit
1646 4013 1700 4059 et
1725 4013 1851 4058 octo

563 4097 752 4150 Annos
781 4096 930 4168 (184)
962 4096 1016 4151 in
1052 4111 1238 4166 regno.
1266 4096 1418 4151 Tune
1445 4097 1772 4150 discesserat
1805 4094 1873 4126 ¹³⁸
1900 4096 2047 4157 Otto,

563 4187 784 4244 Flebilis
813 4188 916 4244 heu
957 4190 1170 4259 patriae,
1209 4188 1369 4244 simul
1400 4188 1747 4251 invincibilis,
1782 4197 1944 4257 atque

565 4285 838 4356 Linqucns
865 4286 953 4342 hic
981 4295 1104 4356 post
1121 4299 1181 4340 se
1210 4295 1336 4339 tunc
1370 4281 1690 4353 contectalis
1719 4281 1908 4336 amica:

567 4377 768 4447 Pignus
793 4389 848 4432 et
872 4382 1042 4448 gnati,
1072 4393 1180 4448 quo
1211 4376 1536 4432 laetabantur
1561 4374 1742 4429 amici.

636 4470 687 4522 1.
716 4468 876 4540 (1215)
906 4467 1109 4524 Omnes
1131 4468 1443 4537 reipublicae
1465 4466 1742 4537 principes
1774 4480 2022 4536 magnum
2067 4479 2152 4518 τοι

567 4561 704 4628 gina
729 4558 1000 4614 Mathildis
1030 4559 1098 4592 ¹³⁶
1131 4573 1422 4613 memorem
1454 4558 1626 4613 lenire
1652 4556 1955 4626 cupientes,
1998 4556 2148 4608 Otto-

567 4668 708 4718 nem,
739 4651 908 4706 filium
936 4651 1072 4720 ejus,
1127 4653 1298 4722 patris
1354 4653 1436 4708 sui
1495 4654 1714 4707 decreto
1767 4665 1832 4704 ac
1881 4649 2150 4718 petitione

2274 2462 2382 2502 uno
2403 2462 2496 2502 ore
2525 2447 2576 2502 in
2605 2464 2783 2520 regem
2815 2448 2918 2504 sibi
2944 2459 2997 2505 et
3021 2449 3294 2505 dominum
3325 2451 3632 2522 elegerunt,
3690 2453 3860 2508 eleuo

2273 2541 2340 2595 tis
2368 2539 2574 2595 dextris
2603 2541 3006 2596 conclamantes
3047 2543 3230 2612 (-185):
3289 2541 3441 2597 Vivat
3470 2555 3520 2598 et
3556 2545 3733 2598 valent
3778 2561 3860 2597 rex

2270 2632 2433 2686 victor
2453 2631 2506 2685 in
2531 2641 2761 2685 etcrnnm
2782 2633 2802 2685 .-'
2824 2633 3133 2702 pariterque
3163 2649 3286 2688 cum
3312 2649 3379 2690 eo
3415 2636 3483 2689 ad
3517 2637 3857 2707 Aquasgrani

2271 2721 2694 2793 proficiscuntur
2743 2724 2853 2794 (an.
2907 2725 3058 2793 956).
3112 2724 3230 2790 Quo
3277 2741 3400 2780 cum
3451 2730 3854 2797 appmpiareut.

2271 2815 2447 2868 omnis
2459 2824 2676 2869 senatus
2693 2815 2905 2868 obviam
2922 2816 3179 2884 perrexit,
3197 2818 3357 2871 ﬁdem
3372 2832 3496 2871 cum
3516 2820 3856 2884 subjeccione

2268 2909 2538 2978 promisit,
2569 2917 2623 2962 et
2650 2908 2716 2961 ad
2743 2909 2926 2962 sedem
2955 2923 3076 2962 eum
3102 2909 3305 2964 ducens
3328 2925 3501 2976 usque
3525 2911 3853 2980 inperialem.

2267 3001 2460 3055 statuit
2489 3001 2719 3055 eundem
2751 2999 2803 3054 in
2831 2999 2948 3055 loco
2976 2999 3241 3071 priorum,
3276 3001 3330 3055 iu
3361 3018 3548 3072 regem
3581 3004 3690 3057 sibi
3736 3021 3851 3057 ron-

2269 3093 2516 3157 laudans,
2551 3108 2614 3147 ac
2647 3090 2756 3147 Deo
2788 3101 2916 3147 tunc
2956 3094 3162 3162 gratias
3187 3108 3374 3161 agens.
3408 3092 3568 3148 llunc
3611 3094 3852 3148 "illiber-

2269 3195 2376 3248 tus,
2405 3185 2727 3254 lllogantina:
2754 3199 2883 3238 cura
2907 3184 2973 3216 “7
2996 3184 3430 3249 cathedrzn,cum
3460 3184 3688 3239 licentia
3720 3185 3852 3252 \Vig-

2191 3271 2235 3330 C
2269 3274 2409 3332 fridi.
2445 3287 2646 3330 sanctae
2675 3274 2741 3306 ⁸³⁸
2772 3274 3109 3330 Coloniensis
3159 3273 3571 3344 archipresulis,
3609 3280 3664 3331 in
3717 3279 3852 3346 ruju.

2265 3366 2463 3420 diocesi
2495 3366 2596 3420 hoc
2622 3364 2741 3426 fuit.
2770 3377 2825 3420 et
2855 3366 2924 3397 ¹³⁹
2951 3366 3152 3421 auxilio
3174 3366 3529 3422 Treverensis
3558 3367 3850 3428 benedixit.

2264 3471 2408 3510 anno
2456 3456 2740 3510 dominica:
2798 3455 3188 3510 incarnationis
3233 3455 3338 3511 936
3378 3455 3445 3487 m
3498 3455 3554 3510 in
3612 3457 3848 3512 {ecclesia

2265 3557 2467 3603 sanctae
2515 3549 2698 3602 Maria:
2751 3563 2965 3617 semper
3012 3547 3271 3617 Virginis,
3333 3563 3496 3616 quam
3545 3565 3672 3602 cum
3713 3550 3848 3603 onmi

2262 3639 2537 3708 diligentia
2589 3654 2813 3708 magnus
2861 3639 3168 3692 construxit
3213 3637 3464 3692 Karolus.
3509 3637 3850 3694 Confert-tus

2267 3730 2319 3784 in
2353 3730 2460 3785 Deo
2491 3739 2616 3784 tunc
2668 3740 2722 3784 et
2777 3730 2829 3783 in
2870 3744 3037 3799 regno
3090 3727 3536 3799 sceptriferorum
3591 3731 3848 3782 maximus

2267 3824 2413 3894 (l86)
2475 3821 2623 3888 Otto,
2673 3824 2956 3892 conjugem
3015 3837 3164 3876 suam
3233 3821 3512 3886 Editham,
3563 3821 3843 3876 Ethmundi

2266 3917 2407 3986 regis
2432 3915 2725 3985 Anglorum
2759 3913 2922 3966 {:liam
2957 3912 3126 3982 (187),
3160 3913 3295 3966 bene
3326 3912 3666 3975 timeratatn,
3693 3926 3844 3979 quam

2264 4015 2414 4076 patre
2436 4021 2534 4060 suo
2566 4005 2742 4060 adhuc
2774 4006 2985 4059 vivente
3023 4005 3282 4078 duxerat,
3303 4003 3619 4058 consecrari
3669 4015 3844 4072 prere-

2262 4098 2359 4167 pit.
2385 4097 2554 4168 llujns
2584 4112 2841 4166 prospera
2881 4096 3048 4150 nmlta
3101 4094 3391 4150 turbabant
3432 4094 3689 4149 adversa.
3721 4095 3842 4147 Μαι

2261 4186 2606 4242 Boemiorum
2639 4186 2831 4240 ducem
2887 4183 3257 4240 Ventizlavum
3303 4185 3368 4214 ’δι
3398 4182 3711 4237 Bolizlavus
3760 4195 3830 4236 ne

2259 4279 2452 4333 fandus
2474 4277 2698 4332 fratrem
2723 4275 2785 4347 (l’.
2812 4277 2901 4346 15)
2951 4277 3061 4330 Deo
3081 4290 3147 4331 ac
3175 4277 3286 4346 regi
3311 4275 3588 4345 perime-ns
3615 4275 3842 4336 ﬁdelmn,

2176 4364 2230 4424 D
2259 4368 2459 4423 restitit
2484 4367 2652 4421 multo
2685 4376 2924 4436 tempore
2951 4367 3231 4428 audacter,
3267 4375 3324 4418 et
3370 4373 3559 4434 postea
3608 4365 3842 4418 devictus

2258 4471 2341 4515 est
2372 4475 2402 4514 a
2434 4475 2559 4531 rege
2598 4459 2860 4523 viriliter;
2896 4457 3052 4512 fratri
3092 4459 3293 4511 suimet
3329 4455 3608 4520 lleinrico,
3668 4455 3738 4509 Ba
3761 4469 3832 4503 vva

2259 4554 2460 4606 riorum
2494 4552 2638 4614 duci,
2676 4552 2742 4605 ad
2771 4549 3116 4605 serviendum
3146 4548 3377 4604 traditus
3408 4547 3477 4580 ¹δ³
3506 4559 3612 4601 est.
3649 4548 3726 4600 Av
3749 4559 3856 4598 am

2256 4658 2470 4713 quoque
2519 4645 2656 4714 patri
2710 4642 2906 4697 suimet
2954 4640 3226 4710 quondam
3281 4639 3569 4706 contrarii,
3623 4640 3720 4694 sed
3777 4636 3855 4688 diu

1848 4757 2077 4814 VAlllE
2117 4754 2496 4813 LECTIONES

632 4858 752 4910 ¹³²ο
801 4875 1008 4911 erasum
1064 4860 1112 4912 l.
1193 4857 1259 4888 ¹³³
1314 4859 1531 4926 elegans
1569 4858 1647 4910 ‘Ic.

566 4926 697 4962 tum.
747 4928 1017 4970 ..ειιιηηηοο
1071 4930 1161 4974 ml
1212 4946 1310 4978 ηοη
1370 4940 1518 4981 e.r.'r.t
1561 4927 1775 4979 dubiant
1827 4927 1924 4977 hoc
1961 4935 2056 4976 est.

1728 4854 1794 4885 ¹³⁸
1821 4852 2100 4922 Seque/uia
2133 4870 2294 4923 usque
2333 4851 2402 4904 ml
2433 4851 2589 4919 ﬁnem
2620 4851 2868 4923 carminis
2925 4867 2956 4902 η
3016 4848 3264 4923 Τίεῑηιανί
3320 4849 3485 4912 ipsius
3515 4864 3676 4923 manu
3724 4863 3835 4923 pro-

2135 4917 2218 4955 ηδ’
2249 4917 2499 4980 discerat
2536 4922 2644 4994 lib.’
2677 4921 2906 4994 (ridetur
2949 4917 3086 4972 enim
3131 4920 3237 4994 ape
3297 4935 3510 4994 carmen
3565 4917 3831 4994 infodies
