4042 5300
524 351 663 407 1205

1428 363 1804 420 THIETMARI
1844 365 2470 427 MERSEBURGENSIS
2507 371 2817 429 EPISCOPl

3671 370 3801 428 1201

523 464 598 559 de
637 479 697 520 re
730 464 879 521 Dado
922 465 988 498 ¹⁶²
1017 467 1185 542 (200),
1232 470 1376 530 filius
1403 473 1518 544 ejus
1543 519 1558 543 ,
1605 478 1893 534 admodum
1940 481 2112 537 tristis
2141 488 2188 545 Λ
2217 498 2275 539 se
2305 486 2672 556 subsequente
2699 487 2864 559 (215),
2891 487 3118 558 pecunia
3169 504 3262 559 per
3301 488 3506 558 legatos
3555 505 3805 544 amovere

523 552 765 618 ellectus,
819 559 886 614 ad
933 569 1209 618 nostrates
1238 567 1568 634 properavit,
1603 568 1846 641 locisque
1893 587 2016 642 qtuc
2044 573 2113 627 ad

523 645 848 702 Sileveldun
883 649 1160 719 pertinent
1186 652 1384 710 abditis
1421 657 1652 727 doloque
1683 659 1892 716 idoneis
1928 662 2116 718 occul-

524 736 659 789 tavit
689 736 860 807 (201).
913 738 1038 796 Post
1081 741 1197 798 lucc
1227 759 1322 799 rex
1371 746 1536 816 Papia
1583 751 1836 818 praesidio
1879 753 2110 818 munita,

521 835 906 915 dispositisque
937 840 1008 895 ibi
1060 841 1222 898 rebus
1269 845 1616 913 necessariis,
1666 847 1959 904 revertitur
2001 849 2110 920 (an.

519 928 677 999 952);
731 945 892 1001 quem
940 932 1262 1006 Beringerus
1302 951 1425 990 cum
1467 938 1602 993 duce
1644 939 1896 996 Conrado
1927 941 2115 995 subseo

519 1020 703 1086 quitur
729 1021 900 1094 (202),
930 1025 1180 1096 regisque
1208 1029 1436 1097 gratiam
1478 1029 1613 1085 urbe
1654 1031 1966 1103 Augustana
2015 1049 2114 1089 sua

519 1110 726 1181 filiique
755 1113 1026 1170 deditione
1055 1119 1355 1187 promeruit
1381 1159 1394 1183 ,
1441 1119 1708 1189 simulque
1748 1123 1946 1192 regium
1975 1123 2112 1178 iram

520 1200 749 1270 supplici
785 1205 939 1258 venia
971 1204 1224 1274 placavit,
1260 1207 1506 1277 bonaque
1537 1223 1660 1262 cum
1704 1223 1836 1278 pace
1879 1212 2113 1280 patriam

521 1295 709 1347 revisit
737 1295 906 1364 (205).
956 1295 1072 1352 Rex
1102 1308 1283 1353 autem
1332 1299 1620 1354 Franciam
1663 1303 1897 1373 regendo
1929 1304 2111 1374 perlu-

521 1394 724 1449 strans,
751 1386 982 1444 latentes
1009 1389 1254 1456 insidias,
1287 1407 1407 1462 quae
1445 1408 1474 1445 a
1511 1393 1619 1448 lilio
1651 1408 1961 1465 generoque
1989 1395 2108 1450 llu-

520 1493 660 1545 gone
687 1478 834 1550 (201)
862 1484 1215 1551 parabantur,
1263 1485 1526 1555 comperit
1556 1485 1728 1557 (205),
1773 1503 2007 1558 moxque
2035 1489 2114 1544 eis

521 1584 620 1636 per
652 1571 1016 1629 internuntios
1055 1575 1171 1630 lucc
1199 1574 1266 1606 ⁸⁸³
1296 1575 1377 1630 ira
1422 1577 1664 1632 dictante
1713 1579 2016 1645 mandavit,
2055 1588 2114 1633 ut

521 1661 605 1714 vel
637 1663 768 1715 tanti
801 1661 1062 1720 facinoris
1113 1672 1365 1720 auctores
1413 1667 1518 1720 sibi
1571 1666 1889 1734 mitterent,
1917 1669 2006 1722 vel
2053 1685 2114 1724 se

519 1753 808 1820 potestatis
855 1755 1016 1822 regiae
1064 1755 1315 1812 inimicos
1357 1772 1454 1826 pro
1507 1767 1657 1812 certo
1703 1759 1901 1813 scirent
1939 1759 2107 1832 (206).

2218 586 2520 646 temptans,
2549 577 2838 634 Tbiedrico
2870 596 3214 650 nequaquam
3257 581 3569 650 asspirante
3595 622 3611 643 ,
3661 582 3809 649 Wig-

2217 683 2474 723 manuum
2486 667 2773 725 blandiciis
2796 670 3077 725 delinitum
3101 671 3354 726 celeriter
3373 671 3806 743 corrupit(216).

2215 759 2432 814 Interim
2473 775 2590 824 rex,
2632 770 2821 830 parata
2865 763 2920 816 in
2966 763 3369 832 expeditionem
3400 763 3598 817 militia
3627 763 3808 816 Βατε-

2217 854 2354 908 riam
2383 863 2593 924 petens,
2635 855 2835 911 clausis
2880 857 2982 911 sibi
3012 857 3266 912 omnibus
3296 872 3589 910 murorum
3617 859 3809 925 portis,

2215 948 2407 1001 eadem
2462 949 2682 1017 regione
2734 950 3058 1019 depOpulata
3118 959 3282 1020 atque
3337 951 3628 1005 combusta
3660 991 3675 1014 ,
3737 966 3814 1005 re-

2216 1039 2316 1094 diit
2337 1039 2506 1110 (9.17).
2552 1040 2705 1097 Tune
2747 1043 2900 1097 Dudo
2931 1044 2994 1074 ¹⁶⁷
3027 1045 3164 1112 patri
3197 1045 3392 1098 suimet
3434 1059 3502 1097 ac
3555 1044 3672 1112 regi
3727 1059 3810 1096 re-

2217 1131 2412 1186 sistere
2439 1133 2733 1200 desperans
2757 1173 2772 1198 ,
2803 1132 3010 1188 Avares
3053 1135 3391 1202 pharetratos
3438 1132 3707 1188 conduxit
3763 1133 3810 1185 in

2216 1222 2393 1277 socios
2441 1223 2552 1296 (an.
2584 1223 2749 1295 954);
2781 1226 2926 1295 quod
2972 1241 3156 1294 regem
3185 1227 3432 1295 protinus
3480 1241 3588 1280 non
3631 1224 3808 1278 latuit.

2215 1311 2461 1384 Namque
2503 1329 2627 1369 cum
2663 1316 2829 1386 signis
2868 1316 3188 1371 militaribus
3217 1315 3430 1370 obviam
3481 1315 3664 1385 pergit
3710 1315 3811 1368 ini-

2217 1407 2371 1461 micis
2398 1408 2801 1477 insurgentibus
2831 1409 3000 1480 (218),
3029 1410 3123 1464 sed
3157 1409 3313 1464 aliter
3345 1408 3418 1471 ei,
3465 1423 3635 1477 quam
3667 1408 3816 1476 quis-

2215 1512 2378 1566 quam
2423 1509 2573 1553 ratus
2605 1501 2700 1564 sit,
2729 1500 2914 1556 dolor!
2941 1501 3140 1556 evenit.
3174 1498 3258 1554 Hii
3284 1500 3552 1569 siquidem
3583 1501 3813 1554 ducibus

2215 1590 2415 1660 iniquis
2467 1607 2564 1660 per
2593 1591 2754 1646 aliam
2802 1591 2993 1648 direCti
3046 1591 3210 1656 viam,
3252 1590 3542 1645 Franciam
3596 1591 3813 1644 invase-

2215 1695 2364 1747 runt,
2401 1686 2418 1706 '
2451 1683 2942 1754 miserabiliterque
2987 1692 3340 1738 vastaverunt
3389 1681 3562 1752 (219).
3616 1681 3727 1735 Sed
3770 1683 3812 1735 si

2216 1778 2338 1845 quis
2366 1789 2578 1831 secreto
2629 1776 2828 1831 mentis
2875 1791 2971 1830 seu
3012 1775 3134 1829 viva
3177 1790 3312 1830 voce
3356 1775 3611 1843 requirit,
3670 1774 3814 1828 unde

521 1845 668 1909 Quos
706 1845 1076 1914 hujuscemodi
1127 1847 1382 1918 legationi
1434 1849 1685 1904 conivere
1733 1850 1804 1886 ¹⁰δ
1845 1850 2111 1916 uolentes,

2223 1866 2348 1922 talis
2397 1867 2606 1922 oriatur
2649 1865 2928 1920 extraneis
2971 1865 3218 1929 audacia,
3269 1873 3324 1917 ut
3374 1875 3482 1917 tam
3539 1864 3814 1917 habitatas

520 1937 748 1992 collecto
776 1942 1017 1995 exercitu
1063 1955 1236 2012 usque
1283 1943 1338 1997 in
1388 1943 1725 2015 Magonciam
1771 1947 2117 2017 persequitur

521 2031 632 2100 (au.
662 2032 807 2104 955),
842 2034 1112 2090 universis
1135 2036 1383 2102 urbibus,
1410 2053 1547 2108 quas
1574 2047 1736 2093 natus
1761 2038 1828 2070 ¹⁴¹³
1851 2040 2114 2108 possedit,

518 2125 811 2195 autcaptis
851 2135 944 2180 aut
988 2127 1213 2182 dediciis
1257 2127 1424 2200 (207),
1472 2130 1684 2200 hacque
1733 2143 1894 2186 manu
1942 2131 2113 2185 valida

521 2217 886 2286 circumsepta
938 2218 1028 2284 ⁸⁸⁸,
1063 2219 1292 2276 rebelles
1339 2221 1557 2276 assiduo
1595 2221 1823 2275 multum
1869 2221 2116 2291 fatigavit

520 2307 684 2362 bello.
713 2308 863 2362 Datis
896 2316 1027 2363 tunc
1078 2311 1265 2366 electis
1310 2324 1379 2364 ex
1423 2320 1655 2382 utraque
1702 2324 1863 2382 parte
1906 2312 2110 2370 obsidi-

519 2396 622 2450 bus
652 2395 824 2468 (208),
862 2408 1017 2468 pater
1047 2414 1169 2454 cum
1220 2400 1330 2456 tilio
1356 2401 1616 2471 loquitur.
1658 2416 1724 2456 ac
1749 2403 1829 2456 sui
1861 2405 2108 2472 gratiam,

518 2488 567 2544 si
611 2489 900 2546 consocius
947 2491 1074 2546 talia
1125 2491 1505 2550 inacbinantes
1539 2494 1780 2563 aperiret
1831 2487 2113 2566 ct(l.1'i‘)

519 2581 622 2640 sibi
662 2582 896 2638 traderet
925 2583 1228 2654 puniendos
1249 2583 1401 2656 (209)
1434 2582 1685 2642 daturum
1711 2587 1995 2658 spopondit
2023 2583 2111 2641 m.

517 2670 634 2726 lloc
666 2687 786 2726 cum
814 2674 1030 2744 juvenis
1066 2674 1245 2730 facere
1272 2689 1371 2731 nec
1395 2684 1593 2746 posset
1625 2689 1806 2746 neque
1830 2677 2110 2744 voluisset,

518 2780 586 2819 eo
613 2766 756 2835 quod
787 2767 928 2836 apud
976 2782 1107 2823 suos
1151 2767 1311 2823 tidem
1353 2783 1476 2824 cum
1515 2769 1828 2838 iuramento
1872 2769 2113 2840 polluere

520 2860 786 2919 noluisset
806 2862 979 2931 (210),
1007 2878 1037 2917 a
1079 2875 1274 2934 patruo
1302 2865 1630 2922 com'itiatus
1661 2863 1914 2922 lleinriro
1940 2864 2112 2938 (211),

524 2951 714 3007 urbem
745 2951 1107 3008 rebellaturus
1132 2953 1438 3025 ingreditur
1483 2953 1658 3026 (212),
1701 2953 2114 3024 Ekbertumque

523 3041 780 3095 cornitem
819 3057 940 3096 cum
972 3039 1158 3099 multis
1191 3044 1371 3116 patrui
1422 3043 1685 3101 militibus
1722 3045 1824 3102 sibi
1870 3046 2112 3102 associa-

2217 1958 2482 2028 longeque
2525 1965 2760 2011 semotas
2802 1967 3135 2026 prmsumant
3176 1957 3468 2025 infringere
3517 1955 3809 2022 regiones:

2217 2059 2480 2117 quantum
2525 2047 2743 2118 scriptis
2815 2060 3070 2117 umquam
3114 2046 3399 2101 didicimus
3437 2045 3520 2098 vel
3574 2060 3676 2113 per
3718 2060 3814 2098 nos

2217 2140 2439 2203 scimus,
2471 2138 2657 2192 audiat
2693 2139 3080 2206 respondentes
3105 2177 3120 2202 ,
3153 2137 3278 2206 quia
3317 2150 3590 2190 consensu
3633 2134 3815 2187 divino

2217 2232 2292 2286 liii
2317 2229 2654 2285 facinoribus
2674 2228 2876 2284 nostris
2899 2228 3272 2282 accenduntur
3294 2227 3346 2281 in
3367 2227 3665 2280 vindictam
3700 2225 3811 2286 Dei,

2215 2335 2424 2390 nosque
2463 2319 2751 2376 admodum
2795 2319 2972 2398 territi
3023 2319 3256 2388 fugimus
3304 2319 3483 2389 ignavi
3539 2315 3812 2384 injusticia

2217 2411 2608 2480 nostri,1itque
2653 2421 2801 2475 tunc,
2855 2420 2914 2464 ut
2950 2410 3042 2480 qui
3079 2410 3132 2462 in
3184 2409 3458 2480 prosperis
3504 2408 3814 2476 sprevimus

2217 2503 2465 2557 timorem
2497 2499 2616 2567 Dei,
2650 2500 2845 2556 merito
2883 2499 3244 2555 sustineamus
3277 2498 3546 2567 ﬂagellant
3577 2495 3813 2558 Domini,

2217 2609 2281 2648 ac
2316 2592 2634 2648 invocantes
2665 2591 2835 2647 Deum
2872 2607 2979 2647 non
3021 2589 3360 2651 exaudimur,
3408 2587 3498 2656 qui
3546 2586 3813 2642 olfensam

2218 2682 2430 2751 plaettre
2457 2696 2747 2752 supernam
2777 2681 2926 2736 nullo
2963 2681 3123 2735 modo
3152 2678 3503 2733 conabamur.
3550 2676 3686 2730 lude
3727 2695 3813 2730 at-

2219 2775 2350 2830 cidit
2399 2786 2456 2827 ut
2491 2774 2798 2835 Germania,
2839 2773 3056 2827 ca:teris
3100 2770 3660 2839 comprovincialibus
3701 2770 3810 2821 suis

2218 2866 2396 2934 inpar,
2427 2865 2632 2920 viribus
2679 2861 2764 2918 bis
2793 2864 3207 2926 succumberet;
3246 2861 3368 2931 quis
3398 2877 3589 2913 inurus
3613 2860 3814 2913 dicitur

2215 2973 2360 3023 esse,
2392 2957 2770 3026 quodcumque
2801 2955 2867 2986 ⁸⁸⁸
2912 2955 3053 3010 valet
3097 2955 3313 3024 sagittis
3359 2955 3584 3008 obstare
3637 2953 3807 3021 (£20).

2216 3048 2529 3104 Commottm
2555 3051 2769 3104 tandem
2802 3048 2941 3104 Deus
2968 3048 3175 3102 meritis
3195 3046 3468 3114 justorum
3497 3046 3811 3115 gemituque

522 3133 600 3190 vit
622 3131 796 3204 (215).
841 3144 896 3189 et
930 3134 1068 3188 ciam
1119 3136 1293 3190 noctis
1321 3135 1538 3192 silentio
1566 3151 1688 3191 cum
1719 3139 1831 3192 suis
1858 3137 2109 3193 omnibus
2139 3175 2184 3236 Ο
2221 3143 2567 3201 miserorum.
2619 3141 2824 3212 fugavit
2855 3141 3064 3194 turbam
3096 3140 3422 3209 perlidorum
3450 3154 3464 3201 ;
3497 3147 3554 3190 ct
3593 3153 3695 3191 rex
3724 3151 3815 3189 eos

523 3224 728 3287 exiens,
773 3221 1147 3290 itatisbonam,
1197 3240 1318 3294 quae
1365 3223 1705 3299 Reinesburg
1743 3228 1965 3294 dicitur,
2009 3227 2108 3281 Ba-

520 3315 683 3370 Varii
709 3325 872 3390 caput
899 3317 1072 3385 regni,
1118 3331 1241 3371 cum
1278 3318 1503 3376 urbibus
1528 3319 1910 3375 munitissimis
1950 3319 2114 3390 cepit,

525 3405 827 3461 ductricem
869 3407 1155 3465 lvuthitam
1207 3411 1381 3465 solum
1433 3427 1557 3466 cum
1603 3412 1730 3470 filiis
1776 3413 1845 3468 ab
1891 3414 1976 3468 bis
2021 3428 2118 3468 ex-

525 3495 736 3564 pellens
776 3496 973 3552 linibus
1025 3499 1196 3570 (211).
1252 3501 1599 3557 Tbiedricum
1652 3503 1872 3574 insuper
1921 3506 2144 3567 ducem

529 3605 594 3642 ac
622 3587 1009 3658 Wigmannum
1048 3593 1322 3658 comitem,
1371 3594 1425 3648 in
1463 3595 1760 3662 presidium
1803 3594 1871 3649 ad
1898 3594 2116 3666 Magon-

529 3677 658 3736 tiain
687 3680 864 3736 denuo
901 3681 1276 3755 possidendam
1305 3698 1454 3742 arma
1483 3695 1908 3749 commoventes,
1957 3699 2113 3755 patre

2225 3235 2420 3289 iterum
2481 3233 2586 3286 alio
2632 3245 2791 3300 quam
2839 3241 3055 3300 putaret
3103 3230 3433 3282 tlivcrtentcs
3486 3227 3810 3286 insecutus,

2225 3327 2527 3381 Bawariam
2576 3342 2760 3379 rursus
2813 3325 3034 3378 invadit.
3083 3323 3184 3388 Qui
3231 3336 3353 3374 mox
3403 3320 3470 3372 de
3522 3334 3660 3388 pace
3712 3329 3813 3368 tra-

2221 3427 2454 3478 Ctantes,
2484 3415 2832 3483 induciasque
2871 3423 3133 3483 petentes,
3183 3412 3617 3480 impetraverunt
3645 3407 3810 3477 (22!).

2220 3509 2286 3566 Et
2317 3524 2532 3578 semper
2563 3507 2709 3562 dubii
2757 3507 2978 3575 suisque
3009 3504 3253 3559 inﬁdeles
3280 3501 3542 3566 dominis,
3587 3515 3715 3554 cum
3760 3512 3814 3550 se

2223 3598 2364 3668 apud
2415 3613 2598 3668 regem
2638 3612 2900 3652 excusare
2943 3612 3049 3650 non
3099 3604 3340 3664 possent,
3385 3607 3509 3648 cum
3564 3588 3813 3644 Liudult'o

2223 3688 2436 3753 seniore
2487 3703 2585 3742 suo
2631 3698 2755 3741 nota
2800 3685 3135 3755 Reinesburg
3184 3681 3418 3753 presidia
3466 3679 3720 3751 palantes
3750 3677 3812 3708 ⁸⁸⁸

1836 3822 2073 3881 VARUS
2119 3823 2522 3890 LECTIONES.

601 3951 670 3984 ¹⁶²
696 3951 961 4028 _Ludolfus
990 3959 1074 4012 hic
1107 3967 1155 4012 et
1183 3960 1343 4028 paulo
1375 3969 1492 4028 post
1523 3963 1548 4016 1
1578 3978 1626 4015 ε.
1706 3961 1776 3994 ¹⁶³
1824 3961 1950 4016 add.
1976 3961 1998 4015 1
2033 3962 2084 4017 b-

531 4021 612 4076 dit
649 4025 740 4079 al.
818 4027 883 4058 ¹⁶⁷
917 4021 1193 4085 ωυαυιῑυέ
1218 4031 1300 4084 1ο.

529 4101 762 4150 nostram
801 4096 1068 4154 lectionem
1099 4100 1356 4156 exhibeat.

1375 3969 1492 4029 post
1523 3963 1548 4016 1
1578 3978 1626 4015 ε.

2164 3961 2231 3996 ηδ
2272 3961 2466 3996 Iun-snio

1381 3969 1492 4029 post
1523 3963 1548 4016 1
1578 3978 1626 4015 ε.
1706 3963 1776 3994 ¹⁶³
1824 3963 1998 4016 add.1
2033 3963 2084 4017 b.
2164 3963 2231 3996 ¹⁶⁸
2272 3963 2560 4019 connivere
2593 3963 2614 4015 1
2647 3978 2694 4014 c.
2797 3963 2840 3998 ⁸³
2863 3963 3280 4026 circumscptam
3308 3963 3359 4012 1.
3437 3963 3507 3986 ³⁵⁵
3529 3969 3812 4031 spospons~

1381 4031 1567 4102 mita
1603 4032 1650 4084 1.
1682 4031 1736 4085 2.
1769 4032 1818 4085 Is
1849 4047 1920 4085 m.
1953 4031 2006 4084 d.
2040 4047 2090 4085 c.
2125 4032 2453 4102 quicmnquc
2505 4031 2736 4087 radendo
2765 4033 2993 4088 correxit
3040 4031 3222 4095 procul
3267 4027 3430 4082 dubio
3483 4027 3572 4080 1c.
3609 4042 3728 4078 cum
3780 4022 3812 4074 '2

1437 4100 1503 4134 ³⁸³
1532 4103 1604 4156 ita
1638 4101 1729 4157 1b.
1765 4102 2029 4172 fugientes
2060 4100 2157 4156 1ο.
2189 4154 2192 4158 ί

2797 3963 2840 3998 ⁸³
2863 3961 3280 4026 circumscptam
3308 3959 3359 4012 1.
3437 3955 3507 3986 ³⁸⁸
3529 3969 3812 4026 δροειοοηςς

2077 4236 2306 4293 NOTAE.

605 4367 753 4437 (200)
791 4369 940 4424 Dudo
1008 4369 1142 4425 nihil
1191 4383 1312 4425 esse
1362 4369 1578 4423 videtur
1623 4385 1784 4438 quam
1839 4382 2115 4427 contracta

533 4439 774 4495 nominis
811 4439 1124 4512 Liudoltigm

533 4519 807 4572 monente,
836 4509 1128 4574 Thiodulli,
1157 4514 1300 4578 quod
1331 4509 1470 4564 idem
1509 4510 1778 4578 significat
1806 4513 1948 4578 quod
1997 4509 2120 4565 Liu-

2291 4370 2438 4440 (209)
2478 4369 2622 4424 Idem
2648 4368 2682 4421 Ι.
2716 4368 2750 4421 1.
2777 4383 2828 4422 c.
2864 4369 2930 4423 18
2959 4386 2970 4420 :
3003 4366 3261 4420 Fautores
3289 4364 3609 4418 insidiarum
3654 4377 3810 4434 expo-

1129 4439 1657 4511 rimitusgfortasse.
1707 4439 2119 4511 Lappenbergio
2215 4443 2398 4495 sudat.

2289 4511 2435 4582 (210)
2475 4509 2535 4582 ι.
2563 4509 2598 4561 l.
2627 4507 3256 4582 Illiaulemjuramenlis
3283 4505 3494 4560 vicariis
3525 4505 3804 4570 obligatz...

534 4556 733 4648 ilolfus)
793 4556 1010 4642 lor-ma;
1063 4556 1136 4634 ita
1159 4556 1335 4634 1enim
1383 4556 1651 4636 Liutoli‘us
1699 4591 1793 4634 aut
1819 4556 2116 4638 tudel-dtis
2214 4556 2554 4636 Ιιοὲὀηιίιίηο
2591 4580 2869 4648 negabam.

532 4649 1352 4732 episcopus.AIugust‘annchf.
1599 4651 1840 4732 Aug-.3.
1893 4652 2018 4732 989)
2059 4655 2113 4707 in

530 4719 960 4792 Ann._Einsiedl.
993 4735 1043 4774 a.
1075 4720 1178 4792 988
1202 4719 1342 4773 Tuto
1366 4727 1424 4792 et
1443 4720 1588 4792 Toto
1607 4720 1906 4789 appellatur
1929 4719 2112 4792 (supra

533 4772 592 4858 ᾖ).
620 4787 772 4860 145);
810 4772 1134 4860 Liudgardis
1155 4772 1329 4860 ivero,
1368 4772 1594 4860 Lindolli
1627 4772 1799 4855 Eo'rbr,
2144 4772 2192 4831 ο

531 4875 654 4930 gen.
682 4859 759 4928 (p.
786 4860 917 4930 215)
938 4858 1181 4930 Dudicba
1210 4859 1381 4930 audit.
1414 4858 1630 4914 Wurz.

604 4927 754 4996 (201)
794 4932 876 4985 Ex
895 4927 1160 4986 'Widuek.
1187 4947 1236 4985 c.
1265 4927 1319 4985 9.

603 4998 753 5070 (202)
793 5001 1032 5055 Indidem
1063 5019 1112 5056 c.
1152 5000 1240 5056 10.

605 5071 731 5142 (205
792 5071 1030 5126 lndidetn
1061 5088 1109 5126 c.
1138 5071 1202 5132 10
1230 5071 1268 5124 ξ.
1302 5079 1358 5124 et
1384 5087 1434 5125 c.
1463 5071 1548 5124 11.

607 5071 759 5213 ι204)
798 5142 977 5196 Gener
1002 5139 1315 5213 Tbietmaro
1345 5150 1532 5196 nostro

607 5141 733 5224 .20;

798 5142 977 5228 Gener
1002 5139 1315 5228 Tbiett'naro
1345 5150 1532 5196 nostro
1556 5150 1634 5228 est
1659 5142 1853 5228 aﬂin'i‘s,
1887 5147 2117 5200 maritus

2289 4653 2436 4720 (211)
2487 4643 2716 4714 11)ί(1.,⁷1.
2753 4649 2786 4702 1.
2828 4658 2999 4702 motus
3043 4646 3322 4700 Heinricus
3362 4645 3615 4698 atlrersus
3643 4643 3805 4696 adole-

2215 4735 2460 4776 δεεηεεηι.

2293 4793 2440 4862 (212)
2477 4789 2637 4854 lbid.,
2680 4789 2715 4844 1.
2762 4789 2799 4842 1.
2846 4787 3167 4842 adolescens.
3199 4825 3215 4840 .
3249 4822 3265 4838 .

2220 4874 2444 5003 uisis)
2485 4930 2637 5003 tota,
2671 4945 2720 4984 c.
2749 4930 2833 5003 to.

2295 5001 2444 5070 (2M)
2484 5001 2642 5067 lbid.,
2672 5016 2723 5054 c.
2750 5002 2840 5053 ea.

2295 5062 2443 5145 (215)
2479 5062 2639 5138 lbid.,
2671 5086 2721 5124 c.
2748 5072 2840 5134 21,
2877 5085 2992 5138 rege
3026 5067 3194 5136 ﬁlium
3227 5067 3280 5122 in
3313 5066 3594 5119 Barariam
3634 5062 3799 5116 subst.

2222 5155 2438 5226 συξζτέἓ,
2483 5211 2519 5226 ..
2546 5211 2558 5222 .
2585 5212 2598 5226 .

3315 4784 3495 4837 urbem
3547 4786 3804 4853 ingressus

2721 5209 2782 5226 ΑΙ
