4042 5300
203 179 348 272 ινξθέ

1434 208 1849 270 ΕΙΙΙὶΟΝΙΕΟΝ.
1875 241 1944 251 -ι
1975 209 2100 265 LIB.
2144 207 2206 263 ΙΙ.

3341 197 3496 254 iﬁlli

200 335 412 395 petunt.
442 323 592 392 Quos
640 340 732 379 rex
774 324 1019 380 exercitu
1050 324 1226 380 valido
1271 323 1614 391 subsecutus,
1647 338 1785 393 prac-
1814 325 1860 384 Α
1889 321 2076 376 lancea
2117 336 2239 377 eum
2289 335 2468 384 sacra,
2515 318 2711 373 milites
2756 316 2812 371 in
2862 315 3070 370 hostem
3115 311 3481 382 preeedendo.

200 418 343 472 dicta
375 417 614 488 possedit
643 418 693 470 in
720 417 782 487 (f.
817 417 905 487 18)
937 419 1066 472 urbe
1094 417 1279 486 (222);
1314 417 1562 487 factaque
1605 424 1790 470 mutuo

199 509 358 577 l'onga
386 509 814 574 concertatione,
845 510 1057 565 tandem
1097 510 1286 580 grandi
1339 510 1404 541 "°
1448 509 1602 562 fama:
1641 506 1789 577 (223)

197 601 367 654 tilium
397 614 635 669 suosque
659 615 846 670 pacem
885 610 1070 672 petere
1105 603 1283 672 coegit
1311 602 1479 673 (224).
1507 601 1634 656 Post
1678 601 1792 654 haec

197 691 353 746 Dudo
382 691 450 722 “”
489 708 612 747 cum
644 692 870 763 llugone
903 695 972 726 ¹⁷¹
1015 695 1312 763 penitentia
1359 695 1574 759 ductus,
1623 693 1792 764 patris

196 781 424 849 pedibus
452 782 780 845 advolvitur,
815 784 881 839 de
904 785 1180 854 preteritis
1208 785 1416 840 veniam
1469 793 1523 840 et
1565 785 1630 839 de
1671 800 1793 854 prc—

196 873 446 927 sentibus
477 874 702 944 supplex
749 877 922 945 poscit
967 878 1426 940 emendationem,
1474 875 1542 930 de
1595 875 1792 930 futuris

194 979 416 1033 quoque
473 965 739 1020 cautelam
812 968 1103 1036 spopondit
1152 968 1220 999 ¹⁷³
1260 967 1429 1038 (225).
1480 967 1633 1022 llunc
1696 981 1793 1022 rex

195 1071 421 1110 suorum
450 1056 693 1112 devictus
739 1057 965 1114 consilio
994 1058 1300 1129 principum
1352 1060 1613 1128 suscepit,
1640 1075 1791 1114 com-

200 1147 482 1215 tnissaque
540 1147 844 1214 remittens,
903 1148 1100 1202 suimet
1152 1149 1380 1218 gratiam
1432 1149 1664 1205 ﬁrmiter
1695 1150 1792 1204 de-

193 1237 280 1290 dit
337 1236 510 1307 (226).
566 1236 825 1293 Restituit
874 1248 985 1294 tum
1058 1240 1211 1295 fratri
1269 1255 1370 1295 suo
1425 1255 1646 1310 regnum
1701 1241 1792 1294 diu

196 1327 484 1392 amissum,
522 1327 952 1400 pacificatisque,
987 1341 1046 1386 ut
1089 1333 1347 1401 speravit,
1379 1332 1623 1386 adversis
1672 1346 1792 1386 om-

197 1419 384 1484 nibus,
418 1417 711 1474 Saxoniam
744 1422 916 1477 victor
945 1425 1140 1493 repetit
1171 1423 1342 1495 (227).

271 1509 324 1563 ι.
371 1511 434 1564 Ει
465 1511 533 1543 ³⁷⁸
561 1526 689 1567 ecce
718 1513 915 1568 iterum
952 1514 1162 1570 Avares
1195 1516 1286 1580 ⁸⁷⁵,
1329 1515 1483 1585 quasi
1508 1515 1620 1584 jam
1667 1529 1794 1585 per-

196 1600 400 1668 petrati
443 1601 669 1656 sceleris
695 1602 882 1668 obliti,
912 1605 1195 1660 adversum
1228 1620 1325 1660 nos
1370 1620 1518 1659 arma
1549 1620 1793 1660 commo-

196 1699 394 1744 verant
449 1692 561 1762 (an.
597 1692 756 1759 955);
818 1709 954 1763 quos
1009 1696 1303 1752 adventare
1353 1698 1459 1751 dux
1507 1696 1796 1753 lleinricus

197 1780 314 1848 regi
365 1782 669 1849 nunciaus,
740 1784 971 1854 inceptis
1042 1801 1166 1840 cum
1233 1787 1519 1843 itineribus
1569 1803 1794 1843 revoca-

195 1876 280 1930 vit
336 1876 504 1946 (228).
560 1879 671 1934 llex
739 1890 919 1936 autem
981 1883 1047 1938 ad
1095 1885 1464 1955 Augustanam
1514 1885 1796 1940 universos

195 1969 398 2023 suimet
451 1969 748 2028 familiares
800 1975 868 2029 ad
903 1989 963 2030 se
1009 1986 1276 2032 convocat
1311 1977 1608 2044 civitatem,
1641 1977 1793 2031 atiir-

196 2073 356 2113 mans
385 2074 443 2112 se
492 2061 627 2116 mori
677 2063 834 2118 malle
865 2079 1027 2134 quam
1061 2074 1208 2120 tanta
1256 2066 1376 2137 plus
1415 2066 1623 2137 perpeti
1656 2066 1795 2120 mala

200 2148 268 2179 ¹⁷²
300 2148 476 2218 (229),
526 2161 849 2223 ortaturque
887 2155 955 2188 "'
1003 2172 1170 2222 suos,
1221 2157 1424 2226 premia
1473 2157 1796 2228 promittens

198 2256 324 2296 cum
356 2242 536 2311 gratia
564 2247 780 2301 cunctis
807 2261 866 2301 se
917 2247 984 2280 ³⁷⁸
1013 2247 1322 2305 faventibus
1353 2263 1680 2324 poenamque
1729 2249 1793 2279 ‘"

198 2330 556 2402 fugientibus.
626 2335 856 2408 Collegit
921 2340 1349 2409 undiquessecus
1416 2349 1539 2396 octo
1588 2349 1794 2394 tantum

197 2423 442 2493 legiones
501 2425 692 2498 (230),
745 2443 881 2498 quas
935 2431 1220 2486 adversum
1273 2433 1457 2488 hostes
1505 2433 1796 2502 dispositas

195 2514 532 2582 consolatur,
567 2518 861 2575 morientes
899 2520 970 2576 ibi
1012 2523 1549 2579 remuneracionibus
1580 2524 1793 2579 demul-

196 2619 329 2658 cens
362 2607 602 2672 aeternis,
633 2609 913 2666 vincentes
955 2621 1137 2666 autem
1186 2614 1526 2683 presentibus
1555 2615 1795 2670 delecta-

199 2695 421 2750 mentis.
453 2698 692 2764 Quarum
724 2702 1099 2758 extremitates
1124 2702 1298 2759 hostis
1321 2719 1450 2760 acer
1469 2705 1624 2774 juxta
1649 2704 1793 2761 Lech

197 2785 426 2840 fluvium
480 2790 710 2846 celerem
768 2792 836 2824 ¹τ⁶
888 2793 1120 2849 latenter
1177 2796 1562 2852 circumeundo
1614 2797 1793 2870 (£19)

198 2875 451 2932 incautas
501 2880 781 2949 opprimit,
813 2883 954 2938 cesis
991 2893 1118 2939 tunc
1146 2884 1392 2955 pluribus
1423 2902 1486 2941 ac
1529 2886 1796 2958 despolia-

1891 414 2346 484 resistentemque
2397 413 2606 482 primus
2658 409 2900 480 inrupit,
2951 423 3015 463 ac
3067 407 3134 439 ⁸⁷⁸
3173 420 3298 462 mox
3332 414 3482 475 terga

1891 511 2190 559 vertentem
2239 520 2410 575 usque
2465 505 2532 557 ad
2588 515 2866 572 vesperam
2903 499 3198 569 prostravit
3243 512 3308 552 ac
3353 496 3485 551 ellu-

1893 595 2039 666 gavit
2079 593 2251 665 (2'52).
2293 593 2521 648 Peracta
2575 595 2792 648 tandem
2843 591 2910 622 "°
2963 589 3134 655 cede,
3181 587 3485 642 virentibus

1892 688 2063 758 pratis
2094 687 2317 742 victrice
2360 702 2482 741 cum
2516 686 2669 741 turba
2717 699 2808 739 rex
2856 682 3161 747 considens,
3200 679 3486 750 diligenter

1895 779 2141 848 inquirit,
2176 779 2222 834 si
2272 779 2340 833 ab
2386 778 2627 834 exercitu
2679 792 2778 832 suo
2807 777 2876 808 ¹⁷⁰
2904 774 3101 844 aliquis
3155 778 3481 828 remaneret.

1894 869 2170 940 Comperit
2223 877 2356 933 tum,
2388 867 2579 923 ducem
2613 867 2944 930 Conradum,
3000 879 3255 936 generum
3303 862 3386 918 sui
3417 863 3485 894 "’

1894 971 1947 1016 et
2002 961 2280 1030 egregium
2334 959 2562 1014 militent
2595 998 2610 1023 ,
2661 957 2993 1028 oppeciisse;
3067 953 3220 1023 cujus
3289 968 3487 1022 corpus

1893 1055 2089 1111 merito
2116 1053 2366 1111 deﬂetum
2409 1064 2574 1125 atque
2622 1054 2904 1126 diligenter
2949 1061 3297 1122 procuratum
3327 1050 3486 1106 Wor-

1896 1151 2119 1205 matiam
2152 1149 2302 1204 misit
2342 1149 2715 1204 tunmlandum
2759 1146 2933 1218 (235).
2993 1145 3218 1213 Insuper
3267 1143 3488 1198 nuntios

1894 1250 2099 1297 sancta:
2141 1241 2464 1312 premiserat
2497 1239 2678 1303 matri,
2724 1239 2816 1307 qui
2849 1245 3044 1292 cuncta
3077 1234 3140 1304 (f.
3176 1233 3265 1306 19)
3295 1234 3487 1289 ordine

1896 1333 2214 1404 pandentes,
2245 1345 2366 1386 eam
2403 1346 2536 1386 cura
2564 1329 2858 1393 solverent,
2891 1336 3206 1396 mentesque
3248 1325 3488 1381 fidelium

1897 1425 1952 1478 in
2009 1424 2224 1479 laudem
2290 1421 2492 1478 Christi
2560 1421 2765 1491 pariter
2812 1419 3196 1474 accenderent.
3251 1417 3486 1473 Tantum

1897 1515 2092 1571 divina:
2120 1514 2338 1584 pietatis
2368 1515 2567 1569 donum
2594 1511 2772 1566 omnis
2801 1509 3194 1573 christianitas,
3227 1509 3490 1563 maxime.-

1897 1621 2002 1678 que
2024 1605 2136 1675 regi
2166 1605 2479 1668 commissa,
2503 1600 2756 1657 ineffabili
2787 1600 3023 1669 suscepit
3050 1598 3283 1669 tripudio
3311 1597 3488 1668 (23$),

1823 1669 1873 1730 Β
1899 1669 2124 1770 gloriam
2157 1705 2211 1752 et
2240 1696 2468 1768 gratiam
2495 1694 2732 1766 spallens
2755 1691 3087 1747 unanimiter
3117 1690 3171 1746 in
3205 1689 3490 1746 altissimis

1899 1791 2030 1846 Deo.

1968 1882 2020 1938 5.
2061 1882 2116 1938 ln
2167 1883 2271 1938 hoc
2317 1897 2460 1938 anno
2505 1881 2790 1937 Heinricus
2855 1881 2964 1936 dux
3020 1891 3076 1934 et
3128 1878 3297 1934 frater
3348 1878 3500 1948 regis

1897 1973 2031 2028 obiit
2062 1974 2129 2004 ¹⁸⁰
2160 1973 2330 2044 (255).
2362 1972 2582 2028 Interim
2613 1987 2705 2026 rex
2738 1971 3034 2027 Saxoniatn
3065 1968 3312 2024 revisens
3336 1968 3490 2023 laetus

1899 2064 2150 2132 patriam,
2193 2080 2222 2118 a
2255 2063 2464 2118 cunctis
2505 2061 2838 2133 principibus
2891 2077 2920 2116 a
2969 2061 3127 2132 longe
3172 2059 3276 2115 sibi
3303 2058 3369 2090 ¹⁸¹
3399 2061 3498 2114 01)--

1899 2158 2171 2212 viantibus
2191 2156 2419 2211 summis
2439 2156 2710 2226 excipitur
2731 2155 2925 2210 studiis
2961 2154 3054 2226 (cf.
3086 2153 3248 2208 Vino.
3280 2153 3414 2208 (En.
3449 2171 3488 2218 ι,

1898 2248 2058 2317 M5);
2090 2247 2290 2317 diuque
2341 2257 2658 2317 expectatus
2689 2262 2718 2301 a
2762 2245 3060 2303 venerabili
3109 2246 3308 2302 suimet
3336 2246 3497 2316 geni-‘

1899 2336 2071 2402 trice,
2127 2335 2368 2406 profusis
2431 2350 2530 2406 pre
2588 2336 2784 2405 gaudio
2833 2335 3072 2389 lacrimis
3124 2335 3490 2404 amplectitur.

1899 2427 2107 2494 Quibus
2160 2441 2318 2483 suum
2376 2426 2506 2482 ilico
2554 2426 2806 2495 aperiens
2853 2426 3204 2497 promissum,
3259 2425 3494 2494 qualiter

1898 2521 2000 2576 hoc
2067 2521 2135 2575 ad
2187 2531 2422 2591 unguem
2493 2519 2863 2588 produceret,
2916 2517 3230 2573 earumdem
3275 2517 3343 2570 ad
3389 2517 3493 2572 hoc

1896 2611 2181 2668 consilium
2221 2612 2424 2667 obnixe
2453 2611 2618 2681 peciit
2656 2619 2707 2665 et
2738 2608 3077 2680 suffragium.
3124 2608 3220 2664 liis
3267 2615 3394 2662 tunc
3439 2608 3493 2661 id

1896 2703 2350 2767 collaudantibus,
2397 2702 2610 2771 pimque
2639 2701 2893 2770 peticioni
2950 2699 3353 2771 aspirantibus,
3382 2708 3492 2752 sta-

1898 2793 1999 2847 tuit
2023 2791 2171 2864 (236)
2201 2807 2297 2847 rex
2326 2792 2606 2847 abbaciam
2636 2792 2687 2844 in
2729 2791 3210 2862 Magadahurgensi
3243 2789 3487 2853 civitate,

1898 2884 2164 2954 incipiens
2191 2885 2492 2940 aecclesiam
2526 2883 2721 2937 mirum
2759 2883 2812 2936 in
2861 2883 3078 2938 modum
3113 2883 3166 2937 in
3195 2881 3314 2938 loco
3336 2921 3352 2947 ,
3397 2882 3497 2938 ubi-

199 2966 290 3019 tis.
352 2965 465 3022 Hoc
517 2985 612 3024 rex
657 2979 716 3025 ut
759 2975 1044 3044 comperit,
1085 2975 1394 3030 Conradum
1446 2977 1650 3032 ducem‘
1671 2993 1792 3032 cum
1823 3012 1869 3074 Ο
1899 2985 2086 3032 sancta
2113 2975 2406 3047 requiescit
2432 2974 2616 3031 [Edith
2648 2959 2807 3040 "',et
2828 2973 2982 3044 juxta
3012 2990 3172 3046 quant
3203 2983 3330 3045 post
3362 2973 3500 3029 obi-'

199 3058 316 3111 suis
342 3073 482 3126 pone
523 3062 707 3128 misit,
752 3065 841 3132 qui
874 3067 1117 3134 captivos
1163 3083 1288 3122 cum
1319 3067 1468 3122 omni
1522 3069 1686 3137 preda
1727 3085 1793 3124 ex

199 3147 311 3215 lupi
354 3151 589 3218 raptoris
634 3151 884 3210 faucibus
927 3156 1148 3224 eripuit,
1201 3157 1537 3229 victoriaque
1587 3159 1655 3190 ¹⁷⁸
1704 3174 1798 3224 po-

203 3239 336 3293 titus
375 3250 558 3295 castra
606 3245 793 3299 revisit
838 3246 1009 3318 (251).
1069 3247 1294 3303 Postera
1339 3250 1464 3315 die,
1513 3251 1564 3304 id
1612 3260 1698 3306 est
1741 3250 1794 3304 in

199 3327 500 3386 festivitate
528 3332 728 3398 Christi
759 3338 1013 3408 martyris
1059 3337 1333 3395 Laurentii
1366 3340 1524 3410 (Aug.
1555 3340 1666 3408 10),
1699 3355 1795 3394 rex

199 3418 376 3473 solum
432 3436 492 3474 se
539 3437 636 3492 pre
695 3426 904 3480 caeteris
967 3427 1288 3497 culpabilem
1351 3430 1462 3484 Deo
1520 3431 1796 3499 professus

197 3518 368 3579 atque
397 3521 720 3580 prostratus,
751 3516 852 3572 hoc
881 3518 1009 3573 fecit
1035 3519 1278 3574 lacrimis
1303 3530 1484 3576 votum
1517 3519 1753 3590 profusis
1777 3537 1791 3572 :

195 3599 243 3652 si
297 3598 556 3657 Christus
609 3604 923 3674 dignaretur
951 3608 1054 3663 sibi
1106 3625 1171 3665 eo
1213 3609 1303 3664 die
1355 3610 1489 3664 tanti
1529 3611 1795 3664 interces-

194 3691 359 3746 sione
409 3696 656 3762 preconis
706 3699 835 3754 dare
864 3701 1145 3756 victoriam
1175 3711 1231 3758 et
1265 3703 1451 3770 vitam,
1491 3711 1550 3756 ut
1580 3703 1631 3756 in
1664 3701 1796 3756 civi-

192 3789 313 3835 tate
347 3781 778 3858 Merseburgensi
811 3792 1182 3863 episcopatum
1232 3794 1285 3848 in
1335 3794 1539 3848 honore
1570 3791 1796 3847 victoris

190 3871 410 3941 ignium
445 3884 758 3935 construere
813 3882 1138 3953 domumque
1186 3886 1381 3942 suimet
1429 3885 1496 3918 ‘7“
1546 3900 1793 3956 magnam

191 3965 420 4020 noviter
450 3967 716 4040 inceptam
751 3974 854 4030 sibi
883 3976 950 4030 ad
993 3976 1294 4031 aecclesiam
1328 3977 1484 4033 vellet
1515 3979 1790 4034 edificare.

191 4055 310 4112 Nec
340 4074 519 4126 mora,
566 4073 780 4120 erectus
809 4080 839 4119 a
887 4075 1054 4132 terra,
1101 4077 1225 4136 post
1264 4069 1444 4125 missae
1472 4070 1792 4128 celebratio-

189 4165 325 4204 nem
356 4165 674 4224 sacramque
695 4158 1132 4213 commuttionem
1155 4162 1222 4215 ab
1245 4163 1462 4233 egregio
1489 4175 1791 4232 porrectam

188 4241 481 4299 Othelrico
527 4247 835 4305 confessore
881 4264 1001 4316 suo,
1044 4253 1273 4321 sumpsit.
1307 4269 1398 4306 rex
1448 4255 1516 4285 ¹⁷⁰
1562 4254 1790 4325 clipeum

1903 3079 2013 3124 tum
2088 3069 2287 3123 suimet
2326 3069 2392 3100 ¹⁸¹
2423 3081 2653 3136 pausare
2728 3067 3138 3122 desideraverat
3204 3067 3336 3137 ipse.
3415 3065 3496 3121 lbi

1899 3159 2059 3212 etiam
2086 3158 2456 3228 episcopatum
2486 3157 2666 3211 facere
2688 3171 2936 3222 conatus,
2964 3156 3104 3226 apud
3133 3155 3491 3220 Bernardum,

1898 3261 2102 3304 sancta:
2154 3249 2610 3305 llalverstidensis
2663 3250 2922 3305 accclesia:
2977 3250 3274 3304 antistitem
3322 3251 3494 3319 septi.

1898 3358 2044 3397 mum
2080 3341 2169 3407 ³⁸⁸,
2225 3341 2278 3396 in
2327 3340 2480 3410 cujus
2521 3342 2724 3398 diocesi
2769 3343 2898 3398 urbs
2942 3341 3152 3413 prefata
3202 3342 3350 3412 jacet
3399 3342 3490 3406 ³⁸³,

1897 3433 2158 3503 quamdiu
2205 3433 2363 3500 vixit,
2395 3434 2689 3503 impetrare
2733 3449 2839 3488 non
2871 3436 3068 3504 potuit.
3113 3433 3383 3502 Quicquid
3438 3435 3494 3488 in

1898 3524 2099 3593 prediis
2121 3522 2204 3577 vel
2229 3523 2388 3578 rebus
2420 3524 2471 3576 in
2500 3523 2618 3578 aliis
2647 3522 2912 3592 permisso
2942 3523 3013 3556 ¹¹¹¹⁵
3038 3523 3315 3584 contraxit
3338 3523 3492 3593 (257)

1899 3616 1953 3668 in
2013 3624 2255 3684 tempore
2303 3613 2472 3684 (238),
2523 3622 2697 3669 totum
2755 3615 2858 3670 hoc
2903 3615 3014 3669 Deo
3062 3615 3328 3684 militique
3374 3615 3493 3684 ejus

1899 3705 2157 3760 Mauricio
2185 3704 2456 3760 concessit
2483 3703 2693 3759 heredi.

1967 3793 2022 3849 6.
2063 3795 2198 3849 Dum
2263 3795 2378 3849 haec
2432 3803 2706 3865 aguntur,
2752 3808 2818 3848 ex
2883 3803 3039 3864 parte
3090 3792 3411 3848 Sclavorutn
3461 3797 3492 3829 '*

1897 3888 2096 3944 bellum
2173 3888 2374 3959 ittgruit
2455 3888 2788 3952 horridum,
2871 3889 3105 3959 hortatu.
3173 3887 3491 3957 Wigmanni

1898 3979 2120 4035 comitis
2167 3988 2222 4034 et
2292 3978 2553 4034 Ekberhti
2583 4020 2600 4045 ,
2649 3979 2846 4034 ducatu
2897 3989 3077 4034 autem
3125 3978 3392 4035 Nacconis
3437 3990 3495 4035 et

1898 4069 2214 4140 Stoinnegui
2266 4069 2450 4125 fratris
2493 4069 2631 4138 ejus.
2683 4070 2831 4136 Quos
2861 4069 3226 4138 llerimannus
3260 4069 3368 4123 dux
3397 4085 3487 4125 su-

1900 4175 2089 4231 perare
2119 4158 2361 4214 dillitlens
2388 4200 2402 4225 ,
2453 4161 2595 4228 regis
2641 4159 2834 4229 petivit
2872 4159 3134 4215 auxilium
3167 4160 3338 4229 (259).
3389 4160 3491 4216 llic

1900 4263 1957 4307 ιιι
2012 4263 2133 4308 erat
2184 4252 2412 4323 inpiger,
2465 4253 2665 4307 milicia
2713 4251 2838 4307 forti
2896 4251 3238 4322 aquilouares
3288 4253 3493 4312 invadit

1513 4387 1748 4442 VARUE
1789 4383 2194 4441 LECTIONES.

271 4490 345 4529 ι⁷⁰
375 4490 502 4544 add.
519 4493 542 4545 i
563 4493 613 4545 b.

196 4569 400 4630 tnrqtte
448 4563 539 4615 1ο.
621 4564 687 4594 ⁸⁷⁸
733 4565 834 4620 sibi
899 4567 987 4620 lc.

194 4631 328 4682 add.
365 4631 455 4684 ib.
538 4633 602 4664 ¹⁸¹
637 4635 760 4690 add.
793 4637 891 4690 Η).

193 4699 397 4756 Chron.
433 4701 598 4758 Saxo.
649 4721 699 4760 a.
745 4706 871 4762 955.

1070 4568 1134 4600 ⁸⁷⁷
1175 4586 1208 4622 υ
1239 4585 1471 4622 erasum.

976 4636 1043 4668 ¹⁸²
1072 4655 1100 4691 a
1131 4655 1342 4694 erasum
1386 4641 1436 4694 1.

694 4495 1103 4569 "‘hLudolfusl
1126 4515 1173 4551 c.
1253 4499 1321 4530 ¹⁷¹
1336 4498 1709 4568 LegeCunone
1783 4500 1850 4532 ¹⁷³
1881 4497 2251 4569 εροεροηόῆιίὶ
2276 4516 2329 4550 ιι.
2408 4498 2475 4529 ¹⁷⁶
2497 4497 2548 4552 id
2577 4499 2863 4569 estungnri
2897 4497 3023 4569 add.
3052 4501 3171 4569 ic._
3222 4497 3289 4534 ³⁷⁸
3311 4496 3494 4569 horta-

1553 4569 1619 4601 ¹⁷⁸
1650 4585 1757 4638 qtte
1795 4569 1920 4622 add.
1985 4571 2004 4621 -l
2029 4569 2076 4620 b.

1518 4640 1588 4672 ⁸⁸³
1635 4638 1808 4708 jacuit
1862 4641 1943 4693 lc.
2026 4637 2067 4668 “

2160 4567 2226 4597 ¹⁷⁹
2257 4582 2514 4636 generum
2568 4569 2648 4622 sui
2701 4562 2828 4620 add.
2864 4568 2960 4621 ιιι.
3042 4568 3113 4600 ⁸⁸⁸
3153 4563 3206 4618 In
3248 4597 3320 4605 -—
3359 4567 3494 4620 οὓίίῐ

2026 4636 2094 4668 ³⁸⁸
2145 4652 2405 4693 concesso
2455 4637 2510 4692 2.
2573 4639 2676 4694 sibi
2729 4637 2976 4692 concessi
3009 4639 3073 4690 Α.
3107 4638 3164 4691 S.
3220 4637 3495 4710 promisso

1702 4802 1934 4860 NOTAE.

272 4911 422 4980 (222)
460 4913 618 4979 una,
652 4929 697 4970 c.
729 4917 797 4971 st
825 4925 882 4969 et
911 4912 997 4966 56.

272 4983 418 5058 (gas)
457 4985 609 5058 gnat,
646 5000 694 5038 c.
725 4987 793 5042 36
821 4987 917 5040 fin.

274 5051 418 5119 (2'24)
457 5055 612 5117 lbid.,
641 5069 686 5108 c.
713 5058 799 5112 57.

277 5123 414 5192 (225)
454 5126 603 5189 lbid.,
625 5140 670 5179 c.
695 5127 778 5182 to.

277 5191 415 5260 (226)
455 5195 607 5258 lbid.,
639 5211 684 5248 c.
711 5199 797 5251 41.

273 5261 409 5300 (997)
450 5265 554 5300 ΙΙιίιΙ
624 5280 651 5300 n
697 5269 758 5300 ιτ

1975 4916 2124 4984 (251)
2163 4915 2320 4978 una.
2347 4931 2394 4970 (ε.
2421 4915 2538 4972 44..

1974 4977 2123 5056 (252)
2162 4977 2542 5056 Ibid.,icollata
2573 4982 2694 5056 _Vita
2729 4981 2794 5056 Sa:
2820 4979 3056 5037 Udalrici
3079 4994 3129 5035 c.
3157 4977 3246 5032 l2.

1972 5053 2121 5124 (2'55)
2162 5055 2474 5111 Widukind.
2503 5055 2537 5108 Ι.
2574 5054 2610 5116 Ι,
2642 5069 2672 5107 c
2727 5053 2817 5104 47.

2156 5126 2314 5200 l_bid.,
2337 5144 2387 5200 e.
2559 5193 2571 5200 _
2729 5190 2795 5200 Μ

1970 5190 2117 5270 (255)
2154 5197 2296 5270 ᾼιιη.
2327 5193 2611 5270 Quedlinb.

1971 5257 2120 5300 ἰωκίῄ
2161 5265 2178 5300 Ι
2249 5284 2278 5300 η
2338 5257 2625 5300 ⁷ξιιιὶίἵῖινισιυῖι
2701 5258 2826 5300 Ηενι·
2877 5259 3095 5300 etltlmlin
3155 5257 3396 5300 fundata
3435 5274 3517 5300 ρει
