4042 5300
501 304 641 359 1207

1412 305 1714 362 ΤΗΙῐ-ΣΤΜΑ
1725 304 1791 360 lli
1831 303 2453 362 MEBSEBUBGENSIS
2490 305 2798 363 EPISCOPI

3649 307 3782 362 12118

501 414 751 486 regiones
776 413 930 485 (240)
959 412 1157 472 malum
1185 415 1491 487 sepissime,
1521 427 1580 472 ut
1608 417 1875 486 scriptura
1902 417 2075 477 docet.
2110 424 2157 481 Α
2182 414 2265 470 sic
2305 429 2402 483 per
2443 414 2751 485 Popponetu
2793 424 3055 472 renovata
3102 424 3187 470 est
3230 415 3627 485 presbiterum.
3676 417 3779 469 Ar-

502 506 803 578 pandetttes
831 505 969 577 (lar.
1021 522 1080 571 t,
1133 505 1257 576 l4);
1301 507 1484 577 ibique
1527 506 1879 579 Stoingneum
1905 545 1923 575 ,
1970 507 2097 564 luco

503 597 903 661 absconditum,
940 596 1377 669 fugientibusque
1417 598 1581 655 sociis
1625 609 1866 670 captum,
1911 598 2093 654 decol-

506 688 609 743 lari
635 688 891 759 praecepit
918 687 1090 761 (2H),
1124 689 1432 746 confratres
1457 699 1639 747 autem
1688 691 1824 745 tanti
1869 691 2091 746 sceleris

503 790 778 847 auctores,
804 779 1192 851 Wigmannum
1220 823 1235 846 ,
1278 791 1584 838 matertera:
1619 783 1763 852 regis
1813 782 1983 837 filium
2025 783 2092 815 ⁸⁸³

509 870 678 942 1242),
725 878 784 926 et
836 871 1128 928 Ekbertum
1175 872 1380 945 fugavit
1415 873 1586 943 (245).
1618 872 1899 929 Liudulfus
1940 890 2090 940 tero,

503 963 647 1032 regis
677 962 852 1031 filius,
899 963 1164 1019 malorum
1192 966 1517 1035 depravatus
1573 966 1825 1032 consilio,
1877 982 2091 1023 rursum

505 1051 759 1118 resistit,
807 1053 1340 1122 patriaquecedeus
1370 1097 1384 1119 ,
1435 1055 1642 1111 Italiam
1688 1056 1929 1126 perrexit
1978 1057 2091 1128 (an.

506 1139 657 1212 956),
683 1140 866 1212 ibique
897 1158 1020 1198 cum
1054 1160 1219 1198 unum
1251 1144 1423 1201 ferme
1453 1162 1655 1200 annum
1679 1155 1848 1213 esset,
1882 1148 1937 1203 8.
1972 1148 2099 1203 ldus

507 1235 865 1305 Septembris,
907 1253 1007 1309 pro
1037 1238 1221 1294 dolor!
1248 1239 1385 1296 obiit
1414 1239 1581 1311 (244).
1623 1239 1792 1310 Hujus
1836 1256 2032 1312 corpus
2063 1258 2093 1295 a

505 1327 671 1382 sociis
697 1328 940 1398 ejusdem
971 1327 1298 1399 Magontiam
1339 1330 1575 1386 delatum
1606 1333 1716 1400 (an.
1748 1331 1896 1403 9.37),
1942 1332 2096 1404 lugu-

503 1419 678 1476 briter
703 1432 787 1477 ost
816 1422 871 1476 in
905 1422 1135 1479 ecclesia
1175 1423 1378 1483 Cbrisri
1410 1426 1663 1495 martyris
1699 1425 1892 1480 Albani
1923 1428 2100 1496 sepul-

508 1522 623 1568 tum
655 1512 826 1585 (245).
857 1513 934 1569 De
979 1524 1087 1569 lam
1132 1515 1425 1571 miserabili
1454 1515 1600 1572 fama
1632 1532 1724 1573 rex
1773 1518 1827 1572 in
1877 1520 2098 1589 expedi-

508 1604 686 1668 cione,
728 1618 836 1672 qua
879 1603 981 1657 fuit
1031 1604 1294 1663 adversus
1342 1605 1622 1670 Rodat-ius,
1673 1623 1835 1677 supra
1880 1610 2097 1664 modum

507 1694 782 1761 turbatus,
838 1694 1048 1764 planxit
1115 1696 1281 1751 lilium
1332 1697 1481 1768 (246)
1529 1708 1585 1752 ut
1631 1699 1789 1754 Davit
1835 1698 2096 1755 Absafon.

2193 507 2388 575 guebat
2419 507 2563 561 enim
2593 508 2733 561 idem
2767 515 2823 562 et
2868 522 3050 576 regem
3081 515 3137 561 et
3166 508 3443 577 populum,
3480 516 3788 564 antecesso-

2196 610 2315 650 rum
2345 596 2559 653 cultura
2598 614 2818 654 suorum
2855 598 3162 654 deviantem
3214 598 3302 658 επ.
3353 599 3463 653 diis
3506 615 3578 654 ac
3612 599 3789 654 demo-

2194 690 2352 743 nibus
2382 701 2686 758 vacantem,
2718 708 2884 747 unum
2920 690 3196 745 allirmaus
3233 691 3287 745 in
3326 692 3505 747 tribus
3548 694 3793 761 personis

2197 780 2386 835 Deum.
2417 780 2786 852 interrogatus
2812 790 2995 836 autem
3020 796 3049 834 a
3082 795 3229 851 rege,
3256 780 3300 835 si
3330 780 3506 851 ignito
3532 781 3791 835 voluisset

2196 871 2339 926 dicta
2384 871 2531 927 ferro
2578 873 2958 942 comprobare,
2996 882 3245 943 paratum
3290 889 3352 929 se
3400 874 3468 927 ad
3525 874 3636 928 hoc
3681 887 3797 928 esse

2196 964 2353 1020 hilari
2390 965 2668 1034 respondit
2695 966 2899 1031 animo,
2946 967 3297 1036 crastinaqu
3328 967 3419 1021 die
3454 966 3674 1021 ferrum
3714 967 3795 1019 in-

2195 1057 2372 1126 gentis
2426 1057 2494 1094 ¹⁹⁸
2541 1056 2797 1127 ponderis
2868 1058 3208 1115 benedictum
3258 1060 3324 1114 ad
3373 1060 3560 1115 locum
3608 1074 3641 1112 a
3682 1073 3801 1127 rege

2197 1146 2613 1202 deter-minatum
2640 1149 2900 1216 portavit,
2947 1164 3275 1218 manumque
3326 1163 3587 1205 securam
3623 1150 3798 1217 inper-

2200 1236 2422 1292 territus
2455 1238 2706 1294 elevavit.
2737 1238 2856 1306 Quo
2889 1254 2986 1295 rex
3019 1240 3283 1296 miraculo
3316 1240 3479 1295 laetus
3506 1240 3801 1295 admodum

2199 1328 2422 1385 elIectus
2448 1345 2571 1385 cum
2609 1331 2725 1387 suis
2751 1332 3003 1387 erunibus
3030 1331 3234 1388 Christi
3258 1331 3392 1402 jugo
3418 1330 3681 1400 protinus
3706 1329 3801 1383 hu-

2199 1420 2403 1476 militer
2428 1436 2491 1477 se
2518 1421 2775 1489 subdidit,
2803 1423 2860 1479 in
2905 1422 3178 1494 finemque
3207 1423 3453 1479 fidelium
3483 1438 3646 1478 more
3682 1437 3803 1491 pre-

2201 1514 2377 1583 ceptis
2402 1513 2795 1585 obtemperavit
2841 1515 3040 1571 divinis
3080 1515 3254 1586 (255).
3286 1515 3598 1586 imperator
3626 1523 3803 1568 autem

2204 1605 2306 1658 hoc
2335 1612 2395 1659 ut
2423 1604 2659 1670 audivit,
2691 1614 2940 1661 vocatum
2986 1605 3056 1660 ad
3095 1620 3155 1661 se
3203 1604 3577 1660 venerabilem
3631 1603 3801 1657 virum

2201 1693 2548 1765 Poppouem,
2597 1695 2642 1751 si
2689 1693 2834 1766 pugil
2881 1694 3083 1750 Christi
3131 1703 3314 1760 esset,
3359 1694 3710 1764 interrogat,
3752 1700 3806 1747 et

508 1786 847 1842 Tlticlhel‘do
914 1788 1465 1850 ttiiittcsitiemtttetisi
1536 1794 1781 1849 antistite
1834 1803 2094 1857 mortuo.
2131 1793 2175 1852 Β
2202 1785 2528 1841 sacerdotali
2557 1785 2760 1841 honore
2783 1784 3057 1841 sublimat-

508 1879 753 1935 Adviuns
787 1881 1303 1954 Magadaburgensis
1338 1884 1600 1941 recclesia:
1642 1886 1809 1941 abbas
1835 1887 2098 1942 suceessit

511 1969 581 2001 ιιι
610 1969 782 2041 (247).
1502 1996 1503 1999 ~
1702 2024 1707 2029 .
1962 1966 1969 1971 ’

583 2063 638 2117 7.
677 2063 809 2120 Post
849 2064 966 2119 inec
993 2064 1197 2121 sedatis
1234 2066 1500 2121 bellorum
1538 2068 1954 2138 assperitatibus
1983 2070 2099 2139 (tm.

512 2154 659 2226 961),
686 2154 917 2221 Romam
944 2155 1140 2212 iterum
1172 2172 1403 2230 pergere
1451 2160 1734 2226 simulans,
1784 2160 2099 2232 Langobar-

513 2245 658 2299 diam
689 2260 852 2299 manu
872 2246 1054 2313 valida
1084 2245 1332 2312 intravit,
1384 2247 1882 2320 Berengariuntque
1925 2252 2105 2321 pretii-

514 2344 666 2391 ctum
716 2337 770 2391 in
816 2348 998 2394 monte
1055 2338 1228 2394 sancti
1281 2339 1481 2395 Leonis
1530 2341 1596 2373 ³⁸⁷
1641 2342 1776 2397 duos
1824 2343 2106 2411 possidens

464 2472 467 2475 .
514 2444 711 2490 annos,
735 2443 860 2483 cum
888 2444 1058 2493 uxore
1082 2428 1280 2485 Willau
1307 2440 1362 2486 ct
1391 2430 1517 2486 filiis
1540 2446 1606 2487 ac
1633 2431 1843 2487 filiabus
1869 2433 1937 2488 a.l
1978 2431 2106 2489 uiti-

515 2532 665 2570 atum
695 2517 841 2589 cepit
869 2517 1085 2583 callide,
1134 2519 1408 2590 exilioque
1456 2538 1581 2576 eum
1634 2522 1687 2576 in
1739 2522 2106 2593 llavauberge,

515 2606 605 2662 ubi
648 2619 768 2676 post
793 2609 1045 2676 moritur,
1078 2610 1339 2683 relegavit
1371 2613 1542 2684 (248).
1579 2612 1785 2670 Dehinc
1813 2614 1963 2685 (249)
2001 2616 2110 2671 Ro-

514 2712 661 2757 mam
706 2710 921 2756 armato
969 2712 1158 2771 petens
1189 2703 1378 2764 milite.
1408 2704 1649 2775 ejusdem
1698 2706 1847 2761 cives
1892 2705 1995 2760 sibi
2044 2704 2106 2777 (ἵ.

514 2786 611 2857 20)
644 2790 903 2846 resistens
930 2792 998 2824 ""
1025 2793 1109 2848 bis
1145 2792 1275 2850 vicit
1299 2792 1476 2863 (250),
1510 2797 1810 2866 urbemque
1840 2797 2108 2867 gloriosus

516 2877 743 2933 intravit
768 2879 865 2935 96l
901 2882 1185 2939 dominica:
1221 2884 1613 2940 incarnationis
1654 2901 1795 2941 anno
1825 2886 1915 2938 “’.
1958 2885 2109 2942 lusu-

514 2983 614 3049 νοτ
656 2970 1102 3028 benediceiunem
1146 2989 1179 3028 a
1227 2975 1427 3031 donmo
1476 2976 1774 3046 apostolico
1821 2974 2103 3041 Johaune,

516 3064 672 3131 cujus
716 3066 996 3136 rogatione
1042 3066 1148 3123 huc
1184 3067 1365 3134 venit,
1400 3083 1523 3123 cum
1566 3083 1662 3123 sua
1711 3066 1939 3138 conjuge
1968 3083 2109 3122 anno

2272 1876 2326 1931 9.
2367 1875 2431 1946 (f.
2463 1878 2556 1948 21)
2575 1878 2740 1942 Gcro,
2763 1876 3124 1934 Orientalium
3150 1876 3414 1939 marcliio,
3439 1873 3629 1929 Lusizi
3656 1871 3805 1942 (256)

2201 1975 2258 2021 et
2287 1966 2494 2036 Selpuli
2530 1966 2704 2038 (257),
2729 1967 3057 2024 Miseconern
3084 1983 3301 2038 quoque
3346 1983 3472 2023 cum
3521 1966 3631 2021 sibi
3681 1965 3806 2018 solio

2200 2058 2365 2127 jectis
2424 2059 2692 2132 imperiali
2739 2060 2978 2116 subdidit
3024 2061 3224 2115 dicioni
3274 2062 3387 2129 (an.
3440 2057 3595 2123 965;.
3652 2056 3807 2110 ﬂeri-

2203 2165 2436 2206 mannus
2458 2152 2564 2206 dux
2591 2150 2895 2208 Seliburem
2917 2161 2974 2207 et
2996 2150 3176 2206 Mistui
3200 2167 3327 2206 cum
3347 2150 3463 2205 suis
3486 2150 3811 2219 impemmq

2208 2240 2526 2296 tributarios
2576 2239 2704 2296 fecit
2740 2240 2915 2312 (258).
2952 2241 3292 2312 .‘Equivocus
3329 2240 3705 2309 imperatoris,
3733 2238 3811 2306 ju.

2205 2331 2346 2389 nior.
2391 2331 2633 2401 inquam,
2662 2330 2829 2396 Otto,
2885 2347 3046 2403 quem
3102 2332 3312 2403 peperit
3377 2330 3569 2385 inclita
3640 2341 3811 2384 mater

2209 2421 2547 2478 Ethelltcidis
2598 2423 2707 2488 m,
2755 2423 2809 2478 in
2858 2423 3145 2479 nativitate
3219 2421 3437 2477 Domini
3495 2423 3616 2492 (an.
3682 2418 3807 2483 967)

2211 2512 2395 2571 [lenire
2425 2512 2722 2583 imperator
2767 2510 2989 2573 eﬂcctus
3017 2523 3121 2578 est,
3154 2521 3307 2583 patre
3329 2510 3564 2582 jubentc
3595 2525 3663 2565 ac
3690 2518 3813 2564 tunc

2212 2605 2265 2657 in
2308 2601 2606 2672 Campania
2661 2602 2898 2672 u"juxta
2945 2603 3184 2674 Capuam
3215 2611 3596 2659 commorante
3642 2600 3807 2671 (259).

2209 2695 2314 2762 Qui
2346 2694 2457 2750 lilio
2500 2696 2701 2751 suimet
2730 2709 2955 2751 uxorem
2981 2697 3049 2750 ab
3090 2693 3159 2726 ¹⁹¹⁵
3189 2695 3521 2765 imperatore
3547 2694 3807 2749 Constan-

2215 2786 2569 2858 tinopolitano
2592 2789 2922 2858 tlesponsare
2954 2785 3294 2851 desiderans,
3327 2784 3538 2839 nuntiis
3566 2781 3807 2851 ejusdem

2211 2879 2281 2935 ob
2310 2875 2471 2933 aliam
2488 2878 2555 2933 ad
2583 2893 2643 2934 se
2681 2878 2863 2934 missis
2888 2892 3132 2938 causam.
3158 2892 3287 2933 suos
3322 2876 3558 2930 ﬁdeliter
3588 2873 3803 2930 commi-

2210 2968 2282 3023 sit
2308 2969 2585 3041 principes
2609 2968 3107 3040 banclegacionem
3130 2967 3392 3024 lerentes.
3424 2966 3578 3033 Quos
3613 2966 3667 3019 in
3699 2964 3811 3034 ipso

2211 3058 2407 3116 itinere
2437 3058 2595 3117 Greci
2617 3061 2774 3117 solita
2791 3059 3084 3116 calliditate
3112 3074 3180 3113 ex
3208 3059 3486 3128 inproviso
3515 3058 3809 3118 irruentes,

518 3158 674 3226 regni
700 3154 817 3223 ejus
842 3156 911 3215 29
942 3158 1092 3230 (251)
1121 3160 1426 3230 promeruit
1457 3160 1800 3231 inperialem,
1842 3143 1911 3217 ac
1931 3172 2114 3231 patio-
2144 3158 2188 3220 (ζ
2220 3151 2357 3206 alios
2378 3152 2654 3219 occidunt,
2687 3152 2951 3221 quosdam
2980 3166 3111 3208 vero
3139 3161 3329 3221 captos
3353 3150 3585 3207 domino
3619 3149 3813 3203 suimet

521 3260 627 3303 nus
656 3244 915 3302 Romana:
960 3247 1184 3305 etiecrus
1228 3251 1508 3316 accelesiai,
1539 3251 1926 3314 Beneventum,
1952 3250 2110 3305 Cala-

520 3335 700 3391 briam
747 3344 910 3407 atque
948 3337 1200 3408 Apuliam
1237 3341 1465 3396 ducibus
1498 3357 1685 3404 eorum
1718 3340 1969 3406 devictis,
2010 3339 2114 3397 sibi

500 3428 833 3484 vendicavit
858 3429 1031 3501 (252).

597 3519 651 3573 8.
692 3518 1053 3592 Temporibus
1079 3522 1192 3578 suis
1213 3537 1436 3579 aureum
1466 3523 1644 3579 illuxit
1671 3513 1945 3587 securium;
1973 3520 2113 3591 apud

524 3625 626 3667 nos
674 3610 897 3667 inventa
941 3621 1026 3668 est
1071 3612 1307 3683 primum
1338 3628 1473 3670 vena
1509 3613 1719 3683 argenti
1752 3611 1931 3680 (255);
1961 3611 2111 3667 devi-

528 3711 650 3777 ctus
695 3711 780 3756 est
828 3717 1044 3773 quoque
1074 3679 1453 3774 'Wigmannus
1503 3679 1693 3776 (9.54)!
1722 3679 1877 3774 Apud
1938 3701 2116 3757 Danos

527 3800 790 3863 regnante
851 3802 979 3851 tunc
1046 3792 1324 3862 llaroltlo,
1381 3805 1694 3865 contempta
1743 3792 2118 3849 christianitas

2224 3250 2454 3313 angusto
2478 3244 2882 3312 presentabant.
2914 3240 3080 3296 Pauci
3111 3250 3291 3296 autem
3336 3256 3403 3296 ex
3434 3240 3526 3295 bis
3553 3239 3815 3310 eﬂ'ugicno

2225 3343 2325 3399 tes,
2355 3333 2670 3404 imperatori
2702 3348 2799 3388 suo
2838 3332 2916 3387 rei
2937 3343 3190 3395 eventum
3218 3331 3474 3402 aperiunt
3500 3329 3677 3402 (260).
3721 3330 3815 3393 llic

2222 3423 2609 3479 detrimentqu
2638 3437 2861 3495 suorum
2892 3422 3130 3492 graviter
3178 3422 3383 3487 ferens,
3428 3422 3639 3476 milites
3679 3422 3814 3493 opti-

2223 3528 2342 3570 mos
2383 3513 2703 3570 Gunterium
2746 3529 2813 3568 ac
2865 3513 2931 3545 ⁸⁸⁸
2979 3510 3294 3582 Sigifridum
3347 3511 3456 3568 tale
3507 3511 3721 3567 facinus
3748 3511 3814 3565 ad

2227 3603 2597 3659 ulciscendum
2631 3603 2686 3657 in
2730 3602 3038 3659 Calabriam
3068 3616 3300 3673 propere
3342 3601 3516 3656 misit.
3569 3601 3673 3668 Qui
3715 3601 3813 3655 Da-

2227 3711 2360 3755 naos
2408 3695 2634 3751 victoria
2685 3696 2856 3766 priori
2902 3694 3074 3751 elatos
3122 3704 3179 3750 et
3222 3694 3328 3751 sibi
3371 3695 3441 3726 η’
3466 3704 3817 3751 occurrentes

2227 3791 2561 3856 occiderunt,
2591 3790 2726 3847 alios
2771 3799 2949 3858 autem
2981 3791 3037 3846 in
3083 3791 3208 3864 fuga
3252 3791 3685 3861 comprehensos
3721 3788 3815 3845 ὡς

1810 3905 2045 3963 VARI/13
2084 3903 2491 3962 LECTIO'NES.

603 4024 673 4055 ⁸⁸³
702 4037 778 4077 m.
811 4040 857 4078 r.
892 4023 933 4079 f.
963 4024 1088 4079 add.
1123 4025 1219 4079 ib.
1298 4022 1368 4057 '“
1390 4023 1721 4079 Tliictlierdo
1750 4053 1816 4064 -—
1845 4022 2111 4078 successit
2157 4021 2285 4076 add.
2342 4022 2420 4074 ib.
2502 4022 2568 4054 ’⁸⁷
2601 4023 2650 4076 in
2694 4039 2744 4077 m
2777 4039 2821 4078 s.
2847 4022 2907 4077 L.
2941 4033 2989 4077 et
3024 4035 3202 4089 postea
3229 4022 3454 4087 Willan,
3489 4040 3556 4078 ac
3580 4022 3808 4084 filiabus,

534 4094 751 4157 callide,
776 4110 899 4150 cum
951 4096 1004 4149 in
1058 4095 1299 4151 Bauanb.
1332 4101 1459 4147 add.
1512 4096 1594 4148 lb.
1677 4094 1745 4126 ⁸⁸⁸
1777 4094 2039 4149 resistens
2083 4094 2134 4146 1.

536 4165 663 4217 add.
726 4166 810 4220 ib.
892 4166 958 4197 ¹⁶⁰
1013 4166 1086 4218 ita
1140 4167 1230 4220 lc.
1290 4166 1644 4229 deinuantem
1700 4166 1787 4219 1α.

535 4235 746 4303 «opius.
822 4235 890 4268 ’⁸⁸
929 4237 1054 4297 add.
1107 4237 1191 4307 ib.

2178 4128 2179 4131 η
2217 4092 2282 4125 ’θ’
2319 4092 2694 4147 “CCCCXle
2747 4095 2802 4147 (Ι.
2839 4094 2874 4147 i.
2906 4110 2959 4147 a.
2991 4104 3038 4147 et
3072 4094 3231 4158 paulo
3260 4106 3376 4162 post
3407 4093 3571 4159 cujus
3601 4110 3648 4146 r.
3680 4093 3730 4146 li.
3766 4109 3812 4142 v.

1870 4163 1933 4195 ¹⁹¹
1978 4163 2182 4234 ingenti
2216 4164 2268 4216 l.
2347 4164 2415 4194 ¹⁹²
2447 4164 2788 4220 atllicllicidis
2821 4165 2917 4219 lc.
2994 4163 3063 4196 m
3091 4168 3320 4233 cap-auia
3348 4166 3401 4219 1.
3485 4165 3557 4197 ηδ
3607 4164 3678 4218 ad
3724 4165 3817 4216 in.

2074 4392 2304 4449 NOTAE.

608 4528 758 4597 (ξω)
794 4527 952 4595 lbid.,
982 4544 1031 4584 ο.
1058 4528 1127 4583 55
1155 4529 1251 4583 init

609 4599 761 4668 (ΞΗ)
801 4599 956 4668 Iliid.,
985 4614 1035 4653 c.
1063 4598 1134 4668 '55
1156 4599 1274 4652 init.

607 4666 758 4742 (262)
797 4667 1050 4742 Cl'LAntt.
1082 4666 1273 4742 Quedl.
1301 4668 1515 4742 εις-955,
1539 4670 1631 4742 qui
1663 4671 1738 4742 ita
1770 4669 1835 4724 de
1864 4669 2120 4742 Ekberto.

538 4737 765 4797 Deliae
818 4737 1079 4795 aliinitate
1126 4738 1273 4795 conf.
1330 4738 1630 4796 Wedekind
1695 4740 1866 4796 Neten
1937 4750 1975 4794 t.
2029 4740 2073 4794 ll
2106 4781 2125 4807 ,

536 4827 592 4880 ιι.
627 4811 715 4865 67.

611 4880 761 4920 mm
801 4880 931 4920 "tiri,
993 4896 1023 4920 ρ
1078 4880 1148 4920 εἵς
1197 4881 1268 4920 lin

2150 4531 2203 4590 Ι)
2300 4528 2447 4597 (251)
2490 4526 2791 4597 Coronatus
2814 4532 2920 4587 est,
2954 4524 3137 4578 Roma:
3163 4540 3213 4576 a.
3246 4522 3371 4586 962,
3406 4522 3569 4577 Febr.
3595 4524 3650 4585 2,
3683 4538 3820 4576 anno

2233 4596 2808 4738 [cigiiifrivititikiiid.
2837 4665 2873 4718 l.
2903 4664 2939 4727 ι,
2977 4680 3028 4720 c.
3063 4664 3155 4720 65.

2304 4737 2455 4806 (255;
2494 4737 2626 4792 ibizl.

2306 4809 2457 4878 (est)
2497 4807 2742 4878 lbid.,__c_.
2772 4805 2865 4878 et.

2306 4872 2455 4920 [τιὶᾶἕὶ
2495 4878 2569 4920 Fr
2607 4874 2919 4920 Widitkind-
2953 4874 3035 4920 ΙΙΙ-
3064 4873 3152 4920 65-
3202 4873 3361 4920 Cnnf.
3394 4872 3577 4920 Vitam
3618 4874 3813 4920 “nmo-
