4042 5300
242 380 382 435 1269

1464 361 1873 421 (ηιιιυᾱιεοῖς.
1905 392 1972 402 ρ-
2010 361 2135 415 LIB.
2177 359 2237 413 ll.

3371 356 3507 413 1210

240 502 494 550 truncant
523 492 766 554 naribus,
799 491 1060 546 tributum
1107 503 1136 541 a
1167 487 1354 543 Grecis
1384 487 1438 541 in
1480 485 1729 541 Calabria
1762 494 1820 540 et
1852 491 1898 547 Α
1929 491 2175 550 repetens
2220 494 2339 540 sua,
2369 493 2490 531 cunt
2536 491 2669 546 pace
2713 477 2878 542 bona,
2921 475 3139 531 ﬂentem
3193 485 3302 529 tam
3357 473 3503 531 felici

239 585 431 655 Apulia
478 593 884 650 extorquentes,
931 578 1225 649 spoliisque
1268 576 1420 631 ditati
1455 592 1579 632 cum
1629 575 1824 646 medio

239 675 556 729 remeabant
604 673 772 745 (261).
813 668 1396 738 Constantinopolitani
1430 676 1608 722 autem
1635 664 1825 722 funere

237 776 542 821 suorumet
590 767 651 829 (Γ.
683 765 772 834 21)
805 762 1120 834 captivitate
1155 761 1337 816 tristes
1382 757 1581 823 eb’ecti,
1632 759 1826 812 adver-

236 874 334 912 sus
363 859 641 912 dominum
691 872 845 911 suum
875 856 1276 924 conspiravere.
1309 853 1611 922 doluszeqne
1659 853 1828 920 impe-

237 949 458 1003 ratricis
485 947 712 1004 consilio
743 963 837 1017 per
859 947 1127 1015 quendam
1151 944 1375 998 militem
1399 943 1730 1012 perimet-unt
1759 941 1826 972 ⁸⁹⁶

237 1042 495 1105 eundem,
536 1041 653 1096 loco
687 1040 802 1106 ejus
835 1040 977 1092 hunc
1006 1038 1352 1105 designantes
1397 1036 1464 1089 ad
1502 1035 1714 1103 imperii
1744 1043 1825 1088 to-

235 1133 358 1188 cius
390 1134 725 1202 pruvisorem
759 1132 929 1202 (262).
973 1127 1076 1196 Qui
1101 1142 1222 1183 mox
1258 1126 1560 1198 magniﬁcis
1591 1126 1829 1180 muneri-

235 1230 344 1283 bus
370 1226 746 1294 comitateque
775 1222 954 1292 egreio
984 1235 1092 1274 non
1136 1219 1402 1288 virginem
1444 1216 1824 1280 desideratam,

236 1317 337 1371 sed
365 1325 582 1386 neptem
625 1329 802 1377 suam,
833 1313 1162 1381 TiieOpbauu
1196 1320 1464 1371 vocatam,
1516 1309 1827 1380 imperatori

239 1418 425 1462 nostro
457 1419 607 1462 trans
635 1421 786 1461 mare
816 1406 1056 1468 mittens,
1086 1418 1213 1457 suos
1236 1402 1461 1457 absolvit
1490 1399 1659 1469 (263),
1690 1401 1829 1453 ami-

236 1502 540 1570 ciciamque
569 1508 808 1568 optatam
834 1498 1043 1552 cesaris
1068 1495 1281 1565 augusti
1309 1496 1625 1565 promeruit.
1656 1493 1830 1548 Fuere

237 1592 502 1655 nonnulli,
547 1592 640 1659 qui
673 1591 810 1645 hanc
856 1587 975 1644 ﬁeri
1021 1587 1432 1658 conjuncionem
1480 1587 1620 1657 apud
1655 1586 1828 1654 impe-

238 1696 476 1739 ratorem
530 1684 774 1752 inpedire
838 1683 1168 1748 studerent,
1224 1681 1560 1750 eandemque
1624 1679 1827 1733 remitti

237 1776 605 1830 consulerent.
655 1776 800 1844 Quos
848 1774 990 1830 idem
1041 1791 1149 1830 non
1197 1775 1424 1840 audivit,
1471 1775 1565 1829 sed
1601 1775 1829 1828 eandem

1925 573 2073 627 obitu
2105 570 2413 624 consolatus
2442 570 2731 624 seniorem.

2002 661 2086 717 11.
2128 661 2440 716 Preciosnm
2486 675 2699 730 quoque
2748 674 2989 712 marmor
3017 673 3137 711 cum
3183 672 3316 712 auro
3358 673 3510 728 gen:-

1925 756 2137 825 misq'ee
2158 769 2313 809 cesar
2340 753 2583 823 precepit
2608 753 2674 806 ad
2704 751 3062 822 Magadaburg
3087 752 3157 782 ¹⁰⁰
3187 750 3402 804 adduci.
3453 748 3508 802 In

1927 845 2286 913 omnibusque
2336 844 2404 874 ¹⁰¹
2453 842 2824 899 columnarum
2874 841 3141 911 capitibus
3199 850 3510 894 sanctorum

1927 935 2182 1005 reliquias
2211 934 2496 1004 diligenter
2523 933 2721 987 includi
2747 930 2930 1000 jussit.
2977 932 3187 1000 Corpus
3209 930 3412 1000 egregii
3439 931 3510 960 ¹⁰¹

1929 1026 2144 1083 comitis
2174 1023 2432 1080 Christini
2465 1023 2612 1093 (268)
2645 1023 2984 1092 aliorumque
3020 1021 3173 1090 juxta
3201 1035 3364 1089 supra
3395 1033 3510 1072 me-

1927 1127 2194 1174 moratam
2219 1114 2400 1186 posuit
2443 1114 2756 1179 ecclesiam,
2791 1115 2842 1168 in
2874 1130 2978 1183 qua
3011 1112 3111 1167 sibi
3156 1111 3510 1180 sepulturam,

1929 1209 2187 1280 quamdiu
2233 1207 2388 1272 vixit,
2438 1207 2718 1276 preptrari
2761 1206 3089 1276 concupivit.
3142 1205 3295 1258 Anno
3335 1203 3514 1258 domi-

1929 1299 2067 1354 nita:
2110 1296 2502 1352 incarnationis
2525 1296 2650 1359 96l,
2683 1297 2830 1366 regni
2877 1309 3058 1351 autent
3102 1294 3216 1363 ejus
3255 1295 3514 1349 vicesimo

1931 1389 2142 1460 quinto,
2194 1388 2539 1457 presentibns
2586 1388 2798 1442 cunctis
2840 1387 3213 1456 optimatibus,
3245 1387 3299 1440 in
3332 1386 3515 1456 vigilia

1931 1479 2235 1532 nativitatis
2276 1478 2490 1531 Domini
2525 1476 2673 1548 (269)
2719 1493 2916 1547 corpus
2961 1477 3131 1531 sancti
3175 1476 3418 1531 Mauricii
3459 1485 3515 1531 et

1931 1573 2270 1642 quorundam
2299 1572 2567 1626 sneiormn
2599 1571 2716 1640 ejus
2745 1587 2866 1623 cunt
2899 1569 3018 1622 aliis
3049 1579 3358 1623 sanctorum
3388 1584 3514 1639 por-

1933 1663 2177 1718 cionibus
2204 1663 2500 1716 liatisbone
2539 1663 2641 1716 sibi
2685 1662 2756 1692 ⁸⁰³
2789 1661 3009 1714 allattnn
3055 1670 3156 1714 est.
3209 1660 3361 1727 Quod
3403 1678 3517 1714 ma-

1934 1759 2102 1820 xitno,
2145 1765 2202 1808 ut
2247 1755 2448 1817 decuit,
2491 1755 2696 1808 honore
2737 1751 3174 1822 Partltetmptﬂim
3229 1753 3516 1806 transmis-

235 1868 387 1922 dedit
423 1877 552 1923 tunc
594 1839 704 1922 ﬁlio
739 1869 937 1922 suimet
983 1867 1035 1920 itt
1086 1883 1310 1922 uxorem
1348 1868 1460 1935 (an.
1492 1865 1642 1935 972),
1685 1865 1826 1918 arri-

1936 1864 2074 1909 sum,
2132 1844 2376 1898 unanimi
2436 1843 2813 1912 indigenarum
2872 1850 2925 1895 et
2978 1839 3518 1910 comprovincialium

235 1959 492 2014 deanus
559 1960 773 2014 cunctis
849 1957 1017 2012 italia:
1099 1955 1513 2029 Germaniaeque
1584 1955 1830 2028 primati-

233 2049 339 2104 bus
361 2049 533 2118 (251).

312 2143 398 2193 it).
443 2140 605 2194 Multa
651 2152 964 2197 sanctorum
989 2158 1214 2211 corpora
1270 2142 1564 2211 imperator
1586 2140 1654 2195 ab
1677 2138 1828 2193 italia

233 2231 603 2303 Magadaburg
665 2234 729 2264 ⁸⁸⁷
783 2250 879 2303 per
929 2236 1201 2289 Dudunem
1244 2235 1583 2305 capeliantan
1631 2233 1831 2286 suimet

239 2327 537 2380 transmisit
559 2327 730 2398 (265).
763 2327 875 2382 lloc
920 2338 1098 2383 autem
1131 2329 1222 2392 "3,
1253 2328 1394 2397 quod
1444 2326 1510 2382 de
1567 2324 1681 2394 ejus
1715 2325 1826 2380 cle-

234 2417 354 2470 rico
397 2417 466 2450 M
505 2419 685 2474 audivi
718 2419 935 2473 nomine
977 2418 1250 2488 Poppone,
1287 2414 1612 2472 \‘i'illelteltni
1663 2415 1832 2471 comi-

237 2507 308 2560 tis
360 2508 510 2578 (ξω)
556 2524 816 2578 germano
865 2510 954 2573 ³³³,
1007 2511 1268 2564 tnetnoria
1311 2511 1554 2578 dignum,
1599 2524 1705 2562 non
1749 2518 1834 2562 est

239 2601 683 2662 preter-eundum.
731 2597 778 2651 ls
820 2613 940 2653 eum
991 2598 1300 2668 imperatori
1337 2598 1426 2653 diu
1463 2597 1692 2651 ﬁdeliter
1717 2613 1832 2651 ser-

240 2689 408 2754 viret,
460 2690 622 2743 nitnis
677 2690 1013 2758 inﬁrmatur,
1061 2699 1116 2744 et
1163 2690 1216 2744 in
1265 2690 1438 2745 extasi
1485 2688 1726 2753 effectus,
1775 2689 1829 2740 in

240 2787 483 2832 montem
529 2779 800 2833 excelsum
847 2780 1085 2845 ducitur,
1129 2780 1219 2834 ubi
1259 2779 1530 2833 civitatem
1579 2786 1830 2846 magnam

240 2879 299 2923 et
343 2869 564 2939 pulchra
613 2871 728 2940 ejus
758 2870 830 2902 ²⁰³
858 2871 1208 2940 conspicatur
1250 2866 1498 2923 tediitcia.
1547 2867 1676 2922 lnde
1704 2883 1829 2936 per-

241 2961 472 3015 veniens
497 2963 562 3016 ad
591 2963 778 3016 turrim
807 2964 1052 3025 arduam,
1090 2961 1390 3015 laboriosos
1412 2956 1527 3027 eius
1546 2961 1650 3012 5cm
1678 2976 1832 3012 36‘."-

242 3055 326 3108 dit
353 3067 661 3124 aggressus.
691 3054 748 3108 ln
776 3055 929 3126 cujus
957 3055 1212 3109 sumitate
1244 3069 1435 3123 magna
1467 3053 1533 3084 ⁸³³
1560 3052 1832 3107 Christum

237 3160 364 3198 cum
417 3145 620 3198 sat-etis
667 3146 918 3202 ontniLus
965 3149 1244 3200 sedentem
1293 3146 1475 3199 videre
1516 3143 1830 3214 promeruit.

239 3234 318 3288 lbi
357 3235 505 3289 Brun
542 3238 986 3308 archiepiscopus
1033 3238 1102 3269 ²⁰³
1147 3237 1487 3293 Coloniensis
1536 3236 1710 3306 (267),
1763 3238 1832 3290 ob

239 3325 466 3380 inanem
513 3327 864 3398 philosophia:
909 3329 1361 3393 executionem,a
1397 3341 1610 3381 summo
1648 3326 1835 3393 judice

240 3426 540 3470 accusatur
588 3426 643 3470 et
686 3434 715 3470 a
747 3418 906 3472 beato
939 3417 1105 3472 Paulo
1134 3417 1386 3471 defensus
1431 3417 1623 3470 iterum
1659 3415 1727 3445 ³³³
1755 3415 1836 3468 itt-

243 3507 610 3560 tlironizatur.
660 3507 718 3579 (f.
768 3507 860 3575 22)
930 3506 1081 3560 Tunc
1135 3507 1236 3560 iste
1291 3516 1516 3560 vocatus
1563 3503 1726 3558 simili
1773 3502 1840 3557 de

242 3612 413 3651 causa
445 3598 803 3668 redarguitur,
855 3607 910 3651 et
952 3596 1180 3667 snpplici
1229 3606 1543 3650 sanctorum
1575 3595 1838 3648 interces-

240 3690 401 3743 sione
425 3689 692 3753 sulIultus,
719 3689 880 3744 talem
909 3689 1115 3742 audivit
1157 3703 1344 3743 vocem
1377 3703 1391 3740 :
1427 3683 1552 3739 Pott
1591 3697 1694 3737 tres
1733 3683 1844 3745 dies

238 3794 315 3834 aa
347 3795 429 3832 me
467 3779 692 3844 renisus,
733 3781 888 3843 hanc,
918 3795 1076 3850 quant
1105 3793 1196 3848 ego
1229 3792 1365 3830 nunc
1397 3775 1490 3828 tibi
1522 3775 1843 3848 demonstro.

245 3869 559 3922 cathedram
599 3865 905 3939 possidebis.
969 3868 1098 3922 ilice
1143 3866 1362 3930 omnia,
1416 3864 1670 3920 sacerdos
1721 3878 1844 3916 cum

243 3957 554 4027 evigilaret,
587 3959 761 4013 cesari
792 3959 859 4012 ad
892 3972 952 4012 se
990 3957 1256 4012 accersito
1306 3953 1587 4024 explicuit,
1628 3965 1684 4006 et
1734 3967 1843 4004 non

245 4063 370 4103 esse
393 4051 691 4115 somnium,
723 4051 816 4105 sed
848 4064 1036 4104 veram
1080 4047 1356 4103 aﬂirmans
1402 4046 1683 4107 visionem,
1717 4060 1843 4115 gra-

248 4142 356 4195 tias
382 4141 430 4195 ei
461 4141 644 4196 retulit
673 4156 770 4212 pro
816 4142 975 4197 bonis
1001 4141 1274 4206 onmibus,
1316 4155 1436 4209 qua:
1483 4139 1533 4193 ei
1588 4152 1846 4208 umquam

247 4233 410 4299 fecit;
443 4243 498 4287 et
523 4233 665 4288 sicut
693 4235 743 4289 ei
788 4235 1049 4290 indictum
1076 4243 1183 4299 est,
1233 4233 1378 4287 facta
1408 4231 1749 4286 confessione
1797 4238 1852 4284 et

254 4324 460 4380 indulta
493 4341 525 4380 a
549 4325 892 4398 presentibus
921 4325 1263 4390 remissione,
1307 4321 1597 4392 dereliquit
1645 4320 1846 4382 aliena,

1931 1945 2200 1993 conventu
2226 1936 2296 1967 ²⁰³
2327 1934 2523 1988 ibidem
2571 1942 2882 2002 susceptum
2925 1942 3039 1996 est,
3075 1942 3129 1984 et
3175 1931 3243 1985 ad
3288 1930 3519 1984 salutem

1930 2031 2120 2100 patria:
2152 2029 2326 2082 tocius
2357 2028 2620 2082 hactenus
2646 2034 2957 2078 veneratum
2984 2033 3086 2077 est.

2003 2123 2090 2176 12.
2132 2121 2338 2174 Interea
2365 2117 2710 2171 Bernliardus
2735 2158 2748 2181 ,
2782 2117 3008 2182 antistes
3037 2114 3375 2167 venerandus
3403 2113 3515 2180 ple-

1931 2229 2140 2283 nusque
2163 2213 2368 2265 dierum
2389 2251 2403 2273 ,
2435 2208 2502 2264 48
2529 2206 3031 2261 mordininationis
3049 2220 3158 2258 suae
3182 2219 3323 2256 anno
3348 2203 3520 2272 (968),

1932 2313 1988 2358 et
2040 2305 2092 2357 in
2145 2303 2260 2372 ipso
2308 2302 2394 2356 die
2419 2340 2434 2364 ,
2476 2301 2527 2355 id
2567 2309 2650 2354 est
2687 2298 2720 2352 3
2750 2298 2932 2351 Nonas
2986 2295 3262 2350 Februarii
3297 2293 3354 2364 (Γ.
3388 2294 3518 2363 22⁷),

1932 2394 2262 2449 obdormivit
2286 2392 2337 2444 itt
2365 2391 2613 2444 Domino.
2640 2389 2862 2458 insuper
2887 2385 3288 2450 Willeltelmus,
3319 2394 3547 2456 sanctae

1933 2482 2272 2553 arcliipresul
2299 2483 2368 2512 ²⁰⁸
2394 2481 2685 2552 Magoncizc
2714 2521 2728 2545 ,
2761 2481 2845 2534 cui
2884 2496 3012 2534 cura
3045 2481 3113 2533 ab
3157 2480 3483 2546 imperatore
3503 2515 3520 2538 .

1933 2577 2152 2632 domino
2183 2575 2380 2628 suimet
2407 2584 2461 2627 et
2493 2583 2748 2642 parente,
2783 2572 3072 2626 connnissa
3102 2571 3202 2624 fuit
3231 2569 3525 2622 Partheno-

1935 2666 2094 2735 polim
2120 2664 2436 2733 disponendi
2467 2673 2771 2731 caeteraque
2797 2663 2946 2730 regni
2974 2661 3281 2715 necessaria
3307 2661 3524 2730 regendi

1935 2757 2103 2828 (270),
2137 2773 2259 2810 cum
2287 2755 2585 2826 egrotantis
2614 2755 2812 2824 reginae
2838 2756 3001 2807 tinent
3041 2752 3311 2806 Malitildis
3352 2766 3518 2819 expc-

1935 2857 2107 2903 ctaret
2139 2846 2285 2916 (271)
2311 2887 2325 2912 ,
2362 2847 2411 2900 in
2437 2845 2854 2900 liedulwerotlte
2881 2844 2931 2898 6.
2957 2843 3132 2897 Nonas
3158 2843 3325 2896 marci
3354 2842 3522 2896 mori‘

1937 2950 2042 2994 tur.
2072 2938 2237 3006 llujus
2250 2939 2455 2992 obitum
2475 2939 2637 2992 nimia
2657 2937 2899 3005 corporis
2927 2936 3242 2990 inﬁrmitate
3263 2949 3522 3004 oppressa

1938 3029 2261 3084 venerabilis
2290 3028 2506 3097 regina,
2545 3027 2692 3080 nullo
2723 3027 2900 3080 adhuc
2946 3034 3093 3080 certa
3131 3023 3321 3078 nuntio
3347 3063 3363 3088 ,
3405 3038 3528 3092 prc-

1938 3122 2180 3179 sentibus
2194 3122 2403 3176 cunctis
2421 3120 2689 3175 intimavit
2707 3137 2718 3172 :
2737 3117 2932 3179 Filius.
2954 3118 3223 3187 inquiens,
3241 3133 3382 3170 meus
3399 3114 3530 3168 Wil-

1861 3215 1906 3275 C
1939 3213 2188 3268 (elicimus
2220 3213 2323 3278 9°“,
2376 3228 2470 3281 pro
2520 3212 2671 3264 dolor
2717 3211 2832 3280 jam
2883 3210 3128 3279 expirans
3163 3209 3230 3239 ²⁰⁷
3264 3207 3529 3260 memoria:

1940 3307 2134 3371 indiget
2168 3305 2390 3357 salutari
2419 3303 2508 3357 ²⁰⁸.
2553 3305 2616 3358 Et
2659 3302 2969 3366 Liudttll'us,
3029 3301 3197 3355 abbas
3239 3298 3533 3354 Corbeusis

1943 3395 2012 3426 ¹⁰⁰
2040 3394 2253 3465 egre-ius
2285 3395 2464 3465 (272),
2499 3393 2854 3463 corporaliter
2897 3393 2968 3424 ἰο
3009 3393 3110 3447 sibi
3147 3399 3530 3445 occurrentem

1945 3485 2094 3540 illum
2122 3496 2278 3540 nocte
2308 3487 2496 3541 eadem
2525 3525 2539 3550 ,
2570 3501 2675 3554 qua
2705 3483 2954 3548 transiit,
2992 3483 3181 3537 videns
3201 3521 3217 3546 ,
3252 3482 3533 3549 obstupuit

1946 3579 2050 3643 '“,
2121 3589 2177 3632 et
2235 3592 2507 3634 mortuum
2561 3579 2706 3633 hunc
2765 3577 2835 3608 ²⁰³
2892 3591 3012 3631 esse
3065 3571 3431 3629 eonfratribus
3464 3571 3537 3604 ¹⁰³

1954 3677 2241 3735 nuntiavit.
2277 3675 2402 3728 Post
2427 3675 2542 3728 hzec
2564 3679 2750 3727 sancta
2782 3668 3052 3723 Mabtildis
3081 3667 3135 3720 2.
3185 3666 3306 3720 ldus
3343 3663 3535 3718 marcii

1953 3768 2203 3837 migravit
2223 3766 2291 3819 ab
2316 3766 2416 3818 boc
2440 3762 2628 3826 exilio,
2652 3760 2903 3829 spiritum
2929 3757 3275 3812 committens
3290 3769 3355 3808 ac
3382 3768 3539 3807 crea-

1952 3856 2054 3912 tori
2113 3855 2309 3909 suimet
2357 3851 2588 3907 reddens
2637 3849 2781 3914 Deo,
2831 3846 3149 3916 sepultaque
3208 3852 3293 3898 est
3348 3858 3536 3898 coram

1949 3947 2106 4001 altari
2161 3944 2366 4000 Christi
2428 3941 2660 4011 presulis
2727 3937 2970 3994 Servacii
3039 3936 3196 4005 juxta
3264 3934 3534 3987 seniorem

1944 4056 2133 4103 suum,
2176 4038 2300 4107 quia
2346 4051 2505 4106 quem
2546 4035 2813 4088 viventem
2855 4031 3156 4091 dilexerat,
3189 4027 3315 4081 huic
3372 4024 3442 4056 ²⁰³
3478 4040 3540 4078 se

1950 4138 2221 4184 mortuam
2245 4124 2497 4196 conjungi
2526 4164 2541 4190 ,
2569 4121 2826 4193 quamdiu
2857 4119 3069 4190 deguit,
3110 4131 3326 4186 semper
3357 4114 3536 4183 inplo-

1953 4221 2114 4275 ravit.

2029 4313 2117 4367 15.
2159 4309 2302 4365 Gero
2344 4321 2586 4378 quoque,
2636 4303 2888 4358 defensor
2941 4300 3161 4372 patriae,
3215 4297 3343 4351 dum
3396 4292 3541 4348 unici

1525 4433 1758 4491 VARIIE
1796 4429 2199 4488 LECTlONES.

323 4549 390 4580 ¹⁹⁶
445 4560 791 4617 peremerunt
847 4550 940 4602 lc.
1017 4546 1406 4618 '"iitagaburg
1437 4545 1487 4598 1.
1523 4545 1601 4614 (ut
1656 4541 1798 4612 infra
1847 4561 1893 4595 τ.
1943 4540 2058 4609 25.)

323 4621 353 4651 ,1
407 4620 427 4651 Ι
456 4620 482 4651 A
583 4621 650 4651 εοο
683 4621 754 4651 ἕο,-
811 4621 872 4651 υ.
939 4620 1216 4651 ΙηπηηΛιιν..
1251 4619 1269 4651 1
1293 4634 1316 4651 ι·
1350 4621 1364 4651 \
1397 4632 1460 4651 nn
1494 4616 1728 4651 nnmanil
1781 4615 1968 4651 mlilnni
2028 4615 2048 4651 Ι

683 4621 754 4672 ita
811 4621 892 4673 lb.
939 4615 1460 4690 (mitgtl‘tll‘ciiic.)rt3tt
1493 4616 1734 4690 precepit
1780 4615 1970 4690 adduci
2013 4615 2048 4690 _l
2072 4630 2125 4690 (ι.
2203 4615 2271 4690 ξυι
2304 4623 2408 4690 que
2438 4615 2563 4690 ᾳαᾳ.
2621 4615 2726 4690 the“.
2804 4615 2846 4682 τις

251 4692 320 4720 ¹⁰³
351 4691 477 4744 add.
522 4692 600 4741 Η).
676 4669 752 4721 1δῖ
775 4669 913 4742 aii-.3.
1348 4669 1361 4685 ’
1391 4685 1460 4716 ³⁸⁸
1493 4669 1750 4753 ἶηριιὶξπρ
1788 4683 1967 4751 presul
2006 4683 2060 4734 in
2091 4680 2297 4753 duabus
2326 4669 2477 4730 iineis
2510 4677 2559 4753 1-ἶ
2632 4674 2702 4753 ὀξ
2760 4669 3155 4753 ιιυξμριέθιιψιις
3198 4669 3262 4753 11.

1543 4756 1610 4785 ²⁰²
1643 4755 1978 4808 eorbeiensis
2020 4754 2098 4806 lc.

249 4621 373 4672 add.
407 4620 428 4671 1
453 4620 506 4673 b.

254 4761 274 4814 1
311 4762 360 4813 b.
393 4761 665 4830 expiravit
700 4764 779 4815 la.
861 4760 931 4791 ’θ’
968 4777 1038 4812 tn.
1076 4761 1108 4812 i.
1142 4777 1184 4813 δ.
1219 4759 1343 4810 add.
1379 4757 1460 4809 ib.

2844 4531 2913 4561 "’
2943 4527 3161 4582 nomine
3182 4555 3250 4564 —
3281 4538 3548 4592 germano

2803 4603 2873 4632 ²⁰²
2905 4601 3051 4670 egrei
3085 4613 3224 4651 corr.
3247 4595 3449 4665 egregii
3489 4594 3545 4645 1.

2803 4671 3155 4714 nillnltolltmts
3213 4669 3262 4714 1.
3340 4666 3406 4697 ²⁰⁷
3465 4664 3542 4714 ίια

2844 4743 2911 4773 ⁸³³
2937 4743 3011 4794 ita
3044 4742 3124 4794 lc.
3159 4735 3423 4804 obstipuit
3459 4735 3545 4787 lu.

2137 4538 2205 4574 ³⁵⁸
2238 4540 2309 4590 ita
2341 4539 2363 4590 1
2391 4539 2441 4591 b.
2475 4535 2540 4588 tle
2571 4549 2636 4587 eu
2669 4533 2764 4585 la.

2203 4609 2271 4640 ὀί
2304 4623 2408 4674 que
2438 4605 2563 4658 add.
2621 4604 2642 4656 l
2669 4605 2726 4654 b.

2175 4752 2244 4784 ἰο
2299 4746 2652 4817 carporaliter
2680 4745 2765 4798 la.

1754 4865 1984 4924 NOTAﬁ.

327 5015 473 5076 (san
515 5015 676 5079 lb':d.,
705 5033 751 5068 υ.
786 5012 875 5066 72.

324 5086 468 5154 (252)
509 5085 672 5149 nam,
703 5101 754 5138 c.
788 5083 879 5135 75.

1879 5009 1932 5069 1)
1960 5001 2079 5053 dem
2140 4997 2377 5069 nominis
2397 5007 2576 5069 comes
2597 4991 2890 5069 Novembr.
2912 4980 3556 5069 Yilt‘leillrniflqllt_8559.

1961 5051 2078 5138 diu”
2195 5051 2412 5124 chartis
2460 5063 2786 5154 quibusdam
2919 5053 3157 5154 957-9453
3191 5051 3562 5154 .Cltris‘tianus.

2199 5141 2209 5152 α
2415 5152 2428 5153 γ
2499 5131 2776 5154 ‘--.:-......a:
2855 5130 2904 5154 ε..
2963 5141 3064 5154 ιιι-Λ
3136 5135 3292 5154 -I'unc
3321 5137 3350 5154 ιι
3391 5134 3457 5154 nn
3509 5138 3538 5154 η

2874 5144 2904 5154 ιι
2963 5141 3064 5154 nun
3111 5119 3457 5154 CI':II\C‘AI|\0I\
3509 5138 3538 5154 η
