4042 5300
444 317 577 374 ﬁll

1359 313 1729 374 TlllETMAlll
1766 319 2388 379 MERSEBURGENSIS
2428 298 2731 377 El’lSCO‘Pl

3586 316 3723 374 1212

444 443 619 492 morte
652 433 961 489 turbaretur
1002 431 1096 488 filii
1137 432 1334 488 suimet
1372 433 1441 464 ’“
1485 433 1711 489 illustris
1734 433 1972 506 Sigifridi
1998 476 2014 501 ,
2049 441 2092 499 Λ
2123 435 2306 506 risque
2331 476 2345 501 ,
2388 435 2479 504 qui
2535 435 2589 490 in
2634 431 3081 503 Quidilingeburg
3124 429 3356 485 eundem
3385 431 3459 463 ¹²⁹
3500 443 3631 487 tunc
3663 433 3717 487 in

443 524 675 579 Romam
704 538 933 594 pergens
955 564 970 589 ,
1001 524 1261 578 emeritus
1276 522 1388 592 jam
1419 539 1585 580 senex
1608 563 1625 590 ,
1657 540 1841 580 coram
1870 525 2028 579 altari

446 618 708 689 principis
734 616 1098 688 apostolorum
1141 616 1287 672 Petri
1328 632 1476 672 arma
1505 618 1753 688 deposuit
1787 618 2031 674 victricia

448 709 554 774 Μ,
587 716 642 764 et
667 708 807 777 apud
853 708 1109 762 domnum
1151 707 1502 778 apostolicum
1533 708 1706 762 sancti
1738 708 2037 778 impetratis

449 800 739 855 brachium
771 798 1000 863 Ciriaci,
1043 799 1110 853 ad
1140 799 1307 853 Deum
1335 814 1457 854 cum
1479 800 1626 854 omni
1654 799 1851 855 suimet
1877 801 2035 856 here-

450 890 620 945 ditate
659 887 919 960 confugit.
961 886 1311 958 Patriamquc
1355 889 1627 956 revisens,
1676 890 1785 944 nati
1843 891 2042 947 suimet

447 980 694 1043 viduam,
731 979 885 1048 prius
911 978 1166 1044 velatam,
1198 978 1530 1033 monasterio
1560 978 1614 1033 in
1663 978 1724 1050 (f.
1756 978 1849 1050 25)
1876 979 2038 1045 saltu,

450 1071 596 1141 quod
635 1085 734 1125 suo
770 1071 1014 1141 signatur
1043 1071 1262 1125 nomine
1288 1071 1357 1102 ²¹²
1380 1112 1394 1137 ,
1446 1080 1787 1138 constructo,
1843 1071 2042 1128 llathui

451 1171 735 1229 vocatam,
788 1164 978 1219 statuit
1025 1163 1394 1229 abbatissam,
1446 1163 1817 1218 aBernhardo
1856 1179 2048 1219 conse-

454 1264 663 1311 cratam
693 1256 972 1326 episcopo.
1018 1254 1391 1324 Firmatisquc
1434 1254 1518 1308 bis
1550 1254 1803 1309 omnibus
1831 1296 1845 1319 ,
1902 1253 2044 1310 felici

454 1347 556 1402 hos
589 1347 736 1401 obitu
767 1346 1027 1417 preecssit
1061 1345 1147 1399 15.
1182 1345 1303 1399 Kal.
1335 1344 1502 1399 Junii.

527 1438 615 1493 14.
651 1438 775 1509 (An.
810 1436 937 1507 965)
996 1437 1294 1507 imperator
1319 1448 1499 1493 autem
1536 1448 1813 1508 comperta
1836 1438 2073 1511 lugubri

459 1533 651 1587 matris
681 1539 735 1585 et
776 1532 868 1587 lilii
901 1542 1331 1605 cmterorumque
1362 1551 1493 1591 nece
1517 1536 1819 1606 principum
1865 1535 2013 1607 (275)
2033 1576 2048 1601 ,

461 1622 613 1693 gravi
643 1622 893 1692 queritur
921 1638 1132 1680 merorc
1163 1626 1473 1682 invincibile
1504 1628 1679 1682 tocius
1711 1627 1785 1681 rei
1823 1627 2052 1697 publicae

462 1715 744 1768 damnum.
788 1714 1059 1785 Urguebat
1088 1733 1210 1772 eum
1241 1718 1309 1772 ad
1349 1719 1452 1773 hoc
1494 1721 1655 1773 timor
1692 1720 1885 1773 mortis
1923 1734 2051 1788 pro-

2134 528 2334 597 pascha
2358 526 2604 584 sollemni
2631 524 2882 582 occidere
2909 523 3280 588 conabantur,
3316 522 3583 578 decollari
3610 538 3731 594 pre-

2136 621 2278 690 cepit
2311 620 2477 693 (278).
2514 621 2688 674 Arum
2720 628 2899 675 autem
2930 633 3109 699 meum
3133 617 3353 672 nomine
3374 616 3727 672 Liutbarium

2138 713 2297 784 (279)
2321 713 2561 782 ejusdem
2601 710 2813 767 consilii
2847 710 3196 781 participem,
3239 708 3473 763 libenter
3499 707 3730 778 perdere

2139 805 2336 872 voluit;
2382 804 2474 861 sed
2506 803 2607 859 sibi
2660 803 3008 858 familiarium
3045 801 3291 856 devictus
3314 800 3548 856 consilio
3574 800 3735 871 prin-

2141 897 2319 967 cipum
2338 938 2353 961 ,
2385 906 2600 965 captum
2631 894 2774 950 hunc
2798 895 2945 949 misit
2975 906 3101 948 tunc
3131 893 3438 947 Bawariam
3465 892 3537 947 ad
3559 893 3736 947 comi-

2144 998 2253 1044 tem
2279 988 2589 1044 Bertoldum
2617 1029 2631 1052 ,
2670 984 3082 1056 comprehensis
3120 984 3222 1039 sibi
3249 984 3317 1016 ¹²¹
3345 984 3607 1038 omnibus
3631 984 3743 1038 sui.

2145 1091 2256 1138 met
2300 1082 2459 1137 rebus
2503 1096 2567 1135 ac
2597 1080 2702 1135 late
2731 1081 2800 1111 ²¹¹
2833 1077 3166 1139 distributis,
3219 1090 3393 1146 usque
3428 1077 3483 1130 in
3538 1091 3742 1129 annum

2146 1173 2411 1244 integrum
2438 1188 2451 1235 ;
2487 1180 2722 1240 tuncque
2747 1169 2979 1240 gratiam
3009 1166 3151 1237 regis
3173 1175 3228 1220 et
3260 1181 3356 1220 sua
3382 1165 3573 1220 omnia
3611 1180 3737 1219 cum

2150 1277 2338 1330 magna
2373 1261 2596 1330 pecunia
2629 1269 2683 1314 et
2713 1258 2900 1329 prcdio
2924 1257 2976 1311 in
3010 1255 3358 1311 Sonterslevo
3382 1264 3439 1310 et
3468 1255 3524 1309 in
3561 1253 3742 1308 Votie-

2149 1366 2379 1420 nesvege
2412 1351 2467 1421 (2
2487 1350 2559 1419 ~10)
2593 1349 2794 1417 jacenti
2838 1347 3148 1418 acquisivit.
3203 1344 3310 1401 Sed
3362 1354 3582 1414 ceptum
3644 1344 3749 1398 iter

2148 1458 2426 1514 peragam.
2461 1443 2760 1511 imperator
2781 1438 2999 1494 vocavit
3022 1437 3089 1492 ad
3114 1451 3172 1491 se
3196 1436 3515 1491 Richarium
3534 1476 3550 1500 ,
3575 1434 3751 1504 Maga-

2151 1536 2505 1607 daburgeusis
2532 1534 2762 1591 ecclesie
2787 1532 3038 1588 abbatem
3062 1531 3313 1594 tercium,
3339 1559 3415 1571 —-
3433 1544 3562 1583 nam
3593 1530 3753 1582 Anno

2153 1639 2209 1685 et
2230 1628 2477 1685 Otwinus
2503 1669 2518 1692 ,
2570 1637 2699 1682 tunc
2727 1623 2966 1696 episcopi
3012 1620 3188 1693 (281),
3241 1619 3564 1689 prefuerunt
3592 1619 3645 1673 ei
3684 1648 3753 1657 —

2155 1722 2342 1778 volens
2370 1722 2512 1776 hunc
2536 1718 2799 1789 dignitate
2826 1712 3148 1770 sacerdotali
3179 1711 3462 1765 decorare.
3488 1709 3602 1764 Sed
3633 1709 3749 1763 visa

461 1806 710 1876 pinquze,
743 1817 797 1861 et
830 1808 974 1877 quod
1015 1808 1127 1865 Deo
1153 1812 1310 1867 rebus
1336 1813 1582 1881 promisit
1614 1814 1668 1867 in
1700 1814 1909 1869 aucxiis
1937 1813 2005 1848 ²¹³
2036 1855 2051 1879 ,
2085 1791 2127 1849 Β
2156 1813 2387 1884 quadam
2410 1810 2657 1881 epistola,
2688 1822 2807 1878 qum
2822 1804 3123 1861 clanculum
3151 1802 3250 1857 sibi
3281 1802 3348 1832 ²¹¹
3377 1801 3753 1864 deferebatur,

463 1906 733 1967 oportuno
755 1907 881 1955 tunc
904 1901 1173 1971 complere
1209 1904 1419 1958 studuit
1442 1905 1513 1936 m
1537 1906 1591 1959 in
1633 1916 1895 1975 tempore.
1932 1906 2055 1960 Ele-

466 1998 615 2043 ctum
648 2005 880 2060 namque
906 2008 936 2046 a
960 2004 1154 2048 cuneto
1176 2004 1377 2049 sancta:
1399 1993 1850 2051 llalverstidcnsis
1872 1996 2057 2063 accele-

466 2080 561 2136 sia:
583 2081 729 2136 clero
776 2093 831 2137 et
871 2083 1065 2153 populo
1109 2082 1519 2151 llilliwardum,
1560 2096 1687 2140 tunc
1723 2086 2055 2160 propositum

466 2181 524 2226 et
552 2188 581 2226 a
610 2173 809 2227 domno
837 2175 1038 2230 suimet
1059 2175 1378 2231 Bcrnhardo
1415 2179 1483 2230 ad
1513 2178 1614 2232 hoc
1646 2177 2014 2247 presignatum
2039 2216 2053 2238 ,

466 2264 698 2320 Romam
727 2266 914 2321 venire
944 2268 1210 2337 precepit.
1244 2268 1488 2338 Cuinque
1522 2269 1712 2323 eodem
1732 2308 1747 2334 ,
1784 2268 1929 2338 quod
1961 2268 2055 2323 ditt

468 2354 705 2421 latebat,
732 2365 1002 2412 secretum
1035 2358 1233 2412 tuentis
1262 2358 1519 2425 revolvit,
1551 2359 1760 2415 scilicet
1795 2359 2059 2413 facturam

471 2458 533 2502 sc
565 2446 620 2501 in
648 2448 782 2503 urbe
802 2447 1251 2520 Parthequnlita
1283 2450 1812 2521 archiepiscOpatum
1848 2452 2085 2520 sempcr'

472 2538 752 2593 studuiSse
802 2538 950 2610 (274)
976 2579 993 2607 ,
1029 2541 1101 2595 ob
1140 2556 1293 2611 spem
1344 2541 1807 2597 remuneracionis
1845 2551 2063 2595 atteram.

472 2632 951 2703 defensionemque
985 2635 1292 2689 communis
1337 2635 1531 2706 patria:
1575 2635 1754 2707 (275),
1799 2649 1965 2705 seque
1991 2633 2060 2688 ad

472 2727 657 2781 omnia
677 2767 693 2791 ,
749 2740 1106 2797 quaecumque
1132 2743 1388 2798 umquam
1432 2727 1500 2783 ab
1535 2742 1601 2783 eo
1632 2727 1923 2796 expetisset
1948 2726 2019 2758 ¹¹³
2042 2765 2058 2792 ,

473 2816 1028 2887 promisitparatum,
1083 2818 1128 2873 si
1152 2819 1486 2874 consentiret
1514 2818 1618 2874 sibi
1664 2820 1767 2874 hoc
1799 2818 2060 2888 perficere

474 2917 682 2961 votum.
717 2905 815 2962 llic
841 2918 1023 2963 autem
1045 2947 1061 2974 ,
1127 2919 1185 2963 ut
1210 2919 1330 2964 erat
1351 2910 1598 2979 sapiens,
1642 2912 1744 2979 pia:
1778 2909 2065 2964 conivebat

478 2998 548 3030 ²¹⁸
595 2998 885 3069 peticioni;
941 3009 1264 3070 partemque
1314 3002 1652 3069 parrochiae,
1687 3016 1812 3070 qua:
1855 3000 1956 3055 sita
1987 3009 2072 3054 est

482 3092 629 3146 inter
653 3107 806 3146 aram
827 3092 893 3123 ²¹⁷
920 3101 976 3145 et
1000 3091 1177 3147 Albim
1199 3102 1251 3147 et
1279 3091 1479 3147 lladam
1501 3092 1571 3124 ⁸³⁸
1593 3091 1813 3158 fluvios,
1846 3103 1900 3147 et
1925 3092 2073 3146 insu-

481 3199 580 3255 per
608 3184 677 3216 ²²¹
707 3185 850 3237 viam
870 3225 884 3248 ,
924 3199 1045 3253 quae
1072 3183 1358 3239 Fritheriei
1386 3185 1620 3250 dicitur,
1666 3184 1776 3238 Deo
1804 3183 2074 3239 concessit

485 3283 783 3343 sanctoque
806 3273 1064 3330 Mauricio
1100 3290 1165 3329 ac
1188 3275 1256 3306 ἰ’
1297 3276 1611 3344 inperatori.
1653 3275 1879 3344 Insuper
1931 3274 2073 3329 idem

487 3368 772 3423 caritative
838 3378 1057 3438 rogatus
1112 3386 1143 3424 a
1199 3384 1390 3423 cesare
1440 3379 1698 3439 augusto,
1764 3370 1913 3423 dedit
1967 3368 2077 3424 Deo

489 3469 787 3527 sanctoque
816 3459 1112 3514 Laurentio
1141 3460 1486 3530 parrochiam
1511 3444 1781 3530 iacentem
1809 3460 1949 3514 inter
1973 3457 2079 3512 flu-

489 3551 609 3606 vios
639 3548 935 3605 Willerbizi
963 3560 1018 3606 et
1037 3550 1239 3606 salsum
1267 3565 1420 3604 mare
1443 3559 1499 3604 et
1526 3549 1709 3603 Salam
1749 3563 1813 3602 ac
1840 3547 2079 3604 Unstred

493 3655 550 3700 et
593 3643 850 3698 Helmana
881 3653 938 3698 et
988 3644 1237 3708 foveam,
1296 3656 1415 3711 qua:
1452 3650 1535 3697 est
1556 3639 1711 3710 juxta
1742 3638 2081 3694 Valesbnsuu

493 3735 563 3766 ²²⁶
581 3734 751 3806 (276).
775 3732 893 3788 Tali
918 3748 1142 3788 munere
1164 3733 1439 3803 inperator
1462 3732 1734 3797 arridens,
1768 3746 1867 3802 per
1889 3738 2086 3785 manus

494 3828 735 3896 suscepit
780 3825 1045 3891 eundem,
1090 3839 1387 3894 curamque
1433 3825 1481 3879 ei
1520 3822 1711 3877 baculo
1739 3823 2088 3877 committens

494 3919 867 3992 pastoralem:
935 3918 1151 3987 Accipe,
1218 3917 1364 3982 infit,
1434 3917 1665 3986 precium
1722 3913 1870 3985 (277)
1921 3913 2088 3983 patris

496 4012 617 4066 tui!
645 4011 712 4043 ²¹¹
742 4010 896 4066 llunc
919 4010 1065 4065 enim
1085 4049 1101 4073 ,
1132 4009 1350 4064 Ericum
1381 4009 1631 4072 nomine,
1657 4021 1779 4062 eum
1818 4005 2089 4071 Baccone,

497 4104 863 4171 Herimanno,
892 4104 1253 4170 Iteinvvardo,
1281 4102 1523 4170 Wirino,
1557 4101 1778 4157 Eserico
1819 4102 1892 4136 ’³³
1930 4109 2094 4165 cazte-

2157 1905 2368 1968 omisit,
2400 1903 2461 1976 (f.
2489 1902 2606 1974 24.)
2633 1899 3141 1966 Ethelbertumque
3171 1895 3241 1927 m
3262 1938 3277 1959 ,
3325 1893 3754 1957 Trevereuscm,

2158 1997 2495 2069 professione
2525 1994 2881 2057 monachum,
2931 1990 3024 2047 sed
3060 1990 3274 2045 Ruscia':
3308 1990 3458 2059 prius
3488 1989 3557 2019 '“
3600 1988 3751 2043 ordi-

2162 2099 2346 2143 natum
2375 2085 2641 2157 presulem
2674 2083 2824 2155 (282)
2851 2092 2908 2137 et
2932 2081 3060 2136 hinc
3092 2096 3124 2134 a
3148 2079 3440 2151 gentilibus
3462 2078 3757 2148 expulsum

2162 2183 2232 2215 ¹²⁵
2252 2222 2267 2247 ,
2316 2181 2384 2236 ad
2428 2178 2924 2249 archiepiscopatus
2954 2174 3164 2243 apicem
3192 2213 3206 2235 ,
3266 2170 3511 2226 inclitum
3541 2180 3755 2240 patrem

2163 2279 2217 2327 et
2262 2286 2360 2340 per
2408 2267 2592 2323 omnia
2642 2266 2964 2337 probatum,
3004 2276 3147 2317 anno
3191 2260 3477 2317 dominica:
3504 2258 3758 2313 incarna-

2162 2361 2338 2418 ciouis
2385 2359 2527 2424 970,
2590 2356 2771 2429 [968],
2826 2354 2891 2409 15
2937 2353 3055 2410 Kal.
3100 2351 3393 2408 Novembr.
3457 2350 3757 2421 apostolica

2165 2450 2490 2506 auctoritate
2537 2447 2824 2519 promovit.
2885 2445 3039 2500 Tunc
3094 2443 3241 2499 misit
3289 2457 3413 2496 eum
3454 2441 3527 2495 ad
3573 2440 3759 2496 sedem

2166 2557 2321 2599 suam
2349 2555 2471 2595 eum
2494 2553 2689 2610 magno
2705 2538 2940 2601 honore,
2969 2533 3275 2605 precipiens
3297 2530 3566 2585 universis
3588 2528 3761 2583 Saxo-

2171 2634 2275 2688 nia-
2300 2630 2633 2701 principibus
2650 2669 2666 2695 ,
2693 2637 2752 2683 ut
2780 2627 3085 2698 proximum
3109 2622 3287 2678 natale
3315 2621 3527 2676 Domini
3552 2635 3679 2674 cum
3700 2632 3764 2672 eo

2175 2735 2358 2781 essent
2390 2723 2559 2795 (285).
2591 2719 3045 2789 Arcbiepiscopus
3080 2724 3260 2771 autem
3292 2729 3323 2768 a
3356 2713 3503 2768 clero
3527 2719 3584 2766 et
3616 2709 3760 2763 omni

2178 2815 2371 2887 populo
2423 2813 2708 2881 magnifice
2748 2819 3061 2880 susceptus,
3109 2808 3161 2861 in
3197 2806 3281 2860 his
3319 2803 3535 2860 festivis
3576 2802 3765 2855 diebus

2177 2905 2834 2967 cousecravitBosonem,
2884 2897 3345 2969 Merseburgensis
3390 2894 3464 2926 ⁸⁸⁵
3507 2891 3765 2948 :eccles‘aa

2174 3011 2445 3070 pastorem
2505 2997 2737 3066 primum
2790 2995 2857 3025 ’³⁷
2882 3034 2896 3056 ,
2945 2988 3340 3050 Burchardum,
3370 2982 3666 3040 Misncnsis
3697 2978 3764 3014 ’⁸³

2176 3093 2421 3149 tecr-lcsie
2450 3090 2781 3161 provisorem
2813 3085 3046 3155 primum
3074 3083 3175 3146 “7,
3210 3078 3493 3147 llugonem
3515 3115 3530 3139 ,
3564 3072 3768 3143 episco-

2179 3200 2307 3255 pum
2338 3183 2403 3213 ²²¹
2433 3181 2757 3236 Citiceusem
2785 3176 2854 3207 ¹¹⁹
2902 3176 3134 3245 primum
3161 3172 3262 3236 “7,
3318 3163 3766 3235 Havelbergensis

2182 3277 2438 3333 :ecclesiae
2466 3273 2747 3329 custodem
2790 3268 3021 3341 primum
3050 3266 3119 3298 ²¹⁷
3164 3264 3268 3319 hiis
3299 3260 3586 3315 'l‘udonem
3614 3270 3770 3324 coap—

2184 3369 2346 3432 tavit,
2396 3366 2546 3437 prius
2574 3370 2950 3419 consecratum
2981 3375 2996 3411 :
3028 3370 3219 3435 omnes
3264 3354 3365 3408 hos
3395 3350 3468 3383 ⁸³⁸
3496 3390 3511 3415 ,
3555 3345 3769 3416 subjec-

2186 3461 2395 3515 cioncm
2459 3456 2560 3511 sibi
2616 3455 2838 3520 suisque
2888 3448 3267 3520 promittentes
3322 3439 3766 3497 successoribus.

2186 3549 2445 3620 disposita
2476 3546 2706 3618 singulis
2748 3544 3058 3613 quibusque
3104 3535 3388 3607 parrochia
3422 3529 3651 3601 speciali
3682 3527 3769 3620 ῆι.

2188 3617 2422 3697 Additus
2446 3648 2530 3695 est
2556 3617 2639 3692 his
2662 3632 3028 3691 confratribus
3059 3622 3561 3695 Braudeburgcusis
3588 3617 3773 3675 προιε-

2191 3736 2288 3790 sia:
2334 3733 2543 3805 primus
2564 3730 2632 3761 ³⁸⁷
2665 3737 2852 3797 pastor
2877 3724 3226 3783 Thietmarus
3255 3719 3322 3751 ²⁸¹
3353 3713 3505 3789 (281)
3531 3722 3658 3768 ante

2193 3800 2386 3878 unctus
2415 3822 2519 3887 η’,
2556 3828 2611 3874 et
2638 3816 2838 3872 Jordau
2861 3855 2876 3879 ,
2918 3812 3204 3882 episcopus
3234 3805 3627 3863 Posnaniensis
3667 3800 3774 3871 pri-

2196 3933 2315 3973 mus
2341 3917 2433 3968 ¹²⁷.

2268 4008 2356 4064 15.
2382 4005 2559 4077 Opere
2587 4002 2829 4074 precium
2858 4007 2938 4053 est
2958 4038 2973 4063 ,
3006 3994 3256 4066 quamvis
3276 3991 3401 4061 jure
3429 3995 3775 4058 preposterus

2200 4096 2645 4164 mihiimputetur
2666 4092 2833 4156 ordo,
2875 4089 2979 4143 hoc
3006 4086 3326 4149 adnectere,
3357 4079 3597 4151 qualiter
3615 4077 3776 4144 impeo

1824 4214 2060 4270 VARUE
2102 4208 2501 4268 LECTIONES.

568 4312 638 4343 ³⁸³
674 4310 939 4365 Geriurod
972 4311 1097 4364 add.
1131 4311 1212 4363 lc.
1289 4309 1359 4342 m
1389 4324 1418 4362 c
1448 4324 1657 4361 erasum
1691 4309 1740 4362 1.

506 4520 636 4573 add.
671 4521 755 4574 ib.
832 4521 901 4551 ²²⁸
942 4522 979 4574 l.
1016 4521 1066 4574 1.

1817 4306 1889 4338 ιιι
1930 4308 2101 4360 studit
2149 4286 2210 4361 ιζ
2278 4304 2348 4335 ιιι
2392 4298 2757 4371 cxpitissetl.

498 4396 655 4436 oram
696 4383 797 4434 lc.
872 4381 941 4412 ³³⁸
986 4383 1180 4435 bodam
1233 4381 1314 4434 lc.
1392 4380 1562 4433 “’et
1605 4379 1629 4430 1
1669 4397 1721 4431 a.
1796 4379 1867 4409 ²²⁰
1907 4377 2282 4432 nnaIenhusun
2315 4373 2421 4428 lc?

499 4433 679 4505 statim
705 4433 817 4519 post
844 4451 895 4503 in
920 4433 1253 4519 p._sollemni
1276 4450 1405 4503 add.
1438 4450 1522 4502 ib.
1599 4449 1670 4479 ’⁸³
1696 4449 1771 4519 ita
1802 4455 1823 4501 ι
1851 4465 1878 4500 e
1900 4463 2048 4519 corr.
2065 4464 2084 4512 ;
2134 4461 2314 4519 regem
2343 4443 2521 4519 fuisse
2557 4440 2781 4493 videtur.
2838 4434 2929 4519 _“‘:
2951 4433 3054 4519 τιρὴ

1141 4521 1208 4551 ’³⁷
1238 4520 1278 4573 I.
1307 4520 1494 4589 ubique
1523 4519 1673 4589 addit
1700 4518 1781 4571 ib-
1810 4518 1929 4589 η¹¹⁸
1960 4518 2211 4589 ηιῖειιβδῖε
2250 4517 2301 4589 it

2834 4294 2904 4326 ²¹⁶
2942 4290 3268 4347 cuuniuebat
3329 4288 3382 4341 1.
3421 4303 3469 4339 c.
3547 4282 3617 4314 “7
3646 4294 3774 4333 corr.

2493 4351 2723 4421 ίίί-ξιάα.
2770 4366 2793 4419 1
2833 4364 2881 4418 b.
2959 4364 3027 4394 ”'
3052 4361 3256 4415 Herim.
3320 4357 3387 4410 Β.
3454 4352 3545 4408 ιγ.
3607 4351 3668 4404 Ε.
3733 4356 3778 4399 (ε

3108 4432 3132 4484 1
3166 4446 3216 4482 c.
3290 4428 3361 4461 ³³⁵
3396 4434 3449 4478 ct
3481 4425 3537 4477 h.
3566 4437 3616 4475 a.
3651 4436 3701 4487 κ.
3728 4432 3776 4487 e.

2377 4484 2523 4564 arti
2555 4484 2848 4562 éiBEZflirm
2877 4484 3079 4557 abici?
3103 4511 3149 4553 et
3196 4501 3273 4553 ita
3326 4498 3380 4550 in
3412 4497 3511 4548 hoc
3541 4484 3776 4547 uocabulo

502 4572 753 4661 scalper;
803 4590 873 4622 ’³ο
903 4572 1038 4660 pic;
1068 4606 1122 4645 ο.
1151 4591 1203 4644 h.
1236 4572 1363 4643 add.
1394 4572 1479 4643 ib.
1555 4588 1624 4619 ’δι
1660 4588 1953 4642 υιιιιυιίιιιιε
1982 4588 2045 4640 Α.
2082 4572 2143 4643 Si.
2185 4603 2237 4640 a.
2281 4583 2406 4642 969.
2482 4581 2555 4612 ³³³
2599 4594 2651 4633 a.
2692 4578 2747 4631 ιι.
2797 4591 2854 4631 ιι.
2900 4572 3027 4628 add.
3063 4572 3147 4625 ib.

2007 4675 2238 4733 NOT/E.
2672 4684 2677 4685 '

580 4770 731 4841 (275)
765 4770 1108 4833 Widukind.,
1151 4785 1203 4825 c.
1234 4770 1303 4825 75
1326 4770 1446 4823 iuit.

578 4839 727 4911 (274)
764 4841 921 4898 Conf.
949 4850 1151 4912 statuta
1185 4842 1377 4912 synodi
1411 4841 1679 4912 Ravenna:
1721 4839 2004 4896 celebrata:
2040 4855 2094 4892 a.

508 4914 635 4970 967.
678 4913 985 4983 Chronogr.
1008 4911 1143 4983 Sax.
1173 4911 1228 4966 et
1249 4912 1450 4983 Chron.
1486 4911 1737 4981 Magdab.

580 4983 729 5053 (275)
768 4982 968 5053 Eadem
996 4982 1108 5039 fere
1128 4984 1290 5037 verba
1322 4998 1372 5035 v.
1406 4982 1445 5036 ll
1473 5024 1488 5045 ,
1518 4982 1573 5053 2.

582 5050 732 5176 (276)
772 5051 1087 5135 Wildbacb,
1120 5054 1213 5123 qui
1239 5069 1344 5109 non
1378 5052 1565 5137 procul
1589 5054 1655 5108 ab
1675 5050 1872 5133 oppido
1898 5052 2097 5132 Kelbra

582 5137 756 5176 :mam
788 5122 993 5176 inﬂuit:
1049 5125 1267 5176 Salzsee
1304 5139 1469 5176 mone
1500 5122 1710 5176 beburu
1756 5138 1808 5174 ιιι
1840 5132 2097 5175 comitatu

511 5122 756 5179 Helmam
788 5122 993 5190 inﬂuit;
1049 5122 1267 5180 Salzsee
1304 5139 1469 5190 prope
1500 5122 1710 5190 Seburg
1756 5123 1808 5174 in
1840 5122 2097 5175 comitatu

2130 4775 2177 4833 ι)

2276 4766 2443 4837 (281)
2464 4764 2653 4837 Anno,
2682 4752 3303 4837 episcopus)yprmatize
3329 4748 3585 4806 950—978.
3609 4744 3777 4800 Λιιπὶ-

2204 4825 2306 4893 nus
2331 4825 2807 4889 Hil'desheimensis
2834 4825 3101 4883 954-985.
3208 4891 3216 4894 λ
3314 4889 3345 4894 __
3652 4883 3684 4894 η

2277 4884 2577 4979 {assius};
2588 4884 2814 4979 illusciaa
2827 4939 2842 4963 ,
2886 4897 2978 4979 sed
3001 4894 3172 4979 lingis
3191 4889 3548 4979 um
3570 4884 3782 4979 ἓξὲξ-ξιξ

2208 4960 2320 5034 tum
2347 4960 2513 5029 fuisse
2542 4960 2858 5041 praesulem,
2913 4960 3182 5041 tcStanEur
3212 4960 3784 5041 ntan‘t‘lalt‘um‘impcra-

2209 5027 2882 5105 toris—moslaudandum,
2914 5036 3056 5089 Ann.
3093 5033 3222 5105 sax.
3253 5028 3474 5105 aA.A9‘68,
3506 5027 3779 5091 chronogr.

2212 5099 2339 5144 5:4-
2372 5099 2400 5138 4
2452 5114 2555 5136 “"n
2626 5111 2844 5152 “lm'i-L
2871 5099 3172 5183 Retzittonis
3196 5099 3402 5190 3399}.

3447 5184 3456 5190 .
3470 5180 3614 5190 ..Α-ιι-
