4018 6328
182 384 325 441 Hi?)

1426 392 1839 451 CllltONlCON.
1870 427 1936 436 —-
1978 395 2106 452 LIB.
2150 397 2211 452 ll.

3336 401 3472 456 1214

177 510 333 555 rator
376 499 528 556 fratri
560 502 790 568 suimet,
845 503 1043 560 domno
1081 504 1320 563 Brunoni
1350 548 1364 571 ,
1424 510 1704 564 nominato
1746 524 1775 561 a
1807 513 1851 571 Α
1883 511 2091 578 pollens
2129 511 2589 579 proiicuitatibus,
2624 511 2710 565 15.
2745 510 3105 566 ordinationis
3131 528 3242 567 sure
3286 529 3466 573 anno.

175 593 381 649 suimet
404 604 597 663 patruo
624 595 757 650 duce
780 595 1032 652 Brunone
1055 628 1126 637 —
1153 600 1245 669 qui
1288 616 1318 654 a
1349 599 1672 669 Lutbnwigo
1701 601 1770 631 ’³³

174 700 309 755 rege
338 686 392 741 in
420 688 818 755 expeditionem
855 690 921 743 ad
946 691 1123 745 Danos
1147 693 1345 747 missus
1368 734 1383 760 ,
1416 710 1539 749 cmn
1565 696 1773 765 cpisco-

172 784 263 851 pis
289 782 503 837 duobus
526 782 593 814 ¹³δ
621 782 923 839 Thiredrico
943 794 996 840 et
1047 786 1406 857 Marcquardo
1454 791 1775 859 ueterisque

172 872 450 926 militibus
470 872 520 926 4.
547 871 685 927 Νοη.
705 873 863 929 Febr.
891 876 962 907 ’³⁵
978 876 1215 932 ﬂuminis
1234 877 1587 935 inundatione
1609 882 1773 935 inter-

176 964 239 1016 iit
269 964 427 1033 (285)
480 995 548 1003 -
583 977 797 1021 mortuo
819 969 1092 1040 Agripina:
1131 971 1275 1025 sedis
1304 972 1585 1041 provisore
1620 971 1775 1041 Wig-

173 1053 323 1108 frido
348 1095 362 1118 ,
398 1054 769 1124 episcopatum
800 1060 1040 1127 ejusdem
1063 1060 1426 1131 ducatumque
1450 1063 1598 1133 regni
1625 1063 1776 1117 insu-

174 1161 280 1214 per
307 1146 467 1202 daret
494 1148 781 1202 Liutharii.
832 1149 931 1206 llic
970 1163 1093 1220 post
1135 1154 1476 1223 iniquorum,
1529 1156 1778 1225 quamvis

177 1238 624 1305 sapientissimus
647 1252 825 1308 esset,
855 1244 1084 1298 consilio
1112 1245 1467 1314 depravatus,
1508 1261 1605 1315 pro
1636 1247 1778 1302 bono

176 1326 385 1381 malum
417 1331 525 1400 regi
550 1332 748 1387 suimet
764 1349 1130 1404 germanoque
1149 1336 1438 1391 resumere
1458 1337 1776 1391 meditatur.

177 1422 297 1492 (an.
325 1423 476 1496 955).
510 1426 733 1482 Vocavit
761 1444 993 1498 namque
1022 1430 1087 1483 ad
1113 1445 1172 1484 se
1196 1429 1472 1499 llugonem
1498 1445 1775 1500 generum,

180 1513 297 1584 regi
324 1555 339 1578 ,
374 1523 433 1567 ut
453 1530 614 1581 supra
641 1520 1061 1574 memoravimus
1084 1520 1264 1590 (286),
1296 1521 1459 1575 nimis
1482 1520 1775 1588 infidelem,

182 1605 252 1657 ad
290 1605 627 1674 convivium,
674 1618 880 1665 etcum
923 1627 1124 1666 corona
1165 1612 1461 1668 artiﬁciose
1507 1624 1779 1684 gemmata

185 1711 417 1765 regnum
472 1699 587 1768 ipso
643 1700 712 1731 ³³⁸
762 1705 1142 1770 conmiitterc,
1191 1708 1678 1778 consanguinitatis
1727 1718 1782 1763 et

175 1789 473 1858 juramenti
510 1795 809 1861 inmemor,
839 1798 1063 1852 studuit.
1094 1798 1193 1865 Qui
1228 1817 1350 1854 cum
1396 1802 1447 1855 in
1472 1812 1663 1857 sancto
1690 1803 1778 1858 die

182 1883 496 1952 sollempnis
554 1887 771 1955 paschae
826 1890 1033 1958 paratis
1088 1892 1340 1947 omnibus
1397 1892 1774 1950 instrumentis
1809 1870 1850 1927 Β

184 1974 487 2041 regalibus,
547 1990 804 2045 generum
850 1979 1115 2047 promissa
1149 1981 1383 2037 femineo
1429 1993 1774 2051 expetentem

182 2066 295 2120 desi
321 2067 456 2121 lerio
484 2083 749 2123 coronare
777 2071 1065 2136 voluisset,
1116 2074 1274 2139 odio,
1331 2074 1525 2130 divinae
1552 2077 1777 2132 misera-

185 2157 348 2211 tionis
397 2159 568 2226 gratia
599 2159 985 2230 sapicncieque
1030 2174 1225 2217 cuncta
1275 2165 1540 2221 volventis
1580 2166 1773 2233 freno,

182 2248 456 2317 paululum
484 2251 744 2319 relaxato,
769 2254 954 2322 puduit
985 2256 1204 2325 iaccepti
1229 2266 1283 2310 et
1305 2259 1557 2326 penituit.
1586 2264 1777 2316 Accer-

182 2342 398 2409 siloque
446 2340 583 2395 rlam
616 2344 812 2399 suimet
850 2348 1178 2412 secretario,
1233 2362 1394 2417 quem
1440 2351 1776 2419 prediximus

184 2432 368 2503 (287),
402 2434 713 2490 Wolcmero
741 2438 810 2470 ³³⁷
831 2478 846 2503 ,
893 2440 1034 2508 quod
1066 2440 1119 2494 in
1147 2450 1327 2496 mente
1357 2442 1559 2498 latebat
1581 2444 1776 2501 vulnus

184 2535 435 2593 aperuit,
488 2527 829 2598 qualiterque
879 2542 1192 2599 curaretur,
1245 2534 1487 2604 diligenti
1545 2538 1774 2593 consilio

184 2617 437 2685 quesivit.
478 2617 584 2674 Sed
608 2622 885 2678 conversis
908 2624 1210 2695 quibusque
1240 2637 1463 2696 paratus
1492 2630 1557 2684 ad
1594 2633 1773 2686 omnia

186 2710 364 2776 Deus,
407 2711 531 2767 huic
570 2715 621 2767 in
669 2726 902 2771 mentem
960 2718 1172 2773 caelitus
1208 2721 1393 2786 misit,
1450 2737 1557 2792 quo
1588 2740 1773 2779 curam

184 2805 270 2857 sui
299 2805 530 2860 senioris
566 2808 940 2877 respondendo
965 2811 1159 2867 talibus
1181 2814 1466 2885 mitigavit.
1502 2815 1732 2872 Sanctus
1756 2859 1770 2883 ,

182 2895 393 2964 inquit.
420 2895 653 2964 Spiritus
681 2901 802 2964 tibi,
836 2904 1011 2956 senior
1034 2903 1335 2969 karissime,
1372 2907 1432 2977 (f.
1454 2908 1775 2981 25)sugges-

180 2987 283 3051 sit,
324 2996 379 3039 ut
434 3004 537 3042 non
577 2990 801 3060 amplius
836 3000 1111 3047 adversum
1167 3011 1260 3049 nos
1298 3000 1583 3065 prevnleret
1640 3003 1777 3055 tanti

181 3085 373 3129 auctor
397 3078 606 3133 sceleris
634 3081 904 3147 inimicus;
933 3100 1084 3153 quem
1124 3087 1198 3140 sic
1221 3090 1472 3157 confundi
1504 3100 1652 3161 teque
1680 3110 1775 3146 au-

184 3178 333 3220 tumo
381 3185 530 3235 posse
587 3170 854 3226 honorari.
901 3171 1193 3238 Coronam.
1242 3195 1395 3247 quam
1446 3197 1633 3249 genero
1684 3193 1772 3237 tuo

183 3276 305 3312 cras
337 3269 385 3312 te
405 3261 653 3313 daturum
678 3262 1000 3331 promisisti,
1051 3270 1194 3322 vobis
1238 3272 1633 3326 consedentibus
1662 3291 1775 3344 pre-

182 3353 432 3417 sentnbo,
468 3364 520 3407 ut
546 3354 677 3421 ﬁdes
702 3367 794 3410 tua
822 3359 874 3411 in
905 3372 1179 3427 conspectu
1209 3365 1441 3417 omnium
1476 3365 1775 3433 clarescat;

184 3454 233 3494 et
294 3442 486 3497 int-itus
521 3461 767 3501 corruens
800 3449 1068 3519 disrnmpo
1095 3454 1344 3519 eandem,
1404 3467 1457 3509 ut
1509 3457 1773 3525 fraternus

185 3548 340 3585 amor
369 3535 522 3588 modo
567 3536 792 3607 frigidus
830 3539 883 3593 in
906 3554 1166 3609 posterum
1215 3548 1511 3603 revalescat.
1564 3551 1776 3607 Placuit

188 3623 290 3675 hoc
325 3624 762 3697 archiepiscopo,
801 3639 854 3685 et
882 3632 963 3687 sic
1003 3635 1207 3704 expleri
1236 3640 1378 3693 votis
1408 3642 1774 3701 exultantibus

187 3714 404 3769 divinas
464 3717 699 3785 pulsavit
756 3722 1075 3790 suppliciter
1125 3741 1303 3782 aures.
1371 3730 1528 3786 Mane
1592 3746 1774 3791 autem

187 3801 365 3869 facto,
421 3805 565 3860 dicta
615 3808 729 3864 haec
758 3821 811 3863 ut
856 3810 1012 3867 factis
1042 3816 1451 3886 suntimplcta,
1502 3823 1773 3892 archiepi-

187 3909 385 3963 scopus
425 3911 677 3968 magnum
714 3900 1002 3958 simulabat
1049 3922 1349 3973 mcrorem;
1400 3908 1552 3982 llugo
1592 3926 1772 3970 autem

187 3986 383 4057 suique
404 3997 552 4043 tanta
590 4007 684 4060 spe
719 3992 964 4049 frustrati
1011 3997 1081 4028 ’³⁸
1119 3998 1565 4056 inconsolabilem
1606 4008 1769 4059 susti-

187 4091 357 4130 nuere
396 4077 670 4145 dolorem;
728 4087 1225 4157 consummatisque
1277 4089 1466 4147 diebus
1520 4091 1769 4161 festivis,

186 4166 309 4222 aliis
340 4182 502 4237 quam
532 4182 681 4226 ratus
716 4173 786 4227 sit
817 4175 975 4231 donis
1020 4178 1315 4236 honoratus
1337 4223 1351 4247 ,
1411 4184 1589 4239 rediit.
1644 4186 1774 4244 Post

184 4258 301 4313 hzec
325 4260 649 4327 confratrCs,
674 4281 768 4319 rex
787 4266 1006 4336 inquam
1029 4280 1083 4324 et
1103 4272 1387 4345 episcopus
1412 4278 1769 4347 reconciliati,

186 4350 530 4423 invicemque
587 4356 807 4425 pietatis
844 4361 1021 4415 studio
1073 4377 1520 4435 perseverantes,
1553 4386 1769 4427 omnem

185 4444 495 4501 inimicicize
539 4451 852 4519 Scrupulum
891 4454 1147 4525 deinceps
1188 4461 1453 4531 amovere,‘
1482 4464 1764 4519 curabant.

186 4534 292 4589 Sel
324 4538 689 4607 archiprrsul,
738 4543 993 4599 divinitus
1024 4545 1074 4599 in
1099 4549 1307 4603 cunctis
1347 4552 1767 4623 humanitusque

1878 614 2069 655 somno
2096 601 2247 670 pacis
2273 612 2584 670 soporatus,
2618 602 2671 655 5.
2734 602 2855 656 ldus
2905 602 3158 657 Octobris
3204 605 3273 635 ’³⁸
3322 604 3471 673 (288)

1880 693 2105 745 fratrem
2129 692 2367 761 .reliquit
2394 693 2464 724 m
2507 695 2735 747 tristem.
2794 692 2953 747 Tales
2990 694 3366 748 insidianciutn
3401 695 3470 726 m

1883 782 2105 853 laqueos
2154 786 2570 852 compluresque
2626 784 2797 847 alios,
2847 785 2900 839 in
2947 787 3095 855 regni
3141 801 3203 840 ac
3250 788 3301 840 in
3339 802 3471 840 cura

1881 875 2092 944 imperii
2124 875 2193 929 49
2226 877 2393 931 ferme
2436 893 2608 931 annos
2646 887 2999 932 conversatus
3040 877 3166 933 Otto
3196 879 3469 948 profatus,

1880 965 2097 1021 Christo
2143 983 2201 1021 se
2252 967 2306 1020 in
2356 968 2609 1023 omnibus
2660 968 2728 1000 m
2780 969 2890 1038 (an.
2936 969 3063 1040 965)
3112 978 3472 1039 protegente,

1882 1070 2108 1112 securus
2143 1059 2316 1112 evasit
2347 1058 2410 1127 (f.
2435 1058 2569 1127 2ὖ’).
2623 1058 2798 1113 Pauca
2823 1060 3032 1115 locutus
3068 1077 3185 1115 smn
3215 1063 3278 1116 de
3311 1063 3474 1114 innu-

1882 1149 2231 1203 merabilibus
2258 1158 2314 1203 et
2341 1149 2443 1204 isto
2493 1150 2565 1180 ’³³
2606 1150 2755 1221 (289)
2810 1152 3124 1207 melioribus
3183 1152 3314 1205 tanti
3371 1153 3471 1206 viri

1882 1239 2133 1310 ingenuis
2157 1240 2370 1293 actibus
2396 1280 2409 1304 ,
2448 1239 2572 1307 quia
2600 1239 2736 1294 liber
2766 1256 2903 1295 unus
2938 1243 3005 1295 de
3036 1242 3274 1310 ejusdem
3307 1243 3473 1296 nobili

1883 1329 2294 1383 conversatione
2322 1329 2553 1400 pleuiter
2588 1329 2881 1399 inscriptus
2906 1331 3094 1402 (290),
3152 1347 3238 1386 me
3266 1331 3471 1402 aliquid

1882 1419 2091 1489 proibct
2116 1420 2335 1474 addere.

1956 1514 2044 1567 16.
2105 1513 2405 1582 Imperator
2455 1521 2636 1568 autem
2692 1513 2929 1568 fraterna
2980 1515 3133 1569 clade
3181 1514 3467 1581 turbatus,

1885 1605 2157 1661 Wohnero
2182 1646 2194 1670 ,
2227 1604 2468 1674 ejusdem
2500 1605 2751 1660 familiari
2783 1606 3065 1675 capellano
3094 1606 3194 1672 ⁸⁸⁷⁵,
3227 1606 3295 1661 ob
3317 1623 3471 1661 amo-

1884 1713 1998 1751 rcm
2027 1696 2144 1766 ejus
2169 1697 2541 1765 episcopatum
2567 1705 2621 1750 et
2650 1697 2831 1751 anime
2855 1713 3038 1751 curam
3067 1697 3293 1751 ﬁdeliter
3322 1714 3472 1752 com-

1884 1788 2175 1842 meudavit.
2232 1787 2348 1854 Quo
2397 1788 2619 1842 sedente
2654 1796 2863 1856 tempus
2902 1803 2931 1840 a
2971 1789 3079 1843 Deo
3105 1789 3206 1843 sibi
3240 1790 3473 1858 permis-

1879 1899 1998 1937 sum
2032 1882 2135 1945 ³³⁵,
2189 1891 2243 1935 et
2275 1882 2328 1934 in
2372 1882 2624 1935 omnibus
2660 1882 2842 1951 egreie
2895 1884 3277 1947 conversanti,
3320 1893 3375 1937 et
3403 1883 3472 1938 de

1878 1975 2055 2029 medio
2086 1973 2171 2027 15.
2204 1972 2322 2026 Kal.
2350 1972 2575 2043 Augusti
2605 1972 2753 2043 (967)
2786 1973 3085 2028 discedenti
3113 1974 3263 2045 (291)
3296 1972 3471 2038 (iero,

1880 2066 2053 2121 frater
2084 2065 2380 2121 'l‘hietmari
2412 2064 2483 2095 “°
2516 2063 2880 2127 marchionis.
2912 2082 2942 2119 a
2975 2065 3121 2121 clero
3143 2075 3197 2120 et
3224 2068 3291 2119 ab
3315 2066 3467 2120 omni

1876 2158 2075 2228 popqu
2112 2159 2318 2211 electus
2367 2166 2478 2219 est;
2523 2165 2575 2210 et
2614 2156 2715 2211 hoc
2761 2157 3072 2226 imperatori
3103 2174 3226 2214 nmx
3257 2160 3470 2213 adnuu-

1883 2252 2063 2304 tiatur.
2091 2250 2185 2304 llic
2210 2251 2332 2319 quia
2358 2251 2569 2319 preiato
2585 2249 2737 2304 fratri
2758 2265 2856 2304 suo
2877 2251 2947 2305 ob
2970 2251 3168 2305 multas
3185 2268 3471 2305 causarum

1879 2343 2088 2411 species
2123 2343 2296 2397 iratus
2349 2341 2478 2405 fuit,
2538 2344 2669 2397 dare
2707 2342 2833 2397 huic
2855 2342 3225 2412 episcopatum
3274 2343 3468 2397 noluit.

1878 2437 2085 2490 Interea
2111 2437 2186 2500 is',
2221 2436 2346 2505 quia
2378 2436 2690 2505 capellanus
2715 2447 2842 2491 tunc
2868 2447 3012 2500 erat,
3048 2438 3099 2491 in
3126 2454 3232 2491 uno
3259 2439 3468 2492 dicrmn

1880 2528 2101 2583 missam
2165 2528 2451 2582 celebrans
2503 2528 2555 2581 in
2610 2526 2772 2596 Papia
2831 2528 3081 2591 civitate,
3141 2529 3276 2582 vidit
3327 2528 3476 2585 solus

1879 2627 2127 2673 sanctum
2167 2617 2386 2671 Petrum
2423 2628 2477 2672 ct
2508 2619 2853 2673 Ambrosium
2894 2629 3084 2674 sancto
3138 2634 3197 2673 se
3249 2619 3472 2673 benedi-

1877 2718 2061 2762 centes
2090 2708 2210 2762 oleo
2237 2725 2250 2774 ;
2312 2718 2366 2763 et
2406 2710 2555 2762 nullo
2585 2709 2652 2741 “7
2687 2719 2813 2764 tunc
2843 2710 3101 2779 prodidit,
3139 2710 3233 2765 sed
3261 2720 3473 2765 tantum

1878 2795 2072 2850 divina:
2101 2796 2316 2864 pietatis
2348 2813 2544 2853 munus
2595 2814 2731 2867 equa
2774 2809 2954 2855 mente
2997 2801 3256 2870 portavit.
3298 2801 3472 2869 Impe-

1880 2893 2046 2947 ratori
2076 2892 2147 2924 ’³³
2174 2902 2353 2947 autem
2396 2894 2448 2947 in
2498 2902 2689 2949 sancto
2738 2892 3011 2949 dominice
3052 2895 3471 2949 resurrectionis

1878 2986 1964 3039 dic
1996 2986 2284 3057 cvaginato
2337 2986 2589 3055 apparuit
2644 2986 2867 3057 angelus
2917 2987 3135 3057 gladio,
3190 3003 3312 3041 cmn
3356 2985 3472 3055 jam

1880 3085 2199 3145 preparatus
2247 3086 2472 3145 excepta
2527 3091 2729 3131 corona
2787 3078 2854 3131 ad
2903 3078 3189 3132 ecclesiam
3248 3092 3473 3147 pergere

1880 3168 2173 3224 voluisset:
2214 3168 2368 3235 Nisi,
2411 3171 2695 3241 inquiens,
2747 3173 2800 3225 in
2828 3169 3030 3227 Gerone
3058 3174 3211 3227 hodie
3249 3173 3474 3243 comple-

1881 3264 2012 3318 veris
2042 3262 2371 3329 electionem,
2426 3264 2487 3334 (f.
2524 3264 2613 3329 26)
2676 3282 2891 3319 securus
2947 3283 3051 3319 non
3108 3265 3284 3319 evadis
3339 3265 3475 3318 hanc

1879 3353 2073 3406 sedem.
2110 3354 2481 3421 Expavescens
2516 3354 2585 3408 ob
2616 3355 2716 3409 hoc
2744 3370 2932 3409 cesar:
2988 3354 3282 3419 Damnum,
3320 3353 3473 3418 intit,

1879 3455 2058 3500 vocate
2098 3444 2375 3499 Geronem.
2407 3445 2578 3517 Eique
2608 3446 2675 3478 ’δ’
2705 3446 2953 3517 protinus
2997 3446 3236 3500 venienti
3283 3460 3471 3499 curam

1879 3538 2071 3593 baculo
2103 3539 2426 3607 pastoralem
2455 3540 2759 3600 commisit,
2803 3549 2857 3593 et
2886 3538 3271 3608 indulgentiam
3299 3539 3478 3592 humi~

1879 3629 2004 3683 liter
2030 3629 2364 3699 clllagltavit.
2408 3630 2505 3683 llic
2538 3646 2568 3683 a
2614 3628 2972 3700 suifraganeis
3015 3639 3199 3698 postea
3250 3630 3477 3684 benedi-

1878 3730 2027 3784 ctus,
2059 3730 2117 3773 ut
2147 3721 2315 3788 signis
2337 3719 2497 3774 hodie
2526 3720 2834 3773 declaratur
2856 3760 2870 3783 ,
2929 3736 3123 3773 nomen
3166 3729 3221 3773 et
3247 3720 3474 3773 olﬁtium

1878 3809 1990 3863 Deo
2040 3808 2456 3877 hominibusque
2499 3819 2723 3878 accepte
2746 3850 2760 3873 ,
2794 3810 2920 3863 dum
2958 3809 3095 3863 vixit
3142 3810 3287 3879 (292)
3316 3850 3329 3875 ,
3360 3818 3475 3864 tota

1879 3901 2075 3955 mentis
2131 3900 2414 3955 devotione
2470 3902 2727 3969 portavit.
2788 3899 2957 3969 llujus
3014 3910 3201 3955 sancta
3262 3910 3471 3965 mater,

1877 3990 2049 4045 Hidda
2080 3991 2151 4021 ’³ο
2189 3992 2405 4045 nomine
2453 3990 2634 4061 (295),
2676 3990 2975 4046 Jerusalem
3006 3991 3269 4045 orationis
3295 3992 3469 4060 gratia

1877 4091 2067 4152 petens
2096 4082 2314 4152 illicque
2350 4082 2653 4147 infirmata,
2706 4083 2844 4136 hanc
2884 4083 2999 4137 suis
3030 4082 3346 4150 legationem
3381 4097 3477 4151 pe-

1876 4172 2145 4242 dissequis
2192 4173 2631 4228 commendavit:
2687 4171 2996 4243 Egredienti
3043 4172 3234 4225 anima:
3269 4173 3475 4226 meimet

1873 4263 2183 4335 prolongata
2217 4265 2375 4335 hujus
2407 4264 2553 4318 exilii
2579 4264 2841 4328 incolatu,
2882 4280 3070 4333 corpus
3116 4279 3285 4316 meum
3316 4262 3475 4316 matri

1875 4366 2009 4409 terre
2030 4355 2264 4408 celeriter
2291 4355 2509 4421 tradite,
2548 4365 2594 4408 et
2625 4368 2747 4407 mox
2775 4365 2953 4408 euntes
2978 4394 2993 4419 ,
3042 4354 3155 4406 lucc
3188 4352 3301 4421 [ilio
3339 4370 3477 4407 nun-

1874 4448 2009 4500 ciate
2050 4446 2243 4501 Geroni
2270 4489 2284 4513 ,
2332 4464 2434 4518 quo
2480 4449 2766 4517 peregrina:
2804 4448 3042 4518 genitrici
3077 4462 3188 4500 sua:
3230 4446 3387 4499 talem
3419 4446 3475 4500 in

1877 4540 2030 4593 terris
2057 4556 2160 4592 non
2183 4539 2397 4609 deneget
2426 4540 2697 4607 honorem,
2730 4540 2937 4610 qualem
2959 4536 3076 4609 pius
3100 4538 3153 4591 in
3175 4537 3316 4591 caelis
3342 4537 3408 4589 de
3420 4550 3476 4588 re

1490 4666 1577 4721 VA
1589 4668 1723 4723 P.le
1760 4670 2165 4728 LECTIONES.

235 4773 618 4827 mluduunieo
656 4775 732 4829 lc.
807 4776 877 4811 m
901 4776 1073 4831 tribus
1101 4778 1185 4831 la.

180 4845 407 4900 frustrati
444 4846 490 4899 1.
570 4846 637 4876 ’³³
672 4845 733 4899 γ.
773 4847 844 4899 id.
876 4849 1085 4901 Octobr.
1128 4849 1254 4902 add.
1294 4850 1375 4902 ib.

180 4918 329 4970 histo
360 4918 441 4969 la.
524 4916 594 4946 ³⁸⁵
623 4916 903 4978 capellana
936 4918 984 4970 1.

178 4988 429 5056 Cumque
464 4988 547 5040 la.

1064 4920 1134 4950 ³³⁵
1158 4922 1477 4987 permissam
1506 4923 1587 4977 la.
1667 4924 1736 4954 ’³⁸

626 4988 695 5018 ⁵⁸⁸³
727 4988 815 5041 lda
853 5004 991 5041 corr.
1028 5005 1187 5043 manu
1214 4990 1437 5046 incerta.

1265 4779 1333 4809 ’³⁸
1365 4779 1472 4833 1111.
1514 4799 1564 4836 n.
1596 4782 1632 4834 f.
1671 4784 1797 4837 (ιλιι.
1832 4786 1920 4839 lb.

1453 4852 1521 4883 "‘°
1570 4854 1751 4919 reliqit
1798 4856 1844 4907 1.
1877 4858 2092 4922 sa'pius.
2123 4852 2137 4856 ⁷
2170 4858 2207 4891 ’⁸

1453 4923 1587 4977 nia.
1667 4924 1736 4954 ’³⁸
1795 4926 2083 4981 ιΙιὶωιιιιλιτὶ
2124 4930 2207 4981 la.

2002 4789 2073 4822 ’³⁸
2105 4787 2202 4856 ipsi
2239 4787 2319 4840 lc.
2398 4788 2465 4819 ’³⁷
2497 4789 2772 4856 primumu
2796 4803 3004 4841 erasum
3032 4788 3081 4839 l.
3113 4787 3326 4854 sa'pius.
3405 4785 3475 4856 ’ῗθ

2170 4804 2319 4840 SI‘IC.
2535 4804 3326 4854 rmmmuerasumr.sa'pms.
3407 4804 3474 4815 -

2170 4858 2241 4891 '“
2299 4804 2683 4912 insiamiicium
2745 4860 2795 4911 1.
2878 4857 2948 4889 ’δ’
2999 4858 3213 4909 omibus
3271 4857 3320 4907 1.
3403 4855 3474 4885 ⁸⁸⁸

2286 4928 2355 4959 ’⁸⁷
2408 4926 2539 4982 nulli
2595 4930 2674 4981 lc.
2753 4927 2824 4959 ’⁵⁸
2875 4927 3206 4998 lmpcratorc
3272 4927 3321 4977 l.
3403 4925 3475 4958 ""

1686 5106 1917 5164 NOTAE.

184 5220 187 5221 ν
274 5230 408 5297 285)
450 5229 513 5282 ν.
547 5230 685 5285 Ann.
723 5231 999 5293 Fuldens.,
1035 5231 1375 5298 Corheiens.,
1418 5251 1468 5289 a.
1500 5237 1625 5292 880.
1655 5238 1771 5293 Wi-

179 5301 385 5355 dnkind
407 5301 425 5355 1
445 5342 458 5361 .
492 5302 573 5356 15.

254 5371 405 5439 (286)
447 5372 509 5425 ν.
537 5387 697 5440 supra
728 5388 847 5443 cap.
872 5377 926 5440 5,
972 5384 1083 5431 not.
1141 5373 1267 5428 227.
1317 5375 1467 5430 (Iuno
1493 5379 1607 5434 sive
1633 5378 1771 5435 Con-

181 5445 378 5502 radus.
404 5458 572 5511 gener
594 5443 826 5498 Ottonis.

250 5513 404 5583 (287)
446 5513 605 5567 Errat
640 5524 847 5569 auctor.
880 5516 1147 5571 Volcmeri
1205 5517 1532 5573 mentionem
1576 5521 1629 5574 ir.-
1685 5524 1769 5577 his

178 5583 337 5635 libris
363 5592 523 5637 antea
557 5601 660 5637 non
690 5585 837 5640 fecit.

253 5654 405 5723 (288)
558 5655 782 5728 Kalend.
820 5656 1151 5728 Mcrscburg.
1194 5658 1250 5711 h.
1280 5658 1333 5713 d.
1368 5657 1511 5714 Obiit
1540 5678 1589 5715 a.
1621 5662 1725 5717 965
1752 5704 1765 5726 ,

181 5739 228 5775 v.
265 5735 413 5796 eunt.
451 5723 641 5796 Regiu.

254 5794 403 5864 (289)
444 5796 484 5849 1.
514 5794 562 5851 ei.
589 5798 964 5869 conjnratione
989 5801 1147 5855 modo
1176 5810 1413 5855 narrata.

1952 5240 2100 5307 (290)
2142 5240 2232 5294 Sc.
2266 5240 2527 5310 Ruotgcri
2545 5238 2701 5310 _Vita_
2718 5236 3005 5310 Brunonis.

1952 5305 2100 5379 (291)
2144 5310 2206 5365 V.
2244 5305 2471 5364 Kalend.
2515 5308 2852 5379 Mersehurg.
2892 5307 2947 5360 lt.
3083 5305 3233 5379 Obiit
3264 5320 3314 5379 ῃ.
3346 5305 3471 5379 997.

1878 5376 2035 5435 Conf.
2084 5376 2272 5451 Regin.
2308 5390 2456 5435 cont.
2504 5378 2779 5451 Lamberti
2829 5376 3068 5451 Annales
3114 5393 3165 5429 a.
3210 5376 3334 5429 965.
3392 5376 3470 5429 Ιιι.

1876 5454 2022 5507 Ann.
2057 5447 2244 5506 Colon.
2277 5450 2548 5519 Popponis
2577 5464 2769 5501 qunen
2797 5447 2846 5501 ei
2882 5448 3157 5501 tribuitur.

1951 5523 2099 5589 (292)
2140 5521 2282 5575 Gcro
2310 5518 2451 5574 sedit
2482 5535 2652 5586 usque
2676 5518 2799 5573 975.

1951 5587 2099 5662 (293)
2142 5593 2215 5644 De
2246 5594 2345 5644 hac
2368 5591 2457 5662 Ida
2489 5590 2734 5662 sallidda
2763 5605 2815 5641 v.
2847 5587 3101 5662 Chronic.
3137 5587 3332 5641 Montis
3371 5588 3471 5643 Se-

1874 5658 1987 5716 reni
2035 5658 2089 5717 ει.
2139 5662 2295 5715 1171.
2336 5661 2463 5717 lnde
2511 5660 2773 5714 discimus
2841 5673 2960 5712 cam
3015 5658 3181 5712 fuisse
3229 5674 3470 5713 sororem

1873 5734 2104 5785 Geminis
2129 5732 2461 5785 marcltionis
2486 5742 2538 5786 et
2565 5730 2749 5787 Sifridi
2776 5728 2993 5785 comitis
3014 5772 3028 5798 ,
3055 5740 3214 5800 atque
3245 5738 3469 5799 nuptam
3554 5750 3561 5757 ·

1873 5804 2183 5857 Christiano
2217 5803 2425 5857 comiti.
