  <div class='ocr_page' id='page_1' title='image "/cluster/home/n/w/nwhite01/storage/ocr_20150623/139/hvd.32044015471782/613.png"; bbox 0 0 4042 5300; ppageno 0'>
   <div class='ocr_carea' id='block_1_1' title="bbox 521 256 630 312">
    <p class='ocr_par' dir='ltr' id='par_1_1' title="bbox 521 256 630 312">
     <span class='ocr_line' id='line_1_1' title="bbox 521 256 630 312; baseline -0.018 0"><span class='ocrx_word' id='word_1_1' title='bbox 521 256 630 312; x_wconf 73' lang='grc'><strong>215</strong></span> 
     </span>
    </p>
   </div>
   <div class='ocr_carea' id='block_1_2' title="bbox 1408 259 2801 318">
    <p class='ocr_par' dir='ltr' id='par_1_2' title="bbox 1408 259 2801 318">
     <span class='ocr_line' id='line_1_2' title="bbox 1408 259 2801 318; baseline 0 -4"><span class='ocrx_word' id='word_1_2' title='bbox 1408 259 1786 315; x_wconf 60' lang='grc' dir='ltr'><strong>Τιιιιετλιλιιι</strong></span> <span class='ocrx_word' id='word_1_3' title='bbox 1829 260 2459 318; x_wconf 68' lang='grc' dir='ltr'><strong>ΜΕιὶΒΕΒυΙὶς-ΕΝΒΙΞ</strong></span> <span class='ocrx_word' id='word_1_4' title='bbox 2497 259 2801 318; x_wconf 79' lang='lat' dir='ltr'><strong>EPISCOPI</strong></span> 
     </span>
    </p>
   </div>
   <div class='ocr_carea' id='block_1_3' title="bbox 3615 260 3752 318">
    <p class='ocr_par' dir='ltr' id='par_1_3' title="bbox 3615 260 3752 318">
     <span class='ocr_line' id='line_1_3' title="bbox 3615 260 3752 318; baseline 0.007 -1"><span class='ocrx_word' id='word_1_5' title='bbox 3615 260 3752 318; x_wconf 67' lang='grc' dir='ltr'><strong>ιξιθ</strong></span> 
     </span>
    </p>
   </div>
   <div class='ocr_carea' id='block_1_4' title="bbox 479 366 3759 447">
    <p class='ocr_par' dir='ltr' id='par_1_4' title="bbox 479 366 3759 447">
     <span class='ocr_line' id='line_1_4' title="bbox 479 366 3759 447; baseline 0.002 -23"><span class='ocrx_word' id='word_1_6' title='bbox 479 371 727 441; x_wconf 80' lang='lat' dir='ltr'><strong>dignatus</strong></span> <span class='ocrx_word' id='word_1_7' title='bbox 739 381 817 427; x_wconf 76' lang='lat' dir='ltr'><strong>est</strong></span> <span class='ocrx_word' id='word_1_8' title='bbox 836 370 995 430; x_wconf 86' lang='lat' dir='ltr'><strong>Deus.</strong></span> <span class='ocrx_word' id='word_1_9' title='bbox 1026 383 1074 425; x_wconf 80' lang='lat' dir='ltr'><strong>et</strong></span> <span class='ocrx_word' id='word_1_10' title='bbox 1090 371 1255 427; x_wconf 80' lang='lat' dir='ltr'><strong>altare</strong></span> <span class='ocrx_word' id='word_1_11' title='bbox 1271 373 1397 426; x_wconf 62' lang='lat' dir='ltr'><strong>mihi</strong></span> <span class='ocrx_word' id='word_1_12' title='bbox 1420 373 1724 430; x_wconf 72' lang='lat' dir='ltr'><strong>intrcclesia</strong></span> <span class='ocrx_word' id='word_1_13' title='bbox 1750 386 2073 432; x_wconf 68' lang='lat' dir='ltr'><strong>sanctwcono</strong></span> <span class='ocrx_word' id='word_1_14' title='bbox 2102 382 2147 437; x_wconf 76' lang='grc' dir='ltr'>Α</span> <span class='ocrx_word' id='word_1_15' title='bbox 2176 377 2433 447; x_wconf 80' lang='lat' dir='ltr'><strong>quamdiu</strong></span> <span class='ocrx_word' id='word_1_16' title='bbox 2458 377 2547 432; x_wconf 78' lang='lat' dir='ltr'><strong>hic</strong></span> <span class='ocrx_word' id='word_1_17' title='bbox 2570 366 2945 447; x_wconf 82' lang='lat' dir='ltr'><strong>peregrinatus</strong></span> <span class='ocrx_word' id='word_1_18' title='bbox 2967 384 3052 430; x_wconf 87' lang='lat' dir='ltr'><strong>est</strong></span> <span class='ocrx_word' id='word_1_19' title='bbox 3072 415 3088 438; x_wconf 89' lang='lat'><strong>,</strong></span> <span class='ocrx_word' id='word_1_20' title='bbox 3114 375 3269 445; x_wconf 77' lang='lat' dir='ltr'><strong>juxta</strong></span> <span class='ocrx_word' id='word_1_21' title='bbox 3297 374 3396 433; x_wconf 85' lang='lat' dir='ltr'><strong>Dei</strong></span> <span class='ocrx_word' id='word_1_22' title='bbox 3422 373 3759 432; x_wconf 80' lang='lat' dir='ltr'><strong>voluntatem</strong></span> 
     </span>
    </p>
   </div>
   <div class='ocr_carea' id='block_1_5' title="bbox 480 461 2072 535">
    <p class='ocr_par' dir='ltr' id='par_1_5' title="bbox 480 461 2072 535">
     <span class='ocr_line' id='line_1_5' title="bbox 480 461 2072 535; baseline 0.001 -19"><span class='ocrx_word' id='word_1_23' title='bbox 480 464 664 516; x_wconf 58' lang='lat' dir='ltr'><strong>ritual</strong></span> <span class='ocrx_word' id='word_1_24' title='bbox 680 461 911 517; x_wconf 66' lang='lat' dir='ltr'><strong>Cccilice.</strong></span> <span class='ocrx_word' id='word_1_25' title='bbox 936 461 1156 517; x_wconf 79' lang='lat' dir='ltr'><strong>Talibus</strong></span> <span class='ocrx_word' id='word_1_26' title='bbox 1171 464 1441 531; x_wconf 74' lang='lat' dir='ltr'><strong>preecptis</strong></span> <span class='ocrx_word' id='word_1_27' title='bbox 1460 465 1665 519; x_wconf 83' lang='lat' dir='ltr'><strong>devotae</strong></span> <span class='ocrx_word' id='word_1_28' title='bbox 1691 464 2072 535; x_wconf 83' lang='lat' dir='ltr'><strong>obtemperan-</strong></span> 
     </span>
    </p>
   </div>
   <div class='ocr_carea' id='block_1_6' title="bbox 484 553 2074 624">
    <p class='ocr_par' dir='ltr' id='par_1_6' title="bbox 484 553 2074 624">
     <span class='ocr_line' id='line_1_6' title="bbox 484 553 2074 624; baseline 0.001 -19"><span class='ocrx_word' id='word_1_29' title='bbox 484 563 564 607; x_wconf 76' lang='lat' dir='ltr'><strong>tes</strong></span> <span class='ocrx_word' id='word_1_30' title='bbox 580 553 798 617; x_wconf 84' lang='lat' dir='ltr'><strong>famule.</strong></span> <span class='ocrx_word' id='word_1_31' title='bbox 816 553 1087 608; x_wconf 86' lang='lat' dir='ltr'><strong>dominam</strong></span> <span class='ocrx_word' id='word_1_32' title='bbox 1104 568 1257 607; x_wconf 89' lang='lat' dir='ltr'><strong>suam</strong></span> <span class='ocrx_word' id='word_1_33' title='bbox 1274 564 1396 624; x_wconf 90' lang='lat' dir='ltr'><strong>post</strong></span> <span class='ocrx_word' id='word_1_34' title='bbox 1413 554 1528 609; x_wconf 72' lang='lat' dir='ltr'><strong>haec</strong></span> <span class='ocrx_word' id='word_1_35' title='bbox 1544 554 1776 610; x_wconf 76' lang='lat' dir='ltr'><strong>feliciter</strong></span> <span class='ocrx_word' id='word_1_36' title='bbox 1788 555 2074 624; x_wconf 83' lang='lat' dir='ltr'><strong>exspiran-</strong></span> 
     </span>
    </p>
   </div>
   <div class='ocr_carea' id='block_1_7' title="bbox 484 645 2069 717">
    <p class='ocr_par' dir='ltr' id='par_1_7' title="bbox 484 645 2069 717">
     <span class='ocr_line' id='line_1_7' title="bbox 484 645 2069 717; baseline -0.001 -15"><span class='ocrx_word' id='word_1_37' title='bbox 484 657 592 702; x_wconf 87' lang='lat' dir='ltr'><strong>tem</strong></span> <span class='ocrx_word' id='word_1_38' title='bbox 624 645 980 717; x_wconf 88' lang='lat' dir='ltr'><strong>sepelierunt,</strong></span> <span class='ocrx_word' id='word_1_39' title='bbox 1019 655 1074 702; x_wconf 91' lang='lat' dir='ltr'><strong>et</strong></span> <span class='ocrx_word' id='word_1_40' title='bbox 1094 648 1279 702; x_wconf 73' lang='lat' dir='ltr'><strong>statim</strong></span> <span class='ocrx_word' id='word_1_41' title='bbox 1311 647 1626 703; x_wconf 81' lang='lat' dir='ltr'><strong>recedentes</strong></span> <span class='ocrx_word' id='word_1_42' title='bbox 1647 689 1661 713; x_wconf 89' lang='lat'><strong>,</strong></span> <span class='ocrx_word' id='word_1_43' title='bbox 1699 648 1975 703; x_wconf 87' lang='lat' dir='ltr'><strong>miseriam</strong></span> <span class='ocrx_word' id='word_1_44' title='bbox 1998 646 2069 678; x_wconf 79' lang='grc'><strong>¹³¹</strong></span> 
     </span>
    </p>
   </div>
   <div class='ocr_carea' id='block_1_8' title="bbox 486 738 2073 810">
    <p class='ocr_par' dir='ltr' id='par_1_8' title="bbox 486 738 2073 810">
     <span class='ocr_line' id='line_1_8' title="bbox 486 738 2073 810; baseline -0.002 -15"><span class='ocrx_word' id='word_1_45' title='bbox 486 740 671 795; x_wconf 79' lang='lat' dir='ltr'><strong>inscia:</strong></span> <span class='ocrx_word' id='word_1_46' title='bbox 733 740 1056 810; x_wconf 80' lang='lat' dir='ltr'><strong>cﬂngierunt</strong></span> <span class='ocrx_word' id='word_1_47' title='bbox 1110 740 1542 795; x_wconf 85' lang='lat' dir='ltr'><strong>subsecuturam.</strong></span> <span class='ocrx_word' id='word_1_48' title='bbox 1611 739 1745 794; x_wconf 82' lang='lat' dir='ltr'><strong>Nam</strong></span> <span class='ocrx_word' id='word_1_49' title='bbox 1812 738 2073 795; x_wconf 85' lang='lat' dir='ltr'><strong>Saraceni</strong></span> 
     </span>
    </p>
   </div>
   <div class='ocr_carea' id='block_1_9' title="bbox 484 828 2077 901">
    <p class='ocr_par' dir='ltr' id='par_1_9' title="bbox 484 828 2077 901">
     <span class='ocr_line' id='line_1_9' title="bbox 484 828 2077 901; baseline 0.001 -18"><span class='ocrx_word' id='word_1_50' title='bbox 484 828 863 885; x_wconf 84' lang='lat' dir='ltr'><strong>Jerusolimam</strong></span> <span class='ocrx_word' id='word_1_51' title='bbox 923 844 1051 886; x_wconf 88' lang='lat' dir='ltr'><strong>tunc</strong></span> <span class='ocrx_word' id='word_1_52' title='bbox 1107 832 1420 886; x_wconf 76' lang='lat' dir='ltr'><strong>invadentes</strong></span> <span class='ocrx_word' id='word_1_53' title='bbox 1472 829 1622 901; x_wconf 65' lang='grc'>(294)</span> <span class='ocrx_word' id='word_1_54' title='bbox 1683 829 1757 885; x_wconf 91' lang='lat' dir='ltr'><strong>nil</strong></span> <span class='ocrx_word' id='word_1_55' title='bbox 1807 829 2077 899; x_wconf 87' lang='lat' dir='ltr'><strong>reliquere</strong></span> 
     </span>
    </p>
   </div>
   <div class='ocr_carea' id='block_1_10' title="bbox 485 919 2076 1001">
    <p class='ocr_par' dir='ltr' id='par_1_10' title="bbox 485 919 2076 1001">
     <span class='ocr_line' id='line_1_10' title="bbox 485 919 2076 1001; baseline 0.001 -29"><span class='ocrx_word' id='word_1_56' title='bbox 485 921 673 986; x_wconf 85' lang='lat' dir='ltr'><strong>vietis,</strong></span> <span class='ocrx_word' id='word_1_57' title='bbox 703 922 847 990; x_wconf 88' lang='lat' dir='ltr'><strong>quod</strong></span> <span class='ocrx_word' id='word_1_58' title='bbox 876 931 1063 977; x_wconf 90' lang='lat' dir='ltr'><strong>sancta</strong></span> <span class='ocrx_word' id='word_1_59' title='bbox 1090 921 1161 954; x_wconf 80' lang='grc'><strong>³⁸³</strong></span> <span class='ocrx_word' id='word_1_60' title='bbox 1192 922 1271 977; x_wconf 90' lang='lat' dir='ltr'><strong>eis</strong></span> <span class='ocrx_word' id='word_1_61' title='bbox 1294 920 1431 1001; x_wconf 76' lang='lat' dir='ltr'><strong>claui</strong></span> <span class='ocrx_word' id='word_1_62' title='bbox 1464 929 1592 976; x_wconf 90' lang='lat' dir='ltr'><strong>tunc</strong></span> <span class='ocrx_word' id='word_1_63' title='bbox 1620 920 1854 991; x_wconf 77' lang='lat' dir='ltr'><strong>predixit</strong></span> <span class='ocrx_word' id='word_1_64' title='bbox 1875 920 1937 991; x_wconf 86' lang='lat' dir='ltr'><strong>(f.</strong></span> <span class='ocrx_word' id='word_1_65' title='bbox 1964 919 2076 989; x_wconf 71' lang='lat'><strong>26&#39;)</strong></span> 
     </span>
    </p>
   </div>
   <div class='ocr_carea' id='block_1_11' title="bbox 486 1008 2077 1080">
    <p class='ocr_par' dir='ltr' id='par_1_11' title="bbox 486 1008 2077 1080">
     <span class='ocr_line' id='line_1_11' title="bbox 486 1008 2077 1080; baseline 0 -17"><span class='ocrx_word' id='word_1_66' title='bbox 486 1018 736 1066; x_wconf 85' lang='lat' dir='ltr'><strong>matrona</strong></span> <span class='ocrx_word' id='word_1_67' title='bbox 759 1050 776 1077; x_wconf 95' lang='lat'><strong>,</strong></span> <span class='ocrx_word' id='word_1_68' title='bbox 816 1027 941 1066; x_wconf 91' lang='lat' dir='ltr'><strong>cum</strong></span> <span class='ocrx_word' id='word_1_69' title='bbox 989 1027 1047 1066; x_wconf 88' lang='lat' dir='ltr'><strong>se</strong></span> <span class='ocrx_word' id='word_1_70' title='bbox 1079 1019 1349 1067; x_wconf 82' lang='lat' dir='ltr'><strong>mortuam</strong></span> <span class='ocrx_word' id='word_1_71' title='bbox 1375 1010 1534 1078; x_wconf 85' lang='lat' dir='ltr'><strong>jussit</strong></span> <span class='ocrx_word' id='word_1_72' title='bbox 1564 1024 1794 1080; x_wconf 83' lang='lat' dir='ltr'><strong>propere</strong></span> <span class='ocrx_word' id='word_1_73' title='bbox 1826 1008 2077 1063; x_wconf 90' lang='lat' dir='ltr'><strong>tumulari</strong></span> 
     </span>
    </p>
   </div>
   <div class='ocr_carea' id='block_1_12' title="bbox 487 1101 2076 1167">
    <p class='ocr_par' dir='ltr' id='par_1_12' title="bbox 487 1101 2076 1167">
     <span class='ocr_line' id='line_1_12' title="bbox 487 1101 2076 1167; baseline -0.003 -10"><span class='ocrx_word' id='word_1_74' title='bbox 487 1113 544 1157; x_wconf 85' lang='lat' dir='ltr'><strong>et</strong></span> <span class='ocrx_word' id='word_1_75' title='bbox 572 1118 698 1158; x_wconf 88' lang='lat' dir='ltr'><strong>suas</strong></span> <span class='ocrx_word' id='word_1_76' title='bbox 721 1103 893 1159; x_wconf 88' lang='lat' dir='ltr'><strong>abire.</strong></span> <span class='ocrx_word' id='word_1_77' title='bbox 924 1103 1213 1167; x_wconf 66' lang='lat' dir='ltr'><strong>Venientes</strong></span> <span class='ocrx_word' id='word_1_78' title='bbox 1226 1114 1407 1157; x_wconf 88' lang='lat' dir='ltr'><strong>autem</strong></span> <span class='ocrx_word' id='word_1_79' title='bbox 1425 1104 1524 1157; x_wconf 81' lang='lat' dir='ltr'><strong>hee</strong></span> <span class='ocrx_word' id='word_1_80' title='bbox 1548 1101 1851 1164; x_wconf 74' lang='lat' dir='ltr'><strong>Coloniam.</strong></span> <span class='ocrx_word' id='word_1_81' title='bbox 1882 1111 2076 1155; x_wconf 84' lang='lat' dir='ltr'><strong>cuncta</strong></span> 
     </span>
    </p>
   </div>
   <div class='ocr_carea' id='block_1_13' title="bbox 487 1193 2077 1267">
    <p class='ocr_par' dir='ltr' id='par_1_13' title="bbox 487 1193 2077 1267">
     <span class='ocr_line' id='line_1_13' title="bbox 487 1193 2077 1267; baseline 0 -17"><span class='ocrx_word' id='word_1_82' title='bbox 487 1195 901 1267; x_wconf 77' lang='lat' dir='ltr'><strong>archiepiscopo</strong></span> <span class='ocrx_word' id='word_1_83' title='bbox 933 1199 1174 1267; x_wconf 87' lang='lat' dir='ltr'><strong>pandunt</strong></span> <span class='ocrx_word' id='word_1_84' title='bbox 1206 1196 1416 1251; x_wconf 88' lang='lat' dir='ltr'><strong>ordine.</strong></span> <span class='ocrx_word' id='word_1_85' title='bbox 1464 1194 1621 1263; x_wconf 87' lang='lat' dir='ltr'><strong>&#39;Quas</strong></span> <span class='ocrx_word' id='word_1_86' title='bbox 1660 1194 1803 1250; x_wconf 90' lang='lat' dir='ltr'><strong>idem</strong></span> <span class='ocrx_word' id='word_1_87' title='bbox 1845 1193 2077 1265; x_wconf 79' lang='lat' dir='ltr'><strong>benigne</strong></span> 
     </span>
    </p>
   </div>
   <div class='ocr_carea' id='block_1_14' title="bbox 488 1285 2078 1359">
    <p class='ocr_par' dir='ltr' id='par_1_14' title="bbox 488 1285 2078 1359">
     <span class='ocr_line' id='line_1_14' title="bbox 488 1285 2078 1359; baseline -0.001 -19"><span class='ocrx_word' id='word_1_88' title='bbox 488 1289 818 1359; x_wconf 84' lang='lat' dir='ltr'><strong>suscipiens.</strong></span> <span class='ocrx_word' id='word_1_89' title='bbox 855 1289 962 1343; x_wconf 89' lang='lat' dir='ltr'><strong>Deo</strong></span> <span class='ocrx_word' id='word_1_90' title='bbox 992 1288 1193 1357; x_wconf 69' lang='lat' dir='ltr'><strong>gratias</strong></span> <span class='ocrx_word' id='word_1_91' title='bbox 1222 1289 1332 1358; x_wconf 86' lang='lat' dir='ltr'><strong>egit</strong></span> <span class='ocrx_word' id='word_1_92' title='bbox 1374 1297 1430 1343; x_wconf 88' lang='lat' dir='ltr'><strong>et</strong></span> <span class='ocrx_word' id='word_1_93' title='bbox 1477 1286 1638 1356; x_wconf 69' lang='lat' dir='ltr'><strong>justce</strong></span> <span class='ocrx_word' id='word_1_94' title='bbox 1667 1285 1908 1354; x_wconf 80' lang='lat' dir='ltr'><strong>ejusdem</strong></span> <span class='ocrx_word' id='word_1_95' title='bbox 1938 1285 2078 1356; x_wconf 89' lang='lat' dir='ltr'><strong>peti-</strong></span> 
     </span>
    </p>
   </div>
   <div class='ocr_carea' id='block_1_15' title="bbox 488 1379 2081 1450">
    <p class='ocr_par' dir='ltr' id='par_1_15' title="bbox 488 1379 2081 1450">
     <span class='ocr_line' id='line_1_15' title="bbox 488 1379 2081 1450; baseline -0.001 -16"><span class='ocrx_word' id='word_1_96' title='bbox 488 1382 629 1435; x_wconf 90' lang='lat' dir='ltr'><strong>cioni</strong></span> <span class='ocrx_word' id='word_1_97' title='bbox 654 1380 940 1437; x_wconf 77' lang='lat' dir='ltr'><strong>satisfecit.</strong></span> <span class='ocrx_word' id='word_1_98' title='bbox 987 1383 1051 1434; x_wconf 68' lang='lat' dir='ltr'><strong>L‘t</strong></span> <span class='ocrx_word' id='word_1_99' title='bbox 1079 1382 1205 1449; x_wconf 83' lang='lat' dir='ltr'><strong>quia</strong></span> <span class='ocrx_word' id='word_1_100' title='bbox 1236 1396 1403 1450; x_wconf 87' lang='lat' dir='ltr'><strong>pauca</strong></span> <span class='ocrx_word' id='word_1_101' title='bbox 1436 1381 1647 1437; x_wconf 86' lang='lat' dir='ltr'><strong>loeutus</strong></span> <span class='ocrx_word' id='word_1_102' title='bbox 1677 1380 1893 1435; x_wconf 89' lang='lat' dir='ltr'><strong>sum-de</strong></span> <span class='ocrx_word' id='word_1_103' title='bbox 1924 1379 2081 1433; x_wconf 87' lang='lat' dir='ltr'><strong>laude</strong></span> 
     </span>
    </p>
   </div>
   <div class='ocr_carea' id='block_1_16' title="bbox 488 1468 2082 1540">
    <p class='ocr_par' dir='ltr' id='par_1_16' title="bbox 488 1468 2082 1540">
     <span class='ocr_line' id='line_1_16' title="bbox 488 1468 2082 1540; baseline 0 -19"><span class='ocrx_word' id='word_1_104' title='bbox 488 1468 673 1537; x_wconf 74' lang='lat' dir='ltr'><strong>ignota</strong></span> <span class='ocrx_word' id='word_1_105' title='bbox 727 1471 866 1525; x_wconf 91' lang='lat' dir='ltr'><strong>tanti</strong></span> <span class='ocrx_word' id='word_1_106' title='bbox 913 1469 1192 1540; x_wconf 73' lang='lat' dir='ltr'><strong>pra-salis,</strong></span> <span class='ocrx_word' id='word_1_107' title='bbox 1224 1470 1354 1526; x_wconf 89' lang='lat' dir='ltr'><strong>libet</strong></span> <span class='ocrx_word' id='word_1_108' title='bbox 1406 1472 1459 1525; x_wconf 93' lang='lat' dir='ltr'><strong>in</strong></span> <span class='ocrx_word' id='word_1_109' title='bbox 1505 1471 1856 1538; x_wconf 80' lang='lat' dir='ltr'><strong>sequentibus</strong></span> <span class='ocrx_word' id='word_1_110' title='bbox 1899 1478 2082 1523; x_wconf 86' lang='lat' dir='ltr'><strong>cetera</strong></span> 
     </span>
    </p>
   </div>
   <div class='ocr_carea' id='block_1_17' title="bbox 490 1559 2083 1637">
    <p class='ocr_par' dir='ltr' id='par_1_17' title="bbox 490 1559 2083 1637">
     <span class='ocr_line' id='line_1_17' title="bbox 490 1559 2083 1637; baseline 0.004 -25"><span class='ocrx_word' id='word_1_111' title='bbox 490 1559 795 1637; x_wconf 82' lang='lat' dir='ltr'><strong>disserere,</strong></span> <span class='ocrx_word' id='word_1_112' title='bbox 825 1570 885 1616; x_wconf 85' lang='lat' dir='ltr'><strong>ut</strong></span> <span class='ocrx_word' id='word_1_113' title='bbox 907 1563 963 1616; x_wconf 93' lang='lat' dir='ltr'><strong>in</strong></span> <span class='ocrx_word' id='word_1_114' title='bbox 982 1562 1065 1617; x_wconf 91' lang='lat' dir='ltr'><strong>his</strong></span> <span class='ocrx_word' id='word_1_115' title='bbox 1085 1563 1254 1618; x_wconf 87' lang='lat' dir='ltr'><strong>virtus</strong></span> <span class='ocrx_word' id='word_1_116' title='bbox 1274 1563 1512 1632; x_wconf 82' lang='lat' dir='ltr'><strong>ejusdem</strong></span> <span class='ocrx_word' id='word_1_117' title='bbox 1533 1563 1709 1619; x_wconf 84' lang='lat' dir='ltr'><strong>valeat</strong></span> <span class='ocrx_word' id='word_1_118' title='bbox 1731 1562 2083 1619; x_wconf 86' lang='lat' dir='ltr'><strong>enucleacius</strong></span> 
     </span>
    </p>
   </div>
   <div class='ocr_carea' id='block_1_18' title="bbox 494 1667 779 1720">
    <p class='ocr_par' dir='ltr' id='par_1_18' title="bbox 494 1667 779 1720">
     <span class='ocr_line' id='line_1_18' title="bbox 494 1667 779 1720; baseline 0.011 -16"><span class='ocrx_word' id='word_1_119' title='bbox 494 1667 630 1720; x_wconf 88' lang='lat' dir='ltr'><strong>appa</strong></span> <span class='ocrx_word' id='word_1_120' title='bbox 641 1668 779 1707; x_wconf 83' lang='lat' dir='ltr'><strong>rerc.‘</strong></span> 
     </span>
    </p>
   </div>
   <div class='ocr_carea' id='block_1_19' title="bbox 2176 466 3764 539">
    <p class='ocr_par' dir='ltr' id='par_1_19' title="bbox 2176 466 3764 539">
     <span class='ocr_line' id='line_1_19' title="bbox 2176 466 3764 539; baseline -0.001 -13"><span class='ocrx_word' id='word_1_121' title='bbox 2176 470 2291 526; x_wconf 80' lang='lat' dir='ltr'><strong>fieri</strong></span> <span class='ocrx_word' id='word_1_122' title='bbox 2325 470 2469 526; x_wconf 90' lang='lat' dir='ltr'><strong>idem</strong></span> <span class='ocrx_word' id='word_1_123' title='bbox 2496 484 2710 539; x_wconf 81' lang='lat' dir='ltr'><strong>semper</strong></span> <span class='ocrx_word' id='word_1_124' title='bbox 2738 468 2964 537; x_wconf 87' lang='lat' dir='ltr'><strong>optavit.</strong></span> <span class='ocrx_word' id='word_1_125' title='bbox 3013 466 3125 522; x_wconf 82' lang='lat' dir='ltr'><strong>llas</strong></span> <span class='ocrx_word' id='word_1_126' title='bbox 3157 468 3226 523; x_wconf 88' lang='lat' dir='ltr'><strong>de</strong></span> <span class='ocrx_word' id='word_1_127' title='bbox 3253 468 3465 524; x_wconf 87' lang='lat' dir='ltr'><strong>duobus</strong></span> <span class='ocrx_word' id='word_1_128' title='bbox 3490 468 3764 539; x_wconf 81' lang='lat' dir='ltr'><strong>episcopis</strong></span> 
     </span>
    </p>
   </div>
   <div class='ocr_carea' id='block_1_20' title="bbox 2174 558 3764 630">
    <p class='ocr_par' dir='ltr' id='par_1_20' title="bbox 2174 558 3764 630">
     <span class='ocr_line' id='line_1_20' title="bbox 2174 558 3764 630; baseline -0.001 -14"><span class='ocrx_word' id='word_1_129' title='bbox 2174 562 2471 616; x_wconf 89' lang='lat' dir='ltr'><strong>sententias</strong></span> <span class='ocrx_word' id='word_1_130' title='bbox 2527 559 2649 616; x_wconf 90' lang='lat' dir='ltr'><strong>ideo</strong></span> <span class='ocrx_word' id='word_1_131' title='bbox 2698 558 2928 630; x_wconf 90' lang='lat' dir='ltr'><strong>protuli,</strong></span> <span class='ocrx_word' id='word_1_132' title='bbox 2989 567 3050 614; x_wconf 92' lang='lat' dir='ltr'><strong>ut</strong></span> <span class='ocrx_word' id='word_1_133' title='bbox 3111 559 3295 625; x_wconf 87' lang='lat' dir='ltr'><strong>scias,</strong></span> <span class='ocrx_word' id='word_1_134' title='bbox 3348 559 3567 623; x_wconf 87' lang='lat' dir='ltr'><strong>lector,</strong></span> <span class='ocrx_word' id='word_1_135' title='bbox 3621 561 3764 629; x_wconf 85' lang='lat' dir='ltr'><strong>quod</strong></span> 
     </span>
    </p>
   </div>
   <div class='ocr_carea' id='block_1_21' title="bbox 2102 650 3764 722">
    <p class='ocr_par' dir='ltr' id='par_1_21' title="bbox 2102 650 3764 722">
     <span class='ocr_line' id='line_1_21' title="bbox 2102 650 3764 722; baseline -0.002 -14"><span class='ocrx_word' id='word_1_136' title='bbox 2102 710 2109 715; x_wconf 70' lang='grc'>,</span> <span class='ocrx_word' id='word_1_137' title='bbox 2176 652 2390 709; x_wconf 86' lang='lat' dir='ltr'><strong>celestis</strong></span> <span class='ocrx_word' id='word_1_138' title='bbox 2416 652 2591 722; x_wconf 87' lang='lat' dir='ltr'><strong>gratia</strong></span> <span class='ocrx_word' id='word_1_139' title='bbox 2615 650 2929 722; x_wconf 86' lang='lat' dir='ltr'><strong>imperatori</strong></span> <span class='ocrx_word' id='word_1_140' title='bbox 2955 665 3086 721; x_wconf 90' lang='lat' dir='ltr'><strong>sepe</strong></span> <span class='ocrx_word' id='word_1_141' title='bbox 3112 652 3349 721; x_wconf 87' lang='lat' dir='ltr'><strong>aperiret</strong></span> <span class='ocrx_word' id='word_1_142' title='bbox 3372 692 3390 717; x_wconf 91' lang='lat'><strong>,</strong></span> <span class='ocrx_word' id='word_1_143' title='bbox 3419 651 3555 722; x_wconf 88' lang='lat' dir='ltr'><strong>quid</strong></span> <span class='ocrx_word' id='word_1_144' title='bbox 3582 652 3688 707; x_wconf 88' lang='lat' dir='ltr'><strong>sibi</strong></span> <span class='ocrx_word' id='word_1_145' title='bbox 3712 653 3764 706; x_wconf 86' lang='lat' dir='ltr'><strong>in</strong></span> 
     </span>
    </p>
   </div>
   <div class='ocr_carea' id='block_1_22' title="bbox 2176 742 3766 814">
    <p class='ocr_par' dir='ltr' id='par_1_22' title="bbox 2176 742 3766 814">
     <span class='ocr_line' id='line_1_22' title="bbox 2176 742 3766 814; baseline -0.003 -14"><span class='ocrx_word' id='word_1_146' title='bbox 2176 744 2430 803; x_wconf 82' lang='lat' dir='ltr'><strong>immanis</strong></span> <span class='ocrx_word' id='word_1_147' title='bbox 2456 744 2571 799; x_wconf 81' lang='lat' dir='ltr'><strong>fieri</strong></span> <span class='ocrx_word' id='word_1_148' title='bbox 2603 742 2857 814; x_wconf 88' lang='lat' dir='ltr'><strong>placeret.</strong></span> <span class='ocrx_word' id='word_1_149' title='bbox 2885 743 2982 798; x_wconf 87' lang='lat' dir='ltr'><strong>Hic</strong></span> <span class='ocrx_word' id='word_1_150' title='bbox 3000 743 3184 799; x_wconf 87' lang='lat' dir='ltr'><strong>audito</strong></span> <span class='ocrx_word' id='word_1_151' title='bbox 3205 743 3354 799; x_wconf 90' lang='lat' dir='ltr'><strong>obitu</strong></span> <span class='ocrx_word' id='word_1_152' title='bbox 3391 744 3528 797; x_wconf 86' lang='lat' dir='ltr'><strong>tanti</strong></span> <span class='ocrx_word' id='word_1_153' title='bbox 3560 742 3766 812; x_wconf 81' lang='lat' dir='ltr'><strong>patris,</strong></span> 
     </span>
    </p>
   </div>
   <div class='ocr_carea' id='block_1_23' title="bbox 2178 832 3767 905">
    <p class='ocr_par' dir='ltr' id='par_1_23' title="bbox 2178 832 3767 905">
     <span class='ocr_line' id='line_1_23' title="bbox 2178 832 3767 905; baseline -0.002 -17"><span class='ocrx_word' id='word_1_154' title='bbox 2178 833 2490 889; x_wconf 83' lang='lat' dir='ltr'><strong>Michaelem</strong></span> <span class='ocrx_word' id='word_1_155' title='bbox 2521 832 2646 888; x_wconf 86' lang='lat' dir='ltr'><strong>huic</strong></span> <span class='ocrx_word' id='word_1_156' title='bbox 2667 832 2736 866; x_wconf 78' lang='grc'><strong>³⁸⁸</strong></span> <span class='ocrx_word' id='word_1_157' title='bbox 2769 832 3061 889; x_wconf 82' lang='lat' dir='ltr'><strong>succedere</strong></span> <span class='ocrx_word' id='word_1_158' title='bbox 3090 832 3236 889; x_wconf 88' lang='lat' dir='ltr'><strong>fecit.</strong></span> <span class='ocrx_word' id='word_1_159' title='bbox 3262 832 3325 905; x_wconf 89' lang='lat' dir='ltr'><strong>(f.</strong></span> <span class='ocrx_word' id='word_1_160' title='bbox 3353 832 3490 905; x_wconf 78' lang='lat'><strong>27‘.)</strong></span> <span class='ocrx_word' id='word_1_161' title='bbox 3514 833 3622 899; x_wconf 91' lang='lat' dir='ltr'><strong>Qui</strong></span> <span class='ocrx_word' id='word_1_162' title='bbox 3648 847 3767 886; x_wconf 87' lang='lat' dir='ltr'><strong>cum</strong></span> 
     </span>
    </p>
   </div>
   <div class='ocr_carea' id='block_1_24' title="bbox 2177 921 3771 994">
    <p class='ocr_par' dir='ltr' id='par_1_24' title="bbox 2177 921 3771 994">
     <span class='ocr_line' id='line_1_24' title="bbox 2177 921 3771 994; baseline -0.001 -15"><span class='ocrx_word' id='word_1_163' title='bbox 2177 924 2465 979; x_wconf 85' lang='lat' dir='ltr'><strong>commissa</strong></span> <span class='ocrx_word' id='word_1_164' title='bbox 2488 923 2591 978; x_wconf 90' lang='lat' dir='ltr'><strong>sibi</strong></span> <span class='ocrx_word' id='word_1_165' title='bbox 2615 923 2821 992; x_wconf 91' lang='lat' dir='ltr'><strong>optime</strong></span> <span class='ocrx_word' id='word_1_166' title='bbox 2838 924 2928 978; x_wconf 91' lang='lat' dir='ltr'><strong>diu</strong></span> <span class='ocrx_word' id='word_1_167' title='bbox 2945 923 3014 955; x_wconf 78' lang='grc'>¹⁸²</span> <span class='ocrx_word' id='word_1_168' title='bbox 3042 931 3271 994; x_wconf 84' lang='lat' dir='ltr'><strong>regeret,</strong></span> <span class='ocrx_word' id='word_1_169' title='bbox 3294 921 3771 979; x_wconf 86' lang='lat' dir='ltr'><strong>commoventibus</strong></span> 
     </span>
    </p>
   </div>
   <div class='ocr_carea' id='block_1_25' title="bbox 2179 1015 3770 1088">
    <p class='ocr_par' dir='ltr' id='par_1_25' title="bbox 2179 1015 3770 1088">
     <span class='ocr_line' id='line_1_25' title="bbox 2179 1015 3770 1088; baseline -0.002 -15"><span class='ocrx_word' id='word_1_170' title='bbox 2179 1017 2377 1073; x_wconf 85' lang='lat' dir='ltr'><strong>iterum</strong></span> <span class='ocrx_word' id='word_1_171' title='bbox 2408 1016 2699 1073; x_wconf 89' lang='lat' dir='ltr'><strong>orientales</strong></span> <span class='ocrx_word' id='word_1_172' title='bbox 2739 1015 2939 1088; x_wconf 84' lang='lat' dir='ltr'><strong>Ungris</strong></span> <span class='ocrx_word' id='word_1_173' title='bbox 2959 1057 2975 1082; x_wconf 91' lang='lat'><strong>,</strong></span> <span class='ocrx_word' id='word_1_174' title='bbox 3005 1032 3128 1072; x_wconf 91' lang='lat' dir='ltr'><strong>cum</strong></span> <span class='ocrx_word' id='word_1_175' title='bbox 3156 1018 3370 1072; x_wconf 73' lang='lat' dir='ltr'><strong>czetcris</strong></span> <span class='ocrx_word' id='word_1_176' title='bbox 3393 1017 3770 1071; x_wconf 79' lang='lat' dir='ltr'><strong>Bawariorum</strong></span> 
     </span>
    </p>
   </div>
   <div class='ocr_carea' id='block_1_26' title="bbox 2179 1107 3776 1181">
    <p class='ocr_par' dir='ltr' id='par_1_26' title="bbox 2179 1107 3776 1181">
     <span class='ocr_line' id='line_1_26' title="bbox 2179 1107 3776 1181; baseline -0.003 -18"><span class='ocrx_word' id='word_1_177' title='bbox 2179 1108 2517 1181; x_wconf 84' lang='lat' dir='ltr'><strong>principibus</strong></span> <span class='ocrx_word' id='word_1_178' title='bbox 2548 1108 2632 1163; x_wconf 93' lang='lat' dir='ltr'><strong>his</strong></span> <span class='ocrx_word' id='word_1_179' title='bbox 2657 1109 2725 1164; x_wconf 90' lang='lat' dir='ltr'><strong>ad</strong></span> <span class='ocrx_word' id='word_1_180' title='bbox 2753 1111 3185 1163; x_wconf 88' lang='lat' dir='ltr'><strong>succurrendum</strong></span> <span class='ocrx_word' id='word_1_181' title='bbox 3218 1108 3386 1162; x_wconf 84' lang='lat' dir='ltr'><strong>venit.</strong></span> <span class='ocrx_word' id='word_1_182' title='bbox 3430 1107 3545 1162; x_wconf 89' lang='lat' dir='ltr'><strong>Sed</strong></span> <span class='ocrx_word' id='word_1_183' title='bbox 3584 1116 3776 1160; x_wconf 70' lang='lat' dir='ltr'><strong>exorto</strong></span> 
     </span>
    </p>
   </div>
   <div class='ocr_carea' id='block_1_27' title="bbox 2180 1198 3773 1268">
    <p class='ocr_par' dir='ltr' id='par_1_27' title="bbox 2180 1198 3773 1268">
     <span class='ocr_line' id='line_1_27' title="bbox 2180 1198 3773 1268; baseline -0.002 -13"><span class='ocrx_word' id='word_1_184' title='bbox 2180 1200 2252 1235; x_wconf 80' lang='grc'><strong><em>³⁸³</em></strong></span> <span class='ocrx_word' id='word_1_185' title='bbox 2278 1215 2404 1255; x_wconf 75' lang='lat' dir='ltr'><strong>mox</strong></span> <span class='ocrx_word' id='word_1_186' title='bbox 2433 1200 2573 1256; x_wconf 90' lang='lat' dir='ltr'><strong>inter</strong></span> <span class='ocrx_word' id='word_1_187' title='bbox 2598 1214 2693 1255; x_wconf 90' lang='lat' dir='ltr'><strong>eos</strong></span> <span class='ocrx_word' id='word_1_188' title='bbox 2737 1200 2919 1258; x_wconf 87' lang='lat' dir='ltr'><strong>duello</strong></span> <span class='ocrx_word' id='word_1_189' title='bbox 2956 1198 3057 1265; x_wconf 68' lang='grc' dir='ltr'><strong>ω,</strong></span> <span class='ocrx_word' id='word_1_190' title='bbox 3101 1214 3199 1268; x_wconf 89' lang='lat' dir='ltr'><strong>pro</strong></span> <span class='ocrx_word' id='word_1_191' title='bbox 3224 1199 3411 1254; x_wconf 86' lang='lat' dir='ltr'><strong>dolor!</strong></span> <span class='ocrx_word' id='word_1_192' title='bbox 3447 1198 3626 1254; x_wconf 86' lang='lat' dir='ltr'><strong>nostri</strong></span> <span class='ocrx_word' id='word_1_193' title='bbox 3653 1198 3773 1253; x_wconf 85' lang='lat' dir='ltr'><strong>victi</strong></span> 
     </span>
    </p>
   </div>
   <div class='ocr_carea' id='block_1_28' title="bbox 2179 1287 3774 1361">
    <p class='ocr_par' dir='ltr' id='par_1_28' title="bbox 2179 1287 3774 1361">
     <span class='ocr_line' id='line_1_28' title="bbox 2179 1287 3774 1361; baseline -0.001 -16"><span class='ocrx_word' id='word_1_194' title='bbox 2179 1290 2249 1347; x_wconf 86' lang='lat' dir='ltr'><strong>ab</strong></span> <span class='ocrx_word' id='word_1_195' title='bbox 2280 1290 2528 1345; x_wconf 83' lang='lat' dir='ltr'><strong>hostibus</strong></span> <span class='ocrx_word' id='word_1_196' title='bbox 2557 1298 2722 1361; x_wconf 89' lang='lat' dir='ltr'><strong>atque</strong></span> <span class='ocrx_word' id='word_1_197' title='bbox 2752 1289 3009 1360; x_wconf 88' lang='lat' dir='ltr'><strong>prostrati</strong></span> <span class='ocrx_word' id='word_1_198' title='bbox 3036 1297 3182 1344; x_wconf 90' lang='lat' dir='ltr'><strong>sunt.</strong></span> <span class='ocrx_word' id='word_1_199' title='bbox 3215 1287 3524 1359; x_wconf 87' lang='lat' dir='ltr'><strong>Episcopus</strong></span> <span class='ocrx_word' id='word_1_200' title='bbox 3552 1297 3735 1344; x_wconf 79' lang='lat' dir='ltr'><strong>autem</strong></span> <span class='ocrx_word' id='word_1_201' title='bbox 3757 1328 3774 1351; x_wconf 87' lang='lat'><strong>.</strong></span> 
     </span>
    </p>
   </div>
   <div class='ocr_carea' id='block_1_29' title="bbox 2182 1379 3773 1441">
    <p class='ocr_par' dir='ltr' id='par_1_29' title="bbox 2182 1379 3773 1441">
     <span class='ocr_line' id='line_1_29' title="bbox 2182 1379 3773 1441; baseline -0.003 -5"><span class='ocrx_word' id='word_1_202' title='bbox 2182 1380 2392 1436; x_wconf 88' lang='lat' dir='ltr'><strong>abscisa</strong></span> <span class='ocrx_word' id='word_1_203' title='bbox 2415 1380 2610 1435; x_wconf 90' lang='lat' dir='ltr'><strong>suimet</strong></span> <span class='ocrx_word' id='word_1_204' title='bbox 2634 1380 2876 1437; x_wconf 88' lang='lat' dir='ltr'><strong>auricula</strong></span> <span class='ocrx_word' id='word_1_205' title='bbox 2891 1390 2947 1435; x_wconf 91' lang='lat' dir='ltr'><strong>et</strong></span> <span class='ocrx_word' id='word_1_206' title='bbox 2966 1388 3179 1435; x_wconf 63' lang='lat' dir='ltr'><strong>caeteris</strong></span> <span class='ocrx_word' id='word_1_207' title='bbox 3194 1379 3472 1434; x_wconf 89' lang='lat' dir='ltr'><strong>sauciatus</strong></span> <span class='ocrx_word' id='word_1_208' title='bbox 3486 1379 3773 1441; x_wconf 86' lang='lat' dir='ltr'><strong>membris,</strong></span> 
     </span>
    </p>
   </div>
   <div class='ocr_carea' id='block_1_30' title="bbox 2183 1467 3773 1542">
    <p class='ocr_par' dir='ltr' id='par_1_30' title="bbox 2183 1467 3773 1542">
     <span class='ocr_line' id='line_1_30' title="bbox 2183 1467 3773 1542; baseline -0.006 -13"><span class='ocrx_word' id='word_1_209' title='bbox 2183 1487 2304 1529; x_wconf 87' lang='lat' dir='ltr'><strong>cum</strong></span> <span class='ocrx_word' id='word_1_210' title='bbox 2334 1471 2635 1528; x_wconf 83' lang='lat' dir='ltr'><strong>interfectis</strong></span> <span class='ocrx_word' id='word_1_211' title='bbox 2677 1472 2836 1542; x_wconf 88' lang='lat' dir='ltr'><strong>quasi</strong></span> <span class='ocrx_word' id='word_1_212' title='bbox 2880 1480 3128 1527; x_wconf 90' lang='lat' dir='ltr'><strong>mortuus</strong></span> <span class='ocrx_word' id='word_1_213' title='bbox 3169 1470 3347 1524; x_wconf 86' lang='lat' dir='ltr'><strong>latuit.</strong></span> <span class='ocrx_word' id='word_1_214' title='bbox 3397 1467 3566 1525; x_wconf 76' lang='lat' dir='ltr'><strong>Juxta</strong></span> <span class='ocrx_word' id='word_1_215' title='bbox 3616 1484 3773 1538; x_wconf 85' lang='lat' dir='ltr'><strong>quem</strong></span> 
     </span>
    </p>
   </div>
   <div class='ocr_carea' id='block_1_31' title="bbox 2185 1560 3776 1632">
    <p class='ocr_par' dir='ltr' id='par_1_31' title="bbox 2185 1560 3776 1632">
     <span class='ocr_line' id='line_1_31' title="bbox 2185 1560 3776 1632; baseline -0.004 -14"><span class='ocrx_word' id='word_1_216' title='bbox 2185 1564 2436 1618; x_wconf 80' lang='lat' dir='ltr'><strong>inimicus</strong></span> <span class='ocrx_word' id='word_1_217' title='bbox 2462 1564 2622 1619; x_wconf 90' lang='lat' dir='ltr'><strong>homo</strong></span> <span class='ocrx_word' id='word_1_218' title='bbox 2641 1561 2834 1632; x_wconf 90' lang='lat' dir='ltr'><strong>jacens</strong></span> <span class='ocrx_word' id='word_1_219' title='bbox 2874 1571 2930 1618; x_wconf 90' lang='lat' dir='ltr'><strong>et</strong></span> <span class='ocrx_word' id='word_1_220' title='bbox 2960 1563 3104 1617; x_wconf 89' lang='lat' dir='ltr'><strong>hunc</strong></span> <span class='ocrx_word' id='word_1_221' title='bbox 3126 1562 3310 1618; x_wconf 77' lang='lat' dir='ltr'><strong>vivere</strong></span> <span class='ocrx_word' id='word_1_222' title='bbox 3336 1560 3515 1617; x_wconf 88' lang='lat' dir='ltr'><strong>solum</strong></span> <span class='ocrx_word' id='word_1_223' title='bbox 3543 1562 3616 1615; x_wconf 89' lang='lat' dir='ltr'><strong>ab</strong></span> <span class='ocrx_word' id='word_1_224' title='bbox 3648 1560 3776 1615; x_wconf 74' lang='lat' dir='ltr'><strong>insi-</strong></span> 
     </span>
    </p>
   </div>
   <div class='ocr_carea' id='block_1_32' title="bbox 2184 1652 3775 1728">
    <p class='ocr_par' dir='ltr' id='par_1_32' title="bbox 2184 1652 3775 1728">
     <span class='ocr_line' id='line_1_32' title="bbox 2184 1652 3775 1728; baseline -0.005 -16"><span class='ocrx_word' id='word_1_225' title='bbox 2184 1657 2447 1712; x_wconf 83' lang='lat' dir='ltr'><strong>diantinm</strong></span> <span class='ocrx_word' id='word_1_226' title='bbox 2513 1656 2720 1728; x_wconf 86' lang='lat' dir='ltr'><strong>laqueis</strong></span> <span class='ocrx_word' id='word_1_227' title='bbox 2771 1666 2899 1711; x_wconf 90' lang='lat' dir='ltr'><strong>tunc</strong></span> <span class='ocrx_word' id='word_1_228' title='bbox 2951 1669 3177 1711; x_wconf 89' lang='lat' dir='ltr'><strong>securus</strong></span> <span class='ocrx_word' id='word_1_229' title='bbox 3224 1667 3456 1710; x_wconf 90' lang='lat' dir='ltr'><strong>cernens</strong></span> <span class='ocrx_word' id='word_1_230' title='bbox 3486 1693 3503 1715; x_wconf 87' lang='lat'><strong>.</strong></span> <span class='ocrx_word' id='word_1_231' title='bbox 3564 1652 3775 1707; x_wconf 76' lang='lat' dir='ltr'><strong>hastam</strong></span> 
     </span>
    </p>
   </div>
   <div class='ocr_carea' id='block_1_33' title="bbox 567 1734 3776 1817">
    <p class='ocr_par' dir='ltr' id='par_1_33' title="bbox 567 1734 3776 1817">
     <span class='ocr_line' id='line_1_33' title="bbox 567 1734 3776 1817; baseline -0.001 -18"><span class='ocrx_word' id='word_1_232' title='bbox 567 1746 657 1799; x_wconf 84' lang='grc'><strong>17.</strong></span> <span class='ocrx_word' id='word_1_233' title='bbox 700 1746 1017 1816; x_wconf 79' lang='lat' dir='ltr'><strong>Imperator,</strong></span> <span class='ocrx_word' id='word_1_234' title='bbox 1051 1747 1231 1801; x_wconf 83' lang='lat' dir='ltr'><strong>audita</strong></span> <span class='ocrx_word' id='word_1_235' title='bbox 1263 1746 1672 1803; x_wconf 80' lang='lat' dir='ltr'><strong>Ratisbonensis</strong></span> <span class='ocrx_word' id='word_1_236' title='bbox 1700 1746 2082 1816; x_wconf 59' lang='lat' dir='ltr'><strong>ecclesia-prec</strong></span> <span class='ocrx_word' id='word_1_237' title='bbox 2115 1734 2157 1793; x_wconf 78' lang='grc' dir='ltr'><strong>Β</strong></span> <span class='ocrx_word' id='word_1_238' title='bbox 2187 1750 2417 1817; x_wconf 84' lang='lat' dir='ltr'><strong>sumpsit</strong></span> <span class='ocrx_word' id='word_1_239' title='bbox 2452 1757 2509 1803; x_wconf 91' lang='lat' dir='ltr'><strong>et</strong></span> <span class='ocrx_word' id='word_1_240' title='bbox 2538 1762 2735 1802; x_wconf 82' lang='lat' dir='ltr'><strong>nccare</strong></span> <span class='ocrx_word' id='word_1_241' title='bbox 2778 1746 3009 1802; x_wconf 91' lang='lat' dir='ltr'><strong>eundem</strong></span> <span class='ocrx_word' id='word_1_242' title='bbox 3054 1754 3282 1801; x_wconf 89' lang='lat' dir='ltr'><strong>conatus</strong></span> <span class='ocrx_word' id='word_1_243' title='bbox 3322 1753 3432 1800; x_wconf 89' lang='lat' dir='ltr'><strong>est.</strong></span> <span class='ocrx_word' id='word_1_244' title='bbox 3490 1742 3654 1797; x_wconf 87' lang='lat' dir='ltr'><strong>Tune</strong></span> <span class='ocrx_word' id='word_1_245' title='bbox 3678 1741 3776 1797; x_wconf 86' lang='lat' dir='ltr'><strong>iste</strong></span> 
     </span>
    </p>
   </div>
   <div class='ocr_carea' id='block_1_34' title="bbox 496 1835 2085 1908">
    <p class='ocr_par' dir='ltr' id='par_1_34' title="bbox 496 1835 2085 1908">
     <span class='ocr_line' id='line_1_34' title="bbox 496 1835 2085 1908; baseline 0 -16"><span class='ocrx_word' id='word_1_246' title='bbox 496 1835 808 1908; x_wconf 11' lang='lat' dir='ltr'><strong>sulisr(295)</strong></span> <span class='ocrx_word' id='word_1_247' title='bbox 843 1847 1016 1893; x_wconf 85' lang='lat' dir='ltr'><strong>morte</strong></span> <span class='ocrx_word' id='word_1_248' title='bbox 1037 1878 1051 1903; x_wconf 89' lang='lat'><strong>,</strong></span> <span class='ocrx_word' id='word_1_249' title='bbox 1082 1854 1146 1893; x_wconf 86' lang='lat' dir='ltr'><strong>eo</strong></span> <span class='ocrx_word' id='word_1_250' title='bbox 1176 1840 1414 1908; x_wconf 78' lang='lat' dir='ltr'><strong>perrexit</strong></span> <span class='ocrx_word' id='word_1_251' title='bbox 1444 1840 1557 1907; x_wconf 83' lang='lat' dir='ltr'><strong>(an.</strong></span> <span class='ocrx_word' id='word_1_252' title='bbox 1589 1839 1749 1908; x_wconf 62' lang='lat'><strong>94:2),</strong></span> <span class='ocrx_word' id='word_1_253' title='bbox 1794 1848 1848 1893; x_wconf 87' lang='lat' dir='ltr'><strong>et</strong></span> <span class='ocrx_word' id='word_1_254' title='bbox 1886 1848 1943 1893; x_wconf 92' lang='lat' dir='ltr'><strong>nt</strong></span> <span class='ocrx_word' id='word_1_255' title='bbox 1969 1837 2085 1907; x_wconf 72' lang='lat' dir='ltr'><strong>rpi-</strong></span> 
     </span>
    </p>
   </div>
   <div class='ocr_carea' id='block_1_35' title="bbox 497 1928 2085 1998">
    <p class='ocr_par' dir='ltr' id='par_1_35' title="bbox 497 1928 2085 1998">
     <span class='ocr_line' id='line_1_35' title="bbox 497 1928 2085 1998; baseline 0.003 -18"><span class='ocrx_word' id='word_1_256' title='bbox 497 1938 777 1996; x_wconf 78' lang='lat' dir='ltr'><strong>seOpatum</strong></span> <span class='ocrx_word' id='word_1_257' title='bbox 804 1943 909 1982; x_wconf 91' lang='lat' dir='ltr'><strong>non</strong></span> <span class='ocrx_word' id='word_1_258' title='bbox 941 1928 1046 1982; x_wconf 89' lang='lat' dir='ltr'><strong>alio</strong></span> <span class='ocrx_word' id='word_1_259' title='bbox 1073 1929 1145 1961; x_wconf 77' lang='grc'><strong>³⁸⁸</strong></span> <span class='ocrx_word' id='word_1_260' title='bbox 1183 1929 1370 1993; x_wconf 86' lang='lat' dir='ltr'><strong>daret,</strong></span> <span class='ocrx_word' id='word_1_261' title='bbox 1402 1929 1504 1982; x_wconf 88' lang='lat' dir='ltr'><strong>nisi</strong></span> <span class='ocrx_word' id='word_1_262' title='bbox 1533 1943 1598 1982; x_wconf 91' lang='lat' dir='ltr'><strong>eo</strong></span> <span class='ocrx_word' id='word_1_263' title='bbox 1622 1928 1692 1959; x_wconf 59' lang='grc'><strong>’⁵⁸</strong></span> <span class='ocrx_word' id='word_1_264' title='bbox 1715 1968 1730 1994; x_wconf 89' lang='grc'><em>,</em></span> <span class='ocrx_word' id='word_1_265' title='bbox 1761 1930 1850 1998; x_wconf 90' lang='lat' dir='ltr'><strong>qui</strong></span> <span class='ocrx_word' id='word_1_266' title='bbox 1877 1928 2085 1998; x_wconf 83' lang='lat' dir='ltr'><strong>primus</strong></span> 
     </span>
    </p>
   </div>
   <div class='ocr_carea' id='block_1_36' title="bbox 498 2017 2084 2083">
    <p class='ocr_par' dir='ltr' id='par_1_36' title="bbox 498 2017 2084 2083">
     <span class='ocr_line' id='line_1_36' title="bbox 498 2017 2084 2083; baseline 0.003 -12"><span class='ocrx_word' id='word_1_267' title='bbox 498 2017 602 2072; x_wconf 83' lang='lat' dir='ltr'><strong>sibi</strong></span> <span class='ocrx_word' id='word_1_268' title='bbox 633 2019 962 2083; x_wconf 84' lang='lat' dir='ltr'><strong>occurrerit,</strong></span> <span class='ocrx_word' id='word_1_269' title='bbox 996 2020 1047 2073; x_wconf 93' lang='lat' dir='ltr'><strong>in</strong></span> <span class='ocrx_word' id='word_1_270' title='bbox 1080 2020 1284 2074; x_wconf 87' lang='lat' dir='ltr'><strong>somnis</strong></span> <span class='ocrx_word' id='word_1_271' title='bbox 1314 2019 1646 2074; x_wconf 90' lang='lat' dir='ltr'><strong>ammonitus</strong></span> <span class='ocrx_word' id='word_1_272' title='bbox 1685 2029 1787 2074; x_wconf 86' lang='lat' dir='ltr'><strong>est.</strong></span> <span class='ocrx_word' id='word_1_273' title='bbox 1833 2020 2084 2075; x_wconf 76' lang='lat' dir='ltr'><strong>Crastina</strong></span> 
     </span>
    </p>
   </div>
   <div class='ocr_carea' id='block_1_37' title="bbox 498 2109 2087 2180">
    <p class='ocr_par' dir='ltr' id='par_1_37' title="bbox 498 2109 2087 2180">
     <span class='ocr_line' id='line_1_37' title="bbox 498 2109 2087 2180; baseline -0.001 -16"><span class='ocrx_word' id='word_1_274' title='bbox 498 2118 679 2164; x_wconf 69' lang='lat' dir='ltr'><strong>a&#39;ttcm</strong></span> <span class='ocrx_word' id='word_1_275' title='bbox 728 2110 814 2164; x_wconf 83' lang='lat' dir='ltr'><strong>die</strong></span> <span class='ocrx_word' id='word_1_276' title='bbox 855 2110 1106 2180; x_wconf 83' lang='lat' dir='ltr'><strong>primitus</strong></span> <span class='ocrx_word' id='word_1_277' title='bbox 1150 2109 1554 2173; x_wconf 87' lang='lat' dir='ltr'><strong>inlucescente,</strong></span> <span class='ocrx_word' id='word_1_278' title='bbox 1605 2125 1762 2165; x_wconf 86' lang='lat' dir='ltr'><strong>cesar</strong></span> <span class='ocrx_word' id='word_1_279' title='bbox 1796 2111 1863 2166; x_wconf 88' lang='lat' dir='ltr'><strong>ad</strong></span> <span class='ocrx_word' id='word_1_280' title='bbox 1903 2126 2087 2164; x_wconf 87' lang='lat' dir='ltr'><strong>mona-</strong></span> 
     </span>
    </p>
   </div>
   <div class='ocr_carea' id='block_1_38' title="bbox 500 2198 2090 2264">
    <p class='ocr_par' dir='ltr' id='par_1_38' title="bbox 500 2198 2090 2264">
     <span class='ocr_line' id='line_1_38' title="bbox 500 2198 2090 2264; baseline 0.001 -13"><span class='ocrx_word' id='word_1_281' title='bbox 500 2199 724 2252; x_wconf 73' lang='lat' dir='ltr'><strong>sterium</strong></span> <span class='ocrx_word' id='word_1_282' title='bbox 779 2198 978 2254; x_wconf 87' lang='lat' dir='ltr'><strong>Christi</strong></span> <span class='ocrx_word' id='word_1_283' title='bbox 1029 2199 1269 2255; x_wconf 81' lang='lat' dir='ltr'><strong>martiris</strong></span> <span class='ocrx_word' id='word_1_284' title='bbox 1325 2199 1752 2264; x_wconf 85' lang='lat' dir='ltr'><strong>Emmerammi,</strong></span> <span class='ocrx_word' id='word_1_285' title='bbox 1807 2199 2090 2253; x_wconf 82' lang='lat' dir='ltr'><strong>monachis</strong></span> 
     </span>
    </p>
   </div>
   <div class='ocr_carea' id='block_1_39' title="bbox 500 2289 2088 2361">
    <p class='ocr_par' dir='ltr' id='par_1_39' title="bbox 500 2289 2088 2361">
     <span class='ocr_line' id='line_1_39' title="bbox 500 2289 2088 2361; baseline 0.001 -19"><span class='ocrx_word' id='word_1_286' title='bbox 500 2290 605 2344; x_wconf 86' lang='lat' dir='ltr'><strong>hoc</strong></span> <span class='ocrx_word' id='word_1_287' title='bbox 652 2290 1057 2357; x_wconf 85' lang='lat' dir='ltr'><strong>nescientibus,</strong></span> <span class='ocrx_word' id='word_1_288' title='bbox 1109 2307 1231 2345; x_wconf 88' lang='lat' dir='ltr'><strong>cum</strong></span> <span class='ocrx_word' id='word_1_289' title='bbox 1285 2292 1475 2361; x_wconf 78' lang='lat' dir='ltr'><strong>paucis</strong></span> <span class='ocrx_word' id='word_1_290' title='bbox 1507 2290 1685 2353; x_wconf 81' lang='lat' dir='ltr'><strong>venit,</strong></span> <span class='ocrx_word' id='word_1_291' title='bbox 1736 2299 1792 2344; x_wconf 82' lang='lat' dir='ltr'><strong>et</strong></span> <span class='ocrx_word' id='word_1_292' title='bbox 1830 2289 2088 2360; x_wconf 85' lang='lat' dir='ltr'><strong>paulatim</strong></span> 
     </span>
    </p>
   </div>
   <div class='ocr_carea' id='block_1_40' title="bbox 500 2379 2091 2451">
    <p class='ocr_par' dir='ltr' id='par_1_40' title="bbox 500 2379 2091 2451">
     <span class='ocr_line' id='line_1_40' title="bbox 500 2379 2091 2451; baseline 0.001 -17"><span class='ocrx_word' id='word_1_293' title='bbox 500 2380 699 2437; x_wconf 80' lang='lat' dir='ltr'><strong>ostium</strong></span> <span class='ocrx_word' id='word_1_294' title='bbox 733 2381 977 2450; x_wconf 82' lang='lat' dir='ltr'><strong>pulsans,</strong></span> <span class='ocrx_word' id='word_1_295' title='bbox 1022 2399 1052 2437; x_wconf 90' lang='lat' dir='ltr'><strong>a</strong></span> <span class='ocrx_word' id='word_1_296' title='bbox 1095 2384 1325 2451; x_wconf 84' lang='lat' dir='ltr'><strong>quodam</strong></span> <span class='ocrx_word' id='word_1_297' title='bbox 1350 2382 1656 2438; x_wconf 81' lang='lat' dir='ltr'><strong>Gunthetio</strong></span> <span class='ocrx_word' id='word_1_298' title='bbox 1682 2379 1786 2448; x_wconf 60' lang='lat'><strong>&quot;5,</strong></span> <span class='ocrx_word' id='word_1_299' title='bbox 1828 2382 2091 2438; x_wconf 65' lang='lat' dir='ltr'><strong>:ecelesim</strong></span> 
     </span>
    </p>
   </div>
   <div class='ocr_carea' id='block_1_41' title="bbox 500 2469 2089 2542">
    <p class='ocr_par' dir='ltr' id='par_1_41' title="bbox 500 2469 2089 2542">
     <span class='ocr_line' id='line_1_41' title="bbox 500 2469 2089 2542; baseline 0 -17"><span class='ocrx_word' id='word_1_300' title='bbox 500 2470 749 2541; x_wconf 25' lang='lat' dir='ltr'><strong>parvigili</strong></span> <span class='ocrx_word' id='word_1_301' title='bbox 807 2472 1033 2526; x_wconf 72' lang='lat' dir='ltr'><strong>custode</strong></span> <span class='ocrx_word' id='word_1_302' title='bbox 1078 2480 1131 2526; x_wconf 91' lang='lat' dir='ltr'><strong>et</strong></span> <span class='ocrx_word' id='word_1_303' title='bbox 1183 2486 1283 2542; x_wconf 87' lang='lat' dir='ltr'><strong>per</strong></span> <span class='ocrx_word' id='word_1_304' title='bbox 1329 2471 1511 2526; x_wconf 90' lang='lat' dir='ltr'><strong>omnia</strong></span> <span class='ocrx_word' id='word_1_305' title='bbox 1552 2469 1849 2525; x_wconf 77' lang='lat' dir='ltr'><strong>venerabili</strong></span> <span class='ocrx_word' id='word_1_306' title='bbox 1893 2479 2089 2541; x_wconf 84' lang='lat' dir='ltr'><strong>patre,</strong></span> 
     </span>
    </p>
   </div>
   <div class='ocr_carea' id='block_1_42' title="bbox 502 2563 2094 2634">
    <p class='ocr_par' dir='ltr' id='par_1_42' title="bbox 502 2563 2094 2634">
     <span class='ocr_line' id='line_1_42' title="bbox 502 2563 2094 2634; baseline 0 -17"><span class='ocrx_word' id='word_1_307' title='bbox 502 2563 850 2634; x_wconf 82' lang='lat' dir='ltr'><strong>intromissus</strong></span> <span class='ocrx_word' id='word_1_308' title='bbox 870 2571 971 2618; x_wconf 88' lang='lat' dir='ltr'><strong>est.</strong></span> <span class='ocrx_word' id='word_1_309' title='bbox 996 2565 1166 2631; x_wconf 88' lang='lat' dir='ltr'><strong>Quem</strong></span> <span class='ocrx_word' id='word_1_310' title='bbox 1192 2564 1408 2619; x_wconf 82' lang='lat' dir='ltr'><strong>intuens</strong></span> <span class='ocrx_word' id='word_1_311' title='bbox 1424 2605 1438 2629; x_wconf 93' lang='lat'><strong>,</strong></span> <span class='ocrx_word' id='word_1_312' title='bbox 1472 2564 1540 2618; x_wconf 90' lang='lat' dir='ltr'><strong>ad</strong></span> <span class='ocrx_word' id='word_1_313' title='bbox 1562 2563 1894 2619; x_wconf 78' lang='lat' dir='ltr'><strong>adorandum</strong></span> <span class='ocrx_word' id='word_1_314' title='bbox 1920 2564 2094 2632; x_wconf 83' lang='lat' dir='ltr'><strong>primo</strong></span> 
     </span>
    </p>
   </div>
   <div class='ocr_carea' id='block_1_43' title="bbox 504 2652 2090 2727">
    <p class='ocr_par' dir='ltr' id='par_1_43' title="bbox 504 2652 2090 2727">
     <span class='ocr_line' id='line_1_43' title="bbox 504 2652 2090 2727; baseline 0.001 -19"><span class='ocrx_word' id='word_1_315' title='bbox 504 2652 728 2723; x_wconf 59' lang='lat' dir='ltr'><strong>supplex</strong></span> <span class='ocrx_word' id='word_1_316' title='bbox 780 2656 1073 2725; x_wconf 80' lang='lat' dir='ltr'><strong>processit,</strong></span> <span class='ocrx_word' id='word_1_317' title='bbox 1130 2656 1429 2724; x_wconf 89' lang='lat' dir='ltr'><strong>deindcqne</strong></span> <span class='ocrx_word' id='word_1_318' title='bbox 1488 2655 1685 2711; x_wconf 84' lang='lat' dir='ltr'><strong>talibus</strong></span> <span class='ocrx_word' id='word_1_319' title='bbox 1741 2655 2090 2727; x_wconf 77' lang='lat' dir='ltr'><strong>aggreditur:</strong></span> 
     </span>
    </p>
   </div>
   <div class='ocr_carea' id='block_1_44' title="bbox 507 2744 2096 2818">
    <p class='ocr_par' dir='ltr' id='par_1_44' title="bbox 507 2744 2096 2818">
     <span class='ocr_line' id='line_1_44' title="bbox 507 2744 2096 2818; baseline 0.003 -19"><span class='ocrx_word' id='word_1_320' title='bbox 507 2744 650 2812; x_wconf 81' lang='lat' dir='ltr'><strong>Quid</strong></span> <span class='ocrx_word' id='word_1_321' title='bbox 675 2747 802 2801; x_wconf 80' lang='lat' dir='ltr'><strong>mihi</strong></span> <span class='ocrx_word' id='word_1_322' title='bbox 820 2789 835 2813; x_wconf 92' lang='lat'><strong>,</strong></span> <span class='ocrx_word' id='word_1_323' title='bbox 867 2748 1059 2817; x_wconf 67' lang='lat' dir='ltr'><strong>frater,</strong></span> <span class='ocrx_word' id='word_1_324' title='bbox 1079 2764 1177 2818; x_wconf 77' lang='lat' dir='ltr'><strong>pro</strong></span> <span class='ocrx_word' id='word_1_325' title='bbox 1191 2749 1530 2818; x_wconf 80' lang='lat' dir='ltr'><strong>adipiscendo</strong></span> <span class='ocrx_word' id='word_1_326' title='bbox 1551 2749 1878 2818; x_wconf 67' lang='lat' dir='ltr'><strong>episCOpatus</strong></span> <span class='ocrx_word' id='word_1_327' title='bbox 1900 2751 2096 2803; x_wconf 81' lang='lat' dir='ltr'><strong>honore</strong></span> 
     </span>
    </p>
   </div>
   <div class='ocr_carea' id='block_1_45' title="bbox 504 2839 2093 2907">
    <p class='ocr_par' dir='ltr' id='par_1_45' title="bbox 504 2839 2093 2907">
     <span class='ocr_line' id='line_1_45' title="bbox 504 2839 2093 2907; baseline 0.002 -16"><span class='ocrx_word' id='word_1_328' title='bbox 504 2841 582 2892; x_wconf 78' lang='lat' dir='ltr'><strong>vis</strong></span> <span class='ocrx_word' id='word_1_329' title='bbox 602 2839 771 2892; x_wconf 84' lang='lat' dir='ltr'><strong>dare?</strong></span> <span class='ocrx_word' id='word_1_330' title='bbox 804 2839 1000 2895; x_wconf 75' lang='lat' dir='ltr'><strong>Seniar</strong></span> <span class='ocrx_word' id='word_1_331' title='bbox 1022 2841 1089 2895; x_wconf 81' lang='lat' dir='ltr'><strong>ad</strong></span> <span class='ocrx_word' id='word_1_332' title='bbox 1119 2840 1237 2895; x_wconf 64' lang='lat' dir='ltr'><strong>haec</strong></span> <span class='ocrx_word' id='word_1_333' title='bbox 1263 2841 1550 2895; x_wconf 83' lang='lat' dir='ltr'><strong>subridens</strong></span> <span class='ocrx_word' id='word_1_334' title='bbox 1575 2856 1589 2894; x_wconf 90' lang='lat'><strong>:</strong></span> <span class='ocrx_word' id='word_1_335' title='bbox 1643 2839 1893 2906; x_wconf 79' lang='lat' dir='ltr'><strong>Calceus,</strong></span> <span class='ocrx_word' id='word_1_336' title='bbox 1941 2841 2059 2896; x_wconf 69' lang='lat' dir='ltr'><strong>infit</strong></span> <span class='ocrx_word' id='word_1_337' title='bbox 2078 2881 2093 2907; x_wconf 92' lang='lat'><strong>,</strong></span> 
     </span>
    </p>
   </div>
   <div class='ocr_carea' id='block_1_46' title="bbox 507 2931 2098 2992">
    <p class='ocr_par' dir='ltr' id='par_1_46' title="bbox 507 2931 2098 2992">
     <span class='ocr_line' id='line_1_46' title="bbox 507 2931 2098 2992; baseline 0.002 -7"><span class='ocrx_word' id='word_1_338' title='bbox 507 2948 669 2985; x_wconf 77' lang='lat' dir='ltr'><strong>meos.</strong></span> <span class='ocrx_word' id='word_1_339' title='bbox 700 2931 853 2987; x_wconf 69' lang='lat' dir='ltr'><strong>[hinc</strong></span> <span class='ocrx_word' id='word_1_340' title='bbox 881 2943 1062 2989; x_wconf 87' lang='lat' dir='ltr'><strong>autem</strong></span> <span class='ocrx_word' id='word_1_341' title='bbox 1091 2948 1213 2988; x_wconf 91' lang='lat' dir='ltr'><strong>cum</strong></span> <span class='ocrx_word' id='word_1_342' title='bbox 1243 2934 1457 2989; x_wconf 57' lang='lat' dir='ltr'><strong>exteris</strong></span> <span class='ocrx_word' id='word_1_343' title='bbox 1477 2933 1845 2992; x_wconf 81' lang='lat' dir='ltr'><strong>confratribus</strong></span> <span class='ocrx_word' id='word_1_344' title='bbox 1867 2936 1934 2991; x_wconf 90' lang='lat' dir='ltr'><strong>ad</strong></span> <span class='ocrx_word' id='word_1_345' title='bbox 1958 2935 2098 2989; x_wconf 84' lang='lat' dir='ltr'><strong>elec-</strong></span> 
     </span>
    </p>
   </div>
   <div class='ocr_carea' id='block_1_47' title="bbox 503 3022 2092 3088">
    <p class='ocr_par' dir='ltr' id='par_1_47' title="bbox 503 3022 2092 3088">
     <span class='ocr_line' id='line_1_47' title="bbox 503 3022 2092 3088; baseline 0.001 -11"><span class='ocrx_word' id='word_1_346' title='bbox 503 3022 721 3078; x_wconf 77' lang='lat' dir='ltr'><strong>eionem</strong></span> <span class='ocrx_word' id='word_1_347' title='bbox 765 3025 1025 3078; x_wconf 81' lang='lat' dir='ltr'><strong>aniistitis</strong></span> <span class='ocrx_word' id='word_1_348' title='bbox 1071 3028 1139 3078; x_wconf 85' lang='lat' dir='ltr'><strong>ad</strong></span> <span class='ocrx_word' id='word_1_349' title='bbox 1189 3035 1434 3079; x_wconf 88' lang='lat' dir='ltr'><strong>sanetum</strong></span> <span class='ocrx_word' id='word_1_350' title='bbox 1492 3025 1713 3080; x_wconf 85' lang='lat' dir='ltr'><strong>Petrum</strong></span> <span class='ocrx_word' id='word_1_351' title='bbox 1756 3027 2092 3088; x_wconf 86' lang='lat' dir='ltr'><strong>venientem,</strong></span> 
     </span>
    </p>
   </div>
   <div class='ocr_carea' id='block_1_48' title="bbox 510 3115 2095 3187">
    <p class='ocr_par' dir='ltr' id='par_1_48' title="bbox 510 3115 2095 3187">
     <span class='ocr_line' id='line_1_48' title="bbox 510 3115 2095 3187; baseline 0.002 -19"><span class='ocrx_word' id='word_1_352' title='bbox 510 3115 572 3181; x_wconf 90' lang='lat' dir='ltr'><strong>(f.</strong></span> <span class='ocrx_word' id='word_1_353' title='bbox 603 3116 695 3186; x_wconf 75' lang='lat'><strong>27)</strong></span> <span class='ocrx_word' id='word_1_354' title='bbox 726 3132 883 3172; x_wconf 80' lang='lat' dir='ltr'><strong>cesar</strong></span> <span class='ocrx_word' id='word_1_355' title='bbox 912 3116 1182 3186; x_wconf 72' lang='lat' dir='ltr'><strong>ettplieato</strong></span> <span class='ocrx_word' id='word_1_356' title='bbox 1214 3118 1425 3172; x_wconf 87' lang='lat' dir='ltr'><strong>cunctis</strong></span> <span class='ocrx_word' id='word_1_357' title='bbox 1453 3117 1525 3149; x_wconf 79' lang='grc'><strong>⁸⁵⁸</strong></span> <span class='ocrx_word' id='word_1_358' title='bbox 1555 3118 1764 3172; x_wconf 78' lang='lat' dir='ltr'><strong>:omnio</strong></span> <span class='ocrx_word' id='word_1_359' title='bbox 1805 3128 2095 3187; x_wconf 88' lang='lat' dir='ltr'><strong>ceteroque</strong></span> 
     </span>
    </p>
   </div>
   <div class='ocr_carea' id='block_1_49' title="bbox 511 3208 2097 3279">
    <p class='ocr_par' dir='ltr' id='par_1_49' title="bbox 511 3208 2097 3279">
     <span class='ocr_line' id='line_1_49' title="bbox 511 3208 2097 3279; baseline 0 -16"><span class='ocrx_word' id='word_1_360' title='bbox 511 3209 588 3263; x_wconf 90' lang='lat' dir='ltr'><strong>rei</strong></span> <span class='ocrx_word' id='word_1_361' title='bbox 617 3219 812 3263; x_wconf 83' lang='lat' dir='ltr'><strong>eventu</strong></span> <span class='ocrx_word' id='word_1_362' title='bbox 841 3250 857 3274; x_wconf 94' lang='lat'><strong>,</strong></span> <span class='ocrx_word' id='word_1_363' title='bbox 911 3225 1035 3264; x_wconf 91' lang='lat' dir='ltr'><strong>eum</strong></span> <span class='ocrx_word' id='word_1_364' title='bbox 1066 3209 1137 3242; x_wconf 80' lang='lat'><strong>“&quot;</strong></span> <span class='ocrx_word' id='word_1_365' title='bbox 1174 3210 1400 3264; x_wconf 90' lang='lat' dir='ltr'><strong>consilio</strong></span> <span class='ocrx_word' id='word_1_366' title='bbox 1428 3209 1557 3264; x_wconf 78' lang='lat' dir='ltr'><strong>Cleri</strong></span> <span class='ocrx_word' id='word_1_367' title='bbox 1606 3211 1885 3278; x_wconf 85' lang='lat' dir='ltr'><strong>toeiusqne</strong></span> <span class='ocrx_word' id='word_1_368' title='bbox 1917 3208 2097 3279; x_wconf 85' lang='lat' dir='ltr'><strong>populi</strong></span> 
     </span>
    </p>
   </div>
   <div class='ocr_carea' id='block_1_50' title="bbox 512 3297 2101 3369">
    <p class='ocr_par' dir='ltr' id='par_1_50' title="bbox 512 3297 2101 3369">
     <span class='ocr_line' id='line_1_50' title="bbox 512 3297 2101 3369; baseline 0.001 -18"><span class='ocrx_word' id='word_1_369' title='bbox 512 3298 579 3351; x_wconf 87' lang='lat' dir='ltr'><strong>ad</strong></span> <span class='ocrx_word' id='word_1_370' title='bbox 605 3300 941 3354; x_wconf 81' lang='lat' dir='ltr'><strong>sacer-dotem</strong></span> <span class='ocrx_word' id='word_1_371' title='bbox 972 3300 1272 3354; x_wconf 88' lang='lat' dir='ltr'><strong>constituit.</strong></span> <span class='ocrx_word' id='word_1_372' title='bbox 1327 3297 1381 3354; x_wconf 88' lang='lat' dir='ltr'><strong>Is</strong></span> <span class='ocrx_word' id='word_1_373' title='bbox 1425 3315 1557 3354; x_wconf 89' lang='lat' dir='ltr'><strong>vero</strong></span> <span class='ocrx_word' id='word_1_374' title='bbox 1594 3310 1815 3369; x_wconf 85' lang='lat' dir='ltr'><strong>accepta</strong></span> <span class='ocrx_word' id='word_1_375' title='bbox 1842 3300 2101 3355; x_wconf 57' lang='lat' dir='ltr'><strong>benedici-</strong></span> 
     </span>
    </p>
   </div>
   <div class='ocr_carea' id='block_1_51' title="bbox 513 3388 2103 3461">
    <p class='ocr_par' dir='ltr' id='par_1_51' title="bbox 513 3388 2103 3461">
     <span class='ocr_line' id='line_1_51' title="bbox 513 3388 2103 3461; baseline 0.004 -22"><span class='ocrx_word' id='word_1_376' title='bbox 513 3389 668 3440; x_wconf 92' lang='lat' dir='ltr'><strong>cione</strong></span> <span class='ocrx_word' id='word_1_377' title='bbox 696 3388 921 3443; x_wconf 88' lang='lat' dir='ltr'><strong>sedebat</strong></span> <span class='ocrx_word' id='word_1_378' title='bbox 951 3397 1158 3443; x_wconf 90' lang='lat' dir='ltr'><strong>tantum</strong></span> <span class='ocrx_word' id='word_1_379' title='bbox 1188 3389 1222 3443; x_wconf 83' lang='lat'><strong>6</strong></span> <span class='ocrx_word' id='word_1_380' title='bbox 1253 3404 1466 3444; x_wconf 82' lang='lat' dir='ltr'><strong>menses</strong></span> <span class='ocrx_word' id='word_1_381' title='bbox 1487 3388 1658 3461; x_wconf 64' lang='lat'><strong>(“296),</strong></span> <span class='ocrx_word' id='word_1_382' title='bbox 1690 3390 2103 3458; x_wconf 81' lang='lat' dir='ltr'><strong>egritudineque</strong></span> 
     </span>
    </p>
   </div>
   <div class='ocr_carea' id='block_1_52' title="bbox 514 3478 2104 3546">
    <p class='ocr_par' dir='ltr' id='par_1_52' title="bbox 514 3478 2104 3546">
     <span class='ocr_line' id='line_1_52' title="bbox 514 3478 2104 3546; baseline 0.003 -17"><span class='ocrx_word' id='word_1_383' title='bbox 514 3490 862 3546; x_wconf 69' lang='lat' dir='ltr'><strong>compressus</strong></span> <span class='ocrx_word' id='word_1_384' title='bbox 894 3478 1066 3532; x_wconf 82' lang='lat' dir='ltr'><strong>valida</strong></span> <span class='ocrx_word' id='word_1_385' title='bbox 1087 3517 1102 3543; x_wconf 93' lang='lat'><strong>,</strong></span> <span class='ocrx_word' id='word_1_386' title='bbox 1159 3479 1227 3532; x_wconf 76' lang='lat' dir='ltr'><strong>ad</strong></span> <span class='ocrx_word' id='word_1_387' title='bbox 1278 3479 1546 3533; x_wconf 89' lang='lat' dir='ltr'><strong>modicum</strong></span> <span class='ocrx_word' id='word_1_388' title='bbox 1577 3478 1779 3534; x_wconf 88' lang='lat' dir='ltr'><strong>evaluit</strong></span> <span class='ocrx_word' id='word_1_389' title='bbox 1807 3479 1876 3512; x_wconf 77' lang='grc'><strong>⁸⁸⁸</strong></span> <span class='ocrx_word' id='word_1_390' title='bbox 1903 3518 1918 3544; x_wconf 85' lang='grc'><em>,</em></span> <span class='ocrx_word' id='word_1_391' title='bbox 1952 3494 2104 3533; x_wconf 88' lang='lat' dir='ltr'><strong>sum-</strong></span> 
     </span>
    </p>
   </div>
   <div class='ocr_carea' id='block_1_53' title="bbox 512 3570 2105 3641">
    <p class='ocr_par' dir='ltr' id='par_1_53' title="bbox 512 3570 2105 3641">
     <span class='ocr_line' id='line_1_53' title="bbox 512 3570 2105 3641; baseline 0.005 -23"><span class='ocrx_word' id='word_1_392' title='bbox 512 3578 717 3638; x_wconf 42' lang='lat' dir='ltr'><strong>ptoq&#39;e</strong></span> <span class='ocrx_word' id='word_1_393' title='bbox 772 3570 825 3623; x_wconf 91' lang='lat' dir='ltr'><strong>in</strong></span> <span class='ocrx_word' id='word_1_394' title='bbox 876 3585 1070 3626; x_wconf 89' lang='lat' dir='ltr'><strong>manus</strong></span> <span class='ocrx_word' id='word_1_395' title='bbox 1109 3570 1179 3602; x_wconf 72' lang='grc'>³⁵³</span> <span class='ocrx_word' id='word_1_396' title='bbox 1221 3570 1438 3637; x_wconf 80' lang='lat' dir='ltr'><strong>cinere,</strong></span> <span class='ocrx_word' id='word_1_397' title='bbox 1486 3570 1698 3637; x_wconf 87' lang='lat' dir='ltr'><strong>locum,</strong></span> <span class='ocrx_word' id='word_1_398' title='bbox 1755 3586 1862 3641; x_wconf 89' lang='lat' dir='ltr'><strong>quo</strong></span> <span class='ocrx_word' id='word_1_399' title='bbox 1899 3571 1965 3626; x_wconf 83' lang='lat' dir='ltr'><strong>de</strong></span> <span class='ocrx_word' id='word_1_400' title='bbox 2001 3572 2105 3626; x_wconf 91' lang='lat' dir='ltr'><strong>hoe</strong></span> 
     </span>
    </p>
   </div>
   <div class='ocr_carea' id='block_1_54' title="bbox 514 3659 2107 3731">
    <p class='ocr_par' dir='ltr' id='par_1_54' title="bbox 514 3659 2107 3731">
     <span class='ocr_line' id='line_1_54' title="bbox 514 3659 2107 3731; baseline -0.001 -16"><span class='ocrx_word' id='word_1_401' title='bbox 514 3674 543 3715; x_wconf 85' lang='lat' dir='ltr'><strong>s</strong></span> <span class='ocrx_word' id='word_1_402' title='bbox 563 3659 698 3713; x_wconf 64' lang='lat' dir='ltr'><strong>eculo</strong></span> <span class='ocrx_word' id='word_1_403' title='bbox 730 3660 962 3730; x_wconf 84' lang='lat' dir='ltr'><strong>migrare</strong></span> <span class='ocrx_word' id='word_1_404' title='bbox 989 3661 1189 3728; x_wconf 89' lang='lat' dir='ltr'><strong>voluit,</strong></span> <span class='ocrx_word' id='word_1_405' title='bbox 1221 3661 1376 3731; x_wconf 82' lang='lat' dir='ltr'><strong>signo</strong></span> <span class='ocrx_word' id='word_1_406' title='bbox 1402 3670 1605 3715; x_wconf 74' lang='lat' dir='ltr'><strong>sancta:</strong></span> <span class='ocrx_word' id='word_1_407' title='bbox 1629 3662 1810 3715; x_wconf 84' lang='lat' dir='ltr'><strong>crucis</strong></span> <span class='ocrx_word' id='word_1_408' title='bbox 1834 3661 1949 3730; x_wconf 88' lang='lat' dir='ltr'><strong>ipse</strong></span> <span class='ocrx_word' id='word_1_409' title='bbox 1974 3676 2107 3717; x_wconf 82' lang='lat' dir='ltr'><strong>con-</strong></span> 
     </span>
    </p>
   </div>
   <div class='ocr_carea' id='block_1_55' title="bbox 515 3751 2104 3821">
    <p class='ocr_par' dir='ltr' id='par_1_55' title="bbox 515 3751 2104 3821">
     <span class='ocr_line' id='line_1_55' title="bbox 515 3751 2104 3821; baseline 0.001 -17"><span class='ocrx_word' id='word_1_410' title='bbox 515 3764 544 3804; x_wconf 89' lang='lat' dir='ltr'><strong>s</strong></span> <span class='ocrx_word' id='word_1_411' title='bbox 568 3752 786 3820; x_wconf 73' lang='lat' dir='ltr'><strong>urgendo</strong></span> <span class='ocrx_word' id='word_1_412' title='bbox 824 3752 1060 3821; x_wconf 80' lang='lat' dir='ltr'><strong>signavit</strong></span> <span class='ocrx_word' id='word_1_413' title='bbox 1087 3791 1101 3813; x_wconf 88' lang='lat'><strong>,</strong></span> <span class='ocrx_word' id='word_1_414' title='bbox 1135 3751 1519 3821; x_wconf 90' lang='lat' dir='ltr'><strong>solotenusque</strong></span> <span class='ocrx_word' id='word_1_415' title='bbox 1541 3751 1770 3819; x_wconf 89' lang='lat' dir='ltr'><strong>positus,</strong></span> <span class='ocrx_word' id='word_1_416' title='bbox 1804 3751 1934 3806; x_wconf 91' lang='lat' dir='ltr'><strong>illud</strong></span> <span class='ocrx_word' id='word_1_417' title='bbox 1958 3751 2104 3807; x_wconf 82' lang='lat' dir='ltr'><strong>beati</strong></span> 
     </span>
    </p>
   </div>
   <div class='ocr_carea' id='block_1_56' title="bbox 514 3839 2107 3911">
    <p class='ocr_par' dir='ltr' id='par_1_56' title="bbox 514 3839 2107 3911">
     <span class='ocr_line' id='line_1_56' title="bbox 514 3839 2107 3911; baseline 0.003 -19"><span class='ocrx_word' id='word_1_418' title='bbox 514 3839 616 3894; x_wconf 70' lang='lat' dir='ltr'><strong>Jul)</strong></span> <span class='ocrx_word' id='word_1_419' title='bbox 656 3856 876 3896; x_wconf 89' lang='lat' dir='ltr'><strong>carmen</strong></span> <span class='ocrx_word' id='word_1_420' title='bbox 932 3842 1128 3897; x_wconf 78' lang='lat' dir='ltr'><strong>beatus</strong></span> <span class='ocrx_word' id='word_1_421' title='bbox 1163 3851 1218 3897; x_wconf 89' lang='lat' dir='ltr'><strong>et</strong></span> <span class='ocrx_word' id='word_1_422' title='bbox 1247 3843 1365 3911; x_wconf 85' lang='lat' dir='ltr'><strong>ipse</strong></span> <span class='ocrx_word' id='word_1_423' title='bbox 1420 3841 1665 3897; x_wconf 86' lang='lat' dir='ltr'><strong>cecinit:</strong></span> <span class='ocrx_word' id='word_1_424' title='bbox 1716 3841 1916 3895; x_wconf 74' lang='lat' dir='ltr'><strong>Audita</strong></span> <span class='ocrx_word' id='word_1_425' title='bbox 1959 3843 2107 3897; x_wconf 87' lang='lat' dir='ltr'><strong>auris</strong></span> 
     </span>
    </p>
   </div>
   <div class='ocr_carea' id='block_1_57' title="bbox 517 3933 2106 4009">
    <p class='ocr_par' dir='ltr' id='par_1_57' title="bbox 517 3933 2106 4009">
     <span class='ocr_line' id='line_1_57' title="bbox 517 3933 2106 4009; baseline 0.002 -25"><span class='ocrx_word' id='word_1_426' title='bbox 517 3935 695 3988; x_wconf 68' lang='lat' dir='ltr'><strong>audivi</strong></span> <span class='ocrx_word' id='word_1_427' title='bbox 729 3946 810 4002; x_wconf 80' lang='lat' dir='ltr'><strong>te,</strong></span> <span class='ocrx_word' id='word_1_428' title='bbox 862 3934 1116 4000; x_wconf 75' lang='lat' dir='ltr'><strong>Domine,</strong></span> <span class='ocrx_word' id='word_1_429' title='bbox 1147 3950 1284 3991; x_wconf 86' lang='lat' dir='ltr'><strong>nunc</strong></span> <span class='ocrx_word' id='word_1_430' title='bbox 1314 3943 1491 4009; x_wconf 79' lang='lat' dir='ltr'><strong>autem</strong></span> <span class='ocrx_word' id='word_1_431' title='bbox 1540 3933 1725 3990; x_wconf 84' lang='lat' dir='ltr'><strong>oculus</strong></span> <span class='ocrx_word' id='word_1_432' title='bbox 1776 3950 1922 3988; x_wconf 83' lang='lat' dir='ltr'><strong>mens</strong></span> <span class='ocrx_word' id='word_1_433' title='bbox 1970 3934 2106 3988; x_wconf 81' lang='lat' dir='ltr'><strong>ridet</strong></span> 
     </span>
    </p>
   </div>
   <div class='ocr_carea' id='block_1_58' title="bbox 518 4028 2109 4099">
    <p class='ocr_par' dir='ltr' id='par_1_58' title="bbox 518 4028 2109 4099">
     <span class='ocr_line' id='line_1_58' title="bbox 518 4028 2109 4099; baseline 0.002 -20"><span class='ocrx_word' id='word_1_434' title='bbox 518 4037 599 4092; x_wconf 68' lang='lat' dir='ltr'><strong>te;</strong></span> <span class='ocrx_word' id='word_1_435' title='bbox 634 4028 829 4082; x_wconf 64' lang='lat' dir='ltr'><strong>idcirco</strong></span> <span class='ocrx_word' id='word_1_436' title='bbox 852 4029 960 4095; x_wconf 82' lang='lat' dir='ltr'><strong>ipse</strong></span> <span class='ocrx_word' id='word_1_437' title='bbox 988 4044 1069 4085; x_wconf 90' lang='lat' dir='ltr'><strong>me</strong></span> <span class='ocrx_word' id='word_1_438' title='bbox 1091 4029 1441 4098; x_wconf 78' lang='lat' dir='ltr'><strong>reprehendo,</strong></span> <span class='ocrx_word' id='word_1_439' title='bbox 1478 4037 1527 4081; x_wconf 82' lang='lat' dir='ltr'><strong>et</strong></span> <span class='ocrx_word' id='word_1_440' title='bbox 1557 4044 1656 4099; x_wconf 85' lang='lat' dir='ltr'><strong>ago</strong></span> <span class='ocrx_word' id='word_1_441' title='bbox 1684 4029 2109 4099; x_wconf 67' lang='lat' dir='ltr'><strong>penitentiamjn</strong></span> 
     </span>
    </p>
   </div>
   <div class='ocr_carea' id='block_1_59' title="bbox 520 4116 2110 4190">
    <p class='ocr_par' dir='ltr' id='par_1_59' title="bbox 520 4116 2110 4190">
     <span class='ocr_line' id='line_1_59' title="bbox 520 4116 2110 4190; baseline 0.002 -21"><span class='ocrx_word' id='word_1_442' title='bbox 520 4118 700 4187; x_wconf 72' lang='lat' dir='ltr'><strong>favilla</strong></span> <span class='ocrx_word' id='word_1_443' title='bbox 713 4130 758 4172; x_wconf 83' lang='lat' dir='ltr'><strong>et</strong></span> <span class='ocrx_word' id='word_1_444' title='bbox 774 4119 946 4173; x_wconf 84' lang='lat' dir='ltr'><strong>cinere</strong></span> <span class='ocrx_word' id='word_1_445' title='bbox 967 4116 1111 4189; x_wconf 80' lang='lat' dir='ltr'><strong>(Job.</strong></span> <span class='ocrx_word' id='word_1_446' title='bbox 1130 4134 1238 4173; x_wconf 62' lang='lat' dir='ltr'><strong>aut</strong></span> <span class='ocrx_word' id='word_1_447' title='bbox 1251 4159 1265 4183; x_wconf 91' lang='lat'><strong>,</strong></span> <span class='ocrx_word' id='word_1_448' title='bbox 1292 4119 1369 4190; x_wconf 77' lang='lat'><strong>5).</strong></span> <span class='ocrx_word' id='word_1_449' title='bbox 1405 4118 1473 4173; x_wconf 90' lang='lat' dir='ltr'><strong>Et</strong></span> <span class='ocrx_word' id='word_1_450' title='bbox 1496 4118 1754 4174; x_wconf 90' lang='lat' dir='ltr'><strong>continuo</strong></span> <span class='ocrx_word' id='word_1_451' title='bbox 1767 4118 2110 4173; x_wconf 87' lang='lat' dir='ltr'><strong>confessione</strong></span> 
     </span>
    </p>
   </div>
   <div class='ocr_carea' id='block_1_60' title="bbox 521 4208 2111 4280">
    <p class='ocr_par' dir='ltr' id='par_1_60' title="bbox 521 4208 2111 4280">
     <span class='ocr_line' id='line_1_60' title="bbox 521 4208 2111 4280; baseline 0.003 -22"><span class='ocrx_word' id='word_1_452' title='bbox 521 4226 642 4261; x_wconf 67' lang='lat' dir='ltr'><strong>cum</strong></span> <span class='ocrx_word' id='word_1_453' title='bbox 676 4209 915 4264; x_wconf 73' lang='lat' dir='ltr'><strong>lacrimis</strong></span> <span class='ocrx_word' id='word_1_454' title='bbox 945 4219 1166 4280; x_wconf 77' lang='lat' dir='ltr'><strong>peracta</strong></span> <span class='ocrx_word' id='word_1_455' title='bbox 1195 4210 1378 4265; x_wconf 89' lang='lat' dir='ltr'><strong>emisit</strong></span> <span class='ocrx_word' id='word_1_456' title='bbox 1418 4210 1702 4280; x_wconf 86' lang='lat' dir='ltr'><strong>spiritum;</strong></span> <span class='ocrx_word' id='word_1_457' title='bbox 1743 4208 2111 4280; x_wconf 84' lang='lat' dir='ltr'><strong>inpletumque</strong></span> 
     </span>
    </p>
   </div>
   <div class='ocr_carea' id='block_1_61' title="bbox 524 4296 2112 4368">
    <p class='ocr_par' dir='ltr' id='par_1_61' title="bbox 524 4296 2112 4368">
     <span class='ocr_line' id='line_1_61' title="bbox 524 4296 2112 4368; baseline 0.003 -19"><span class='ocrx_word' id='word_1_458' title='bbox 524 4296 576 4349; x_wconf 83' lang='lat' dir='ltr'><strong>in</strong></span> <span class='ocrx_word' id='word_1_459' title='bbox 605 4298 794 4352; x_wconf 79' lang='lat' dir='ltr'><strong>coJem</strong></span> <span class='ocrx_word' id='word_1_460' title='bbox 825 4308 939 4364; x_wconf 76' lang='lat' dir='ltr'><strong>est,</strong></span> <span class='ocrx_word' id='word_1_461' title='bbox 974 4298 1117 4368; x_wconf 80' lang='lat' dir='ltr'><strong>quod</strong></span> <span class='ocrx_word' id='word_1_462' title='bbox 1144 4308 1460 4355; x_wconf 82' lang='lat' dir='ltr'><strong>antecessor</strong></span> <span class='ocrx_word' id='word_1_463' title='bbox 1491 4300 1635 4355; x_wconf 90' lang='lat' dir='ltr'><strong>illius</strong></span> <span class='ocrx_word' id='word_1_464' title='bbox 1664 4300 1859 4355; x_wconf 88' lang='lat' dir='ltr'><strong>similis</strong></span> <span class='ocrx_word' id='word_1_465' title='bbox 1898 4300 2112 4355; x_wconf 87' lang='lat' dir='ltr'><strong>habitus</strong></span> 
     </span>
    </p>
   </div>
   <div class='ocr_carea' id='block_1_62' title="bbox 2123 3078 2170 3142">
    <p class='ocr_par' dir='ltr' id='par_1_62' title="bbox 2123 3078 2170 3142">
     <span class='ocr_line' id='line_1_62' title="bbox 2123 3078 2170 3142; baseline 0 0"><span class='ocrx_word' id='word_1_466' title='bbox 2123 3078 2170 3142; x_wconf 90' lang='lat' dir='ltr'>C</span> 
     </span>
    </p>
   </div>
   <div class='ocr_carea' id='block_1_63' title="bbox 2186 1831 3780 1906">
    <p class='ocr_par' dir='ltr' id='par_1_63' title="bbox 2186 1831 3780 1906">
     <span class='ocr_line' id='line_1_63' title="bbox 2186 1831 3780 1906; baseline -0.006 -12"><span class='ocrx_word' id='word_1_467' title='bbox 2186 1838 2522 1894; x_wconf 80' lang='lat' dir='ltr'><strong>confortatus</strong></span> <span class='ocrx_word' id='word_1_468' title='bbox 2549 1837 2603 1893; x_wconf 90' lang='lat' dir='ltr'><strong>in</strong></span> <span class='ocrx_word' id='word_1_469' title='bbox 2634 1836 2889 1903; x_wconf 87' lang='lat' dir='ltr'><strong>Domino,</strong></span> <span class='ocrx_word' id='word_1_470' title='bbox 2943 1844 3065 1906; x_wconf 90' lang='lat' dir='ltr'><strong>post</strong></span> <span class='ocrx_word' id='word_1_471' title='bbox 3102 1833 3319 1903; x_wconf 87' lang='lat' dir='ltr'><strong>longum</strong></span> <span class='ocrx_word' id='word_1_472' title='bbox 3368 1831 3548 1887; x_wconf 89' lang='lat' dir='ltr'><strong>mutui</strong></span> <span class='ocrx_word' id='word_1_473' title='bbox 3587 1831 3780 1899; x_wconf 76' lang='lat' dir='ltr'><strong>agonis</strong></span> 
     </span>
    </p>
   </div>
   <div class='ocr_carea' id='block_1_64' title="bbox 2187 1924 3781 2001">
    <p class='ocr_par' dir='ltr' id='par_1_64' title="bbox 2187 1924 3781 2001">
     <span class='ocr_line' id='line_1_64' title="bbox 2187 1924 3781 2001; baseline -0.008 -11"><span class='ocrx_word' id='word_1_474' title='bbox 2187 1936 2459 1991; x_wconf 88' lang='lat' dir='ltr'><strong>luctamen</strong></span> <span class='ocrx_word' id='word_1_475' title='bbox 2490 1933 2662 1989; x_wconf 88' lang='lat' dir='ltr'><strong>victor</strong></span> <span class='ocrx_word' id='word_1_476' title='bbox 2693 1932 2900 1987; x_wconf 91' lang='lat' dir='ltr'><strong>hostem</strong></span> <span class='ocrx_word' id='word_1_477' title='bbox 2927 1928 3256 2001; x_wconf 81' lang='lat' dir='ltr'><strong>prostravit,</strong></span> <span class='ocrx_word' id='word_1_478' title='bbox 3305 1934 3360 1981; x_wconf 90' lang='lat' dir='ltr'><strong>et</strong></span> <span class='ocrx_word' id='word_1_479' title='bbox 3403 1926 3552 1981; x_wconf 89' lang='lat' dir='ltr'><strong>inter</strong></span> <span class='ocrx_word' id='word_1_480' title='bbox 3580 1924 3781 1980; x_wconf 75' lang='lat' dir='ltr'><strong>multas</strong></span> 
     </span>
    </p>
   </div>
   <div class='ocr_carea' id='block_1_65' title="bbox 2191 2014 3774 2093">
    <p class='ocr_par' dir='ltr' id='par_1_65' title="bbox 2191 2014 3774 2093">
     <span class='ocr_line' id='line_1_65' title="bbox 2191 2014 3774 2093; baseline -0.008 -13"><span class='ocrx_word' id='word_1_481' title='bbox 2191 2026 2400 2080; x_wconf 88' lang='lat' dir='ltr'><strong>itineris</strong></span> <span class='ocrx_word' id='word_1_482' title='bbox 2452 2024 2774 2093; x_wconf 86' lang='lat' dir='ltr'><strong>asperitates</strong></span> <span class='ocrx_word' id='word_1_483' title='bbox 2827 2019 3148 2080; x_wconf 87' lang='lat' dir='ltr'><strong>incolomis.</strong></span> <span class='ocrx_word' id='word_1_484' title='bbox 3214 2028 3373 2073; x_wconf 91' lang='lat' dir='ltr'><strong>notos</strong></span> <span class='ocrx_word' id='word_1_485' title='bbox 3408 2014 3668 2085; x_wconf 83' lang='lat' dir='ltr'><strong>pervenit</strong></span> <span class='ocrx_word' id='word_1_486' title='bbox 3708 2015 3774 2067; x_wconf 78' lang='lat' dir='ltr'><strong>ad</strong></span> 
     </span>
    </p>
   </div>
   <div class='ocr_carea' id='block_1_66' title="bbox 2192 2106 3782 2182">
    <p class='ocr_par' dir='ltr' id='par_1_66' title="bbox 2192 2106 3782 2182">
     <span class='ocr_line' id='line_1_66' title="bbox 2192 2106 3782 2182; baseline -0.009 -11"><span class='ocrx_word' id='word_1_487' title='bbox 2192 2118 2351 2172; x_wconf 82' lang='lat' dir='ltr'><strong>fines.</strong></span> <span class='ocrx_word' id='word_1_488' title='bbox 2398 2114 2527 2169; x_wconf 81' lang='lat' dir='ltr'><strong>inde</strong></span> <span class='ocrx_word' id='word_1_489' title='bbox 2573 2113 2828 2182; x_wconf 80' lang='lat' dir='ltr'><strong>gaudium</strong></span> <span class='ocrx_word' id='word_1_490' title='bbox 2871 2111 3018 2182; x_wconf 80' lang='lat' dir='ltr'><strong>gregi</strong></span> <span class='ocrx_word' id='word_1_491' title='bbox 3075 2124 3176 2166; x_wconf 90' lang='lat' dir='ltr'><strong>suo</strong></span> <span class='ocrx_word' id='word_1_492' title='bbox 3222 2107 3498 2171; x_wconf 76' lang='lat' dir='ltr'><strong>exoritur,</strong></span> <span class='ocrx_word' id='word_1_493' title='bbox 3548 2113 3609 2160; x_wconf 89' lang='lat' dir='ltr'><strong>et</strong></span> <span class='ocrx_word' id='word_1_494' title='bbox 3635 2106 3782 2159; x_wconf 86' lang='lat' dir='ltr'><strong>omni</strong></span> 
     </span>
    </p>
   </div>
   <div class='ocr_carea' id='block_1_67' title="bbox 2192 2194 3786 2274">
    <p class='ocr_par' dir='ltr' id='par_1_67' title="bbox 2192 2194 3786 2274">
     <span class='ocr_line' id='line_1_67' title="bbox 2192 2194 3786 2274; baseline -0.009 -13"><span class='ocrx_word' id='word_1_495' title='bbox 2192 2206 2470 2261; x_wconf 80' lang='lat' dir='ltr'><strong>Christum</strong></span> <span class='ocrx_word' id='word_1_496' title='bbox 2499 2202 2869 2274; x_wconf 86' lang='lat' dir='ltr'><strong>cognoscenti.</strong></span> <span class='ocrx_word' id='word_1_497' title='bbox 2900 2200 3204 2269; x_wconf 78' lang='lat' dir='ltr'><strong>.Excipitnr</strong></span> <span class='ocrx_word' id='word_1_498' title='bbox 3239 2200 3306 2253; x_wconf 84' lang='lat' dir='ltr'><strong>ab</strong></span> <span class='ocrx_word' id='word_1_499' title='bbox 3341 2196 3604 2255; x_wconf 88' lang='lat' dir='ltr'><strong>omnibus</strong></span> <span class='ocrx_word' id='word_1_500' title='bbox 3631 2194 3786 2248; x_wconf 82' lang='lat' dir='ltr'><strong>miies</strong></span> 
     </span>
    </p>
   </div>
   <div class='ocr_carea' id='block_1_68' title="bbox 2191 2286 3782 2360">
    <p class='ocr_par' dir='ltr' id='par_1_68' title="bbox 2191 2286 3782 2360">
     <span class='ocr_line' id='line_1_68' title="bbox 2191 2286 3782 2360; baseline -0.008 -9"><span class='ocrx_word' id='word_1_501' title='bbox 2191 2297 2365 2351; x_wconf 91' lang='lat' dir='ltr'><strong>bonus</strong></span> <span class='ocrx_word' id='word_1_502' title='bbox 2392 2295 2446 2349; x_wconf 90' lang='lat' dir='ltr'><strong>in</strong></span> <span class='ocrx_word' id='word_1_503' title='bbox 2468 2294 2634 2357; x_wconf 87' lang='lat' dir='ltr'><strong>clero,</strong></span> <span class='ocrx_word' id='word_1_504' title='bbox 2658 2302 2715 2348; x_wconf 93' lang='lat' dir='ltr'><strong>et</strong></span> <span class='ocrx_word' id='word_1_505' title='bbox 2738 2301 2986 2348; x_wconf 89' lang='lat' dir='ltr'><strong>servatur</strong></span> <span class='ocrx_word' id='word_1_506' title='bbox 3010 2289 3251 2360; x_wconf 84' lang='lat' dir='ltr'><strong>optimus</strong></span> <span class='ocrx_word' id='word_1_507' title='bbox 3274 2299 3465 2359; x_wconf 87' lang='lat' dir='ltr'><strong>pastor</strong></span> <span class='ocrx_word' id='word_1_508' title='bbox 3485 2287 3539 2341; x_wconf 91' lang='lat' dir='ltr'><strong>in</strong></span> <span class='ocrx_word' id='word_1_509' title='bbox 3564 2286 3782 2357; x_wconf 82' lang='lat' dir='ltr'><strong>populo,</strong></span> 
     </span>
    </p>
   </div>
   <div class='ocr_carea' id='block_1_69' title="bbox 2192 2376 3786 2456">
    <p class='ocr_par' dir='ltr' id='par_1_69' title="bbox 2192 2376 3786 2456">
     <span class='ocr_line' id='line_1_69' title="bbox 2192 2376 3786 2456; baseline -0.008 -13"><span class='ocrx_word' id='word_1_510' title='bbox 2192 2400 2247 2444; x_wconf 89' lang='lat' dir='ltr'><strong>et</strong></span> <span class='ocrx_word' id='word_1_511' title='bbox 2280 2387 2378 2442; x_wconf 91' lang='lat' dir='ltr'><strong>fuit</strong></span> <span class='ocrx_word' id='word_1_512' title='bbox 2420 2385 2661 2456; x_wconf 75' lang='lat' dir='ltr'><strong>ejusdem</strong></span> <span class='ocrx_word' id='word_1_513' title='bbox 2694 2382 2963 2438; x_wconf 87' lang='lat' dir='ltr'><strong>mutilatio</strong></span> <span class='ocrx_word' id='word_1_514' title='bbox 2999 2397 3107 2436; x_wconf 92' lang='lat' dir='ltr'><strong>non</strong></span> <span class='ocrx_word' id='word_1_515' title='bbox 3151 2380 3220 2435; x_wconf 88' lang='lat' dir='ltr'><strong>ad</strong></span> <span class='ocrx_word' id='word_1_516' title='bbox 3261 2380 3532 2445; x_wconf 88' lang='lat' dir='ltr'><strong>dedecus,</strong></span> <span class='ocrx_word' id='word_1_517' title='bbox 3579 2378 3678 2432; x_wconf 87' lang='lat' dir='ltr'><strong>sed</strong></span> <span class='ocrx_word' id='word_1_518' title='bbox 3718 2376 3786 2431; x_wconf 78' lang='lat' dir='ltr'><strong>ad</strong></span> 
     </span>
    </p>
   </div>
   <div class='ocr_carea' id='block_1_70' title="bbox 2194 2470 3785 2559">
    <p class='ocr_par' dir='ltr' id='par_1_70' title="bbox 2194 2470 3785 2559">
     <span class='ocr_line' id='line_1_70' title="bbox 2194 2470 3785 2559; baseline -0.009 -22"><span class='ocrx_word' id='word_1_519' title='bbox 2194 2482 2469 2559; x_wconf 53' lang='lat' dir='ltr'><strong>honorent</strong></span> <span class='ocrx_word' id='word_1_520' title='bbox 2488 2479 2681 2549; x_wconf 82' lang='lat' dir='ltr'><strong>magis.</strong></span> <span class='ocrx_word' id='word_1_521' title='bbox 2731 2476 2799 2533; x_wconf 86' lang='lat' dir='ltr'><strong>Et</strong></span> <span class='ocrx_word' id='word_1_522' title='bbox 2838 2489 2981 2530; x_wconf 89' lang='lat' dir='ltr'><strong>nunc</strong></span> <span class='ocrx_word' id='word_1_523' title='bbox 3007 2481 3253 2530; x_wconf 86' lang='lat' dir='ltr'><strong>revertar</strong></span> <span class='ocrx_word' id='word_1_524' title='bbox 3286 2474 3356 2528; x_wconf 87' lang='lat' dir='ltr'><strong>ad</strong></span> <span class='ocrx_word' id='word_1_525' title='bbox 3384 2470 3785 2541; x_wconf 73' lang='lat' dir='ltr'><strong>cxplanandam</strong></span> 
     </span>
    </p>
   </div>
   <div class='ocr_carea' id='block_1_71' title="bbox 2194 2558 2787 2626">
    <p class='ocr_par' dir='ltr' id='par_1_71' title="bbox 2194 2558 2787 2626">
     <span class='ocr_line' id='line_1_71' title="bbox 2194 2558 2787 2626; baseline -0.007 0"><span class='ocrx_word' id='word_1_526' title='bbox 2194 2558 2536 2626; x_wconf 86' lang='lat' dir='ltr'><strong>narracionis</strong></span> <span class='ocrx_word' id='word_1_527' title='bbox 2566 2569 2787 2624; x_wconf 89' lang='lat' dir='ltr'><strong>seriem.</strong></span> 
     </span>
    </p>
   </div>
   <div class='ocr_carea' id='block_1_72' title="bbox 2272 2656 3788 2729">
    <p class='ocr_par' dir='ltr' id='par_1_72' title="bbox 2272 2656 3788 2729">
     <span class='ocr_line' id='line_1_72' title="bbox 2272 2656 3788 2729; baseline -0.009 -11"><span class='ocrx_word' id='word_1_528' title='bbox 2272 2661 2356 2718; x_wconf 85' lang='lat' dir='ltr'><strong>i8.</strong></span> <span class='ocrx_word' id='word_1_529' title='bbox 2418 2661 2786 2716; x_wconf 78' lang='lat' dir='ltr'><strong>Romanorum</strong></span> <span class='ocrx_word' id='word_1_530' title='bbox 2836 2665 3127 2729; x_wconf 89' lang='lat' dir='ltr'><strong>prepotens</strong></span> <span class='ocrx_word' id='word_1_531' title='bbox 3182 2656 3481 2726; x_wconf 87' lang='lat' dir='ltr'><strong>imperator</strong></span> <span class='ocrx_word' id='word_1_532' title='bbox 3524 2661 3788 2725; x_wconf 76' lang='lat' dir='ltr'><strong>angustus</strong></span> 
     </span>
    </p>
   </div>
   <div class='ocr_carea' id='block_1_73' title="bbox 2196 2746 3785 2823">
    <p class='ocr_par' dir='ltr' id='par_1_73' title="bbox 2196 2746 3785 2823">
     <span class='ocr_line' id='line_1_73' title="bbox 2196 2746 3785 2823; baseline -0.009 -14"><span class='ocrx_word' id='word_1_533' title='bbox 2196 2754 2551 2810; x_wconf 83' lang='lat' dir='ltr'><strong>valentiorem</strong></span> <span class='ocrx_word' id='word_1_534' title='bbox 2576 2753 2678 2808; x_wconf 91' lang='lat' dir='ltr'><strong>sibi</strong></span> <span class='ocrx_word' id='word_1_535' title='bbox 2695 2753 2768 2785; x_wconf 79' lang='lat'><strong>&#39;&quot;</strong></span> <span class='ocrx_word' id='word_1_536' title='bbox 2800 2753 2853 2806; x_wconf 91' lang='lat' dir='ltr'><strong>in</strong></span> <span class='ocrx_word' id='word_1_537' title='bbox 2879 2750 3098 2806; x_wconf 85' lang='lat' dir='ltr'><strong>Christo</strong></span> <span class='ocrx_word' id='word_1_538' title='bbox 3121 2751 3376 2823; x_wconf 86' lang='lat' dir='ltr'><strong>domuum</strong></span> <span class='ocrx_word' id='word_1_539' title='bbox 3403 2746 3785 2818; x_wconf 86' lang='lat' dir='ltr'><strong>apostolicum,</strong></span> 
     </span>
    </p>
   </div>
   <div class='ocr_carea' id='block_1_74' title="bbox 2197 2836 3788 2912">
    <p class='ocr_par' dir='ltr' id='par_1_74' title="bbox 2197 2836 3788 2912">
     <span class='ocr_line' id='line_1_74' title="bbox 2197 2836 3788 2912; baseline -0.008 -10"><span class='ocrx_word' id='word_1_540' title='bbox 2197 2848 2418 2902; x_wconf 70' lang='lat' dir='ltr'><strong>nomine</strong></span> <span class='ocrx_word' id='word_1_541' title='bbox 2441 2845 2831 2909; x_wconf 89' lang='lat' dir='ltr'><strong>Benedictum,</strong></span> <span class='ocrx_word' id='word_1_542' title='bbox 2878 2858 3039 2912; x_wconf 89' lang='lat' dir='ltr'><strong>quem</strong></span> <span class='ocrx_word' id='word_1_543' title='bbox 3088 2841 3158 2893; x_wconf 69' lang='lat'><strong>!“</strong></span> <span class='ocrx_word' id='word_1_544' title='bbox 3203 2840 3382 2895; x_wconf 89' lang='lat' dir='ltr'><strong>nullus</strong></span> <span class='ocrx_word' id='word_1_545' title='bbox 3419 2840 3632 2909; x_wconf 83' lang='lat' dir='ltr'><strong>absque</strong></span> <span class='ocrx_word' id='word_1_546' title='bbox 3683 2836 3788 2890; x_wconf 83' lang='lat' dir='ltr'><strong>Deo</strong></span> 
     </span>
    </p>
   </div>
   <div class='ocr_carea' id='block_1_75' title="bbox 2191 2924 3783 3006">
    <p class='ocr_par' dir='ltr' id='par_1_75' title="bbox 2191 2924 3783 3006">
     <span class='ocr_line' id='line_1_75' title="bbox 2191 2924 3783 3006; baseline -0.009 -15"><span class='ocrx_word' id='word_1_547' title='bbox 2191 2935 2440 3006; x_wconf 59' lang='lat' dir='ltr'><strong>judicare</strong></span> <span class='ocrx_word' id='word_1_548' title='bbox 2471 2935 2663 3003; x_wconf 86' lang='lat' dir='ltr'><strong>potuit.</strong></span> <span class='ocrx_word' id='word_1_549' title='bbox 2695 2933 2918 3004; x_wconf 82' lang='lat' dir='ltr'><strong>injuste,</strong></span> <span class='ocrx_word' id='word_1_550' title='bbox 2940 2940 3001 2986; x_wconf 91' lang='lat' dir='ltr'><strong>ut</strong></span> <span class='ocrx_word' id='word_1_551' title='bbox 3020 2945 3198 3001; x_wconf 90' lang='lat' dir='ltr'><strong>spero,</strong></span> <span class='ocrx_word' id='word_1_552' title='bbox 3223 2939 3563 2989; x_wconf 85' lang='lat' dir='ltr'><strong>accusatum,</strong></span> <span class='ocrx_word' id='word_1_553' title='bbox 3591 2924 3783 2995; x_wconf 85' lang='lat' dir='ltr'><strong>deponi</strong></span> 
     </span>
    </p>
   </div>
   <div class='ocr_carea' id='block_1_76' title="bbox 2200 3018 3784 3097">
    <p class='ocr_par' dir='ltr' id='par_1_76' title="bbox 2200 3018 3784 3097">
     <span class='ocr_line' id='line_1_76' title="bbox 2200 3018 3784 3097; baseline -0.01 -12"><span class='ocrx_word' id='word_1_554' title='bbox 2200 3029 2474 3085; x_wconf 85' lang='lat' dir='ltr'><strong>consensit</strong></span> <span class='ocrx_word' id='word_1_555' title='bbox 2506 3029 2616 3097; x_wconf 87' lang='lat' dir='ltr'><strong>(an.</strong></span> <span class='ocrx_word' id='word_1_556' title='bbox 2648 3025 2774 3097; x_wconf 70' lang='grc'>064)</span> <span class='ocrx_word' id='word_1_557' title='bbox 2795 3066 2810 3091; x_wconf 87' lang='grc'><em>,</em></span> <span class='ocrx_word' id='word_1_558' title='bbox 2840 3033 2895 3079; x_wconf 90' lang='lat' dir='ltr'><strong>et</strong></span> <span class='ocrx_word' id='word_1_559' title='bbox 2915 3064 2930 3090; x_wconf 92' lang='lat'><strong>,</strong></span> <span class='ocrx_word' id='word_1_560' title='bbox 2970 3024 3114 3093; x_wconf 86' lang='lat' dir='ltr'><strong>quod</strong></span> <span class='ocrx_word' id='word_1_561' title='bbox 3145 3023 3354 3077; x_wconf 84' lang='lat' dir='ltr'><strong>utinam</strong></span> <span class='ocrx_word' id='word_1_562' title='bbox 3398 3036 3507 3075; x_wconf 91' lang='lat' dir='ltr'><strong>non</strong></span> <span class='ocrx_word' id='word_1_563' title='bbox 3540 3018 3784 3083; x_wconf 83' lang='lat' dir='ltr'><strong>fecisset,</strong></span> 
     </span>
    </p>
   </div>
   <div class='ocr_carea' id='block_1_77' title="bbox 2202 3107 3787 3186">
    <p class='ocr_par' dir='ltr' id='par_1_77' title="bbox 2202 3107 3787 3186">
     <span class='ocr_line' id='line_1_77' title="bbox 2202 3107 3787 3186; baseline -0.011 -10"><span class='ocrx_word' id='word_1_564' title='bbox 2202 3121 2366 3177; x_wconf 71' lang='lat' dir='ltr'><strong>exilio</strong></span> <span class='ocrx_word' id='word_1_565' title='bbox 2395 3120 2463 3174; x_wconf 89' lang='lat' dir='ltr'><strong>ad</strong></span> <span class='ocrx_word' id='word_1_566' title='bbox 2498 3118 2899 3186; x_wconf 81' lang='lat' dir='ltr'><strong>ilammaburcg</strong></span> <span class='ocrx_word' id='word_1_567' title='bbox 2949 3113 3165 3184; x_wconf 86' lang='lat' dir='ltr'><strong>religari</strong></span> <span class='ocrx_word' id='word_1_568' title='bbox 3213 3111 3285 3144; x_wconf 74' lang='lat'><strong>&#39;“</strong></span> <span class='ocrx_word' id='word_1_569' title='bbox 3322 3110 3571 3181; x_wconf 87' lang='lat' dir='ltr'><strong>precepit</strong></span> <span class='ocrx_word' id='word_1_570' title='bbox 3605 3107 3787 3179; x_wconf 72' lang='lat'><strong>(297),</strong></span> 
     </span>
    </p>
   </div>
   <div class='ocr_carea' id='block_1_78' title="bbox 2198 3202 3791 3280">
    <p class='ocr_par' dir='ltr' id='par_1_78' title="bbox 2198 3202 3791 3280">
     <span class='ocr_line' id='line_1_78' title="bbox 2198 3202 3791 3280; baseline -0.01 -11"><span class='ocrx_word' id='word_1_571' title='bbox 2198 3223 2259 3269; x_wconf 90' lang='lat' dir='ltr'><strong>ut</strong></span> <span class='ocrx_word' id='word_1_572' title='bbox 2285 3220 2405 3280; x_wconf 81' lang='lat' dir='ltr'><strong>post</strong></span> <span class='ocrx_word' id='word_1_573' title='bbox 2428 3211 2658 3266; x_wconf 80' lang='lat' dir='ltr'><strong>lucidius</strong></span> <span class='ocrx_word' id='word_1_574' title='bbox 2681 3208 2740 3277; x_wconf 87' lang='lat' dir='ltr'><strong>(f.</strong></span> <span class='ocrx_word' id='word_1_575' title='bbox 2771 3208 2869 3274; x_wconf 75' lang='lat'><strong>28)</strong></span> <span class='ocrx_word' id='word_1_576' title='bbox 2893 3207 3164 3262; x_wconf 86' lang='lat' dir='ltr'><strong>indicabo.</strong></span> <span class='ocrx_word' id='word_1_577' title='bbox 3190 3204 3411 3260; x_wconf 88' lang='lat' dir='ltr'><strong>Interim</strong></span> <span class='ocrx_word' id='word_1_578' title='bbox 3437 3202 3791 3257; x_wconf 84' lang='lat' dir='ltr'><strong>llirimannus</strong></span> 
     </span>
    </p>
   </div>
   <div class='ocr_carea' id='block_1_79' title="bbox 2201 3289 3791 3367">
    <p class='ocr_par' dir='ltr' id='par_1_79' title="bbox 2201 3289 3791 3367">
     <span class='ocr_line' id='line_1_79' title="bbox 2201 3289 3791 3367; baseline -0.01 -9"><span class='ocrx_word' id='word_1_579' title='bbox 2201 3304 2304 3359; x_wconf 79' lang='lat' dir='ltr'><strong>dux</strong></span> <span class='ocrx_word' id='word_1_580' title='bbox 2335 3301 2628 3357; x_wconf 80' lang='lat' dir='ltr'><strong>Saxoniam</strong></span> <span class='ocrx_word' id='word_1_581' title='bbox 2658 3298 2907 3367; x_wconf 87' lang='lat' dir='ltr'><strong>regebat;</strong></span> <span class='ocrx_word' id='word_1_582' title='bbox 2959 3295 3242 3367; x_wconf 90' lang='lat' dir='ltr'><strong>positaque</strong></span> <span class='ocrx_word' id='word_1_583' title='bbox 3287 3293 3355 3347; x_wconf 89' lang='lat' dir='ltr'><strong>ad</strong></span> <span class='ocrx_word' id='word_1_584' title='bbox 3397 3289 3791 3361; x_wconf 74' lang='lat' dir='ltr'><strong>Magathaburg</strong></span> 
     </span>
    </p>
   </div>
   <div class='ocr_carea' id='block_1_80' title="bbox 2203 3384 3794 3459">
    <p class='ocr_par' dir='ltr' id='par_1_80' title="bbox 2203 3384 3794 3459">
     <span class='ocr_line' id='line_1_80' title="bbox 2203 3384 3794 3459; baseline -0.011 -9"><span class='ocrx_word' id='word_1_585' title='bbox 2203 3396 2275 3428; x_wconf 76' lang='grc'><strong>¹⁶³</strong></span> <span class='ocrx_word' id='word_1_586' title='bbox 2302 3393 2596 3459; x_wconf 71' lang='lat' dir='ltr'><strong>conciente,</strong></span> <span class='ocrx_word' id='word_1_587' title='bbox 2628 3398 2914 3457; x_wconf 88' lang='lat' dir='ltr'><strong>susceptus</strong></span> <span class='ocrx_word' id='word_1_588' title='bbox 2932 3396 3016 3443; x_wconf 90' lang='lat' dir='ltr'><strong>est</strong></span> <span class='ocrx_word' id='word_1_589' title='bbox 3038 3388 3107 3442; x_wconf 92' lang='lat' dir='ltr'><strong>ab</strong></span> <span class='ocrx_word' id='word_1_590' title='bbox 3131 3384 3581 3454; x_wconf 88' lang='lat' dir='ltr'><strong>archiepiscopo,</strong></span> <span class='ocrx_word' id='word_1_591' title='bbox 3611 3396 3794 3436; x_wconf 82' lang='lat' dir='ltr'><strong>manu-</strong></span> 
     </span>
    </p>
   </div>
   <div class='ocr_carea' id='block_1_81' title="bbox 2204 3471 3795 3556">
    <p class='ocr_par' dir='ltr' id='par_1_81' title="bbox 2204 3471 3795 3556">
     <span class='ocr_line' id='line_1_81' title="bbox 2204 3471 3795 3556; baseline -0.01 -17"><span class='ocrx_word' id='word_1_592' title='bbox 2204 3499 2311 3556; x_wconf 90' lang='lat' dir='ltr'><strong>que</strong></span> <span class='ocrx_word' id='word_1_593' title='bbox 2363 3482 2626 3538; x_wconf 88' lang='lat' dir='ltr'><strong>dednctus</strong></span> <span class='ocrx_word' id='word_1_594' title='bbox 2669 3480 2738 3533; x_wconf 91' lang='lat' dir='ltr'><strong>ad</strong></span> <span class='ocrx_word' id='word_1_595' title='bbox 2786 3476 3107 3542; x_wconf 89' lang='lat' dir='ltr'><strong>ecclesiam,</strong></span> <span class='ocrx_word' id='word_1_596' title='bbox 3145 3473 3393 3530; x_wconf 85' lang='lat' dir='ltr'><strong>accensis</strong></span> <span class='ocrx_word' id='word_1_597' title='bbox 3433 3471 3795 3526; x_wconf 83' lang='lat' dir='ltr'><strong>luminaribus</strong></span> 
     </span>
    </p>
   </div>
   <div class='ocr_carea' id='block_1_82' title="bbox 2204 3562 3796 3643">
    <p class='ocr_par' dir='ltr' id='par_1_82' title="bbox 2204 3562 3796 3643">
     <span class='ocr_line' id='line_1_82' title="bbox 2204 3562 3796 3643; baseline -0.011 -14"><span class='ocrx_word' id='word_1_598' title='bbox 2204 3572 2526 3643; x_wconf 88' lang='lat' dir='ltr'><strong>cunctisque</strong></span> <span class='ocrx_word' id='word_1_599' title='bbox 2569 3569 2889 3625; x_wconf 88' lang='lat' dir='ltr'><strong>sonantibus</strong></span> <span class='ocrx_word' id='word_1_600' title='bbox 2926 3567 3227 3637; x_wconf 91' lang='lat' dir='ltr'><strong>campanis.</strong></span> <span class='ocrx_word' id='word_1_601' title='bbox 3278 3564 3352 3618; x_wconf 92' lang='lat' dir='ltr'><strong>Ibi</strong></span> <span class='ocrx_word' id='word_1_602' title='bbox 3379 3577 3544 3618; x_wconf 89' lang='lat' dir='ltr'><strong>avum</strong></span> <span class='ocrx_word' id='word_1_603' title='bbox 3577 3562 3796 3617; x_wconf 75' lang='lat' dir='ltr'><strong>meimei</strong></span> 
     </span>
    </p>
   </div>
   <div class='ocr_carea' id='block_1_83' title="bbox 2208 3650 3793 3731">
    <p class='ocr_par' dir='ltr' id='par_1_83' title="bbox 2208 3650 3793 3731">
     <span class='ocr_line' id='line_1_83' title="bbox 2208 3650 3793 3731; baseline -0.01 -12"><span class='ocrx_word' id='word_1_604' title='bbox 2208 3663 2525 3720; x_wconf 79' lang='lat' dir='ltr'><strong>lieinricum</strong></span> <span class='ocrx_word' id='word_1_605' title='bbox 2554 3660 2700 3731; x_wconf 71' lang='lat'><strong>(298)</strong></span> <span class='ocrx_word' id='word_1_606' title='bbox 2719 3699 2735 3725; x_wconf 94' lang='lat'><strong>,</strong></span> <span class='ocrx_word' id='word_1_607' title='bbox 2774 3666 2936 3715; x_wconf 67' lang='lat' dir='ltr'><strong>tantae</strong></span> <span class='ocrx_word' id='word_1_608' title='bbox 2959 3657 3303 3712; x_wconf 89' lang='lat' dir='ltr'><strong>resistentem</strong></span> <span class='ocrx_word' id='word_1_609' title='bbox 3332 3653 3607 3724; x_wconf 65' lang='lat' dir='ltr'><strong>superbia:</strong></span> <span class='ocrx_word' id='word_1_610' title='bbox 3627 3692 3644 3716; x_wconf 92' lang='lat'><strong>,</strong></span> <span class='ocrx_word' id='word_1_611' title='bbox 3677 3650 3793 3704; x_wconf 88' lang='lat' dir='ltr'><strong>dolo</strong></span> 
     </span>
    </p>
   </div>
   <div class='ocr_carea' id='block_1_84' title="bbox 2188 3740 3794 3824">
    <p class='ocr_par' dir='ltr' id='par_1_84' title="bbox 2188 3740 3794 3824">
     <span class='ocr_line' id='line_1_84' title="bbox 2188 3740 3794 3824; baseline -0.01 -16"><span class='ocrx_word' id='word_1_612' title='bbox 2188 3752 2406 3824; x_wconf 79' lang='lat' dir='ltr'><strong>&#39;capere</strong></span> <span class='ocrx_word' id='word_1_613' title='bbox 2433 3753 2539 3806; x_wconf 76' lang='lat' dir='ltr'><strong>dux</strong></span> <span class='ocrx_word' id='word_1_614' title='bbox 2570 3750 2723 3805; x_wconf 91' lang='lat' dir='ltr'><strong>nisus</strong></span> <span class='ocrx_word' id='word_1_615' title='bbox 2754 3763 2859 3802; x_wconf 93' lang='lat' dir='ltr'><strong>non</strong></span> <span class='ocrx_word' id='word_1_616' title='bbox 2888 3746 3094 3817; x_wconf 89' lang='lat' dir='ltr'><strong>potuit,</strong></span> <span class='ocrx_word' id='word_1_617' title='bbox 3125 3745 3252 3816; x_wconf 85' lang='lat' dir='ltr'><strong>quia</strong></span> <span class='ocrx_word' id='word_1_618' title='bbox 3285 3745 3429 3798; x_wconf 86' lang='lat' dir='ltr'><strong>lmnc</strong></span> <span class='ocrx_word' id='word_1_619' title='bbox 3458 3743 3532 3774; x_wconf 80' lang='lat'><strong>’“</strong></span> <span class='ocrx_word' id='word_1_620' title='bbox 3567 3740 3794 3796; x_wconf 86' lang='lat' dir='ltr'><strong>militum</strong></span> 
     </span>
    </p>
   </div>
   <div class='ocr_carea' id='block_1_85' title="bbox 2207 3829 3797 3916">
    <p class='ocr_par' dir='ltr' id='par_1_85' title="bbox 2207 3829 3797 3916">
     <span class='ocr_line' id='line_1_85' title="bbox 2207 3829 3797 3916; baseline -0.012 -16"><span class='ocrx_word' id='word_1_621' title='bbox 2207 3860 2404 3916; x_wconf 86' lang='lat' dir='ltr'><strong>magna</strong></span> <span class='ocrx_word' id='word_1_622' title='bbox 2431 3852 2650 3897; x_wconf 89' lang='lat' dir='ltr'><strong>caterva</strong></span> <span class='ocrx_word' id='word_1_623' title='bbox 2682 3838 2922 3895; x_wconf 85' lang='lat' dir='ltr'><strong>vallavit.</strong></span> <span class='ocrx_word' id='word_1_624' title='bbox 2971 3835 3222 3906; x_wconf 86' lang='lat' dir='ltr'><strong>Precepit</strong></span> <span class='ocrx_word' id='word_1_625' title='bbox 3262 3843 3446 3889; x_wconf 87' lang='lat' dir='ltr'><strong>tamen</strong></span> <span class='ocrx_word' id='word_1_626' title='bbox 3475 3831 3563 3895; x_wconf 89' lang='lat' dir='ltr'><strong>ei,</strong></span> <span class='ocrx_word' id='word_1_627' title='bbox 3609 3839 3673 3885; x_wconf 90' lang='lat' dir='ltr'><strong>ut</strong></span> <span class='ocrx_word' id='word_1_628' title='bbox 3697 3829 3797 3883; x_wconf 76' lang='lat' dir='ltr'><strong>Bo-</strong></span> 
     </span>
    </p>
   </div>
   <div class='ocr_carea' id='block_1_86' title="bbox 2207 3919 3796 4003">
    <p class='ocr_par' dir='ltr' id='par_1_86' title="bbox 2207 3919 3796 4003">
     <span class='ocr_line' id='line_1_86' title="bbox 2207 3919 3796 4003; baseline -0.011 -14"><span class='ocrx_word' id='word_1_629' title='bbox 2207 3949 2350 3992; x_wconf 87' lang='lat' dir='ltr'><strong>mam</strong></span> <span class='ocrx_word' id='word_1_630' title='bbox 2380 3940 2500 4003; x_wconf 89' lang='lat' dir='ltr'><strong>post</strong></span> <span class='ocrx_word' id='word_1_631' title='bbox 2528 3930 2893 4000; x_wconf 89' lang='lat' dir='ltr'><strong>inperatorem</strong></span> <span class='ocrx_word' id='word_1_632' title='bbox 2929 3935 3199 3997; x_wconf 80' lang='lat' dir='ltr'><strong>pergeret.</strong></span> <span class='ocrx_word' id='word_1_633' title='bbox 3238 3922 3397 3991; x_wconf 86' lang='lat' dir='ltr'><strong>Quod</strong></span> <span class='ocrx_word' id='word_1_634' title='bbox 3439 3919 3796 3976; x_wconf 84' lang='lat' dir='ltr'><strong>libentissime</strong></span> 
     </span>
    </p>
   </div>
   <div class='ocr_carea' id='block_1_87' title="bbox 2209 4012 3797 4097">
    <p class='ocr_par' dir='ltr' id='par_1_87' title="bbox 2209 4012 3797 4097">
     <span class='ocr_line' id='line_1_87' title="bbox 2209 4012 3797 4097; baseline -0.012 -14"><span class='ocrx_word' id='word_1_635' title='bbox 2209 4024 2486 4097; x_wconf 90' lang='lat' dir='ltr'><strong>complens</strong></span> <span class='ocrx_word' id='word_1_636' title='bbox 2506 4064 2522 4089; x_wconf 93' lang='lat'><strong>,</strong></span> <span class='ocrx_word' id='word_1_637' title='bbox 2556 4022 2887 4079; x_wconf 88' lang='lat' dir='ltr'><strong>transcensis</strong></span> <span class='ocrx_word' id='word_1_638' title='bbox 2918 4019 3146 4089; x_wconf 83' lang='lat' dir='ltr'><strong>Alpibus</strong></span> <span class='ocrx_word' id='word_1_639' title='bbox 3173 4025 3235 4071; x_wconf 90' lang='lat' dir='ltr'><strong>ut</strong></span> <span class='ocrx_word' id='word_1_640' title='bbox 3260 4015 3499 4086; x_wconf 89' lang='lat' dir='ltr'><strong>primum</strong></span> <span class='ocrx_word' id='word_1_641' title='bbox 3523 4012 3596 4067; x_wconf 87' lang='lat' dir='ltr'><strong>ad</strong></span> <span class='ocrx_word' id='word_1_642' title='bbox 3635 4012 3797 4081; x_wconf 84' lang='lat' dir='ltr'><strong>impe-</strong></span> 
     </span>
    </p>
   </div>
   <div class='ocr_carea' id='block_1_88' title="bbox 2210 4106 3797 4182">
    <p class='ocr_par' dir='ltr' id='par_1_88' title="bbox 2210 4106 3797 4182">
     <span class='ocr_line' id='line_1_88' title="bbox 2210 4106 3797 4182; baseline -0.011 -7"><span class='ocrx_word' id='word_1_643' title='bbox 2210 4127 2448 4176; x_wconf 90' lang='lat' dir='ltr'><strong>ratorem</strong></span> <span class='ocrx_word' id='word_1_644' title='bbox 2480 4117 2657 4182; x_wconf 88' lang='lat' dir='ltr'><strong>venit,</strong></span> <span class='ocrx_word' id='word_1_645' title='bbox 2712 4114 2901 4171; x_wconf 89' lang='lat' dir='ltr'><strong>videns</strong></span> <span class='ocrx_word' id='word_1_646' title='bbox 2944 4127 3071 4167; x_wconf 85' lang='lat' dir='ltr'><strong>eum</strong></span> <span class='ocrx_word' id='word_1_647' title='bbox 3108 4124 3140 4165; x_wconf 89' lang='lat' dir='ltr'><strong>a</strong></span> <span class='ocrx_word' id='word_1_648' title='bbox 3188 4109 3344 4178; x_wconf 84' lang='lat' dir='ltr'><strong>longe</strong></span> <span class='ocrx_word' id='word_1_649' title='bbox 3369 4147 3386 4175; x_wconf 93' lang='lat'><strong>,</strong></span> <span class='ocrx_word' id='word_1_650' title='bbox 3436 4106 3797 4162; x_wconf 85' lang='lat' dir='ltr'><strong>solotenusse</strong></span> 
     </span>
    </p>
   </div>
   <div class='ocr_carea' id='block_1_89' title="bbox 2212 4198 3794 4281">
    <p class='ocr_par' dir='ltr' id='par_1_89' title="bbox 2212 4198 3794 4281">
     <span class='ocr_line' id='line_1_89' title="bbox 2212 4198 3794 4281; baseline -0.009 -18"><span class='ocrx_word' id='word_1_651' title='bbox 2212 4207 2538 4281; x_wconf 86' lang='lat' dir='ltr'><strong>prostravit;</strong></span> <span class='ocrx_word' id='word_1_652' title='bbox 2572 4207 3074 4277; x_wconf 81' lang='lat' dir='ltr'><strong>interrogatusque,</strong></span> <span class='ocrx_word' id='word_1_653' title='bbox 3108 4201 3235 4273; x_wconf 89' lang='lat' dir='ltr'><strong>quid</strong></span> <span class='ocrx_word' id='word_1_654' title='bbox 3258 4214 3437 4255; x_wconf 70' lang='lat' dir='ltr'><strong>causa:</strong></span> <span class='ocrx_word' id='word_1_655' title='bbox 3473 4198 3581 4254; x_wconf 89' lang='lat' dir='ltr'><strong>hoc</strong></span> <span class='ocrx_word' id='word_1_656' title='bbox 3608 4206 3752 4253; x_wconf 82' lang='lat' dir='ltr'><strong>esset</strong></span> <span class='ocrx_word' id='word_1_657' title='bbox 3777 4233 3794 4258; x_wconf 86' lang='lat'><strong>.</strong></span> 
     </span>
    </p>
   </div>
   <div class='ocr_carea' id='block_1_90' title="bbox 2213 4286 3798 4371">
    <p class='ocr_par' dir='ltr' id='par_1_90' title="bbox 2213 4286 3798 4371">
     <span class='ocr_line' id='line_1_90' title="bbox 2213 4286 3798 4371; baseline -0.009 -18"><span class='ocrx_word' id='word_1_658' title='bbox 2213 4301 2357 4371; x_wconf 90' lang='lat' dir='ltr'><strong>quod</strong></span> <span class='ocrx_word' id='word_1_659' title='bbox 2397 4307 2687 4354; x_wconf 84' lang='lat' dir='ltr'><strong>accusatus</strong></span> <span class='ocrx_word' id='word_1_660' title='bbox 2734 4295 2874 4365; x_wconf 89' lang='lat' dir='ltr'><strong>apud</strong></span> <span class='ocrx_word' id='word_1_661' title='bbox 2929 4309 3095 4359; x_wconf 91' lang='lat' dir='ltr'><strong>eum,</strong></span> <span class='ocrx_word' id='word_1_662' title='bbox 3144 4291 3376 4362; x_wconf 86' lang='lat' dir='ltr'><strong>gratiam</strong></span> <span class='ocrx_word' id='word_1_663' title='bbox 3429 4303 3590 4343; x_wconf 89' lang='lat' dir='ltr'><strong>suam</strong></span> <span class='ocrx_word' id='word_1_664' title='bbox 3635 4286 3798 4357; x_wconf 77' lang='lat' dir='ltr'><strong>pieta—</strong></span> 
     </span>
    </p>
   </div>
   <div class='ocr_carea' id='block_1_91' title="bbox 528 4377 3797 4485">
    <p class='ocr_par' dir='ltr' id='par_1_91' title="bbox 528 4377 3797 4485">
     <span class='ocr_line' id='line_1_91' title="bbox 528 4377 3797 4485; baseline -0.004 -41"><span class='ocrx_word' id='word_1_665' title='bbox 528 4391 653 4444; x_wconf 78' lang='lat' dir='ltr'><strong>Luie</strong></span> <span class='ocrx_word' id='word_1_666' title='bbox 685 4392 955 4459; x_wconf 63' lang='lat' dir='ltr'><strong>piezlixit:</strong></span> <span class='ocrx_word' id='word_1_667' title='bbox 1000 4390 1077 4444; x_wconf 85' lang='lat' dir='ltr'><strong>Tu</strong></span> <span class='ocrx_word' id='word_1_668' title='bbox 1108 4392 1292 4455; x_wconf 66' lang='lat' dir='ltr'><strong>debes,</strong></span> <span class='ocrx_word' id='word_1_669' title='bbox 1348 4390 1545 4459; x_wconf 82' lang='lat' dir='ltr'><strong>frater,</strong></span> <span class='ocrx_word' id='word_1_670' title='bbox 1594 4391 1855 4445; x_wconf 83' lang='lat' dir='ltr'><strong>secundus</strong></span> <span class='ocrx_word' id='word_1_671' title='bbox 1886 4402 1998 4461; x_wconf 77' lang='lat' dir='ltr'><strong>post</strong></span> <span class='ocrx_word' id='word_1_672' title='bbox 2032 4406 2112 4445; x_wconf 83' lang='lat' dir='ltr'><strong>me</strong></span> <span class='ocrx_word' id='word_1_673' title='bbox 2139 4426 2189 4485; x_wconf 70' lang='grc' dir='ltr'>ο</span> <span class='ocrx_word' id='word_1_674' title='bbox 2218 4400 2436 4451; x_wconf 80' lang='lat' dir='ltr'><strong>temone</strong></span> <span class='ocrx_word' id='word_1_675' title='bbox 2487 4388 2701 4444; x_wconf 89' lang='lat' dir='ltr'><strong>solitam</strong></span> <span class='ocrx_word' id='word_1_676' title='bbox 2750 4384 3053 4455; x_wconf 82' lang='lat' dir='ltr'><strong>perdidisse</strong></span> <span class='ocrx_word' id='word_1_677' title='bbox 3095 4384 3344 4443; x_wconf 88' lang='lat' dir='ltr'><strong>timeret,</strong></span> <span class='ocrx_word' id='word_1_678' title='bbox 3397 4377 3797 4433; x_wconf 80' lang='lat' dir='ltr'><strong>lacrimabiliter</strong></span> 
     </span>
    </p>
   </div>
   <div class='ocr_carea' id='block_1_92' title="bbox 524 4479 2109 4549">
    <p class='ocr_par' dir='ltr' id='par_1_92' title="bbox 524 4479 2109 4549">
     <span class='ocr_line' id='line_1_92' title="bbox 524 4479 2109 4549; baseline 0.003 -18"><span class='ocrx_word' id='word_1_679' title='bbox 524 4479 662 4531; x_wconf 60' lang='lat' dir='ltr'><strong>lautae</strong></span> <span class='ocrx_word' id='word_1_680' title='bbox 705 4479 992 4533; x_wconf 75' lang='lat' dir='ltr'><strong>(ecclesiam</strong></span> <span class='ocrx_word' id='word_1_681' title='bbox 1050 4497 1256 4549; x_wconf 85' lang='lat' dir='ltr'><strong>regere;</strong></span> <span class='ocrx_word' id='word_1_682' title='bbox 1306 4480 1394 4533; x_wconf 85' lang='lat' dir='ltr'><strong>sed</strong></span> <span class='ocrx_word' id='word_1_683' title='bbox 1442 4495 1601 4549; x_wconf 78' lang='lat' dir='ltr'><strong>parvo</strong></span> <span class='ocrx_word' id='word_1_684' title='bbox 1651 4490 1879 4548; x_wconf 83' lang='lat' dir='ltr'><strong>tempore</strong></span> <span class='ocrx_word' id='word_1_685' title='bbox 1931 4482 2109 4546; x_wconf 81' lang='lat' dir='ltr'><strong>vires,</strong></span> 
     </span>
    </p>
   </div>
   <div class='ocr_carea' id='block_1_93' title="bbox 526 4570 2113 4638">
    <p class='ocr_par' dir='ltr' id='par_1_93' title="bbox 526 4570 2113 4638">
     <span class='ocr_line' id='line_1_93' title="bbox 526 4570 2113 4638; baseline 0.001 -13"><span class='ocrx_word' id='word_1_686' title='bbox 526 4570 638 4625; x_wconf 73' lang='lat' dir='ltr'><strong>Deo</strong></span> <span class='ocrx_word' id='word_1_687' title='bbox 684 4580 888 4625; x_wconf 77' lang='lat' dir='ltr'><strong>(mitam</strong></span> <span class='ocrx_word' id='word_1_688' title='bbox 933 4572 1003 4605; x_wconf 80' lang='lat'>“°</span> <span class='ocrx_word' id='word_1_689' title='bbox 1051 4582 1100 4626; x_wconf 85' lang='lat' dir='ltr'><strong>te</strong></span> <span class='ocrx_word' id='word_1_690' title='bbox 1146 4572 1552 4628; x_wconf 70' lang='lat' dir='ltr'><strong>misericorditer</strong></span> <span class='ocrx_word' id='word_1_691' title='bbox 1602 4584 1902 4626; x_wconf 86' lang='lat' dir='ltr'><strong>coronante.</strong></span> <span class='ocrx_word' id='word_1_692' title='bbox 1959 4574 2113 4638; x_wconf 74' lang='lat' dir='ltr'><strong>Quod</strong></span> 
     </span>
    </p>
   </div>
   <div class='ocr_carea' id='block_1_94' title="bbox 2222 4471 3798 4552">
    <p class='ocr_par' dir='ltr' id='par_1_94' title="bbox 2222 4471 3798 4552">
     <span class='ocr_line' id='line_1_94' title="bbox 2222 4471 3798 4552; baseline -0.011 -15"><span class='ocrx_word' id='word_1_693' title='bbox 2222 4481 2519 4552; x_wconf 87' lang='lat' dir='ltr'><strong>respondit.</strong></span> <span class='ocrx_word' id='word_1_694' title='bbox 2552 4478 2721 4545; x_wconf 89' lang='lat' dir='ltr'><strong>Quem</strong></span> <span class='ocrx_word' id='word_1_695' title='bbox 2758 4477 3003 4546; x_wconf 88' lang='lat' dir='ltr'><strong>protinus</strong></span> <span class='ocrx_word' id='word_1_696' title='bbox 3032 4474 3300 4528; x_wconf 86' lang='lat' dir='ltr'><strong>clevatum</strong></span> <span class='ocrx_word' id='word_1_697' title='bbox 3329 4471 3609 4540; x_wconf 85' lang='lat' dir='ltr'><strong>inperator</strong></span> <span class='ocrx_word' id='word_1_698' title='bbox 3644 4483 3798 4523; x_wconf 88' lang='lat' dir='ltr'><strong>oscu-</strong></span> 
     </span>
    </p>
   </div>
   <div class='ocr_carea' id='block_1_95' title="bbox 2217 4558 3800 4640">
    <p class='ocr_par' dir='ltr' id='par_1_95' title="bbox 2217 4558 3800 4640">
     <span class='ocr_line' id='line_1_95' title="bbox 2217 4558 3800 4640; baseline -0.011 -15"><span class='ocrx_word' id='word_1_699' title='bbox 2217 4574 2392 4635; x_wconf 82' lang='lat' dir='ltr'><strong>latur,</strong></span> <span class='ocrx_word' id='word_1_700' title='bbox 2422 4569 2740 4640; x_wconf 81' lang='lat' dir='ltr'><strong>singulaque</strong></span> <span class='ocrx_word' id='word_1_701' title='bbox 2769 4567 3038 4634; x_wconf 81' lang='lat' dir='ltr'><strong>sagaciter</strong></span> <span class='ocrx_word' id='word_1_702' title='bbox 3065 4562 3425 4634; x_wconf 87' lang='lat' dir='ltr'><strong>perquirens,</strong></span> <span class='ocrx_word' id='word_1_703' title='bbox 3484 4567 3541 4615; x_wconf 90' lang='lat' dir='ltr'><strong>et</strong></span> <span class='ocrx_word' id='word_1_704' title='bbox 3575 4558 3643 4614; x_wconf 88' lang='lat' dir='ltr'><strong>de</strong></span> <span class='ocrx_word' id='word_1_705' title='bbox 3686 4573 3800 4612; x_wconf 81' lang='lat' dir='ltr'><strong>sus-</strong></span> 
     </span>
    </p>
   </div>
   <div class='ocr_carea' id='block_1_96' title="bbox 1854 4679 2530 4742">
    <p class='ocr_par' dir='ltr' id='par_1_96' title="bbox 1854 4679 2530 4742">
     <span class='ocr_line' id='line_1_96' title="bbox 1854 4679 2530 4742; baseline -0.007 -3"><span class='ocrx_word' id='word_1_706' title='bbox 1854 4684 2088 4740; x_wconf 55' lang='lat' dir='ltr'><strong>VARIJE</strong></span> <span class='ocrx_word' id='word_1_707' title='bbox 2128 4679 2530 4742; x_wconf 69' lang='lat' dir='ltr'><strong>LECTIONES.</strong></span> 
     </span>
    </p>
   </div>
   <div class='ocr_carea' id='block_1_97' title="bbox 602 4773 1743 4832">
    <p class='ocr_par' dir='ltr' id='par_1_97' title="bbox 602 4773 1743 4832">
     <span class='ocr_line' id='line_1_97' title="bbox 602 4773 1743 4832; baseline -0.001 -3"><span class='ocrx_word' id='word_1_708' title='bbox 602 4778 669 4808; x_wconf 71' lang='grc'><strong>’³⁸</strong></span> <span class='ocrx_word' id='word_1_709' title='bbox 704 4792 808 4831; x_wconf 89' lang='lat' dir='ltr'><strong>non</strong></span> <span class='ocrx_word' id='word_1_710' title='bbox 841 4776 967 4831; x_wconf 80' lang='lat' dir='ltr'><strong>add.</strong></span> <span class='ocrx_word' id='word_1_711' title='bbox 998 4777 1059 4830; x_wconf 77' lang='lat' dir='ltr'><strong>ie</strong></span> <span class='ocrx_word' id='word_1_712' title='bbox 1100 4777 1155 4832; x_wconf 71' lang='lat'><strong>2.</strong></span> <span class='ocrx_word' id='word_1_713' title='bbox 1230 4776 1299 4812; x_wconf 70' lang='lat'><strong>’5’</strong></span> <span class='ocrx_word' id='word_1_714' title='bbox 1328 4773 1496 4829; x_wconf 83' lang='lat' dir='ltr'><strong>llidda</strong></span> <span class='ocrx_word' id='word_1_715' title='bbox 1537 4775 1660 4828; x_wconf 78' lang='lat' dir='ltr'><strong>add.</strong></span> <span class='ocrx_word' id='word_1_716' title='bbox 1689 4774 1743 4828; x_wconf 74' lang='grc'><strong>2.</strong></span> 
     </span>
    </p>
   </div>
   <div class='ocr_carea' id='block_1_98' title="bbox 529 4846 2047 4920">
    <p class='ocr_par' dir='ltr' id='par_1_98' title="bbox 529 4846 2047 4920">
     <span class='ocr_line' id='line_1_98' title="bbox 529 4846 2047 4920; baseline -0.002 -18"><span class='ocrx_word' id='word_1_717' title='bbox 529 4850 582 4902; x_wconf 87' lang='grc'><strong>1.</strong></span> <span class='ocrx_word' id='word_1_718' title='bbox 617 4849 978 4920; x_wconf 83' lang='lat' dir='ltr'><strong>(communi?)</strong></span> <span class='ocrx_word' id='word_1_719' title='bbox 1007 4851 1070 4901; x_wconf 83' lang='lat' dir='ltr'><strong>At</strong></span> <span class='ocrx_word' id='word_1_720' title='bbox 1101 4848 1240 4920; x_wconf 81' lang='lat' dir='ltr'><strong>Ann.</strong></span> <span class='ocrx_word' id='word_1_721' title='bbox 1280 4846 1445 4920; x_wconf 53' lang='lat' dir='ltr'><strong>Samo.</strong></span> <span class='ocrx_word' id='word_1_722' title='bbox 1481 4864 1533 4920; x_wconf 70' lang='grc' dir='ltr'><strong>(ι.</strong></span> <span class='ocrx_word' id='word_1_723' title='bbox 1726 4846 1876 4920; x_wconf 62' lang='lat' dir='ltr'><strong>habet</strong></span> <span class='ocrx_word' id='word_1_724' title='bbox 1905 4862 2047 4920; x_wconf 80' lang='lat' dir='ltr'><strong>eunt.</strong></span> 
     </span>
    </p>
   </div>
   <div class='ocr_carea' id='block_1_99' title="bbox 1822 4774 2132 4808">
    <p class='ocr_par' dir='ltr' id='par_1_99' title="bbox 1822 4774 2132 4808">
     <span class='ocr_line' id='line_1_99' title="bbox 1822 4774 2132 4808; baseline 0.006 -2"><span class='ocrx_word' id='word_1_725' title='bbox 1822 4774 1891 4806; x_wconf 68' lang='lat'><strong>853</strong></span> <span class='ocrx_word' id='word_1_726' title='bbox 1935 4777 2022 4808; x_wconf 63' lang='lat' dir='ltr'><strong>alii</strong></span> <span class='ocrx_word' id='word_1_727' title='bbox 2074 4779 2092 4808; x_wconf 72' lang='grc' dir='ltr'><strong><em>Δ</em></strong></span> <span class='ocrx_word' id='word_1_728' title='bbox 2111 4795 2132 4808; x_wconf 74' lang='grc' dir='ltr'><strong>,ο</strong></span> 
     </span>
    </p>
   </div>
   <div class='ocr_carea' id='block_1_100' title="bbox 1932 4777 3014 4901">
    <p class='ocr_par' dir='ltr' id='par_1_100' title="bbox 1932 4777 3014 4901">
     <span class='ocr_line' id='line_1_100' title="bbox 1932 4777 3014 4831; baseline -0.01 -1"><span class='ocrx_word' id='word_1_729' title='bbox 1932 4777 2022 4830; x_wconf 87' lang='lat' dir='ltr'><strong>alii</strong></span> <span class='ocrx_word' id='word_1_730' title='bbox 2074 4779 2153 4831; x_wconf 79' lang='lat' dir='ltr'><strong>ir.</strong></span> <span class='ocrx_word' id='word_1_731' title='bbox 2229 4777 2300 4810; x_wconf 75' lang='lat'><strong>&quot;&quot;</strong></span> <span class='ocrx_word' id='word_1_732' title='bbox 2322 4777 2371 4831; x_wconf 88' lang='lat' dir='ltr'><strong>ei</strong></span> <span class='ocrx_word' id='word_1_733' title='bbox 2405 4777 2485 4827; x_wconf 79' lang='lat' dir='ltr'><strong>lc.</strong></span> <span class='ocrx_word' id='word_1_734' title='bbox 2560 4777 2671 4823; x_wconf 79' lang='lat' dir='ltr'><strong>“&#39;i</strong></span> <span class='ocrx_word' id='word_1_735' title='bbox 2701 4782 2912 4823; x_wconf 84' lang='lat' dir='ltr'><strong>erasum</strong></span> <span class='ocrx_word' id='word_1_736' title='bbox 2943 4777 3014 4820; x_wconf 84' lang='lat' dir='ltr'><strong>est</strong></span> 
     </span>
     <span class='ocr_line' id='line_1_101' title="bbox 1939 4838 3014 4901; baseline -0.009 -1"><span class='ocrx_word' id='word_1_737' title='bbox 1939 4865 2047 4900; x_wconf 83' lang='lat' dir='ltr'><strong>lllll.</strong></span> <span class='ocrx_word' id='word_1_738' title='bbox 2126 4849 2195 4880; x_wconf 75' lang='grc'><strong>’³⁸</strong></span> <span class='ocrx_word' id='word_1_739' title='bbox 2249 4843 2626 4901; x_wconf 77' lang='lat' dir='ltr'><strong>convaluitic.</strong></span> <span class='ocrx_word' id='word_1_740' title='bbox 2696 4841 2836 4891; x_wconf 84' lang='lat' dir='ltr'><strong>Ann.</strong></span> <span class='ocrx_word' id='word_1_741' title='bbox 2883 4838 3014 4892; x_wconf 74' lang='lat' dir='ltr'><strong>Sax.</strong></span> 
     </span>
    </p>
   </div>
   <div class='ocr_carea' id='block_1_101' title="bbox 3581 4756 3793 4811">
    <p class='ocr_par' dir='ltr' id='par_1_101' title="bbox 3581 4756 3793 4811">
     <span class='ocr_line' id='line_1_102' title="bbox 3581 4756 3793 4811; baseline -0.024 0"><span class='ocrx_word' id='word_1_742' title='bbox 3581 4757 3651 4791; x_wconf 67' lang='lat'><strong>“7</strong></span> <span class='ocrx_word' id='word_1_743' title='bbox 3683 4756 3793 4811; x_wconf 76' lang='lat' dir='ltr'><strong>cuni</strong></span> 
     </span>
    </p>
   </div>
   <div class='ocr_carea' id='block_1_102' title="bbox 3523 4828 3795 4881">
    <p class='ocr_par' dir='ltr' id='par_1_102' title="bbox 3523 4828 3795 4881">
     <span class='ocr_line' id='line_1_103' title="bbox 3523 4828 3795 4881; baseline -0.022 0"><span class='ocrx_word' id='word_1_744' title='bbox 3523 4829 3594 4866; x_wconf 79' lang='grc'><strong>⁸⁸⁸</strong></span> <span class='ocrx_word' id='word_1_745' title='bbox 3634 4828 3707 4881; x_wconf 79' lang='lat' dir='ltr'><strong>ita</strong></span> <span class='ocrx_word' id='word_1_746' title='bbox 3751 4843 3795 4878; x_wconf 76' lang='grc' dir='ltr'><strong>ι’.</strong></span> 
     </span>
    </p>
   </div>
   <div class='ocr_carea' id='block_1_103' title="bbox 3116 4760 3504 4817">
    <p class='ocr_par' dir='ltr' id='par_1_103' title="bbox 3116 4760 3504 4817">
     <span class='ocr_line' id='line_1_104' title="bbox 3116 4760 3504 4817; baseline -0.015 0"><span class='ocrx_word' id='word_1_747' title='bbox 3116 4763 3189 4795; x_wconf 80' lang='grc'><strong>⁸⁵⁸</strong></span> <span class='ocrx_word' id='word_1_748' title='bbox 3242 4762 3423 4817; x_wconf 91' lang='lat' dir='ltr'><strong>cuntis</strong></span> <span class='ocrx_word' id='word_1_749' title='bbox 3450 4760 3504 4814; x_wconf 89' lang='grc'><strong>1.</strong></span> 
     </span>
    </p>
   </div>
   <div class='ocr_carea' id='block_1_104' title="bbox 3091 4832 3447 4887">
    <p class='ocr_par' dir='ltr' id='par_1_104' title="bbox 3091 4832 3447 4887">
     <span class='ocr_line' id='line_1_105' title="bbox 3091 4832 3447 4887; baseline -0.011 0"><span class='ocrx_word' id='word_1_750' title='bbox 3091 4834 3161 4866; x_wconf 74' lang='grc'><strong>⁸³³</strong></span> <span class='ocrx_word' id='word_1_751' title='bbox 3190 4833 3366 4887; x_wconf 87' lang='lat' dir='ltr'><strong>mauis</strong></span> <span class='ocrx_word' id='word_1_752' title='bbox 3396 4832 3447 4885; x_wconf 85' lang='grc'><strong>1.</strong></span> 
     </span>
    </p>
   </div>
   <div class='ocr_carea' id='block_1_105' title="bbox 2229 4768 3040 4831">
    <p class='ocr_par' dir='ltr' id='par_1_105' title="bbox 2229 4768 3040 4831">
     <span class='ocr_line' id='line_1_106' title="bbox 2229 4768 3040 4831; baseline -0.011 -3"><span class='ocrx_word' id='word_1_753' title='bbox 2229 4777 2300 4810; x_wconf 70' lang='grc'><strong>’³⁸⁵</strong></span> <span class='ocrx_word' id='word_1_754' title='bbox 2322 4777 2371 4831; x_wconf 88' lang='lat' dir='ltr'><strong>ei</strong></span> <span class='ocrx_word' id='word_1_755' title='bbox 2405 4776 2485 4827; x_wconf 79' lang='lat' dir='ltr'><strong>lc.</strong></span> <span class='ocrx_word' id='word_1_756' title='bbox 2560 4768 2671 4823; x_wconf 65' lang='lat' dir='ltr'><strong>mi</strong></span> <span class='ocrx_word' id='word_1_757' title='bbox 2701 4782 2912 4823; x_wconf 84' lang='lat' dir='ltr'><strong>erasum</strong></span> <span class='ocrx_word' id='word_1_758' title='bbox 2943 4777 3040 4820; x_wconf 84' lang='lat' dir='ltr'><strong>est.</strong></span> 
     </span>
    </p>
   </div>
   <div class='ocr_carea' id='block_1_106' title="bbox 538 4899 3791 4987">
    <p class='ocr_par' dir='ltr' id='par_1_106' title="bbox 538 4899 3791 4987">
     <span class='ocr_line' id='line_1_107' title="bbox 538 4899 3791 4987; baseline -0.004 -16"><span class='ocrx_word' id='word_1_759' title='bbox 538 4899 599 4951; x_wconf 56' lang='grc' dir='ltr'><strong>ίλι</strong></span> <span class='ocrx_word' id='word_1_760' title='bbox 619 4899 912 4972; x_wconf 59' lang='grc' dir='ltr'><strong>“ὶ;ὲιέιζ”’ῗ1ἐὶζ</strong></span> <span class='ocrx_word' id='word_1_761' title='bbox 939 4899 1059 4950; x_wconf 54' lang='lat' dir='ltr'><strong>&quot;an</strong></span> <span class='ocrx_word' id='word_1_762' title='bbox 1088 4899 1479 4987; x_wconf 21' lang='lat' dir='ltr'><strong>Corlviaprimo</strong></span> <span class='ocrx_word' id='word_1_763' title='bbox 1507 4916 1686 4987; x_wconf 62' lang='lat' dir='ltr'><strong>haunit</strong></span> <span class='ocrx_word' id='word_1_764' title='bbox 1717 4929 1734 4987; x_wconf 67' lang='grc' dir='ltr'>ξ</span> <span class='ocrx_word' id='word_1_765' title='bbox 1767 4916 1868 4981; x_wconf 79' lang='lat' dir='ltr'><strong>Qui</strong></span> <span class='ocrx_word' id='word_1_766' title='bbox 1899 4919 2134 4970; x_wconf 72' lang='lat' dir='ltr'><strong>cﬁmissa</strong></span> <span class='ocrx_word' id='word_1_767' title='bbox 2167 4899 2268 4972; x_wconf 88' lang='lat' dir='ltr'><strong>sibi</strong></span> <span class='ocrx_word' id='word_1_768' title='bbox 2291 4899 2562 4985; x_wconf 82' lang='lat' dir='ltr'><strong>optinere,</strong></span> <span class='ocrx_word' id='word_1_769' title='bbox 2598 4909 2737 4987; x_wconf 73' lang='lat' dir='ltr'><strong>quod</strong></span> <span class='ocrx_word' id='word_1_770' title='bbox 2773 4909 2945 4987; x_wconf 60' lang='lat' dir='ltr'><strong>scriba</strong></span> <span class='ocrx_word' id='word_1_771' title='bbox 2976 4905 3267 4987; x_wconf 39' lang='lat' dir='ltr'><strong>ut‘ridetur</strong></span> <span class='ocrx_word' id='word_1_772' title='bbox 3294 4905 3406 4971; x_wconf 85' lang='lat' dir='ltr'><strong>ipse</strong></span> <span class='ocrx_word' id='word_1_773' title='bbox 3429 4900 3551 4987; x_wconf 49' lang='lat' dir='ltr'><strong>iant</strong></span> <span class='ocrx_word' id='word_1_774' title='bbox 3582 4899 3791 4987; x_wconf 49' lang='grc' dir='ltr'><strong>ωιίιζτξε</strong></span> 
     </span>
    </p>
   </div>
   <div class='ocr_carea' id='block_1_107' title="bbox 532 4968 3791 5059">
    <p class='ocr_par' dir='ltr' id='par_1_107' title="bbox 532 4968 3791 5059">
     <span class='ocr_line' id='line_1_108' title="bbox 532 4968 3791 5059; baseline -0.008 -16"><span class='ocrx_word' id='word_1_775' title='bbox 532 4994 587 5043; x_wconf 78' lang='lat' dir='ltr'><strong>in</strong></span> <span class='ocrx_word' id='word_1_776' title='bbox 1033 4968 1550 5059; x_wconf 30' lang='lat' dir='ltr'><strong>sibiwoptii&#39;nediu.”</strong></span> <span class='ocrx_word' id='word_1_777' title='bbox 1569 4985 1682 5059; x_wconf 81' lang='lat' dir='ltr'><strong>Hoc</strong></span> <span class='ocrx_word' id='word_1_778' title='bbox 1712 4968 2140 5059; x_wconf 50' lang='lat' dir='ltr'><strong>tc:g:a&#39;r}§.¥ri»¢ii</strong></span> <span class='ocrx_word' id='word_1_779' title='bbox 2162 4968 2307 5055; x_wconf 30' lang='lat' dir='ltr'><strong>:‘Qui</strong></span> <span class='ocrx_word' id='word_1_780' title='bbox 2330 4968 2456 5059; x_wconf 51' lang='lat' dir='ltr'><strong>lcum</strong></span> <span class='ocrx_word' id='word_1_781' title='bbox 2485 4968 2773 5059; x_wconf 68' lang='lat' dir='ltr'><strong>commissa</strong></span> <span class='ocrx_word' id='word_1_782' title='bbox 2802 4979 2905 5059; x_wconf 78' lang='lat' dir='ltr'><strong>sibi</strong></span> <span class='ocrx_word' id='word_1_783' title='bbox 2936 4976 3140 5047; x_wconf 82' lang='lat' dir='ltr'><strong>Optime</strong></span> <span class='ocrx_word' id='word_1_784' title='bbox 3170 4974 3293 5039; x_wconf 80' lang='lat' dir='ltr'><strong>tliu;</strong></span> <span class='ocrx_word' id='word_1_785' title='bbox 3315 4968 3460 5043; x_wconf 73' lang='lat' dir='ltr'><strong>quod</strong></span> <span class='ocrx_word' id='word_1_786' title='bbox 3482 4972 3639 5026; x_wconf 81' lang='lat' dir='ltr'><strong>etiam</strong></span> <span class='ocrx_word' id='word_1_787' title='bbox 3661 4968 3791 5021; x_wconf 72' lang='lat' dir='ltr'><strong>Ana.</strong></span> 
     </span>
    </p>
   </div>
   <div class='ocr_carea' id='block_1_108' title="bbox 533 5056 1699 5116">
    <p class='ocr_par' dir='ltr' id='par_1_108' title="bbox 533 5056 1699 5116">
     <span class='ocr_line' id='line_1_109' title="bbox 533 5056 1699 5116; baseline -0.005 -1"><span class='ocrx_word' id='word_1_788' title='bbox 533 5060 702 5115; x_wconf 67' lang='lat' dir='ltr'><strong>Saxo.</strong></span> <span class='ocrx_word' id='word_1_789' title='bbox 744 5060 917 5115; x_wconf 72' lang='lat' dir='ltr'><strong>habet.</strong></span> <span class='ocrx_word' id='word_1_790' title='bbox 995 5060 1066 5092; x_wconf 69' lang='grc'><strong>³⁸³</strong></span> <span class='ocrx_word' id='word_1_791' title='bbox 1101 5056 1291 5116; x_wconf 68' lang='lat' dir='ltr'><strong>exorta</strong></span> <span class='ocrx_word' id='word_1_792' title='bbox 1315 5088 1386 5098; x_wconf 89' lang='lat'>—</span> <span class='ocrx_word' id='word_1_793' title='bbox 1409 5056 1588 5111; x_wconf 85' lang='lat' dir='ltr'><strong>duella</strong></span> <span class='ocrx_word' id='word_1_794' title='bbox 1616 5058 1699 5111; x_wconf 86' lang='lat' dir='ltr'><strong>la.</strong></span> 
     </span>
    </p>
   </div>
   <div class='ocr_carea' id='block_1_109' title="bbox 1776 5055 2201 5125">
    <p class='ocr_par' dir='ltr' id='par_1_109' title="bbox 1776 5055 2201 5125">
     <span class='ocr_line' id='line_1_110' title="bbox 1776 5055 2201 5125; baseline 0.007 -15"><span class='ocrx_word' id='word_1_795' title='bbox 1776 5055 1848 5086; x_wconf 61' lang='grc'><strong>’³³</strong></span> <span class='ocrx_word' id='word_1_796' title='bbox 1877 5057 2080 5125; x_wconf 68' lang='grc' dir='ltr'><strong>1⁸0ιὶέὶιή</strong></span> <span class='ocrx_word' id='word_1_797' title='bbox 2114 5061 2201 5113; x_wconf 78' lang='lat' dir='ltr'><strong>iu.</strong></span> 
     </span>
    </p>
   </div>
   <div class='ocr_carea' id='block_1_110' title="bbox 2278 5050 2881 5125">
    <p class='ocr_par' dir='ltr' id='par_1_110' title="bbox 2278 5050 2881 5125">
     <span class='ocr_line' id='line_1_111' title="bbox 2278 5050 2881 5125; baseline -0.015 -15"><span class='ocrx_word' id='word_1_798' title='bbox 2278 5057 2347 5089; x_wconf 66' lang='grc'><strong>’⁵⁸</strong></span> <span class='ocrx_word' id='word_1_799' title='bbox 2394 5054 2762 5125; x_wconf 82' lang='lat' dir='ltr'><strong>magadaburg</strong></span> <span class='ocrx_word' id='word_1_800' title='bbox 2802 5050 2881 5102; x_wconf 84' lang='lat' dir='ltr'><strong>lc.</strong></span> 
     </span>
    </p>
   </div>
   <div class='ocr_carea' id='block_1_111' title="bbox 2031 5148 2265 5204">
    <p class='ocr_par' dir='ltr' id='par_1_111' title="bbox 2031 5148 2265 5204">
     <span class='ocr_line' id='line_1_112' title="bbox 2031 5148 2265 5204; baseline 0.004 -2"><span class='ocrx_word' id='word_1_801' title='bbox 2031 5148 2265 5204; x_wconf 66' lang='lat' dir='ltr'><strong>NOTAE.</strong></span> 
     </span>
    </p>
   </div>
   <div class='ocr_carea' id='block_1_112' title="bbox 607 5244 2118 5300">
    <p class='ocr_par' dir='ltr' id='par_1_112' title="bbox 607 5244 2118 5300">
     <span class='ocr_line' id='line_1_113' title="bbox 607 5244 2118 5300; baseline -0.002 0"><span class='ocrx_word' id='word_1_802' title='bbox 607 5253 754 5300; x_wconf 64' lang='lat' dir='ltr'><strong>{eam</strong></span> <span class='ocrx_word' id='word_1_803' title='bbox 794 5255 945 5300; x_wconf 80' lang='lat' dir='ltr'><strong>numt</strong></span> <span class='ocrx_word' id='word_1_804' title='bbox 975 5256 1128 5300; x_wconf 70' lang='lat' dir='ltr'><strong>nohni</strong></span> <span class='ocrx_word' id='word_1_805' title='bbox 1165 5254 1266 5300; x_wconf 71' lang='lat' dir='ltr'><strong>sub</strong></span> <span class='ocrx_word' id='word_1_806' title='bbox 1305 5252 1368 5300; x_wconf 82' lang='lat' dir='ltr'><strong>At</strong></span> <span class='ocrx_word' id='word_1_807' title='bbox 1405 5250 1586 5300; x_wconf 62' lang='grc' dir='ltr'><strong>Μυκη.</strong></span> <span class='ocrx_word' id='word_1_808' title='bbox 1629 5244 1827 5300; x_wconf 81' lang='lat' dir='ltr'><strong>ehalifa</strong></span> <span class='ocrx_word' id='word_1_809' title='bbox 1855 5261 1921 5298; x_wconf 77' lang='lat' dir='ltr'><strong>ex</strong></span> <span class='ocrx_word' id='word_1_810' title='bbox 1960 5253 2118 5300; x_wconf 70' lang='lat' dir='ltr'><strong>acute</strong></span> 
     </span>
    </p>
   </div>
   <div class='ocr_carea' id='block_1_113' title="bbox 2222 5222 3787 5300">
    <p class='ocr_par' dir='ltr' id='par_1_113' title="bbox 2222 5222 3787 5300">
     <span class='ocr_line' id='line_1_114' title="bbox 2222 5222 3787 5300; baseline -0.018 0"><span class='ocrx_word' id='word_1_811' title='bbox 2222 5259 2343 5300; x_wconf 83' lang='lat' dir='ltr'><strong>nem</strong></span> <span class='ocrx_word' id='word_1_812' title='bbox 2373 5243 2424 5297; x_wconf 90' lang='lat' dir='ltr'><strong>in</strong></span> <span class='ocrx_word' id='word_1_813' title='bbox 2456 5241 2664 5297; x_wconf 85' lang='lat' dir='ltr'><strong>Italiam</strong></span> <span class='ocrx_word' id='word_1_814' title='bbox 2714 5234 2994 5300; x_wconf 72' lang='lat' dir='ltr'><strong>(Otii-965)</strong></span> <span class='ocrx_word' id='word_1_815' title='bbox 3043 5248 3166 5288; x_wconf 83' lang='lat' dir='ltr'><strong>eum</strong></span> <span class='ocrx_word' id='word_1_816' title='bbox 3216 5231 3376 5285; x_wconf 87' lang='lat' dir='ltr'><strong>tertia</strong></span> <span class='ocrx_word' id='word_1_817' title='bbox 3403 5225 3674 5300; x_wconf 69' lang='lat'><strong>(966—972)</strong></span> <span class='ocrx_word' id='word_1_818' title='bbox 3712 5222 3787 5276; x_wconf 81' lang='lat' dir='ltr'><strong>Lie</strong></span> 
     </span>
    </p>
   </div>
  </div>
