4042 5300
249 261 384 314 lii?

1493 241 1906 299 CliilONlCO-N.
1951 239 2174 293 -1.Ῐ’3.
2218 239 2279 292 ll.

3388 239 3524 294 £238

246 374 494 443 ceptiono
542 371 694 424 ducis
729 368 1104 438 quomodoque
1135 367 1180 422 is
1208 367 1277 396 “"'
1327 365 1377 419 iu
1410 365 1587 418 medio
1617 365 1822 431 epis.-o-
1858 371 1899 425 Α
1929 360 2260 413 ροςιῆειιιιιιιε
2314 355 2495 412 omnia
2544 355 2780 426 legitima
2836 353 3220 406 advocatorum
3263 355 3517 407 tradicio.

247 479 438 534 porum
470 462 534 515 ad
562 476 802 515 mensam
834 460 950 513 loco
975 458 1320 528 imperatoris
1339 457 1550 510 sederet
1582 455 1833 520 lectoque

254 553 542 616 dormiret,
576 551 874 622 perdidicit.
899 549 979 604 Ob
1003 551 1113 603 IIIBL'
1136 565 1291 602 cesar
1311 557 1572 616 angustus
1600 546 1835 598 mascula

255 645 356 700 bile
387 659 712 704 succensus,
761 641 1088 696 Aithilherto
1120 642 1190 670 ’⁸⁵⁸
1228 657 1324 709 per
1353 638 1633 709 epistolam
1679 654 1833 691 utau-

251 735 398 789 davit
425 733 711 802 episcopo,
744 740 799 784 ut
825 740 903 784 tot
933 731 1032 783 sibi
1063 745 1230 798 equos
1260 731 1523 790 mitteret,
1559 737 1690 795 quot
1716 727 1835 782 duci

254 840 551 893 campauas
591 839 784 877 sonare
825 823 906 875 vel
949 831 1080 892 quot
1129 838 1358 874 coronas
1406 821 1624 875 accendi
1659 821 1835 890 preci-

251 925 406 986 peret
436 917 528 970 ³⁸⁷.
572 915 901 983 luperaturia
945 913 1279 984 archipresul
1326 929 1590 981 peragens
1619 911 1834 972 edicta,

253 1008 685 1076 quibuscumque
735 1006 899 1059 valuit
938 1007 1113 1059 modis
1155 1021 1212 1059 se
1263 1021 1358 1074 per
1400 1005 1604 1072 legatos
1645 1004 1840 1058 suimet

253 1114 520 1153 excusare
570 1099 629 1169 (f.
675 1098 784 1168 28')
834 1099 1129 1152 contendit.
1205 1099 1398 1152 Comes
1443 1096 1684 1167 prcl'atus
1731 1107 1838 1152 tam

255 1190 569 1259 ingeniosus
592 1199 734 1256 erat,
765 1201 823 1244 ut
843 1207 1087 1245 cesarem
1121 1191 1316 1244 iratum
1343 1209 1434 1261 pre
1457 1192 1669 1245 ea-teris
1693 1191 1840 1261 prin-

257 1283 468 1353 cipibus
490 1283 702 1352 placare
730 1285 990 1353 potuisset
1029 1283 1279 1349 facilius,
1325 1294 1381 1338 et
1422 1283 1546 1352 quia
1587 1281 1703 1350 ejus
1742 1280 1841 1334 fuit

258 1375 722 1445 consanguineus,
756 1375 985 1444 gratiam
1011 1374 1326 1443 iuperialetn
1361 1389 1531 1443 usque
1555 1373 1605 1426 itt
1635 1373 1840 1428 exitum

259 1469 458 1522 suimet
485 1469 554 1499 ’⁸⁸
583 1469 703 1522 vita:
737 1469 962 1522 fideliter
983 1468 1238 1522 obtinuit.
1264 1469 1432 1534 Quem
1459 1481 1648 1536 torque
1677 1480 1842 1520 aureo

260 1561 519 1614 donatum
549 1575 703 1614 cesar
733 1560 938 1612 dimisit
967 1575 1210 1612 remeare
1235 1599 1249 1624 ,
1283 1573 1516 1628 suosque
1551 1557 1844 1612 familiares

259 1653 598 1708 contristatis
629 1653 872 1708 hostibus
897 1651 1188 1707 Iretiticare.

1942 467 2117 518 neque
2147 450 2563 519 scripturarum,
2598 447 2869 517 prcsentia
2899 455 2951 498 et
3000 444 3157 498 laua'e
3190 444 3482 514 inperatr’e
3504 462 3530 499 ς

1936 555 1991 598 et
2023 544 2140 605 ﬁlii,
2167 554 2328 613 atque
2357 542 2457 596 sub
2486 541 2726 594 omnium
2782 539 3094 592 testimonio
3137 539 3356 592 Christo
3401 538 3531 592 ﬁde-

1941 639 2096 692 lium.
2153 637 2357 690 Dehinc
2412 635 2508 688 ivit
2556 635 2622 687 ad
2681 633 3160 700 Quidilingeburg,
3223 631 3531 701 proximum

1941 727 2138 798 pascha
2172 724 2367 777 divinis
2407 722 2657 777 laudibus
2699 722 3062 789 butt-aliisque
3110 737 3371 793 peragens
3398 737 3534 791 gau-

1941 819 2042 872 diis
2067 816 2236 888 (500).
2260 815 2373 868 Huc
2405 814 2746 868 confluebant
2773 813 3096 884 inperatoris
3124 814 3189 866 e.l
3215 824 3303 866 ctu
3335 813 3535 868 )liseco

1940 920 2102 980 atque
2132 909 2422 973 Dolizlavo,
2452 908 2512 979 (f.
2542 908 2653 974 29‘)
2683 907 2850 961 duces
2899 918 2952 961 et
3000 907 3158 976 legati
3203 906 3528 966 Grecorum.

1942 1003 2398 1066 Beneveulorutn,
2430 999 3224 1069 L'ngariorum,Bulgarioruat,
3258 998 3532 1052 Danorum

1942 1105 1995 1148 et
2025 1094 2345 1149 Sclavorum
2400 1093 2468 1124 ’τι
2508 1092 2680 1162 (501),
2724 1107 2847 1146 cum
2906 1091 3159 1146 omnibus
3187 1091 3337 1160 regni
3371 1091 3538 1145 totius

1943 1186 2249 1257 primariis;
2280 1184 2781 1253 conmunmatisque
2835 1183 3060 1252 paciﬁce
3105 1185 3337 1244 cunct's,
3383 1183 3540 1237 ditati

1946 1279 2260 1332 muneribus
2294 1277 2504 1348 magnis
2551 1277 2645 1343 "",
2675 1276 2876 1330 reversi
2903 1285 3029 1330 sunt
3053 1275 3120 1329 ad
3147 1291 3241 1330 sua
3276 1276 3542 1330 ltetantes.

1949 1371 2176 1424 Kalend.
2214 1369 2416 1439 Aprilis
2443 1371 2512 1403 ’⁷⁸
2545 1368 2908 1422 llerimannus
2955 1377 3136 1420 autem
3167 1368 3274 1421 dux
3307 1368 3376 1420 ibi
3414 1378 3542 1422 tunc

1947 1463 2208 1525 moriens,
2243 1461 2571 1532 inperatoris
2611 1461 2806 1530 gaudia
2861 1459 3098 1512 turbavit
3147 1459 3314 1530 (202).
3370 1459 3541 1528 llujus

1947 1570 2144 1625 corpus
2167 1556 2294 1608 dum
2320 1554 2387 1607 ad
2422 1551 2719 1620 Liunibttrg
2744 1552 2812 1581 ’7’
2849 1567 2876 1604 a
2910 1551 3018 1603 ﬁiio
3039 1549 3235 1602 suimet
3268 1550 3444 1604 Ber..|t
3468 1567 3541 1603 ιι·-

1947 1647 2016 1700 do
2043 1647 2346 1700 deferretur
2380 1644 2473 1712 ηδ,
2504 1645 2732 1714 contigit
2782 1643 2852 1697 ibi
2884 1642 3218 1706 Bruuouem,
3251 1640 3544 1697 Ferdeusis

333 1743 418 1797 19.
463 1743 669 1797 Interea
712 1743 862 1796 llodo
890 1743 980 1807 κθ,
1026 1741 1354 1797 venerabilis
1387 1742 1654 1803 marchio.
1679 1742 1838 1795 .\lise-
1876 1722 1916 1780 Β
1947 1739 2193 1793 ecclesiae
2214 1737 2534 1802 anti-titem,
2566 1737 2616 1789 in
2649 1736 2895 1805 proximo
2928 1751 3069 1790 t-sse.
3101 1734 3199 1790 llic
3227 1734 3354 1804 quia
3390 1734 3542 1788 llcri—

261 1847 477 1895 eonetu,
531 1835 823 1902 inperatori
879 1832 1088 1887 ﬁdelem
1143 1834 1512 1903 tributumque
1558 1850 1730 1903 usque
1791 1834 1846 1886 in

253 1925 433 1980 .Vurta
468 1926 687 1979 ﬂuvium
735 1925 1055 1988 solventem,
1088 1927 1335 1980 exercitu
1368 1927 1559 1994 petivit
1599 1927 1847 1980 collecto.

259 2016 342 2069 Ad
369 2013 522 2083 cujus
552 2016 811 2068 auxilium
839 2024 989 2084 pater
1017 2030 1368 2069 meuscomes
1394 2015 1705 2085 Sigitridus,
1725 2021 1851 2071 tunc

256 2107 476 2175 juvenis
506 2109 846 2177 necdumque
893 2106 1162 2176 coniugali
1203 2108 1445 2162 sociatus
1485 2111 1681 2171 amori,
1709 2110 1852 2162 venit

264 2199 439 2252 solum
480 2214 602 2254 cum
635 2201 769 2264 suis,
797 2209 852 2254 et
896 2201 947 2252 in
981 2200 1068 2254 die
1113 2201 1284 2254 sancti
1309 2199 1572 2255 Johannis
1601 2201 1855 2271 Baptista:

263 2291 527 2345 adversus
550 2307 672 2346 eum
702 2301 1024 2361 pugnantes,
1061 2293 1342 2362 primoque
1365 2294 1663 2357 vincentes,
1686 2311 1714 2347 a
1741 2294 1853 2347 fra-

267 2389 351 2436 tre
386 2381 628 2450 ejusdem
679 2383 973 2448 Cideburo,
1018 2387 1260 2456 exceptis
1316 2396 1522 2440 tantum
1567 2387 1858 2442 comitibus

270 2475 526 2544 prefatis,
548 2492 738 2532 omnes
763 2477 951 2547 optimi
979 2478 1178 2532 milites
1207 2479 1475 2533 interfecti
1505 2481 1856 2548 oppecieruttt

267 2568 324 2622 in
351 2567 495 2630 loco,
519 2569 608 2636 qui
640 2578 862 2624 vocatur
890 2568 1064 2624 Cidiui
1090 2571 1260 2641 (299).
1293 2570 1405 2626 llae
1433 2573 1498 2626 de
1529 2571 1673 2626 fama
1699 2574 1859 2628 mise-

271 2658 435 2712 rabili
470 2659 748 2728 inperator
776 2660 1047 2724 turbatus,
1103 2661 1170 2715 de
1200 2662 1351 2715 Italia
1403 2664 1632 2718 nuncios
1689 2665 1858 2728 tuisit,

268 2748 635 2817 precipientes
659 2747 866 2803 llodoui
893 2760 1052 2818 atque
1083 2749 1363 2816 t‘lliscconi,
1394 2753 1440 2807 si
1487 2757 1716 2820 gratiam
1746 2755 1860 2808 sui-

275 2849 393 2894 met
424 2840 626 2894 hahere
657 2839 975 2905 voluissent,
996 2857 1166 2911 ttsque
1192 2843 1319 2897 dum
1350 2845 1464 2912 ipse
1495 2845 1716 2900 ventus
1737 2863 1863 2900 cau-

273 2914 393 2984 Sam
421 2930 736 2993 discuteret,
759 2934 812 2986 in
835 2948 967 3002 pace
996 2946 1397 3004 permanerent.

349 3021 444 3075 20.
483 3021 609 3077 Post
645 3025 756 3078 hmc
787 3025 1017 3080 subditis
1039 3025 1369 3082 sibieunctis
1391 3029 1626 3086 hostium
1650 3033 1860 3093 cuneis,

277 3117 510 3167 arduam
559 3113 769 3183 Alpium
801 3117 1132 3171 transcendit
1164 3119 1327 3183 viam,
1386 3119 1693 3175 Bawariam
1727 3122 1858 3175 invi-

282 3223 414 3262 sens
438 3207 739 3276 regionem,
759 3207 939 3277 ibique
966 3210 1178 3263 cunctis
1207 3211 1662 3282 sapienter(f.29)
1683 3214 1864 3283 djipo.

278 3299 428 3364 sitis,
461 3309 609 3354 recto
639 3301 836 3356 itinere
885 3303 950 3355 ad
1009 3301 1585 3373 Magadaburgiensem
1634 3322 1864 3377 pergens

279 3389 582 3453 civitatem,
609 3389 814 3460 palmas
860 3391 1058 3445 ibidem
1111 3391 1304 3447 festivo
1335 3395 1488 3449 duxit
1521 3395 1726 3450 honore
1751 3398 1860 3466 (an.

277 3483 408 3544 9T5,
444 3481 604 3536 Mart.
635 3483 743 3553 16).
774 3481 1018 3552 Namque
1048 3483 1257 3538 solebat
1287 3486 1340 3540 iu
1380 3486 1867 3555 sollcmpnitmibus

273 3573 558 3641 universis
588 3574 655 3628 ad
686 3589 966 3644 vesperam
999 3585 1055 3629 et
1093 3577 1160 3630 ad
1221 3579 1542 3632 matutinam
1596 3588 1762 3648 atque
1801 3580 1866 3633 aii

282 3664 510 3718 missam
557 3682 680 3720 eum
731 3667 1078 3735 processione
1129 3669 1505 3737 episcoporum
1553 3670 1867 3736 venerabili,

283 3755 592 3824 deindeque
630 3766 950 3812 czeterorum
981 3759 1174 3812 ordine
1199 3759 1546 3824 clericorum,
1576 3774 1701 3816 cum
1741 3775 1869 3815 cru-

285 3844 445 3898 cibus
501 3855 919 3917 sanctorumque
970 3847 1215 3917 reliquiis
1264 3864 1328 3903 ac
1378 3850 1660 3905 turribulis
1708 3852 1776 3883 "’°
1805 3853 1872 3907 ad

285 3934 590 3990 ecclesiam
622 3952 792 4006 usque
833 3939 1045 3996 deduci.
1103 3938 1308 4010 Hieque
1353 3957 1475 3996 cum
1529 3958 1727 4014 magno
1777 3943 1872 4000 Dei

289 4025 515 4091 timore,
546 4027 636 4095 qui
665 4038 746 4082 est
776 4029 1099 4100 principium
1157 4032 1436 4100 sapientia:
1483 4032 1668 4099 (Prov.
1712 4052 1753 4100 t,
1796 4036 1872 4107 7),

287 4126 463 4172 staret
486 4127 649 4190 atque
691 4122 923 4187 sederet,
957 4139 1128 4192 usque
1154 4124 1280 4178 dum
1315 4126 1468 4180 ﬁnita
1502 4136 1629 4181 sunt
1661 4129 1878 4184 univer-

289 4223 376 4273 sa,
409 4208 483 4262 nil
515 4209 738 4281 loquens
767 4214 870 4268 nisi
902 4214 1163 4277 divimun,
1196 4216 1289 4270 sed
1317 4217 1383 4270 ad
1415 4219 1739 4274 caminatam
1769 4221 1880 4276 sui-

290 4309 408 4354 met
455 4315 577 4355 cum
608 4301 965 4360 luminaribus
1011 4306 1217 4372 multis,
1268 4308 1637 4378 comitataque
1687 4326 1880 4381 magno

291 4393 671 4458 sacerdotum,
720 4397 919 4450 ducum
974 4412 1038 4452 ac
1096 4399 1355 4452 cotnitnm
1418 4399 1715 4454 remeabat.
1773 4401 1880 4458 Pro

1891 3103 1935 3164 ε

1954 1848 2236 1897 manuum,
2292 1831 2418 1885 dum
2475 1830 2632 1894 vixit,
2689 1830 2868 1884 bauno
2921 1830 3278 1884 constrictum
3336 1829 3542 1892 habuit,

1952 1924 2270 1994 suppliciter
2319 1934 2546 1992 rogatur
2571 1939 2600 1976 a
2632 1922 2762 1986 ﬁlio,
2798 1931 2855 1975 ut
2883 1933 2939 1977 et
2987 1921 3313 1976 solutionem
3355 1921 3547 1976 saltem

1955 2015 2211 2070 defuncto
2254 2017 2593 2086 inpenderet,
2648 2026 2704 2072 et
2751 2018 2803 2072 iu
2836 2017 3078 2072 teet-lesia
3129 2018 3358 2072 eundem
3393 2033 3547 2086 sepe-

1956 2106 2040 2162 liri
2094 2108 2302 2163 liceret.
2334 2108 2438 2164 Sed
2469 2109 2516 2165 is
2549 2110 2690 2179 quod
2715 2109 2966 2180 postulat,
3014 2125 3354 2179 nequaquam
3401 2112 3554 2180 inpe-

1957 2209 2088 2254 :rat.

2027 2293 2116 2346 21.
2143 2291 2249 2347 Sed
2277 2294 2401 2362 quia
2420 2293 2823 2364 prcsulisistitts
2845 2297 3104 2349 memoria
3131 2295 3549 2365 feci,v0lupe"'

1959 2394 2042 2438 est
2069 2385 2220 2449 mihi,
2254 2387 2320 2441 de
2367 2387 2552 2440 eodem
2581 2387 2812 2456 amplius
2839 2386 3011 2441 cﬁari.
3045 2388 3167 2442 Fuit
3211 2389 3298 2443 hic
3323 2405 3554 2444 consan-

1963 2478 2193 2546 guineus
2216 2478 2365 2548 (505)
2393 2479 2619 2548 predicti
2648 2479 2907 2541 mducis,
2936 2496 3075 2534 nova
3105 2483 3402 2534 monachus
3422 2481 3558 2535 Cor-

1961 2569 2112 2632 heia;
2149 2579 2203 2622 et
2248 2570 2317 2622 ob
2369 2572 2769 2624 venerationem
2810 2587 2963 2624 suam
3015 2573 3291 2639 inperator
3318 2573 3552 2627 eumlem

1961 2659 2264 2728 Atnolongo
2293 2677 2368 2714 su-
2389 2676 2667 2716 ces.~orum
2697 2663 2888 2716 statuit
2918 2663 3193 2732 episcopo.
3227 2664 3328 2730 Qui
3361 2665 3553 2720 a‘cclc-

1963 2752 2100 2806 siatn
2138 2753 2188 2804 ia
2217 2751 2483 2814 Werdun,
2507 2754 2590 2806 cui
2625 2754 3028 2809 racionabiliter
3055 2756 3359 2826 prefuit,de
3390 2757 3555 2827 ligno,

1966 2841 2091 2910 quia
2134 2841 2271 2909 lapis
2301 2841 2469 2894 defuit
2501 2843 2547 2894 ei
2583 2843 2674 2906 υτ,
2712 2844 2837 2897 fecit
2865 2845 3157 2914 egregiam,
3202 2857 3258 2899 et
3291 2848 3560 2918 magnitu-

1968 2934 2168 2987 dinetzt
2193 2935 2454 3002 qualitate
2477 2945 2708 2988 ceteras
2744 2936 3126 3003 precclleutem
3164 2937 3457 2992 benedixit.
3489 2943 3556 2993 rit

1973 3025 2024 3078 in
2075 3034 2355 3080 senectute
2406 3027 2543 3082 bona
2599 3029 2889 3094 prolicieus
2947 3030 3082 3084 obiit
3125 3029 3160 3083 5
3203 3032 3382 3084 Nonas
3427 3032 3554 3085 Mai.

1969 3114 2142 3169 frater
2193 3116 2262 3147 ⁵⁷⁸
2306 3115 2500 3186 prcfati
2559 3119 2711 3172 ducis
2743 3123 2853 3188 (an.
2885 3120 3032 3185 969.).
3081 3119 3176 3174 llic
3213 3130 3393 3175 autem
3434 3123 3560 3176 dmn

1971 3207 2126 3261 senio
2151 3218 2203 3262 et
2236 3208 2552 3263 infirmitate
2582 3211 2800 3264 assidua
2831 3223 3089 3282 gravatus
3129 3213 3421 3268 admodum
3454 3226 3567 3269 tar-

1969 3299 2144 3360 daret,
2217 3308 2439 3369 rogatur
2461 3315 2491 3353 a
2520 3316 2726 3366 cesare,
2759 3312 2816 3356 ιιι
2863 3303 3239 3358 llirimannum
3271 3307 3339 3336 ²⁷⁹
3371 3308 3572 3360 suimet

1969 3390 2327 3460 capellauum,
2381 3390 2646 3446 Volcmeri
2700 3393 2924 3448 fratrem
2972 3398 3236 3451 antistitis
3265 3397 3439 3468 (504),
3469 3414 3568 3468 pro

1973 3480 2082 3533 ﬁlio
2108 3480 2316 3534 nutrire
2347 3489 2401 3533 et
2431 3482 2496 3534 ad
2525 3481 2778 3546 juvamen
2820 3493 2870 3536 et
2912 3486 2976 3535 ad
3016 3484 3269 3539 heredem
3311 3487 3572 3540 voluisset

1975 3570 2077 3624 sibi
2126 3570 2326 3638 eligere
2379 3571 2470 3625 ²⁸⁰.
2519 3572 2669 3626 lianc
2725 3573 3049 3643 legationem
3102 3579 3337 3645 gementi
3389 3579 3570 3631 animo

1973 3661 2293 3729 suscipiens,
2322 3662 2445 3715 talia
2475 3663 2650 3719 reddit
2685 3683 2696 3716 :
2729 3663 2948 3730 Curam,
2990 3684 3148 3736 quant
3173 3671 3299 3722 milii
3325 3671 3571 3725 dominus

1973 3770 2119 3806 meus
2149 3755 2364 3824 indigno
2390 3759 2708 3811 conmittere
2738 3759 2986 3828 dignatus
3011 3771 3108 3825 est,
3139 3764 3370 3816 studiose
3397 3765 3574 3816 hacte-

1976 3865 2074 3901 nus
2104 3851 2248 3913 reri;
2284 3859 2331 3902 et
2373 3852 2624 3914 quamdiu
2673 3853 2754 3905 hic
2781 3861 3079 3910 conrersari
3127 3859 3308 3923 debeo,
3337 3862 3447 3914 sine
3476 3861 3572 3914 tali

1978 3945 2175 4012 fittnittc
2211 3948 2360 4016 (5J5)
2404 3950 2447 4000 si
2479 3949 2596 4001 licet
2635 3950 2817 4021 degere
2856 3953 3183 4020 concupisco.
3241 3950 3575 4006 Humilitatis

1978 4055 2040 4090 ac
2063 4040 2319 4108 superbire
2343 4057 2444 4092 non
2484 4052 2559 4093 est
2604 4059 2750 4112 a'qua
2785 4044 3006 4097 societas
3035 4044 3130 4113 (cf.
3159 4042 3360 4098 Luem.
3394 4060 3432 4110 t,
3459 4043 3576 4114 92),

1979 4146 2072 4182 nec
2103 4148 2346 4200 umquam
2374 4144 2665 4187 consortem
2709 4136 2908 4203 [alitur
2932 4145 3180 4206 potestas.
3204 4135 3578 4206 Quodcumque

1980 4221 2033 4274 in
2065 4223 2169 4275 alio
2197 4224 2366 4293 placet
2395 4227 2591 4279 seniori
2643 4244 2775 4289 meo,
2815 4230 3028 4282 decorus
3075 4229 3302 4300 inplebo.
3358 4229 3480 4283 Non
3511 4229 3579 4283 sit

1979 4329 2094 4378 spes
2131 4313 2318 4382 juveni
2345 4317 2398 4369 in
2428 4327 2598 4370 morte
2651 4320 2789 4370 senis
2838 4319 3106 4388 decrepiti,
3148 4323 3272 4391 quia
3310 4330 3579 4390 peccatum

1981 4414 2090 4466 est;
2130 4405 2519 4468 reminiscatur,
2563 4408 2702 4477 quod
2741 4408 2894 4475 pellis
2951 4411 3098 4462 vituli
3150 4411 3329 4464 crebro
3362 4426 3582 4478 snspen-

281 4483 534 4536 remedio
559 4492 736 4538 autem
767 4484 962 4540 anima:
983 4501 1096 4541 suae
1123 4487 1343 4542 tradidit
1365 4498 1576 4558 postera
1603 4489 1721 4545 luce
1741 4492 1878 4546 inef-
1910 4489 1956 4546 Ι)
1984 4495 2130 4546 ditur
2176 4496 2362 4565 parieti
2397 4497 2568 4567 (30(5).
2607 4497 2756 4551 Talia
2785 4515 3036 4564 exorsus,
3086 4516 3143 4554 se
3181 4502 3244 4553 ad
3274 4501 3581 4563 acet-lesiam

292 4569 480 4626 fabilia
514 4572 621 4628 Deo
646 4590 887 4631 munera.
916 4575 1375 4644 invictissimoque
1397 4577 1514 4646 ejus
1535 4580 1655 4632 duci
1684 4580 1880 4636 Mauri-

294 4665 403 4730 cio,
429 4666 479 4718 in
508 4667 726 4735 prediis,
783 4667 834 4721 in
865 4667 1038 4730 libris,
1078 4678 1384 4738 cteteroque
1415 4680 1674 4740 apparatu
1710 4674 1875 4742 regio,

1987 4585 2190 4642 Chriin
2246 4588 2470 4659 virginis
2521 4590 2740 4646 Cecilire
2797 4591 2954 4660 jubet
3011 4592 3252 4660 portari,
3308 4593 3586 4657 humoque

1989 4689 2320 4747 prostratus,
2345 4698 2403 4736 se
2431 4681 2646 4753 indigne
2673 4683 2935 4738 hactenus
2961 4683 3010 4737 ei
3037 4683 3292 4746 servisse,
3315 4681 3580 4736 siclacri-

1570 4803 1801 4860 VAitle
1840 4809 2246 4866 LECTlONES.

371 4941 438 4978 ²⁶⁶
467 4939 779 4992 ιιιίἱιρὶΙιριΊο
813 4940 887 4990 lc.
967 4937 1033 4967 “7
1065 4949 1393 5006 praeceperat
1427 4941 1489 4994 A.
1525 4939 1585 4993 S.
1644 4955 1694 4993 tt.
1730 4943 1855 4999 869.

1935 4950 2005 4982 ’(³
2056 4946 2183 4997 add.
2227 4947 2304 5001 Η).

2380 4951 2447 4988 ⁸⁸³
2492 4951 2632 5002 itotlo
2688 4964 2833 5002 corr.
2881 4947 3002 5000 odo.
3048 4945 3144 4999 lc?
3187 4957 3232 4997 et
3287 4949 3361 5000 ita
3429 4944 3614 5012 infra-

299 5011 371 5041 "'°
394 5012 617 5086 primum
645 5007 978 5086 Pera-sumi.
1020 5009 1120 5086 _"j‘
1147 5019 1200 5063 et
1227 5009 1786 5086 legati—Sc|avorum
1815 5019 1939 5072 add.
1973 5021 2058 5075 1b.
2088 5034 2150 5068 ex
2193 5017 2328 5072 Ann.
2367 5021 2576 5084 Qnettt?
2650 5020 2720 5049 ’⁷³
2760 5019 2848 5072 Kl.
2897 5034 3010 5082 apr.
3058 5016 3184 5067 add.
3218 5016 3308 5070 11).
3386 5017 3460 5050 ’⁷⁸
3487 5007 3624 5080 ιιι-ί·
