4042 5300
213 215 342 270 1221

1461 204 1871 264 (ΣΙΙΚΟΝΠΖΗΝ.
1918 235 1983 243 —-
2025 204 2147 258 LIB.
2185 202 2250 257 ll.

3352 205 3490 264 1222

277 330 368 382 23.
409 327 594 383 l‘lacet
617 328 787 382 eciam
819 326 948 382 mihi
978 327 1080 381 hoc
1112 325 1424 390 adnectere,
1455 325 1598 393 quod
1627 323 1785 383 Boso,
1822 329 1861 379 Α
1962 318 2052 372 24-
2095 317 2355 388 Equidem
2383 317 2474 382 "‘.
2502 317 2627 387 quia
2658 317 2723 374 σ-Ιο
2745 318 2996 376 Conmth
3023 321 3181 383 duce.
3207 322 3296 391 qui
3321 338 3491 393 gener

207 425 526 474 antecessor
555 435 707 474 meus
759 435 788 472 a
839 418 1049 488 prefato
1086 419 1415 486 imperatore
1447 416 1796 475 constitutus,

207 525 396 564 curam
422 509 523 564 sibi
558 511 905 563 commissam
936 523 1139 563 annum
1172 510 1192 562 1
1236 516 1292 563 et
1337 521 1550 562 menses
1582 505 1646 559 10
1672 520 1733 557 ac
1766 506 1799 557 5

207 600 328 654 dies
357 614 574 670 regens,
605 600 657 652 in
704 600 880 668 patria
915 599 1053 653 obiit
1095 598 1346 652 Bawaria
1392 591 1664 650 Kalendas
1693 594 1800 648 No-

206 690 448 744 vembris
492 690 602 760 (an.
640 688 792 756 970),
830 689 1183 758 sepultusque
1239 696 1322 742 est.
1378 687 1430 741 in
1463 686 1795 752 Mersebnrg,

187 759 450 835 l:ecclesia
477 781 657 836 sancti
683 780 951 835 Johannis
980 781 1236 849 Baptista:
1268 767 1455 835 corani
1492 794 1705 831 summo
1728 777 1794 808 ³⁰ί

204 872 385 926 altari.
437 873 539 940 Qui
575 874 625 926 in
659 873 992 927 monasterio
1030 873 1231 927 Christi
1286 872 1528 926 martiris
1572 869 1795 923 Emme-

205 964 398 1017 ratnmi
430 965 519 1028 ³⁸⁸,
540 965 681 1034 quod
706 976 857 1019 extra
889 965 1076 1017 urbem
1103 963 1459 1016 Ratishouam
1489 963 1540 1016 in
1568 960 1795 1015 australi

201 1065 357 1124 parte
385 1056 552 1111 situm
585 1066 689 1121 est,
737 1058 1038 1111 monachus
1089 1056 1510 1110 eonversacione
1551 1054 1793 1108 nutritus

201 1156 308 1210 est,
338 1156 389 1202 et
424 1147 548 1201 inde
579 1148 646 1202 ad
673 1149 964 1203 servicium
990 1149 1196 1203 cesaris
1221 1157 1553 1218 assumptus,
1576 1146 1785 1200 benefi-

201 1237 347 1290 cium
372 1237 663 1293 Citicensis
697 1240 954 1294 ateclesiae
980 1255 1076 1310 pro
1111 1240 1291 1310 magni
1362 1239 1568 1294 laboris
1595 1239 1676 1292 sui
1707 1239 1798 1292 de-

211 1326 326 1380 bita
383 1331 835 1385 remuneraeioue
885 1332 1146 1401 percepit,
1198 1338 1250 1385 et
1297 1331 1452 1400 juxta
1497 1330 1794 1400 predietam

203 1418 490 1474 civitatem
543 1421 596 1474 in
647 1422 879 1490 quodam
937 1422 1108 1487 saltu,
1167 1423 1310 1493 quod
1370 1421 1440 1453 ⁸⁰³
1491 1422 1602 1492 ipse
1659 1437 1794 1477 con-

204 1513 441 1567 strucxit
465 1513 534 1544 m
558 1529 623 1568 ac
645 1528 741 1568 suo
771 1515 990 1569 nomine
1017 1515 1252 1577 vocavit,
1282 1515 1537 1584 templum
1569 1514 1795 1568 Domino

202 1602 272 1656 de
296 1603 565 1673 lapidibus
586 1605 805 1660 editical
832 1608 1255 1676 consecrarique
1283 1607 1430 1661 fecit.
1463 1606 1792 1661 Beneﬁcium

1905 413 2112 466 cesaris
2130 413 2282 482 juxta
2311 411 2456 468 Lech
2487 411 2706 466 ﬂuvium
2756 414 2972 469 occisus
3015 426 3118 480 est,
3152 430 3322 484 pauca
3350 418 3489 484 dixi,

1904 518 2010 556 non
2068 505 2426 575 incongruum
2475 519 2597 560 esse
2627 491 2774 569 reor,
2803 505 3032 575 quedam
3067 516 3194 562 tunc
3222 523 3252 562 a
3287 523 3372 564 me
3403 511 3489 564 in-

1904 593 2149 648 discussa
2181 598 2414 664 aperire.
2443 597 2571 652 Post
2610 596 2825 665 longum
2862 607 3075 670 tempus
3103 600 3396 672 imperator
3425 604 3493 658 ad

1904 685 2218 758 Merseburg
2267 690 2512 755 veniens,
2557 707 2585 744 a
2633 690 2868 761 quodam
2905 694 3186 762 proditore
3229 697 3495 766 comperit

1902 775 1963 845 (f.
1997 776 2120 846 διε)
2147 779 2374 833 exuvias
2401 781 2639 847 ejusdem
2666 797 2695 834 a
2739 780 2949 836 Sclavis
2977 783 3027 836 in
3056 782 3306 839 Zucncua
3340 786 3490 858 (524)

1902 866 2004 919 sub
2037 866 2348 924 Cuehavieo
2378 869 2447 900 ³¹⁶
2477 870 2693 926 seniore
2723 871 2826 925 sibi
2882 872 3109 927 multum
3143 874 3341 930 dilecto
3393 877 3493 931 ha-

1899 954 2046 1020 beri;
2079 965 2135 1011 et
2182 972 2304 1011 cum
2356 960 2559 1015 auxilio
2590 961 2735 1014 illius
2783 961 2883 1016 hos
2931 963 2982 1016 in
3032 964 3290 1034 singulari
3323 968 3493 1034 prelio

1901 1045 2143 1100 devictos
2166 1048 2420 1116 suspendi
2449 1050 2714 1119 precepit,
2741 1050 3027 1121 prequue
3055 1053 3344 1108 maximam
3369 1071 3495 1124 par-

1903 1143 2008 1191 tem
2059 1138 2301 1192 restituit
2352 1139 2522 1211 (525).
2571 1142 2678 1196 Sed
2733 1142 2836 1198 hoc
2865 1144 3076 1215 ignoro,
3116 1153 3300 1200 utrum
3350 1149 3492 1203 hanc

1901 1227 2147 1296 ejusdem
2176 1229 2596 1300 interemptores
2616 1235 2971 1302 sumpserint,
2991 1251 3057 1288 an
3090 1236 3170 1290 sic
3191 1251 3317 1292 casu
3345 1238 3492 1293 acci-

1897 1319 2079 1385 dente,
2127 1322 2277 1376 necis
2303 1320 2419 1391 ejus
2466 1323 2842 1395 iucnlpabiles,
2878 1326 3215 1395 invenerint;
3269 1341 3323 1384 et
3365 1330 3491 1400 quia

1900 1412 2004 1470 hoc
2055 1415 2331 1472 ullatenus
2382 1418 2564 1474 celare
2603 1430 3076 1490 presumpsernnt,
3119 1424 3276 1493 digna
3319 1435 3492 1481 morte

1897 1521 2088 1577 pmnas
2119 1507 2187 1540 ³¹⁷
2217 1510 2825 1580 persolverunt.Filiam
2855 1527 2986 1568 vero
3013 1515 3233 1581 suimet,
3261 1534 3488 1573 uxorem

1898 1599 2016 1667 ejus
2047 1599 2217 1672 (3'26),
2245 1618 2273 1655 a
2305 1603 2538 1671 quodam
2592 1605 2813 1660 Conone
2852 1606 2941 1670 “9,
2989 1623 3054 1661 eo
3087 1610 3228 1678 quod
3258 1611 3358 1664 sibi
3401 1626 3491 1664 sa-

202 1704 386 1746 aulom
417 1708 599 1759 omne,
629 1694 773 1763 quod
800 1694 865 1748 ad
895 1695 1172 1751 mcclcsjas
1218 1698 1268 1750 in
1300 1695 1611 1766 Mcrscburg
1648 1706 1701 1751 cl
1739 1697 1792 1750 in
1827 1707 1872 1767 Β
1906 1688 2158 1743 tisfacere
2218 1693 2506 1759 noluisset,
2561 1694 2668 1749 late
2718 1689 3052 1752 dill‘antatam
3101 1707 3156 1752 Cl
3205 1700 3489 1769 conjugem

201 1782 477 1837 lmenlevo
504 1784 576 1815 '°'
626 1785 851 1854 positas,
882 1802 945 1840 ac
972 1787 1038 1839 ad
1089 1787 1412 1858 Thornburg
1439 1797 1493 1841 et
1537 1788 1797 1858 Kirherge

198 1874 486 1942 pertinens
510 1875 579 1905 ⁸⁰⁶
596 1874 719 1937 fuit,
750 1886 1038 1946 antequam
1071 1876 1140 1908 ³⁰⁷
1163 1879 1507 1932 ordinaretur
1531 1879 1792 1947 optinuit;

206 1972 263 2016 et
294 1964 420 2032 quia
472 1965 517 2019 is
562 1965 614 2018 in
663 1967 872 2021 oriente
925 1970 1266 2023 innumeram
1314 1969 1534 2024 Christo
1587 1971 1798 2040 plebem

197 2055 584 2123 predieaeione
613 2058 829 2112 assidua
857 2069 911 2113 et
934 2061 1258 2129 baptismate
1291 2062 1620 2126 vendicarit,
1649 2063 1798 2132 iupe-

198 2148 373 2201 ratori
406 2147 629 2216 placuit,
656 2150 1096 2224 elecciouemque
1140 2155 1204 2207 de
1261 2155 1432 2208 tribus
1461 2156 1795 2209 constituen-

196 2239 281 2312 dis
331 2241 732 2309 episeopatilms
762 2243 809 2296 ei
836 2244 1006 2309 dedit,
1039 2244 1326 2299 Misuensis
1364 2245 1458 2311 ³⁰⁸,
1505 2247 1795 2302 Citicensis

194 2341 363 2398 atque
393 2328 877 2402 Merseburgensis.
909 2336 969 2403 (f.
1001 2337 1146 2407 Slb’)
1178 2337 1281 2391 Pre
1308 2338 1412 2392 hiis
1435 2339 1706 2402 omnibus,
1731 2354 1796 2394 eo

198 2421 345 2488 quod
408 2422 634 2490 pacifica
691 2432 830 2488 erat,
889 2425 1389 2497 Merseburgcnsem
1447 2426 1515 2480 ab
1566 2434 1794 2498 augusto

194 2527 504 2582 exposcens
520 2515 843 2582 recelesiatn,
867 2518 1120 2586 quamdiu
1139 2519 1290 2580 vixit.
1315 2519 1550 2573 studiose
1565 2522 1792 2574 eandem

198 2605 364 2658 rexit.
400 2605 496 2659 llic
540 2615 596 2658 ut
638 2608 738 2660 sibi
768 2609 1092 2663 commissos
1119 2623 1184 2664 eo
1230 2608 1444 2664 facilius
1481 2610 1790 2675 instrueret,

197 2698 527 2753 Sclaronica
559 2701 853 2772 scripserat
886 2703 1069 2765 verba,
1119 2712 1174 2756 et
1202 2717 1297 2756 eos
1324 2701 1642 2778 kirieleison
1667 2717 1795 2755 cart-

197 2799 319 2844 tare
383 2791 612 2861 rogavit,
667 2807 945 2862 exponens
993 2794 1074 2848 eis
1121 2792 1279 2862 hujus
1325 2793 1634 2846 utilitatem.
1686 2792 1790 2859 Qui

192 2883 466 2938 vecordes
513 2884 614 2938 hoc
669 2885 720 2938 in
773 2887 970 2940 malum
1013 2887 1256 2942 irrisorie
1299 2887 1584 2940 mutabant
1629 2885 1790 2941 ωσι-

193 2975 349 3028 volsa
399 2975 467 3007 ³⁰⁹
519 2976 689 3046 (520),
724 2979 865 3046 quod
905 2990 1087 3032 nostra
1134 2979 1312 3049 lingua
1346 2978 1590 3032 dicitur:
1623 2977 1791 3032 Eleri

1900 1796 2052 1835 suam
2081 1783 2219 1836 clam
2246 1784 2359 1840 fore
2384 1787 2451 1841 ab
2474 1788 2663 1842 eodem
2691 1790 2912 1855 dictam,
2937 1807 3092 1846 cesar
3119 1793 3222 1847 hoc
3246 1796 3488 1863 grav‘ter

1899 1875 2098 1939 ferens,
2125 1878 2203 1932 sic
2233 1893 2351 1933 eam
2386 1883 2722 1950 expurgarit.
2757 1883 3086 1939 Convocatis
3129 1885 3202 1917 ³⁸⁸
3231 1887 3489 1940 onmihus

1899 1969 2048 2039 regni
2077 1970 2277 2026 suimet
2329 1972 2686 2044 principibus,
2740 1977 2915 2044 primo
2947 1979 3172 2033 secretis
3201 1979 3490 2034 allocutio-

1899 2061 2060 2114 nibus
2083 2063 2331 2129 eandem,
2371 2065 2414 2118 si
2450 2066 2609 2135 hujus
2633 2068 2706 2120 rei
2742 2067 3027 2138 culpabilis
3061 2079 3228 2136 esset,
3260 2071 3490 2143 diligen-

1901 2158 1985 2205 ter
2015 2151 2265 2221 inquirit;
2309 2163 2605 2226 posteaque
2655 2173 2775 2212 cum
2822 2159 2965 2213 illam
3009 2161 3250 2216 adhibito
3279 2161 3490 2218 Christi

1900 2242 2216 2297 testimonio
2255 2254 2308 2299 et
2354 2249 2714 2302 sacramentis
2744 2265 2802 2304 se
2833 2251 2996 2304 nimis
3025 2267 3290 2307 excusare
3320 2251 3489 2310 vidis-

1897 2340 2002 2396 set,
2038 2335 2379 2410 presentiljus
2400 2337 2611 2390 cunctis
2641 2337 2912 2402 indixit,si
2945 2340 3142 2410 aliquis
3169 2356 3235 2395 ex
3261 2358 3489 2397 numero

1895 2422 1995 2475 sibi
2028 2422 2376 2478 familiarium
2411 2439 2534 2479 eam
2584 2429 2754 2482 armis
2786 2428 3078 2485 defendere
3113 2431 3388 2497 voluisset,
3430 2441 3488 2486 ut

1894 2529 1954 2566 se
2002 2515 2215 2568 firmum
2259 2516 2312 2570 in
2354 2517 2439 2571 die
2477 2519 2579 2573 hac
2617 2528 2673 2574 et
2721 2520 2774 2574 in
2831 2531 3148 2590 perpetuum
3200 2525 3486 2594 acquirere

1895 2605 2160 2674 potuisset
2181 2609 2438 2662 amicum.
2472 2608 2821 2664 Burcbardns
2856 2627 3039 2666 comes
3067 2614 3184 2667 hinc
3229 2615 3479 2679 audiens,

1898 2699 1951 2750 in
2001 2698 2256 2756 medium.
2287 2700 2543 2769 prosiliit,
2605 2710 2660 2757 et
2714 2703 2990 2758 Cononem
3051 2704 3120 2735 ³²⁰
3163 2720 3260 2774 per
3304 2708 3487 2760 omnia

1897 2789 1960 2860 (f.
2012 2790 2154 2859 ﬁle’)
2181 2793 2464 2846 mentitum
2510 2792 2644 2860 fore,
2684 2809 2866 2849 coram
2907 2795 3160 2850 omnibus
3201 2796 3354 2852 dixit.
3393 2796 3488 2851 llle

1898 2891 2078 2936 autem
2111 2899 2235 2936 cum
2291 2885 2342 2938 id
2373 2899 2558 2937 verum
2607 2900 2729 2940 esse
2761 2888 3122 2942 sacramentis
3169 2886 3484 2949 :‘llirmaret,

1896 2990 2020 3028 cum
2046 2976 2236 3028 eodem
2279 2991 2626 3045 congressus,
2679 2977 2731 3030 in
2786 2977 2960 3046 primo
3009 2979 3154 3031 aditu
3204 2981 3485 3032 ἀρκτοι-(ιω

197 3074 314 3119 stat
347 3065 416 3096 ³¹⁰
446 3066 496 3120 in
523 3065 811 3123 frtttectutu
831 3087 845 3134 ;
868 3071 1108 3126 dicentes
1140 3089 1152 3124 :
1184 3071 1274 3125 Sic
1299 3071 1504 3124 locutus
1525 3081 1598 3124 est
1628 3070 1782 3134 Bosa,
1815 3069 1860 3131 C
1891 3065 2205 3120 mendacem
2235 3067 2492 3132 perdidit,
2540 3073 2596 3120 et
2647 3067 2976 3134 injustitiam
3019 3066 3216 3121 suimet
3242 3067 3487 3121 devictus

197 3173 326 3211 cum
369 3158 457 3212 ille
488 3159 643 3214 aliter
671 3162 885 3216 dixerit.
919 3162 1200 3231 lnperator
1235 3163 1362 3216 huic
1393 3178 1594 3232 paucas
1634 3163 1788 3218 viles

194 3251 263 3302 ad
290 3250 596 3318 predictam
628 3253 814 3306 urbem
847 3255 1182 3323 pertinentes
1218 3265 1272 3309 et
1321 3257 1371 3308 in
1405 3271 1542 3326 pago
1569 3256 1786 3310 Chutiei

191 3341 436 3410 positum
463 3343 728 3410 quoddam
757 3346 1218 3416 castellmn,qnod
1243 3348 1534 3403 llledeburu
1556 3349 1620 3380 ³¹¹
1639 3348 1787 3420 (59.1)

191 3434 894 3504 vocatur—intemretatur
923 3446 1102 3490 autem
1133 3438 1235 3492 hoc
1264 3457 1276 3492 :
1316 3438 1418 3492 mel
1445 3439 1660 3510 prohibe
1686 3455 1783 3505 —;

192 3525 474 3579 concessit
513 3541 730 3595 quoque
760 3527 808 3580 ei
854 3527 997 3581 filius
1043 3529 1240 3582 suimet
1285 3537 1340 3584 et
1395 3531 1691 3597 equivocus
1719 3530 1788 3560 “’

190 3614 502 3668 zecclesiam
537 3616 590 3668 in
624 3615 856 3687 llelpithi
913 3618 1061 3689 (522)
1114 3619 1372 3687 positam,
1423 3635 1584 3688 quam
1639 3631 1791 3689 pater

193 3702 317 3770 ejus
370 3705 423 3757 in
491 3705 698 3760 honore
741 3715 944 3762 sancta:
999 3708 1348 3778 Radegnndis
1403 3718 1786 3776 constructam,

191 3794 577 3853 Bernhardum
611 3800 722 3868 ipse
751 3816 980 3870 presens
1009 3803 1264 3857 dedicare
1292 3803 1536 3873 precepit
1575 3805 1790 3858 antisti—

194 3896 336 3940 tem.
373 3886 480 3942 Sed
511 3904 630 3943 cmn
681 3891 889 3960 primus
919 3891 1163 3947 ecclesia:
1207 3903 1362 3963 pater
1391 3904 1612 3957 nostrae,
1645 3893 1790 3948 sicut

192 3979 437 4048 predixi,
486 3982 780 4051 expiraret,
828 3983 1218 4040 intercessione
1250 3985 1515 4049 Annonis,
1556 3985 1789 4055 episcopi

193 4066 632 4137 Wormacensis,
669 4076 949 4145 inperator
998 4076 1252 4142 Gisilero,
1300 4078 1540 4131 moribus
1592 4085 1646 4130 et
1695 4091 1794 4130 na-

193 4171 324 4217 tura
346 4163 496 4233 (3‘25)
520 4166 704 4230 nobili,
735 4168 1103 4237 episc0patnm
1123 4171 1287 4223 dedit.
1320 4169 1418 4223 llic
1439 4176 1793 4224 consecratur

193 4254 247 4306 in
279 4252 644 4326 Magadaburg
660 4256 813 4310 mab
842 4257 1160 4313 Athelberto
1181 4259 1250 4292 ³¹δ
1272 4257 1675 4313 archiantistite
1697 4257 1788 4324 ³⁸⁸,

189 4345 357 4401 Junio
387 4363 589 4402 mense.

1893 3157 2125 3212 innotuit
2156 3159 2334 3228 (327);
2382 3167 2438 3212 et
2480 3157 2794 3212 misericors
2845 3145 3110 3212 Dominus
3143 3173 3174 3211 a
3213 3155 3350 3212 falso
3380 3157 3489 3212 cri-

1903 3251 2048 3304 mine
2078 3251 2217 3304 hauc
2267 3251 2488 3320 eripuit,
2517 3266 2679 3320 quam
2727 3249 3043 3304 innocencia
3087 3251 3155 3283 ³²¹
3210 3251 3330 3304 vitre
3382 3249 3486 3304 sibi

1892 3341 2109 3410 placere
2135 3341 2284 3396 fecit.
2318 3342 2440 3396 Haec
2465 3343 2663 3396 marito
2695 3343 2908 3396 vivente
2940 3358 3060 3408 suo,
3086 3344 3333 3412 quamvis
3359 3356 3486 3413 sepe

1894 3435 2268 3503 despiceretur
2300 3442 2353 3488 et
2376 3433 2657 3487 laboribus
2688 3433 2897 3487 crebris
2919 3432 3266 3503 fatigaretur,
3296 3443 3477 3489 tamen

1893 3526 2032 3580 virili
2058 3526 2329 3595 pacientia
2359 3527 2472 3581 hth
2498 3525 2784 3592 suiferens,
2811 3527 3073 3580 honorem
3105 3527 3348 3580 innatum
3372 3543 3487 3581 scr-

1892 3630 2021 3670 vare
2080 3625 2330 3670 conatur.
2385 3616 2520 3670 Cum
2569 3626 2750 3670 autem
2801 3617 2968 3668 vitam
3003 3617 3143 3669 hanc
3189 3617 3386 3678 finiret,
3431 3619 3485 3674 in

1892 3706 2138 3760 meclcsia
2189 3705 2396 3759 Christi
2454 3705 2698 3758 martiris
2756 3704 2950 3756 Albani
3003 3704 3072 3734 ³¹²
3105 3705 3155 3757 in
3204 3705 3485 3776 lllogoncia

1892 3796 2144 3852 flebiliter
2165 3806 2248 3852 est
2274 3796 2515 3866 sepulta;
2543 3795 2696 3864 cujus
2736 3794 2914 3849 fusum
2947 3804 3262 3865 argenteum
3290 3798 3340 3850 in
3368 3797 3485 3866 ejus

1893 3893 2152 3946 memoria
2186 3889 2383 3944 ibidem
2408 3899 2491 3945 est
2513 3903 2857 3957 suspensum.

1961 3983 2053 4038 25.
2097 3983 2170 4038 De
2202 3982 2414 4052 prcfato
2464 3991 2648 4036 autem
2675 3982 2810 4034 duce
2851 3979 3108 4034 lleinrico
3141 3980 3209 4011 ³²³
3236 3982 3481 4050 quaedam

1894 4073 2037 4140 dico,
2062 4089 2180 4142 qua:
2213 4072 2376 4140 impie
2407 4071 2536 4126 fecit
2565 4072 2617 4125 iu
2651 4070 2849 4124 suimet
2882 4085 3069 4140 regno,
3097 4080 3150 4124 et
3199 4071 3252 4124 in
3284 4072 3482 4140 quibus

1893 4165 2035 4219 valet
2059 4163 2394 4219 considerari
2421 4163 2489 4194 δεῖ
2521 4161 2664 4231 quod
2717 4160 3048 4230 supradictis
3077 4162 3330 4216 omnibus
3374 4177 3479 4215 non

1893 4256 2041 4310 valet
2096 4253 2422 4309 contradici.
2481 4252 2858 4306 Patriarcham
2915 4252 2981 4306 de
3030 4253 3275 4322 Aquili-ia
3330 4253 3479 4318 (528)

1897 4347 2152 4413 castrari,
2179 4353 2233 4400 et
2256 4344 2724 4414 archiepiscopum
2749 4342 3206 4414 Salzburgensem
3233 4344 3304 4374 ³⁸⁸
3329 4344 3478 4413 (⁵529)

1517 4461 1755 4518 ἾΑιὶῐίΕ
1794 4456 2198 4515 LECTIONES.

264 4556 336 4587 τοι
382 4556 508 4608 add.
552 4557 632 4610 lb.
711 4539 780 4589 εόι

190 4627 262 4658 ³ου
295 4629 372 4678 ita
403 4627 452 4678 1.
531 4627 600 4659 ³⁰⁶
630 4628 702 4680 ita
733 4628 786 4680 2'.
813 4629 878 4679 A.
907 4627 966 4681 S.
999 4629 1330 4696 pertinentes
1362 4627 1410 4679 l.

192 4698 263 4731 ³¹⁰
295 4697 332 4750 i.
370 4696 444 4765 (id
497 4697 600 4759 est)
650 4699 776 4750 add.
805 4698 885 4751 lc.
921 4690 1076 4751 alnus
1108 4714 1227 4766 qua:
1258 4707 1364 4750 stat
1390 4697 1440 4749 in
1466 4690 1746 4749 frntteetis
1770 4695 1840 4766 (ΑΔ.
1868 4693 1930 4747 S.
1963 4690 2064 4766 ι.

814 4557 956 4626 quod
1029 4557 1335 4610 construxit
1392 4554 1654 4608 Arnulfus
1687 4550 2140 4626 imperatoradd.
2177 4550 2261 4626 1ο.

1490 4626 1557 4655 ³⁰⁷
1585 4639 1820 4692 anquam
1853 4623 1904 4676 l.

2767 4559 2855 4612 qe.
2891 4545 2940 4599 1.
3019 4545 3089 4576 ⁸⁸⁵
3125 4560 3156 4600 e
3183 4563 3391 4600 erasum
3427 4550 3478 4600 1.

2340 4548 2409 4579 ³⁸³
2449 4547 2540 4615 qd.
2572 4563 2714 4600 corr.
2767 4559 2855 4612 qe.
2891 4547 2940 4599 1.
3019 4547 3089 4576 ⁸³⁵
3125 4560 3156 4600 e
3183 4563 3391 4600 erasum
3427 4550 3477 4600 1.

2345 4618 2568 4671 isnessis
2591 4619 2677 4671 1η.
2759 4617 2828 4647 ³⁰⁹
2860 4616 2934 4668 ita
2978 4615 3062 4668 lb.
3088 4615 3355 4671 kriolosso
3388 4617 3477 4669 1η.

1978 4620 2049 4652 ³⁰⁸
2071 4621 2144 4673 ita
2170 4621 2252 4673 lc.
2287 4618 2568 4674 misnessis
2591 4619 2677 4671 1η.

2141 4691 2209 4722 ³¹¹
2235 4690 2388 4758 Infra
2423 4689 2527 4752 IV,
2560 4687 2612 4741 5.
2659 4688 2797 4738 idem
2837 4701 3030 4758 nomen
3068 4687 3260 4758 rectius
3317 4688 3486 4758 srrip-

191 4778 304 4819 tum
326 4755 399 4820 es‘t
429 4781 447 4816 .'
479 4755 828 4821 Medeburun.
909 4768 977 4798 ³η
1009 4755 1139 4821 Otto
1155 4768 1424 4821 secundus
1449 4768 1576 4842 add.
1607 4767 1684 4818 lc.
1763 4764 1832 4842 ³ξ³
1864 4761 2242 4842 magaburgd.
2288 4755 2342 4814 ut
2385 4761 2499 4842 jam
2533 4774 2692 4826 supra
2719 4773 2775 4842 σε.
3058 4755 3369 4842 .tkitlcrl‘hct‘t‘o
3398 4756 3480 4842 ig.

190 4834 261 4868 ⁸¹⁵
288 4839 362 4888 ita
395 4837 473 4891 lc.
505 4838 862 4891 archiantiste
902 4839 949 4890 1.
1028 4837 1096 4868 ³¹⁶
1119 4839 1416 4892 suchauico
1447 4838 1676 4904 primum
1702 4835 1912 4902 scripsit
1945 4823 1993 4894 tv,
2020 4831 2109 4884 sed
2130 4823 2276 4898 vipse
2327 4823 2500 4884 scriba
2550 4823 2798 4907 correxit.
2830 4824 3140 4904 Euchauico
3186 4824 3242 4876 2.
3302 4827 3369 4877 Α.
3420 4823 3459 4875 8

193 4908 259 4938 ³¹⁷
292 4923 583 4955 nerasum.
660 4908 730 4940 ³¹⁸
752 4923 962 4955 notione
1003 4909 1082 4955 lc.
1163 4908 1229 4938 ³¹⁹
1258 4907 1590 4955 conculcatis
1624 4906 1708 4955 1η.
1787 4905 1856 4935 ³⁸⁸⁵
1883 4915 2148 4955 eononem
2179 4903 2260 4955 lc.
2340 4901 2406 4932 "'
2463 4900 2536 4952 ita
2599 4901 2678 4951 lc.
2735 4909 2949 4949 tltltOCta
3006 4894 3059 4946 1.
3131 4893 3199 4924 ³³⁸
3230 4895 3357 4947 add.
3400 4891 3459 4944 HJ

1883 4917 2148 4958 cononem
2179 4917 2260 4956 ‘IC.

1405 4979 1475 5010 ³⁸⁵
1502 4978 1574 5030 ita
1603 4977 1680 5029 lc.
1714 4975 1852 5030 salb.
1892 4975 1978 5028 la.

660 4908 730 4940 ³¹⁸
752 4923 962 4962 conone
1003 4909 1082 4962 lc.
1163 4908 1229 4938 ³¹⁹
1258 4907 1590 4961 conculcatis
1624 4906 1708 4957 la.

771 4976 840 5008 ³²⁴⁵
867 4979 1213 5034 considerare
1242 4978 1328 5032 la.

193 4908 259 4938 ³¹⁷
292 4923 326 4960 0
350 4924 583 4960 erasum.

193 4977 263 5009 ³²³
295 4978 582 5033 heinriclto
611 4978 692 5033 la.

2340 4857 2500 4884 ςωιυιι
2550 4857 2798 4881 (μυμῦ-ιη.
2830 4857 3140 4878 ιλυιδιιαιηιιυ
3191 4857 3242 4876 α.
3302 4857 3369 4877 τι.
3420 4857 3487 4875 uo

2340 4901 2406 4932 ³¹¹
2463 4900 2536 4952 ita
2599 4901 2678 4951 lc.
2735 4895 2949 4949 innocia
3006 4894 3059 4946 1.
3131 4893 3199 4924 '"
3230 4895 3357 4947 add.
3400 4891 3489 4944 11).

1690 5067 1934 5123 ΝΟΤᾸΞ.

261 5141 411 5211 (520)

194 5208 403 5262 uri‘ores
459 5211 676 5262 svllabae
732 5211 832 5262 sibi
892 5212 1079 5262 velint-
1136 5214 1396 5262 incertum
1459 5220 1562 5262 est.
1622 5208 1773 5262 Siavi

464 5140 633 5196 Alnus
662 5140 876 5196 Polonis
905 5139 1050 5205 Olsa,
1101 5141 1350 5196 Bobemis
1404 5141 1586 5196 Volsa.
1629 5137 1771 5202 Quid
1805 5143 1854 5202 ι)

1957 5135 2108 5214 (If???)
2205 5154 2255 5194 e.
2283 5136 2558 5214 prosapia.
2581 5131 2739 5214 Κεκιξ.
2801 5199 2812 5210 _

1952 5208 2105 5266 (525)
2137 5208 2414 5264 Zwenkau
2437 5218 2601 5262 omne
2627 5208 2870 5262 Leipzig-
