4042 5300
240 309 381 364 1223
1489 304 1836 362 ClillONlCO

1945 333 2014 345 -ο
2052 304 2178 358 LIB.
2217 304 2300 356 lll.
3369 298 3506 352 1326

235 435 290 477 ct
339 438 597 478 memoria
669 422 1046 486 convenirent,
1100 421 1150 474 in
1204 419 1523 489 explicanda
1605 421 1814 476 cesaris
1846 430 1891 488 Α
1919 435 2139 483 areum,
2172 428 2387 489 postque
2425 416 2652 488 ferreum
2694 424 2950 489 sequitur.
2979 413 3178 468 Audiat
3210 415 3510 483 unusquis-

236 517 394 570 laude
425 516 743 570 deﬁcerent.
803 515 959 568 Sicut
1010 513 1286 576 dominus,
1309 513 1388 566 sic
1420 521 1476 565 et
1515 511 1581 542 ³⁵⁵
1611 513 1814 582 princi-
1924 527 2028 580 que
2061 510 2295 565 ﬁdelium
2359 511 2608 565 veredica
2644 511 2712 544 “9
2742 509 2884 563 beati
2935 505 3188 580 Gregorii
3244 508 3453 564 monita
3489 528 3505 564 :
3535 565 3537 568 ,

237 623 333 677 pes
387 606 504 674 ejus
564 606 808 660 fuerunt.
861 604 979 658 Non
1029 619 1123 658 eos
1149 603 1396 657 ciborum
1450 617 1543 657 seu
1591 601 1820 656 aliaruut
1925 603 2056 657 Cum
2097 614 2358 674 augentur
2391 604 2553 666 dona,
2585 603 2822 656 ratione:
2871 613 3109 681 crescunt
3141 602 3424 665 donorum,
3458 612 3514 656 et

239 715 420 753 rerum
463 699 731 769 superﬂua
767 699 1028 761 varietas,
1064 697 1158 750 sed
1194 697 1244 750 in
1277 697 1486 751 cunctis
1517 695 1822 750 delectabat
1926 697 1978 749 in
2009 695 2316 748 commissis
2363 693 2431 725 "°
2476 709 2535 748 se
2575 694 2738 749 nimis
2786 709 3045 763 peccasse
3090 695 3502 764 perhorrescat,

237 805 404 844 aurea
463 791 834 845 mediocritas.
870 789 1070 843 Omnes
1103 803 1223 858 qua:
1277 787 1530 859 leguntur
1570 788 1821 849 virtutes,
1924 796 1979 841 et
2031 801 2129 856 pro
2175 787 2353 838 anima
2410 787 2738 855 inperatoris
2788 787 2955 841 Demn
3013 788 3247 858 supplici
3307 798 3492 842 mente

236 885 322 938 his
356 884 676 956 degentibus
720 881 995 945 ﬂorentes,
1042 881 1150 936 hiis
1190 880 1518 935 obeuntibus
1577 893 1821 954 marces-
1926 878 2211 947 deposcat,
2248 886 2306 931 ut
2356 875 2568 947 ﬂagicia
2594 880 2734 932 servi
2760 879 3067 949 peccatoris
3092 879 3379 932 innumera
3411 878 3502 936 ³⁵¹.

236 987 447 1033 serunt.
474 976 556 1030 llii
588 976 691 1030 etsi
717 975 1077 1045 corporaliter
1112 989 1219 1027 non
1260 974 1471 1036 vivunt,
1523 982 1820 1042 supersunt
1926 985 2046 1039 quae
2098 971 2150 1023 in
2209 979 2289 1023 tot
2344 969 2444 1023 sibi
2501 970 2732 1026 subditis
2783 973 2945 1026 rebus
2975 973 3255 1041 precareri
3313 972 3507 1040 nequi-

239 1070 438 1122 anima:
504 1066 861 1132 immortales,
929 1067 1196 1120 bonorum
1263 1075 1520 1136 provectu
1593 1079 1818 1135 operum
1925 1070 2139 1126 verant,
2200 1061 2496 1116 clementer
2558 1062 2827 1132 ignoscat,
2876 1077 3279 1134 regnorumque
3338 1062 3514 1116 domi-

240 1169 396 1213 Deata
453 1159 758 1212 aeternitate
809 1157 1126 1228 gaudentes.
1164 1156 1269 1210 Sed
1315 1164 1369 1209 ul
1401 1157 1722 1209 conclmlam
1756 1155 1824 1184 m
1931 1165 2087 1209 nator
2142 1153 2384 1208 omnium
2449 1155 2659 1223 populis
2714 1157 3062 1224 presentibus
3103 1167 3265 1226 atque
3298 1155 3500 1210 futuris

241 1266 570 1314 sermonem,
598 1261 721 1320 post
743 1250 1000 1305 Carolum
1052 1249 1305 1319 Magnum
1356 1249 1591 1319 regalem
1642 1249 1826 1302 cathe-
1928 1243 2154 1315 pervigil
2219 1245 2448 1313 piusque
2496 1255 2680 1300 custos
2734 1246 3003 1300 assistat!
3054 1247 3118 1301 Et
3151 1259 3229 1310 tu,
3263 1249 3515 1316 quicum-

241 1349 394 1403 dram
424 1363 715 1417 numquam
751 1357 932 1402 tantus
959 1358 1150 1417 patrm}
1199 1355 1365 1415 atque
1418 1343 1672 1400 defensor
1701 1359 1825 1413 pos-
1929 1350 2034 1404 que
2061 1333 2193 1388 mihi
2230 1338 2510 1398 succedas,
2562 1336 2699 1390 tanti
2749 1353 2958 1391 tttClttOl‘
3013 1337 3285 1402 beneﬁcii,
3319 1339 3516 1393 animm

241 1442 402 1496 sed".
444 1439 874 1495 Ρτερεαρηιίιωδ
914 1448 1144 1496 mortem
1182 1423 1321 1507 eius.
1353 1446 1409 1491 υι
1445 1438 1680 1508 meum,
1711 1438 1827 1506 plu.
1929 1423 2044 1491 ejus
2099 1424 2532 1508 recordationem
2579 1424 2722 1479 fideli
2773 1428 2968 1480 mentis
3021 1429 3262 1482 custodia
3307 1443 3516 1492 serves,

241 1531 395 1584 rimis
439 1529 814 1600 optimatibus,
853 1544 1046 1584 omnes
1074 1530 1165 1599 qui
1210 1527 1621 1598 superfuerunt,
1662 1536 1828 1580 tanta:
1930 1515 2273 1584 maximeque
2298 1515 2351 1568 in
2377 1497 2672 1570 festivitate
2722 1514 2924 1570 Christi
2969 1517 3158 1571 adletae
3211 1519 3516 1580 Laurentii.

234 1622 603 1690 iucunditatis
651 1621 794 1675 haud
824 1622 890 1652 δατ
921 1623 1271 1685 inmemores,
1326 1635 1520 1675 ποι-ειη.
1570 1619 1711 1673 hunc
1757 1616 1826 1647 ³η
1932 1608 2564 1677 cujusintercessionem
2616 1607 2815 1663 obnixe
2865 1609 3126 1678 postuies,
3180 1620 3237 1664 nt
3287 1612 3520 1666 sicuteo

241 1731 514 1778 normam,
584 1730 702 1783 qua:
756 1714 1112 1784 sequebatur,
1155 1729 1256 1768 nec
1291 1713 1604 1776 voluerunt,
1649 1725 1828 1780 neque
1932 1700 2019 1755 die
2055 1701 2264 1754 meritis
2291 1700 2458 1771 ipsius
2488 1702 2722 1756 hostium
2752 1702 2866 1756 huit
2906 1719 3163 1758 concessa
3211 1713 3295 1758 est
3326 1705 3521 1758 divini-

239 1807 638 1873 sequebantur,
679 1804 775 1859 sed
807 1806 874 1858 ad
911 1805 1120 1858 exitum
1168 1804 1292 1857 vita:
1345 1805 1544 1858 suimet
1580 1801 1648 1856 ab
1679 1811 1828 1856 recta
1859 1786 1907 1846 Β
1944 1803 2030 1848 tus
2074 1793 2302 1847 Victoria
2325 1793 2641 1858 visibilium,
2670 1796 2741 1848 ita
2765 1797 2866 1850 sibi
2899 1812 2926 1849 a
2959 1796 3070 1850 Deo
3101 1798 3320 1861 donata,
3357 1813 3519 1868 quam

237 1899 479 1967 antiqua;
535 1898 782 1952 veritatis
835 1907 891 1952 et
937 1896 1175 1969 justicim
1244 1898 1436 1952 semita
1481 1912 1580 1951 sua
1631 1903 1828 1967 sponte
1941 1899 2160 1954 semper
2210 1885 2449 1956 optavit,
2500 1887 2842 1951 remissione,
2898 1887 3120 1958 laqueos
3175 1890 3520 1944 inimicorum

241 2004 354 2040 ηοη
389 1989 701 2043 ἀργίηὺεηι,
731 1989 926 2059 Inpleri
955 1999 1082 2044 ωηο
1107 2003 1342 2059 namque
1382 1988 1656 2052 videbam,
1685 1987 1828 2058 quod
1939 1986 2217 2032 mereatur
2265 1977 2617 2030 invisibilium
2650 1979 2930 2033 evaderea
2962 1980 3307 2050 sinistrisque
3330 1996 3520 2050 segre-

235 2093 267 2129 a
301 2079 539 2147 quodam
596 2078 842 2148 sapiente
908 2094 1141 2149 presago
1196 2078 1502 2133 futurorum
1561 2080 1826 2148 scriptum

1932 2079 2112 2140 galus,
2141 2069 2194 2122 in
2233 2069 2319 2123 die
2346 2067 2534 2136 judicii
2562 2067 2860 2125 collocetur
2893 2086 2922 2124 a
2955 2070 3022 2100 ³⁸⁸
3065 2072 3272 2125 dextris
3301 2069 3390 2124 Dei
3425 2072 3523 2125 Pa-

238 2179 320 2224 cst
351 2189 361 2222 :
390 2167 628 2224 Primum
654 2170 715 2240 (f.
739 2171 829 2240 55)
854 2181 930 2224 est
955 2188 1174 2224 aureum
1221 2171 1478 2237 seculum,
1505 2163 1658 2226 deiné
1677 2169 1826 2243 (511)
1935 2162 2053 2217 lI'is.

1363 2319 1726 2408 LIBER
1796 2314 2315 2407 TERTIUS
2356 2298 2462 2402 ³⁸³.

239 2491 467 2546 Tertius
497 2491 550 2546 in
579 2507 806 2549 numero
833 2508 1043 2564 regum,
1077 2494 1172 2548 sed
1201 2497 1482 2564 proximus
1521 2493 1648 2549 Otto
1936 2488 2144 2542 viribus
2195 2489 2437 2558 corporis
2473 2490 2658 2545 cluens
2710 2492 2950 2556 eximiis,
3001 2496 3181 2563 primo
3227 2510 3347 2564 qure
3384 2508 3513 2549 sunt

239 2585 498 2650 Nomine,
523 2586 815 2651 scribatur,
849 2597 905 2639 et
931 2587 1091 2656 digna
1122 2586 1280 2641 laude
1309 2586 1518 2640 locetur
1759 2643 1762 2650 I
1938 2591 2190 2651 proterva
2237 2591 2501 2647 sectatur,
2577 2583 2912 2654 largitusque
2997 2587 3228 2656 plurima
3304 2589 3524 2658 pietatis

237 2674 390 2729 Sede
433 2676 604 2744 patris
659 2677 861 2748 magni,
917 2677 1105 2731 vivens
1155 2692 1254 2746 per
1298 2677 1442 2732 secla
1497 2676 1736 2731 secundo
1762 2674 1832 2706 ³³³
1941 2686 2106 2742 opere
2157 2672 2330 2742 (ὅθ),
2389 2675 2596 2744 absque
2639 2683 3099 2745 temperamento,
3142 2688 3355 2732 matura
3391 2682 3498 2748 fugi

242 2765 437 2835 (1235’)
469 2765 754 2828 Successu,
786 2766 1004 2820 miseris
1027 2766 1116 2834 qui
1150 2765 1348 2835 proluit
1377 2765 1630 2820 omnibus
1660 2763 1831 2819 horis.
1943 2765 2169 2819 consilia
2201 2781 2218 2830 ;
2272 2766 2578 2836 deindeque
2608 2770 2906 2838 castigatus
2952 2784 2982 2823 a
3036 2771 3239 2837 multis,
3293 2774 3525 2842 inposita

242 2857 422 2925 llnjus
448 2859 622 2927 prima
651 2859 806 2912 bonis
835 2859 1286 2921 imtantur,trisle
1315 2859 1587 2926 supremis
1887 2926 1892 2927 γ
1942 2858 2047 2912 sibi
2081 2857 2362 2911 laudandae
2418 2859 2640 2913 virtutis
2699 2861 2873 2923 freno,
2933 2864 3192 2920 nobiliter
3239 2866 3291 2919 in
3336 2867 3529 2921 diebus

240 2952 504 3014 Advenit,
552 2952 756 3006 nostris
776 2952 1100 3006 criminibus
1128 2952 1370 3020 undique
1401 2951 1635 3020 magnis.
1864 2926 1909 2986 (ί
1945 2949 2060 3002 suis
2113 2957 2474 3003 conversatus
2503 2958 2626 3016 est;
2662 2952 2803 3006 sicut
2837 2953 2887 3006 in
2935 2956 3291 3026 sequentibus
3341 2961 3530 3027 expla-

245 3041 410 3096 Tunc
434 3043 532 3095 luit
557 3044 645 3097 hic
669 3044 920 3104 mundus,
953 3029 1095 3112 quod
1131 3043 1335 3113 sprevit
1376 3053 1520 3097 recta
1547 3041 1835 3114 malignus.
1941 3041 2101 3094 nabo.
2137 3039 2246 3094 Pia:
2270 3041 2551 3110 genitricis
2593 3057 2703 3096 sua:
2752 3043 3036 3112 instinctu,
3068 3047 3223 3114 cujus
3255 3050 3526 3119 guberna-
3601 3055 3610 3060 ’

245 3132 444 3187 L'ltrici
491 3134 669 3204 gladio
700 3137 982 3204 perierunt
1010 3137 1245 3205 plurima
1277 3150 1465 3200 regno.
1942 3131 2061 3187 cula
2103 3131 2340 3200 vigebat,
2386 3132 2696 3188 Miminlevo
2754 3135 2845 3199 ³⁵⁸,
2891 3136 2981 3190 ubi
3015 3146 3175 3208 pater
3205 3153 3339 3195 suus
3365 3141 3524 3204 obiit,

244 3223 406 3277 Nulla
433 3235 581 3294 patet
606 3228 761 3281 nobis
791 3229 1105 3283 certissima
1139 3243 1328 3291 causa,
1360 3229 1555 3298 peritis
1937 3226 2089 3295 justo
2147 3224 2438 3293 acquisivit
2510 3227 2831 3289 concanbio,
2892 3228 3242 3300 decimasque
3286 3247 3408 3301 quae
3459 3235 3526 3288 ad

243 3315 476 3368 (iunctis
505 3317 808 3380 estvisnm,
843 3318 1143 3388 Mersburgi
1174 3318 1350 3374 flebile
1388 3320 1643 3374 damnum
1945 3314 2298 3370 l-lerevesfeld
2367 3316 2437 3348 ⁸⁵⁷
2510 3319 2896 3388 pertinebant;
2958 3331 3014 3376 et
3061 3327 3408 3394 congregatis
3460 3327 3531 3380 itu

248 3405 328 3457 lix
369 3419 477 3472 quo
512 3407 788 3472 sustinuit,
835 3410 980 3478 quod
1011 3424 1116 3479 pax
1149 3410 1239 3478 pia
1269 3410 1429 3481 longe
1459 3411 1687 3466 recessit
1946 3410 2253 3472 monachis,
2312 3410 2540 3464 liberam
2590 3411 2722 3466 fecit
2775 3413 3084 3478 abbaciam,
3143 3417 3394 3486 datisque
3431 3419 3537 3472 sibi

244 3494 530 3551 Fiuibuse
561 3498 784 3564 nostris,
822 3499 930 3555 late
964 3502 1303 3572 reguabatet
1333 3501 1524 3557 hostis.
1949 3501 2110 3556 rebus
2159 3503 2515 3567 necessariis,
2575 3504 2876 3573 apostolico
2917 3507 3264 3562 conﬁrmavit
3315 3511 3546 3578 privile'

245 3587 387 3651 Quis
425 3587 562 3640 valet
590 3586 741 3642 effari
765 3591 965 3645 scviret
996 3601 1055 3645 ut
1098 3592 1198 3646 iste
1227 3592 1434 3646 crudeli
1947 3594 3312 3669 gio'"(555).!tisuperlicentiamarchiepiscopum
3334 3601 3541 3669 eligen—

247 3677 494 3741 Funere,
529 3693 652 3732 cum
681 3679 882 3736 Christi
916 3682 1131 3751 templis
1163 3699 1261 3738 nec
1289 3691 1542 3752 parceret
1567 3683 1730 3737 almi?
1947 3688 2001 3742 di
2035 3687 2406 3742 confratribus
2458 3688 2570 3743 lteo
2621 3689 3011 3744 famulantibns
3063 3693 3425 3763 Magadaburg
3470 3695 3539 3728 ³η

245 3776 548 3843 Congressi
577 3778 1098 3832 Inutuoceciderunt
1137 3788 1300 3848 atque
1328 3777 1527 3832 duello.
1945 3789 2203 3847 precepto
2253 3779 2503 3846 inperiali
2584 3788 2834 3848 presente
2904 3781 3317 3853 archiepiscopo
3379 3785 3533 3839 dedit

246 3865 330 3918 lix
362 3865 566 3917 nostris
589 3866 764 3933 multi,
793 3867 1083 3921 Saracenis
1121 3867 1428 3937 exuperati.
1953 3864 2293 3922 Aithclbérlo
2343 3867 2437 3929 ⁸⁸⁸.
2480 3877 2536 3923 et
2585 3869 2735 3939 (544)
2789 3883 2912 3924 cum
2971 3885 3079 3923 uno
3130 3872 3290 3939 libro,
3323 3873 3415 3941 qui
3469 3874 3535 3905 ³⁶¹

246 3956 401 4008 Vere
433 3954 634 4018 felices,
663 3958 753 4026 qui
785 3959 1060 4013 Christum
1095 3974 1312 4030 seraper
1341 3969 1589 4014 amantes
1949 3960 2112 4014 hodie
2143 3959 2337 4014 ibidem
2388 3969 2492 4024 est,
2521 3959 2572 4014 in
2605 3976 2712 4030 quo
2743 3976 2842 4016 sua
2876 3962 3332 4033 inperatricisquc
3362 3965 3539 4020 Theu-

245 4043 591 4111 Tranquillm
614 4047 762 4114 pacis
795 4054 1036 4102 retinent
1066 4058 1272 4117 optata,
1309 4049 1520 4102 timoris
1951 4050 2130 4118 phanu
2159 4049 2336 4117 imago
2360 4065 2492 4116 auro
2515 4050 2760 4120 splendet
2789 4049 3039 4112 formata,
3069 4069 3264 4107 muuus
3288 4052 3533 4109 afﬁrma-

245 4137 526 4191 anditus
555 4138 720 4208 ignari
750 4141 1018 4210 pulsantis
1043 4141 1206 4195 corda
1235 4140 1483 4210 maligni,
1952 4140 2047 4192 vit.
2079 4138 2231 4205 Quod
2255 4140 2427 4208 gratia
2453 4140 2658 4194 cesaris
2697 4149 2752 4194 et
2789 4141 2840 4194 in
2873 4143 3144 4210 presentia
3202 4145 3317 4213 ejus
3348 4148 3536 4200 archi-

246 4227 387 4281 l’lns
418 4243 580 4296 quam
608 4232 839 4284 tricenos
865 4232 956 4302 qui
993 4247 1135 4285 lltlllC
1165 4233 1478 4286 turbaverat
1507 4247 1680 4286 annos
1952 4231 2263 4299 episc0pus,
2318 4241 2644 4301 preparatus
2709 4231 2775 4283 ad
2827 4233 3069 4294 missam,
3114 4247 3233 4286 cum
3293 4236 3540 4304 perlecta

251 4321 656 4376 Antecessorcs
687 4332 924 4386 nostros,
956 4332 1031 4388 et,
1059 4339 1156 4392 pro
1187 4324 1343 4379 dolor
1373 4325 1384 4377 !
1423 4328 1607 4380 hostes
1879 4306 1925 4363 D
1955 4321 2238 4391 evangelio
2268 4338 2418 4377 more
2453 4323 2613 4377 solito
2657 4323 2860 4392 optime
2910 4326 3266 4393 predicasset,
3301 4328 3534 4382 recitato

245 4414 530 4477 Armavit,
561 4425 770 4471 nostras
811 4433 1032 4487 quoque
1083 4433 1223 4471 llllllC
1280 4418 1579 4489 infringere
1640 4430 1840 4473 terras.
1949 4427 2132 4468 coram
2165 4424 2419 4484 preci-pte
2463 4415 2730 4483 inperiali,
2773 4416 2835 4482 (f.
2869 4416 2980 4485 51⁸)
3011 4402 3117 4485 quo
3159 4417 3369 4474 eleccio
3398 4435 3536 4475 con-

244 4501 358 4569 Qui
389 4501 558 4556 cmlos
605 4507 764 4560 terris
794 4507 1111 4575 conjuncxit
1140 4507 1238 4570 ⁸⁵⁸,
1269 4517 1430 4576 ponat
1461 4518 1518 4562 ut
1548 4509 1667 4563 istis
1957 4505 2251 4570 tincbatur,
2283 4508 2541 4568 ostendit,
2568 4507 2952 4576 eumdcutque,
3001 4509 3331 4580 quicumque
3363 4522 3534 4567 teme-

247 4597 449 4650 l’iuem
490 4599 783 4666 suppliciis,
809 4609 960 4669 optet
991 4601 1146 4654 modo
1169 4602 1400 4670 quisque
1432 4601 1625 4656 ﬁdelis.
1957 4596 2135 4650 rarius
2183 4596 2286 4651 hoc
2341 4611 2599 4666 umquam
2660 4594 2888 4650 auderet
2948 4597 3268 4666 infringere.
3315 4602 3542 4654 terribili

327 4691 382 4742 1.
429 4687 490 4759 (f.
527 4689 616 4758 51)
655 4689 876 4747 Tercius
921 4694 1068 4762 regni
1119 4701 1438 4762 procurator
1490 4695 1688 4757 nostri,
1717 4693 1847 4748 Otto
1957 4688 2524 4744 excommunicatione
2581 4688 2880 4750 damnavit,
2947 4690 3162 4742 cunctis
3207 4706 3542 4760 prosequen-

243 4781 551 4845 sccundus,
603 4781 672 4834 sit
727 4780 974 4837 codicelli
1026 4785 1280 4839 materies
1315 4783 1414 4835 mci
1454 4802 1469 4848 ;
1514 4783 1846 4854 quijuveuis
1957 4782 2100 4834 tibus
2157 4779 2370 4834 Amen!
2411 4780 2502 4847 fiat
2537 4780 2556 4832 .'
2607 4779 2749 4846 ﬁat!
2807 4779 3186 4834 consolidavit.
3239 4781 3542 4853 Paupcrem

1572 4895 1804 4951 VARI/IS
1859 4894 2264 4952 LECTIONES.

326 5011 400 5042 ³³³
450 5018 521 5061 et.
549 5019 603 5063 cl.
643 5011 723 5063 1η.
798 5011 868 5043 ³⁵⁸
897 5007 1246 5068 conclaudam
1298 5011 1379 5063 ia.
1464 5016 1533 5051 3"7
1583 5010 1695 5065 Vox
1717 5013 1859 5066 haud
1890 5030 2040 5065 erasa
2071 5011 2123 5063 in
2153 5025 2271 5068 (ad.
2304 5013 2352 5064 'l.
2379 5019 2544 5063 exstat
2569 5008 2709 5077 apud
2735 5006 2800 5059 Α.
2832 5007 2888 5060 S.
2971 5006 3040 5077 ’33
3073 5007 3171 5060 hac
3226 5008 3275 5058 1.
3359 5013 3427 5043 ³³⁵9
3465 5025 3558 5064 ve-

249 5083 432 5128 ridica
481 5081 560 5128 lc.
637 5079 700 5111 ³⁸⁰
730 5080 1038 5128 mmmissis
1073 5083 1117 5128 1.
1231 5080 1294 5111 ³⁸³
1327 5082 1552 5128 ἰιιηιιιηα
1589 5085 1641 5128 1.
1690 5083 1826 5128 lium
1859 5099 2015 5128 suem
2046 5097 2076 5128 ιι
2104 5097 2275 5128 ιιι-πλη.
2359 5082 2425 5113 ³⁵⁵
2460 5081 2524 5128 ad
2552 5075 2610 5128 1.
2639 5085 2806 5128 (rores
2841 5077 2930 5128 Dei
2980 5075 3160 5128 Patris
3186 5094 3357 5128 crasrr
3389 5085 3556 5128 muli.
