4042 5300
573 221 676 276 227
1455 220 1833 281 THIETMARI
1870 222 2496 284 MERSEBURGENSIS
2537 222 2838 287 EPISCOPI

3650 242 3784 301 £228

535 341 713 396 adhuc
768 336 1134 414 episcopatum
1172 337 1672 411 Merseburgensem
1718 340 1961 413 largillna
1995 342 2107 412 pie~
2139 373 2182 432 Α
2211 340 2584 411 obstupefacta
2615 342 2831 412 talibus,
2875 344 3014 402 lideli
3052 362 3112 404 se
3146 344 3361 405 silentio
3379 346 3505 409 ’ha‘rc
3540 358 3785 425 promisit

538 444 646 491 tate
672 434 931 506 respexit,
960 439 1017 488 et
1050 429 1168 501 ejus
1200 431 1468 501 proiisori
1525 432 1783 499 Gisilero,
1812 434 1936 503 quia
1966 434 2109 491 hunc

533 524 765 581 multum
798 523 1084 590 dilexerat,
1116 523 1292 592 primo
1321 521 1604 578 abbaciam
1631 524 1685 578 in
1709 522 1907 579 Palithi
1932 524 2107 596 (545).

531 614 659 672 dein
695 616 763 647 '"
803 614 1106 671 Suencuam
1148 613 1298 685 (546)
1351 613 1624 669 civitatem
1683 629 1807 670 cum
1864 616 2110 686 apperti-

534 704 792 760 nentibus
847 703 1061 760 cunctis
1118 704 1186 757 ad
1235 688 1555 759 servitutem
1604 703 1779 758 sancti
1842 702 2109 759 Johannis

532 797 782 867 baptista:
805 796 1048 863 tradidit,
1069 805 1125 851 et
1144 795 1403 866 quicquid
1428 794 1895 867 Merseburgensis
1917 809 2107 852 murus

531 889 774 944 continet
824 889 995 954 urbis,
1055 903 1178 944 cum
1237 886 1424 943 Judeis
1471 897 1528 944 et
1579 888 1998 950 mercatoribus,
2042 902 2107 944 ac

531 978 602 1013 ⁸⁸³
633 988 847 1035 moneta
877 988 933 1034 et
976 978 1181 1034 foresto
1214 980 1357 1034 inter
1376 978 1557 1034 Salmu
1582 994 1646 1034 ac
1677 979 1889 1033 Mihlam
1917 978 2107 1037 ﬂuvios

524 1056 584 1125 vet
614 1071 813 1127 Siusuli
868 1080 1031 1141 atque
1071 1070 1238 1126 Plisni
1281 1088 1447 1143 pagos
1470 1072 1671 1142 jacenti
1703 1071 1874 1144 (547),
1903 1071 2104 1127 Chorin

530 1162 679 1234 (348)
709 1173 764 1218 ct
790 1162 1100 1227 Niriechua,
1132 1163 1341 1217 Bucithi
1373 1171 1428 1217 et
1468 1162 1684 1234 Cothug
1728 1179 1795 1219 ac
1841 1163 2104 1219 Borintizi

530 1266 588 1312 et
631 1256 919 1327 Gunthorp
979 1255 1049 1288 '“
1090 1255 1356 1327 permisit,
1410 1256 1460 1311 ei
1510 1256 1625 1312 haec
1679 1256 1750 1330 "f
1800 1256 1983 1312 omnia
2030 1254 2102 1290 “'

528 1350 752 1421 scriptis
778 1366 939 1404 manu
961 1349 1177 1419 propria
1198 1348 1571 1404 conroboratis
1585 1347 1879 1405 alIirmans.

594 1443 649 1497 2.
690 1442 908 1499 Interim
938 1440 1103 1509 Gero,
1131 1440 1406 1512 Agripime
1441 1440 1588 1496 sedis
1616 1442 1866 1512 egregius
1886 1439 1962 1473 ³⁸⁸
1982 1455 2105 1511 pro.

520 1534 696 1600 visor,
736 1534 869 1589 obiit
916 1532 1064 1605 (569)
1119 1530 1234 1604 [απ.
1275 1529 1434 1603 975];
1494 1532 1561 1586 de
1607 1545 1714 1599 quo
1760 1531 1883 1600 quia
1929 1545 2102 1601 pauca

531 1625 805 1690 crclibavi,
841 1640 961 1695 quae
1004 1633 1134 1679 tunc
1178 1622 1473 1687 reservavi,
1505 1622 1691 1694 paucis
1730 1622 1961 1677 edicam.
2002 1621 2103 1679 Hic

519 1720 866 1790 prucilixum,
904 1717 1048 1790 quod
1092 1733 1237 1773 nunc
1277 1725 1387 1772 stat
1416 1717 1485 1749 ³⁸⁵
1531 1717 1583 1771 ἰη
1625 1716 1828 1781 media,
1860 1716 1951 1771 ubi
1985 1717 2098 1786 ipse
2131 1737 2173 1797 Β

522 1822 738 1882 pausat,
766 1813 834 1845 “‘
870 1812 1135 1876 accclesia,
1160 1826 1226 1865 ex
1259 1810 1402 1881 ligno
1430 1810 1671 1866 studiose
1703 1808 1958 1865 fabricari
1980 1802 2098 1882 pre-

521 1905 684 1976 cepit.
728 1902 896 1973 Hujus
930 1913 1093 1974 caput
1132 1904 1255 1958 dum
1284 1902 1467 1957 ﬁssum
1504 1903 1733 1968 videret,
1766 1903 1869 1957 hoc
1901 1901 2097 1957 summi

519 1994 746 2050 artificis
773 2006 828 2049 et
865 1994 986 2049 ideo
1016 1992 1303 2049 salubriori
1335 1993 1575 2049 remedio
1596 1992 1668 2046 nil
1699 1992 1766 2047 de
1790 2007 1851 2048 se
1882 1990 1951 2024 ³⁸⁷
1974 2007 2097 2063 pre-

519 2088 1072 2144 sumeussiccuravit.
1089 2085 1349 2142 Dominici
1365 2086 1610 2156 corporis
1626 2086 1962 2156 porcionem,
1974 2086 2098 2141 uni-

427 2226 435 2232 .
518 2195 643 2236 cum
666 2179 718 2234 in
743 2180 952 2235 cunctis
989 2179 1059 2211 ³⁸³
1080 2179 1496 2235 necessitatibus
1514 2178 1864 2244 solacium,et
1883 2188 2094 2248 partem

518 2288 680 2328 unam
720 2273 995 2329 salutifero
1023 2272 1200 2328 crucis
1228 2272 1560 2343 conjungens
1585 2268 1760 2341 posuit
1786 2273 1839 2326 in
1872 2272 2090 2340 rimam,

516 2374 571 2421 et
599 2373 903 2436 prostratus
932 2380 1126 2420 nomen
1157 2364 1365 2418 Domini
1394 2361 1644 2419 ﬂebiliter
1669 2363 1730 2436 (l'.
1754 2360 1845 2435 55)
1875 2363 2095 2420 invoca-

516 2457 615 2523 vit,
666 2464 723 2512 et
773 2470 1003 2526 surgens
1056 2453 1244 2509 humili
1295 2453 1675 2509 benediccione
1722 2454 2091 2525 integritatem

514 2548 835 2619 promeruit.
863 2548 914 2604 ls
940 2547 1064 2602 dum
1101 2546 1358 2617 capellam
1396 2546 1542 2602 clara
1572 2547 1686 2617 jam
1713 2545 1832 2602 luce
1861 2547 2091 2603 intraret

513 2658 689 2707 suam,
725 2641 997 2697 Victorem
1029 2650 1302 2706 sanctum,
1335 2649 1393 2693 ut
1420 2641 1533 2695 suis
1561 2648 1680 2710 post
1721 2639 1991 2694 intimavit
2026 2639 2091 2693 li-

513 2732 745 2795 dclibus,
770 2749 890 2787 cum
919 2731 1111 2787 sabulo
1136 2730 1281 2801 (350)
1310 2730 1656 2786 dimicantem
1677 2739 1839 2801 atque
1866 2731 2091 2786 vincen-

516 2832 626 2877 tem
684 2821 836 2876 vidit.
885 2820 1054 2890 Hujus
1096 2823 1301 2877 obitum
1356 2822 1569 2877 cuidam
1620 2821 1906 2876 abbatissa:
1947 2821 2089 2879 Ger-

454 2904 457 2905 V
513 2914 710 2986 bergm,
748 2913 837 2962 ,³⁸⁸
902 2929 1064 2985 quam
1122 2922 1343 2983 propter
1405 2913 1709 2968 castitatem
1773 2914 1975 2970 mentis
2032 2922 2090 2969 et

511 3006 756 3077 corporis
809 3005 952 3061 idem
1001 3004 1226 3059 multum
1275 3002 1560 3067 dilexerat,
1614 3018 1907 3076 secumque
1958 3020 2088 3075 sepe

2210 434 2462 490 onmibus
2502 436 2793 493 occultare.
2835 436 2961 494 Hcce
2999 455 3122 496 cum
3156 442 3387 498 eun'lcm
3423 447 3636 501 videret
3664 464 3788 503 ενι·

2211 538 2452 590 nescere,
2481 526 2690 581 directo
2712 543 2833 581 mox
2857 528 3070 594 itinere,
3100 532 3516 603 archiepiscopo
3533 536 3786 593 universa

2210 615 2475 670 narravit.
2507 615 2659 682 Quod
2690 616 2934 673 diabolus
2965 620 3287 691 intelligens,
3330 626 3383 677 in
3418 633 3634 680 tantum
3667 643 3786 683 eam

2208 704 2424 769 cecidit,
2443 714 2501 759 ut
2526 714 2646 775 post
2668 704 2728 777 (Γ.
2752 706 2861 778 35')
2889 708 3203 766 innumeros
3229 713 3297 746 π’
3319 713 3434 768 dies
3456 716 3629 770 vitam
3653 716 3790 774 hanc

2209 792 2454 865 fragilem
2484 796 2591 850 vita
2620 804 2856 852 mutaret
2875 810 3098 854 aeterna.
3121 801 3586 876 Archiepiscopus
3608 817 3789 863 autem

2209 886 2264 941 in
2294 888 2383 942 die
2418 889 2784 960 dispositionis
2806 891 2924 962 ejus
2954 894 3173 948 missam
3202 896 3505 952 celebrans.
3536 902 3789 955 meritum

2208 976 2326 1047 ejus
2375 980 2584 1033 cunctis
2633 981 2939 1037 astantibus
3006 982 3235 1049 indixit,
3285 986 3791 1060 itnlulgentiamque

2207 1073 2257 1125 ei
2288 1071 2355 1127 ab
2385 1073 2469 1127 his
2506 1075 2814 1144 postulavit,
2846 1085 2899 1132 et
2929 1077 3044 1147 ipse
3073 1077 3222 1133 fecit.
3252 1078 3383 1134 Post
3418 1084 3537 1137 haec
3560 1082 3791 1138 inﬁrmi-

2209 1164 2570 1233 tatepredicta
2594 1176 2872 1235 gravatus,
2895 1182 2953 1223 se
2974 1168 3254 1240 Evurgero
3276 1170 3344 1203 ³⁷³
3365 1172 3787 1228 custodiendum

2204 1256 2497 1310 commisit.
2521 1255 2623 1323 Qui
2653 1260 2882 1314 eundem
2904 1261 3018 1316 acri
3041 1262 3228 1317 dolore
3250 1263 3606 1335 defatigatum
3635 1268 3789 1336 quasi

2204 1354 2475 1398 mortuum
2502 1343 2693 1413 lavari,
2721 1345 3032 1419 feretroque
3051 1350 3361 1419 impositum
3388 1355 3459 1408 ad
3480 1355 3788 1411 :ecclesiam

2203 1435 2429 1505 portari,
2458 1448 2783 1510 posteraque
2812 1442 2900 1497 die
2927 1442 3143 1512 sepeliri
3172 1443 3354 1513 jussit.
3388 1446 3516 1511 Hic,
3552 1457 3614 1502 ut
3642 1450 3792 1504 aiunt

2202 1530 2403 1600 populi,
2448 1531 2615 1586 tercia
2665 1541 2824 1589 nocte
2865 1535 3021 1603 quasi
3061 1535 3128 1590 de
3158 1536 3310 1607 gravi
3358 1553 3557 1593 somno
3590 1556 3788 1610 exper-

2202 1619 2436 1690 giscens,
2469 1620 2677 1675 audivit
2710 1635 2994 1679 sonantem
3031 1640 3375 1696 campanam,
3418 1637 3476 1683 et
3504 1639 3569 1684 ut
3602 1632 3787 1699 aperi-

2202 1719 2323 1765 rent
2351 1711 2401 1766 ei
2427 1711 2709 1779 velociter,
2733 1721 2885 1769 terna
2900 1715 3305 1772 exclamacione
3330 1721 3567 1790 rogavit.
3592 1718 3788 1776 Obstu-

2201 1801 2448 1869 pel‘actus
2479 1802 2523 1857 is
2543 1802 2637 1872 qui
2669 1803 2893 1878 audivit,
2935 1805 3270 1876 Evurgerum
3298 1791 3575 1878 prefatum
3606 1822 3787 1867 casto.

2199 1889 2319 1944 dem
2356 1891 2636 1958 tecclesiie,
2689 1872 2761 1947 ut,
2790 1894 3044 1966 episcopo
3091 1896 3375 1975 laboranti
3408 1913 3787 1966 succurreret,

2199 1980 2581 2052 interpellavit.
2609 1983 2709 2051 Qui
2742 1986 2975 2041 eundem
3006 2004 3104 2058 per
3139 1991 3319 2045 omnia
3362 1990 3537 2049 fuisse
3579 1998 3787 2049 menti-

2199 2082 2311 2128 tum
2367 2073 2664 2142 alﬁrmans,
2727 2093 2925 2147 magno
2975 2082 3245 2148 percussit
3300 2083 3537 2152 baculo;
3599 2087 3789 2157 sicque

2195 2165 2403 2236 quievit
2450 2166 2586 2223 divze
2632 2169 2814 2240 presul
2863 2174 3137 2229 memoria:
3187 2174 3222 2228 5
3296 2174 3573 2232 Kalendas
3630 2177 3784 2234 Julii.

2193 2257 2460 2328 Apparuit
2488 2268 2669 2315 autem
2719 2262 2765 2316 is
2815 2261 2888 2293 “'
2928 2279 3052 2319 mox
3098 2264 3350 2322 Liudull‘o
3390 2268 3579 2324 abbati
3633 2271 3787 2341 (551)

2194 2350 2379 2405 dicens
2410 2368 2425 2405 :
2462 2349 2704 2419 Requiem
2738 2362 2972 2411 eternam
3002 2357 3147 2412 nobis
3183 2360 3426 2413 cantate!
3464 2370 3527 2415 et
3560 2366 3783 2418 evanuit

2193 2441 2261 2496 ab
2301 2441 2473 2497 oculis
2517 2443 2652 2514 ejus.
2720 2444 2889 2517 Hujus
2938 2447 3049 2506 vice
3106 2449 3362 2506 Warinus
3407 2452 3690 2510 cleccione
3727 2468 3782 2511 et

2193 2530 2525 2600 inperatorio
2552 2549 2774 2591 nmnere
2803 2540 3047 2607 protinus
3078 2540 3318 2610 ungitur.

2262 2622 2315 2678 ὅ.
2356 2626 2514 2683 Anno
2547 2630 2711 2684 medii
2758 2629 2973 2688 Ottonis
3003 2633 3037 2687 2
3066 2633 3237 2704 (974).
3270 2634 3563 2692 Heinricus
3604 2639 3777 2711 (552),

2192 2718 2595 2777 Bawaricorum
2623 2724 2754 2790 dux,
2785 2735 2977 2795 captus
3015 2736 3117 2791 est,
3151 2737 3209 2783 et
3233 2728 3301 2783 ad
3340 2726 3578 2784 Gilhiem
3624 2732 3774 2802 (555)

2192 2808 2456 2866 deductus
2506 2820 2664 2867 caute
2732 2816 3058 2871 custoditur.
3109 2817 3167 2872 In
3228 2819 3330 2873 hoc
3375 2834 3524 2873 anno
3581 2821 3775 2877 hiemis

2192 2901 2457 2969 asperitas
2486 2901 2640 2972 longa
2674 2902 2776 2958 fuit
2803 2914 2860 2960 et
2889 2907 3062 2972 sicca,
3094 2915 3148 2962 et
3175 2924 3367 2979 magna
3399 2910 3493 2963 nis
3544 2908 3771 2966 edundi-

2194 2999 2280 3045 tttr
2306 2992 2521 3047 coalitus
2544 2993 2637 3048 ³⁷⁸.
2667 2994 2728 3065 (f.
2759 2994 2849 3066 56)
2874 2996 3004 3052 975ο
3031 2998 3243 3055 Mortuo
3261 3015 3479 3072 quoque
3512 3003 3768 3070 ltoberto,

511 3099 763 3163 detinuit,
798 3096 1041 3151 diabolus
1081 3097 1344 3151 bonorum
1387 3094 1603 3151 invidus
1636 3096 1878 3151 omnium
1946 3095 2087 3151 sicut

2196 3081 2512 3153 Magontiuze
2554 3087 2699 3143 sedis
2747 3088 3139 3159 archipresule,
3186 3092 3461 3162 inperator
3495 3097 3767 3150 cancella-

511 3190 663 3258 prius
694 3189 765 3221 ’το
799 3187 1008 3245 solebat
1059 3187 1112 3243 in
1149 3188 1360 3249 ceteris,
1401 3188 1637 3257 prodidit
1681 3203 1696 3241 :
1751 3188 1945 3243 Vellem
1992 3188 2085 3242 tibi

510 3296 685 3335 meum
716 3281 918 3349 aperire
946 3289 1219 3343 secretum,
1248 3278 1300 3331 ni
1330 3287 1380 3331 te
1402 3278 1588 3331 scirem
1618 3287 1804 3332 cuncta
1835 3278 2085 3333 hactenus

512 3387 796 3436 numquam
838 3370 1115 3426 servavisse
1150 3369 1446 3422 commissa.
1488 3369 1594 3424 Sed
1634 3370 1679 3423 si
1715 3369 1941 3439 ﬁdeliter
1986 3372 2085 3425 hoc

511 3460 775 3517 continere
798 3462 925 3517 mihi
956 3460 1235 3532 promittis,
1261 3476 1323 3515 ea
1351 3461 1467 3514 dico
1499 3462 1698 3515 ratione
1723 3460 1817 3527 ³⁷⁸,
1845 3465 2087 3532 quando-

511 3570 729 3624 cumque
756 3554 914 3609 alicui
941 3555 1013 3609 vis
1048 3553 1269 3623 aperire,
1299 3552 1455 3606 vitam
1494 3551 1587 3605 tibi
1628 3568 1709 3606 me
1742 3570 1847 3608 non
1879 3553 2083 3610 dubites

509 3645 712 3700 tollere.
754 3643 907 3709 Gero,
955 3656 1077 3698 tuus
1118 3642 1425 3713 familiaris,
1462 3643 1518 3697 in
1563 3644 1659 3697 hoc
1701 3661 1840 3699 anno
1882 3654 2085 3701 tantam

508 3738 702 3792 incidet
745 3737 1099 3806 inﬁrmitatem
1136 3746 1239 3789 tres
1273 3735 1406 3798 dies,
1446 3745 1503 3788 ut
1537 3747 1775 3791 mortuus
1805 3741 2083 3807 credatur;

507 3838 555 3882 et
578 3829 623 3883 si
650 3827 715 3882 ab
744 3826 920 3897 aliqua
946 3827 1043 3880 hoc
1070 3826 1305 3895 spacium
1337 3827 1649 3892 custoditur,
1683 3826 1788 3881 tale
1809 3838 1972 3897 potest
1997 3846 2080 3884 se-

507 3933 667 3972 curus
688 3919 905 3971 evadere
928 3915 1236 3985 periculum.
1276 3914 1383 3970 Sed
1424 3915 1617 3970 aneilla
1647 3917 1871 3981 Christi.
1900 3920 2082 3976 verbis

2192 3175 2331 3229 riqu
2366 3177 2564 3233 suimet
2594 3180 2811 3235 nomine
2848 3181 3174 3253 Willigisum
3214 3185 3385 3255 (554),
3432 3187 3626 3243 multis
3663 3190 3764 3245 hoc

2188 3266 2258 3319 ob
2280 3266 2539 3337 vilitatem
2567 3269 2650 3324 sui
2687 3272 2906 3341 generis
2942 3276 3363 3343 rennuentibus,
3388 3278 3569 3333 eidem
3592 3280 3766 3349 (ποῖος

2189 3356 2262 3411 cit
2294 3358 2574 3431 mcclesiw.
2622 3360 2839 3418 Sciebat
2875 3366 3042 3431 enim,
3065 3366 3226 3424 Petro
3259 3378 3577 3435 attestante,
3623 3375 3766 3443 quod

2187 3469 2292 3508 non
2316 3465 2397 3511 est
2429 3472 2781 3527 personarum
2805 3473 3054 3533 acceptor
3079 3463 3222 3520 Deus
3251 3465 3394 3535 (Act.
3428 3482 3483 3531 ι,
3520 3467 3637 3538 δι).
3670 3469 3764 3523 sed

2189 3560 2379 3600 omnes
2405 3561 2465 3601 se
2498 3561 2565 3601 ex
2591 3549 2755 3604 corde
2782 3551 3068 3622 diligentes
3097 3568 3195 3624 pre
3224 3555 3438 3611 caeteris
3466 3567 3640 3621 amat,
3682 3560 3761 3613 in-

2189 3637 2645 3706 conprehensibili
2675 3640 2877 3697 honore
2903 3657 3272 3701 remunerans.
3307 3644 3555 3713 Qualiter
3583 3657 3759 3702 autem

2187 3726 2330 3782 hiante
2356 3739 2624 3798 pastorem
2660 3730 2895 3786 futurum
2931 3735 3110 3790 divina
3143 3738 3313 3806 pietas
3341 3738 3756 3808 presignaverit,

2188 3833 2293 3873 non
2317 3831 2397 3874 est
2423 3821 2707 3875 silendum.
2734 3821 2903 3893 llujus
2924 3837 3117 3891 mater,
3142 3830 3387 3895 quamvis
3406 3832 3754 3899 paupercula,

2187 3916 2388 3974 tamen,
2420 3918 2479 3964 ut
2508 3911 2561 3966 iu
2598 3916 2944 3981 sequentibus
2978 3926 3220 3986 apparet,
3260 3919 3422 3985 bona,
3454 3921 3587 3974 dum
3625 3936 3753 3976 eua-

1819 4008 2069 4064 vanm
2090 4004 2522 4073 LECTIONES.’

576 4099 844 4190 “'Iprimo
869 4128 939 4139 —-
966 4096 1088 4190 dein
1115 4096 1362 4190 πόλει).
1400 4096 1814 4190 η’ίὶἮε-ΨἌΑ.
1843 4096 1911 4190 :9“;
1942 4102 2172 4190 cumba.
2215 4105 2285 4139 '“
2322 4117 2377 4190 et
2421 4107 2706 4190 Gunthrpp
2729 4127 2844 4190 era_
2865 4112 3068 4190 sum__in
3101 4090 3251 4190 L'ea:
3299 4117 3359 4174 Α.
3403 4114 3465 4172 S.
3507 4120 3755 4190 supplevit

1073 4168 1373 4292 suae...
1400 4166 1686 4298 ῖςυξξεξξιε
1842 4168 1911 4293 :::
1930 4170 2077 4294 552::

2209 4178 2499 4247 suppletum
2528 4196 2593 4234 ea:
2620 4166 2771 4235 ΞῘΑ.
2805 4180 2866 4237 S.

2202 4284 2215 4298 .
2293 4246 2361 4279 ³⁷⁸
2402 4264 2599 4298 naucos
2642 4251 2709 4298 Δ.
2761 4249 2817 4298 S.
2849 4267 2866 4298 ε

1505 4306 1576 4339 ⁸η
1596 4307 1770 4395 Ἀπιηο
1798 4338 1869 4348 -
1888 4310 2103 4395 caelitus
2131 4317 2257 4368 add.
2292 4317 2375 4395 ib.
2402 4306 2603 4395 Iinima
2628 4323 2840 4395 pagina,
2873 4306 3027 4395 cujus
3331 4306 3754 4395 {Ennianis}

611 4241 883 4311 gerberga:
1075 4238 1256 4319 ita
1292 4237 1373 4319 lc.
1405 4238 1641 4319 pius-la.

507 4309 578 4341 ³⁷³
611 4307 870 4379 éuergcro
894 4311 996 4379 λε.
1039 4317 1086 4362 et
1134 4312 1208 4361 ita
1233 4307 1394 4375 infra.

2967 4183 3037 4215 ⁸⁸⁸
3073 4187 3256 4240 cuntis
3284 4203 3420 4240 corr.
3453 4183 3669 4246 cunctis
3706 4193 3753 4245 1.

2402 4264 2599 4316 paucos
2641 4251 2709 4303 A.
2761 4249 2817 4305 S.
2849 4267 2879 4304 a
2909 4251 3032 4307 97L
3079 4253 3275 4310 Chron.
3330 4256 3480 4311 Saxo
3530 4276 3584 4314 a.
3636 4262 3752 4316 9η.

505 4377 967 4445 θωυοριςχχνος
1000 4392 1150 4471 que‘m
1190 4392 1467 4471 nunterun‘t‘
1496 4386 1766 4471 pogtqttpm
1805 4381 2010 4447 scripsit
2051 4383 2158 4451 ipse
2187 4387 2366 4471 statim
2394 4377 2760 4470 extinxit'et'vin
2781 4377 3037 4471 sequentis
3060 4377 3501 4471 pagti'uessimma

540 4449 696 4512 osnit,
724 4459 843 4501 ante
871 4445 1039 4502 vocem
1087 4445 1316 4502 Mortuo.

551 4516 868 4573 CCCLXXV
889 4527 943 4572 et
966 4517 1129 4572 medii
1176 4526 1281 4571 etc.

1428 4444 1530 4502 Sed
1556 4444 1787 4502 2(illum
1819 4444 2090 4505 numerum
2117 4465 2230 4523 post
2279 4454 2431 4511 Anno
2464 4458 2634 4528 posuit
2676 4460 2749 4514 ita
2781 4472 2800 4512 .'
2846 4444 3753 4526 AunoVdomiiiiceminarii‘atizuis

2012 4610 2243 4668 NOTAE.

2012 4610 2057 4661 Ν
2229 4653 2243 4668 .

565 4699 713 4773 (διδ)
755 4700 957 4787 Puellae,
1013 4697 1322 4787 αιιηιξβξξι.
1386 4697 1671 4787 Septemb.
1717 4700 1831 4787 εξ.
1859 4699 1986 4783 Quo
2014 4610 2496 4787 Il?'ll;fpp-lpult_ﬂp
2542 4722 2727 4787 prope
2758 4707 3332 4787 Griniarn,_Poetsche
3374 4714 3521 4787 li_aud
3576 4718 3751 4787 procul

505 4769 803 4845 imperator
868 4771 1010 4845 hanc
1098 4769 1369 4824 abbatiam
1437 4771 1587 4824 dedit
1654 4772 2070 4845 archiepiscopo

503 4842 966 4913 blagdeburgensi.

593 4907 718 4982 3L6)
749 4907 1005 4967 Cbartam
1057 4909 1413 4982 imperatoris
1458 4908 1687 4982 Ottonis
1716 4907 1850 4982 dad.
1884 4911 2060 4967 Frosa

504 4978 629 5048 βπ,
691 4978 829 5051 Aug.
876 4983 966 5044 '50,
1018 4994 1180 5048 super
1234 4980 1524 5051 donatione
1562 4978 1829 5051 Acivitaljs
1885 4981 2065 5036 Zueu-

505 5046 677 5107 kouna
708 5054 760 5106 in
781 5046 1008 5129 regione
1036 5046 1247 5129 (bimuli
1282 5059 1335 5104 et
1360 5049 1692 5129 incomitata
1751 5046 2055 5129 Quriilherii

501 5122 719 5176 comitis
766 5118 1006 5176 ecclesia:
1056 5121 1113 5173 S.
1169 5119 1444 5173 Laurentii
1505 5118 1670 5181 facta,
1708 5118 1876 5173 edidit
1906 5120 1965 5174 L.
1998 5122 2060 5177 ι·“.

503 5191 547 5210 η
584 5191 687 5214 γε--
713 5192 762 5216 ε..
795 5189 1098 5224 σκηριηάιί
1149 5189 1234 5228 tua
1267 5186 1645 5238 At-nltivkunde
1672 5188 1714 5240 Ι.
1748 5201 1802 5240 D.
1836 5189 1958 5243 155.

2170 5137 2224 5192 p.
2265 5137 2355 5179 νδ.

2242 5192 2393 5256 (550)
2431 5192 2475 5249 ι.
2507 5208 2559 5249 e.
2586 5196 2822 5251 diabolo.
2857 5264 2870 5268 -

2180 4790 2210 4850 _a
2256 4774 2927 4850 ’MagdebornﬁGautsch
2988 4780 3226 4850 Lipsiam
3279 4793 3335 4838 et
3396 4774 3750 4842 Zvenc'oviatl

2174 4843 2622 4919 [uterja'censtet
2668 4850 2883 4903 tandem
2930 4843 3244 4919 oppidulum
3292 4854 3578 4911 Braudeis.
3625 4858 3746 4913 Uss.

2173 4912 2382 4997 gothug
2416 4916 2499 4970 vel
2528 4916 2763 4997 Gotovve
2783 4912 3150 4997 videtur-esse
3185 4922 3312 4977 villa
3342 4922 3555 4991 Katow,
3597 4912 3749 4997 vulgo

2168 4982 2548 5056 Kailau'prope
2582 4988 2991 5056 Lmbejuenum.
3020 4989 3181 5044 limo.

2240 5053 2390 5179 (3:9)
2428 5053 2571 5112 anno
2628 5053 2767 5123 975}
2831 5057 2892 5111 V.
2944 5060 3085 5115 Ann.
3143 5061 3528 5130 Colonienses,
3593 5072 3633 5118 ι.
3693 5063 3739 5126 Ι.

3552 5270 3651 5286 n--

3955 3676 3957 3743 l
