4042 5300
250 262 384 319 £229

1489 251 1898 312 CHRONICON.
1937 282 2005 291 -—-
2046 248 2172 304 LIB.
2215 246 2297 302 ill.

3329 301 3332 306 .
3387 248 3525 304 1250

251 377 370 431 dem
416 394 469 433 .n
511 386 669 434 utero
717 385 981 446 portaret,
1031 375 1162 430 vidit
1202 389 1299 445 per
1343 373 1639 430 somnium,
1690 369 1832 438 quod
1865 379 1910 435 Λ
1942 366 2064 420 ldus
2096 365 2278 420 Marcii
2305 363 2462 428 obiit,
2507 373 2559 418 et
2595 362 2718 431 Erp.
2756 364 3064 434 prepositus
3098 364 3408 420 Bremensis
3437 367 3526 421 in-

251 471 330 525 sol
359 487 390 526 e
430 474 554 528 sinu
589 471 658 502 "'
693 470 892 524 suimet
925 469 1134 540 fulgens
1164 477 1330 522 totam
1365 466 1531 521 radiis
1557 465 1841 518 ﬂamman-

253 565 398 616 tibus
432 561 668 630 repleret
702 571 926 616 terram.
961 560 1028 614 Et
1064 559 1116 612 in
1149 574 1212 612 ea
1253 567 1431 623 nocte,
1463 571 1570 625 qua
1612 556 1729 609 haec
1769 550 1838 583 ³⁷⁸

253 655 414 709 talent
450 655 662 726 peperit
707 653 990 713 infantem,
1032 651 1194 706 simili
1240 649 1626 721 procreacione
1665 655 1839 700 totum

251 747 357 800 hoc
387 745 716 812 jumentum,
749 746 889 814 quod
918 747 1032 815 ipsa
1058 745 1110 798 in
1141 745 1300 799 domo
1323 758 1416 797 sua
1445 741 1654 804 habuit,
1686 739 1839 809 quasi

251 837 710 908 gratulabundum
756 836 990 890 dominae
1040 836 1336 905 respondit.
1395 833 1510 896 Ille,
1571 831 1662 900 qui
1713 840 1843 883 tunc

253 935 416 980 natus
456 935 561 990 est,
598 925 681 980 sol
720 936 862 990 erat,
906 920 1031 994 quia
1071 935 1274 980 sanctae
1315 919 1702 994 predieationis
1732 932 1844 974 sua:

252 1017 422 1069 radiis
452 1019 617 1070 corda
651 1015 943 1069 multorum
967 1031 996 1068 a
1020 1014 1219 1068 Christi
1253 1013 1482 1067 caritate
1515 1009 1841 1080 torpentium

251 1109 452 1165 illuxit.
493 1109 558 1162 Et
588 1109 791 1163 idcirco
818 1109 870 1162 in
895 1107 1009 1176 ejus
1048 1107 1333 1161 nativitate
1364 1105 1648 1159 masculini
1682 1115 1844 1157 sexus

251 1199 520 1255 mirabilis
547 1197 1122 1268 mnltitudo‘gignitur,
1144 1196 1271 1264 quia
1298 1195 1378 1247 vir
1399 1193 1496 1248 Dei
1522 1195 1587 1246 ad
1612 1191 1842 1247 salutem

250 1291 444 1360 patria:
508 1290 672 1344 totius
724 1303 934 1344 summa
991 1287 1457 1358 predestinatione
1517 1297 1845 1354 regnaturus

251 1381 516 1434 exoritur.
564 1379 714 1433 Felix
758 1390 956 1442 mater,
999 1393 1162 1447 quam
1203 1377 1464 1430 Dominus
1513 1389 1608 1443 pre
1643 1373 1846 1427 ceteris

252 1470 752 1542 contemporalibus
782 1471 895 1525 suis
925 1471 977 1524 itt
1012 1479 1223 1524 tantum
1257 1468 1320 1537 (f.
1351 1466 1756 1543 56‘).visitavit,
1785 1474 1843 1519 ut

250 1565 462 1633 prolem
499 1563 858 1617 nobilioribus
893 1561 1211 1631 coeqnalcm
1246 1563 1328 1615 vel
1361 1561 1527 1615 etiam
1571 1557 1846 1613 nonnullis

252 1655 534 1709 meliorem
561 1663 801 1723 pareret,
830 1662 884 1708 et
904 1662 1136 1707 ostensa!
1162 1653 1264 1707 sibi
1291 1653 1519 1708 visionis
1545 1666 1695 1721 spem
1719 1665 1847 1704 ocu-

1942 457 2275 512 tercessione
2319 454 2630 525 Etheldagi
2671 454 2740 486 ⁸⁸⁸
2787 456 3175 525 archipresulis
3213 458 3524 513 ordinatur.

1943 545 2301 614 Temporibus
2327 543 2433 599 hiis
2458 557 2558 614 ego
2586 553 2745 599 natus
2765 557 2886 598 sum
2917 545 2950 600 8
2980 543 3250 600 Kalendas
3276 546 3526 617 Augusti,

1944 653 2130 690 mense
2156 634 2316 690 Jnlio.

2108 729 2266 782 Anno
2310 727 2378 759 ³⁸³
2416 742 2544 782 vero
2602 721 2896 782 Deminica:
2943 727 3342 784 lncarnationis
3399 728 3531 784 976°

1943 819 2253 885 Heinricus,
2281 821 2386 875 dux
2416 821 2809 885 Bawariorum,
2838 822 3042 876 honore
3065 831 3120 875 et
3147 824 3531 878 communione

1944 905 2208 982 privatus,
2271 910 2544 967 Boemiam
2598 910 2734 982 fugit
2785 911 2958 983 (560).
3017 911 3188 978 Quem
3255 913 3533 982 inperator

1947 1003 2144 1059 ibidem
2168 1004 2346 1059 valido
2373 1012 2562 1073 petens
2589 1004 2831 1059 exercitu
2859 1019 2982 1059 cum
3007 1005 3143 1059 dure
3166 1004 3439 1059 Boiizlavo
3463 1007 3533 1038 m

1946 1102 2281 1157 manentem,
2309 1094 2380 1149 nil
2409 1095 2481 1148 ibi
2509 1109 2733 1165 prorsus
2764 1095 2814 1149 in
2849 1105 3038 1150 neutro
3064 1096 3257 1151 horum
3281 1097 3533 1168 profecit.

1947 1189 2040 1243 sed
2079 1203 2327 1258 magnam
2361 1186 2734 1242 Bawariorum
2779 1196 3078 1252 catervam,
3129 1188 3231 1244 sibi
3272 1191 3340 1244 ad
3381 1192 3536 1245 auxi-

1948 1279 2077 1333 lium
2111 1281 2215 1334 huc
2243 1279 2570 1342 venientem,
2601 1288 2656 1333 et
2698 1277 2854 1348 juxta
2894 1280 3102 1335 Pilisini
3145 1281 3296 1353 (561)
3342 1286 3533 1338 urbem

1948 1378 2129 1423 castra
2171 1375 2456 1433 metatam,
2491 1367 2615 1423 dolo
2644 1368 2927 1440 cujusdam
2957 1369 3143 1425 militis
3171 1371 3428 1427 Bolizlavi
3457 1375 3538 1428 sie

1948 1459 2204 1530 perdidit.
2238 1459 2472 1528 Vespere
2511 1458 2676 1522 facto,
2722 1460 2954 1514 Bavvarii
3000 1475 3059 1515 se
3102 1461 3344 1517 lavantes
3380 1464 3527 1518 nulla

1949 1552 2234 1605 custodum
2259 1551 2549 1606 securitate
2577 1549 2861 1617 fruuntur;
2893 1561 2943 1606 et
2975 1567 3105 1608 ecce
3129 1555 3300 1610 hostis
3339 1557 3535 1612 lorica—

1953 1654 2040 1699 tus
2084 1644 2396 1707 adveniens,
2442 1645 2616 1700 nudos
2647 1645 2864 1700 eosdem
2898 1646 2950 1699 in
2985 1648 3234 1702 tentoriis
3262 1657 3317 1702 et
3356 1651 3409 1702 in
3451 1651 3536 1704 vi-

249 1740 319 1798 lis
357 1753 413 1798 et
455 1759 517 1800 re
562 1744 674 1815 ipsa
720 1758 902 1798 veram
947 1757 1068 1798 esse
1095 1744 1372 1814 probaret.
1413 1742 1520 1798 Sed
1555 1743 1672 1797 ιιωο
1712 1741 1845 1794 alias
1878 1733 1922 1796 B
1953 1739 2194 1794 rentibus
2223 1738 2393 1809 pratis
2419 1748 2774 1794 occurrentes
2811 1740 3124 1805 prostravit,
3155 1749 3208 1795 et
3239 1757 3360 1796 cum
3389 1745 3540 1798 omni

251 1837 395 1890 dico.

323 1925 378 1978 4.
421 1924 547 1997 (An.
599 1925 726 1996 974)
791 1924 1074 1997 lnperator
1128 1926 1197 1957 ⁸⁷⁷
1248 1924 1424 1994 prima
1493 1923 1847 1994 expedicione

252 2016 538 2072 Buschuth
567 2018 845 2072 civitatem
875 2018 1024 2088 cepit
1050 2017 1221 2088 (555).
1254 2017 1502 2072 Secunda
1534 2017 1711 2072 Danos
1741 2018 1844 2072 sibi

253 2107 486 2161 rebelles
517 2115 724 2177 petens,
754 2108 821 2162 ad
860 2106 1086 2162 Slesvvic
1125 2107 1435 2177 properavit
1465 2105 1537 2138 ³⁷⁸
1565 2105 1736 2174 (556).
1767 2106 1845 2161 lbi

253 2197 423 2251 etiam
475 2198 661 2252 hostes
715 2213 844 2253 suos
894 2198 1129 2262 foveam,
1180 2212 1300 2267 quae
1357 2196 1422 2250 ad
1474 2196 1844 2251 defensionem

251 2287 448 2356 patriae
472 2297 663 2356 parata
687 2287 756 2318 ³⁷⁸
780 2299 864 2342 est
890 2287 1062 2358 (557),
1091 2297 1149 2342 et
1175 2296 1410 2357 portam,
1437 2302 1557 2355 qtae
1583 2286 1849 2355 \Viegles-

254 2376 358 2430 dor
389 2374 459 2407 ³⁸⁸
505 2386 728 2431 vocatur
777 2377 948 2448 (558),
1000 2377 1170 2431 armis
1215 2391 1580 2447 preocenpare
1634 2377 1846 2436 videns.

253 2469 490 2524 consilio
538 2469 841 2526 Bernbardi
887 2470 1041 2525 ducis
1091 2479 1148 2524 et
1191 2469 1278 2523 avi
1333 2469 1556 2522 meimet
1603 2467 1844 2523 lleinrici

255 2562 475 2616 comitis
527 2577 720 2617 omnes
787 2567 888 2616 has
948 2562 1282 2616 munitiones
1346 2560 1578 2616 viriliter
1639 2575 1847 2632 exupe-

258 2659 348 2704 rat
382 2650 474 2704 3“.

329 2741 390 2796 In
433 2742 538 2797 hoc
586 2742 782 2798 itinere
822 2741 996 2812 prima
1041 2739 1197 2796 maiae
1235 2740 1503 2796 irrisionis
1533 2741 1588 2795 in
1618 2741 1850 2797 clericos

253 2836 589 2894 exclamatio
628 2837 914 2904 attollitur,
955 2847 1010 2892 et
1055 2854 1085 2889 a
1135 2836 1292 2890 nudis
1334 2836 1643 2891 hominibus
1687 2835 1849 2890 hodie

255 2946 532 2988 servatur.
563 2932 861 2988 Admodum
890 2932 1198 2987 miserabile
1223 2940 1328 2995 est,
1351 2947 1472 2986 cum
1496 2932 1699 3002 aliquid
1722 2931 1848 2986 boni

254 3039 289 3077 a
339 3022 502 3090 justis
548 3023 848 3088 inventum,
900 3023 952 3076 in
1002 3037 1100 3076 usu
1151 3022 1218 3076 ad
1268 3021 1538 3075 modicum
1593 3022 1845 3086 habetur,

1947 1830 2112 1899 preda
2145 1828 2298 1882 latus
2317 1836 2373 1883 et
2400 1828 2682 1883 incolomis
2713 1829 3023 1883 revertitur.
3051 1829 3332 1899 lnperator
3352 1847 3534 1888 autem

1947 1921 2132 1974 audita
2171 1927 2446 1973 tantorum
2488 1929 2669 1987 strage
2699 1921 2962 1985 virorum,
2992 1929 3046 1976 et
3076 1922 3218 1992 quod
3253 1923 3396 1978 nulla
3429 1926 3536 1980 sibi

1947 2013 2032 2065 via
2055 2012 2312 2066 redeundi
2341 2011 2536 2082 patuit,
2568 2021 2718 2066 recto
2748 2012 2940 2068 itinere
2966 2013 3030 2067 ad
3057 2015 3329 2071 civitatem
3359 2034 3536 2083 suam,

1947 2120 2066 2174 quze
2119 2103 2337 2159 Camma
2396 2103 2546 2171 (362)
2598 2104 2818 2169 dicitur,
2865 2105 3032 2170 venit,
3082 2116 3137 2160 et
3191 2107 3247 2160 in
3291 2110 3542 2177 proximo

1950 2209 2093 2248 anno
2127 2193 2275 2262 (977)
2303 2192 2571 2263 prefatum
2601 2194 2792 2249 ducem
2825 2195 2892 2248 ad
2923 2194 3201 2250 Pataviam
3233 2199 3547 2268 confugien-

1951 2297 2058 2342 tem
2093 2286 2304 2356 subegit
2338 2285 2506 2357 (565).
2541 2284 2597 2339 ln
2630 2286 2981 2355 consequenti
3015 2303 3158 2340 attno
3187 2287 3336 2359 (978)
3376 2289 3544 2343 Hein-

1952 2381 2098 2434 rirus
2124 2378 2192 2410 ⁸⁸⁸
2223 2381 2330 2432 dux
2358 2389 2413 2433 et
2451 2377 2718 2432 Ekbertus
2747 2393 2932 2433 comes
2952 2388 3009 2434 et
3045 2379 3332 2436 Heinricus
3361 2384 3542 2451 prcsul

1949 2473 2091 2542 apud
2123 2472 2486 2542 inperatorem
2523 2471 2788 2534 accusati,
2832 2471 3196 2544 Magadaburg
3235 2476 3378 2545 capti
3415 2488 3546 2533 sunt

1950 2575 2005 2619 et
2033 2565 2196 2618 exilio
2223 2565 2457 2633 deputati
2491 2565 2650 2635 longo
2679 2564 2749 2595 ³⁸⁸
2775 2563 2945 2635 (564).

2025 2657 2077 2710 6.
2103 2654 2163 2727 (f.
2183 2655 2292 2724 57‘)
2317 2654 2445 2708 Post
2469 2655 2586 2708 hac
2609 2656 2872 2709 autetn’"
2889 2657 3169 2725 inperator
3189 2661 3336 2714 omni
3360 2661 3544 2716 studio

1951 2746 2228 2801 ordinavit
2278 2745 2679 2815 expeditionem
2736 2762 2890 2800 suam
2936 2758 3048 2816 (an.
3104 2748 3231 2822 978)
3280 2755 3545 2806 adversus

1951 2838 2274 2892 Lutharium
2305 2838 2397 2902 ³⁸⁷,
2437 2853 2618 2908 regem
2665 2837 3114 2908 Karclinguorum
3150 2842 3321 2912 (565-),
3364 2843 3455 2912 qui
3489 2843 3541 2896 in

1950 2931 2276 3002 Aquisgrani
2334 2931 2600 3000 palacium
2650 2940 2706 2986 et
2765 2933 2946 2987 sedem
3011 2933 3235 3004 regiam,
3293 2944 3542 2989 nostrum

1953 3037 2168 3092 semper
2220 3023 2599 3092 respicientem
2665 3023 2984 3088 dominium,
3045 3024 3224 3079 valido
3296 3029 3545 3081 exercitu

256 3115 450 3168 statim
497 3123 554 3167 ut
587 3114 747 3169 nimis
789 3114 1107 3170 detestabile
1151 3129 1183 3167 a
1228 3113 1465 3167 maxima
1509 3113 1850 3167 multitudine
1879 3099 1924 3160 C
1957 3119 2253 3186 presumsit
2287 3115 2564 3181 invadere,
2593 3115 2806 3187 sibique
2831 3131 2990 3171 verso
3020 3117 3199 3187 aquila
3229 3118 3541 3188 designare.

257 3204 600 3273 repudiatur.
634 3203 784 3270 Quod
826 3205 937 3259 Deo
975 3216 1155 3259 autem
1188 3203 1436 3274 displicet
1479 3213 1534 3259 et
1577 3203 1850 3259 hominem

257 3299 330 3353 ad
379 3301 796 3368 promerendam
842 3308 1026 3354 reatus
1056 3299 1138 3353 sui
1176 3313 1366 3368 penam
1413 3298 1699 3368 protrahit,
1750 3299 1854 3353 hoc

257 3391 428 3446 discit
455 3401 512 3446 et
551 3401 610 3444 ut
639 3391 707 3423 ³⁷⁸
738 3391 1063 3446 ruminando
1096 3390 1294 3444 firmat.
1323 3389 1584 3457 Quamvis
1621 3405 1750 3444 vero
1783 3389 1854 3421 ³⁷⁸

258 3482 420 3537 multi
459 3483 742 3539 irrisiones
777 3499 884 3538 non
917 3485 1060 3539 serio
1094 3483 1319 3548 faciant,
1361 3492 1538 3538 tamen
1575 3483 1691 3538 sine
1721 3499 1848 3554 pec-

256 3575 368 3629 cati
404 3574 616 3630 macula
642 3577 742 3630 has
771 3574 1078 3630 nullatenus
1109 3574 1169 3644 (l'.
1198 3575 1289 3645 57)
1315 3582 1602 3645 peragunt.

332 3669 543 3725 Urbem
569 3687 728 3725 unam
757 3671 810 3725 in
839 3671 947 3726 hiis
975 3670 1171 3724 finibus
1201 3685 1360 3724 cesar
1385 3671 1649 3723 editicans
1678 3671 1853 3739 presi-

255 3762 352 3819 dio
399 3762 606 3817 ﬁrmat.
646 3763 789 3817 Brun
835 3761 1019 3831 presul
1049 3776 1213 3831 supra
1254 3769 1589 3815 memoratus
1615 3759 1765 3831 (559)
1800 3761 1852 3814 7.

1958 3211 2085 3266 llaec
2125 3219 2236 3265 stat
2279 3210 2330 3263 in
2366 3209 2618 3263 orientali
2668 3222 2828 3279 parte
2867 3211 3083 3277 domus,
3124 3212 3400 3281 "utrisque
3446 3213 3548 3267 fuit

1955 3304 2198 3360 omnium
2231 3304 2372 3358 hunc
2397 3302 2572 3358 locum
2601 3305 3016 3373 possidentium,
3051 3305 3116 3359 ad
3148 3321 3244 3360 sua
3270 3321 3391 3359 eam
3420 3322 3546 3361 ver-

1959 3407 2072 3450 tere
2100 3410 2285 3466 regna.
2320 3393 2491 3461 Quem
2520 3394 2772 3449 celeriter
2801 3397 3090 3451 abeuntem
3123 3411 3282 3452 cesar
3307 3397 3550 3467 insequi-

1959 3499 2067 3550 tur,
2113 3485 2453 3556 depopulatis
2507 3485 2760 3540 omnibus
2811 3496 2867 3541 et
2916 3486 3164 3542 incendio
3213 3489 3552 3557 consumptis

1961 3593 2132 3647 usque
2158 3577 2224 3631 ad
2249 3577 2514 3630 Parisiam
2551 3577 2759 3632 sedem.
2793 3577 2850 3631 l-n
2882 3578 2972 3631 illo
3001 3579 3216 3642 itinere,
3251 3579 3437 3633 multis
3472 3581 3557 3634 in-
3613 3591 3616 3594 '

1966 3669 2222 3724 firmitate
2268 3668 2436 3722 nimia
2485 3669 2831 3737 compressis,
2885 3669 3052 3732 Brnn,
3103 3685 3289 3723 comes
3339 3669 3552 3723 liarne-

1966 3761 2310 3832 burggensis,
2343 3759 2500 3816 miles
2528 3775 2625 3830 per
2645 3768 2844 3815 cuncta
2871 3759 3179 3825 laudabilis,
3209 3760 3342 3815 obiit
3372 3759 3408 3813 2
3441 3759 3555 3814 Ka-

1524 3889 1757 3945 VAiile
1796 3890 2196 3949 LECTIONES.

907 4004 976 4037 ³⁷³
1012 4004 1140 4057 add.
1200 4002 1283 4056 ib.

337 4007 410 4041 ⁸⁷⁵
477 4004 658 4062 essinu
705 4007 792 4060 1η.
907 4004 976 4037 ³⁷³
1012 4004 1140 4057 add.
1200 4002 1283 4056 ib.
1397 4001 1466 4032 ⁸⁷⁷
1511 4001 1560 4054 in

255 4080 335 4112 ³⁷⁸
378 4079 534 4132 uenit
565 4078 645 4130 la.
722 4076 790 4107 ³⁷³
833 4075 1038 4129 munita
1078 4076 1164 4127 in.

253 4151 474 4205 dimidii
513 4158 558 4201 el
592 4147 815 4200 duorum
846 4162 1113 4207 versuum,
1145 4159 1364 4214 quorum
1401 4142 1615 4197 ultimus
1643 4162 1845 4200 erasus.

255 4223 463 4276 lislauo
487 4221 572 4282 1η,
602 4227 713 4286 post
745 4233 774 4269 v
801 4231 957 4286 super
984 4233 1014 4268 ιι
1056 4217 1264 4286 ροδίιο.
1290 4215 1500 4286 tandem
1539 4227 1759 4284 utrm/ue
1789 4220 1962 4271 littera
1993 4234 2178 4282 erasa;
2209 4230 2254 4271 et
2281 4215 2360 4270 ita
2386 4228 2564 4286 postea
2611 4231 2813 4286 semper
2844 4233 2880 4272 ιι
2917 4215 3271 4274 ἀειειιιηιίεει.

258 4295 313 4346 1.
402 4290 474 4325 ³⁸⁸
507 4291 564 4343 In
596 4283 749 4342 cons.
786 4283 1200 4356 ——'longo'add.
1247 4285 1331 4340 ib.
1411 4283 1478 4315 “7
1517 4285 1643 4338 add.
1674 4283 1778 4339 ib.

1567 4013 1785 4078 perator
1803 4005 2038 4078 e-g-epit
2087 4004 2333 4078 inloco;
2365 4021 2505 4078 rqso,
2552 4006 2785 4078 secunda
2837 4006 2893 4059 in
2948 4007 3186 4076 margine
3230 4007 3554 4078 suppletum.

1270 4072 1340 4104 ⁸⁸⁵
1383 4072 1662 4142 I-leggedor
1697 4077 1751 4128 ‘2.
1790 4077 1846 4129 4.
1881 4072 2029 4131 Sfa.
2071 4077 2196 4132 975.

2293 4075 2359 4107 ⁸⁸⁸
2387 4076 2452 4130 In
2481 4079 2598 4129 cod.
2635 4078 2680 4128 l.
2716 4077 2802 4130 hic
2829 4088 3042 4145 apparet
3071 4075 3304 4144 spatium
3331 4075 3555 4133 uacuum

1949 4147 2017 4178 ⁸⁸³
2056 4147 2323 4216 atheldagi
2371 4147 2451 4200 1c.
2551 4146 2622 4177 ³⁸³
2661 4145 2748 4199 lla
2777 4149 2942 4201 codex
2981 4147 3278 4216 distinguit.
3354 4149 3424 4180 ³⁸³
3463 4151 3560 4204 bo.

1949 4235 1962 4270 ι
1993 4234 2178 4275 erasa;
2209 4230 2254 4271 et
2285 4221 2360 4270 ita
2387 4228 2564 4275 postea
2611 4231 2813 4275 semper
2844 4233 2880 4272 ιι
2917 4217 3147 4271 deletum
3174 4229 3271 4274 est.
3377 4220 3448 4253 ³⁸³
3488 4221 3556 4275 ﬂ.

1733 4425 1964 4482 NOT/E.

345 4542 492 4617 (555)
534 4541 729 4617 Bossnt
751 4553 912 4617 super
930 4536 1152 4591 ﬂuvium
1179 4537 1352 4617 liaine
1382 4537 1435 4590 in
1464 4551 1608 4617 terra
1641 4537 1852 4617 Henne-

301 4608 394 4669 αὑ.
445 4608 506 4668 ιῑ.
553 4614 822 4667 Balderic‘t
872 4609 1152 4664 Camerar.
1204 4610 1405 4661 Chron.
1465 4609 1499 4660 l.
1560 4608 1598 4661 Ι.
1651 4625 1702 4662 c.
1761 4611 1850 4664 94.

258 4677 538 4755 Sigebert.
586 4683 889 4745 Gemblac.,
929 4697 979 4734 a.
1028 4678 1150 4733 975.
1200 4678 1378 4733 Annal
1418 4677 1853 4752 Weissenburg.,

256 4773 317 4812 a.
355 4755 482 4810 974.
1207 4775 1212 4781 -

341 4826 487 4898 (556)
532 4825 633 4898 V._
654 4821 927 4898 Lamberti
976 4821 1208 4898 Ann._a.
1251 4818 1378 4898 975,
1429 4827 1484 4873 et
1532 4818 1853 4898 Thc_od_orici

255 4891 520 4953 ntottachi
592 4893 1072 4947 Trmnlhentiensis
1130 4891 1425 4945 Historiam
1501 4891 1642 4959 apud
1709 4891 1856 4946 Lan-

249 4968 438 5039 gebek
631 4982 733 5018 rer.
759 4963 956 5039 Δυιιιιίιξ.
1008 4973 1044 5014 t.
1083 4961 1142 5026 V,
1195 4980 1246 5039 p.
1285 4959 1412 5039 516.

247 5031 469 5108 ὖριίηιθ
507 5037 797 5108 illustravit
821 5036 874 5108 l._
892 5031 1266 5108 Asmnssenlin
1295 5031 1515 5108 Archiv.
1537 5032 1623 5084 [ιιι
1641 5031 1858 5108 __Staats-

251 5104 376 5163 llild
420 5104 1007 5161 Kirchen-Geschiehte
1038 5107 1130 5156 der
1173 5104 1855 5174 llet'z_t)gtltiiittet'ASchles-

1963 4542 2024 4596 Β.
2066 4541 2184 4596 l7l.

2039 4614 2188 4681 (561)
2227 4613 2429 4669 Pilsen.

2037 4686 2188 4754 (56‘2)
2228 4688 2459 4740 tlhatnh.

1963 4842 1992 4880 a
2228 4755 2310 4811 ut.
2349 4756 2555 4811 Chron.
2589 4755 2649 4810 s.
2691 4756 2835 4810 Ann.
2885 4754 3131 4814 Hiidesh.
3169 4767 3226 4812 et
3262 4758 3564 4828 Lamberti,

2037 4896 2187 4969 (564)
2225 4897 2366 4969 dun.
2392 4894 2775 4969 llildaChron.
2803 4898 2971 4969 _Sax.,
2999 4909 3051 4948 a.
3083 4895 3229 4969 978.7
3251 4896 3455 4969 Noster
3479 4899 3571 4955 hic

1457 4976 1618 5038 quem
1653 4963 1854 5038 locum
1893 4965 1936 5020 D
1969 4963 2096 5022 vero
2128 4966 2440 5038 confudisse
2471 4966 2686 5038 videtur
2721 4967 3032 5038 Iicinrieum
3064 4968 3443 5024 marchionent
3477 4971 3568 5038 (de

1963 5056 2073 5108 «pm
2109 5053 2157 5090 v.
2205 5037 2343 5090 inira
2376 5053 2495 5105 cap.
2534 5037 2620 5104 15)
2646 5047 2698 5090 et
2733 5036 3065 5099 lleinricnm,
3096 5038 3418 5107 epist-opum
3460 5036 3574 5092 Ᾱιι.

1961 5120 2280 5174 gustanum.
2313 5109 2408 5162 Hic
2435 5120 2544 5160 [τρε
2570 5117 2775 5150 tantum
2803 5121 2832 5134 -ι
2873 5121 2877 5124 -
3044 5108 3052 5117 ·
3313 5111 3373 5130 μ,
3407 5108 3476 5116 --~
