4042 5300
555 234 688 291 1251

1471 222 1851 283 ’ΠΙΙΕΤΜΑΒΙ
1891 222 2518 283 MERSEBURGENSIS
2556 224 2860 285 EPISCOPI

3676 208 3810 261 12.ἷοῖ

556 344 739 402 lendas
781 341 1097 400 Decembris
1137 340 1310 411 (566).
1359 339 1633 398 Reversus
1683 341 1809 398 inde
1862 343 2135 412 inperator
2162 347 2211 407 Α
2239 356 2455 412 semper
2479 342 2711 411 solebat,
2737 344 3059 410 celebraret,
3100 344 3234 400 vidit
3258 360 3423 415 super
3448 345 3627 400 altare
3650 362 3818 401 (Ὂιιιιι

556 435 908 508 thriumphali
935 434 1005 467 ⁸⁸⁸
1034 434 1227 505 gloria,
1261 442 1468 489 tantum
1499 434 1744 490 hostibus
1766 435 1994 490 incussit
2027 443 2136 490 ter-

557 543 760 593 rorem,
803 535 863 581 ut
900 539 1193 595 numquam
1229 532 1350 594 post
1382 522 1504 578 talia
1551 523 1792 593 incipere
1839 523 2133 585 auderent;

556 626 1136 689 recompensatumque
1173 622 1258 670 est
1305 613 1411 667 hiis
1451 613 1710 683 quicquid
1751 611 2033 667 dedecoris
2067 611 2136 643 ³⁸⁸

556 715 709 783 prius
757 709 992 766 intulere
1039 707 1261 763 nostris.
1309 705 1531 761 Interim
1579 705 1904 777 Augustana:
1952 713 2138 775 pastor

556 802 817 861 tecclesite
845 799 1178 873 Othelricus.
1220 815 1434 870 gemma
1474 800 1840 864 sacerdotum,
1879 798 1949 853 50
1991 799 2136 853 ordi-

558 893 796 950 nationis
819 908 930 948 suce
958 907 1103 947 anno
1132 892 1402 946 excedens
1434 908 1463 945 a
1502 891 1684 946 seculo
1707 890 1818 963 (an.
1849 892 1997 956 975),
2026 891 2134 949 fru-

556 994 704 1041 ctum
734 982 934 1039 laboris
974 981 1150 1038 devoti
1194 981 1413 1037 Christo
1452 990 1834 1036 remunerante
1877 981 2136 1051 percepit,

561 1078 595 1133 4
644 1077 831 1132 Nonas
860 1073 988 1129 Julii
1016 1075 1086 1109 ³’θ
1117 1074 1286 1147 (567).
1322 1074 1610 1131 ﬂeimicus
1639 1083 1820 1129 autem
1855 1075 1981 1130 huic
2018 1090 2142 1132 suc-

558 1169 788 1234 cedens,
842 1182 1010 1238 parvo
1078 1175 1325 1237 tempore
1373 1166 1629 1233 sedebat,
1685 1174 1746 1222 ut
1818 1175 1944 1238 post
2007 1180 2141 1223 enu-

557 1261 747 1317 cleabo
787 1259 959 1331 (568).

628 1356 683 1410 7.
745 1354 807 1428 (f.
862 1353 953 1419 58)
1020 1353 1319 1410 Accusatus
1370 1353 1512 1425 apud
1580 1353 1945 1425 inperatorem
1996 1354 2142 1411 Gero

557 1461 743 1503 comes
782 1461 813 1501 a
855 1445 1143 1510 Waldone,
1170 1454 1228 1500 et
1256 1445 1310 1500 iu
1350 1443 1469 1500 loco
1508 1445 1602 1515 qui
1643 1444 1963 1518 Sumeringe
1991 1445 2140 1519 (569)

558 1540 780 1607 dicitur,
813 1546 994 1593 ortatu
1020 1536 1350 1593 [Ethelberli
1381 1538 1448 1570 δ”
1477 1538 1866 1608 archipresulis
1893 1548 1949 1594 et
1981 1538 2142 1593 Thie-

560 1632 698 1688 drici
728 1629 1060 1685 marchionis
1094 1637 1305 1698 captus,
1335 1629 1477 1699 patri
1516 1643 1637 1685 meo
1662 1637 1964 1701 patruoque
1993 1627 2142 1698 (570)

2241 431 2309 486 tis
2333 432 2506 501 capud
2531 432 2782 496 Gcronis,
2814 433 3072 504 ﬁnitaque
3097 433 3200 490 hac
3226 433 3388 489 aliam
3419 450 3521 504 pro
3547 434 3820 493 defunctis

2237 527 2511 590 eantavlt;
2533 526 2821 597 exutisque
2846 526 3277 583 sacerdotalibus
3305 528 3676 593 vestimentis,
3700 544 3819 583 cum

2238 613 2455 669 silentio
2492 615 2680 679 exivit,
2703 617 3155 687 congregatisque
3185 616 3448 673 fratribus
3466 619 3684 673 obitum
3713 618 3823 687 ejus

2239 703 2523 767 indicavit,
2550 706 2959 775 orationemque
2983 722 3082 777 pro
3108 724 3172 763 eo
3193 707 3310 763 ﬁeri
3333 698 3824 780 communvmsup-

2241 793 2455 862 pliciter
2478 794 2790 863 postulavit.
2819 794 3114 852 Decollatio
3138 806 3319 852 autem
3340 800 3458 869 ejus
3485 801 3539 853 in
3556 802 3676 869 ipso
3702 800 3826 854 solis

2241 898 2440 955 occasu
2493 885 2676 941 ﬁebat.
2730 885 2837 941 Pro
2886 888 3039 957 cujus
3085 891 3348 943 memoria
3397 906 3562 944 soror
3603 891 3724 958 ejus
3760 891 3826 923 ν’

2242 975 2401 1032 Tetta
2442 988 2498 1032 et
2541 976 2774 1046 conjunx
2812 978 2930 1046 ejus
2967 978 3187 1034 {Ethela
3220 981 3289 1012 ³⁸⁸
3326 984 3729 1037 monasterium
3775 982 3829 1038 in

2242 1068 2362 1125 loco
2398 1070 2490 1139 qui
2528 1070 2772 1127 Eleslevo
2806 1070 2955 1141 (572)
2985 1073 3202 1137 dicitur,
3237 1074 3326 1128 uhi
3359 1073 3477 1144 ipse
3512 1076 3825 1144 requiescit.

2243 1171 2646 1229 construentes,
2671 1201 2687 1215 .
2712 1200 2727 1216 .
2756 1172 2963 1234 partem
2993 1164 3062 1197 ³⁹⁹
3084 1165 3260 1220 tocius
3279 1166 3479 1229 suimet
3509 1167 3829 1223 hereditatis

2245 1252 2517 1308 tradidere
2546 1255 2655 1309 Deo
2677 1253 2901 1325 ejusque
2928 1270 3234 1323 precursort
3271 1258 3492 1323 dilecto,
3527 1259 3637 1314 hoc
3670 1261 3831 1329 privi-

2244 1342 2386 1415 legio
2414 1354 2468 1400 et
2502 1345 2768 1415 imperiali
2804 1356 3057 1417 precepto
3079 1364 3143 1402 ea
3171 1350 3394 1405 racione
3434 1350 3747 1413 ﬁrmantes,
3776 1363 3829 1407 ut

2246 1438 2475 1493 abbacia
2497 1438 2694 1493 ibidem
2720 1438 3018 1495 liberaliter
3036 1440 3203 1506 facta,
3228 1443 3560 1512 inperatoris
3587 1459 3834 1498 suorum-

2247 1547 2352 1601 que
2376 1542 2702 1602 potestatem
2741 1549 2803 1590 ac
2842 1536 3065 1589 tutelam
3102 1545 3395 1606 respiceret
3426 1524 3831 1592 successorum.

2246 1624 2473 1680 Gomitis
2511 1624 2703 1694 prelati
2737 1640 2935 1695 corpus
2977 1634 3101 1695 post
3134 1637 3245 1681 tres
3273 1642 3470 1694 annos,
3516 1642 3647 1681 cum
3689 1628 3834 1697 juxta

560 1723 795 1779 lirmiter
839 1731 924 1778 est
972 1722 1315 1778 commissus.
1360 1720 1672 1791 Deindeque
1714 1719 2032 1776 convocatis
2073 1719 2141 1774 ad
2173 1704 2217 1763 Β
2247 1714 2376 1769 illud
2413 1714 2737 1777 contectalis
2775 1730 2869 1768 sua
2909 1725 3222 1784 poneretur.
3264 1717 3537 1788 integrum
3572 1733 3685 1772 una
3720 1734 3836 1772 cum

556 1814 951 1887 Magathaburg
996 1815 1208 1870 cunctis
1253 1814 1409 1884 regni
1452 1812 1788 1883 principibus
1828 1814 1942 1884 (an.
1990 1810 2137 1882 979),

556 1906 836 1979 congressi
865 1914 993 1962 sunt
1030 1905 1105 1961 hii
1133 1903 1203 1937 ”'
1226 1904 1436 1974 judicio
1465 1906 1539 1963 in.
1558 1904 1731 1960 insula
1761 1904 1995 1975 quadam
2026 1904 2143 1960 sin-

558 2001 733 2073 gulari
782 1998 1104 2065 certamine,
1158 1997 1587 2068 vulneratusque
1639 1999 1696 2053 in
1742 1997 2012 2053 cervicem
2062 1996 2145 2051 his

558 2092 774 2159 Waldo,
806 2091 1091 2159 ardencius
1121 2090 1427 2160 insequitur
1455 2091 1689 2154 hostem,
1710 2089 2145 2160 percucieusque

560 2187 672 2242 ictu
705 2185 884 2240 valido
911 2184 1110 2254 capud,
1148 2185 1446 2255 prostravit
1479 2186 1734 2240 eundem.
1774 2185 2146 2255 Interrogatus

559 2288 742 2333 autem
773 2274 917 2332 Gero
954 2290 1140 2331 comes
1162 2275 1237 2335 ab
1263 2274 1476 2338 eodem,
1519 2275 1564 2330 si
1595 2274 1715 2345 plus
1750 2275 2020 2344 potuisset
2049 2289 2148 2343 pn-

557 2384 749 2440 gnare,
779 2375 1001 2423 coactus
1040 2375 1145 2429 est.
1191 2366 1334 2435 quod
1373 2364 1488 2434 jam
1533 2365 1842 2431 defecisset,
1882 2363 2143 2434 proﬁteri.

560 2458 760 2525 Waldo
815 2468 930 2519 tum
986 2472 1262 2529 egressus,
1318 2472 1462 2527 aqua
1517 2457 1832 2513 refoeilatur
1886 2456 2148 2527 depositis

560 2556 750 2623 armis,
790 2564 846 2610 et
881 2562 1003 2626 post
1044 2562 1254 2625 tergum
1297 2561 1544 2609 mortuus
1578 2553 1795 2608 cecidit.
1823 2551 1976 2607 Tunc
2006 2550 2150 2607 Gero

552 2648 739 2720 jussus
783 2656 871 2702 est
916 2646 1138 2701 decreto
1178 2645 1424 2716 judicum
1463 2654 1518 2700 et
1565 2660 1697 2701 voce
1746 2645 2073 2716 inperatoris
2118 2661 2147 2698 a

559 2740 815 2803 carniﬁce
854 2740 1091 2809 quodam
1141 2736 1400 2792 decollari
1443 2736 1498 2792 5.
1538 2736 1663 2792 ldus
1710 2737 1940 2808 Augusti
1971 2735 2145 2809 (571).

559 2831 687 2887 Hac
748 2846 926 2905 pugna
979 2830 1127 2885 nullo
1179 2828 1249 2862 ⁸⁸³
1300 2829 1405 2884 nisi
1475 2838 1683 2884 tantum
1739 2828 2151 2899 archiepiscopo

559 2922 906 2979 Ethelberto
944 2929 1000 2976 et
1034 2920 1326 2977 Thiedrico
1355 2920 1558 2991 placuit
1596 2920 1932 2985 marchioui;
1971 2922 2151 2975 corre-

559 3024 797 3086 ptosque
840 3022 925 3073 est
965 3013 1246 3083 inperator
1293 3012 1362 3067 ab
1407 3011 1628 3076 Ottone,
1678 3011 2033 3066 Bavariorum
2079 3009 2150 3041 ³⁸⁵

2244 1807 2583 1862 vestimentis
2628 1807 2906 1862 inventum
2946 1817 3049 1862 est.
3094 1808 3379 1878 lnperante
3416 1819 3548 1865 tunc
3594 1812 3839 1879 predictu

2245 1896 2440 1955 Oztoue
2467 1898 2499 1953 6
2534 1914 2705 1954 annos
2741 1899 2911 1970 (575),
2940 1899 3235 1956 Lutharius
3270 1917 3366 1956 rex
3408 1917 3533 1955 eum
3584 1901 3701 1956 ﬁlio
3729 1905 3837 1957 sni-

2246 2000 2353 2045 met
2385 1990 2457 2022 ⁸⁰⁰
2490 2006 2555 2046 ac
2590 1992 2906 2048 muneribus
2939 1994 3240 2063 magniﬁcis
3274 1995 3343 2049 ad
3374 2009 3501 2050 eum
3532 1996 3690 2050 venit
3730 1997 3836 2065 (an.

2245 2082 2396 2152 980),
2443 2090 2498 2137 et
2546 2082 2649 2138 sibi
2700 2083 3064 2149 satisfaciens,
3103 2085 3405 2140 amiciciam
3439 2084 3564 2154 ejus
3611 2087 3840 2141 ﬁrmiter

2246 2174 2539 2242 acquisivit
2575 2176 2702 2237 (575
2726 2174 2802 2233 *i.
2831 2175 2900 2230 Et
2927 2177 2981 2231 in
3010 2176 3113 2232 hoc
3136 2192 3277 2232 anno
3301 2194 3464 2233 cesar
3490 2188 3690 2233 noster
3736 2180 3838 2234 Ita-

2245 2265 2374 2319 liam
2415 2281 2666 2336 pergens,
2711 2283 3006 2338 numquam
3043 2271 3142 2325 has
3183 2272 3454 2343 regiones,
3491 2287 3599 2343 pro
3648 2272 3832 2328 dolor!

2247 2358 2478 2426 amplius
2513 2358 2696 2412 invisit
2727 2360 2897 2431 (574).

2318 2450 2371 2505 8.
2413 2449 2541 2504 Post
2567 2451 2679 2505 baac
2704 2450 2763 2521 (f.
2796 2452 2886 2523 59)
2908 2454 3153 2523 prefatus
3172 2455 3400 2510 antistes
3422 2456 3494 2488 δ”
3519 2456 3837 2513 Aithelber-

2250 2549 2336 2596 tus
2368 2540 2458 2607 ‘°’,
2492 2543 2799 2611 inperatore
2827 2543 2943 2614 jam
2990 2544 3160 2601 Roma
3207 2560 3607 2614 commorante,
3647 2556 3839 2605 terete-

2250 2633 2459 2688 decimo
2482 2650 2591 2688 suae
2615 2637 3060 2693 ordinationism
3084 2642 3223 2693 anno
3248 2641 3418 2712 (98l),
3444 2658 3575 2696 suos
3597 2646 3837 2698 docendo

2249 2734 2304 2779 et
2340 2726 2736 2794 conﬁrmando,
2778 2745 2842 2784 ac
2870 2730 3090 2786 'Gisileri
3123 2732 3194 2763 δθδ
3234 2733 3489 2801 presulis,
3534 2736 3667 2803 quia
3717 2746 3837 2790 tunc

2249 2832 2372 2872 cum
2398 2832 2588 2873 cesare
2617 2817 2741 2885 fuit,
2779 2820 3036 2877 diocesim
3068 2823 3426 2894 perlustrans,
3461 2826 3533 2880 15
3565 2825 3685 2879 Kal.
3717 2826 3837 2881 Julii

2249 2911 2320 2942 ‘°‘
2352 2912 2406 2966 in
2447 2911 2757 2984 Merseburg
2794 2915 3013 2970 missam
3047 2918 3367 2981 celebravit,
3394 2917 3467 2950 ⁸⁸⁵
3497 2923 3835 2989 proximam-

2253 3019 2357 3073 que
2405 3015 2620 3059 noctem
2664 3022 2789 3059 cum
2841 3006 3173 3075 llemuzone,
3222 3010 3522 3064 venerabili
3576 3012 3739 3077 laico,
3788 3015 3836 3066 ia

563 3066 723 3164 duce:
754 3076 999 3157 Liudulﬁ
1025 3066 1173 3166 rlilio,
1226 3102 1418 3158 eodem
1464 3101 1554 3157 die
1596 3099 1832 3156 venienti
1872 3099 1965 3164 ³⁸⁵,
2011 3108 2068 3154 et
2119 3117 2145 3155 a
2178 3066 2222 3127 (ί
2259 3094 2518 3150 Chruvati
2558 3094 2626 3127 “’7
2659 3096 2813 3152 laetus
2851 3097 3034 3164 duxit;
3079 3102 3426 3171 crastinoque
3456 3103 3549 3157 die
3576 3118 3838 3173 exurgens

562 3197 764 3253 comite
792 3195 1068 3263 Bel-toldo,
1100 3193 1243 3264 quod
1272 3195 1343 3250 oh
1378 3204 1484 3249 tam
1517 3193 1676 3247 vilem
1710 3208 1930 3248 causam
1969 3201 2151 3250 tantus

564 3290 652 3344 vir
682 3300 939 3357 umquam
964 3287 1217 3357 damnari
1252 3287 1550 3342 debuisset.
1584 3285 1743 3339 Libet
1772 3285 1959 3353 paucis
1987 3299 2153 3354 expo-

565 3397 699 3438 nere
728 3380 958 3435 Liudulﬁ
989 3380 1283 3435 C'orbensis
1320 3379 1389 3410 ³⁸⁸
1423 3380 1676 3433 meritum
1727 3377 1788 3446 (Γ.
1818 3377 1928 3447 58’)
1960 3378 2150 3446 patris.

568 3471 658 3528 cui
727 3470 954 3526 multum
995 3470 1193 3540 vigiliis
1230 3469 1560 3541 jejuniisque
1610 3467 1876 3521 laboranti
1923 3468 2153 3537 plurima

565 3561 711 3618 Deus
739 3560 989 3630 dignatus
1016 3566 1099 3631 est
1124 3560 1384 3615 revelare.
1417 3559 1518 3614 llic
1554 3557 1607 3612 in
1636 3557 1722 3612 die
1752 3555 1948 3626 prefati
1976 3566 2155 3610 certa-

567 3651 733 3711 minis
759 3666 885 3708 cum
906 3649 1142 3707 diluculo
1167 3652 1390 3706 missam
1414 3649 1693 3705 humiliter
1717 3656 1773 3703 et
1792 3649 2064 3711 timoratc,
2097 3655 2155 3700 ut

2260 3186 2450 3251 tristis,
2482 3186 2676 3256 capitis
2713 3189 2936 3242 nimium
2978 3191 3225 3259 queritur
3255 3194 3523 3258 dolorem,
3562 3205 3624 3248 et
3666 3204 3834 3249 tamen

2255 3277 2467 3342 abibat;
2515 3294 2749 3349 cumque
2783 3281 3008 3336 Cirmini
3055 3283 3258 3348 villam,
3301 3285 3368 3339 ad
3402 3284 3742 3341 Frcke.tlevo
3774 3287 3839 3319 ‘“

2250 3369 2404 3439 (575)
2451 3384 2678 3440 pergere
2722 3373 2968 3442 cupiens,
3021 3377 3355 3444 preter-isset,
3400 3377 3455 3430 ni
3503 3379 3619 3433 cito
3660 3397 3690 3432 a
3736 3380 3839 3433 suis

2257 3471 2678 3526 sustentaretur.
2698 3479 2765 3517 ex
2787 3479 2928 3534 equo
2951 3467 3212 3535 paulatim
3236 3469 3541 3535 declinans,
3566 3472 3620 3525 in
3644 3482 3836 3526 terram

2257 3554 2564 3610 cecidisset.
2612 3556 2664 3610 ls
2708 3571 2838 3611 vero
2880 3566 3060 3629 tapete
3097 3562 3495 3630 superpositus,
3534 3565 3840 3633 completist

2260 3660 2366 3715 que
2394 3645 2466 3677 ⁴⁰⁹
2490 3648 2763 3713 omnibus,
2796 3664 2916 3718 quae
2942 3664 2975 3704 a
3004 3649 3220 3707 clericis
3245 3651 3473 3708 dicenda
3505 3666 3690 3721 erant,
3717 3655 3840 3709 ﬁde-

1876 3806 2111 3862 νΑιιιίΕ
2149 3804 2550 3861 LECTIONES.

641 3929 714 3964 ⁸⁸⁸
752 3929 826 3984 ita
852 3928 931 3981 lc.
962 3924 1273 3995 triumphali
1305 3926 1427 3995 la._
1470 3921 1538 3955 “'
1579 3920 1760 3995 itala.
1783 3920 2118 3995 decorislo.
2309 3918 2415 3995 llll.
2452 3938 2507 3974 ιι.
2533 3921 2570 3995 i‘.
2602 3921 2657 3973 in
2681 3919 2795 3995 [υερ
2822 3937 2984 3995 verno
3006 3921 3129 3995 addt
3160 3924 3243 3977 Η),
3321 3923 3387 3995 ssi
3428 3923 3735 3979 mulciber“
3767 3928 3835 3979 in

570 4001 782 4070 saepius.
843 3998 929 4070 7‘”
968 3989 1171 4070 biduo
1197 3997 1251 4050 2.
1291 3997 1355 4070 Α.
1389 3993 1449 4048 S.
1489 4010 1543 4046 a.
1576 3991 1703 4070 979.
1781 3991 1850 4025 ³³³
1890 3990 2021 4070 nulli
2063 3992 2142 4044 lc.
2222 3989 2292 4070 '9."
2332 3991 2715 4070 bauvariorum
2911 3992 3068 4070 _e.
3100 3993 3153 4046 d.
3195 3990 3419 4070 v._add.
3451 3996 3542 4049 ib.
3623 3997 3695 4026 ³⁵⁸
3730 4014 3838 4070 μιν-

567 4060 807 4128 beiensis
832 4069 913 4124 lc.
992 4068 1059 4100 ³³⁷
1101 4067 1385 4135 Sequentia
1420 4081 1582 4134 usque
1616 4063 1693 4135 ad,
1725 4062 1987 4135 sequentis
2019 4076 2135 4135 cep.
2170 4060 2323 4115 verba
2361 4060 2617 4129 prtel'atus
2653 4060 2882 4135 antistes
2928 4060 3215 4135 Thielmqri
3254 4064 3416 4132 ipsius
3457 4082 3625 4118 manu
3658 4069 3839 4134 sui)»:

572 4143 837 4203 videntur,
866 4149 1087 4194 exeunte
1117 4136 1265 4206 folio.

1344 4136 1413 4168 ³⁸⁸
1453 4130 1631 4190 athela
1674 4130 1803 4187 162⁷
1849 4131 1918 4166 ³⁸³
1955 4130 2022 4184 In
2053 4132 2104 4184 1.
2137 4143 2257 4183 ante
2281 4140 2491 4200 partem
2526 4131 2753 4199 spatium
2781 4142 3010 4200 quatuor
3037 4130 3309 4187 litefarmn
3348 4150 3572 4187 vacuum
3613 4130 3838 4189 reum».

575 4222 675 4273 est,
708 4199 972 4265 decimam
1000 4199 1207 4279 partem
1236 4209 1298 4262 Α.
1330 4205 1518 4279 8.1.1.
1548 4218 1762 4279 otnttem
1791 4218 1945 4279 suam
1978 4202 2338 4279 hereditatem
2371 4199 2585 4279 Chron.
2606 4200 2735 4279 βαίη.
2853 4221 2926 4279 a._
3094 4205 3331 4279 suiituct
3360 4206 3573 4279 duabus
3610 4208 3760 4261 {inde
3792 4210 3831 4261 1-

561 4274 644 4312 ³⁸⁸
685 4281 942 4336 Gresatus
974 4274 1156 4334 autem
1201 4279 1288 4332 1α.
1403 4276 1473 4308 ⁸⁰¹
1511 4274 1830 4330 azthlhertus
1865 4274 1916 4327 1.

2028 4271 2104 4345 ⁵3³
2143 4272 2578 4345 corisecraeiouis
2608 4274 2691 4345 in,
2768 4273 2838 4305 ¹¹⁰⁸
2878 4274 3148 4345 gisillerus
3182 4278 3263 4329 1α.
3295 4292 3496 4342 semper
3524 4278 3638 4345 fere
3668 4285 3755 4331 sed
3781 4280 3837 4330 ab

578 4352 664 4405 ’lb.
699 4361 986 4404 correctum
1020 4350 1242 4404 videtur.
1318 4347 1390 4379 ⁸⁰⁸
1428 4348 1502 4399 ita
1532 4346 1685 4397 codd.
1713 4360 1911 4414 necnon
1939 4342 2004 4414 ᾼ.
2026 4341 2177 4414 AS._a.
2213 4339 2571 4414 981_.__C!tron.
2598 4339 2944 4414 Magdebur'g.
2977 4344 3274 4410 Legendum
3316 4339 3491 4399 tanien
3523 4339 3647 4401 cum
3681 4350 3834 4401 Caro-

578 4422 849 4490 nogrupho
884 4421 1097 4490 Saxone
1122 4436 1139 4475 :
1161 4415 1328 4490 Junii,
1352 4432 1480 4490 cnm_
1496 4416 1582 4468 12.
1610 4414 1734 4490 Kal.
1750 4411 2273 4490 _J_unL1EtItelbcrlus
2301 4411 2387 4490 ille
2414 4411 2818 4490 rita_de[unyus
2839 4411 2925 4467 sit.
3002 4415 3074 4490 “f
3100 4416 3424 4490 ‘czeleltravit
3450 4418 3536 4490 la.

3616 4420 3687 4449 “'
3727 4419 3837 4471 tho-

572 4480 758 4545 rm'teti'
786 4490 862 4543 lc.
937 4489 1177 4544 Cruvvati
1210 4486 1409 4542 Chron.
1443 4485 1574 4541 δατ.
1617 4503 1670 4538 a.
1707 4485 1831 4541 981.
1862 4484 2112 4541 Crowate
2140 4483 2281 4536 Ann.
2327 4480 2463 4537 Sax.
2511 4484 2566 4537 It.
2607 4480 2660 4538 ὶι.
2692 4485 3004 4542 Erderwatc
3046 4486 3100 4540 2.
3179 4486 3249 4518 ⁸³⁸
3289 4485 3648 4542 fraukenleue
3694 4490 3769 4542 lc.

572 4561 646 4593 m
681 4574 790 4631 quc
822 4559 948 4614 add.
984 4559 1071 4613 ib.

542 4704 575 4739 .,
2096 4667 2330 4725 nom.

550 4744 568 4769 'J

645 4801 793 4873 (566)
833 4800 888 4856 In
930 4798 1257 4874 Kalendario
1289 4799 1717 4874 Mersehurgeusi
1763 4803 1978 4859 comitis
2008 4804 2152 4860 Brun
2187 4813 2234 4869 ι)
2330 4803 2482 4872 (571)
2521 4801 2679 4859 Conf.
2721 4802 2860 4874 Ann.
2896 4758 3135 4857 ilildesh.
3187 4813 3240 4857 et
3272 4801 3548 4874 Lamberti
3579 4843 3596 4866 ,
3635 4818 3687 4854 a.
3722 4772 3830 4874 979.

570 4887 768 4928 nomen
824 4873 1140 4941 inscriptum
1189 4884 1272 4927 est
1321 4889 1380 4927 ιιι
1436 4873 1553 4927 Kal.
1609 4875 1892 4939 Deremb.;
1949 4876 2000 4928 iu
2054 4874 2157 4929 Ne—

572 4943 811 5015 crologio
858 4959 987 4999 veru
1038 4943 1096 4998 S.
1157 4943 1418 4999 Michaelis
1467 4945 1769 5015 Luneburg.
1821 4961 1853 5000 v
1892 4944 2010 4999 Kal.
2054 4946 2156 5001 Dc-

574 5015 791 5153 ωἳὲὣ)
833 5084 985 5139 Diem
1016 5085 1368 5140 emortualem
1404 5086 1544 5140 hanc
1578 5085 1815 5140 Odelrici
1846 5085 2009 5140 habet
2051 5085 2159 5139 Ka-

574 5154 872 5225 lendariuin
899 5153 1233 5225 Mersehurg.
1259 5159 1448 5210 Annus
1474 5155 1572 5209 fuit
1594 5156 1720 5208 975.

646 5222 794 5300 (“568)
834 5224 987 5289 Quod
1036 5222 1215 5300 tamen
1283 5228 1468 5300 omisit
1525 5234 1731 5280 noster.
1789 5223 1946 5278 Conf.
1997 5239 2156 5293 supra

2333 4867 2482 4943 (572)
2524 4873 3009 4943 Congregatiunem
3036 4872 3527 4943 sanctimmtialium
3554 4874 3607 4924 in
3631 4872 3831 4940 propria

2261 4947 2396 5001 urbe
2445 4943 2699 4998 Alsleben
2748 4943 2813 4996 ad
2845 4943 3025 4996 Snlam
3070 4942 3290 4996 ﬂuvium
3342 4946 3470 5006 sila,
3522 4944 3576 4995 in
3646 4944 3834 4996 liotore

2263 5016 2322 5071 S.
2385 5013 2614 5070 Joannis
2670 5013 2945 5082 Baptistae,
2983 5030 3012 5066 a
3066 5015 3263 5068 comite
3312 5012 3529 5067 Gt'l'Uile
3581 5013 3697 5082 ipso
3732 5013 3831 5080 jam

2263 5087 2540 5140 fundatam
2586 5098 2728 5147 esse,
2756 5081 2921 5139 recte
2972 5085 3133 5138 tradit
3180 5086 3633 5153 chronographus
3679 5081 3828 5139 Smn,

2263 5164 2498 5221 testante
2546 5170 2763 5223 quoque
2801 5157 2992 5209 charta
3048 5156 3395 5223 imperatores
3442 5154 3659 5208 Ottouis
3715 5154 3826 5202 tlala

2263 5240 2314 5278 a.
2376 5225 2503 5290 979,
2551 5223 2677 5278 Maii
2728 5222 2819 5288 ΞΟ,
2877 5241 2983 5293 qua
3037 5222 3406 5279 fundationem
3457 5225 3599 5278 hanc
3646 5223 3826 5276 contir-
