4042 5300
237 372 380 426 H33

1477 364 1887 424 CllllOMCON.
1917 397 1983 406 --
2009 365 2132 420 LIB.
2177 367 2259 421 Ill.

3371 361 3505 416 1234

236 488 358 542 liter
413 485 661 557 migravit
707 485 774 540 ad
814 483 1088 540 Christum
1122 483 1190 539 12
1227 482 1494 539 Kalendas
1538 481 1684 536 Junii
1723 482 1814 534 “°.
1851 490 1893 543 Α
1923 485 2210 548 carissime,
2246 482 2386 537 vales
2409 482 2784 536 considerare?
2810 481 2892 538 Ad
2923 481 3037 536 hmc
3068 478 3506 550 archiepiscopus

234 577 407 648 Hujus
433 592 630 645 corpus
661 581 726 630 ad
757 575 1082 630 lvikanstem
1110 576 1179 608 διι
1211 576 1358 647 (576)
1391 576 1629 631 delatum
1657 585 1820 643 atque

234 669 560 724 sacerdotali
594 679 856 738 apparatu
893 669 1168 731 vestitum,
1203 670 1418 738 navigio
1456 669 1524 723 ad
1569 668 1821 737 Magulla-

232 761 370 831 burg
403 776 574 830 usque
600 761 886 816 deductum
927 769 1031 822 est,
1073 759 1432 830 ﬂebiliterque
1467 777 1497 814 a
1533 760 1822 814 conti-atri-

235 855 335 908 bus
364 863 418 907 et
449 853 683 906 maxime
713 869 740 904 a
775 853 1055 905 monachis
1099 862 1430 921 susceptum,
1474 851 1822 906 commenda-

235 953 346 996 tum
374 952 454 997 est
485 942 553 996 ab
583 942 804 1012 egregio
831 952 1034 995 sancta:
1076 941 1530 996 llalverstidensis
1559 941 1821 996 :ecclesia:

234 1033 490 1101 episcotio
540 1032 875 1087 llilliwardo.
911 1029 1123 1084 favente
1165 1031 1266 1084 sibi
1311 1032 1582 1102 llardingo
1624 1031 1822 1088 abbate

228 1125 561 1197 venerando,
597 1126 647 1178 in
683 1125 860 1178 medio
901 1123 1160 1178 arcelesia:
1189 1139 1372 1177 coram
1405 1123 1561 1178 altari
1605 1134 1823 1194 aposto-

232 1213 408 1269 lorum
434 1216 662 1284 Philippi
707 1214 997 1271 etlacubi.
1045 1216 1256 1282 Quanta
1293 1216 1655 1271 sollicitudine
1680 1219 1819 1272 idem

233 1306 336 1360 sibi
399 1307 631 1360 subditis
689 1306 751 1376 (Γ.
788 1307 897 1376 59')
957 1308 1262 1378 iuvigilaret
1320 1310 1595 1379 gregibus,
1654 1309 1823 1365 lector

231 1395 484 1449 attende!
518 1395 889 1465 Sepenumero
926 1399 991 1450 ad
1028 1399 1168 1452 ovile
1209 1400 1382 1453 sancti
1414 1399 1676 1454 Johannis
1723 1401 1821 1455 ba-

229 1487 414 1556 ptista:
440 1489 722 1556 sanctique
756 1488 997 1544 Mauricii
1033 1491 1206 1544 noctis
1234 1491 1451 1546 silentio
1480 1492 1645 1555 venit,
1688 1495 1823 1548 duo-

231 1579 333 1632 bus
371 1587 580 1661 tantum
612 1581 1020 1644 comitantibus,
1054 1583 1396 1651 qualiterque
1425 1583 1728 1640 contratres
1753 1587 1821 1640 ad

230 1675 555 1727 matutinum
581 1676 954 1738 convenirent,
990 1675 1071 1728 vel
1097 1677 1186 1744 qui
1221 1677 1272 1729 in
1298 1677 1617 1732 dormitorio
1645 1693 1822 1732 rema-

228 1774 444 1828 nerent,
478 1780 542 1818 ex
577 1764 870 1833 improviso
903 1769 1210 1833 perspexit;
1241 1776 1297 1820 et
1322 1769 1364 1821 si
1390 1769 1528 1822 bene
1557 1768 1679 1833 fuit,
1712 1770 1820 1825 Deo

227 1855 434 1924 gratias
461 1855 590 1924 egit,
616 1858 697 1908 sin
727 1865 930 1918 autem,
956 1857 1250 1926 culpabiles
1271 1859 1431 1929 digna
1460 1861 1818 1931 castigatione
1854 1829 1898 1889 Β

228 1944 531 2015 redarguit.
575 1945 681 2000 Sed
723 1946 901 2001 clerus
931 1957 985 2000 et
1013 1949 1242 2018 populus
1273 1951 1402 2004 tanti
1430 1931 1600 2020 patris
1631 1952 1820 2008 funere

230 2039 502 2100 turbatus,
541 2038 846 2094 Othtricum
877 2041 947 2071 δ”
979 2041 1309 2097 confratrein
1343 2052 1394 2099 et
1430 2056 1557 2100 tunc
1588 2046 1821 2115 impera-

229 2129 334 2182 turi
364 2129 596 2183 titleliter
617 2131 942 2189 servientem
971 2135 1333 2190 communiter
1356 2137 1621 2208 eligerunt
1649 2139 1701 2192 in
1726 2140 1821 2193 do-

228 2219 440 2273 minum
471 2233 525 2274 et
551 2223 1010 2292 archipresulem;
1041 2229 1292 2296 quamvis
1334 2228 1437 2285 hoc
1473 2231 1617 2285 nullo
1657 2232 1820 2288 modo

223 2326 389 2378 posse
435 2312 558 2372 ﬁeri
613 2317 888 2384 predictus
944 2319 1404 2388 archimandrita,
1462 2324 1587 2377 dum
1640 2326 1819 2382 adhuc

207 2407 438 2462 .viveret
474 2410 718 2478 beneque
768 2411 991 2476 valeret,
1033 2413 1215 2469 multis
1258 2431 1321 2470 ex
1363 2432 1550 2471 eorum
1593 2434 1820 2474 numero

225 2499 447 2567 publice
476 2502 798 2570 prediecrel.
831 2502 966 2558 Cum
993 2505 1136 2558 enim
1163 2507 1450 2577 episcopus
1479 2517 1534 2562 et
1562 2509 1820 2566 Ohtricus

225 2606 526 2660 numquam
555 2594 911 2648 convenirent
952 2595 1216 2661 moribus,
1252 2614 1448 2668 magna
1479 2599 1820 2656 confratrum

224 2689 281 2733 et
315 2680 611 2749 hospitum,
639 2683 764 2752 quia
797 2685 1053 2755 magister
1088 2686 1188 2740 fuit
1220 2689 1397 2754 scolze,
1429 2701 1648 2745 caterva
1682 2691 1820 2748 bene

223 2771 528 2837 elaborata,
572 2775 759 2828 maluit
797 2777 938 2829 idem
970 2778 1139 2841 exire,
1185 2795 1346 2848 quam
1384 2780 1438 2834 in
1486 2784 1820 2839 monasterio

227 2876 582 2932 permanere.
607 2865 744 2921 Huic
763 2882 917 2921 cesar
940 2884 1063 2922 cum
1097 2870 1236 2939 apud
1261 2871 1730 2943 archiepiscopum
1760 2873 1821 2928 li-

223 2957 466 3010 centiam
485 2958 586 3012 sibi
612 2957 907 3014 famulaudi
935 2961 1020 3014 vix
1043 2961 1114 2992 ⁸³³
1147 2964 1484 3032 impetraret,
1515 2967 1742 3035 contigit
1763 2965 1818 3022 in

222 3047 317 3103 die
346 3050 768 3104 resurreccionis
792 3061 1017 3117 sanctae,
1040 3053 1351 3124 episcopum
1377 3056 1444 3110 ad
1471 3056 1690 3110 missam
1720 3072 1817 3126 pa-

224 3149 431 3204 ratum,
484 3141 836 3206 subdiacone,
889 3153 946 3196 ut
995 3160 1110 3198 mos
1153 3155 1261 3210 est,
1307 3157 1552 3201 sanctam
1594 3162 1814 3202 crucem
1846 3173 1892 3237 ο

221 3247 417 3285 coram
444 3241 677 3300 tenente,
708 3235 970 3289 ambabus
995 3237 1224 3290 eandem
1253 3239 1618 3307 complectens
1646 3240 1819 3295 mani-

219 3323 350 3384 bus,
385 3330 443 3376 ut
470 3322 722 3378 Ohtricus
746 3335 797 3378 et
823 3324 912 3379 [co
945 3325 1015 3357 m
1039 3343 1334 3396 numquam
1359 3331 1542 3384 sedem
1576 3331 1819 3400 posside-

219 3420 351 3465 rent
385 3427 559 3477 suan.,
605 3412 664 3483 (f.
708 3414 798 3483 40)
835 3415 1075 3470 Ιιιοτᾷηιίε
1115 3420 1352 3488 postulat
1387 3419 1644 3490 profusis.
1687 3420 1821 3476 Per-

219 3512 353 3558 acto
380 3514 560 3557 auem
592 3505 774 3560 divino
803 3507 1035 3575 pleniter
1060 3510 1388 3574 ministerio,
1419 3527 1542 3566 cum
1581 3513 1718 3568 idem
1745 3516 1814 3570 ad

218 3608 474 3646 mensam
504 3595 739 3660 sederet,
781 3596 1022 3665 prel'atos
1059 3615 1354 3669 numquam
1391 3603 1492 3655 sibi
1534 3618 1818 3658 successu-

221 3701 319 3738 ros
368 3685 545 3754 palam
595 3690 806 3743 cunctis
851 3693 1197 3760 presentibns
1259 3694 1517 3750 innotuit.
1571 3697 1817 3762 Qualiter

220 3788 411 3844 autem
468 3779 574 3832 hoc
614 3781 714 3834 sibi
754 3783 919 3836 fuerit
965 3785 1262 3838 revelatum
1303 3800 1409 3840 non
1453 3789 1685 3856 aperuit,
1717 3803 1818 3844 nec

220 3883 485 3936 umquam
525 3871 652 3924 mihi
684 3873 881 3942 aliquis
912 3874 1166 3930 intimare
1197 3877 1387 3946 potuit.
1425 3877 1553 3933 Post
1584 3889 1814 3935 mortem

147 3959 150 3962 ’
218 3975 445 4029 quoque
489 3962 606 4032 ejus
651 3963 929 4020 Walterdo
979 3968 1080 4020 sibi
1129 3968 1346 4034 dilecto,
1380 3971 1471 4038 qui
1513 3979 1567 4025 et
1613 3971 1817 4028 Dodico

219 4054 550 4120 voeabatur,
580 4064 637 4108 ut
660 4057 771 4125 ipse
803 4058 935 4112 mihi
962 4074 1058 4127 pro
1087 4077 1212 4115 vero
1238 4063 1500 4126 narravit,
1529 4063 1582 4117 in
1607 4065 1815 4122 somnis

219 4144 368 4199 idem
407 4141 626 4213 Cuncta,
666 4166 785 4219 qua:
826 4151 880 4204 in
922 4152 1027 4206 hac
1069 4169 1124 4206 re
1171 4156 1325 4210 vivus
1372 4159 1815 4226 prenuntiaverat

217 4240 512 4307 completi,
565 4243 758 4298 talibus
802 4244 1114 4300 affirmavit.
1166 4246 1263 4303 llic
1307 4249 1361 4302 in
1405 4249 1549 4306 lecto
1603 4254 1815 4321 positus

216 4347 458 4385 excessu
510 4335 709 4390 mentis
755 4337 887 4390 vidit
938 4337 1409 4408 archiepiscopum
1473 4342 1527 4395 in
1583 4345 1813 4399 australi

213 4421 472 4477 ecclesia:
503 4424 691 4493 janua,
739 4444 859 4498 qua:
888 4427 1214 4482 ciniiterium
1260 4433 1500 4500 respicit,
1548 4443 1806 4502 stantem,

1927 583 2052 628 tunc
2082 575 2426 642 prosequitur
2454 591 2466 628 :
2495 571 2602 626 Pro
2630 583 2790 638 certo,
2821 573 3030 638 dicens,
3049 574 3206 636 scias,
3229 571 3505 626 Olitricum

1924 666 2094 718 sedent
2113 683 2398 734 numquam
2416 682 2776 734 possessurum
2801 682 2988 720 meam.
3022 665 3300 722 Universis
3322 674 3504 720 autem

1925 757 2102 811 clerus
2146 766 2202 811 et
2253 755 2502 826 pOpultts,
2549 766 2609 810 ttt
2654 771 2818 825 supra
2874 756 3190 818 memoravi,
3238 755 3505 825 completa

1924 849 2204 914 electione,
2226 850 2490 904 miserunt
2523 848 2911 911 Ekkihardmn,
2951 847 3014 919 (f.
3042 847 3256 919 40’)qui
3288 847 3507 901 diceba-

1926 951 2016 996 tur
2049 941 2241 1007 Rufus,
2275 959 2399 997 cum
2431 942 2710 997 consortio
2745 941 2973 996 aliorum
3005 940 3235 993 fratrum
3270 948 3322 993 et
3367 938 3506 992 mili-

1925 1043 2059 1102 tum,
2085 1036 2175 1106 qui
2208 1036 2349 1090 hanc
2381 1035 2696 1105 imperatori
2731 1034 3056 1088 nunciarent
3089 1041 3142 1087 et
3170 1032 3237 1085 de
3276 1031 3506 1102 promis-

1924 1130 2001 1185 sis
2039 1137 2432 1184 ammonerent.
2471 1128 2572 1195 Qui
2611 1143 2732 1182 eum
2770 1126 2937 1181 Italiae
2979 1135 3180 1197 partes,
3216 1125 3304 1178 ubi
3349 1139 3507 1178 cesar

1927 1235 2054 1279 tunc
2088 1223 2548 1284 commorabatur,
2578 1221 2770 1275 itinere
2796 1220 3140 1289 adtingerent
3166 1218 3258 1283 ⁸³⁸,
3288 1216 3508 1272 Gisilcri

1924 1315 2261 1388 sulfragium,
2302 1315 2394 1384 qui
2445 1313 2584 1384 apud
2631 1313 2994 1383 inperatorem
3043 1319 3169 1366 tunc
3213 1310 3508 1381 plurimum

1926 1408 2160 1471 valebat,
2185 1408 2558 1476 implorantes,
2590 1404 2876 1475 legationis
2912 1419 3022 1457 sua:
3051 1412 3321 1457 secretum
3353 1421 3383 1456 e

1926 1500 2190 1569 aperiunt.
2218 1497 2489 1552 Promissa
2514 1497 2582 1550 ab
2607 1510 2672 1549 eo
2703 1504 2786 1549 est
2824 1495 2928 1548 hiis
2958 1492 3130 1547 ﬁdelis
3156 1491 3503 1551 intercessio.

1923 1589 2332 1660 cetnpleturque
2355 1587 2456 1641 sibi
2481 1586 2692 1641 cunctis
2721 1585 2968 1655 proxima
2993 1584 3045 1638 in
3067 1583 3322 1638 omnibus
3345 1583 3508 1637 bene-

1924 1680 2158 1734 volentia
2213 1680 2304 1733 "°.
2365 1679 2608 1749 Namque
2664 1687 2724 1733 ut
2780 1678 2964 1732 audita
3017 1675 3227 1732 cesaris
3284 1675 3508 1729 auribus

1925 1770 2224 1831 instillavit,
2265 1769 2493 1839 pedibus
2531 1769 2751 1838 supplex
2787 1766 3113 1830 advolvitur,
3146 1765 3413 1836 promissa
3455 1773 3510 1819 et

1924 1863 2013 1916 diu
2053 1869 2334 1931 expectata
2375 1859 2521 1928 longi
2567 1858 2771 1914 laboris
2810 1856 3018 1926 prcmia
3058 1855 3358 1926 postulans,
3401 1855 3507 1909 Deo

1923 1955 2023 2010 hoc
2040 1955 2430 2017 consentiente,
2455 1952 2702 2022 protinus
2725 1951 2982 2020 impetrat
2999 1948 3113 2022 (an;
3131 1949 3279 2018 981).
3310 1947 3506 2018 Egres-

1922 2065 2015 2106 sus
2057 2058 2237 2104 autein
2290 2049 2660 2117 interrogatur
2703 2061 2734 2099 a
2783 2044 3010 2107 nuntiis,
3059 2051 3114 2097 et
3158 2042 3394 2096 maxime
3439 2042 3506 2094 ab

1922 2139 2201 2206 Ohterico,
2230 2141 2319 2210 qui
2353 2155 2410 2195 se
2440 2139 2563 2192 ﬁdei
2588 2138 2789 2193 suimet
2820 2135 3050 2190 ﬁrmiter
3078 2132 3506 2194 commendavit,

1922 2235 1967 2289 si
1993 2234 2120 2303 quid
2160 2233 2212 2287 in
2240 2231 2342 2286 sibi
2371 2231 2594 2285 creditis
2628 2227 2925 2299 proliceret
2945 2226 3125 2296 ,‘quod
3157 2225 3245 2278 vix
3273 2225 3385 2279 suis
3413 2238 3508 2277 ue-

1921 2325 2268 2382 cessitatibus
2305 2325 2358 2379 in
2391 2325 2492 2378 hoc
2519 2319 2854 2386 subveniret,
2886 2318 3184 2390 respondit.
3223 2315 3508 2386 Corruptis

1923 2427 2036 2473 tum
2091 2417 2319 2488 pecunia
2374 2416 2588 2471 cunctis
2642 2414 2710 2446 "“
2766 2413 3107 2485 primatibus,
3165 2409 3508 2476 maximeque

1923 2509 2205 2570 Romanis,
2234 2509 2430 2577 quibus
2460 2515 2654 2561 cuncta
2688 2515 2814 2560 sunt
2841 2517 3058 2572 semper
3092 2497 3330 2564 venalia,
3359 2497 3507 2567 judi-

1923 2601 2096 2664 cibus,
2136 2600 2370 2669 qualiter
2408 2599 2474 2652 ad
2517 2597 3048 2666 archiepiscopatum
3080 2593 3260 2662 aliqua
3288 2591 3508 2646 racione

1922 2690 2152 2756 veniret,
2188 2689 2420 2758 primum
2454 2697 2666 2742 secreto
2695 2685 2756 2755 (Γ.
2792 2685 2884 2754 41)
2929 2683 3159 2738 revolvit
3202 2682 3508 2750 deindeque

1921 2782 2099 2854 palam
2129 2781 2308 2839 domni
2337 2795 2486 2850 papa:
2510 2777 2786 2834 Benedicti
2816 2776 3056 2847 septimi,
3088 2775 3179 2845 qui
3213 2773 3285 2807 m
3313 2773 3393 2829 sic
3414 2788 3507 2828 vo-

1898 2876 2150 2933 ‘c:ibatur
2206 2890 2271 2930 ex
2331 2889 2559 2929 numero
2616 2870 3025 2943 precedentium
3081 2869 3502 2939 equivocorum,

1920 2967 2122 3022 obnixe
2165 2967 2297 3037 petit
2344 2965 2626 3029 auxilium,
2673 2964 2839 3032 quod,
2887 2977 3010 3016 cum
3069 2961 3233 3016 tutius
3277 2957 3507 3014 consilio

1922 3066 2140 3115 senatus
2162 3057 2206 3112 si
2238 3064 2417 3128 posset
2444 3053 2704 3125 impendi,
2729 3069 2794 3107 ex
2819 3066 2915 3106 sua
2945 3058 3098 3121 parte
3120 3049 3221 3104 sibi
3253 3056 3506 3118 paratum

1923 3149 2039 3204 fore
2068 3157 2124 3204 et
2161 3149 2249 3202 hic
2288 3146 2558 3218 promisit.
2597 3143 2839 3198 Positum
2869 3149 2953 3197 est
2993 3140 3180 3195 Ruina:
3210 3136 3509 3194 concilium

1923 3241 2208 3313 generale;
2236 3237 2625 3309 sapientissimi
2649 3234 3001 3300 conveniunt,
3031 3232 3390 3302 impleturque
3414 3227 3508 3282 illa

1921 3331 2169 3388 Jeremia:
2193 3330 2507 3400 prophetia:
2542 3326 2815 3393 Quomodo
2839 3324 3175 3377 obscuratum
3200 3329 3272 3374 est
3290 3333 3508 3384 aurum,

1921 3434 2152 3480 mutatus
2173 3433 2244 3478 est
2264 3423 2408 3477 color
2430 3422 2653 3492 Optimus
2678 3417 2812 3490 (Jer.
2841 3433 2912 3481 tv,
2942 3416 3020 3487 1),
3048 3422 3102 3470 et
3124 3421 3340 3469 caetera.
3363 3409 3502 3463 Nam

1900 3531 2044 3572 'cuvn
2067 3515 2281 3586 judices
2330 3514 2398 3568 ab
2426 3510 2724 3582 apostolico
2754 3509 3223 3577 interrogarentur
3244 3503 3289 3558 si
3316 3501 3508 3556 liceret

1919 3610 2209 3668 Gisilerum
2272 3603 2580 3678 promoveri
2645 3603 2712 3657 ad
2769 3599 3324 3669 archiepiscopatum,
3376 3592 3507 3662 quia

1919 3709 2124 3754 certam
2163 3712 2269 3751 non
2315 3696 2539 3750 haberet
2579 3701 2707 3746 tunc
2736 3689 2941 3754 sedem,
2996 3688 3090 3744 sed
3139 3684 3208 3740 ab
3251 3683 3508 3754 episeopo

1919 3791 2139 3861 injuste,
2170 3800 2228 3842 ut
2256 3801 2472 3856 semper
2499 3786 2570 3841 sit
2595 3791 2842 3854 questus,
2876 3780 3114 3836 ablatam
3147 3775 3506 3838 Hildiwardo.

1918 3882 2183 3939 caruisset
2209 3881 2471 3934 hactenus
2499 3893 2662 3948 quatn
2701 3873 3009 3946 possiderat
3048 3889 3062 3926 :
3100 3880 3227 3924 tunc
3266 3869 3371 3924 hoc.
3403 3882 3504 3921 au-

1917 3973 2172 4030 ctoritate
2214 3972 2475 4027 canonica
2513 3968 2794 4040 percipere
2822 3966 2946 4035 jure
2985 3962 3291 4031 meritoque
3322 3959 3506 4015 verbis

1919 4066 2259 4121 atlirmabant
2307 4072 2361 4120 et
2407 4061 2692 4131 exemplis,
2747 4058 2990 4115 Davitica
3040 4053 3506 4123 transgredientes

1918 4159 2123 4215 monita
2152 4177 2165 4212 :
2197 4156 2352 4212 Recte
2366 4152 2744 4226 judicate,/ilii
2759 4151 3028 4205 hominum
3054 4145 3227 4221 (Psal.
3256 4161 3386 4208 Lvn,
3410 4143 3502 4215 2);

1916 4264 1967 4307 et
1995 4251 2121 4306 iliud
2149 4271 2160 4305 :

1917 4346 2206 4413 Corruptus
2213 4345 2382 4414 judex
2397 4340 2584 4410 nequid
2597 4340 2888 4393 discernere
2902 4350 3100 4390 verum.
3122 4331 3278 4405 (Hea.
3301 4329 3508 4398 11,2,8.)

1986 4437 2224 4502 Lector,
2271 4436 2433 4490 crede
2492 4433 2663 4496 mihi,
2727 4428 2870 4500 quod
2925 4427 3073 4497 piget
3125 4433 3289 4494 atque
3346 4420 3511 4493 pudet

212 4515 566 4584 eundemque
606 4519 756 4586 quasi
791 4518 1021 4572 Romam
1059 4534 1182 4600 cum
1216 4523 1407 4578 baculo
1445 4525 1644 4580 suimet
1688 4543 1810 4596 per-
1841 4529 1888 4588 Ι)
1917 4545 2003 4585 me
2054 4529 2139 4582 his
2194 4526 2348 4595 longe
2413 4523 2726 4578 inferiorem
2776 4522 2879 4574 hoc
2955 4517 3136 4572 verbis
3191 4527 3462 4584 exponere
3491 4551 3506 4575 ο

212 4621 356 4676 gere
390 4608 690 4676 cupientem
726 4611 831 4666 hiis
856 4610 926 4642 διδ
957 4615 1300 4681 exasperavit
1332 4617 1512 4673 verbis
1547 4636 1558 4671 :
1603 4618 1679 4672 illi
1707 4619 1813 4673 Do-

208 4696 366 4759 dico,
394 4710 448 4751 ut
479 4701 604 4770 quid
633 4701 701 4732 *ιδ
724 4720 895 4756 meum
918 4703 1024 4756 alio
1050 4703 1118 4735 “7
1141 4705 1376 4774 prebebis
1400 4709 1650 4762 honorent
1665 4710 1686 4763 .'
1715 4709 1814 4765 Cui

209 4790 560 4856 respondens
588 4792 632 4847 is
668 4811 680 4847 :
716 4794 926 4859 Nonne,
967 4794 1161 4863 inquit,
1208 4798 1261 4850 in
1302 4797 1438 4850 tristi
1473 4814 1587 4852 meo
1627 4798 1811 4854 habitu

208 4893 332 4932 non
370 4881 699 4950 vo'untatem,
738 4885 832 4940 sed
880 4885 1240 4942 oboedientiam
1293 4887 1368 4919 ⁴¹⁸
1402 4889 1598 4954 solum,
1637 4892 1813 4944 senior

1922 4620 2064 4691 quod
2099 4620 2172 4674 hii
2203 4623 2272 4674 ob
2297 4623 2604 4688 presentem
2636 4629 2700 4669 ae
2742 4611 2983 4666 futurum
3014 4609 3272 4679 pudorem
3321 4603 3508 4659 nolue-

1926 4718 2052 4766 runt
2093 4709 2366 4763 omittere.
2397 4706 2729 4773 Merseburg,
2779 4719 2899 4772 qua:
2943 4714 3115 4766 usque
3163 4695 3225 4766 (Γ.
3263 4693 3372 4763 41‘)
3405 4692 3513 4744 huc

1925 4801 2222 4859 liberaliter
2245 4803 2315 4834 ⁸³³
2342 4789 2744 4860 dominabatur,
2775 4793 3035 4850 mcclesize
3062 4782 3514 4847 Halverstidensi,

1922 4896 2050 4952 sede
2075 4894 2366 4965 episc0pali
2391 4876 3520 4952 destructa,subditur(577),etGisilerus,
3559 4964 3562 4965 ν
3605 4907 3612 4916 .

1501 5045 1738 5104 VARIE
1794 5047 2198 5110 LECTIONES.

293 5157 362 5188 ⁸¹⁰
399 5157 519 5212 Julii
545 5159 676 5214 Ann.
701 5159 844 5214 Sax.
877 5153 1232 5214 Emortualem
1271 5157 1587 5214 {Ethelberti
1611 5170 1836 5214 testatur
1862 5171 2023 5214 ριῑίιηι
2056 5161 2338 5214 Necroloa.
2371 5159 2664 5214 Lunebura.
2742 5154 2807 5184 ⁸¹¹
2850 5149 3201 5214 gEVikcnSleﬂ
3240 5150 3320 5201 ίεο

3389 1399 3532 1454 ἰδίο.

3348 5120 3350 5122 ’
3403 5139 3479 5172 us
3502 5137 3539 5188 ιι

3565 5033 3578 5078 i
