4042 5300
569 410 712 466 1255

1491 411 1871 469 THIETMARI
1911 409 2535 471 MERSEBURGENSIS
2574 414 2883 472 EPlSCOPl

3702 422 3836 479 ηδε

568 510 813 596 ejusdem
863 543 971 583 non
1015 535 1201 597 pastor
1241 526 1336 582 sed
1385 527 1786 594 mercenarius,
1834 528 1903 584 ad
1951 528 2152 596 majora
2181 525 2231 596 Α
2260 527 2603 598 respicientia
2649 529 2820 586 divisa
2865 537 2994 586 sunt
3038 530 3458 598 miserabiliter,
3502 532 3838 591 Sclavonicz

569 635 785 690 semper
809 621 1054 685 tendens,
1101 619 1407 675 desiderata
1438 617 1472 674 4
1501 619 1626 675 ldus
1654 619 1990 690 Septembris
2030 636 2151 690 per-

569 712 736 781 cEpit,
767 711 1037 781 proverbii
1091 727 1194 766 non
1245 726 1453 766 memor
1498 710 1684 766 illius:
1737 713 1947 778 Quanto
1985 712 2153 767 alcior

567 806 793 876 gradus,
845 817 992 859 tanta
1033 806 1244 876 gravior
1277 806 1337 874 fit
1377 823 1529 860 casus
1569 804 1664 877 (cf.
1710 804 1870 860 Prov.
1914 821 2027 869 xvx,
2071 805 2147 875 8).

566 897 726 954 Certe
752 899 795 954 si
822 898 1080 953 voluisset
1126 899 1172 954 is
1212 898 1266 952 in
1298 914 1429 954 cura
1471 899 1573 955 sibi
1602 900 1805 954 credita
1837 899 2148 969 persistere,

564 1006 780 1046 onmem
823 991 1140 1061 scrupulum
1168 990 1222 1044 in
1251 991 1436 1061 aliquo
1462 992 1561 1047 sibi
1589 1008 1846 1062 umquam
1877 990 2147 1046 obsisten-

566 1094 674 1137 tetn
720 1082 1062 1152 imperatoris
1111 1081 1314 1137 auxilio
1373 1083 1641 1152 potuisset
1692 1082 1988 1153 expellere,
2040 1097 2152 1138 ma-

564 1193 836 1249 gnamque
862 1177 1209 1232 securitatem
1238 1191 1302 1230 ac
1342 1191 1522 1232 rerum
1553 1176 1878 1233 afﬂuentiam
1921 1186 2150 1232 cuncta.

567 1282 686 1321 rum
712 1267 814 1321 sibi
845 1268 1068 1337 suisque
1095 1268 1504 1323 successoribus
1529 1267 1760 1324 eilicere.
1787 1268 1891 1324 Sed
1909 1269 2034 1339 quia
2057 1269 2148 1324 Dei

556 1357 762 1426 judicia
807 1368 935 1414 sunt
986 1360 1292 1416 buutinibus
1339 1359 1580 1425 occulta',
1626 1377 1919 1432 numquam
1967 1371 2147 1415 autem

561 1449 788 1521 injusta,
821 1466 926 1506 non
955 1451 1048 1505 illo
1087 1451 1160 1483 ⁸³³⁵
1187 1451 1382 1515 solum,
1411 1452 1504 1506 sed
1540 1453 1919 1507 communibus
1952 1453 2150 1506 nostri-

561 1555 674 1600 met
725 1545 918 1617 inputo
963 1545 1239 1615 peccatis,
1291 1546 1488 1616 quibus
1536 1545 1851 1601 domesticis
1892 1546 2148 1616 quicquid

562 1636 784 1691 adversi
828 1637 1027 1692 accidit
1057 1637 1204 1705 juste
1235 1637 1576 1697 asscribitur.
1609 1636 1870 1693 Obtricus
1896 1651 2025 1692 vero
2049 1637 2149 1691 Be-

565 1740 859 1783 neventum
901 1739 1086 1799 postea
1123 1730 1348 1785 veniens
1381 1731 1706 1785 inﬁrmatur.
1734 1729 2022 1785 Confratcr
2079 1731 2146 1762 ⁸⁸⁸

565 1838 738 1884 meus,
774 1822 991 1877 nomine
1039 1821 1389 1884 lluswardns,
1423 1831 1481 1875 ut
1525 1823 1654 1878 mihi
1686 1823 1868 1878 retulit
1894 1824 1989 1888 η’,
2017 1823 2148 1876 vidit

563 1911 613 1966 is
637 1912 895 1966 assistere
921 1912 1019 1966 sibi
1052 1910 1502 1978 ίΕιΙιθΙΙυιιειι¹⁵²⁶,
1525 1913 1857 1984 prepositum
1875 1914 2145 1983 quondam

561 2013 807 2058 nostrum
844 2004 992 2075 (378)
1025 2004 1118 2059 sed
1146 2013 1272 2059 tunc
1300 2002 1639 2069 defunctum,
1671 2018 1940 2060 annonam
1973 2003 2147 2059 sancti

561 2093 806 2149 Mauricii
840 2095 1052 2150 eminus
1078 2095 1178 2150 sibi
1216 2094 1604 2165 porrigentem.
1633 2095 2013 2166 Expavescens
2051 2095 2146 2150 tali

558 2185 791 2250 visione,
820 2185 961 2241 idem
993 2204 1006 2240 :
1032 2186 1236 2250 Cernis,
1261 2187 1470 2255 inquid,
1503 2187 1670 2255 frater
1703 2187 1942 2254 aliquid?
1965 2188 2030 2242 Et
2054 2205 2148 2244 cx-

558 2294 769 2348 ponens
797 2279 846 2333 ei
875 2279 1068 2334 ordine
1117 2289 1311 2334 cuncta
1347 2297 1360 2333 :
1405 2277 1476 2333 Ve
1506 2279 1833 2343 mihi,dixit,
1863 2281 2052 2335 misero
2099 2290 2149 2336 et

559 2372 843 2440 peccatori,
871 2372 1011 2441 quod
1039 2388 1285 2441 umquam
1329 2373 1707 2424 monasterium
1735 2371 1938 2426 meimet
1965 2383 2010 2426 et
2033 2373 2148 2428 obe-

559 2460 815 2514 dientiam
856 2461 925 2514 ad
955 2461 1288 2515 ambitionem
1319 2460 1380 2529 (Γ.
1405 2460 1494 2529 Η)
1525 2457 1799 2530 άενειὶιγιιί,
1823 2472 1870 2515 et
1897 2463 1942 2516 si
1971 2462 2148 2517 divina

557 2551 780 2622 largitas
828 2550 1062 2610 aliquam
1091 2552 1218 2606 milii
1262 2552 1543 2606 concedere
1584 2552 1836 2623 dignatur
1868 2553 2150 2609 sanitatem

559 2642 783 2711 supplex
812 2651 914 2696 nuc
939 2643 1111 2706 venio,
1151 2658 1538 2713 numquamque
1566 2645 1768 2698 recedo.
1794 2644 1941 2701 Talia
1965 2661 2150 2716 prose-

558 2742 800 2803 quutus,
849 2734 1167 2788 infirmitate
1220 2733 1470 2789 validiori
1513 2735 1872 2804 opprimitur,
1924 2747 1980 2792 et
2029 2747 2150 2806 post

557 2839 766 2894 paucos
793 2823 910 2879 dies
935 2823 988 2878 in
1019 2821 1229 2894 prefata
1256 2823 1479 2878 civitate
1510 2822 1689 2880 Nonas
1711 2824 1963 2881 Octobris
1999 2826 2147 2898 (379)

562 2917 794 2970 moritur
816 2933 881 2972 ac
913 2916 1191 2986 sepelitur,
1227 2931 1332 2970 non
1365 2916 1530 2971 ullum
1567 2917 1833 2988 sapientia
1861 2926 2026 2988 atque
2067 2919 2148 2974 fa-

558 3008 760 3063 cundia
791 3008 892 3063 sibi
921 3008 1230 3078 reliuqucus
1255 3009 1508 3067 similem.

632 3099 688 3154 9.
705 3098 968 3155 Gisilcrus
988 3107 1190 3165 autent,
1216 3111 1433 3170 accepta
1454 3100 1522 3154 ab
1540 3099 1866 3170 imperatore
1896 3101 2144 3167 licencia,

2254 619 2360 674 ritu
2403 619 2644 687 familiae,
2687 637 2808 691 qua:
2855 631 3112 677 accusata
3151 622 3299 696 (581)
3329 626 3701 682 venundando
3733 629 3838 685 dis-

2253 711 2494 781 pergitur
2514 713 2684 784 (382).
2714 711 2846 768 Pars
2865 713 3215 783 episcopatus
3251 716 3445 781 nostri,
3468 732 3596 787 quae
3625 718 3840 788 jacebat

2252 799 2395 856 inter
2423 801 2605 857 Salam
2633 813 2690 859 et
2716 803 2951 859 Elstram
2981 819 3047 859 ac
3085 804 3302 860 Mildam
3329 805 3544 873 ﬂuvios,
3571 819 3632 863 et
3659 810 3836 879 plisni,

2253 893 2406 947 Vedu
2456 893 2604 964 (583)
2649 904 2706 951 et
2748 893 3046 952 Tucbttrini
3087 897 3240 968 (585)
3285 913 3472 970 pagos,
3524 915 3654 955 cum
3705 902 3840 956 villis

2252 981 2460 1040 Passini
2493 985 2641 1056 (585)
2670 995 2726 1041 et
2757 986 2960 1043 Piscini
2980 987 3154 1058 (586),
3178 987 3487 1045 Fritherico
3519 989 3584 1061 (Γ.
3615 991 3732 1062 42‘)
3756 993 3840 1044 Ci-

2253 1074 2443 1130 ticensi
2469 1077 2628 1132 datur
2649 1079 2925 1149 episcopo.
2943 1077 3220 1135 Wolcoldo
3233 1079 3304 1112 ⁴¹⁸
3325 1089 3526 1146 autem.
3555 1081 3842 1136 Misnensis

2250 1165 2510 1222 :ecclesice
2539 1168 2792 1232 antistiti,
2832 1183 2957 1238 pars
2985 1169 3075 1224 illa
3105 1169 3424 1226 conceditur
3452 1187 3578 1224 cum
3609 1171 3842 1242 adpcni-

2250 1257 2504 1312 nentibus
2540 1259 2681 1315 villis
2724 1258 3032 1330 Wissepuig
3068 1269 3122 1316 et
3170 1259 3483 1318 Lostatawa
3517 1261 3701 1332 (387),
3727 1279 3841 1332 qute

2250 1350 2317 1404 ad
2346 1349 2527 1405 Gutizi
2553 1349 2624 1383 δ”
2645 1352 2966 1408 orientalem
2997 1353 3253 1422 pertinet,
3282 1371 3345 1410 ac
3369 1354 3550 1409 ﬂuviis
3576 1355 3838 1409 Camimt-i

2249 1442 2481 1514 Albique
2515 1444 2895 1516 distinguitur;
2929 1446 3031 1501 sibi
3063 1457 3244 1502 autem
3276 1447 3500 1502 retinuit
3522 1447 3597 1478 ⁸³⁸
3621 1447 3658 1502 9
3688 1448 3840 1501 urbes

2249 1552 2479 1606 quarum
2511 1546 2640 1593 sunt
2659 1539 2777 1594 haec
2807 1539 3023 1594 nomina
3060 1557 3072 1594 :
3108 1539 3352 1602 Scudici,
3379 1540 3584 1610 Cotug,
3613 1537 3836 1600 Vurrin,

2252 1627 2428 1700 Bigni,
2459 1628 2685 1700 Hilburg
2709 1630 2998 1696 "‘,Dibni,
3031 1629 3182 1702 Paug
3210 1631 3301 1696 ⁸⁸³,
3332 1630 3624 1685 Liubanici
3656 1639 3712 1684 et
3737 1629 3836 1684 Gc-

2251 1723 2457 1777 zerisca
2487 1722 2658 1793 (588).
2691 1724 2975 1794 Precepta,
3007 1741 3129 1794 quin
3154 1740 3375 1779 nmnera
3403 1724 3612 1795 regalia
3642 1740 3738 1779 seu
3767 1726 3838 1778 in-

2250 1815 2457 1885 peralia
2487 1815 2822 1880 detinebant,
2853 1825 2945 1870 aut
2987 1817 3097 1887 igni
3142 1817 3516 1881 comburebat,
3553 1826 3653 1869 aut
3691 1816 3838 1870 πειθ-

2251 1905 2346 1960 site
2377 1921 2489 1960 suae
2519 1915 2730 1962 mutato
2757 1907 2976 1960 nomine
3006 1905 3277 1977 designari
3318 1905 3446 1961 fecit
3485 1906 3669 1978 (389).
3699 1905 3839 1959 Man-

2251 1994 2392 2066 cipia
2421 2004 2477 2051 et
2503 1992 2697 2061 ttﬁum,
2739 1997 2880 2066 quod
2910 1994 3224 2066 Merseburg
3247 1998 3518 2068 respicere
3543 1998 3758 2057 debuit.
3780 2013 3839 2051 ne

2251 2103 2509 2158 umquam
2558 2088 2928 2157 colligeretur,
2976 2098 3168 2160 sponte
3207 2090 3502 2160 dispergit;
3558 2091 3838 2144 abbaciam

2253 2179 2324 2235 ibi
2355 2180 2547 2234 statuit
2589 2179 2762 2249 (390),
2791 2179 3077 2250 eidemque
3114 2180 3418 2236 Ohtradum
3446 2182 3518 2214 ⁵³³
3550 2182 3728 2252 (⁸591),
3757 2199 3838 2236 ve-

2251 2271 2549 2326 nerabilem
2581 2270 2650 2325 dc
2692 2281 2883 2326 sancto
2911 2270 3160 2327 Jobanne
3203 2275 3558 2337 monachum,
3590 2273 3838 2344 prefecit.

2252 2361 2486 2433 Postque
2509 2362 2830 2420 lleimonem
2861 2366 2926 2419 de
2955 2365 3144 2420 eodem
3174 2367 3513 2423 monasterio
3537 2368 3838 2423 consLituit.

2252 2453 2362 2510 Sed
2408 2470 2532 2525 qute
2575 2471 2664 2511 res
2698 2455 3133 2512 destruccionem
3163 2459 3304 2514 hanc
3354 2459 3838 2530 subsequerentur,

2251 2547 2424 2603 lector
2450 2549 2698 2604 attende!

2322 2639 2410 2696 10.
2438 2640 2640 2698 Gentes
2676 2656 2797 2712 qua:
2831 2651 3078 2714 suscepta
3102 2641 3762 2715 Cbristianitate'regibus
3789 2655 3838 2699 et

2252 2730 2655 2802 inperatoribus
2687 2735 2970 2790 tributario
3021 2735 3346 2796 serviebant,
3383 2736 3653 2805 superbia
3685 2735 3837 2790 ’Πήρ-

2251 2824 2386 2879 drici
2419 2824 2574 2880 ducis
2602 2836 2929 2896 aggravata,
2957 2826 3374 2896 presumpcione
3412 2826 3666 2880 unanimi
3694 2844 3836 2881 arma

2251 2925 2658 2972 commoverant.
2707 2918 2820 2988 (an.
2867 2917 3051 2987 983?).
3103 2917 3258 2984 Quod
3302 2917 3440 2986 patri
3484 2932 3613 2972 meo
3661 2919 3836 2971 comiti

2253 3006 2532 3078 Sigifrido,
2563 3009 2878 3078 priusquam
2909 3008 3086 3072 ﬁeret,
3118 3009 3200 3062 sic
3226 3007 3528 3063 revelatum
3557 3018 3666 3062 est.
3703 3007 3837 3060 Vidit

2254 3099 2308 3153 in
2335 3099 2540 3154 somnis
2566 3114 2748 3153 aerem
2779 3098 2923 3154 nube
2951 3098 3120 3153 densa
3149 3106 3589 3160 contractutn,et
3613 3114 3711 3166 pre
3732 3115 3836 3151 ain-

557 3189 929 3260 Magadaburg
956 3190 990 3244 2
1020 3189 1286 3245 Kalendas
1331 3192 1666 3257 Decembris,
1699 3191 1987 3248 Thiedrico
2040 3195 2149 3249 Με-
2178 3229 2222 3292 C
2257 3191 2573 3257 miracionc,
2598 3191 2658 3262 (Γ.
2687 3191 2778 3260 45)
2810 3190 2940 3260 quid
2989 3189 3093 3244 boc
3135 3199 3282 3244 esset
3332 3197 3717 3259 percontatus,
3746 3206 3835 3242 au-

563 3283 737 3337 tensis
761 3283 1020 3339 azcclesire
1047 3283 1300 3354 episcopo
1324 3284 1470 3355 (580)
1502 3285 1797 3341 comitante
1826 3287 1993 3342 venit.
2026 3288 2151 3344 Fuit
2184 3283 2222 3292 “
2253 3289 2386 3345 divit
2411 3305 2598 3346 vocem
2629 3288 2754 3343 talia
2782 3285 3149 3358 proferentem
3179 3301 3192 3338 :
3238 3285 3398 3340 Nunc
3424 3284 3564 3338 illud
3598 3283 3836 3353 compleri

564 3376 655 3433 bie
703 3377 910 3433 amicus
955 3376 1160 3432 cesaris
1206 3387 1261 3432 et
1297 3378 1454 3433 valde
1481 3379 1531 3433 ei
1575 3393 1756 3444 carus,
1787 3394 2035 3449 unusque
2082 3394 2149 3435 ex
2250 3382 2395 3435 debet
2419 3381 2763 3436 vaticinium:
2791 3377 2942 3433 Pluit
2971 3379 3114 3434 Deus
3137 3393 3294 3444 super
3332 3375 3510 3444 justas
3538 3387 3590 3430 et
3619 3378 3836 3445 injustas

563 3476 796 3525 numero
810 3474 1194 3536 corruptorum
1225 3466 1318 3536 qui
1349 3466 1495 3521 mille
1521 3466 1590 3498 “7
1617 3467 1963 3537 talenta,auri
1987 3477 2152 3539 atque

563 3559 774 3630 argenti
807 3575 904 3630 pro
934 3559 1178 3614 veritatis
1202 3557 1624 3614 obumbracione
1647 3557 1716 3613 ab
1740 3559 2150 3630 archiepiscopo

561 3651 824 3724 percepit.
855 3651 952 3707 Cui
977 3649 1219 3722 quidam,
1249 3664 1372 3705 cum
1409 3649 1478 3704 ab
1507 3649 1697 3704 eodem
1728 3648 1886 3717 jussu
1917 3651 2148 3721 impera-

561 3747 698 3802 toris
726 3746 794 3801 ad
817 3747 1138 3802 matutinam
1157 3742 1480 3812 joculariter
1493 3743 1908 3800 bcnediceretur
1931 3761 1944 3797 :
1971 3743 2146 3800 Saciet

561 3851 632 3902 te,
665 3838 872 3908 inquid,
899 3837 1041 3892 Deus
1069 3839 1124 3893 in
1161 3840 1364 3908 futuro,
1395 3855 1547 3908 quem
1573 3838 1658 3893 hic
1686 3855 1865 3893 onmes
1898 3856 2002 3894 non
2025 3857 2146 3909 pos-

563 3947 746 4004 sumus
787 3947 938 3984 auro.
978 3929 1130 3984 Tunc
1157 3929 1338 3985 omnia
1377 3938 1619 3984 nostram
1653 3929 1802 3999 prius
1839 3931 2140 3986 aacclesiam

2253 3473 2464 3544 (Matth.
2494 3488 2548 3537 v,
2572 3472 2684 3540 45).
2716 3470 2869 3538 Quod
2900 3470 3077 3526 eciam
3120 3468 3156 3524 5
3181 3467 3458 3524 Kalendas
3485 3466 3618 3522 Julii
3644 3466 3835 3526 scelus.

2248 3579 2506 3636 percusso
2537 3565 2591 3620 in
2622 3563 2936 3632 llawelberg
2960 3561 3030 3595 ⁸³³
3049 3560 3286 3632 presidio
3311 3561 3708 3630 destructaque
3739 3558 3834 3612 ibi-

2253 3659 2376 3714 dem
2415 3657 2706 3728 episcopali
2756 3656 3034 3720 cathedra,
3064 3654 3300 3726 primum
3330 3654 3601 3708 exoritur.
3646 3652 3836 3707 Trans-

2255 3750 2395 3806 actis
2409 3759 2588 3804 autem
2612 3749 2774 3803 trium
2799 3748 3000 3818 spaciis
3025 3745 3602 3809 dierum,Sclavorum
3625 3745 3834 3813 conspi-

2253 3851 2370 3896 rata
2405 3856 2596 3896 manus
2633 3839 3176 3908 Brandeburgensem
3206 3836 3612 3907 episc0patum,
3641 3834 3712 3889 30
3745 3851 3832 3888 sn-

2251 3950 2353 3989 nos
2393 3933 2544 4004 (592)
2585 3945 2712 3989 ante
2759 3931 3308 4002 Magadaburgensem
3350 3929 3714 3985 constitutum
3748 3927 3830 3992 ⁸³³.

1858 4021 2091 4078 VARle
2135 4024 2541 4081 LECTIONES.

631 4118 702 4148 W’
723 4116 796 4171 illi
828 4115 907 4170 lc.
983 4115 1053 4147 ⁸²⁵
1085 4123 1143 4170 ut
1185 4132 1259 4170 m.
1298 4133 1343 4170 r.
1376 4116 1503 4169 add.
1536 4115 1615 4170 ib.
1693 4115 1763 4147 m
1787 4115 2088 4173 atltclleken
2119 4121 2178 4174 lc
2202 4121 2228 4174 ?
2299 4119 2367 4151 “7
2397 4119 2540 4173 milia
2570 4118 2653 4172 la.
2732 4114 2803 4147 ⁸⁸⁸
2826 4114 3072 4172 volcoldo
3099 4114 3198 4170 lc?
3294 4113 3366 4146 ⁸⁸⁸
3387 4113 3600 4185 guntizi
3635 4114 3717 4185 la.
3755 4115 3832 4166 sed

559 4191 669 4258 ipse
715 4203 852 4240 corr.

559 4324 732 4398 eraso)
757 4342 807 4382 c.
857 4329 984 4382 add.
1024 4328 1106 4382 ib.
1143 4327 1280 4382 Loco
1311 4325 1480 4382 XXX.
1505 4324 1782 4398 legendum
1829 4336 1902 4381 est
1931 4324 2090 4382 ΧΙΧ.

959 4186 1027 4218 ⁶⁸⁰
1061 4188 1120 4240 lc
1143 4187 1269 4240 add.
1319 4185 1638 4240 Gisilberus.
1716 4185 1783 4217 ‘"
1816 4187 1870 4240 lt.
1903 4204 2111 4247 erasum
2137 4193 2192 4244 in
2236 4192 2284 4246 1.

559 4256 728 4328 primo
744 4273 776 4310 υ
797 4272 948 4311 eraso
972 4257 1021 4310 1.
1051 4257 1139 4310 ubi
1160 4259 1484 4328 etiamdante
1503 4256 1741 4328 presidio
1781 4266 1886 4309 tres
1917 4256 2103 4328 littera:
2127 4278 2292 4316 erasre
2325 4269 2466 4316 sunt.

2362 4191 2431 4222 ω’
2449 4205 2478 4244 a
2502 4205 2713 4244 erasum
2739 4187 2788 4240 1.
2899 4185 2968 4217 ⁸³³
2997 4186 3030 4240 lt
3053 4185 3325 4240 erasumi.
3399 4183 3492 4215 ήδη
3515 4184 3834 4250 hauuelbe'il

2567 4258 2639 4291 ιω
2678 4257 2846 4312 xxx.
2877 4272 2930 4311 a.
2970 4271 3024 4312 a.
3055 4254 3642 4327 magadaburgiensem
3666 4256 3706 4325 (ἱ
3730 4263 3832 4324 po“

2097 4420 2308 4479 NOTAE

655 4511 780 4582 378)
809 4508 1304 4582 Magdeburgensis.

696 4575 784 4652 79)
813 4575 1328 4652 lta'etianrlialend.
1365 4575 1696 4652 blerseburg.

659 4647 784 4724 380)
812 4653 889 4706 De
912 4665 977 4706 eo
1005 4649 1129 4704 vide
1163 4647 1342 4702 Vitam
1370 4647 1506 4718 ejus,
1533 4647 1695 4720 quam
1733 4651 1952 4721 scripsit
1995 4653 2139 4726 Sigi-

561 4727 771 4783 L‘crlus.

634 4794 781 4868 (58!)
813 4795 1072 4868 {accusata
1099 4790 1187 4868 hic
1217 4789 1356 4868 idem
1387 4796 1472 4868 est
1501 4802 1564 4868 ac
1588 4790 1857 4868 damnata.
1876 4792 2033 4868 lituo.

637 4859 786 4940 (.582)
811 4864 1131 4940 Lambertus
1155 4859 1448 4940 Schaittab.
1481 4859 1837 4940 destructioni
1861 4865 2140 4940 episcopa—

562 4929 1006 5004 ms'Merseburg.
1042 4929 1370 5004 annutn982
1422 4931 1682 5004 assignat,
1711 4941 1765 5004 et
1789 4929 1979 4988 auctor
2009 4929 2144 4990 Vitae

559 5007 894 5070 tiodebardi,
915 5002 1151 5074 episcopi
1172 5002 2143 5074 llildesiensis._bancdestructionem

565 5087 723 5132 vocat
745 5072 1223 5146 inconsideratam.
1238 5073 1397 5126 Plura
1431 5073 1496 5127 de
1524 5072 1610 5146 illa
1628 5073 1749 5146 vide
1779 5074 1837 5146 in?
1863 5073 2142 5146 Sagittarii

566 5153 714 5226 ὂίῖῑίι
746 5146 1013 5226 111980⁸1),
1041 5163 1094 5212 ι).
1131 5144 1251 5225 192,
1283 5158 1427 5212 sqq.,
1447 5144 1550 5228 ‘qui
1592 5143 1766 5228 bullas
1791 5143 2148 5228 binas—ponti-

2173 4519 2223 4580 D

2319 4517 2466 4584 (387)
2508 4515 2867 4583 Wiesenburg
2902 4510 3204 4584 etiLostatl
3228 4523 3400 4584 pr0pe_
3447 4505 3674 4584 [luvium
3705 4504 3829 4584 ξιμιτ

2252 4577 2400 4642 datu.
2459 4586 2614 4643 Conf.
2675 4577 2919 4640 chartam
2974 4583 3103 4650 imp.
3160 4577 3402 4634 Heinrici
3451 4577 3538 4643 ll,
3603 4594 3654 4630 a.
3711 4577 3831 4629 tam

2253 4658 2500 4799 M12288).
2522 4727 2777 4799 Sikeudiz,
2824 4723 3142 4799 Qautzsch,_
3162 4717 3719 4799 \Vjttrsen,hPitrber_i,
3757 4715 3831 4768 Ei-

2253 4787 2500 4872 lenburg,
2551 4787 2806 4861 Dueben,
2850 4793 3032 4850 Pouch
3060 4833 3074 4859 ,
3121 4790 3381 4856 Lmbniz,
3439 4787 3825 4854 Gerichshayu.

2256 4869 2471 5010 “[2389)
2508 4936 2674 5007 Cujus
2712 4935 3023 5010 exemplum
3049 4933 3284 4989 vidimus
3320 4932 3374 4986 in
3402 4928 3627 4985 abbatia
3660 4927 3828 4982 Prelde

2255 5027 2307 5066 ν.
2339 5009 2660 5079 supra°cap.
2701 5009 2754 5062 1.
3541 5070 3554 5080 .

2326 5081 2477 5151 (500)
2503 5079 2578 5134 De
2620 5076 2932 5151 fundatione
2977 5074 3223 5151 aldtatize
3257 5089 3298 5151 ει.
3328 5070 3601 5151 gisilartg
3642 5069 3826 5122 Merse-

2257 5140 2424 5230 bu‘rgi
2461 5140 2732 5230 institutae
2776 5147 2972 5230 bullam
3015 5142 3301 5230 lienedicti
3328 5141 3440 5222 Vll,
3470 5141 3530 5194 l’.
3563 5140 3828 5230 Binan-se
