4042 5300
227 257 364 311 1237
1438 247 1846 308 CllllONlL’ON.
1887 279 1956 290 -—-
1996 247 2120 305 LIB.
2161 247 2244 302 Ill.
3355 250 3490 305 1258

229 390 351 429 cum
398 371 510 442 jam
560 371 733 443 prima
786 380 1098 439 sonaretur,
1130 371 1349 438 invasit,
1384 374 1627 443 fugiente
1657 374 1807 443 prius
1839 377 1880 433 Α
1911 370 2026 425 Non
2055 370 2212 425 latuit
2251 368 2353 425 hoc
2380 378 2612 426 nostros.
2643 369 2985 427 Cunveniunt
3011 370 3250 442 episcopi
3277 371 3475 428 Gisile-

229 463 399 519 tercio
426 461 496 493 ⁸³⁸
536 462 779 517 antistite
807 461 1050 530 ejusdem
1077 462 1389 518 Wolcmero
1418 462 1512 525 ⁸³⁷,
1543 473 1597 518 et
1628 462 1809 519 defeu-
1910 476 2004 515 rus
2031 470 2086 517 et
2115 460 2459 515 Hilliwardus
2489 476 2611 515 cum
2646 461 2958 517 marebione
2988 462 3047 533 (f.
3080 462 3173 533 44)
3206 462 3494 519 Thiedrico

228 567 351 606 sore
378 549 493 617 ejus
522 550 590 581 W‘
618 550 908 606 Thietlrico
941 566 1003 606 ac
1035 550 1296 606 militibus
1330 554 1442 621 ipsa
1469 552 1552 608 die
1581 552 1664 606 vix
1682 569 1809 607 eva-
1912 553 2229 621 eceterisque
2276 552 2582 617 comitibus,
2614 553 2872 625 Ricdago,
2902 553 3126 609 liOdone
3164 552 3233 586 “3
3262 564 3317 609 et
3346 553 3496 610 Bini-

228 642 502 697 dentibus.
533 640 722 697 Clerus
750 643 950 697 ibidem
976 644 1211 713 capitur,
1239 652 1295 697 et
1324 643 1532 708 Dodilo,
1566 644 1809 715 ejusdem
1912 663 2068 710 zone,
2106 645 2429 709 Fritherieo,
2462 647 2685 703 Dudone
2733 662 2797 701 ac
2844 655 2999 717 patre
3044 662 3165 703 meo
3214 646 3494 717 Sigifrido,

228 734 374 789 sedis
412 732 641 788 antistes
690 735 957 789 secundus
987 734 1076 799 “°,
1109 735 1201 805 qui
1230 750 1261 789 a
1292 735 1405 790 suis
1433 736 1807 806 strangulatus
1912 738 2141 807 aliisque
2170 737 2239 769 ιδ’
2268 736 2669 807 compluribus;
2708 738 2798 807 qui
2839 750 2897 795 ut
2937 739 3054 794 dies
3082 738 3290 795 sabbati
3322 738 3497 809 primo

230 835 343 880 tres
385 839 559 881 anuos
597 825 770 895 jacuit
800 835 928 880 tunc
968 827 1231 894 sepultus,
1263 841 1294 882 e
1339 826 1545 881 tumulo
1576 827 1807 891 eruitur,
1916 828 2111 888 illuxit,
2146 829 2366 884 missam
2408 846 2599 885 omnes
2632 830 2883 896 audiunt,
2914 846 3113 900 corpus
3151 830 3499 899 animamque

228 930 284 974 et
311 920 523 989 integro
550 918 724 973 adhuc
752 920 869 990 ejus
899 935 1129 989 corpore
1176 935 1237 975 ac
1283 920 1607 976 sacerdotali
1646 935 1811 989 appa-
1915 918 2121 975 caelesti
2151 928 2493 975 sacramento
2523 920 2792 983 muniunt,
2818 920 3112 989 hostesque
3140 920 3329 974 obvios
3358 918 3497 973 fidu-

230 1017 374 1072 ratu,
416 1007 483 1062 ab
515 1009 695 1063 avaris
721 1009 947 1063 canibus
978 1010 1237 1080 predatur
1265 1020 1322 1066 et
1366 1010 1561 1065 iterum
1608 1020 1813 1064 temere
1917 1009 2117 1066 cialiter
2158 1010 2547 1079 inrumpentes.
2574 1009 3213 1079 paucisinunumcollem
3243 990 3502 1079 effugien-

232 1099 541 1168 reponitur;
572 1100 748 1153 omnis
787 1098 1035 1155 aacclesie
1066 1100 1355 1155 thesaurus
1387 1100 1729 1164 distrahitur,
1760 1108 1814 1154 et
1918 1103 2082 1165 tibus,
2112 1111 2465 1171 prosternunt
2501 1104 2671 1174 (597).
2721 1103 2998 1157 Laudatur
3035 1117 3066 1158 a
3105 1103 3401 1157 victoribus
3445 1103 3501 1155 in

232 1188 454 1259 sanguis
512 1188 804 1242 multorum
867 1189 1255 1244 miserabiliter
1317 1189 1633 1244 effunditur.
1686 1189 1815 1244 Vice
1918 1195 2130 1251 cunctis
2194 1193 2333 1250 Deus
2388 1194 2656 1249 mirabilis
2714 1195 3006 1264 operibus,
3066 1194 3515 1264 approbaturque-

232 1279 433 1333 Christi
464 1289 517 1334 et
552 1279 842 1349 piscatoris
873 1279 1114 1347 ejusdem
1140 1280 1467 1336 venerabilis
1492 1280 1637 1335 Petri
1664 1280 1814 1335 varia
1918 1287 2202 1341 veredicus
2232 1286 2299 1317 δυο
2330 1284 2478 1339 Pauli
2514 1284 2662 1356 (598)
2705 1284 2943 1339 doctoris
2981 1298 3161 1338 sermo
3202 1302 3216 1338 :
3267 1284 3389 1338 Non
3428 1293 3507 1337 est

232 1374 563 1429 demoniacae
608 1374 815 1429 heresis
863 1374 1075 1430 cultura
1104 1375 1358 1445 deinceps
1391 1384 1714 1440 veneratur,
1763 1383 1817 1429 et
1917 1381 2197 1450 prudentia
2251 1394 2412 1448 neque
2469 1377 2723 1445 fortitudo
2784 1391 2875 1429 nec
2926 1374 3203 1427 consilium
3260 1375 3509 1428 adversus

232 1463 424 1517 flebilis
457 1464 570 1518 haec
598 1465 837 1519 tnutaeio
868 1482 974 1519 non
1022 1466 1195 1520 solum
1226 1481 1253 1517 a
1286 1465 1597 1535 gentilibus,
1629 1480 1816 1520 verum
1920 1473 2225 1527 Dominum.
2259 1468 2509 1525 Derelicti
2543 1477 2670 1524 sunt
2725 1468 2816 1539 qui
2854 1467 3004 1537 prius
3053 1468 3219 1521 Deum
3251 1480 3510 1537 spernere

232 1555 399 1610 “iam
435 1575 463 1609 δ
491 1556 823 1611 δίπίδίίθηίδ
851 1556 1130 1611 “mum”
1150 1557 1319 1627 (⁵95)·
1920 1576 2387 1637 presumpserunt,
2407 1563 2655 1631 idolaqne
2670 1559 2980 1615 manufacta
3003 1567 3056 1614 et
3080 1558 3505 1638 prorsusinauia

305 1647 393 1700 11.
424 1646 785 1717 Temporibus
812 1649 916 1701 hiis
939 1648 1167 1703 ecclesia
1184 1647 1470 1704 Citicensis
1496 1662 1525 1700 a
1559 1646 1816 1702 Boemio-
1921 1656 2156 1711 creatori
2193 1670 2293 1709 suo
2334 1652 2481 1708 stulti
2526 1661 2945 1721 preposuerttnt.
2976 1648 3345 1719 Appropiaute
3382 1657 3511 1703 tum:

235 1754 357 1793 rum
393 1738 463 1771 ⁸⁸⁸
493 1740 759 1805 exercitu,
792 1739 922 1793 Dedi
962 1739 1030 1771 δ”
1065 1739 1214 1807 (591)
1257 1739 1413 1805 duce,
1447 1747 1602 1809 capta
1643 1748 1727 1794 est
1767 1749 1820 1793 et

1942 1759 2101 1813 nocte,
2127 1746 2437 1817 nostrisque
2465 1760 2492 1799 a
2519 1744 2674 1813 longe
2696 1740 3226 1803 eastrametantibus,
3254 1740 3349 1803 hii,
3372 1756 3511 1809 quos

234 1830 555 1900 depredata,
576 1830 797 1901 HUgone
821 1831 996 1900 primo
1019 1840 1146 1885 tunc
1166 1830 1572 1901 episcopoJiinc
1589 1829 1823 1900 etfugato

236 1924 407 1993 (595).
440 1924 499 1994 (f.
523 1924 945 1993 45’)Posteaque
969 1924 1352 1979 monasterium
1378 1924 1546 1977 sancti
1579 1923 1821 1979 Lauren-

236 2016 304 2069 cii
350 2016 592 2070 martiris
642 2016 696 2070 in
738 2017 871 2070 urbe
912 2030 1032 2086 qua:
1076 2015 1239 2070 Calvo
1287 2014 1358 2046 “°
1408 2015 1626 2080 dicitur,
1662 2016 1823 2069 situm

236 2107 578 2173 desolantes,
599 2117 814 2163 nostros
837 2108 996 2162 sicuti
1025 2107 1246 2177 fugaces
1268 2121 1457 2162 cervos
1484 2105 1552 2136 ‘“
1575 2107 1828 2176 inseque-

238 2201 469 2263 bantur;
509 2208 692 2254 nostra
738 2199 937 2253 ctenim
992 2198 1236 2253 facinora
1286 2198 1443 2253 nobis
1480 2196 1826 2252 formidinem

239 2298 299 2345 et
330 2291 415 2344 his
445 2291 809 2362 suggerebant
834 2290 1067 2344 validam
1114 2299 1374 2345 mentem.
1403 2288 1607 2352 Mistui,
1632 2288 1830 2343 Abdri-

243 2391 422 2436 torum
471 2383 602 2447 dux,
650 2382 1003 2451 Hdtuanburg
1049 2380 1121 2413 “'
1164 2382 1255 2436 ubi
1306 2382 1463 2435 sedes
1511 2379 1832 2451 episcopalis

242 2478 519 2543 quondam
552 2474 671 2539 fuit,
700 2475 941 2531 incendit
969 2484 1132 2544 atque
1155 2476 1413 2529 vastavit.
1447 2473 1586 2541 Quid
1607 2473 1676 2505 δδ³
1705 2487 1834 2527 vero

243 2568 318 2623 ibi
353 2567 680 2621 tnirabilium
711 2566 961 2622 Christus
983 2579 1302 2637 operaretur
1326 2582 1357 2621 e
1383 2566 1561 2631 cmlis,
1588 2564 1835 2621 attendat

241 2659 441 2730 religio
481 2660 654 2715 tocius
692 2659 1141 2715 Christianitatis.
1172 2659 1331 2714 Venit
1366 2662 1430 2714 de
1470 2659 1725 2729 supernis
1752 2674 1837 2714 se-

243 2751 409 2807 dibus
438 2767 603 2807 aurea
635 2754 879 2817 dextera,
907 2752 961 2805 in
994 2751 1229 2807 medium
1253 2751 1489 2822 collapsa
1530 2750 1837 2806 incendium

244 2844 506 2898 exoansis
541 2844 721 2912 digitis
747 2884 763 2911 ,
791 2852 845 2899 et
891 2844 1047 2914 plena
1076 2844 1289 2899 cunctis
1319 2843 1627 2897 videntibus
1655 2842 1834 2896 rediit.

246 2934 367 2991 Hoc
393 2936 695 2991 admiratur
722 2946 1016 3004 exercrtus,
1044 2937 1145 2991 hoc
1168 2945 1349 3006 stupet
1377 2936 1646 2991 Mistuwoi
1678 2935 1749 2967 ⁸⁵⁸
1780 2933 1840 2988 ti-

245 3037 525 3091 moratus;
556 3027 687 3097 et.id
716 3028 846 3083 mihi
872 3028 1131 3083 indicavit
1160 3028 1349 3093 Avico,
1376 3028 1688 3096 capellanus
1710 3036 1838 3082 tunc

245 3117 462 3188 ejus,et
488 3117 783 3185 spirhualis
811 3118 982 3173 frater
1013 3133 1163 3173 meus
1192 3127 1379 3189 postea
1409 3116 1631 3172 effectus
1663 3116 1835 3189 (596),

246 3210 363 3266 Sed
393 3226 492 3282 ego
511 3226 632 3266 eum
659 3214 846 3272 eodem
871 3212 949 3266 sic
973 3210 1219 3275 tractavi,
1247 3210 1499 3281 reliquias
1525 3219 1836 3264 sanctorum

246 3306 452 3361 itinere
478 3306 529 3360 in
559 3304 1030 3375 caelum'divinitus
1056 3303 1281 3359 collatas
1309 3303 1838 3372 abiisse,hostesque

249 3398 515 3453 terruisse
561 3407 723 3467 atque
788 3396 1023 3469 fugasse.
1088 3395 1215 3450 Post
1266 3396 1384 3450 haec
1442 3394 1724 3466 Mystuwoi
1780 3394 1834 3448 in

247 3488 551 3542 amentiam
577 3502 767 3542 versus
797 3486 851 3541 in
881 3484 1112 3540 vinculis
1144 3494 1390 3550 tenetur,
1418 3493 1473 3540 et
1505 3500 1646 3553 aqua
1671 3484 1837 3539 bene-

248 3580 399 3633 dicta
456 3579 727 3634 inmersus
772 3596 787 3632 :
847 3576 1098 3641 Sanctus,
1136 3577 1346 3647 inquid,
1387 3592 1468 3631 me
1521 3574 1840 3629 Laurentius

250 3670 523 3724 incendit!
577 3678 632 3724 et
689 3678 980 3740 antequam
1035 3669 1399 3734 liberaretur,
1460 3668 1842 3723 miserabiliter

246 3762 391 3817 obiit
418 3761 509 3815 ⁸³⁸.
540 3760 804 3816 Desolatis
857 3770 983 3817 tunc
1018 3762 1270 3817 omnibus
1297 3761 1457 3831 preda
1491 3770 1545 3815 et
1590 3760 1844 3817 incendio

254 3853 483 3908 urbibus
514 3869 576 3907 ac
605 3854 745 3909 villis
775 3870 948 3923 usque
982 3854 1049 3907 ad
1079 3868 1300 3923 aquam,
1327 3868 1449 3922 quae
1477 3851 1727 3922 'l'ongera
1754 3866 1844 3906 vo-

252 3956 437 4011 catur,
473 3956 847 4001 convencrnnt
888 3961 918 4001 e
961 3944 1170 4001 Sclavis
1213 3945 1450 4015 peditum
1494 3959 1559 3999 ac
1598 3944 1841 4014 equitum

254 4040 381 4111 plus
411 4055 570 4109 quam
604 4042 671 4095 50
701 4041 964 4110 legiones,
998 4055 1116 4108 qua:
1153 4038 1271 4093 sine
1300 4038 1479 4108 aliqua
1527 4037 1730 4092 lesione
1760 4052 1844 4091 re-

256 4131 415 4185 sidua
456 4147 683 4201 quaeque
721 4145 945 4185 suorum
984 4129 1186 4182 auxilio
1218 4128 1441 4183 deorum
1485 4136 1613 4182 tunc
1651 4126 1722 4161 “°
1753 4129 1846 4182 de-

258 4232 481 4278 vastare
524 4238 628 4278 non
670 4223 1007 4285 dubitarent,
1042 4219 1295 4275 tubicinis
1332 4217 1747 4289 precedentibus
1776 4217 1842 4248 “7

1865 3081 1911 3145 C

1925 1854 2086 1908 supra
2117 1836 2437 1901 memoravi,
2470 1834 2674 1898 furtim,
2699 1848 2797 1903 pro
2825 1830 3002 1888 dolor!
3033 1844 3275 1885 evasere.
3309 1828 3512 1884 Omnes

1926 1936 2105 1984 autem
2156 1927 2351 1992 nostri,
2393 1923 2635 1993 exceptis
2687 1922 2879 1985 tribus,
2923 1919 3166 1974 crastino
3214 1908 3513 1989 gaudentes

1928 2017 2262 2082 remeabant,
2296 2014 2745 2087 applaudentibus
2774 2012 2843 2044 ⁸⁸¹
2874 2010 3107 2075 cunctis,
3138 2023 3274 2079 quos
3296 2008 3511 2066 obviam

1928 2112 2169 2169 habuere
2200 2110 2283 2165 vel
2315 2109 2461 2165 domi
2494 2110 2772 2163 invenere.

2006 2206 2089 2260 f2.
2123 2204 2339 2260 Interim
2370 2218 2525 2259 cesar
2557 2202 2859 2257 Romanum
2876 2200 2954 2255 sic
2977 2199 3198 2269 regebat
3224 2196 3517 2267 inperium,

1932 2308 1992 2354 ut
2020 2298 2162 2368 quod
2185 2305 2393 2366 patrem
2436 2309 2593 2349 suum
2629 2294 2780 2363 prius
2809 2291 3156 2361 respiciebat,
3187 2303 3348 2342 omne
3378 2288 3518 2341 deti-

1934 2398 2106 2453 neret,
2140 2398 2194 2443 et
2227 2387 2516 2441 Saracenis
2548 2400 2644 2438 sua
2680 2382 3102 2454 inpugnautibus
3131 2380 3359 2434 viriliter
3391 2380 3525 2432 resi-

1934 2489 2100 2536 steret
2127 2489 2181 2533 et
2213 2494 2243 2531 a
2277 2477 2476 2532 finibus
2516 2475 2628 2529 suis
2670 2475 2826 2544 longe
2865 2474 2962 2526 hos
2997 2471 3279 2541 effugaret.
3322 2469 3533 2537 (fui-5‘)

1935 2573 2239 2631 Calabriam
2271 2586 2301 2624 a
2330 2570 2522 2625 crebra
2555 2566 2853 2622 Grecorum
2888 2564 3201 2618 incursione
3249 2569 3305 2615 et
3352 2560 3520 2614 Sara.-

1936 2679 2192 2721 cenorum
2224 2660 2609 2731 depredatione
2638 2672 2886 2727 magnam
2913 2656 3020 2709 vim
3047 2653 3115 2685 ⁸⁵³
3136 2653 3339 2723 perpeti
3368 2665 3526 2706 cesar

1937 2754 2276 2823 comperiens
2314 2753 2424 2821 (an.
2470 2749 2616 2814 982i,
2661 2747 2727 2800 ad
2771 2744 3201 2815 supplementum
3253 2742 3527 2797 exercitus

1938 2846 2019 2901 sui
2052 2843 2327 2898 Bawarios
2373 2857 2437 2896 ac
2466 2840 2633 2896 fortes
2664 2838 2715 2893 in
2752 2837 2922 2892 armis
2961 2836 3286 2890 Alamannos
3313 2834 3530 2888 vocavit

1940 2941 2110 3011 (599).
2143 2940 2258 3010 Ipse
2288 2947 2465 2994 autem
2499 2953 2620 2992 cum
2653 2936 2848 2991 Ottoue
2878 2934 3033 2999 duce,
3060 2934 3243 2988 fratris
3270 2932 3380 2987 filio
3404 2932 3531 2987 Litt-

1941 3034 2068 3089 dulli
2100 3033 2193 3098 ⁵³³,
2220 3031 2285 3086 ad
2316 3031 2503 3085 urbem
2537 3028 2853 3091 Tarentum,
2886 3042 3046 3095 quam
3081 3024 3246 3079 Danai
3272 3024 3384 3093 jam
3409 3041 3533 3095 prc-

1946 3124 2085 3181 sidio
2114 3123 2381 3177 munitam
2411 3119 2781 3189 optinucrant,
2800 3112 3111 3183 festinavit,
3142 3130 3371 3185 eamque
3400 3116 3532 3169 viri-

1946 3216 2069 3271 liter
2099 3215 2153 3271 in
2201 3228 2368 3284 parvo
2419 3221 2661 3282 tempore
2708 3212 3077 3281 obpugnatam
3127 3208 3326 3264 devicit
3358 3208 3528 3277 (400).

1945 3304 2251 3360 Saracenos
2295 3316 2510 3372 quoque
2557 3301 2736 3355 valido
2777 3300 3019 3355 exercitu
3062 3314 3160 3356 sua
3213 3299 3533 3369 populantes

1943 3411 2203 3467 superare
2255 3395 2588 3451 contendens
2634 3393 2741 3457 ⁵⁸⁸,
2789 3400 2987 3448 cautos
3028 3391 3119 3447 illo
3166 3391 3549 3461 speculatores

1944 3489 2112 3553 misit,
2152 3488 2244 3558 qui
2292 3495 2442 3542 certa
2481 3486 2547 3541 de
2589 3484 2834 3539 hostibus
2862 3485 3150 3539 referrent.
3182 3483 3328 3551 Quos
3358 3485 3535 3553 primo

1945 3579 2084 3634 infra
2115 3579 2304 3633 urbem
2336 3575 3079 3646 quandamWHOI)clausos
3100 3574 3355 3645 effugavit
3379 3575 3534 3629 devi-

1944 3680 2081 3734 ctos,
2114 3679 2341 3740 postque
2388 3670 2606 3723 eosdem
2657 3668 2710 3723 in
2754 3682 2946 3735 campo
2989 3664 3272 3721 ordinatos
3315 3666 3531 3722 fortiter

1945 3763 2134 3821 adiens
2160 3761 2252 3827 m,
2278 3763 2613 3815 innumeram
2639 3776 2706 3815 ex
2735 3759 2817 3813 his
2841 3759 3283 3821 multititudinem
3314 3761 3533 3825 stravit,

1946 3869 2280 3927 prorsusque
2313 3853 2412 3907 hos
2445 3852 2686 3921 speravit
2730 3865 2853 3905 esse
2888 3859 3193 3919 superatos.
3225 3851 3330 3905 Sed
3362 3851 3433 3905 hii
3465 3867 3533 3907 ex

1952 3946 2226 4015 inproviso
2252 3944 2457 3998 collecti
2491 3943 2557 3997 ad
2600 3950 2814 3996 nostros
2844 3941 3175 3995 unanimiter
3200 3952 3449 4011 pergunt,
3480 3951 3537 3996 et

1951 4038 2227 4109 paululum
2257 4037 2570 4090 resistentes
2617 4040 2986 4103 prosternunt,
3018 4047 3115 4100 pro
3143 4032 3325 4085 dolor!
3357 4034 3390 4087 5
3414 4032 3534 4088 ldus

1951 4127 2075 4185 Julii
2115 4127 2427 4181 Richariutn
2464 4126 2532 4156 “’7
2573 4122 2887 4178 lanciferum
2938 4131 2992 4175 et
3034 4118 3274 4175 Udonem
3317 4121 3539 4187 ducem,

1954 4218 2144 4271 matris
2185 4231 2317 4272 mea:
2355 4213 2716 4276 avunculum;
2762 4211 3095 4268 comitesuue
3138 4210 3532 4270 Thietmarunt.

1564 4331 1797 4387 VARle
1842 4332 2239 4393 LECTIONES.

341 4429 407 4466 ⁸³⁸
437 4429 564 4484 add.
604 4428 686 4483 ib.
760 4426 831 4461 ⁸³⁷
855 4428 1129 4499 uolcmero
1152 4428 1254 4499 (lc?
1324 4425 1396 4457 ⁸³⁸
1417 4424 2011 4499 hemiorun_tla._littera
2028 4424 2411 4499 opsnperposila
2441 4424 2731 4499 sagittarum
2760 4419 2950 4499 deleta.
3002 4419 3099 4499 li"
3142 4418 3362 4499 Dedone
3391 4418 3445 4472 2.
3478 4419 3559 4499 Α.ἱ

258 4500 327 4556 S.
366 4518 419 4554 a.
457 4500 581 4554 985.
688 4499 759 4532 ’διο
785 4498 938 4553 calue
968 4499 1043 4552 lc.

257 4570 389 4625 982.
465 4571 535 4602 ’⁸⁸³
566 4570 647 4636 Qd
691 4586 830 4624 corr.
871 4569 951 4635 Qd
976 4570 1022 4621 1.

260 4642 336 4674 ue
368 4640 493 4693 add.
528 4641 608 4694 ιι),
704 4641 774 4673 ⁸³⁷
855 4651 892 4692 t.
950 4656 999 4709 p-
1040 4640 1165 4693 add.
1197 4638 1280 4691 1b.

258 4710 336 4742 ⁸⁵¹
363 4712 843 4780 applaudaentibus
874 4711 957 4762 alr.
1028 4710 1097 4741 ⁸⁸⁸
1130 4726 1189 4766 ιιι
1222 4710 1271 4762 1.

1146 4498 1214 4529 ’⁵⁸⁸
1246 4511 1475 4552 cernuos
1500 4496 1585 4548 la.

1390 4635 1462 4668 “3
1494 4633 1703 4690 Itt‘idoue
1736 4637 1815 4688 1ο.

258 4851 540 4905 literarum
587 4853 815 4921 spatium
852 4851 1040 4916 absque
1071 4866 1259 4913 rasura
1304 4850 1348 4902 1.

1695 4494 1763 4526 δι’
1791 4496 2215 4549 llamtmtuburh.
2243 4487 2310 4549 Ἀ.
2344 4494 2402 4549 S.
2437 4494 2473 4545 ι.
2506 4493 2541 4547 l.
2575 4491 2956 4546 Hatnanburch
2994 4490 3289 4557 Chronogr.
3323 4487 3452 4544 Sor.
3490 4507 3544 4541 (ι.

1094 4568 1167 4601 ⁸⁵⁸
1198 4568 1472 4621 mistuiuoi
1498 4568 1562 4617 1a
1593 4565 1882 4619 mistuvuni
1924 4567 2037 4618 lb.-
2084 4565 2155 4597 m
2186 4565 2315 4620 Post
2343 4564 2546 4617 -—0biit
2582 4562 2706 4615 add.
2741 4562 2823 4615 ib.
2843 4561 2895 4614 in
2922 4563 3028 4613 ima
3058 4560 3263 4628 pagina:
3287 4561 3544 4629 margine.

1922 4636 1992 4668 “9
2042 4638 2347 4706 ceterisque
2395 4651 2533 4688 corr.
2593 4633 2819 4706 aliisque
2851 4632 2905 4706 l.

1349 4706 1419 4739 ⁸⁸³
1459 4706 1640 4761 lttdulfi
1676 4723 1703 4759 ε
1740 4723 1878 4759 corr.
1910 4709 1972 4761 1ο
1994 4708 2019 4759 ?
2094 4706 2163 4738 ⁸⁵⁵
2194 4703 2274 4761 ita
2296 4709 2372 4761 lc.
2408 4704 2703 4759 contendas
2730 4703 2814 4755 la.

261 4781 339 4812 ⁸⁸⁵
371 4776 448 4834 ad
468 4782 581 4849 ejus
610 4783 658 4835 1.
691 4781 756 4835 ad
784 4781 898 4846 ejus
923 4780 1194 4835 interitum
1222 4780 1274 4832 2.
1307 4777 1494 4833 adiens
1518 4779 1736 4848 conjecit
1771 4776 2087 4849 Wagnerus.

3010 4631 3079 4662 ’δυο
3132 4627 3412 4683 νθτίάὶευς
3446 4627 3548 4680 1εἷ³

2892 4700 2962 4731 ⁸⁸⁸
2984 4701 3116 4755 urbe
3168 4701 3405 4765 quadam
3460 4700 3548 4750 1η.

2186 4777 2251 4809 ⁸⁸⁷
2282 4777 2428 4831 Inter
2451 4773 2576 4829 Julii
2623 4780 2698 4843 et.
2726 4770 3039 4826 Richarium
3088 4785 3179 4824 sea;
3217 4769 3298 4823 vel
3357 4777 3566 4839 septem.

1792 4938 2027 4997 ΝΟΤᾸΞ.

344 5038 486 5111 (595)
515 5040 652 5094 Ann.
700 5037 1039 5111 Hildeshetn;
1089 5046 1391 5105 chronogr.
1431 5047 1485 5092 et
1529 5050 1656 5089 ann.
1707 5032 1852 5089 Saxo
1884 5046 1926 5099 ι)

265 5109 384 5167 [nec
412 5115 476 5163 ad
503 5126 695 5166 annum
735 5110 839 5165 985
876 5109 1125 5173 rel'ct'Unt.

346 5182 487 5252 (594)
521 5183 591 5252 De
613 5196 811 5252 quorv.
834 5177 978 5252 infra.

342 5246 484 5300 (595)
535 5246 737 5300 llttéoni
797 5249 849 5300 in
899 5249 1000 5300 fine
1068 5253 1195 5300 anni
1261 5246 1357 5300 981
1421 5247 1527 5300 iam
1576 5260 1851 5300 successe-

2032 5035 2189 5103 (ιδξη)
2208 5030 2271 5093 ιη
2303 5037 2436 5098 loco,
2461 5030 2548 5103 qui
2571 5028 2780 5103 Belxem
2804 5021 2999 5103 dicitur
3022 5018 3089 5072 A.
3118 5016 3209 5103 SR
3239 5032 3294 5071 a.
3327 5019 3467 5103 995..

2036 5086 2707 5179 i;§)83'ii-.i'hbi.'rautus,
2740 5092 2832 5147 sed
2863 5089 3120 5144 Salomon
3171 5086 3436 5143 Proverh.
3468 5086 3565 5145 ‘21,

1953 5196 2011 5234 ν’
2034 5178 2192 5300 ἐξ..
2232 5246 2381 5300 Cnnf.
2412 5243 2551 5297 Ann.
2581 5228 2842 5292 llildesh.,
2869 5228 3250 5300 Lamb_ert._,_a.
3287 5228 3414 5283 932,
3440 5224 3569 5279 an-
