4042 5300
474 235 499 286 i
510 231 614 289 239

1433 226 1810 285 THIETMABI
1847 229 2470 297 MERSEBURGENSIS
2507 226 2815 292 EPISCOPI

3603 227 3743 287 ΠΕΟ

469 320 806 412 Becellnum,
838 343 1237 411 Gevehardum,
1271 343 1590 400 Gunterium
1628 345 1718 408 ιδ’,
1753 345 2054 413 Ecelinum,
2084 352 2133 410 Α
2162 349 2382 418 quidam
2411 365 2475 405 ex
2505 349 2984 407 circumstantibus
3008 348 3197 408 Grecis
3219 350 3565 421 apprehensa
3602 361 3747 402 veste

468 439 697 509 ejusque
727 437 950 494 fratrem
982 436 1312 505 Be‘celiuum,
1344 453 1468 495 cum
1492 439 1811 497 Burchardo
1841 450 1895 497 et
1924 441 2057 497 Dedi

471 547 538 587 ac
582 530 835 586 Conrado
863 530 1167 599 ceterisque
1188 529 1249 601 ti.
1278 530 1372 601 45)
1405 529 1790 597 ineﬂ‘abilibus,
1822 548 2054 603 quorum

471 622 690 677 nomina
720 621 861 676 Deus
905 621 1041 676 sciat
1070 621 1241 693 (602).
1272 621 1554 691 lnperator
1581 633 1762 678 autem
1807 640 1931 681 cum
1961 622 2057 682 Ot-

471 722 601 769 tone
635 711 846 782 prel'ato
886 714 1207 783 cteterisque
1247 712 1545 786 etfugiens,
1588 716 1654 770 ad
1699 732 1848 771 mare
1881 717 2054 783 venit,

469 804 768 873 vidensque
796 818 827 857 a
856 803 1015 873 longe
1042 806 1243 873 navim,
1271 805 1601 861 salandriam
1632 802 1869 881 nomine,
1900 808 2058 863 Calo-

470 895 605 950 nimi
637 910 777 964 equo
812 894 968 951 Judei
1012 895 1080 950 ad
1111 911 1229 951 eam
1263 899 1586 967 pmperavit.
1621 897 1727 953 Sed
1760 914 1822 954 ea
1851 909 2057 970 preter-

468 985 612 1049 icns,
660 986 943 1056 suscipere
987 986 1131 1042 hunc
1181 989 1477 1045 recusavit.
1511 989 1603 1045 ille
1633 1000 1813 1046 autem
1858 991 2057 1048 littoris

466 1077 704 1148 presidia
742 1086 954 1148 petens,
986 1068 1192 1135 invenit
1218 1080 1393 1136 adhuc
1418 1079 1648 1137 Judeum
1682 1091 1942 1151 stantem,
1972 1099 2055 1140 se-

466 1169 751 1240 niorisque
779 1171 959 1227 dilecti
991 1158 1244 1228 eventum
1272 1172 1342 1206 ’⁵⁸⁸
1369 1174 1597 1231 sollicite
1624 1186 2052 1251 exspectantem.

468 1261 713 1333 Cumque
740 1265 926 1321 hostes
952 1266 1251 1323 adventare
1273 1269 1631 1340 conspiceret,
1674 1272 1801 1341 quid
1837 1273 1909 1305 “°
1940 1265 2057 1338 um;

468 1368 631 1422 quam
675 1355 831 1410 ﬁeret
870 1356 939 1411 de
967 1372 1026 1411 se
1064 1357 1159 1423 δυ,
1193 1357 1367 1414 tristis
1414 1354 1559 1415 hunc
1584 1356 1970 1432 interrogans,
2001 1371 2058 1418 et

469 1444 765 1501 liabere‘se
793 1448 1028 1501 amicum
1060 1448 1201 1519 apud
1241 1463 1358 1516 eos,
1389 1449 1543 1520 cujus
1570 1452 1831 1507 auxilium
1868 1468 2057 1524 spera-

465 1543 573 1599 ret,
626 1536 1086 1604 animadvertens,
1136 1538 1332 1595 iterum
1373 1555 1514 1610 equo
1561 1542 1760 1597 comite
1805 1542 1860 1597 in
1906 1559 2057 1601 mare

465 1625 793 1696 prosiliens,
830 1629 899 1684 ad
935 1629 1183 1696 alteram,
1224 1646 1330 1701 que
1367 1626 1836 1703 sequebatur"“,
1882 1636 2058 1691 tendit

454 1719 820 1784 'salandriam,
853 1730 911 1776 et
960 1722 1029 1777 ab
1078 1722 1337 1780 Heinrico
1386 1701 1562 1780 solum
1593 1724 1767 1780 milite
1792 1725 1932 1796 ejus,
1962 1726 2053 1795 qui
2090 1701 2131 1759 Β

463 1813 775 1870 szlavonice
805 1814 1031 1870 Zolunta
1052 1824 1300 1883 vocatur,
1323 1815 1542 1887 agnitus
1572 1816 1976 1885 intromittitur,
2000 1825 2056 1873 et

466 1907 524 1960 in
566 1905 707 1962 lecto
750 1907 979 1963 senioris
1014 1907 1259 1978 ejusdem
1287 1908 1441 1964 navis
1469 1910 1700 1979 positus,
1735 1910 1950 1965 tandem
1985 1912 2056 1967 ab

467 2001 589 2070 ipso
633 2002 796 2058 etiam
820 2005 1090 2075 cognitus,
1113 2006 1157 2061 si
1190 2006 1470 2077 inperator
1494 2016 1639 2064 esset
1668 2007 2053 2079 interrogatur.

467 2091 570 2158 Qui
601 2096 724 2147 eum
756 2094 859 2150 hoc
887 2096 978 2150 diu
1009 2097 1356 2155 dissimulare
1385 2100 1683 2156 studuisset
1710 2100 1802 2167 “’,
1839 2102 2056 2158 tandem

465 2181 792 2250 professus:
846 2185 958 2257 Ego
988 2204 1131 2252 sum,
1180 2189 1373 2259 inquit,
1408 2192 1497 2262 qui
1549 2191 1772 2261 peccatis
1823 2192 1953 2246 meis
2000 2193 2057 2247 id

466 2276 883 2341 promer-antibus
906 2278 976 2330 ad
996 2279 1133 2332 hanc
1156 2281 1272 2334 reni
1309 2281 1595 2336 miseriam.
1630 2280 1736 2338 Sed
1755 2283 1883 2354 quid
1910 2270 2057 2339 nobis

430 2377 435 2381 ’
466 2369 534 2417 sit
567 2367 723 2420 modo
774 2369 1122 2424 communiter
1164 2372 1464 2441 faciendum
1493 2374 1771 2444 diligenter
1815 2377 2053 2445 accipite.

470 2457 712 2526 Optimos
742 2475 807 2513 ea:
842 2476 957 2515 meo
995 2479 1134 2517 nunc
1157 2465 1364 2533 perdidi
1389 2468 1548 2521 miser
1584 2469 1825 2537 imperio,
1853 2479 1901 2523 et
1936 2485 2060 2539 pro-

465 2557 582 2615 pter
624 2549 764 2602 [tunc
792 2549 991 2605 doloris
1020 2552 1291 2608 stimulum
1335 2571 1498 2626 neque
1522 2565 1689 2612 terras
1711 2558 1806 2612 llas
1835 2559 2055 2626 intrare,

470 2642 562 2693 nec
591 2640 780 2694 horum
811 2641 1010 2697 amicos
1045 2644 1106 2714 (f.
1137 2644 1247 2715 ιδ’)
1280 2662 1527 2717 umquam
1559 2664 1771 2717 possum
1806 2649 1884 2703 vel
1905 2652 2059 2721 cupio

456 2729 659 2784 'videre.
707 2730 910 2787 Eamus
947 2742 1153 2787 tantum
1181 2736 1250 2789 ad
1277 2737 1456 2791 urbem
1496 2737 1705 2793 Rossan
1750 2738 1924 2810 (403),
1972 2741 2061 2795 ubi

470 2837 585 2874 mea
616 2822 851 2893 conjuna:
873 2842 1043 2880 meum
1069 2827 1388 2897 prestolatur
1424 2829 1723 2897 adventum,
1757 2847 2061 2902 amnemque

455 2916 763 2980 pecuniam,
797 2932 956 2984 quam
999 2927 1147 2972 teneo
1194 2920 1535 2989 ine/fabilem,
1583 2936 1703 2974 cum
1741 2922 1923 2976 eadem
1967 2938 2062 2977 su-

456 3018 690 3072 mentes,
717 3009 982 3064 visilemus
1024 3011 1390 3080 imperatorem
1428 3022 1676 3079 vestrum,
1707 3012 1927 3083 fratrem
1958 3016 2058 3068 sci-

467 3100 586 3154 licet
630 3117 826 3167 meum,
877 3111 1100 3168 certum,
1158 3114 1215 3157 ut
1259 3119 1429 3173 spero,
1487 3105 1614 3159 meis
1663 3106 2057 3160 necessitatibus
2086 3072 2129 3135 C

458 3194 717 3247 amicum.
745 3193 841 3249 llis
870 3196 1117 3251 dulcibus
1145 3194 1427 3265 colloquiis
1457 3196 1704 3267 provisor
1733 3197 1886 3253 navis
1914 3198 2059 3253 dele-

468 3292 648 3339 ctatus
667 3287 961 3349 consensit,
985 3297 1041 3342 et
1070 3287 1290 3357 perdius
1321 3302 1385 3343 ac
1412 3303 1617 3358 pernox
1645 3289 1714 3342 ad
1743 3288 2054 3346 condictum

468 3376 778 3445 pertingere
819 3377 997 3433 locum
1040 3380 1373 3450 properavit.
1416 3381 1534 3450 Quo
1564 3397 1685 3437 cum
1714 3384 2054 3452 propiareut,

471 3466 747 3523 binomius
772 3469 859 3525 ille
881 3467 1037 3538 jussu
1068 3472 1394 3542 inperatoris
1424 3473 1743 3544 premissus.
1770 3474 2058 3544 inperatri-

470 3575 592 3614 ccm
622 3568 678 3615 et
699 3563 786 3631 qui
819 3580 940 3619 cum
989 3579 1052 3621 ea
1079 3576 1196 3621 erat
1226 3565 1571 3623 Tliiedricum
1590 3566 1660 3598 ⁸⁸⁸
1683 3566 1950 3637 presulem
1972 3583 2063 3623 su-

472 3663 934 3719 pramemoratum
959 3672 1081 3712 cum
1104 3660 1356 3715 somariis
1378 3659 1623 3729 plurimis
1647 3658 1800 3730 quasi
1832 3659 2058 3729 pecunia

472 3745 763 3802 sareinatis
790 3749 1020 3804 vocavit.
1053 3748 1209 3807 Greci
1238 3762 1419 3806 autem
1469 3752 1646 3822 primo
1678 3759 1736 3805 ut
1767 3750 2059 3821 inperatri-

470 3854 590 3894 cem
623 3854 749 3895 cum
799 3843 965 3899 tantis
1014 3843 1082 3900 de
1125 3845 1258 3900 urbe
1288 3845 1496 3915 prefata
1541 3844 1861 3899 muneribus
1906 3841 2058 3899 exire

468 3930 744 3998 viderunt,
776 3933 1070 3988 ancltoram
1106 3944 1368 4003 ponentes
1396 3933 1489 4000 W,
1516 3930 1865 3989 Tliiedricum
1916 3932 2056 3987 anti-

476 4021 657 4076 stitem
690 4040 811 4079 cum
855 4026 1041 4096 paucis
1071 4026 1458 4084 intromittunt.
1487 4025 1592 4082 Sed
1626 4027 1942 4097 imperator,
1966 4039 2057 4079 ro—

474 4122 607 4180 gatu
652 4117 917 4186 presulis,
934 4118 1059 4172 vilia
1084 4118 1361 4191 deponens
1387 4120 1711 4175 vestimenta
1732 4128 1788 4174 et
1826 4117 2061 4173 induens

476 4204 725 4272 meliora,
757 4208 962 4265 viribus
1012 4210 1125 4266 suis
1171 4221 1227 4267 et
1274 4221 1392 4266 arte
1440 4210 1660 4266 natandi
1707 4209 1970 4274 conlisus,
1994 4214 2054 4261 ut

2159 440 2403 499 detinere
2443 453 2819 513 presumeret,
2860 442 3139 513 perfossus
3183 443 3365 515 gladio
3412 441 3744 512 Liupponis.

2157 531 2357 602 egregii
2394 531 2602 598 militis,
2642 541 2940 588 retrorsum
2977 529 3193 588 cecidit.
3241 530 3545 602 Fugierunt
3575 528 3644 559 ’⁸⁸
3677 527 3746 580 bii

2158 619 2211 675 in
2238 622 2463 676 alteram
2506 634 2714 692 partem
2748 621 2921 687 navis,
2953 620 3127 676 nostri
3171 629 3353 675 autem
3397 620 3605 690 quibus
3646 617 3751 671 huc

2157 714 2442 770 veniebant
2465 716 2730 787 puppibus
2753 714 3055 772 incolumes
3080 730 3324 771 cesarem
3356 712 3747 783 sequebantur,

2158 802 2222 876 (l‘.
2253 804 2347 875 46)
2375 820 2469 859 eos
2499 805 2698 862 littoris
2736 808 3035 862 securitate
3072 804 3488 877 prestolantem,
3522 801 3751 873 premin-

2146 910 2262 968 que
2310 900 2577 968 promissa
2628 901 2842 970 magnis
2901 900 3218 956 muneribus
3262 898 3466 952 Danais
3522 894 3752 964 implere

2156 988 2459 1058 cupientem
2490 989 2659 1061 ($04);
2688 990 2773 1045 Hii
2804 1007 2933 1048 vero
2956 990 3185 1047 multum
3210 988 3489 1061 perterriti
3518 986 3752 1058 promis-

2157 1082 2509 1154 sionibusque
2529 1084 2850 1150 difﬁdentes,
2883 1082 3155 1150 abierunt,
3187 1085 3397 1154 patrios
3430 1090 3752 1151 repetentes

2158 1172 2324 1232 ﬁnes:
2362 1175 2564 1245 quique
2593 1176 2716 1231 dolo
2747 1192 2935 1233 omnes
2956 1192 3171 1248 semper
3192 1166 3441 1232 vicerant
3464 1173 3749 1238 naciones,

2157 1265 2321 1320 simili
2359 1282 2418 1321 se
2456 1277 2583 1322 tunc
2613 1269 2832 1324 delusos
2876 1279 2998 1325 artu
3031 1268 3361 1325 sentiebant.
3402 1265 3627 1333 Quanta
3653 1280 3749 1317 au-

2160 1366 2267 1412 tem
2298 1359 2489 1415 laeticia
2522 1377 2551 1417 a
2578 1364 2920 1432 presentilius
2951 1371 3246 1433 posteaque
3269 1360 3621 1417 venientibus
3647 1357 3747 1413 im-

2157 1456 2391 1519 perator.
2411 1462 2696 1521 susceptus
2729 1452 2820 1518 sit,
2851 1453 3125 1523 explicare
3160 1467 3265 1507 non
3295 1451 3474 1506 valeo.

2231 1542 2325 1612 13..
2353 1542 2459 1598 Sed
2482 1553 2553 1599 ait
2602 1538 2658 1598 in
2689 1528 2967 1610 omnibus,
2997 1544 3168 1601 lector
3213 1543 3521 1607 carissime,
3567 1551 3749 1596 certus

2158 1631 2430 1698 eﬂiciaris,
2464 1635 2732 1690 saiandria
2765 1635 2916 1707 (405)
2945 1636 3076 1707 quid
3104 1635 3178 1691 sit
3203 1633 3296 1701 “7,
3316 1632 3402 1689 vel
3433 1647 3538 1687 cur
3564 1632 3635 1685 ad
3654 1632 3750 1685 bas

2159 1724 2468 1794 pervenerit
2510 1725 2694 1792 horas,
2739 1724 2977 1782 breviter
3020 1724 3305 1781 intimabo.
3360 1723 3492 1785 Haec
3533 1731 3646 1786 est,
3696 1730 3751 1775 ut

2158 1818 2399 1889 preiatus
2426 1834 2567 1883 sum,
2599 1818 2752 1873 navis
2792 1819 2945 1884 mine
2982 1816 3334 1889 longitudinis
3379 1825 3437 1869 et
3484 1813 3749 1869 alacrita-

2160 1910 2229 1964 tis
2257 1908 2345 1974 ⁸⁸⁸,
2376 1918 2431 1964 et
2463 1896 2692 1981 uﬁoque
2721 1903 2893 1965 latere
2942 1909 3080 1966 duos
3129 1916 3317 1965 tenens
3346 1921 3631 1964 remorum
3661 1921 3749 1960 or-

2159 2000 2337 2067 dines,
2377 2015 2442 2055 ae
2471 2010 2688 2056 centum
2718 2000 3111 2072 quinquaginta
3143 2009 3356 2054 nautas.
3392 1998 3624 2053 Duabus
3653 1998 3754 2051 hoc

2159 2105 2325 2144 unum
2353 2099 2472 2146 crat
2498 2106 2697 2147 nomen
2732 2092 2983 2160 navibus,
3010 2105 3131 2163 quae
3167 2090 3320 2160 jussu
3350 2091 3545 2146 basilei
3596 2089 3752 2144 Nica-

2158 2180 2343 2252 plioris
2368 2178 2672 2238 Calabriam
2704 2184 2977 2253 petierunt
3007 2183 3288 2254 colligendi
3319 2182 3495 2253 gratia
3527 2182 3751 2247 tributi;

2158 2285 2279 2339 quae
2307 2271 2433 2326 licet
2460 2271 2706 2328 Romano
2735 2273 3045 2343 specialiter
3066 2273 3267 2327 serviat
3299 2272 3539 2341 inperio,
3572 2281 3752 2325 tamen

2159 2378 2230 2418 ne
2272 2362 2591 2439 aliquanta
2624 2363 2817 2420 Grecis
2858 2364 3103 2435 paciatur
3149 2363 3219 2397 ’⁵⁵³
3269 2362 3608 2425 molestiam,
3638 2362 3752 2415 auri

2160 2454 2399 2510 debitum
2431 2456 2721 2526 quotannis
2740 2455 3042 2511 voluntarie
3068 2453 3742 2531 persolvitConstantino—

2159 2547 2436 2617 politanis.
2465 2549 2746 2618 lnperator
2765 2558 2946 2603 autem
2970 2548 3068 2603 has
3091 2547 3393 2612 venientes,
3420 2546 3754 2615 inextingui-

2158 2641 2431 2712 bilemque
2456 2640 2524 2696 ab
2550 2642 2700 2696 omni
2732 2658 2792 2696 re
2813 2652 2998 2713 preter
3025 2650 3240 2697 acetum
3272 2639 3519 2695 ferentes
3550 2639 3749 2709 ignem,

2161 2732 2261 2787 sibi
2290 2730 2592 2801 conjunxit,
2622 2741 2679 2789 et
2712 2732 2764 2788 in
2797 2747 2948 2789 mare
2976 2732 3044 2787 ad
3074 2731 3475 2787 comburendas
3522 2729 3754 2785 Sarace-

2162 2821 2557 2896 norumll‘Jﬁ’)
2582 2838 2748 2878 naves
2769 2824 3065 2878 conductas
3094 2823 3310 2878 direxit.
3343 2820 3594 2889 Quarum
3624 2836 3751 2884 una,

2161 2917 2301 2971 sicut
2331 2916 2565 2985 predixi,
2589 2917 2866 2987 suscipere
2884 2916 3156 2972 devictum
3187 2917 3419 2972 eundem
3453 2914 3756 2974 recusavit.

2148 3007 2255 3064 seu
2318 3009 2388 3063 ob
2452 3009 2812 3080 ignorantiam
2869 3008 2975 3073 sui,
3033 3024 3130 3064 seu
3178 3009 3249 3065 ob
3301 3018 3510 3064 metum
3563 3007 3750 3063 subsc-

2161 3101 2380 3170 quentis
2423 3101 2658 3166 inimici;
2693 3099 2863 3155 altera
2892 3111 3094 3166 autem,
3128 3114 3249 3170 qua:
3290 3100 3440 3155 hunc
3488 3098 3751 3154 instinctu

2162 3191 2402 3247 Heinrici
2453 3191 2692 3264 suscepit
2728 3190 2836 3259 "°,
2876 3192 3027 3247 velut
3072 3190 3317 3263 prefatus
3364 3206 3531 3256 sum,
3584 3189 3751 3246 invita

2160 3284 2415 3340 reddidit.
3434 3340 3447 3359 δ

2234 3377 2320 3431 14.
2377 3376 2660 3432 Paululum
2721 3376 2853 3432 mihi
2934 3393 3078 3433 nunc
3143 3375 3384 3433 devianti
3455 3390 3621 3431 mens
3669 3384 3754 3431 est

2162 3468 2375 3537 incepta
2408 3469 2689 3538 perlicere.
2718 3467 2919 3525 Omnes
2940 3468 3111 3524 nostri
3147 3467 3445 3540 principes,
3472 3477 3753 3537 comperta

2171 3568 2281 3613 tant
2333 3559 2628 3614 miserabili
2677 3558 2845 3625 fama,
2882 3559 3214 3615 conveniunt
3268 3558 3541 3622 dolentes,
3597 3571 3653 3613 et
3694 3566 3751 3611 ut

2167 3666 2291 3706 eum
2334 3650 2438 3705 sibi
2482 3650 2671 3706 liceret
2713 3651 2934 3717 videre,
2986 3665 3084 3719 per
3123 3648 3366 3721 epistolae
3424 3649 3751 3719 portitorem

2168 3740 2406 3794 unanimi
2442 3738 2834 3810 supplicatione
2872 3740 3190 3810 poscebant.
3228 3738 3471 3805 Quorum
3522 3739 3752 3806 legatio.

2165 3845 2288 3886 nem
2317 3845 2475 3886 cesar
2502 3839 2561 3885 ut
2588 3830 2819 3895 audivit,
2860 3828 3194 3886 desideranti
3226 3829 3411 3883 animo
3446 3829 3747 3883 consensit.

2162 3921 2391 3989 Ponitur
2421 3923 2491 3955 ⁸η
2542 3922 2592 3977 in
2645 3922 2818 3978 Berna
2865 3922 3088 3977 civitate
3137 3929 3435 3975 conventus
3487 3919 3663 3990 (406),
3699 3925 3752 3971 et

2164 4014 2343 4070 omnis
2375 4014 2481 4070 huc
2506 4022 2839 4070 convocatur
2861 4012 3197 4085 principatus
3225 4010 3313 4073 ⁸⁷⁸,
3352 4009 3675 4064 necessaria
3697 4018 3751 4061 ut

2166 4107 2255 4165 hic
2302 4090 2668 4165 tractarentur
2698 4109 2769 4142 ⁸⁷³
2803 4088 2969 4164 multa
3016 4110 3129 4179 (an.
3161 4108 3312 4177 985).
3343 4106 3508 4162 Solus
3539 4103 3613 4140 δτι
3646 4107 3746 4160 dux

2162 4198 2509 4259 Bernbardus
2538 4203 2591 4257 in
2619 4201 2793 4257 media
2827 4200 3124 4257 revertitur
3143 4200 3257 4263 via;
3292 4212 3535 4267 namque
3560 4212 3667 4250 una
3687 4211 3755 4251 ex

473 4297 635 4350 stetit
675 4296 728 4351 in
772 4313 957 4368 prora,
989 4315 1139 4387 mare
1168 4300 1428 4358 velociter
1455 4298 1679 4356 insiluit.
1711 4297 1886 4365 Quem
1932 4309 2056 4351 cum
2094 4294 2138 4349 D
2166 4294 2392 4349 urbibus
2425 4294 2539 4350 suis
2579 4333 2595 4349 .
2636 4333 2653 4346 .
2693 4333 2707 4348 .
2749 4332 2766 4348 .
2810 4332 2825 4346 .
2869 4333 2884 4348 .
2930 4332 2945 4347 .
2977 4291 3070 4359 ⁸⁷⁸,
3102 4305 3267 4362 quam
3299 4290 3609 4359 imperator
3630 4302 3755 4343 con-

892 4388 899 4393 .
1767 4425 2005 4485 'VARIAS
2044 4422 2338 4481 LECTION
2348 4424 2448 4480 ES.

552 4519 627 4551 ⁸⁵⁸
660 4519 928 4574 ierasum.
1038 4521 1106 4553 ⁸⁵³
1137 4532 1429 4579 enuentum
1477 4524 1565 4576 In.

479 4589 758 4646 duissaent
785 4591 834 4645 i.
912 4591 984 4623 W
1018 4593 1349 4647 tliredricum
1367 4595 1387 4647 Ι
1404 4633 1416 4646 .

486 4662 557 4716 tis
584 4678 722 4716 corr.
753 4662 1015 4717 claritatis
1045 4664 1095 4718 1.
1172 4662 1241 4695 ⁸⁸⁸
1266 4664 1545 4732 paciantnr
1569 4664 1655 4727 ia.

478 4744 531 4784 c.
562 4749 614 4802 p.
640 4734 723 4788 ib.
759 4734 813 4790 in
848 4735 961 4788 loco
997 4751 1134 4789 raso.
1210 4733 1281 4766 ’⁵⁷³
1314 4744 1370 4787 ιιι
1397 4733 1453 4788 li.
1484 4742 1521 4787 t.
1549 4734 1633 4787 ib.
1667 4747 1692 4785 e
1720 4748 1858 4785 corr.

475 4811 524 4855 et
554 4818 715 4874 quam
744 4807 971 4875 spatium
989 4804 1186 4879 aliquot
1208 4804 1528 4877 syllabarum
1558 4803 1792 4858 relictum
1823 4803 1871 4857 l.

1492 4592 1561 4624 B65
1589 4593 1605 4624 ἕ

1589 4593 1664 4646 ita
1690 4587 2010 4657 imponens
2033 4587 2120 4640 la.
2196 4587 2266 4618 ⁸⁸⁸
2291 4587 2536 4642 ierasum
2566 4589 2617 4642 l.
2692 4588 2760 4620 ⁸⁸⁷
2793 4590 2867 4641 ita
2902 4589 2981 4642 lc.
3013 4587 3209 4657 quissit
3241 4588 3328 4639 ia.
3404 4587 3477 4617 ⁸⁸⁸
3498 4587 3745 4641 aclarita-

1601 4679 1655 4727 α.
1731 4661 1802 4692 ⁸⁷⁸
1834 4661 1908 4714 ita
1940 4660 2029 4712 1b.
2051 4667 2366 4728 susceperat
2390 4660 2476 4711 ia.
2502 4660 2771 4728 scripsisse
2797 4659 3022 4713 videtur.
3098 4658 3167 4690 δτι
3194 4657 3253 4711 ﬁt
3278 4657 3363 4710 ia.
3440 4656 3514 4689 ⁸⁷⁵
3542 4668 3596 4710 et
3620 4673 3671 4710 ο.
3696 4657 3745 4707 h.

1589 4735 1633 4785 [γ.
1667 4747 1692 4785 e
1720 4748 1858 4785 corr.
1949 4728 2018 4761 ⁸⁷³
2043 4728 2204 4785 Solus
2232 4758 2301 4768 —-
2329 4729 2552 4784 incensa
2574 4738 2657 4784 est
2686 4727 2971 4784 Thietmari
2996 4743 3176 4784 manu.
3211 4726 3277 4780 Ρ.
3367 4725 3441 4759 ⁸⁷³
3465 4724 3620 4780 Inter
3645 4726 3745 4779 suis

2085 4738 2204 4783 olus
2232 4758 2301 4768 —-
2329 4738 2552 4784 incensa
2574 4738 2657 4784 est
2686 4738 2971 4784 'l'hietmari
2996 4743 3176 4784 manu.
3211 4738 3277 4780 ι’.

1667 4521 1745 4599 δξθτ
1770 4523 1840 4588 qd
1879 4520 1930 4573 1.
2006 4516 2076 4599 δξί
2102 4516 2176 4570 ita
2334 4518 2496 4572 dente
2528 4519 2615 4599 la.
2784 4518 2861 4599 ita
2894 4519 2979 4599 ’l_e.
3009 4517 3344 4599 sequabatur
3373 4516 3476 4599 in...
3539 4516 3614 4599 δξδ
3643 4526 3750 4597 stu-

2196 4586 2266 4618 ⁵⁸⁸
2291 4587 2536 4642 ierasum
2566 4589 2617 4642 l.
2692 4588 2760 4620 ⁸⁸⁷
2793 4590 2867 4641 ita
2902 4589 2981 4642 lc.
3013 4586 3209 4657 quissit
3241 4588 3328 4639 ia.
3404 4586 3477 4617 ⁸⁸⁸
3498 4587 3753 4641 aclarita~

3367 4725 3441 4759 ‘"
3465 4724 3620 4805 Inter
3645 4726 3751 4779 suis

1980 4914 2208 4972 NOTAE.

558 5028 706 5100 (102)
731 4990 943 5085 Necrol.
970 5030 1205 5098 Luneb.,
1235 5032 1300 5086 ad
1329 5046 1366 5087 tt
1391 5031 1466 5085 ιιι.
1489 5030 1623 5098 Jul.,
1660 5031 1726 5085 Ο.
1759 5028 1996 5092 Gunther
2015 5040 2063 5100 et

486 5098 603 5154 Udo
623 5098 807 5155 et'alii
837 5102 991 5155 multi
1023 5103 1201 5157 occisi.
1232 5103 1355 5157 ldus
1385 5101 1491 5157 Jul.
1541 5104 1743 5157 habent
1788 5098 2063 5155 Lamberti

486 5170 715 5208 Anlmlnc
770 5172 860 5208 nisi
890 5171 1139 5208 nIlnnam
1169 5175 1356 5208 .Iunnm
1433 5173 1741 5208 ΩιινΙιιΙιΙιιηι
1795 5169 2064 5208 \Vnrnlinr

2165 5038 2223 5083 et
2254 5027 2459 5083 Arnold
2536 5033 2695 5080 rteter
2723 5021 2858 5077 alios
2887 5026 3262 5076 memorantur
3294 5017 3351 5071 in
3386 5015 3605 5071 Necrol.
3635 5013 3746 5068 Ful-

2168 5099 2339 5150 densi.
2369 5041 2528 5150 Cotti:
2555 5095 2696 5150 Ann.
2720 5094 3022 5150 Augustan.
3047 5089 3198 5144 llanc
3219 5088 3363 5142 diem
3394 5086 3567 5150 praelii
3592 5086 3746 5138 {uisa

2168 5099 2339 5154 densi.
2369 5086 2527 5154 Cotti.
2555 5095 2696 5150 Ann.
2720 5094 3022 5163 Augustan.
3047 5089 3198 5163 lianc
3219 5088 3363 5142 diem
3391 5086 3567 5157 praelii
3592 5086 3751 5138 fume

2169 5168 2331 5208 raram
2366 5166 2621 5208 Chrnniu‘.
2652 5160 2833 5208 ριὶίςοΪ
2857 5160 3193 5208 Meterisium.
