4042 5300
264 322 403 377 1215
486 346 493 353 ι

1500 320 1915 379 CHRONICON.
1956 354 2026 363 —
2064 323 2188 378 LIB.
2238 322 2322 379 iV.

3406 321 3544 376 1246

264 440 347 491 ιιὶς
404 449 533 490 tunc
585 455 635 491 Ill
693 438 1001 508 llerseourg
1063 437 1451 494 commorantis
1509 437 1744 492 amicum
1800 444 1853 490 et
1882 444 1926 499 Α
1961 453 2138 506 regem
2179 454 2333 494 suum
2364 449 2419 494 et
2462 440 2738 494 dominum
2780 436 3025 500 reddere,
3058 434 3239 505 nilque
3268 435 3334 491 de
3384 436 3545 489 rebus

264 529 581 597 satellitem,
619 532 687 586 ad
722 530 1025 586 aacclesiam
1049 540 1207 585 extra
1232 530 1418 587 urbem
1450 531 1678 598 positam
1707 526 1856 595 (“2)

265 625 449 676 venire
487 638 551 677 ac
578 639 701 679 cum
746 636 809 677 eo
854 622 1000 692 loqui
1034 636 1132 691 per
1174 622 1568 677 internuntium
1598 620 1855 689 postulat.

266 715 364 771 Hic
397 725 452 768 ut
480 715 776 784 egreditur,
800 725 954 785 porta
981 723 1102 783 post
1119 730 1241 769 eum
1272 714 1633 774 clauditur,et
1661 712 1857 766 Ricda‘

264 822 381 876 gus.
415 804 653 874 ejusdem
678 805 914 859 civitatis
942 814 1124 859 custos
1162 805 1310 875 (445)
1336 814 1392 859 et
1437 804 1653 859 inclitus
1681 804 1857 869 miles,

261 899 414 964 juxta
467 896 709 961 fluvium,
739 896 830 965 qni
881 894 1092 949 Tribisa
1144 896 1472 961 dicitur,ab
1523 896 1628 950 hiis
1673 895 1858 950 dolose

264 988 553 1043 occiditur.
587 986 726 1043 Urbs
766 996 945 1041 autem
984 988 1248 1057 predicta,
1285 986 1539 1041 Bolizlavi
1576 1003 1697 1042 mox
1739 1003 1857 1055 pre-

265 1081 406 1133 sidio
453 1080 681 1145 monita,
706 1079 937 1135 eundem
968 1079 1077 1135 cito
1104 1080 1383 1136 dominum
1412 1090 1466 1134 et
1498 1079 1855 1133 habitatorem

264 1174 528 1239 succepit.

334 1263 390 1319 5.
430 1266 475 1319 Α
524 1280 633 1333 quo
686 1262 996 1321 Wolcoldus
1032 1264 1103 1296 ’⁸⁸⁸
1144 1266 1378 1320 antistes
1416 1264 1556 1335 vulgi
1595 1266 1857 1319 instinctu

264 1360 402 1411 varii
448 1358 761 1428 expellitur,
795 1366 851 1412 et
895 1358 964 1411 ad
994 1357 1066 1389 ⁸³⁸
1111 1357 1437 1429 Willigisum
1495 1357 1861 1412 archiantisti-

268 1460 376 1503 tem
408 1450 655 1512 veniens,
682 1449 913 1517 benigne
950 1448 1017 1503 ab
1044 1450 1232 1504 eodem
1260 1450 1554 1519 suecipitur
1581 1448 1672 1501 ‘9'.
1707 1449 1859 1503 Iluac

265 1540 411 1593 (sitim
452 1554 548 1606 pro
577 1538 686 1593 lilio
712 1539 998 1608 episcopus
1039 1539 1230 1600 nutrit,
1261 1548 1316 1593 et
1348 1555 1472 1594 cum
1515 1539 1583 1593 ad
1615 1554 1743 1593 eoas
1772 1554 1862 1592 or-

267 1631 546 1684 dinaretur
572 1630 836 1698 regiones,
862 1630 1098 1683 secundo
1123 1629 1413 1695 Οιιοηὶδθδ,
1438 1631 1523 1683 cui
1551 1629 1863 1698 magisterio

266 1719 492 1791 prefuit.
522 1720 808 1791 diligenter
835 1720 951 1773 vice
986 1720 1068 1774 sui
1112 1720 1417 1775 habendum
1441 1719 1859 1773 commendavit.

1958 532 2069 584 suis
2094 542 2276 599 preter
2304 532 2635 600 Merseburg,
2664 530 2894 584 Walbizi
2923 529 3070 597 (147)
3109 539 3162 582 et
3194 528 3361 582 Frasu
3396 526 3543 597 (148)

1957 620 2022 673 ad
2052 634 2577 691 supramemnratum
2632 624 2773 676 diem
2824 621 2925 673 sibi
2969 620 3213 673 detinere
3246 617 3545 678 voluisset,

1959 713 2119 779 idque
2172 714 2529 768 sacramentis
2585 713 2930 767 credibilibus
2988 713 3355 781 approbaret,
3402 709 3547 779 quod

1960 815 2085 861 tunc
2111 823 2230 861 cum
2249 808 2539 863 securitate
2559 822 2746 862 eorum
2784 821 2851 860 ex
2879 815 3029 876 parte
3059 805 3389 859 eonsolidata
3422 803 3548 857 huic

1958 899 2108 952 abire
2136 898 2323 953 liceret
2356 916 2369 961 ;
2401 900 2481 953 sin
2515 910 2718 963 autem,
2743 899 2881 969 quod
2902 898 3061 952 eundi
3091 896 3458 965 redeundique
3477 895 3547 926 "”
3602 922 3607 925 >

1959 990 2135 1045 nullus
2169 991 2288 1045 vivo
2319 1001 2619 1059 patesceret
2658 991 2825 1045 locus.
2878 990 3015 1057 Quid
3062 990 3217 1059 plura
3244 990 3266 1041 ?
3292 988 3549 1057 quicquid

1957 1094 2279 1153 exposcunt,
2310 1085 2553 1138 crastino
2596 1084 2916 1151 impetrant,
2950 1096 3182 1150 emuque
3231 1081 3296 1133 ad
3345 1078 3548 1132 Merse-

1958 1176 2122 1245 hurg,
2156 1176 2243 1229 ubi
2289 1175 2501 1230 doctrix
2560 1174 2705 1229 Gisia
2755 1173 2993 1243 (419)(1.
3024 1173 3132 1235 ὅδ’)
3175 1172 3334 1242 longo
3384 1170 3552 1223 tristis

1958 1266 2182 1319 sedelrat
2220 1265 2476 1328 abcessu,
2510 1265 2583 1319 hii
2627 1264 2964 1318 discedentes
2995 1264 3073 1316 ire
3114 1261 3453 1330 permittunt.
3504 1257 3554 1311 ls

1960 1374 2089 1413 vero
2121 1374 2242 1412 cum
2291 1358 2537 1411 ﬁdelibus
2567 1357 2680 1410 suis
2718 1355 2928 1422 singula
2959 1369 3185 1424 qumque
3216 1351 3512 1405 discutiens
3536 1390 3549 1412 ,

1962 1467 2126 1520 seque
2165 1452 2234 1505 oi)
2266 1450 2359 1504 Dei
2394 1450 2641 1503 timorem
2682 1449 2975 1518 patr-imque
3021 1446 3249 1499 Salutem
3300 1460 3328 1496 a
3360 1458 3555 1513 propo-

1962 1545 2067 1596 sito
2096 1544 2165 1574 “°
2203 1556 2544 1597 recessurmn
2599 1557 2696 1595 suo
2738 1540 3005 1593 veraciter
3049 1537 3321 1599 indicans,
3377 1544 3556 1605 grates

1965 1638 2149 1691 auxilii
2188 1639 2384 1692 suimet
2413 1653 2477 1690 ac
2505 1636 2657 1691 bona:
2689 1635 2981 1690 voluntatis
3028 1632 3322 1699 condignas
3355 1629 3555 1689 refert.

1966 1742 2021 1787 ct
2049 1742 2105 1784 ut
2139 1748 2261 1784 eum
2290 1731 2381 1783 illo
2410 1731 2475 1783 ad
2508 1731 2784 1784 conditum
2817 1738 3105 1798 pergerent
3135 1726 3276 1780 diem
3300 1765 3315 1788 ,
3366 1738 3557 1776 omnes

268 1812 385 1868 Hoc
422 1828 637 1881 semper
692 1813 794 1866 iste
838 1812 891 1865 in
937 1812 1119 1865 animo
1163 1812 1354 1874 tenuit,
1386 1827 1448 1865 ac
1481 1811 1718 1864 maxime
1768 1810 1858 1863 ho-

1969 1822 2248 1876 caritative
2279 1821 2534 1890 postulat.
2582 1820 2810 1873 Ventum
2844 1828 2922 1873 est
2952 1818 3017 1870 ad
3059 1816 3200 1869 Rara
3229 1815 3295 1868 ab
3342 1814 3558 1881 inpera-

268 1912 405 1961 nere
434 1905 704 1974 cognovit,
729 1914 784 1959 et
830 1914 956 1958 tunc
1008 1904 1274 1973 adprime,
1305 1919 1428 1958 cum
1460 1904 1561 1958 sibi
1614 1898 1714 1957 fuit
1765 1917 1857 1955 ne-

265 2015 450 2064 cesse;
492 2007 547 2052 et
597 1998 648 2050 in
703 1996 1014 2066 Erpesfordi
1047 1996 1139 2061 “9,
1180 2012 1288 2064 quo
1332 1997 1447 2066 ipse
1487 1995 1813 2050 desideravit
1842 2035 1857 2059 ,

266 2090 550 2158 procurari
574 2088 644 2120 ‘°°
684 2088 915 2142 eumlcm
962 2103 1250 2157 sumupere
1284 2087 1457 2155 jubet.
1495 2088 1570 2141 lbi
1602 2087 1691 2140 diu
1721 2103 1858 2141 cun-

264 2188 561 2242 versatus,
620 2186 743 2248 post
799 2188 1030 2232 mortem
1094 2177 1317 2247 Ricdagi
1379 2176 1711 2230 marchionis
1776 2176 1859 2228 in-

266 2270 386 2324 cliti
427 2268 577 2341 (444)
629 2268 941 2323 Ekkihardo
994 2270 1323 2325 succedente
1368 2280 1423 2323 et
1470 2268 1742 2323 llolizlavo
1794 2269 1860 2322 ad

265 2362 491 2431 propria
517 2370 811 2424 remeante,
837 2363 1020 2415 seiem
1048 2361 1323 2430 propriam
1351 2361 1539 2415 revisit
1571 2360 1680 2431 (an.
1712 2359 1858 2429 985).

266 2453 575 2519 Posteaque
620 2451 882 2505 Bolizlavi
934 2451 1241 2505 amiciciam
1274 2451 1505 2505 ﬁrmiter
1533 2451 1821 2518 acquirens
1845 2490 1861 2512 ,

264 2560 397 2597 cum
425 2543 478 2597 in
514 2543 687 2613 Pragu
714 2544 783 2575 ⁸⁰¹
817 2558 1004 2598 cenam
1030 2544 1243 2598 Domini
1272 2543 1594 2603 celebraret,
1624 2554 1865 2612 postera-

264 2652 379 2705 que
404 2637 510 2698 die,
540 2651 659 2704 quae
694 2644 778 2691 est
806 2651 1099 2705 parasceve
1122 2675 1135 2698 .
1170 2633 1233 2699 (f.
1265 2634 1353 2703 53)
1384 2650 1506 2688 cum
1546 2635 1862 2687 memoriam

263 2728 471 2782 divinae
494 2728 562 2760 ⁵⁰¹
587 2727 854 2797 passionis
878 2727 950 2758 ⁵⁰³
985 2727 1088 2781 rite
1134 2734 1459 2796 perageret,
1490 2725 1711 2795 paralisi
1744 2741 1867 2795 per-

263 2820 458 2875 culsus
493 2829 822 2889 asportantur,
868 2828 922 2872 et
959 2820 1011 2872 in
1060 2820 1162 2873 hac
1210 2817 1529 2871 infirmitate
1576 2832 1745 2886 usque
1800 2816 1868 2870 ad

258 2912 438 2967 "ﬁnem
479 2911 637 2979 hujus
664 2912 812 2973 vitae,
844 2911 1100 2981 quamvis
1142 2910 1210 2964 ad
1244 2921 1455 2979 tempus
1497 2909 1827 2964 evalescerct
1850 2949 1862 2971 ,

264 3006 588 3076 permansit.
628 3006 859 3059 Se‘debat
887 3004 957 3035 5°“
980 3005 1052 3057 ‘23
1097 3018 1289 3069 annos,
1343 3002 1408 3055 10
1455 3002 1570 3059 Kal.
1624 3004 1869 3071 Septem-

266 3099 391 3155 bris
420 3097 566 3168 (415)
604 3113 669 3150 ex
697 3094 850 3161 hujus
899 3095 1081 3149 carnis
1127 3093 1400 3164 ergastulo
1430 3094 1656 3150 eductus
1686 3092 1777 3149 ⁵⁰³ο
1810 3092 1867 3147 1η
1916 3138 1917 3141 η

1964 1912 2209 1970 tricibus.
2247 1913 2297 1964 iu
2330 1911 2495 1979 Papia
2532 1910 2812 1964 humiliter
2857 1910 3092 1962 divinam
3127 1906 3557 1963 consolationem

1963 2003 2068 2055 huc
2125 2016 2295 2071 usuue
2345 2001 2795 2069 prcstolantibus,
2823 2010 2876 2053 et
2915 2000 2982 2053 ab
3020 1998 3288 2052 universis
3346 1997 3559 2066 imperii

1962 2110 2025 2148 ac
2077 2094 2225 2163 regni
2272 2095 2649 2164 principibus;
2716 2093 2998 2161 fidelisque
3054 2090 3343 2158 promissio
3405 2089 3560 2142 ducis

1964 2186 2422 2254 completur,data
2451 2186 2683 2248 cunctis,
2709 2185 2799 2253 qui
2829 2184 2894 2237 ad
2930 2199 3151 2253 regnum
3182 2179 3559 2249 pertinebant,

1964 2277 2137 2347 gratia
2169 2276 2251 2330 sui
2300 2275 2642 2344 abcundique
2682 2275 2921 2329 licentia.
2953 2273 3119 2327 Stella
3160 2288 3188 2324 a
3223 2272 3330 2325 Deo
3366 2270 3558 2338 prede-

1964 2370 2149 2424 stinati
2216 2369 2445 2423 rectoris
2508 2366 2680 2420 media
2736 2366 2823 2420 die
2884 2364 3231 2419 cernentibus
3296 2360 3563 2413 universis

1965 2461 2109 2515 clara
2146 2460 2355 2514 refulsit
2387 2459 2555 2528 (450).
2589 2458 2675 2511 Fit
2716 2472 2853 2510 unus
2899 2455 3163 2508 laicorum
3215 2461 3378 2520 atque
3407 2450 3565 2503 cleri-

1966 2566 2152 2604 corum
2186 2551 2237 2602 in
2289 2548 2491 2603 Christi
2543 2547 2701 2601 laude
2755 2554 3071 2607 concentus,
3106 2559 3169 2595 ac
3200 2541 3353 2611 prius
3407 2554 3565 2606 repn-

1965 2642 2244 2711 gnantium
2272 2639 2493 2709 supplex
2546 2637 2794 2701 affectus,
2854 2636 3213 2701 convenitque
3271 2633 3325 2685 in
3398 2645 3564 2684 unum

1967 2735 2182 2789 dissona
2208 2733 2362 2786 turba
2384 2731 2699 2785 douiinium.
2723 2729 2835 2783 Rex
2852 2727 2919 2758 ⁸¹¹
2944 2742 2974 2779 a
2999 2726 3196 2781 suimet
3227 2733 3400 2778 matre
3421 2722 3566 2775 avia~

1967 2836 2072 2894 que
2096 2822 2381 2891 diligenter
2403 2828 2706 2889 suceeptus,
2735 2816 2989 2871 lloieonis
3011 2813 3323 2884 magisterio
3348 2809 3565 2866 comitis

1969 2918 2273 2973 conmissus
2301 2924 2405 2970 est.
2432 2916 2578 2969 Inter
2609 2928 2788 2982 regem
2817 2920 2870 2965 et
2900 2911 3093 2963 ducem
3132 2922 3236 2976 pax
3269 2906 3512 2958 firmauit
3546 2946 3563 2969 ,

1969 3024 2140 3079 usque
2169 3008 2235 3063 ad
2282 3012 2745 3075 supramemorata
2791 2999 3069 3056 Bisinstidi
3112 3008 3296 3067 prata,
3324 2996 3569 3063 utrisque

1970 3117 2065 3156 sua
2098 3097 2427 3170 petentibus.
2459 3094 2923 3151 Convenientibus
2951 3100 3132 3144 autem
3156 3088 3270 3151 his,
3302 3086 3568 3157 malorum

266 3188 435 3259 hujus
476 3188 592 3240 vice
638 3185 735 3238 Eid
762 3184 833 3216 ⁵⁸³⁸
866 3193 1065 3239 nostra:
1094 3182 1529 3254 congregationis
1555 3183 1722 3236 frater
1745 3223 1760 3247 ,
1785 3182 1866 3237 vir

1974 3193 2235 3247 instinctu
2268 3190 2319 3244 in
2350 3188 2491 3242 malo
2516 3188 2901 3248 discesserunt,
2931 3183 3120 3252 sicque
3171 3178 3401 3234 multum
3431 3186 3570 3231 tem-

257 3279 453 3353 justus
476 3288 531 3334 et
563 3290 754 3347 magne
791 3274 1177 3344 simplicitatis,
1208 3273 1491 3326 ordinatur
1511 3281 1691 3326 ortatu
1722 3272 1871 3328 Gisi-

269 3372 375 3425 leri
419 3367 824 3438 arehipresulis,
857 3368 923 3421 de
952 3364 1103 3433 cnjus
1142 3365 1325 3419 inclita
1351 3364 1421 3395 ⁶⁰⁶
1450 3364 1872 3419 conversacione

273 3466 447 3521 multa
479 3465 546 3520 ad
590 3463 988 3518 edificationem
1030 3470 1272 3515 nostram
1307 3461 1479 3533 utilia,
1502 3478 1625 3518 cum
1662 3471 1873 3533 tempus

271 3557 461 3620 fuerit,
494 3554 746 3616 narrabo,
778 3569 922 3609 nunc
948 3553 1177 3621 inceptis
1209 3554 1523 3622 persistens.

350 3649 407 3703 6.
447 3647 669 3702 Interim
710 3645 949 3699 fautores
990 3645 1132 3713 regis
1168 3643 1567 3698 Willehelmum
1618 3644 1871 3698 comitem

272 3738 375 3805 ³⁸⁷,
402 3737 523 3791 duci
558 3734 719 3789 nimis
740 3733 1155 3797 familiarcm,in
1175 3731 1483 3786 Wirneri‘“
1513 3731 1869 3800 possidentes,

274 3838 561 3899 comperto
597 3826 837 3895 ejusdem
871 3825 1125 3889 adventu,
1161 3823 1252 3879 illo
1296 3824 1574 3886 festinant,
1620 3838 1683 3877 ac
1716 3821 1872 3892 juxta

275 3925 462 3979 villam
515 3937 635 3991 qna:
672 3920 795 3974 lteri
833 3919 1030 3973 dicitur
1061 3917 1208 3988 (416)
1261 3918 1667 3980 convenientes,
1697 3926 1875 3970 castra

278 4015 467 4072 metati
503 4022 650 4079 sunt.
677 4011 915 4067 crastino
938 4020 1124 4064 contra
1148 4026 1271 4065 eum
1315 4008 1559 4062 bellaturi
1587 4010 1696 4075 (an.
1723 4008 1873 4078 984).

279 4108 437 4177 Quud
473 4123 597 4161 cmn
644 4108 839 4161 ducem
890 4104 1137 4173 protinus
1168 4118 1274 4156 non
1316 4102 1530 4165 lateret,
1587 4100 1875 4157 Gisilerum

280 4204 391 4257 huc
434 4200 583 4255 misit
627 4198 1117 4267 archiepisc0pum,
1163 4197 1252 4266 qui
1296 4197 1629 4251 voluntatem
1688 4213 1877 4251 eorum

280 4294 644 4363 perquireret,
696 4288 1112 4360 pacemque,.si
1151 4289 1411 4358 potuisset
1460 4288 1568 4341 ulla
1621 4288 1736 4343 fieri
1793 4305 1880 4343 ra-

281 4383 461 4443 cione,
494 4382 756 4435 firmaret.
783 4378 883 4435 llic
906 4394 1040 4433 cum.
1062 4378 1370 4432 senioribus
1397 4378 1741 4448 congregatis
1768 4394 1879 4435 suae

281 4473 568 4545 legationis
596 4473 830 4543 aperiret
858 4479 1129 4527 secretum
1154 4511 1168 4536 ,
1202 4471 1404 4526 dictum
1434 4478 1520 4525 est
1566 4470 1634 4525 ab
1682 4472 1763 4525 his
1789 4491 1801 4524 :
1833 4472 1877 4526 si

1972 3285 2120 3356 poris
2150 3283 2301 3337 stetit
2327 3280 2669 3335 intervallum
2693 3279 2785 3333 δί’.
2816 3277 3005 3353 Oritur
3031 3282 3211 3328 autem
3245 3272 3389 3325 inter
3418 3270 3564 3323 hunc

1973 3387 2028 3433 et
2052 3376 2320 3446 prefatum
2352 3373 2688 3437 Heinricum,
2717 3370 2807 3438 qui
2835 3370 3011 3424 minor
3043 3365 3342 3427 dicebatur,
3372 3375 3570 3429 magna

1973 3466 2181 3523 sedieio
2220 3481 2341 3535 quae
2382 3463 2695 3518 Herimanni
2727 3462 2797 3493 ⁸¹³
2828 3459 3048 3515 comitis
3072 3455 3301 3511 consilio
3330 3463 3571 3523 postmo-

1975 3560 2102 3616 dum
2152 3558 2325 3621 finita,
2371 3554 2515 3624 regis
2568 3553 2796 3623 gratiam
2827 3552 2878 3605 in
2930 3544 3464 3603 Francanafordi'“
3515 3550 3572 3596 et

1975 3651 2230 3705 ducatum
2266 3645 2507 3700 dedicius
2539 3642 2841 3712 promeruit
2876 3639 3049 3711 (451).

2046 3742 2098 3795 7.
2139 3739 2422 3793 ()elebrata
2481 3744 2567 3789 est
2620 3734 2866 3804 proxima
2917 3726 3189 3799 paschalis
3239 3721 3574 3779 sollemnitas

1978 3833 2037 3905 (f.
2076 3832 2166 3903 51)
2215 3831 2268 3884 in
2317 3828 2777 3896 Quidelingebnrg
2808 3841 2839 3878 a
2878 3837 3041 3894 rege,
3098 3819 3185 3874 ubi
3219 3825 3475 3887 quntum.
3500 3815 3576 3847 ιη

1978 3924 2363 3981 ministrabant
2402 3921 2590 3983 duces,
2625 3917 2910 3971 Heinricus
2950 3914 3016 3969 ad
3045 3926 3324 3972 mensam,
3359 3907 3578 3962 Cunrad

1979 4017 2047 4071 ad
2076 4028 2369 4077 cameram,
2412 4009 2563 4064 Ileeil
2606 4008 2672 4062 ad
2699 4006 3000 4069 cellarium,
3043 3999 3391 4056 Beruhardus
3415 3996 3574 4065 equis

1980 4107 2199 4180 prefuit.
2232 4104 2350 4158 Huc
2375 4103 2537 4158 etiam
2592 4098 2897 4153 Bolizlavus
2942 4107 2997 4150 et
3047 4094 3245 4148 Miseco
3290 4104 3412 4144 cum
3463 4087 3579 4141 suis

1981 4179 2336 4262 conveniunt,
2380 4194 2741 4263 omnibusque
2789 4192 2892 4246 rite
2942 4189 3209 4259 peractis,
3261 4179 3581 4238 muneribus

1981 4292 2296 4362 locupletati
2344 4291 2733 4346 discesserunt.
2784 4288 2840 4341 In
2877 4286 3068 4340 diebus
3101 4283 3207 4338 illis
3253 4280 3451 4334 Miseco
3497 4290 3581 4328 se-

1983 4394 2096 4441 met
2131 4386 2307 4453 ipsum
2347 4384 2463 4453 regi
2493 4382 2672 4447 dedit,
2705 4389 2763 4436 et
2808 4395 2933 4435 cum
2981 4376 3299 4432 muneribus
3329 4370 3449 4425 aliis
3493 4382 3584 4420 ca-

1985 4476 2185 4530 melum
2212 4476 2259 4531 ei
2296 4473 2652 4548 presentavit,
2686 4480 2743 4529 et
2782 4471 2920 4527 duas
2954 4466 3337 4538 expedicioues
3362 4474 3487 4517 cum
3517 4470 3584 4511 eo

1618 4580 1851 4637 VARUE
1888 4584 2295 4644 LECTIONES.

399 4674 470 4708 "'
519 4674 795 4730 nolcoldus
851 4675 959 4728 ie?
1066 4674 1134 4707 "°
1166 4682 1220 4728 et
1249 4674 1315 4727 ad
1359 4672 1590 4725 add.lb.

284 4746 498 4800 enrrari
530 4747 616 4799 ia.
690 4747 758 4778 ⁸⁵⁸
786 4761 950 4815 praga
982 4744 1064 4798 ib.
1093 4744 1197 4798 sive
1232 4745 1310 4798 lc.

284 4816 365 4850 ⁵⁸⁸
392 4832 593 4870 erasum
621 4828 694 4870 est
734 4811 803 4870 1.-
864 4816 939 4847 ⁶⁰⁷“
962 4815 1029 4869 de
1056 4815 1355 4884 Thuringia
1386 4814 1511 4868 add.
1551 4814 1612 4864 Α.
1650 4811 1708 4865 S.

284 4888 402 4941 sito
428 4888 511 4941 la.
588 4886 656 4920 '”
687 4887 1060 4941 ab::::suimet
1086 4900 1153 4941 ex
1202 4895 1375 4939 matre
1409 4891 1495 4939 la.
1526 4882 1596 4913 ⁵⁸⁸
1648 4882 1700 4936 in

286 4958 517 5025 primum
542 4966 560 5011 t
580 4974 810 5013 erasum.

1695 4671 1763 4702 ‘9’
1812 4688 1957 4732 susc.
1992 4679 2073 4732 lc.

1386 4744 1458 4774 σθ’
1490 4742 1774 4795 dominica:
1802 4744 1861 4798 2.
1889 4748 1954 4801 Α.
1987 4748 2046 4802 8.

1784 4812 1857 4846 ⁸⁰⁸
1893 4819 2125 4873 nnimari
2164 4821 2242 4874 lc.
2277 4820 2339 4873 A.
2374 4816 2432 4872 S.

588 4886 656 4920 ⁸η
687 4887 1060 4942 ab::::suimet
1086 4900 1153 4941 ex
1202 4882 1375 4939 matre
1409 4891 1495 4939 ta.
1526 4882 1596 4913 ⁵⁸⁸
1648 4882 2034 4943 iutcruuallum
2092 4891 2176 4944 la.

2169 4679 2257 4711 "9'
2311 4687 2497 4732 nttoue
2555 4677 2640 4730 1α.
2754 4673 2823 4705 ⁸⁸⁸
2870 4669 3105 4725 erfordia
3155 4669 3229 4721 Ic.
3332 4665 3403 4697 ”°
3451 4678 3582 4732 pro-

2144 4749 2215 4780 m
2246 4748 2483 4801 add.lb.
2595 4746 2667 4776 ποι
2694 4746 2765 4797 ita
2800 4744 2859 4797 lc
2910 4741 3189 4795 Sebatla.
3306 4735 3377 4768 ³ου
3405 4735 3456 4788 id
3494 4734 3582 4786 lu.

2514 4817 2585 4848 ⁵⁰⁹
2639 4814 2937 4879 reundique
2970 4812 3018 4863 1.
3096 4807 3290 4879 “fita”
3316 4807 3396 4879 lc.
3428 4818 3587 4879 Δ[ιιιρζ

2253 4869 2632 4943 δὶῖὶνεταειιηι
2694 4885 2745 4937 1.
2820 4869 2892 4915 ⁸ί⁸
2938 4876 3293 4935 frauciufordi
3330 4876 3388 4930 lc
3425 4869 3594 4927 1"7‘"

1792 5025 2023 5085 NOTAE.

1792 5027 1834 5079 Ν
1981 5066 2023 5085 ι.

290 5120 509 5196 μμη)
544 5122 800 5196 Ecclesia
831 5120 891 5196 S.
918 5118 1211 5196 Nicolaigin
1253 5118 1383 5196 foro
1433 5134 1571 5174 novo
1629 5027 2184 5187 suburbiiTijconite.
2265 5192 2329 5196 ω
2368 5191 2398 5196 η
2487 5188 2501 5196 _
2554 5189 2565 5196 ,
