4042 5300
495 167 630 222 lii?

1422 182 1798 253 ΤΗΙΕΤΜΑΒΙ
1839 145 2466 251 MERSEBUllCENSlS
2506 198 2808 256 EPISCOPI

3639 207 3777 260 ιὲιε

494 281 624 345 fecit
649 282 825 383 (45⁸9)Δ
851 285 905 341 lu
938 287 1113 358 primo
1156 307 1299 346 anno
1340 296 1488 366 regni
1526 296 1644 366 ejus
1677 300 1903 356 antistes
1924 301 2077 356 'llilli-
2110 316 2154 369 Α
2186 307 2269 359 uis
2299 306 2417 368 fuit.
2452 316 2781 382 regnumque
2805 313 2896 368 lilii
2920 312 3039 383 ejus
3063 317 3305 370 custodia
3333 318 3593 372 servabat
3619 320 3781 382 virili,

494 378 856 467 nessemeusis
874 380 1132 438 Adwiuus
1156 383 1409 441 Kalendis
1430 389 1737 446 Decembris
1752 393 1885 447 obiit
1901 394 2050 467 (455)
2067 439 2080 457 ,

494 466 550 519 ἐι
601 468 877 540 Osdagus,
907 472 1147 539 ejusdem
1202 480 1518 534 monasterii
1578 486 1925 554 prepositus,
1955 502 2081 543 suc-

495 562 680 616 cessit.
733 567 850 629 Quo
896 568 1117 622 sedente
1147 571 1384 640 quinque
1409 589 1578 630 annos
1638 588 1692 631 et
1748 587 1877 634 tunc
1930 582 2091 650 expi-s

496 661 654 706 rante
684 652 853 722 (454),
877 653 1157 727 Gerdagus
1186 670 1312 715 tunc
1336 663 1650 722 ccllerarius
1678 667 1749 699 ³¹⁶
1776 669 2079 725 ordinatur.

494 743 563 796 lit
613 761 736 797 cum
781 746 869 800 ille
913 748 962 801 in
1015 750 1047 803 5
1083 753 1444 810 ordinationis
1494 772 1605 811 sua:
1657 775 1799 815 anno
1855 761 2082 816 Romam

495 848 658 889 eausa
689 841 951 894 matiunis
988 851 1176 910 petens
1213 855 1600 913 reverteretur,
1629 849 1661 905 7
1712 850 1833 907 ldus
1864 852 2086 908 Decern-

493 928 609 982 bris
637 929 769 983 obiit
798 931 965 1004 (455),
999 944 1052 988 et
1078 951 1275 1006 Corpus
1305 937 1544 1008 ejusdem
1571 957 1669 1012 per
1703 943 1910 1015 singula
1952 946 2088 1000 divi-

494 1035 614 1073 sum
655 1023 896 1078 membra
948 1025 1000 1080 in
1058 1029 1281 1085 scriniis
1316 1032 1525 1087 duobus
1567 1035 1635 1088 ad
1695 1039 2082 1093 monasterium

493 1113 695 1167 suimet
724 1130 751 1167 ει
785 1119 1055 1173 consociis
1099 1121 1403 1190 lugubriter
1428 1124 1667 1179 delatum
1701 1136 1801 1179 est.
1834 1127 1940 1181 llos
1984 1144 2084 1181 au-

494 1201 697 1283 tistites
723 1205 859 1259 duos
884 1206 1151 1262 Gisilcrus
1191 1213 1527 1282 aicliipresul
1548 1254 1562 1278 ,
1595 1230 1724 1269 casu
1760 1217 1960 1271 ibidem
1993 1219 2087 1272 ad-

496 1294 740 1360 veniens,
760 1305 902 1352 terre
923 1302 1239 1355 commenda
1251 1304 1343 1356 rit.
1371 1304 1601 1359 TuncIm
1618 1304 1977 1363 Bernwardus
1992 1310 2083 1378 5",

494 1385 758 1453 magister
788 1387 947 1456 regis,
983 1389 1124 1443 facta
1164 1390 1442 1447 elercioue
1469 1408 1818 1450 consecratur
1841 1399 2011 1469 (456).

563 1478 616 1530 8.
661 1476 838 1531 Multis
869 1479 1129 1535 bellorum
1157 1485 1541 1553 aSperitatibus
1569 1488 1791 1544 Sclavos
1821 1491 2087 1548 lacessere

494 1580 588 1620 rex
619 1585 722 1621 non
753 1569 965 1623 desistit
1009 1571 1177 1643 (457).
1206 1574 1510 1631 Orientales
1550 1596 1765 1650 quoque
1798 1583 2084 1638 adversum

495 1676 554 1715 se
599 1672 973 1729 presumcntes
1016 1665 1297 1735 insurgere
1354 1669 1574 1725 devicit.
1626 1673 1700 1726 De
1754 1676 2082 1731 occidentali
2118 1668 2158 1725 Β

494 1759 649 1820 parte
671 1768 832 1822 quam
869 1754 1049 1824 plures
1080 1772 1231 1813 arma
1279 1762 1461 1831 sepius
1492 1775 1901 1822 commoventes
1950 1769 2087 1822 nmi-

498 1853 688 1912 Iusque
719 1845 1099 1915 depredaules,
1123 1850 1175 1904 vi
1202 1862 1259 1906 et
1286 1861 1403 1907 arte
1433 1855 1480 1910 is
1502 1869 1760 1924 superare
1787 1860 2082 1915 contendit.

496 1930 732 1988 Ret-ilia
762 1953 868 1991 non
901 1949 985 1993 est
1033 1955 1168 2010 opus
1206 1958 1513 2011 numerare,
1570 1948 1895 2019 longumque
1938 1952 2087 2007 viic-
2126 1944 2129 1947 ’

498 2036 605 2093 tur,
635 2045 753 2099 qua:
779 2047 877 2101 pro
904 2033 1259 2102 prudentibus
1290 2037 1333 2091 is
1360 2037 1601 2093 effecerit
1627 2042 2085 2105 cousiliatoribus.

494 2113 771 2176 enarrare.
802 2124 1024 2180 Cometa
1058 2142 1253 2196 parens
1285 2129 1397 2199 (an.
1437 2130 1563 2200 989)
1592 2133 1787 2187 damna
1821 2135 1874 2188 in
1914 2137 2086 2204 pesti-

498 2215 691 2271 lcnciis
741 2218 1223 2293 subsequutura(l’.
1261 2223 1371 2294 δέ’)
1417 2225 1609 2279 indixit
1642 2227 1812 2296 (458).
1863 2227 2091 2298 Impera-

504 2308 736 2374 tor-,jam
773 2309 951 2366 factus
987 2314 1089 2378 vir,
1133 2326 1187 2367 ut
1218 2318 1293 2370 ait
1323 2319 1632 2387 Apostolus,
1654 2322 1935 2376 evacnavit
1965 2339 2088 2391 qua:

499 2397 568 2431 ‘"
602 2410 759 2455 crant
787 2404 995 2472 parvuli
1029 2404 1080 2475 (1
1107 2405 1231 2462 Cor.
1263 2424 1375 2465 λιιι.
1421 2410 1507 2479 ll)
1539 2427 1552 2475 ;
1586 2416 1912 2482 semperque
1954 2413 2092 2469 Mer-

499 2492 846 2563 selmrgeusis
880 2495 1316 2552 destruceionem
1365 2500 1629 2555 .ceclesite
1678 2502 1900 2569 deﬂens,
1953 2521 2091 2574 quo—

495 2583 657 2636 modo
713 2584 828 2639 lucc
878 2598 1269 2651 renovaretur,
1303 2591 1487 2645 sedula
1541 2595 1737 2647 mentis
1792 2595 2092 2652 intentione

494 2676 850 2744 volvebatm,
881 2689 934 2735 et
964 2684 1218 2751 quamdiu
1246 2684 1299 2738 iu
1335 2700 1564 2755 corpore
1595 2686 1747 2751 vixit,
1776 2687 1877 2742 hoc
1907 2698 2088 2742 votum

492 2770 756 2847 perlicere
781 2774 986 2828 studuit
1011 2775 1229 2830 monitis
1260 2778 1327 2808 ³¹¹
1356 2778 1459 2847 pia:
1507 2780 1715 2845 matris.
1754 2781 1883 2846 Qua:
1927 2782 2050 2836 talia
2075 2824 2090 2846 ,

495 2869 555 2914 ut
600 2862 729 2915 mibi
782 2861 1068 2920 Meiusvitb
1100 2866 1169 2898 ⁸²²
1209 2880 1331 2936 post
1395 2868 1599 2939 retulit,
1659 2870 1801 2925 sicut
1851 2873 1919 2928 ab
1972 2873 2090 2943 ipsa

499 2955 766 3021 percepit,
801 2953 853 3008 in
897 2958 1103 3011 somnis
1146 2958 1297 3012 vidit.
1333 2959 1598 3029 Apparuit
1645 2961 1696 3016 ei
1754 2963 2093 3035 intempesta:

501 3045 680 3097 noctis
706 3045 944 3111 silentio,
996 3058 1220 3104 sanctus
1253 3050 1455 3105 Christi
1504 3052 1681 3107 adleta
1730 3052 2082 3121 Laurcucius,

497 3133 724 3188 dextero
770 3137 1052 3191 mutilatas
1104 3140 1367 3195 brachio:
1407 3140 1533 3206 Cur,
1569 3143 1837 3211 inquiens,
1864 3148 1982 3215 quis
2016 3146 2088 3178 ⁵³³

498 3225 622 3289 sim,
676 3243 779 3281 non
824 3231 1115 3298 interrogas
1147 3234 1171 3285 Σ)
1202 3233 1267 3287 Ει
1318 3233 1409 3288 illa
1444 3252 1457 3288 :
1494 3233 1619 3288 Non
1671 3238 1840 3290 audeo
1866 3278 1878 3298 ,
1929 3239 2084 3305 intit,

501 3316 710 3371 domine
752 3321 823 3372 mi
854 3321 874 3374 !
901 3321 994 3377 llle
1023 3333 1205 3379 autem
1253 3328 1639 3396 prosequitur:
1677 3328 1788 3397 Ego
1835 3346 1975 3395 sum,
2005 3314 2109 3385 di)

497 3421 652 3474 cens,
682 3419 738 3464 ct
759 3427 952 3468 nomen
986 3415 1236 3471 innotuit.
1270 3417 1423 3483 Quod
1445 3420 1496 3473 in
1527 3435 1607 3473 me
1630 3420 1781 3475 modo
1823 3422 1934 3492 ipsa
1964 3440 2086 3477 con-

498 3499 722 3562 sideras,
752 3510 871 3556 tuus
900 3505 1068 3573 e/fecit
1095 3508 1269 3561 senior
1292 3507 1440 3580 (459)
1472 3509 1585 3577 ejus
1619 3526 1877 3579 persuasu
1926 3513 2086 3567 sedu-

500 3602 655 3657 ctus,
708 3594 858 3663 cujus
907 3596 1054 3667 (460)
1103 3597 1257 3667 culpa
1315 3600 1596 3654 electorum
1644 3600 1839 3656 Clu-isti
1896 3620 2088 3674 magna

500 3680 782 3736 multitudo
817 3685 1104 3741 discordat.
1147 3688 1275 3743 Post
1297 3690 1413 3744 lucc
1443 3692 1553 3745 nati
1585 3692 1782 3746 suimet
1818 3695 2091 3749 commisit

501 3772 652 3834 lidei,
682 3789 775 3827 seu
803 3780 1016 3834 vivente
1047 3780 1282 3837 Gisilcro
1311 3800 1405 3838 seu
1438 3788 1703 3842 moriente
1742 3788 1855 3843 iieri
1886 3790 2090 3858 potuis-

499 3874 604 3920 set.
634 3867 999 3937 rcdintegrato
1037 3875 1352 3946 episcopatu
1388 3880 1557 3947 patris
1605 3880 1686 3934 sui
1742 3881 1979 3935 animam
2032 3882 2086 3937 in

500 3957 796 4017 novissimo
818 3962 902 4018 die
933 3964 998 4018 ad
1027 3978 1271 4023 eternam
1308 3970 1551 4039 requiem
1582 3980 1890 4025 renovaret.
1945 3972 2091 4038 Hzec,

505 4050 753 4110 quamvis
781 4050 851 4084 m
884 4068 1017 4109 sexu
1065 4055 1294 4129 fragilis,
1327 4060 1583 4116 modestae
1616 4072 1795 4117 tamen
1840 4062 2048 4118 ﬁducia:
2072 4104 2088 4128 ,

504 4144 559 4188 et
589 4140 732 4206 quod
760 4141 813 4197 in
843 4141 1035 4203 Grecia
1084 4163 1268 4204 rarum
1298 4159 1403 4217 est,
1435 4152 1666 4224 egregia:
1716 4155 2091 4213 conversatio-

2187 397 2498 455 demulcens
2540 404 2592 456 in
2619 405 2869 458 ontnibus
2907 407 3047 473 pios,
3074 415 3367 475 terensque
3416 424 3483 462 ac
3515 422 3784 478 superans

2185 502 2417 547 erectos.
2450 495 2531 549 De
2581 496 2931 553 l'ructuvero
2978 501 3182 554 ventris
3233 502 3314 553 sui
3374 502 3625 556 decimas
3678 502 3784 557 Deo

2186 582 2399 647 obtulit,
2432 584 2571 640 tilias
2620 602 2787 650 suas,
2835 589 3065 657 primam
3095 590 3165 622 ⁵⁸³
3216 594 3282 646 ad
3333 590 3786 663 Quidilingeburg

2186 668 2588 741 Ethelbeidam
2641 685 2878 749 nomine,
2910 687 3137 740 alteram
3187 687 3254 739 ad
3302 686 3682 743 Gonneslteim
3714 687 3786 720 ³⁸⁵

2189 771 2249 843 (l'.
2274 773 2383 837 55')
2411 790 2529 844 qua:
2561 775 2762 844 Sophia
2792 777 2992 831 dicitur
3022 778 3195 849 (Mil).

2258 864 2312 920 9.
2356 866 2430 919 Eo
2458 877 2699 937 tempore
2733 868 2880 940 (990)
2912 869 3109 925 Miseco
3142 879 3197 924 et
3225 871 3535 925 Bolizlavus
3559 871 3707 924 inter
3730 884 3791 925 se

2187 946 2549 1021 dissonanies,
2589 960 2817 1014 multum
2847 963 2949 1016 sibi
2996 963 3224 1016 invicem
3263 973 3570 1017 nocuerunt
3613 963 3784 1029 (ιω).

2189 1048 2491 1103 Bolizlavns
2537 1051 2800 1107 Liuticios
2859 1054 2973 1108 suis
3018 1055 3332 1123 parentibus
3383 1064 3438 1107 et
3495 1055 3601 1108 sibi
3657 1069 3790 1108 sem.

2188 1156 2286 1211 per
2341 1141 2525 1195 lidelcs
2580 1144 2633 1197 in
2681 1145 2937 1198 auxilium
2996 1146 3080 1199 sui
3148 1140 3384 1208 invitat;
3442 1144 3652 1198 Misero
3684 1152 3790 1196 sn-

2190 1241 2295 1288 tem
2366 1234 2622 1302 predictm
2697 1236 3041 1307 inperatricis
3106 1237 3438 1308 adjutorium
3524 1235 3786 1303 postulat.

2189 1326 2320 1394 Qum
2363 1344 2484 1380 cum
2520 1338 2647 1384 tunc
2698 1330 2750 1384 in
2801 1330 3166 1401 Magadaburg
3218 1326 3430 1391 fuisset,
3484 1328 3787 1383 Gisilerum

2189 1414 2425 1483 ejusdem
2455 1418 2944 1488 archiepiscopum,
2979 1420 3318 1488 comitesque
3347 1420 3476 1479 bos,
3524 1417 3789 1471 Ekkihar-

2191 1506 2338 1567 dum,
2402 1507 2725 1575 Esiconem,
2772 1509 3117 1574 Binizouem,
3163 1527 3287 1565 cum
3343 1518 3499 1578 patre
3565 1524 3693 1562 meo
3736 1516 3788 1561 et

2190 1596 2305 1664 ejus
2354 1599 2616 1666 equivoco
2657 1599 2829 1671 (465),
2886 1600 3141 1655 Brunoue
3195 1616 3259 1656 ac
3301 1601 3487 1656 Udoue
3540 1598 3789 1655 emeris-

2188 1703 2294 1758 que
2323 1690 2690 1759 compluribus
2712 1706 2784 1745 eo
2833 1691 3001 1746 misit.
3035 1692 3135 1758 Qui
3164 1692 3250 1745 vix
3296 1706 3418 1745 cum
3452 1691 3484 1744 4
3531 1691 3603 1722 ⁸³⁷
3664 1704 3786 1759 pro-

2190 1780 2490 1836 ﬁcis-centes
2518 1783 2818 1851 legionibus
2840 1784 2934 1844 ⁵³⁸.
2965 1784 3032 1837 ad
3078 1776 3273 1854 pagum
3323 1783 3532 1852 Sclpuli
3584 1776 3789 1835 alienun
3820 1786 3825 1791 “

2188 1880 2477 1934 venerunt,
2503 1872 2736 1941 acjuxta
2764 1890 2926 1929 unam
2957 1874 3228 1944 paludem,
3258 1890 3420 1944 supra
3445 1891 3612 1943 tinam
3653 1888 3789 1943 pons

2190 1962 2380 2032 longus
2406 1965 2717 2036 porrigitur,
2743 1967 3108 2022 consederunt
3132 1968 3222 2020 "3.
3259 1968 3321 2022 Et
3343 1984 3489 2032 ecce,
3522 1967 3576 2021 in
3610 1968 3790 2021 noctis

2192 2055 2408 2110 silentio
2439 2073 2577 2110 ltlltts
2598 2073 2663 2112 ex
2691 2059 2854 2114 sociis
2877 2060 3146 2123 Willonis,
3171 2061 3261 2130 qui
3293 2060 3466 2130 pridie
3494 2060 3564 2113 ad
3588 2060 3794 2129 perspi-

2192 2148 2441 2203 ciendum
2473 2150 2668 2203 suimet
2693 2152 2935 2219 predium
2968 2154 3264 2221 precetlens
3283 2169 3311 2205 a
3332 2153 3568 2207 Boemiis
3598 2159 3793 2220 captus

2193 2250 2297 2301 est,
2330 2241 2583 2296 evadens.
2632 2243 2928 2310 periculum
2981 2245 3268 2299 imminens
3323 2245 3571 2298 liiuizoni
3618 2244 3797 2314 prium

2194 2331 2386 2386 indixit
2425 2333 2635 2387 comiti.
2662 2333 2814 2389 Tunc
2860 2336 3030 2390 nostri
3062 2336 3179 2406 ejus
3227 2337 3626 2405 ammonilione
3660 2334 3794 2388 σείει

2196 2420 2331 2478 riter
2356 2416 2658 2495 surgentes.
2688 2442 2746 2479 se
2770 2437 3084 2497 preparant,
3111 2437 3163 2482 et
3186 2429 3238 2481 in
3270 2430 3385 2498 ipso
3408 2428 3522 2495 jam
3560 2428 3791 2482 venien—

2197 2517 2265 2571 tis
2285 2532 2495 2571 aurora:
2515 2519 2833 2588 crepusculo
2858 2521 3079 2575 missam
3111 2521 3359 2585 audiunt,
3388 2522 3614 2591 quidam
3645 2530 3796 2573 stauc

2195 2609 2283 2674 do,
2331 2618 2386 2663 ct
2432 2609 2520 2662 alii
2551 2626 2714 2678 super
2760 2626 2929 2681 equos
2960 2613 3224 2676 sedendo;
3274 2621 3330 2667 et
3380 2613 3431 2666 in
3489 2622 3617 2667 ortu
3666 2611 3793 2665 solis

2195 2712 2394 2756 exctmt
2419 2718 2448 2756 e
2477 2705 2691 2770 castris,
2717 2704 2926 2759 solliciti
2948 2706 3015 2759 de
3041 2714 3234 2760 eventu
3265 2707 3427 2760 futuri
3452 2708 3790 2761 certamin-Is.

2196 2794 2347 2848 'l‘unc
2375 2794 2674 2849 liolizlavus
2716 2813 2838 2850 cum
2868 2796 2981 2852 suis
3005 2797 3149 2851 venit
3182 2798 3457 2851 turmatim
3502 2799 3576 2829 ⁸³³
3609 2798 3646 2852 3
3676 2798 3793 2851 ldus

2195 2883 2342 2946 Julii,
2368 2896 2421 2939 et
2447 2888 2717 2957 utrimque
2749 2889 3265 2967 mmciimittuntur.
3295 2883 3369 2943 Et‘
3393 2906 3456 2943 ex
3494 2900 3655 2959 parte
3699 2890 3795 2942 lto-

2123 3015 2164 3077 C
2200 2977 2376 3031 Iizlavi
2402 2978 2621 3047 quidam
2647 2980 2821 3046 miles,
2855 2981 3053 3051 Slopan
3100 2981 3169 3013 ’³ο
3203 2984 3441 3045 nomine,
3471 2984 3539 3036 ad
3589 2983 3793 3051 perspi-

2199 3071 2448 3125 ciendum
2482 3087 2672 3139 agmeu
2704 3084 3008 3127 nostrorum
3031 3075 3280 3131 accessit.
3306 3085 3355 3128 et
3388 3089 3643 3127 reversus
3672 3074 3793 3128 inde

2197 3163 2562 3231 interrogatur
2613 3180 2642 3217 a
2679 3165 2900 3219 domino
2948 3165 3124 3234 qualis
3165 3174 3310 3220 esset
3352 3168 3637 3220 exercitus
3688 3165 3791 3229 hic,

2196 3256 2238 3311 si
2263 3270 2383 3309 etttn
2414 3256 2602 3309 eodem
2626 3258 2893 3327 potuisset
2921 3273 3185 3326 pugnare,
3208 3273 3275 3310 an
3301 3273 3429 3311 non.
3453 3257 3794 3311 Ortabantur

2195 3349 2338 3403 enim
2375 3348 2517 3403 buuc
2544 3349 2803 3404 satellites
2830 3330 2936 3415 sui,
2961 3359 3017 3403 ut
3047 3350 3249 3403 nullum
3283 3352 3349 3403 de
3378 3350 3587 3404 nostris
3610 3350 3788 3402 vivum

2192 3443 2395 3496 sineret
2421 3442 2490 3473 ⁸²³
2531 3441 2698 3494 abire.
2738 3444 2780 3495 A
2808 3448 2914 3511 quo
2941 3442 3022 3496 sic.
3052 3442 3101 3496 ei
3141 3441 3403 3497 redictum
3441 3441 3503 3511 (f.
3532 3442 3645 3512 55‘)
3670 3453 3791 3495 e~t:

2198 3531 2475 3587 Exercitus
2496 3533 2578 3586 hic
2607 3534 2678 3565 ³¹⁸
2706 3534 2996 3604 quantitate
3017 3552 3228 3600 parvus,
3252 3534 3505 3604 qualitate
3532 3552 3633 3587 sua
3665 3536 3794 3602 opti-

2196 3642 2313 3678 mus
2339 3636 2385 3679 et
2419 3627 2586 3679 omnis
2617 3636 2691 3679 est
2729 3626 2948 3692 ferreus.
2994 3624 3245 3696 Pugnare
3281 3643 3399 3679 cum
3444 3644 3505 3679 eo
3533 3628 3631 3680 tibi
3664 3638 3792 3695 potis

2199 3728 2304 3780 est;
2332 3718 2422 3770 sed
2453 3717 2523 3749 ⁵³³
2548 3720 2594 3770 si
2622 3718 2713 3770 tibi
2736 3718 2889 3771 hodie
2916 3718 3132 3770 victoria
3158 3718 3325 3770 evenit
3346 3758 3358 3778 ,
3382 3719 3458 3770 sic
3496 3728 3794 3785 prosterne-

2204 3809 2361 3869 ris,ut
2392 3808 2639 3877 ('ugiendo
2670 3806 2985 3862 Misecouem
3003 3809 3269 3861 inimirum
3291 3818 3340 3860 te
3361 3809 3612 3861 continuo
3627 3824 3795 3875 perse-

2198 3906 2440 3965 quenlem
2464 3899 2548 3950 vix
2566 3908 2654 3949 aut
2680 3915 3006 3969 nequaquam
3029 3900 3221 3953 evadas
3242 3898 3336 3963 ³³³,
3365 3910 3413 3952 et
3441 3897 3686 3953 Saxones
3702 3899 3793 3950 tibi

2200 3990 2399 4044 hostem
2444 3991 2515 4025 ⁸³³
2546 3991 2601 4043 in
2640 4000 2943 4060 perpetuum
2973 3991 3238 4061 acquiras.
3287 3990 3348 4045 Si
3395 4000 3577 4043 autent
3632 3992 3793 4042 virtus

2198 4080 2363 4148 fueris
2383 4122 2397 4145 ,
2428 4066 2550 4150 ﬁnis
2577 4090 2652 4134 est
2678 4082 2743 4134 de
2773 4092 2923 4136 temet
2947 4083 3058 4153 ipso
3086 4091 3133 4135 et
3163 4082 3227 4134 de.
3270 4082 3411 4134 ωιιηὶ
3457 4098 3623 4148 regno
3649 4081 3715 4131 ad
3746 4089 3794 4131 te

2196 4175 2493 4242 pertinenti.
2532 4171 2655 4226 Non
2692 4173 2828 4227 enim
2863 4184 3092 4228 remanet
3125 4190 3239 4244 spes
3283 4173 3391 4227 ulla
3419 4173 3696 4227 resistendi
3724 4170 3794 4205 ⁸³³

1759 4353 1761 4356 ⁴
1826 4326 2054 4385 VARUS
2090 4326 2384 4387 LECTION
2394 4326 2495 4386 ES.

577 4520 647 4551 ⁸⁸⁸
670 4519 741 4573 ita
768 4521 844 4574 lc.
876 4521 1202 4578 cellenarius
1230 4522 1313 4576 la.

503 4587 573 4622 ⁸η
601 4592 673 4644 ita
698 4592 779 4646 lc.
823 4594 1051 4647 ntouotis
1084 4594 1162 4647 lu.

504 4662 573 4692 ⁵²⁷
610 4678 658 4714 v.
685 4678 735 4717 c.
767 4662 871 4716 llll.
902 4665 1027 4716 add.
1072 4664 1150 4718 Η)-

1235 4594 1304 4625 ⁵¹¹
1336 4593 1605 4647 meiuSutb
1640 4594 1724 4645 la.
1819 4592 1895 4623 ⁵²³
1920 4593 1992 4643 ita
2021 4593 2100 4644 lc.

1259 4665 1331 4698 ⁸⁸⁸
1374 4664 1499 4717 add.
1526 4664 1610 4717 lb.

1391 4523 1471 4587 “"7
1500 4521 2087 4585 Tunc—consecratur
2121 4520 2247 4574 add.
2282 4522 2360 4576 Ib.

2128 4592 2255 4660 quid
2290 4593 2373 4645 la.

1722 4662 1794 4694 "’
1822 4671 1860 4715 ι.
1896 4661 1980 4716 ΙΙΙ.
2029 4662 2063 4715 i.
2098 4662 2132 4714 i.
2162 4662 2216 4715 in
2241 4661 2355 4715 loco
2392 4678 2511 4714 raso
2548 4662 2593 4714 l.

2437 4520 2509 4551 ⁸¹⁸
2551 4536 2581 4575 n
2601 4536 2809 4573 erasum
2843 4521 2892 4576 l.
2969 4521 3039 4553 ⁸¹⁹
3059 4537 3140 4589 qzu
3165 4521 3212 4576 l.
3289 4519 3359 4552 m
3388 4520 3679 4575 tittoluebat
3710 4523 3787 4574 la.

2486 4590 2557 4622 '“
2588 4592 2780 4660 quavis
2814 4592 2860 4644 Ι.
2935 4592 3006 4625 ⁸¹⁸
3041 4592 3080 4645 l.
3115 4593 3163 4643 l.
3241 4591 3311 4622 ⁵²⁶
3335 4592 3686 4660 gandeslteim
3717 4595 3783 4644 lc.

2671 4610 2780 4643 llVlS
2814 4610 2860 4644 ι.
2935 4610 3006 4625 ""’
3041 4610 3080 4645 Ι.
3115 4610 3163 4643 ι.
3241 4610 3311 4622 ""
3352 4610 3686 4645 'Slltthtslltfllls
3717 4610 3783 4644 lt'.

2671 4661 2743 4692 “°
2767 4660 2967 4731 Zlopau
2994 4662 3061 4715 Α.
3115 4660 3177 4716 S.
3208 4677 3258 4715 a.
3292 4610 3420 4716 9‘30.
3464 4660 3668 4733 FlOpan
3712 4663 3787 4715 ιτ.

508 4733 578 4765 ⁸³¹
628 4749 761 4789 corr.
789 4733 974 4790 euadis
1002 4735 1108 4789 lc?
1178 4735 1248 4768 ⁸³¹
1279 4736 1463 4790 hostes
1506 4736 1590 4789 lc.
1665 4733 1735 4765 ⁸³³
1765 4731 2020 4787 resitendi
2066 4732 2391 4803 superposito
2415 4747 2471 4786 ss
2497 4732 2547 4785 l.

2024 4903 2254 4962 NOTIE.

591 5074 731 5143 (:52)
775 5074 965 5143 lndid.,
1000 5096 1048 5131 ιι.
1076 5077 1180 5134 935
1205 5090 1259 5135 et
1284 5081 1409 5136 986.

500 5160 505 5165 '
586 5144 735 5215 M53)
771 5145 842 5199 Ita
891 5155 945 5200 et
989 5148 1200 5203 Necrol.
1234 5151 1566 5221 Merscburg.
1601 5151 1676 5207 De
1714 5150 1932 5208 0twiuo
1987 5152 2102 5224 epi-

510 5229 693 5279 scopo.

588 5282 730 5300 ΙΙἈ⁸ΙΧ
786 5286 801 5300 Δ
952 5286 988 5300 n
1084 5290 1134 5300 Ill
1181 5285 1195 5300 ι’
1391 5290 1486 5300 Λιι-

2200 5097 2229 5135 a
2272 5081 2580 5151 Tangmaro
2622 5080 2940 5151 presbytero
2973 5079 3255 5151 scriptam,
3288 5094 3412 5151 cap.
3439 5080 3495 5132 ἓ.

2278 5148 2428 5221 (457)
2473 5151 2535 5206 ν.
2563 5148 2701 5204 Ann.
2729 5148 3038 5221 Qderllinln,
3071 5166 3121 5202 a.
3154 5150 3276 5212 986,
3304 5148 3432 5213 987,
3474 5149 3596 5204 990.

2460 5220 2953 5300 ῥιιιιλριιιῖιμξιιιι..
2989 5235 3039 5271 a.
3070 5221 3195 5273 989.
