4042 5300
241 195 377 253 κιο

1489 199 1902 256 CHRONICON.
1932 233 1997 242 ——
2033 203 2156 256 LIB.
2203 207 2290 258 Π.

3375 210 3515 266 12ζο

236 309 447 362 inimico
473 318 522 362 te
570 307 944 380 urtdiquesecus
973 308 1185 363 uallanti
1212 306 1301 360 ⁵⁸⁸.
1333 307 1553 364 Talibus
1575 310 1824 378 alloquiis
1855 326 1898 376 Α
1931 329 2053 367 mox
2079 314 2110 366 a‘
2132 317 2361 384 quodam
2405 315 2641 372 llodouis
2681 315 2750 349 ⁵³³
2790 317 3021 373 satellite
3066 318 3279 373 comitis
3329 320 3524 374 inima-

237 399 386 453 furor
413 399 554 454 illius
571 401 812 464 sedatur,
836 409 890 456 et
912 416 1042 472 pace
1065 400 1206 456 facta
1235 402 1304 433 ⁵³³
1327 403 1596 473 principes
1614 413 1830 457 nostros

235 493 547 562 alloquitur,
579 503 635 547 ut
666 493 756 562 qui
786 504 973 548 contra
1001 510 1124 549 eum
1158 495 1261 548 huc
1296 495 1565 561 venirent,
1598 511 1722 550 cum
1765 509 1830 549 eo

234 585 300 639 ad
326 586 651 639 Miseconcm
684 601 931 655 pergere,
959 597 1010 640 et
1034 588 1085 640 in
1123 588 1477 642 restituendis
1520 589 1718 642 suimet
1749 592 1832 641 re-

237 678 336 730 bus
364 692 422 730 se
449 679 590 744 apud
620 678 941 732 Miseconem
973 679 1230 748 adjuvare
1254 679 1325 710 ⁸³⁸
1361 680 1675 734 voluissent.
1718 679 1830 734 lloc

228 769 531 833 laudabant
556 771 706 841 (461)
736 773 924 832 nostri,
959 783 1012 826 et
1041 771 1305 827 Gisilcrus
1339 774 1673 844 archiprcsul
1707 789 1828 828 cum

234 862 568 928 Ekkihardo,
596 864 823 918 Esicone
865 881 926 919 ac
971 864 1230 919 Biuizone
1277 867 1567 921 comitibus
1615 868 1831 938 prolici-

233 958 488 1009 scel:atur
514 971 634 1010 cum
666 974 752 1011 eo.
783 959 996 1012 ereteris
1020 957 1273 1013 omnibus
1304 959 1520 1012 domum
1545 976 1666 1012 eum
1695 975 1828 1029 pace

233 1050 652 1102 revertentibus.
674 1054 1167 1109 advesperascente
1182 1065 1294 1118 jam
1323 1052 1427 1110 die.
1448 1053 1554 1106 hiis
1575 1054 1828 1107 omuilus

235 1156 383 1194 arma
419 1141 488 1172 ⁸³⁷
519 1151 826 1206 sumuntur,
861 1153 914 1196 et
941 1159 1062 1196 mox
1091 1160 1213 1197 cum
1248 1159 1554 1212 juramento
1601 1146 1828 1200 ﬁrn‘iatis

234 1233 553 1287 redduntur.
589 1232 1058 1298 VenitBolizlavus
1081 1252 1202 1290 eum
1228 1239 1431 1292 nostris
1457 1238 1522 1290 ad
1548 1239 1780 1294 Oderam
1808 1255 1822 1302 ;

236 1326 303 1378 ad
338 1325 665 1380 Miseeonem
707 1328 936 1381 nuncius
976 1328 1230 1391 mittitur,
1269 1331 1361 1398 qui
1397 1328 1606 1382 diceret
1652 1344 1710 1383 se
1756 1328 1826 1361 ⁸³⁸

233 1418 286 1470 in
320 1426 585 1486 potestate
613 1433 708 1471 sua
741 1417 1092 1473 auxiliatores
1117 1436 1243 1473 suos
1269 1421 1484 1474 habere.
1514 1420 1569 1474 Si
1602 1437 1823 1492 regnum

231 1508 334 1561 sibi
377 1508 615 1561 ablatum
644 1509 914 1574 redderet,
947 1511 1045 1564 hos
1074 1511 1368 1565 incolomes
1415 1513 1565 1566 abire
1606 1513 1829 1582 permit-

231 1604 404 1659 teret;
439 1597 521 1650 sin
547 1607 725 1651 autem
759 1613 950 1653 omnes
989 1601 1260 1669 perderet.
1305 1601 1411 1654 Sed
1451 1601 1650 1655 Miseeo
1700 1603 1826 1656 huic

1934 414 2046 458 tum
2071 414 2172 460 est.
2201 407 2354 462 Unde
2386 409 2435 462 in
2461 409 2572 480 ipsa
2591 410 2958 465 aceclerautes
2974 409 3126 474 hora,
3152 410 3260 464 Deo
3282 413 3516 482 gratias!

1933 496 1999 551 ad
2033 496 2393 567 Magadaburg
2429 501 2724 556 incolumes
2761 514 3156 572 pervenerunt,
3186 502 3430 559 hostibus
3460 520 3519 559 se

1932 586 1987 641 in
2018 602 2214 642 vanum
2237 589 2316 643 sic
2343 590 2735 645 laborantibus.

2005 677 2088 731 10.
2117 677 2171 730 Id
2204 688 2261 732 ut
2281 682 2534 750 primitus
2563 683 2624 752 (f.
2657 681 2764 749 56')
2793 682 3029 749 audivit,
3058 684 3400 754 prosperitati
3432 700 3526 741 eo-

1931 785 2050 824 rum
2080 773 2262 826 arrisit
2305 775 2643 844 imperatrix.
2695 776 2801 832 Sed
2855 780 2980 846 quia
3032 779 3097 831 de
3143 779 3343 848 optima
3399 779 3519 848 ejus

1928 864 2349 920 conversatione
2376 881 2561 934 parum
2592 867 2724 922 mihi
2749 869 2813 922 ad
2836 870 3087 923 uoticiam
3111 869 3180 901 ⁸⁸⁸
3210 872 3371 932 venit.
3397 874 3517 926 idro

1929 958 2178 1024 superius
2205 959 2431 1012 strictim
2459 961 2523 1013 de
2547 959 2791 1015 inmensa
2819 962 2935 1030 ejus
2961 962 3239 1017 nobilitate
3262 963 3515 1033 explicui.

1931 1044 2058 1100 Hatc
2085 1047 2454 1102 occidentales
2487 1060 2612 1104 tunc
2660 1051 2923 1106 inhabitat
2967 1053 3232 1121 regiones.
3264 1069 3383 1123 qua:
3415 1055 3518 1109 lzoc

1930 1138 2148 1190 nomine
2194 1137 2390 1194 merito
2437 1141 2713 1210 dicuntur,
2747 1143 2873 1212 quia
2906 1143 3102 1200 ibii'em
3149 1144 3228 1200 sol
3260 1156 3309 1200 et
3341 1147 3520 1202 onis

1929 1229 2142 1296 equitas
2171 1245 2295 1284 eum
2324 1225 2626 1286 obedientia
2653 1244 2707 1286 et
2729 1235 2794 1265 ⁵⁵⁷
2821 1236 3047 1288 caritate
3093 1249 3273 1291 unitua
3330 1239 3380 1290 in
3432 1255 3519 1293 oc-

1930 1335 2117 1375 casum
2150 1339 2207 1377 se
2242 1325 2435 1396 vergit.
2469 1323 2581 1379 Nox
2612 1327 2684 1380 nil
2716 1326 2862 1381 aliud
2891 1335 3001 1391 est,
3035 1328 3136 1382 nisi
3177 1329 3370 1385 umbra
3411 1339 3518 1383 ter-

1930 1428 2004 1467 rae
2029 1413 2123 1479 5'",
2155 1424 2209 1468 et
2240 1416 2338 1472 hoc
2371 1425 2540 1471 totum
2561 1458 2574 1481 ,
2603 1419 2744 1486 quoi
2781 1417 3043 1488 indigena:
3079 1420 3165 1473 isti
3197 1430 3515 1488 operantur.

1930 1506 2004 1560 nil
2033 1508 2129 1563 nisi
2161 1519 2459 1578 peccatum.
2490 1509 2586 1566 llic
2618 1511 2988 1580 predicatores
3029 1513 3200 1567 sancti
3235 1515 3285 1568 in
3316 1531 3514 1567 vanum

1931 1599 2202 1667 laborant,
2253 1603 2340 1659 hic
2391 1620 2546 1675 reges
2597 1615 2650 1659 et
2700 1607 2880 1660 caueri
2930 1607 3200 1676 principes
3250 1607 3519 1659 modicum

231 1686 434 1741 talibus
459 1691 734 1757 respondit
761 1708 773 1742 :
807 1691 862 1743 Si
893 1693 1151 1746 voluisset
1177 1708 1268 1746 rex
1294 1709 1425 1749 suos
1449 1697 1733 1763 acquirere
1755 1695 1825 1727 ⁸³⁸
1861 1691 1900 1746 ll
1933 1694 2135 1757 valent;
2172 1696 2434 1764 predones
2465 1709 2519 1750 et
2554 1697 2684 1764 justi
2729 1709 3101 1765 persecutores
3150 1698 3515 1752 i'om’uautur.

227 1779 409 1833 salvos
439 1791 528 1834 aut
556 1781 739 1836 ulcisci
765 1783 833 1814 ⁵³³
866 1786 1129 1853 perditos,
1160 1785 1397 1850 faceret;
1431 1796 1486 1840 et
1517 1789 1560 1840 si
1596 1789 1694 1842 hoc
1719 1804 1824 1842 non
1865 1835 1870 1838 _

234 1871 414 1934 tieret,
445 1873 586 1940 quod
620 1883 838 1942 propter
861 1890 954 1929 eos
991 1876 1064 1928 nil
1091 1878 1313 1929 omnino
1357 1880 1583 1946 perdere
1629 1879 1827 1934 voluis-

227 1972 336 2016 set.
361 1963 471 2018 Iloe
497 1966 864 2020 Bolizlavusut
890 1969 1120 2037 accepit,
1144 1971 1573 2024 salvisomnibus
1597 1973 1826 2038 nostris,

228 2067 591 2125 quiscumque
612 2061 781 2124 potuit
803 2074 866 2110 ex
890 2057 1018 2112 locis
1042 2060 1548 2129 cirmunjaeeutilms
1572 2063 1829 2131 predatur

230 2159 297 2196 ac
329 2144 585 2198 incendit.
627 2145 687 2216 (Γ.
731 2147 820 2214 56)
847 2147 972 2202 lude
1004 2165 1256 2204 reversus
1281 2151 1469 2204 urbem
1503 2168 1730 2207 unam...
1756 2153 1840 2195 m-

227 2236 388 2304 (165)
413 2239 630 2290 nomine
663 2240 930 2307 possedit,
977 2250 1033 2294 et
1082 2242 1218 2294 hanc
1254 2258 1376 2295 eum
1425 2243 1644 2296 domino
1689 2244 1825 2310 ejus,

228 2330 463 2381 urbanis
515 2331 589 2382 nil
642 2331 1068 2400 repugnautiluts
1097 2373 1110 2395 ,
1141 2334 1450 2401 acquisivit,
1485 2336 1828 2404 eundemque

229 2419 466 2475 Liuticis
486 2422 552 2473 ad
597 2422 966 2475 deCollandum
997 2423 1160 2476 dedit.
1197 2422 1304 2477 Nec
1352 2439 1521 2488 mora,
1555 2426 1660 2480 diis
1716 2426 1829 2480 fau-

226 2513 446 2565 toribus
473 2513 538 2543 ³³¹
570 2513 681 2567 lucc
710 2515 848 2568 ostia
883 2526 1005 2568 ante
1030 2516 1215 2569 urbem
1249 2516 1505 2583 offertur,
1543 2528 1595 2572 et
1629 2519 1694 2572 de
1739 2533 1826 2573 re-

224 2607 488 2661 versione
520 2609 586 2661 ab
609 2610 860 2664 omnibus
887 2620 1155 2664 tractatur
1175 2610 1265 2663 m.
1306 2611 1458 2666 Tunc
1499 2612 1823 2676 Bolizlavus,

225 2700 416 2754 sciens
447 2710 662 2755 nostros
708 2717 774 2754 ex
803 2713 958 2771 parte
984 2703 1340 2756 Liuticiorum
1387 2704 1686 2758 incolumes
1715 2719 1824 2758 non

223 2807 393 2860 posse
425 2791 642 2845 domum
699 2793 815 2846 sine
859 2809 925 2847 eo
971 2795 1254 2862 pervenire
1283 2835 1297 2858 ,
1347 2795 1588 2849 crastino
1623 2795 1831 2850 dimisit

223 2897 324 2935 eos
358 2881 698 2950 crcpusczzlo,
734 2893 791 2936 ut
831 2885 1110 2937 ammouiti
1148 2884 1360 2937 fuerant
1386 2925 1401 2950 ,
1435 2885 1661 2938 multum
1707 2902 1829 2955 pro-

220 2983 508 3044 perantes.
535 2974 686 3040 Quod
713 2984 763 3027 ut
801 2976 1029 3044 predicti
1053 2977 1239 3062 hostes
1285 2979 1693 3046 comperierunt
1732 2978 1824 3044 ⁸³³,

1933 1783 2097 1836 Multa
2131 1794 2440 1839 sanctorum
2477 1801 2700 1857 corpora
2754 1787 2804 1840 in
2853 1787 2957 1842 hiis
3007 1786 3248 1856 partibus
3301 1786 3518 1854 nequie-

1931 1885 2117 1941 scunt;
2151 1879 2244 1932 sed
2273 1879 2610 1934 habitatores
2644 1882 2760 1944 hos,
2799 1889 2858 1934 ut
2884 1881 3059 1954 video,
3091 1889 3350 1949 spernunt
3393 1893 3519 1948 prc-

1931 1970 2257 2026 varicantes.
2293 1970 2402 2026 Sed
2436 1989 2500 2027 ne
2535 1974 2766 2043 quisme
2786 1973 3016 2044 Crispini
3046 1972 3364 2042 discipulum
3392 1973 3516 2041 lippi

1931 2076 2050 2116 esse
2076 2063 2372 2117 arbitretur
2397 2064 2553 2132 (llon.
2587 2082 2744 2119 serm.
2774 2079 2810 2128 ι,
2842 2066 2892 2130 1,
2922 2065 3044 2134 126)
3067 2105 3080 2124 ,
3113 2065 3178 2118 de
3209 2067 3312 2117 hus
3358 2061 3513 2122 sileo,

1931 2152 2055 2220 quia
2101 2153 2169 2206 ob
2199 2153 2433 2208 inlicitas
2469 2153 2887 2224 conjunecioues
2933 2153 3172 2222 aliasque
3219 2150 3521 2206 inell‘abiles

1931 2245 2208 2300 versucias
2237 2247 2330 2300 bos
2366 2261 2532 2314 prope
2568 2247 2845 2300 interitum
2891 2261 3010 2300 esse
3041 2261 3142 2298 nou
3174 2245 3380 2296 dubito.
3433 2243 3520 2296 ln-

1931 2351 2184 2390 tiumeras
2215 2338 2512 2390 antistitum
2536 2337 3134 2390 excommunicaciones
3170 2349 3292 2403 spi'c
3331 2343 3523 2398 erunt,

1931 2435 1982 2480 et
2008 2436 2228 2495 propter
2259 2427 2362 2481 hoc
2391 2437 2535 2481 stare
2563 2428 2652 2480 diu
2687 2444 2788 2480 nou
2841 2435 3109 2494 poterunt.
3147 2425 3259 2480 Hoc
3309 2435 3520 2476 tantum

1933 2534 2036 2572 una
2071 2534 2306 2583 mecum,
2343 2534 2532 2587 qucso,
2561 2518 2763 2573 Christi
2797 2517 2979 2571 ﬁdeles
3007 2527 3176 2574 orate.
3207 2525 3260 2568 ut
3291 2515 3363 2568 hii
3407 2529 3525 2566 mtt-

1935 2618 2115 2664 tentur
2149 2611 2200 2663 in
2231 2609 2444 2675 melius,
2475 2620 2528 2664 et
2555 2611 2620 2663 ad
2650 2625 2748 2664 nos
2778 2624 2992 2676 uumqu.
3020 2623 3069 2660 m
3099 2609 3279 2661 veniat
3300 2605 3368 2635 5‘”
3402 2604 3524 2657 talis

1933 2718 2080 2756 usus.
2109 2702 2262 2755 Nune
2291 2713 2470 2756 autem
2495 2702 2560 2757 de
2587 2702 2693 2756 [inc
2732 2700 3093 2770 imperatricis
3136 2698 3393 2770 predicta:
3446 2697 3525 2750 lo-

1933 2805 2178 2856 cuturus,
2207 2809 2323 2862 qua:
2346 2795 2488 2847 hunc
2517 2792 2882 2863 precesserint
2906 2791 3056 2860 signa
3086 2789 3335 2843 narrabo.
3366 2788 3523 2840 Auno

1933 2884 2228 2939 Dominica:
2253 2884 2646 2939 lncarnationis
2667 2885 2769 2938 989
2790 2882 2938 2954 (466)
2969 2883 3048 2936 sol
3080 2881 3275 2936 defecit
3300 2880 3384 2934 12.
3413 2879 3524 2930 Ka-

1934 2975 2076 3032 lend.
2109 2975 2428 3030 Novembris
2457 2985 2511 3030 et
2536 2976 2589 3030 5'.
2623 2975 2726 3030 diei
2758 2978 2891 3029 hora
2922 2975 3014 3027 "°.
3044 2973 3374 3027 Sedcunctis
3398 2984 3523 3040 per-

224 3083 381 3138 pone
439 3069 591 3137 sequi
650 3071 880 3122 maxima
933 3046 1230 3123 electoruin
1293 3070 1638 3124 multitudine
1704 3088 1828 3126 mox
1857 3038 1900 3097 C
1935 3069 2136 3122 suadeo
2181 3067 2543 3133 Christicolis,
2592 3076 2649 3121 ut
2693 3067 2958 3122 veraciter
3003 3067 3248 3127 credant,
3283 3065 3386 3118 hoc
3421 3077 3529 3116 ron

223 3162 565 3216 nitebantur.
597 3163 740 3228 Quos
775 3161 1075 3216 Bolizlavus
1118 3162 1204 3214 vix
1230 3162 1301 3202 ⁸η
1324 3163 1656 3230 compescuit
1703 3163 1826 3216 tali-

225 3257 333 3309 bus
368 3273 380 3306 ε
421 3253 555 3316 Vos,
583 3257 670 3324 qui
698 3257 752 3308 in
781 3273 952 3308 meum
984 3257 1083 3308 huc
1115 3257 1325 3309 reuislis
1354 3256 1635 3321 auxilium,
1664 3256 1830 3310 videte

220 3355 286 3398 ut
314 3345 412 3396 huc
434 3345 717 3412 per/iriutis
763 3345 983 3408 bonum,
1025 3345 1189 3418 quod;
1216 3347 1499 3413 incepistis,
1551 3363 1647 3415 pro
1691 3355 1829 3399 certo

219 3439 451 3490 scientes
478 3437 614 3503 quod
644 3436 757 3498 hos,
780 3452 909 3505 quos
957 3437 1009 3490 in
1041 3437 1198 3504 [idem
1243 3437 1447 3504 succepi
1478 3453 1644 3488 meam
1680 3446 1727 3489 et
1770 3438 1829 3490 in

222 3529 367 3581 bona
417 3543 542 3596 pace
569 3527 764 3592 dimisi,
796 3529 899 3580 vita
945 3529 1221 3595 superstite
1273 3543 1386 3579 mea
1421 3527 1622 3580 nullum
1673 3527 1829 3581 hodie

218 3621 411 3688 pucior
438 3619 631 3686 perpeti
657 3619 872 3671 malum.
901 3618 1024 3670 Non
1063 3629 1135 3671 est
1187 3618 1335 3671 nobis
1366 3618 1536 3670 honor
1583 3633 1677 3671 nec
1704 3633 1829 3670 con-

219 3711 444 3774 silium,
476 3712 732 3764 hactenus
778 3713 975 3764 amicos
1019 3710 1313 3780 familiares
1367 3726 1456 3762 nos
1505 3725 1641 3762 nunc
1687 3709 1828 3777 effici

221 3805 547 3871 niauifestos
575 3805 646 3835 ⁵³⁸
670 3807 862 3858 hostes.
901 3803 1019 3858 Scio
1043 3821 1286 3873 magnum
1311 3804 1444 3857 inter
1473 3820 1559 3856 vos
1590 3819 1698 3856 esse
1727 3803 1830 3855 ini-

217 3897 526 3948 miciciam.‘
557 3907 602 3948 et
629 3898 762 3950 hanc
797 3898 980 3950 ulcisci
1003 3898 1241 3950 eveniunt
1267 3896 1408 3949 vobis
1451 3906 1681 3966 tempora
1725 3896 1827 3949 hiis

213 3989 396 4040 multo
432 3989 661 4048 apciora.
699 3989 812 4044 lliis
841 3989 1012 4044 sedati
1067 3988 1295 4058 eloquiis
1344 3987 1558 4050 Liutici,
1592 3987 1727 4040 duos
1758 3988 1825 4042 ab

213 4095 288 4134 eo
313 4080 525 4132 detenti
554 4078 622 4112 ⁵⁵⁵⁵
647 4081 844 4134 ibidem
871 4083 1006 4144 dies,
1035 4090 1089 4133 et
1116 4089 1241 4134 tunc
1265 4081 1493 4133 invicem
1527 4080 1826 4135 salutantes

213 4171 622 4238 antiquumque
671 4172 846 4225 t'mdus
902 4182 1264 4234 renovantes,
1320 4171 1707 4225 disceseeruut.
1761 4171 1827 4225 Et

217 4269 357 4313 tunc
392 4261 466 4312 illi
498 4260 736 4316 inﬁdeles
761 4302 774 4327 ,
805 4264 896 4331 qui
928 4273 1144 4318 nostros
1193 4262 1608 4332 insequerentur
1631 4305 1645 4328 ,
1697 4265 1823 4332 quia

209 4352 380 4423 pauci
413 4363 592 4415 erant,
620 4353 879 4408 ducentos
903 4354 1099 4408 milites
1127 4353 1417 4422 eligerent.
1445 4352 1598 4419 Quod
1624 4352 1822 4406 nostris

1852 4394 1901 4449 Ι)

1935 3162 2108 3230 aliqua
2135 3162 2397 3214 malarum
2429 3162 2797 3216 incantatione
2820 3159 3105 3212 mulierum
3137 3159 3220 3211 vel
3243 3173 3334 3210 esu
3375 3154 3524 3218 (167)

1903 3252 2085 3318 "ﬁeri,
2135 3254 2215 3307 vel
2267 3253 2390 3306 huic
2440 3251 2621 3322 aliquo
2681 3251 2839 3305 modo
2900 3249 3220 3304 seculariter
3277 3243 3528 3317 adjuvari

1909 3354 2120 3412 posse;
2149 3343 2240 3396 sed
2266 3341 2405 3395 sicut
2430 3340 2733 3394 Macrobius
2778 3339 2923 3412 (168)
2954 3347 3186 3393 testatur
3235 3349 3528 3404 ca-teriqu‘e

1933 3437 2204 3504 sapientes
2226 3433 2342 3487 ﬁeri
2373 3443 2644 3497 asserunt,
2675 3442 2729 3485 et
2768 3433 2817 3485 id
2851 3432 2916 3485 de
2944 3431 3067 3484 luna
3111 3429 3278 3500 (469).
3321 3428 3380 3499 (Γ.
3434 3427 3526 3494 Π)

1930 3526 1997 3580 Ει
2020 3527 2262 3595 sequenti
2296 3541 2438 3579 anno
2467 3525 2558 3590 ‘5‘,
2589 3534 2967 3580 consummato
2993 3525 3042 3576 iu
3079 3525 3233 3576 bonis
3262 3522 3387 3574 vita:
3413 3525 3530 3574 su?-

1931 3627 2043 3672 met
2063 3632 2248 3680 cursu,
2277 3618 2327 3670 iu
2353 3617 2658 3686 Niuniaguu
2683 3617 2752 3647 ⁵⁵²
2775 3616 3086 3669 infirmatur
3110 3613 3423 3684 imper..t:ix
3452 3614 3524 3646 ⁸⁵³
3595 3687 3602 3698 ¹

1931 3722 2094 3778 atque
2127 3710 2194 3763 ab
2241 3711 2340 3764 hac
2371 3710 2479 3764 vita
2529 3711 2593 3764 l7
2629 3708 2747 3762 Kal.
2779 3708 2908 3763 Julii
2952 3709 3264 3773 discedens,
3316 3709 3525 3775 sepulta

1931 3810 2014 3854 cst
2066 3799 2134 3854 ab
2187 3799 2472 3870 Ewergero
2515 3799 2586 3831 ⁵⁸³⁵
2622 3809 2823 3853 sancta:
2869 3798 3207 3853 Coloniensis
3261 3797 3522 3853 areilesize

1931 3890 2362 3962 archiepiscopo,
2384 3893 2433 3944 in
2451 3892 2779 3945 monasterio
2800 3892 2968 3944 sancti
2993 3890 3330 3942 Pantaleonis
3352 3889 3525 3958 (176),

1928 3983 2072 4052 quod
2101 3984 2239 4037 datis
2268 3984 2506 4052 inpensis
2530 3983 2672 4036 Brun
2703 3983 3039 4052 archipresul
3071 3980 3140 4035 ibi
3170 3982 3519 4051 requiescens

1929 4075 2168 4129 construi
2196 4076 2457 4145 precepit,
2485 4083 2735 4144 presente
2757 4073 2865 4127 lilio
2887 4087 2950 4126 ac
2970 4072 3134 4126 multa
3160 4087 3256 4142 pro
3282 4073 3520 4125 t'etttediu

1929 4169 2120 4222 matris
2151 4168 2233 4220 his
2264 4167 2629 4222 eoufratribus
2660 4165 2942 4236 largiente.
2982 4167 3134 4232 Quoi
3165 4181 3286 4218 eum
3321 4164 3391 4194 ⁵⁵³
3442 4165 3523 4215 iu-

1927 4261 2054 4316 clita
2082 4261 2378 4330 inperatrix
2401 4259 2734 4314 Ethelheidis
2775 4258 3124 4327 couiperiret,
3165 4258 3336 4311 tristis
3395 4271 3523 4324 pro-

1929 4353 2071 4406 tinus
2096 4351 2306 4416 etl‘ecta,
2341 4365 2522 4422 regem
2547 4359 2673 4404 tunc
2697 4359 2903 4419 septem
2923 4365 3095 4404 annos
3121 4358 3434 4419 regianteiu
3452 4347 3526 4377 ⁵⁸⁸

1535 4532 1769 4590 VARI/[‘1
1811 4530 2210 4589 LECTIONES.

293 4671 368 4701 ⁸³⁵
411 4669 670 4725 uuallauti
704 4673 802 4726 la.

208 4744 470 4812 quireret
518 4743 610 4794 lc.
685 4744 754 4774 ‘3’
798 4741 978 4796 ulcissi
1012 4745 1104 4794 la.

212 4817 286 4867 S.
315 4831 378 4867 ea
418 4814 595 4864 adlmc
633 4813 772 4882 legit.
855 4812 922 4842 5'“
975 4824 1182 4865 traetur
1216 4811 1313 4865 la.

209 4884 289 4914 8"?
333 4899 387 4935 0.
421 4885 629 4936 etadd.
663 4886 757 4938 ib.

213 4957 277 5008 h.
312 4954 438 5006 add.
489 4955 565 5006 ΙΙ».
642 4954 706 4984 ⁸⁵¹
751 4962 806 5007 ct
838 4968 886 5006 s.
935 4969 964 5006 a
1011 4972 1022 5005 :
1077 4956 1132 5007 in
1165 4961 1277 5005 loco
1323 4969 1440 5006 raso
1471 4955 1518 5006 1.

214 5027 324 5078 1c?
399 5025 467 5056 ιω
513 5035 548 5078 ι.
580 5025 681 5078 vn.
715 5042 768 5077 ει.
817 5041 861 5076 r.
901 5025 1152 5097 uddglb.

303 5269 313 5286 Ι
330 5269 438 5296 ’δικ
476 5269 492 5300 1
551 5282 580 5300 n
630 5266 856 5300 na‘s‘n'lnl‘l

902 4671 972 4703 ⁵³⁵
1009 4670 1280 4740 patefacta
1315 4663 1454 4740 1.’Λ.
1492 4667 1552 4724 S.
1585 4669 1622 4720 Ι.
1650 4667 1687 4722 ι.
1721 4669 1894 4722 omisit
1923 4671 2060 4724 hanc
2083 4683 2275 4720 vorem.

1184 4741 1254 4773 δ”ο
1297 4739 1652 4810 Spatium/lic
1686 4755 1775 4790 sex
1804 4743 1912 4806 [ere
1951 4742 2241 4810 litterarum
2289 4737 2508 4810 reliquit

1410 4811 1481 4841 ⁸⁷⁵³
1516 4813 1752 4863 ierasum
1789 4810 1832 4861 l.

868 4883 938 4914 διε
969 4891 1148 4945 terrm,
1174 4897 1461 4952 perquam
1494 4881 1820 4951 perﬁdorum
1846 4893 2070 4951 peccata
2111 4877 2559 4952 itttelliglllll‘wg'

1563 4952 1618 5004 lu
1647 4964 1690 5003 s.
1718 4954 1894 5011 3.16.

2380 4665 2450 4698 ⁸³⁸
2489 4676 2727 4718 auuuare
2768 4665 2819 4717 1.
2854 4662 2921 4693 ⁸³⁷
2963 4663 3131 4716 armis
3162 4663 3175 4712 l
3201 4678 3252 4712 (ε.
3331 4661 3400 4690 ⁵³⁸
3440 4673 3531 4712 ac-

2669 4733 2737 4764 “1
2777 4735 2831 4786 d.
2870 4732 2906 4784 Γ.
2947 4749 3098 4786 erasa
3147 4733 3198 4781 in
3237 4732 3287 4782 1.
3322 4729 3422 4782 Sed
3462 4730 3527 4781 Α.

2347 4802 2417 4839 ⁸³³
2449 4805 2672 4860 hi’ulonis
2703 4805 2784 4857 lc.
2860 4802 2930 4834 “5
2969 4805 3043 4854 ita
3085 4802 3176 4853 lc.
3221 4803 3437 4853 noeiam
3478 4803 3521 4850 ι.

2636 4875 2704 4904 ⁵³9
2749 4875 2974 4926 ueniant
3003 4875 3025 4924 1
3047 4890 3100 4924 a.

2756 4943 2825 4974 ⁵⁵⁸
2861 4943 2987 4994 add.
3034 4941 3117 4994 lb.

1914 4813 1983 4844 ⁵³³
2015 4809 2142 4863 add.
2178 4809 2268 4860 'lc.
2347 4809 2417 4839 5"“
2449 4809 2672 4860 hi’ulonis
2703 4809 2784 4857 1c.
2860 4809 2930 4834 “5
2969 4809 3043 4854 ita
3085 4809 3176 4853 ‘lc.
3221 4809 3437 4853 hortum
3478 4809 3521 4850 ι.

1919 4893 2069 4925 unum
2111 4879 2482 4925 intelliguntur
2506 4877 2559 4925 ‘2.
2636 4875 2704 4904 “9
2749 4875 2974 4925 ueniant
3003 4875 3025 4924 1
3047 4890 3100 4924 a.
3178 4868 3251 4897 ⁸⁸⁰
3294 4880 3348 4925 et
3383 4867 3444 4921 Υ.
3477 4870 3532 4921 d.

1993 4955 2068 4989 π’
2099 4938 2363 5019 teophaitv
2400 4948 2526 5001 add.
2561 4947 2650 4999 1ο.
2756 4943 2825 4974 ⁵⁵⁸
2861 4943 2987 4994 add.
3034 4941 3117 4994 lb.
3194 4938 3270 4972 ⁸⁸⁵
3305 4954 3538 5008 euegeto

2785 5273 2803 5300 ⁷ὶ
2869 5254 3139 5300 Πριιιςοὶιιι
3202 5251 3332 5294 λιν-ι
3393 5253 3399 5255 -
3484 5253 3490 5255 μ
