4042 5300
563 190 698 248 1251

1497 183 1872 240 TiilE'l‘IllARl
1915 184 2335 245 MERSEBURG
2347 188 2432 244 EN
2439 188 2540 246 SlS
2581 186 2728 242 EPlS
2741 184 2885 242 TIOPI

3718 179 3855 241 θέεις

560 305 832 362 visitaiido
885 303 1216 369 consolatur,
1265 317 1328 358 ac
1349 300 1466 357 vice
1493 301 1684 356 matris
1734 318 1915 358 secum
1946 304 2149 356 tamdiu
2182 312 2226 367 Α
2255 306 2345 374 qui
2382 321 2575 376 papam
2604 305 2952 360 Benedictum
2985 303 3197 361 exulem
3226 319 3255 359 a
3284 305 3460 376 patria
3486 303 3711 369 suimet,
3739 321 3854 373 qua:

561 397 764 469 habuit,
780 397 956 466 quoad
981 398 1093 466 ipse
1129 405 1504 464 protervorum
1532 394 1760 448 consilio
1778 393 2036 463 jnvenum
2062 396 2152 446 de-

562 501 824 558 pravatus
847 490 1054 544 tristem
1084 488 1228 541 illam
1254 487 1478 540 dimisit.

642 586 727 638 11.
771 584 906 639 lluic
930 585 1066 638 bene
1096 595 1217 636 nata
1252 582 1347 653 (cf.
1375 583 1508 637 llon.
1543 598 1619 646 tv.
1647 582 1706 647 4,
1737 582 1829 653 '56)
1869 583 2156 636 virtutibus

567 677 786 731 ornanti
819 685 970 744 pater
995 690 1146 730 meus
1168 690 1353 730 comes
1392 673 1683 746 Sigifridus
1722 675 1864 729 domi
1919 674 2156 728 milicize-

564 782 670 834 que
707 765 938 819 ﬁdeliter
967 764 1229 827 servivit,
1261 772 1316 818 et
1363 764 1413 818 in
1463 765 1818 834 expedicione
1869 766 1936 819 ad
1989 763 2157 818 Bratt-

563 858 849 927 iianburg,
905 871 1010 925 qua
1067 855 1256 910 ultime
1304 855 1578 919 militavit,
1631 856 1700 910 ab
1742 870 1884 925 equo
1933 856 2153 919 cadens,

563 948 745 1003 valido
775 949 1022 1018 corporis
1049 947 1235 1003 dolore
1261 946 1476 1018 fatigari
1507 948 1670 1017 cepit.
1724 946 1906 1002 Sensit
1939 948 2159 1017 insuper

560 1053 812 1098 octavum
841 1043 943 1097 sibi
975 1043 1166 1097 adesse
1189 1056 1410 1102 annum,
1443 1041 1522 1096 sic
1570 1043 1620 1096 ei
1667 1041 1720 1096 in
1750 1043 1954 1096 somnis
1990 1043 2158 1112 presi-

565 1145 806 1207 gnatum.
839 1135 1126 1192 Dortniens
1153 1150 1389 1205 namque
1415 1135 1468 1189 in
1498 1135 1721 1190 Colonia
1747 1136 1830 1191 his
1863 1137 2160 1192 suscitatur

561 1229 739 1281 denuo
769 1227 987 1281 verbis:
1023 1226 1313 1296 Sigifride,
1352 1225 1543 1296 vigila,
1573 1237 1619 1280 et
1666 1227 1730 1280 ab
1767 1227 1866 1281 ista
1910 1229 1995 1282 die
2043 1238 2158 1298 post

562 1329 678 1372 octo
708 1335 969 1372 annornnt
993 1317 1263 1372 curricula
1293 1319 1446 1371 vitam
1477 1328 1524 1372 te
1570 1318 1706 1372 lianc
1744 1318 1898 1386 ﬁnire
1940 1335 2157 1388 presen-

563 1419 666 1462 tcin
690 1427 782 1480 pro
807 1421 946 1464 certo
975 1411 1134 1464 scias.
1177 1409 1330 1463 lluuc
1362 1410 1671 1480 preﬁnilum
1723 1410 1866 1465 diem
1913 1411 2159 1482 vigilanti

563 1517 780 1572 semper
822 1503 1004 1556 animo
1040 1503 1307 1571 previdit,
1340 1519 1403 1556 ac
1444 1503 1857 1574 quibuscunque
1900 1505 2156 1560 virtutum

563 1592 830 1646 fructibus
863 1593 1049 1657 valuit,
1093 1608 1593 1662 preoccuparcnon
1641 1596 1875 1650 desistit.
1935 1595 2018 1651 Me
2068 1614 2160 1651 au-

2255 395 2360 450 sita
2389 405 2474 452 est
2498 397 2550 450 in
2579 396 2815 451 conﬁnio
2841 395 3055 466 Alpium
3081 405 3137 452 et
3181 395 3507 459 Suevurum,
3557 398 3666 450 huc
3703 412 3856 450 seru-

2259 496 2369 549 tus,
2393 502 2519 558 erga
2552 487 2722 541 Deum
2764 496 2814 542 et
2847 503 3028 556 regem
3061 488 3127 541 ad
3157 489 3301 542 hunc
3341 487 3611 542 honorem
3644 502 3853 555 prome-

2258 578 2367 631 ruit
2396 579 2602 633 veaire.
2641 577 2818 633 Sclavi
2864 579 3056 632 iterum
3089 579 3311 648 appetiti
3362 579 3684 633 subduntur
3720 576 3849 645 regi,
3882 613 3886 616 -

2260 669 2535 724 renovatis
2573 667 2729 736 juxta
2773 669 2952 723 Albim
2981 670 3236 733 castellis,
3265 680 3322 725 et
3373 669 3426 724 in
3483 668 3669 722 hieme
3719 683 3851 736 aqua

2261 760 2528 817 inundans
2571 772 2628 817 et
2675 774 2868 818 ventus
2917 763 3106 834 ingens
3159 763 3387 818 multum
3439 763 3634 817 nocuit
3682 743 3871 831 (475).⁸

2239 854 2444 910 .Estas
2474 856 2638 910 nimia
2667 854 2927 925 frugibus.
2958 864 3012 910 et
3047 871 3173 910 seva
3204 856 3508 911 mortalitas
3540 856 3855 911 hominibus

2259 948 2422 1002 nimis
2453 948 2635 1002 nocuit
2661 947 2830 1017 (474).
2868 948 3026 1003 Anno
3054 949 3347 1004 Dominica:
3367 949 3430 1021 (1⁵.
3457 949 3568 1016 58‘)
3593 949 3850 1003 [acarna-

2261 1039 2424 1095 tionis
2456 1039 2555 1095 991
2606 1039 2696 1092 ⁸⁶¹.
2739 1039 3116 1107 Ηὶιιίινπάυε,
3150 1052 3350 1097 sanctae
3395 1041 3853 1097 Halverstidensis

2259 1132 2516 1187 (ecclesia:
2538 1132 2862 1187 venerabilis
2903 1133 3148 1198 antistes,
3179 1133 3268 1202 qui
3309 1149 3396 1188 me
3426 1131 3734 1202 baptizavit
3788 1129 3852 1159 ⁸⁶¹

2262 1233 2426 1292 atque
2447 1223 2790 1278 conﬁrmavit
2822 1223 2933 1292 (an.
2963 1222 3110 1293 992),
3147 1223 3403 1292 templum
3427 1223 3680 1285 Domini,
3715 1221 3852 1290 quod

2262 1315 2374 1386 ipse
2399 1332 2426 1369 a
2456 1315 2804 1369 fundamento
2832 1314 3089 1370 ediﬁcans
3132 1324 3260 1370 tunc
3291 1315 3358 1369 ad
3392 1331 3632 1384 unguem
3689 1331 3855 1384 usque

2261 1404 2534 1475 perduxit,
2576 1404 2643 1456 12
2681 1403 2952 1458 Kalendas
2989 1402 3309 1458 Novembris
3351 1403 3633 1457 dedicavit
3686 1403 3851 1473 (475).

2261 1496 2448 1550 Adfuit
2475 1497 2548 1552 ibi
2576 1506 2703 1552 tunc
2728 1513 2822 1552 rex
2844 1513 2966 1552 cum
2999 1497 3321 1568 inperatricc
3345 1497 3635 1568 Ethelgida
3661 1507 3718 1552 et
3739 1498 3854 1552 avia

2262 1589 2726 1659 ejus..abbatissa
2774 1589 3082 1655 Malitildis,
3133 1603 3190 1646 et
3235 1591 3673 1646 archiantistites
3721 1591 3795 1645 hii
3834 1603 3853 1646 :

563 1694 671 1738 lem
698 1684 868 1754 (471),
893 1685 942 1738 in
968 1684 1408 1754 Qttidilingeburg
1440 1686 1578 1754 apud
1618 1702 1771 1742 suam
1805 1696 2156 1743 materteram
2193 1663 2234 1722 Β
2263 1679 2562 1752 Willigisus
2585 1721 2600 1743 .
2644 1679 2906 1736 Gisilerus
2935 1689 2990 1736 et
3027 1681 3297 1746 Liewizo.
3343 1698 3466 1738 cum
3500 1683 3618 1737 suis
3649 1681 3856 1737 confra-

563 1777 783 1832 nomine
815 1777 1138 1841 Emnildam,
1167 1793 1286 1847 ane
1315 1777 1531 1848 paralisi
1575 1779 1735 1851 longo
1783 1789 2028 1852 tempore
2076 1782 2155 1836 la-

564 1871 801 1932 boravit.
830 1871 1002 1940 primo
1038 1869 1234 1926 litteris
1261 1871 1396 1926 bene
1425 1871 1604 1926 adhuc
1635 1872 1981 1938 instructum,
2012 1889 2158 1928 sum-

565 1961 672 2028 psit
698 1969 751 2014 et
776 1961 1013 2031 ltiedago
1041 1961 1221 2016 abbati
1250 1963 1488 2016 secundo
1511 1963 1582 1994 ⁵³³
1614 1964 1681 2018 de
1702 1974 1891 2018 sancto
1913 1964 2158 2020 Johanne

563 2052 617 2106 in
661 2050 1023 2122 Magadabnrg
1068 2051 1490 2106 commendavit.
1543 2052 1617 2106 lbi
1675 2062 1784 2108 tres
1835 2069 2008 2108 annos
2059 2070 2158 2126 ego

563 2151 938 2204 conversatus,
981 2142 1034 2195 in
1089 2142 1328 2196 omnium
1387 2143 1680 2196 festivitate
1733 2153 2042 2198 sanctorum
2090 2146 2156 2199 ad

564 2244 809 2287 sanctum
842 2234 1164 2288 Mauricium
1189 2273 1204 2296 ,
1239 2235 1363 2303 quia
1395 2235 1459 2287 ad
1489 2234 1660 2289 altare
1693 2234 1752 2305 (Γ.
1781 2234 1888 2305 57’)
1925 2237 2025 2290 hoc
2073 2252 2158 2290 me

567 2326 700 2378 dare
722 2339 826 2378 non
856 2327 1052 2394 potuit,
1078 2324 1436 2380 fraternitatis
1460 2330 1736 2381 consortio
1759 2328 1826 2382 ab
1854 2342 1919 2381 eo
1937 2326 2158 2396 junctus

565 2431 708 2477 sum,
734 2416 1086 2484 proximaque
1119 2417 1287 2469 sancti
1320 2417 1548 2470 Andreae
1598 2417 1762 2470 natali
1803 2432 2058 2488 magnum
2103 2426 2160 2470 et

563 2508 718 2563 valde
745 2507 954 2560 cunctis
978 2505 1309 2574 acceptabile
1363 2507 1670 2560 convivium
1706 2507 1840 2577 duos
1865 2508 1981 2561 dies
2026 2523 2155 2576 per-

564 2609 747 2654 actum
770 2608 874 2654 est.
904 2598 1031 2653 Inde
1055 2613 1306 2669 egressus
1327 2612 1382 2652 et
1405 2597 1721 2650 imminente
1743 2598 2156 2666 quadragesima

567 2690 875 2745 incivitate
925 2688 1196 2743 Wallibizi
1250 2687 1392 2742 dicta
1449 2685 1783 2749 inﬁrmatus,
1842 2685 1916 2739 ld.
1973 2685 2157 2741 Marcii

565 2781 822 2837 defensor
849 2781 1038 2849 patriae
1071 2795 1134 2833 ac
1166 2779 1325 2832 homo
1367 2791 1530 2832 verus
1555 2817 1570 2842 ,
1609 2778 1886 2845 utriusque
1918 2777 2156 2830 debitum

569 2873 829 2944 persolvit
856 2881 1082 2926 natura}.
1119 2869 1288 2936 Quem
1321 2878 1496 2922 mater
1531 2883 1653 2931 sua,
1682 2866 2008 2920 venerabilis
2040 2883 2158 2920 out-

551 2965 626 3016 .ni
662 2964 934 3032 probitate
974 2959 1267 3023 Mahtildis,
1293 2957 1545 3014 celeriter
1586 2958 1728 3012 hunc
1778 2965 2156 3026 prosecutura,

571 3021 694 3107 cum
724 3051 949 3122 conjuge
975 3021 1288 3121 Cunigunda
1313 3048 1493 3103 deﬂet.
1518 3045 1762 3116 Namque
1779 3021 1945 3099 tanto
1968 3045 2156 3100 orbata
2185 3021 2229 3081 Ο

571 3146 784 3212 solatio,
808 3162 930 3202 cum
966 3160 1230 3200 immenso
1258 3157 1469 3198 merore
1491 3143 1631 3197 diem
1659 3142 1965 3212 expectavit
1985 3151 2164 3198 extre-

573 3251 742 3297 mum,
772 3252 837 3291 ac
872 3237 922 3289 in
953 3237 1140 3290 eodem
1165 3250 1307 3289 anno
1336 3235 1501 3289 tercia
1525 3233 1708 3288 Nonas
1745 3234 2057 3290 Decembris
2101 3234 2166 3288 ﬁ-

569 3326 763 3382 deliter
800 3327 1053 3396 migravit
1083 3326 1151 3380 ad
1195 3324 1494 3380 Christum.
1528 3325 1632 3380 996
1667 3325 1960 3381 Dominicte
1987 3325 2165 3380 lucar-

570 3419 813 3475 nacionis
848 3434 992 3473 anno
1021 3419 1093 3450 ⁸⁸⁸
1121 3429 1349 3489 patruus
1379 3429 1560 3474 autem
1593 3433 1766 3483 meus,
1789 3420 2004 3475 nomine
2036 3419 2162 3475 Liu-

570 3511 804 3576 tharius,
832 3511 921 3565 cui
947 3511 1215 3580 equaliter
1237 3512 1516 3567 nobiscum
1547 3512 1659 3566 haec
1687 3511 1960 3566 hereditas
1981 3513 2160 3568 conti-

570 3602 669 3672 git,
723 3603 879 3656 matri
932 3617 1065 3656 mea:
1120 3601 1401 3671 antiquum
1451 3617 1722 3657 renovans
1771 3601 2012 3657 dolorem
2063 3601 2158 3674 (cl.

573 3692 728 3746 Vitta.
769 3692 902 3746 χΕη.
937 3708 997 3757 ιι,
1020 3692 1074 3759 ’5)
1107 3691 1272 3746 multa
1306 3692 1484 3746 intulit
1510 3693 1648 3746 mala
1669 3701 1756 3748 .et
1779 3693 2026 3747 ouamvis
2047 3693 2162 3748 haec

571 3785 730 3839 ﬁrme
755 3784 826 3816 ⁸³³
861 3784 1058 3838 suimet
1105 3783 1225 3838 ﬁdei
1269 3784 1339 3815 ⁸⁸⁷
1385 3801 1415 3838 a
1466 3795 1638 3839 matre
1689 3799 1785 3838 sua
1835 3784 1935 3839 sibi
1997 3782 2162 3838 fuerit

571 3875 884 3938 commissa,
919 3883 1097 3928 tamen
1139 3875 1390 3928 onmibus
1427 3872 1666 3938 ejusdem
1704 3874 1862 3929 bonis
1891 3889 2011 3929 eam
2044 3875 2158 3945 pri-

569 3983 700 4022 vare
746 3967 1043 4022 contendit.
1103 3966 1240 4033 Quid
1298 3965 1483 4019 multis
1545 3966 1764 4021 moror?
1827 3965 2161 4037 lnperatoris

489 4079 494 4084 ι
571 4059 776 4114 auxilio
804 4069 998 4114 cuncta
1028 4060 1099 4092 ⁸⁵⁸
1125 4059 1172 4112 ei
1203 4059 1560 4112 restituuntur
1585 4058 1680 4112 "’.

643 4151 732 4206 12.
774 4150 982 4217 Interea
1015 4151 1084 4182 ⁸⁶⁰
1135 4151 1466 4221 Atheldagus
1489 4191 1506 4217 ,
1537 4151 1978 4221 archiepiscopus
2023 4151 2158 4209 Bre-

575 4243 799 4310 mensis,
825 4244 962 4300 obiit
997 4243 1144 4314 (472)
1179 4242 1290 4315 (an.
1318 4243 1466 4316 988].
1498 4253 1551 4299 ct
1591 4243 1824 4299 Litevizo
1872 4246 2156 4312 successit,

2262 1775 2436 1828 tribus
2465 1773 2530 1827 16
2561 1773 2729 1844 (476).
2756 1773 3046 1828 Festivitas
3075 1784 3256 1829 autem
3287 1782 3406 1828 erat
3435 1774 3634 1829 eadem
3659 1772 3852 1828 Christi

2259 1869 2586 1924 confessoris
2615 1868 2774 1932 Galli,
2808 1867 2862 1922 in
2893 1868 3046 1938 cujus
3074 1869 3408 1923 monasterio
3430 1868 3717 1938 predictus
3742 1883 3854 1937 pre-

2259 1959 2341 2013 sul
2367 1960 2590 2016 edoctus
2628 1968 2733 2025 est,
2774 1967 2830 2014 et
2860 1959 2979 2014 ideo
3005 1974 3224 2028 semper
3252 1959 3459 2014 studuit
3488 1961 3544 2013 in
3579 1962 3686 2014 hac
3716 1960 3852 2013 cele-

2258 2049 2456 2104 britate
2503 2065 2660 2107 suum
2702 2048 2964 2120 perﬁcere
3004 2048 3332 2104 desiderium
3356 2089 3372 2111 ,
3403 2059 3461 2102 et
3504 2058 3642 2103 tunc
3689 2049 3855 2104 iuerat

2257 2140 2420 2196 Ritus
2445 2141 2802 2196 ordinationis
2829 2155 2942 2196 sua:
2971 2155 3168 2195 annus.
3198 2141 3350 2196 llunc
3388 2140 3601 2211 adjuvit
3643 2141 3700 2195 in
3745 2155 3852 2194 om-

2261 2231 2424 2288 nibus
2452 2232 2627 2287 ﬁdelis
2652 2241 2851 2288 suimet
2895 2231 3207 2302 capellanus
3248 2232 3426 2298 llildo,
3459 2242 3515 2287 et
3543 2231 3852 2302 prudentis-

2257 2326 2393 2379 sime
2414 2334 2608 2379 cuncta
2638 2323 2924 2395 disposuit.
2959 2322 3163 2380 Omnes
3193 2323 3446 2379 Saxonis:
3474 2325 3745 2394 primates
3774 2325 3852 2378 hic

2258 2427 2388 2472 tunc
2413 2415 2800 2472 convenientes
2821 2417 3104 2472 caritative
3125 2418 3516 2488 succipiuntur.
3546 2416 3851 2488 Numquam

2257 2508 2359 2562 fuit
2378 2508 2447 2539 ⁸⁸³
2473 2517 2599 2562 ante
2628 2523 2728 2562 nec
2754 2517 2896 2576 post,
2925 2518 2982 2562 ut
3014 2525 3234 2564 veraces
3264 2507 3559 2574 allirmant,
3611 2509 3672 2564 in
3719 2511 3849 2565 divi-

2259 2600 2340 2654 nis
2365 2599 2610 2654 laudibus
2631 2607 2682 2655 et
2715 2600 2767 2654 in
2803 2601 3038 2670 negociis
3065 2601 3398 2657 secularibus
3427 2603 3618 2658 omnia
3645 2603 3850 2672 plenius

2257 2690 2576 2760 cunctisque
2606 2690 2884 2760 acceptius
2911 2701 3147 2760 peracta.
3179 2695 3234 2746 tn
3266 2692 3511 2762 sequenti
3533 2708 3686 2748 anno
3710 2694 3849 2760 (993)

2260 2783 2312 2836 in
2342 2783 2464 2854 galli
2496 2791 2658 2837 cantu
2689 2783 2864 2853 primo
2886 2783 2974 2837 lux
3003 2795 3061 2839 ut
3091 2786 3208 2840 dies
3248 2800 3312 2840 ex
3345 2787 3603 2856 aquilone
3635 2785 3850 2847 effulsit.

2257 2883 2312 2928 et
2335 2890 2496 2928 unam
2539 2876 2618 2930 sic
2665 2890 2892 2931 manens
2932 2877 3145 2943 horam,
3194 2878 3432 2949 undique
3477 2878 3600 2934 celo
3640 2880 3849 2933 interim

2261 2967 2510 3030 rubente,
2537 2968 2757 3022 evanuit
2799 2967 2971 3038 (477).
3001 2970 3176 3026 Fuere
3197 2970 3439 3024 nonnulli
3469 2972 3562 3040 qni
3613 2972 3856 3025 dicerent

2267 3059 2457 3114 eodem
2509 3074 2654 3114 anno
2698 3059 2896 3115 vidisse
2926 3061 2996 3092 5“
3028 3070 3138 3117 tres
3169 3061 3310 3117 soles
3356 3073 3411 3117 et
3460 3062 3626 3117 lunas
3659 3072 3768 3116 tres
3795 3077 3850 3114 ar.

2267 3149 2456 3204 stellas
2488 3150 2718 3206 invicem
2762 3166 3056 3222 pugnasse.
3113 3153 3179 3208 Et
3221 3161 3343 3222 post
3389 3153 3506 3208 haec
3563 3154 3683 3222 (an.
3735 3153 3851 3219 991)

2266 3241 2532 3296 Ekbertus
2558 3239 2910 3297 Trevereusis
2932 3244 3401 3314 archiepiscopus,
3433 3245 3593 3314 cujus
3640 3259 3851 3300 succes-

2267 3345 2358 3386 sor
2385 3331 2693 3388 Liutdulfus
2721 3334 2826 3389 fuit
2864 3335 3045 3407 (478),
3076 3347 3130 3390 et
3167 3335 3314 3391 Dodo
3358 3336 3850 3406 Mirmigendensis.

2265 3433 2386 3494 post
2412 3440 2571 3494 quem
2601 3426 2884 3497 Suitgerus
2931 3428 3216 3483 ordinatus
3262 3438 3345 3483 est
3373 3428 3544 3498 (479),
3581 3429 3694 3498 Erp
3725 3445 3854 3499 quo-

2265 3533 2370 3586 que
2397 3516 2707 3582 Ferdensis,
2739 3519 2828 3574 cui
2852 3519 3184 3574 Bernharius
3215 3519 3278 3590 (1⁵.
3305 3520 3414 3588 58“)
3446 3529 3576 3574 tunc
3610 3521 3684 3574 ibi
3733 3536 3848 3590 pre-

2264 3611 2470 3681 positns
2520 3610 2842 3681 subpouitur
2883 3611 3073 3682 (480),
3126 3611 3332 3666 obiere.
3385 3609 3584 3665 Fames
3641 3625 3850 3681 quoque

2265 3699 2440 3754 valida
2479 3709 2695 3756 nostras
2723 3702 3086 3771 oppressit‘"
3122 3701 3370 3770 regiones
3418 3700 3594 3773 (481).
3643 3701 3704 3756 ln
3756 3711 3851 3755 Ier-

2240 3793 2350 3849 .cio
2386 3792 2455 3823 ⁸⁸³
2483 3793 2739 3860 prediclae
2783 3793 3139 3848 dedicationis
3187 3807 3330 3862 anno
3383 3793 3640 3846 avunculi
3673 3792 3778 3847 mei
3822 3807 3848 3843 ι

2263 3885 2458 3955 piratis
2490 3886 2634 3954 capti
2661 3894 2790 3940 sunt
2813 3885 2962 3956 (482)
2993 3885 3107 3958 [αη.
3142 3883 3294 3958 995],
3326 3896 3382 3940 ut
3412 3888 3462 3940 in
3507 3889 3851 3949 sequentibus

2263 3987 2433 4046 patet.
2473 3978 2528 4031 ln
2577 3991 2774 4048 quarto
2799 3980 3116 4050 pestilencia
3143 3980 3215 4011 ⁸⁸⁷
3256 3995 3378 4035 cum
3411 3978 3562 4043 tame
3605 3991 3664 4035 et
3713 3982 3843 4034 bello

2262 4070 2617 4126 orientalibus
2648 4071 2868 4141 ingruit,
2899 4081 2955 4128 et
2976 4087 3068 4128 rex
3096 4071 3389 4144 Apodritos
3402 4072 3543 4143 petit
3564 4085 3622 4128 et
3643 4072 3850 4126 Wiltius

2247 4162 2493 4225 vastavit
2523 4162 2696 4230 (485).

2335 4255 2423 4309 15.
2463 4254 2590 4310 Post
2613 4256 2726 4310 haec
2757 4267 2848 4308 rex
2879 4269 2934 4308 in
2985 4254 3348 4326 .nagadaburg
3391 4269 3520 4311 cum
3548 4255 3667 4309 suis
3715 4269 3846 4324 ριίηο

1909 4383 2144 4437 VARUE
2181 4386 2583 4442 JECTIUNES.

647 4492 718 4526 ⁸³⁸
755 4493 858 4548 996
894 4525 964 4534 -
988 4507 1130 4549 anno
1177 4495 1302 4550 add.
1337 4496 1418 4549 ‘Ib.
1455 4496 1522 4528 ⁸⁵⁷
1565 4496 1636 4549 ita
1682 4497 1768 4550 lc.
1808 4515 1834 4550 e
1868 4513 2004 4551 corr.

577 4565 790 4634 Alpitiitt
835 4566 885 4616 in
913 4565 1025 4618 loro
1055 4582 1170 4618 raso
1197 4567 1246 4619 1.

577 4636 717 4688 Ann.
750 4635 1222 4705 andlinbnrgens.
1270 4636 1475 4705 legitur.

1588 4637 1658 4668 ’Μ’
1692 4640 1940 4706 hapzavit
1969 4640 2016 4692 1.

577 4707 720 4760 disse
753 4721 813 4760 se
838 4705 1020 4760 voluit.
1097 4706 1167 4739 ⁵⁸³
1205 4707 1473 4777 oppressit
1507 4707 1554 4760 1.

1631 4708 1702 4738 ⁸⁸³⁸
1743 4709 1897 4762 tertia
1928 4710 1973 4762 1.

1343 4503 1418 4549 Ib.
1455 4503 1522 4528 ⁵⁵⁷
1565 4503 1636 4549 ita
1682 4503 1768 4550 Ic.
1808 4515 1834 4550 e
1868 4513 2004 4551 corr.
2104 4503 2175 4530 ⁵⁵⁸
2211 4516 2314 4555 cnu
2345 4511 2395 4555 la
2431 4503 2482 4556 1.
2576 4503 2647 4535 ⁸⁸⁸
2682 4503 2756 4556 ita
2799 4504 2888 4557 lc.
2920 4503 3247 4556 resistttntur
3280 4503 3371 4556 la.
3475 4503 3549 4535 ⁸⁸⁸
3582 4503 3842 4558 Interea-

1343 4567 1411 4597 ⁸⁶¹
1440 4566 1563 4620 Post
1595 4567 1640 4617 Ι.
1677 4569 1900 4636 fortasse
1928 4569 2131 4639 aliquid
2161 4569 2329 4624 litera:
2352 4589 2581 4627 erasnm.
2611 4573 2748 4626 Puto
2774 4573 2896 4637 I,ut
2920 4589 3088 4625 annus
3135 4573 3198 4625 sit
3225 4573 3350 4636 992,
3397 4575 3490 4641 qui
3531 4591 3775 4627 numeras
3799 4577 3842 4626 l'l

1343 4637 1475 4689 ritur.
1588 4637 1658 4668 5“”
1692 4640 1940 4696 hapzavit
1969 4640 2016 4692 1.
2123 4641 2195 4671 ⁵⁸³
2235 4640 2455 4696 fuerunt
2484 4646 2578 4696 ‘lc.
2683 4641 2754 4674 ⁵⁸⁸
2791 4659 2849 4696 se
2886 4645 2970 4695 1η.
3013 4644 3151 4696 vidis
3194 4645 3343 4696 addit
3383 4645 3488 4696 ib:
3535 4644 3756 4696 fortasse
3780 4646 3842 4696 vi-

2259 4658 2455 4696 nerunt
2484 4658 2508 4696 1
2531 4661 2578 4698 c.

2123 4654 2195 4671 °"
2235 4654 2455 4696 luerunt
2484 4654 2508 4696 1
2531 4661 2558 4697 c

2051 4709 2122 4748 “7
2173 4713 2448 4780 pestilecia
2474 4715 2526 4768 1.

2576 4503 2647 4535 ⁸⁸⁸
2682 4503 2756 4556 ita
2799 4504 2888 4557 lc.
2920 4501 3247 4556 resistttntur
3280 4502 3371 4556 la.
3475 4503 3549 4535 ⁸⁸⁸
3582 4503 3845 4558 Interea-

2683 4641 2754 4674 ⁵⁸⁸
2791 4659 2849 4698 sc
2886 4645 2970 4695 1α.
3013 4644 3151 4698 vidis
3194 4645 3343 4697 addit
3383 4645 3488 4709 ib;
3532 4644 3756 4712 fortasse
3780 4646 3844 4696 ti-

2009 4849 2018 4864 μ
2075 4821 2305 4879 NOTAE.

649 4931 798 5001 (471)
827 4931 910 4986 Cf.
941 4932 1207 5003 prmfatio,
1237 4947 1287 5001 p.
1323 4932 1450 4986 724.

649 5003 797 5072 (472)
833 5003 925 5056 llle
955 5005 1089 5056 obiit
1111 5021 1251 5056 anno
1277 5003 1400 5058 938.

650 5072 798 5143 (473)
830 5075 906 5126 Ex
938 5076 1058 5128 Atili
1111 5075 1420 5141 Qttcdlinb.,
1450 5089 1502 5126 tt.
1533 5073 1656 5128 987.

650 5142 800 5200 (ιη)
833 5143 1026 5200 ludii-
1053 5160 1102 5198 ρ,
1132 5145 1252 5200 988.

834 5193 1402 5300 ltiawma‘le-prdxvu.‘
1442 5214 1561 5269 Kal.
1596 5214 1886 5300 Novembr.
1942 5215 2161 5300 scripsit

2191 4943 2238 5000 ι)
2267 4939 2467 4996 Chron.
2504 4941 2687 5008 llalb.,
2717 4958 2767 4996 a.
2799 4941 2924 4998 992.

2341 5013 2487 5082 (477)
2531 5015 2605 5068 Ex
2632 5015 2772 5066 Ann.
2811 5011 3121 5079 Que.llinb.,
3151 5025 3202 5066 a.
3236 5010 3359 5066 993.

2341 5083 2486 5150 (478)
2516 5085 2712 5152 lndid.,
2742 5100 2790 5138 a.
2823 5084 2927 5137 993
2952 5094 3006 5138 et
3031 5083 3154 5140 994.

2341 5154 2490 5222 (479)
2519 5156 2714 5218 lndid.,
2737 5172 2788 5208 a.
2819 5154 2944 5208 990.

2341 5223 2491 5300 (isti)
2525 5225 2725 5300 tanta”
2750 5241 2800 5278 a.
2832 5223 2955 5279 994.
