4042 5300
220 124 360 181 11133

1496 117 1908 171 (λιιίιυεκιωα.
1950 138 2019 152 -
2052 116 2175 164 ιλιι.
2214 113 2298 167 IV.

3348 118 3485 173 ΗΜ

218 237 432 307 cipibus
452 233 781 305 colloquium
805 233 1025 295 habuit,
1074 230 1139 285 ad
1167 230 1311 301 quod
1343 228 1650 292 lleinricus,
1701 226 1804 279 Ba-
1834 237 1877 289 Α
1908 240 2035 293 gore
2067 233 2120 277 et
2151 233 2310 278 vento
2345 240 2407 279 ac
2445 224 2655 281 insolita
2683 227 2931 284 siccitate
2957 228 3115 297 plena
3142 242 3261 285 erat
3306 232 3479 302 (490).

220 332 512 386 wariorum
548 332 656 383 dux
688 330 936 392 inclitus,
979 328 1147 382 venit.
1181 327 1247 380 Et
1296 340 1416 379 cum
1466 326 1605 379 inter
1656 324 1800 377 hunc

218 435 275 476 et
302 422 371 452 “'
400 421 848 475 Ratisbonensem
877 419 947 451 ⁸⁸⁵
970 418 1345 473 Gebebardum
1376 418 1533 486 longa
1575 415 1799 470 babere-

223 523 310 565 tur
345 512 642 573 contentio,
666 526 786 564 cum
828 512 965 564 bono
993 510 1188 563 ibidem
1226 507 1412 561 linitur
1440 507 1687 561 consilio.
1735 506 1800 558 Et

220 602 339 670 pius
363 601 449 654 ille
476 604 602 663 dux,
630 601 719 669 qui
768 614 927 653 omne
960 598 1159 651 suimet
1211 598 1465 652 delictum
1528 594 1801 651 continuis

220 689 500 743 mnudavit
533 689 863 754 elemosinis,
892 689 1013 742 inde
1043 703 1269 757 pergens
1294 688 1359 741 ad
1401 686 1701 741 Gondesem
1728 685 1798 716 ⁸⁷⁰

223 782 391 849 (181).
419 782 508 834 ubi
537 783 730 835 domna
761 779 1003 849 Gerberg
1027 795 1182 833 soror
1231 780 1428 833 suimet
1457 787 1577 832 erat
1604 778 1671 808 ⁸⁷⁸
1707 778 1800 831 ab-

223 869 449 934 batissa,
478 869 782 939 egritudine
814 870 1081 937 premitur
1110 869 1427 932 subitanea;
1461 876 1516 922 et
1564 876 1689 921 tunc
1716 881 1804 921 vo‘

222 976 352 1014 cans
383 961 449 1012 ad
483 974 539 1014 se
565 961 884 1029 equivocum
916 960 1052 1028 ejus,
1099 960 1293 1014 talibus
1329 960 1548 1014 instruit
1586 978 1599 1012 :
1657 958 1801 1013 Vade

222 1054 458 1106 celeriter
480 1054 547 1104 ad
576 1053 823 1119 patriam,
848 1068 908 1104 ac
937 1052 1149 1121 dispone
1174 1067 1408 1119 regnum,
1433 1067 1495 1103 ac
1518 1067 1801 1121 numquam

220 1144 326 1213 regi
349 1160 411 1196 ac
441 1143 650 1195 domino
682 1143 890 1196 resistas
930 1151 1036 1195 tuo.
1076 1141 1301 1195 Multum
1327 1143 1465 1195 enim
1488 1142 1559 1174 ⁸⁸⁸
1586 1158 1665 1195 me
1713 1158 1802 1209 pe-

220 1237 344 1287 nitet
376 1236 473 1288 Itoc
502 1251 748 1304 umquam
770 1234 973 1303 fecisse.
992 1233 1178 1295 ,Patris
1209 1251 1405 1287 memor
1430 1236 1503 1289 sis
1527 1236 1605 1288 tui
1630 1276 1645 1299 ,
1673 1236 1799 1305 quia

219 1341 504 1390 numquam
534 1324 672 1377 hunc
709 1323 762 1377 in
792 1324 887 1377 Itoc
917 1323 1090 1377 seculo
1132 1324 1345 1377 videbis.
1396 1324 1640 1395 Filioque
1675 1341 1795 1379 mox

217 1416 472 1482 abeunte,
510 1416 618 1471 dux
648 1414 923 1486 preclarus
970 1414 1025 1468 in
1079 1414 1392 1469 infirmitate
1438 1431 1536 1469 sua
1584 1430 1800 1485 semper

212 1507 529 1561 kirieleison
553 1522 620 1561 ex
643 1506 805 1560 corde
837 1506 1097 1569 clamans,
1113 1507 1365 1575 migravit
1384 1507 1449 1560 ad
1474 1507 1748 1561 Christum
1765 1506 1798 1559 5

1902 313 1958 366 1η
1986 314 2086 368 hac
2110 314 2304 369 devicti
2335 326 2459 371 sunt
2492 316 2665 371 Sclavi
2696 318 2864 389 (491).

1974 402 2057 457 15.
2102 403 2206 457 Sed
2243 407 2367 473 quia
2400 408 2645 475 superius
2667 409 3097 465 destructionem
3138 413 3403 467 Brandnb'
3432 432 3483 468 r-

1902 494 2082 562 gensis
2110 495 2365 549 areclesire
2387 497 2519 559 dixi,
2547 513 2687 551 nunc
2716 499 2950 567 qualiter
2990 503 3055 553 ad
3104 513 3311 571 tempus
3361 521 3483 573 prc-

1903 585 2013 638 fato
2038 586 2359 640 subderetur
2384 589 2491 658 regi
2512 586 2605 653 '7‘,
2646 589 2884 644 breviter
2908 593 3208 661 explicabo.
3256 595 3380 649 Fuit
3426 596 3481 650 in

1906 688 2090 731 nostra
2129 680 2404 735 vicinitate
2442 682 2655 749 quidam
2701 684 2855 738 miles
2888 684 3119 748 iuclittts,
3153 686 3283 741 Kiza
3317 704 3349 741 n
3375 690 3490 743 uni-

1903 784 1971 821 ne
2003 768 2169 838 (492),
2197 770 2288 838 qui
2333 786 2361 822 a
2402 772 2715 825 marehione
2766 772 3054 828 Thiedrico
3104 780 3264 830 aliter
3324 794 3484 848 quam

1904 863 2004 917 sibi
2032 863 2269 932 placeret
2316 862 2530 918 habitus
2559 874 2659 919 est.
2691 867 2771 920 Ob
2814 867 2935 929 hoc,
2982 877 3036 921 et
3080 869 3206 937 quia
3259 869 3487 925 faculas

1904 970 2015 1007 sum
2039 970 2374 1024 nequaquam
2400 956 2655 1022 impietati
2680 957 2752 988 ⁸⁷⁸
2779 967 3083 1026 suppeteret
3102 958 3190 1023 ⁸⁸⁸,
3213 961 3278 1013 ad
3304 963 3486 1015 hostes

1903 1046 2142 1114 perrexit
2181 1055 2430 1110 nostros;
2476 1046 2536 1115 (f.
2570 1047 2678 1116 59‘)
2720 1050 2812 1117 qui
2859 1050 3091 1103 eundem
3141 1051 3192 1105 in
3234 1054 3397 1106 omnii
3424 1069 3486 1106 us

1903 1138 2004 1190 sibi
2048 1137 2206 1191 nimis
2232 1137 2437 1191 ﬁdelem
2485 1147 2905 1208 cognoscentes,
2958 1156 3481 1210 supramemoratam

1904 1230 2091 1284 urbem
2123 1231 2278 1284 nobis
2318 1231 2495 1283 sacius
2541 1231 2606 1284 ad
2639 1232 2938 1285 nocendum
2978 1232 3152 1287 eidem
3204 1236 3486 1291 commise-

1906 1321 2218 1393 runt(493).
2269 1323 2365 1377 llic
2414 1330 2600 1392 postea
2636 1323 2837 1378 nostris
2883 1325 3137 1380 deliuitus
3178 1328 3486 1391 blandiciis,

1902 1427 2019 1465 eam
2035 1414 2189 1480 regia:
2204 1415 2453 1481 potestati
2466 1430 2588 1467 eum
2602 1424 2774 1469 semet
2788 1416 2901 1485 ipso
2914 1418 3133 1471 tradidit
3156 1418 3487 1489 (494).Unde

1902 1503 2098 1557 Liutiri
2126 1504 2191 1536 ⁵⁸³
2224 1505 2387 1558 nimio
2417 1504 2597 1560 furore
2624 1507 2887 1571 succensi,
2917 1524 3039 1561 eum
3063 1508 3135 1539 ⁸⁷⁸
3163 1525 3285 1564 cum
3310 1512 3489 1565 omni-

215 1596 487 1649 Kalendas
510 1594 867 1664 Septembris,
892 1594 1130 1664 sepultus
1171 1595 1368 1648 ibidem
1410 1595 1460 1648 in
1489 1595 1662 1649 medio
1692 1612 1797 1650 arca
1830 1584 1871 1642 Β
1902 1595 2019 1659 bus,
2038 1595 2476 1663 quashabebaut,
2506 1598 2737 1652 catervis
2761 1598 2881 1652 ilico
2906 1599 3153 1669 petebant
3177 1600 3485 1673 (999-993).

212 1689 395 1742 clesia:
418 1702 601 1742 coram
625 1695 825 1742 sanctae
846 1688 1023 1740 crucis
1046 1685 1204 1739 altari
1224 1686 1318 1738 5".
1343 1685 1494 1752 Quod
1512 1704 1632 1743 cum
1658 1689 1798 1755 filius

212 1780 453 1847 ejusdem
481 1778 833 1849 comperiret,
875 1777 1138 1833 electione
1167 1786 1223 1832 et
1268 1779 1467 1831 auxilio
1524 1780 1798 1835 Bawario-

212 1888 332 1925 rum
367 1871 536 1941 patris
566 1872 700 1925 bona
730 1870 875 1939 (185)
900 1870 1039 1938 apud
1090 1886 1268 1940 regem
1314 1871 1561 1941 optinuit.
1594 1872 1797 1928 Eodem

210 1977 357 2015 anno
384 1962 702 2015 Thiedricus
729 1975 910 2015 comes
939 1960 1228 2030 palatinus,
1262 1972 1313 2016 et
1342 1962 1587 2017 Sibertus
1631 1963 1798 2017 frater

208 2051 349 2120 ejus,
380 2053 445 2105 de
473 2051 573 2107 hoc
599 2052 779 2106 seculo
804 2053 1135 2106 transierunt
1164 2052 1332 2123 (186).

285 2144 374 2196 14.
417 2144 491 2197 Ea
526 2153 845 2213 tempestate
892 2160 1057 2211 nepos
1108 2160 1281 2208 meus,
1313 2146 1553 2201 marchio
1584 2146 1796 2201 lleinri-

210 2249 311 2289 cus
341 2234 512 2307 (187),
568 2234 909 2289 Ewerkerum
938 2234 1039 2299 ⁸⁷³,
1084 2234 1145 2297 (f.
1199 2234 1290 2305 59)
1340 2234 1656 2291 Bermvardi
1703 2239 1793 2301 ³⁷³,

212 2325 672 2395 Wircibnrgensis
701 2326 957 2379 :ecclesize
980 2326 1215 2396 episc0pi
1246 2327 1467 2380 militem
1492 2329 1793 2398 egregium,

210 2426 297 2470 set
321 2417 502 2480 nimis,
536 2418 824 2485 superbum
852 2417 1014 2485 cepit,
1045 2427 1099 2470 et
1125 2418 1195 2471 ob
1225 2417 1417 2471 inlatas
1445 2419 1545 2471 sibi
1572 2419 1796 2488 injurias

211 2509 268 2561 in
306 2507 426 2563 loco
476 2508 566 2576 qui
597 2507 881 2577 Lindinlog
927 2507 1074 2578 (488)
1109 2508 1305 2563 dicitur
1334 2511 1635 2562 excecavit.
1681 2509 1793 2564 llex

210 2607 398 2653 autem
427 2597 493 2652 de
524 2598 873 2653 internuntiis
893 2600 961 2652 ab
986 2598 1239 2667 episcopo
1286 2598 1339 2651 id
1380 2599 1608 2652 multum
1663 2615 1796 2670 que-

210 2690 459 2744 rentibus
488 2690 849 2758 comperiens,
896 2691 1110 2757 hocque
1153 2691 1397 2761 graviter
1438 2691 1640 2755 ferens,
1673 2707 1795 2762 pre-

208 2783 417 2838 dictum
452 2783 701 2837 comitem
740 2782 901 2836 exilio
950 2782 1234 2853 relegavit,
1264 2792 1321 2837 et
1366 2792 1629 2852 posthaec
1679 2802 1793 2856 gra-

212 2875 349 2928 tiam
394 2874 590 2927 suimet
618 2872 745 2926 huic
790 2870 939 2926 dedit
988 2881 1043 2926 et
1090 2873 1231 2941 apud
1280 2872 1578 2927 antistitem
1632 2874 1790 2943 (ligna

1898 1682 2107 1738 Interea
2141 1700 2228 1738 rex
2266 1686 2318 1739 in
2347 1685 2731 1757 Magathaburg
2761 1686 2888 1753 fuit;
2914 1699 2966 1743 et
2992 1706 3111 1744 cum
3138 1692 3239 1747 hoc
3271 1708 3490 1763 compa.

1900 1771 2051 1838 riret,
2078 1790 2213 1843 quos
2242 1776 2313 1829 ibi
2348 1785 2472 1831 tunc
2498 1777 2751 1846 habebat,
2775 1779 3026 1834 celeriter
3049 1797 3113 1835 eo
3138 1784 3305 1848 misit,
3332 1784 3486 1839 Ekki-

1899 1866 2126 1920 bardum
2152 1869 2517 1924 marchionem
2533 1870 2681 1941 (495)
2710 1881 2766 1927 et
2790 1884 2899 1927 tres
2920 1872 2991 1904 ⁸⁷⁸
3012 1876 3309 1929 avunculos
3336 1892 3486 1931 meos

1900 1957 2180 2027 (496)cum
2196 1959 2503 2015 Fritherico
2517 1966 2715 2017 comite
2736 1964 3037 2033 palatinoet
3065 1976 3255 2035 patruo
3285 1984 3402 2021 meo
3416 1970 3487 2000 ⁵⁸³

1899 2048 2067 2119 (497).
2098 2050 2164 2103 Ει
2188 2051 2260 2104 hii
2285 2066 2473 2105 omnes
2488 2067 2552 2106 eo
2574 2068 2695 2107 cum
2720 2056 2832 2108 suis
2856 2056 3166 2121 venientes,
3197 2059 3482 2129 interrupti

1898 2147 2024 2192 sunt
2052 2141 2119 2194 ab
2149 2141 2392 2195 hostibus
2420 2157 2480 2197 se
2500 2145 2704 2200 acriter
2730 2146 3153 2217 irrumpentibus
3176 2149 3272 2212 m;
3303 2160 3357 2205 et
3380 2164 3484 2205 una

1898 2244 2022 2299 pars
2051 2247 2117 2303 ex
2152 2233 2353 2287 nostris
2385 2235 2437 2288 in
2468 2237 2657 2290 urbem
2704 2238 2870 2302 venit,
2900 2238 3004 2291 alia
3040 2255 3185 2303 vero,
3226 2257 3345 2309 qua:
3400 2258 3487 2297 re-

1899 2324 2119 2387 mansit,
2149 2326 2288 2379 cesis
2314 2326 2578 2382 militibus
2606 2330 2875 2384 nonnullis
2901 2371 2914 2393 ,
2949 2333 3127 2386 rediit.
3176 2333 3327 2387 Tunc
3365 2352 3403 2386 Γ(
3426 2352 3482 2397 x,

1897 2415 2136 2471 collectis
2178 2419 2602 2486 undiquessecus
2630 2422 2813 2485 sociis,
2862 2423 2952 2477 illo
2982 2437 3254 2495 properat,
3287 2438 3341 2482 et
3389 2429 3487 2481 ho-

1896 2518 2007 2561 stes
2039 2508 2227 2571 nostri,
2260 2524 2506 2579 maguam
2548 2512 2655 2565 vim
2685 2511 3058 2568 defensoribus
3081 2517 3485 2572 urbisinferen-

1899 2606 2003 2661 tes,
2035 2613 2155 2651 cmn
2186 2599 2429 2653 ultimam
2456 2600 2718 2671 legionem
2747 2604 3026 2669 vidissent,
3054 2608 3164 2661 cito
3192 2608 3263 2639 ⁸⁷⁸
3289 2624 3387 2661 πηιι
3417 2612 3485 2663 tis

1897 2690 2170 2759 t‘ugierunt
2196 2691 2265 2722 ⁵⁸⁸
2291 2693 2506 2746 castris.
2534 2692 2713 2749 Nostri
2744 2706 2924 2749 autem
2954 2698 3005 2749 in
3034 2699 3314 2768 ereptione
3341 2700 3484 2753 inte-

1898 2783 2011 2834 rius
2060 2782 2353 2847 gaudentes
2398 2782 2705 2838 kirieleison
2756 2797 2979 2851 canunt,
3031 2796 3085 2842 et
3130 2788 3481 2845 advenientes

1900 2877 2226 2931 unanimiter
2258 2878 2622 2948 'respondent.
2665 2880 2867 2933 Munita
2914 2882 3046 2936 urbe
3094 2883 3347 2952 presidio,
3387 2900 3482 2941 rex

209 2964 591 3019 emendatione
646 2962 1033 3017 reconciliavit.
1099 2940 1381 3017 Oredictus
1440 2962 1623 3032 presul
1672 2940 1793 3032 post
1823 2940 1865 2998 (ἶ
1898 2968 2053 3032 abiit,
2084 2978 2138 3023 et
2165 2940 2390 3023 eandem
2423 2971 2474 3024 in
2513 2986 2609 3025 sua
2653 2981 2922 3042 potestate
2972 2974 3062 3027 diu
3094 2940 3306 3031 'tenuit.
3335 2940 3485 3031 'Pou.

211 3059 333 3111 haec
362 3055 677 3123 Liupoldum
716 3055 1087 3109 marchionem
1121 3053 1481 3109 Orientalium
1528 3066 1584 3110 et
1635 3073 1792 3126 nepo-

212 3159 324 3201 tem
355 3147 470 3216 ejus
499 3146 807 3201 lleinricum
839 3148 902 3200 ad
942 3148 1165 3201 missam
1210 3150 1383 3203 sancti
1421 3149 1637 3214 Kitiani,
1671 3166 1789 3220 qua:

210 3245 300 3291 est
327 3237 360 3289 8
398 3236 519 3290 ldus
544 3234 690 3302 Julii,
714 3236 780 3291 ad
808 3252 865 3292 se
888 3253 1085 3294 vocans
1114 3238 1225 3309 (an.
1251 3240 1375 3310 994)
1395 3282 1409 3304 ,
1439 3256 1559 3295 eum
1598 3257 1790 3314 magna

210 3328 443 3383 caritate
471 3329 686 3383 eosdem
718 3327 931 3393 habuit,
958 3338 1013 3383 et
1038 3342 1220 3384 comes
1246 3330 1317 3361 ⁸³⁸
1349 3331 1401 3384 iu
1437 3346 1591 3386 saera
1635 3345 1792 3387 nocte

209 3429 338 3495 post
380 3420 697 3474 matutiuam
729 3435 849 3474 cum
886 3422 999 3476 suis
1030 3422 1289 3477 militibus
1331 3422 1522 3478 ludens
1545 3464 1559 3487 ,
1597 3440 1662 3479 ex
1692 3440 1797 3479 uno

207 3512 287 3543 ⁸⁷⁸
315 3511 578 3565 foramine
616 3509 682 3564 ab
709 3512 952 3565 excecati
998 3515 1173 3567 amico
1221 3515 1416 3582 sagitta
1466 3514 1680 3569 volante
1723 3514 1795 3547 m

206 3603 532 3657 vulneratus
594 3609 712 3672 est,
757 3614 811 3659 et
856 3603 1000 3660 facta
1045 3606 1384 3662 confessione
1428 3606 1461 3660 6
1506 3606 1626 3662 ldus
1669 3607 1794 3663 Julii

206 3700 514 3769 exspiravit
558 3699 728 3771 (489),
757 3702 1017 3757 innocens
1045 3703 1096 3755 in
1128 3701 1271 3757 facto
1302 3704 1572 3772 prredictae
1612 3705 1791 3759 accio-

206 3790 377 3844 uiset
413 3805 467 3842 In
494 3789 733 3843 consilio.
766 3789 863 3844 llic
905 3800 1114 3860 postera
1159 3792 1244 3845 die
1299 3793 1371 3846 ibi
1422 3792 1491 3824 ⁸⁷⁷
1548 3794 1789 3862 sepultus

204 3883 411 3937 merito
439 3880 684 3947 deﬂetur,
708 3884 831 3951 quia
869 3884 970 3938 sibi
993 3884 1395 3952 prudentiorem
1419 3896 1473 3939 et
1504 3886 1554 3939 in
1578 3889 1789 3941 cunctis

203 3980 426 4033 actibus
454 3977 728 4032 meliorem
753 3978 957 4031 nullmn
986 3979 1202 4047 reliquit
1252 3978 1341 4031 ⁸⁷⁸.
1387 3978 1636 4048 lliemps,
1671 3995 1790 4048 qua

200 4078 571 4139 precesserat,
598 4070 885 4139 asperitate
909 4080 960 4123 et
983 4071 1284 4138 pestilentia
1309 4072 1582 4140 nimioque
1603 4072 1672 4103 ⁸⁷³
1700 4072 1791 4125 fri-

1898 3061 2014 3115 haac
2046 3060 2179 3116 Kizo
2208 3063 2274 3115 ad
2297 3063 2741 3135 Quidilingaburg
2768 3081 2891 3120 cum
2922 3068 3134 3122 veniret
3157 3108 3172 3133 ,
3205 3069 3479 3124 civitatem

1895 3169 2049 3209 suam
2078 3168 2198 3207 cum
2241 3169 2409 3216 uxore
2446 3162 2497 3209 et
2535 3155 2855 3211 satellitibus
2899 3158 3013 3213 suis
3058 3161 3318 3229 perdidit;
3364 3178 3483 3230 qua:

1894 3245 2099 3310 omnia,
2130 3246 2264 3300 urbe
2293 3254 2544 3316 excepta,
2569 3244 2689 3315 pos't
2718 3247 2787 3278 ⁵⁷⁸
2824 3248 3047 3315 recepit.
3110 3247 3256 3304 Unus
3302 3262 3482 3305 autem

1897 3340 2095 3393 suimet
2125 3339 2277 3392 miles
2306 3338 2517 3394 Bolibut
2545 3340 2614 3371 ⁵⁸⁸
2644 3341 2881 3405 nomine,
2929 3339 3083 3408 cujus
3125 3342 3351 3397 consilio
3383 3346 3484 3398 hoc

1903 3439 2095 3493 totum,
2125 3431 2375 3499 quamvis
2407 3440 2533 3485 tunc
2558 3431 2752 3485 absens
2778 3441 2940 3497 esset,
2976 3435 3258 3502 agebatur,
3283 3434 3481 3488 ibidem

1900 3521 2312 3585 dominabatur;
2344 3528 2399 3575 et
2426 3520 2559 3575 Kizo
2581 3537 2703 3576 cum
2742 3522 2793 3575 in
2825 3522 2912 3577 bis
2958 3523 3202 3592 partibus
3249 3532 3369 3593 post
3414 3524 3484 3554 ⁸⁷⁸

1898 3612 2133 3667 latenter
2169 3626 2368 3666 nocere
2390 3612 2683 3677 voluisset,
2725 3612 2961 3682 optiums
3003 3612 3160 3668 miles
3197 3628 3318 3668 cum
3369 3616 3483 3669 suis

1897 3703 2212 3758 interfectus
2248 3710 2332 3757 est
2368 3701 2439 3733 ⁵⁸⁸

1969 3796 2057 3849 16.
2098 3793 2159 3865 (Γ.
2191 3793 2280 3863 (50)
2307 3793 2392 3856 Et,
2421 3794 2561 3848 sicut
2587 3792 2794 3856 predixi
2822 3792 2993 3862 (498),
3016 3802 3124 3848 tres
3141 3794 3389 3847 avunculi
3411 3794 3481 3827 ⁸⁸⁷

1898 3887 2025 3951 mei,
2068 3884 2372 3949 Heinricus,
2426 3884 2541 3939 Udo
2569 3892 2623 3938 et
2670 3882 2976 3954 Sigifridus,
3024 3900 3146 3938 eum
3197 3885 3482 3951 Ethelgeru

1898 3978 2218 4047 ceterisque
2239 3976 2628 4045 compluribus,
2663 3977 2854 4046 piratis
2895 3992 2992 4031 sua
3042 3978 3420 4048 populantibus
3446 3983 3481 4033 9

1900 4068 2169 4122 Kalendas
2223 4066 2351 4122 Julii
2399 4066 2547 4121 (994)
2590 4067 2816 4123 navibus
2864 4078 3199 4134 occurrunt,
3231 4068 3483 4139 factoque

1515 4163 1745 4217 VARIIE
1783 4158 2185 4216 LECTIONES.

276 4252 355 4285 ⁵⁸⁸
392 4251 523 4305 add.
571 4252 665 4305 1b.
738 4252 809 4284 ⁵⁶⁹
854 4252 1278 4307 ratisbonensem
1327 4254 1420 4306 la.

200 4324 401 4378 lterum
429 4322 528 4376 lc?
596 4322 667 4353 “7"
701 4339 733 4376 n
782 4339 991 4376 erasum
1030 4330 1071 4375 I.

200 4395 280 4425 ⁵⁷⁸
309 4411 366 4447 n.
394 4409 439 4446 r.
465 4393 591 4447 add.
618 4395 639 4446 1
662 4394 711 4447 b.
787 4391 857 4424 ⁸⁷⁸
897 4409 1004 4462 que
1033 4394 1159 4447 add.
1201 4393 1286 4445 lb.

202 4464 566 4533 ruppentibus
588 4463 639 4518 1.
711 4462 783 4494 ⁸⁸⁵
818 4464 831 4517 i
861 4480 1067 4517 erasum
1094 4466 1145 4517 l.

1149 4265 1278 4306 mem
1327 4254 1420 4306 la.
1522 4253 1591 4285 ⁵⁷⁰
1630 4253 1930 4309 Gandésem
1976 4252 2065 4305 1ο.

1149 4324 1218 4354 578
1258 4339 1358 4355 ......
1416 4324 1431 4355 ξ
1458 4341 1486 4355 η
1583 4325 1653 4355 576
1692 4326 1796 4355 mm
1861 4322 1931 4355 At.
2029 4322 2065 4351 οἳ

1258 4339 1359 4377 una
1416 4324 1509 4376 ia.
1583 4325 1653 4355 ⁵⁷⁸
1690 4326 1819 4378 add.
1861 4322 1954 4376 lb.
2029 4322 2098 4352 ⁵⁷⁷
2144 4322 2231 4374 Sic
2258 4322 2323 4373 Α.
2373 4322 2431 4373 8.
2476 4334 2525 4373 a.

1258 4410 1286 4445 ν.
1363 4394 1432 4430 ³⁸⁰
1474 4396 1546 4446 ita
1578 4395 1667 4447 lc.
1700 4410 1854 4461 super
1881 4409 2113 4446 rassura.
2188 4390 2470 4461 {miliustici
2500 4391 2549 4461 1.

1221 4463 1293 4494 ⁸⁸⁵
1332 4464 1536 4518 boliuut
1578 4465 1669 4517 la.
1701 4460 1911 4517 Buliwit
1941 4463 2004 4514 Α.
2037 4461 2096 4516 8.
2121 4476 2148 4513 a
2177 4460 2298 4514 992.

2174 4249 2242 4281 ⁸⁷¹
2285 4248 2462 4304 fuerat
2519 4248 2612 4303 la.
2723 4249 2792 4282 ⁸τ¹
2832 4247 2999 4303 altare
3052 4249 3147 4303 la.
3224 4249 3294 4281 ⁸⁷³
3330 4264 3485 4304 euer-

2029 4322 2098 4352 ⁸⁷⁷
2144 4318 2231 4374 Sic
2258 4320 2323 4373 Α.
2373 4318 2431 4373 8.
2476 4334 2525 4373 a.
2579 4318 2703 4374 994.
2735 4320 2969 4374 uatlontc
3002 4321 3096 4372 la.
3123 4318 3355 4374 vallante
3389 4322 3407 4373 l
3435 4338 3480 4373 r.

2625 4389 2695 4419 ³⁸³
2722 4406 2772 4445 e.
2808 4407 2861 4459 p.
2896 4392 3110 4443 m.ad(l.
3147 4390 3240 4443 lb.
3318 4390 3389 4421 ου
3414 4392 3485 4441 ir-

2394 4460 2465 4491 ³⁸³
2503 4460 2855 4524 Quaternioue
2882 4460 3029 4527 ﬁnito
3061 4460 3376 4515 interfectus
3402 4473 3489 4513 est

201 4529 529 4602 in'margine
555 4534 786 4596 additur,
815 4534 957 4601 infra
988 4548 1103 4586 rero
1130 4534 1194 4586 ab
1226 4536 1313 4587 lc.
1340 4534 1586 4587 scribitur
1627 4547 1644 4583 :
1676 4533 1770 4587 llic
1801 4533 2045 4602 sequitur
2071 4550 2082 4582 :
2120 4531 2182 4602 Et
2213 4533 2352 4584 sicut
2379 4532 2590 4585 oredixi
2626 4540 2736 4585 tres
2771 4529 3024 4585 auunculi
3054 4531 3186 4591 mei;
3218 4547 3261 4584 e.‘
3296 4530 3388 4600 fol.
3417 4532 3488 4582 69

203 4606 365 4658 initio
394 4601 450 4658 et
476 4604 616 4659 sicut
643 4603 851 4674 predixi
890 4606 945 4657 in
982 4602 1093 4657 loco
1125 4621 1243 4657 raso
1266 4606 1527 4658 leauntur.
1602 4604 1671 4639 ⁸⁸⁷
1709 4606 1782 4656 ita
1811 4601 1903 4656 lc.
1949 4601 2184 4656 aiunculi
2218 4602 2306 4654 la.

1728 4697 1820 4749 1V0
1834 4697 1961 4750 ΜΕ.

286 4765 869 4837 (484),Gandersheim.

287 4835 573 4907 (485)7Nee
596 4854 701 4891 non
734 4839 1010 4895 ducatum.
1043 4852 1096 4889 v.
1125 4837 1266 4891 Ann.
1293 4835 1579 4907 Quedlipb.

288 4903 433 4977 (186)
461 4908 536 4960 Ex
565 4908 702 4962 Ann.
750 4906 1064 4973 Quodlinb.,
1090 4923 1141 4961 a.
1183 4908 1308 4963 995.
1357 4906 1513 4963 Conf.
1563 4903 1789 4959 Kalend.

212 4976 444 5031 Merseb.
473 4976 658 5032 Octob.
692 4978 781 5032 14.

292 5047 433 5117 (187)
460 5047 571 5100 Non
616 5048 716 5101 fuit
765 5060 935 5114 nepos
983 5044 1275 5102 Thietmari
1318 5049 1513 5114 nostri,
1559 5047 1653 5100 sed
1698 5059 1793 5114 pa-

216 5117 422 5178 truelis,
455 5118 650 5173 scilicet
678 5117 889 5173 sororis
919 5120 1084 5183 patris
1107 5121 1186 5173 sui
1215 5120 1369 5175 lilius.
1396 5123 1460 5177 V.
1493 5132 1678 5183 supra.

294 5188 433 5263 (188)
464 5188 810 5263 1έὶιιι110011μίη
848 5186 1094 5263 districtu
1122 5191 1406 5263 entitling,
1438 5189 1525 5243 vel
1558 5187 1790 5263 Linden-

214 5255 340 5300 lubp
368 5258 416 5300 in
443 5259 681 5300 ιΙίςηιίριιι
723 5255 1167 5300 ΙζιιιιριηηαρηΓρΜ
1200 5255 1592 5300 ηἰιηὶρνιῖῖιιιεινρ
1635 5256 1789 5300 ηηΙιίς

1969 4764 2113 4836 (490)
2152 4768 2293 4836 ann.
2323 4763 2634 4836 Quedlinm,
2672 4777 2725 4836 a.
2759 4763 2885 4818 994.

1993 4826 2117 4904 491)
2146 4834 2301 4887 Conl.
2334 4826 2477 4890 Ᾰηη.
2507 4826 2752 4904 llildesh.
2785 4843 2841 4886 et
2872 4826 3191 4904 Quedlinlv.)
3219 4843 3277 4904 β.
3305 4826 3433 4904 994.

1993 4841 2117 4904 491)
2146 4841 2301 4887 Conl.
2334 4841 2477 4890 Ann.
2507 4841 2752 4887 llildcsh.
2785 4843 2841 4886 ct
2872 4841 3191 4896 Qtledltnn.,
3221 4843 3277 4882 a.
3308 4841 3433 4884 994.

1970 4841 2310 4977 imarum.
2338 4907 2391 4959 in
2421 4905 2575 4977 cujus
2604 4903 2869 4977 comitatu
2918 4911 3087 4977 pagus
3110 4895 3540 4977 .llelmiugojtp

1894 4965 2039 5031 situs
2069 4965 2188 5037 fuit,
2222 4965 2544 5027 laudaturin
2580 4965 3015 5042 chartaOttouis
3039 4965 3081 5019 11
3110 4967 3290 5033 intp.,
3319 4986 3368 5021 a.
3390 4965 3504 5021 977
3532 5020 3555 5042 ,

1892 5046 2003 5101 Jul.
2034 5044 2121 5097 50.
2152 5045 2315 5113 (apud
2342 5045 2505 5098 llol‘er
2533 5044 2567 5094 Ι.
2588 5041 2633 5113 Vl.
2663 5038 2889 5113 1,155).

2153 5104 2306 5189 eam“.
2337 5117 2479 5189 Ann.
2514 5109 2789 5189 llilt‘l‘e‘ﬂt"
2822 5104 2876 5161 aI.
2916 5104 3040 5160 991.

1975 5177 2124 5257 (491)
2156 5184 2312 5257 Qonf.
2346 5185 2496 5257 ibi_il.,
2527 5199 2581 5234 a.
2613 5177 2739 5231 995.

1975 5255 2124 5300 ἰαίῃῖἱῖ
2155 5255 2481 5300 Misniensis.
