4042 5300
536 264 670 321 1235

1420 272 1441 299 ο
1462 253 1842 312 THIETMARI
1883 258 2299 317 MERSEBURG
2311 258 2505 319 ENSIS
2529 261 2831 320 EPISCOPI

3698 271 3819 326 3236

529 370 761 425 invicem
790 354 1115 437 certamine,
1141 369 1259 428 Udo
1281 338 1579 428 decolletur
1631 374 1779 443 (499)
1800 413 1816 433 .
1849 373 2140 451 licinricns
2171 381 2212 439 Α
2242 378 2343 435 sibi
2366 378 2596 435 deferre.
2625 379 2797 437 .lussis
2835 390 2946 437 tum
2977 383 3094 439 sine
3138 398 3289 438 mora
3319 350 3635 456 completis,
3667 402 3819 443 canes

530 472 712 519 autem
738 477 862 519 cum
893 462 1060 519 fratre
1089 465 1287 519 suimet
1310 464 1568 536 Sigifrido
1588 476 1642 521 et
1657 468 1855 522 comite
1877 468 2131 540 Elergero

532 556 795 618 devictus,
828 557 974 611 dictu
1000 555 1336 621 miserabile,
1370 573 1397 611 a
1427 559 1678 628 pessimis
1715 559 1992 614 hominum
2034 577 2129 614 ca-

527 654 654 718 ptus
683 648 971 702 deducitur
1012 646 1105 701 ⁸³⁸.
1164 648 1279 703 Hoc
1326 648 1680 703 infortunium
1727 650 1866 704 inter
1923 649 2125 706 Christi

529 740 714 796 ﬁdeles
739 739 881 794 fama
904 741 1122 795 valante
1153 740 1587 809 moxgdilatatur.
1616 742 1963 796 Bernbardus
1993 743 2124 807 dux,

524 834 619 903 qui
658 834 943 903 proximus
967 832 1091 899 fuit,
1120 834 1338 889 nuntios
1367 850 1529 903 quam
1560 850 1789 906 propere
1836 835 2002 901 misit,
2033 838 2125 906 qui

525 928 770 996 precium
799 942 896 996 pro
922 928 1215 981 eorundem
1255 928 1625 996 redemptione
1654 928 1734 982 eis
1761 930 2124 997 promitteret,

523 1036 581 1074 et
608 1021 962 1075 conveniendi
986 1020 1211 1091 paciﬂce
1240 1036 1304 1074 ac
1327 1020 1500 1075 locum
1525 1020 1865 1088 colloquendi
1891 1030 2123 1091 peteret.

522 1114 707 1170 Parati
743 1122 888 1178 sunt,
921 1128 1109 1182 pacem
1142 1115 1356 1168 firmam
1385 1113 1455 1146 δ”
1500 1124 1556 1168 et
1594 1113 1918 1167 ineffabilem
1968 1114 2123 1184 pepi-

510 1216 717 1276 gerunt
737 1207 1040 1277 pecuniam.
1068 1205 1208 1273 Quid
1240 1215 1419 1261 autem
1448 1205 1514 1263 ad
1543 1205 1659 1259 haec
1685 1205 1860 1274 primo
1902 1221 1994 1259 rex
2020 1205 2118 1271 “9°,

521 1299 823 1369 deindeque
870 1299 922 1353 in
950 1300 1153 1354 nostris
1194 1298 1440 1368 partibus
1466 1297 1655 1352 omnis
1687 1297 2121 1352 Christianorum

521 1391 672 1463 larga
702 1393 1011 1463 benignitas
1047 1392 1228 1447 debito
1258 1391 1612 1446 humanitatis
1638 1389 1806 1445 ollitio
1851 1391 2115 1461 inpende-

520 1484 615 1547 rit,
640 1484 916 1554 explicare
942 1497 1050 1537 non
1082 1481 1303 1537 suliitio.
1357 1480 1528 1535 Mater
1576 1489 1757 1535 autem
1809 1496 1928 1535 mea
1968 1491 2121 1536 tanto

517 1578 705 1633 dolore
731 1577 1060 1631 intrinsecus
1082 1584 1375 1631 commota.
1406 1588 1567 1631 omne
1594 1574 1737 1642 quod
1789 1574 2006 1636 habuit,
2038 1576 2119 1631 vel

519 1670 809 1738 acquirere
854 1670 964 1723 ullo
995 1669 1156 1723 modo
1194 1670 1390 1739 potuit.
1421 1682 1519 1733 pro
1554 1665 1783 1720 fratrum
1835 1669 2116 1738 ereptione

2234 471 2384 526 avari
2438 474 2824 529 saturahantur
2873 475 2973 542 m;
3026 475 3276 547 factoque
3340 493 3503 533 mane
3563 480 3820 547 presbiter

2232 562 2300 616 ad
2332 562 2554 618 missam
2588 573 2836 633 paratur,
2859 573 2914 619 et
2952 580 3137 621 comes
3161 567 3373 622 cunctis
3407 568 3621 638 absque
3648 578 3821 623 custo-

2230 651 2389 707 dibus
2438 653 2633 718 solum,
2691 655 2948 711 hesterno
2999 660 3243 729 gravatis
3294 660 3447 726 vino,
3485 660 3557 714 ad
3612 676 3818 730 proram

2229 741 2508 798 lavaturus
2547 746 2836 811 accedens,
2865 749 3027 819 puppi
3061 756 3246 818 parate
3280 752 3512 806 insiluit.
3538 754 3821 810 Extollitur

2228 832 2451 901 clamor,
2477 838 2747 904 presbiter
2777 840 2930 906 quasi
2985 841 3304 897 consiliator
3336 843 3408 876 δ”
3454 846 3703 915 capitur,
3734 862 3823 901 anc

2227 925 2406 980 ebura:
2457 925 2519 996 (f.
2568 927 2659 999 62)
2696 927 2979 997 levantur,
3040 934 3274 1002 remiges
3309 936 3575 992 velociter
3616 940 3719 993 bos
3746 939 3822 994 fu-

2227 1015 2436 1086 gientes
2484 1020 2931 1088 insequebantur.
2992 1024 3138 1091 Quos
3189 1042 3372 1083 comes
3423 1030 3514 1083 vix
3562 1030 3819 1093 evadens,

2225 1119 2347 1159 cum
2395 1107 2593 1163 litteris
2641 1111 2990 1167 securitatem
3044 1115 3357 1187 attingeret,
3410 1130 3469 1174 ut
3510 1122 3673 1189 prius
3712 1122 3822 1191 ipse

2207 1198 2490 1269 precepit,
2538 1210 2761 1269 paratos
2804 1202 3011 1257 invenit
3061 1218 3262 1274 equos,
3312 1218 3369 1262 et
3420 1209 3489 1263 ad
3542 1211 3821 1266 civitatem

2228 1302 2386 1343 snam
2454 1289 2714 1346 Hersevel
2764 1291 2952 1366 (501)
3011 1295 3253 1362 dictam,
3314 1299 3405 1352 ubi
3464 1300 3645 1357 frater
3697 1317 3821 1358 suus

2222 1373 2514 1434 lleinricus
2565 1388 2620 1435 et
2651 1380 2751 1442 ,⁵⁸⁸
2804 1398 2945 1438 uxor
2996 1384 3115 1453 ejus
3178 1386 3373 1444 Etliela
3439 1393 3579 1445 tanti
3640 1395 3821 1464 gaudii

2185 1468 2392 1521 .inscia
2423 1467 2549 1535 fuit,
2590 1486 2816 1543 pergere
2863 1477 3195 1545 properavit.
3241 1475 3397 1533 liunc
3436 1480 3634 1537 hostes
3687 1500 3822 1554 pone

2220 1560 2477 1628 sequuti,
2527 1563 2756 1629 urbem,
2823 1580 2944 1635 quae
3002 1566 3166 1623 littori
3219 1569 3291 1601 ⁸⁸⁸⁵
3347 1571 3547 1627 viciua'
3596 1578 3811 1640 stabat,

2222 1647 2419 1702 Stetbu
2454 1650 2604 1723 (502)
2646 1654 2905 1719 nomine,
2951 1656 3275 1724 incurrunt,
3323 1674 3447 1715 eum
3497 1665 3721 1719 curiose
3768 1666 3816 1720 in

516 1763 708 1817 tribuit
744 1762 833 1816 η’.
869 1763 1129 1816 Execrata
1180 1776 1310 1815 vero
1358 1768 1656 1830 piratarum
1684 1758 1755 1790 ⁸⁸³
1780 1758 1933 1812 turba
1985 1774 2109 1814 cum
2149 1765 2191 1825 Β
2221 1743 2573 1798 θδάίῑίεείηιίε
2627 1755 2920 1815 Ψ¹θτθηίθε
2966 1747 3133 1815 ίοεῖδὶ
3193 1760 3248 1805 ει
3295 1767 3403 1807 non
3457 1753 3819 1819 invenientes.

517 1857 808 1909 maximam
834 1855 1075 1909 collectae
1100 1853 1338 1924 pecunia:
1359 1861 1567 1921 partem
1617 1851 1863 1909 inmensa
1912 1850 2112 1905 suimet

514 1949 753 2017 pondere
777 1947 1140 2016 perciperent,
1172 1944 1413 2001 lleinrici
1448 1944 1565 1998 vice
1612 1941 1781 1997 filium
1821 1941 1938 2011 ejus
1994 1942 2114 1995 uni-

513 2057 638 2095 cum
695 2041 1011 2111 Sigifriilum
1064 2039 1284 2094 nomine
1331 2052 1454 2092 cum
1484 2034 1796 2091 Garevardo
1827 2044 1881 2089 et
1931 2034 2112 2089 Vulfe-

513 2150 665 2190 remo
688 2135 780 2199 '9‘,
798 2133 1072 2205 Etlielgeri
1096 2141 1275 2187 autem
1289 2131 1408 2186 loco
1431 2127 1756 2183 avunculum
1778 2125 2018 2195 ejusdem
2039 2126 2112 2157 ⁸⁷⁸

513 2228 859 2283 Tliiedricum
883 2237 937 2281 et
959 2225 1139 2289 amita:
1153 2232 1332 2279 sumet
1350 2223 1514 2276 lilium
1530 2219 1655 2276 Olef
1669 2230 1914 2274 vocatum
1941 2219 2113 2274 succi-

509 2319 956 2391 pientesmtquoil
971 2319 1036 2373 de
1051 2318 1317 2388 promisso
1330 2317 1411 2371 eis
1427 2324 1642 2370 tesauro
1660 2315 1837 2368 adhuc
1853 2312 2112 2368 remansit

510 2428 577 2468 eo
600 2411 1197 2481 velociuscolligeretnr
1230 2409 1325 2466 ωδ.
1351 2424 1446 2463 eos
1472 2410 1623 2464 abire
1660 2406 1915 2478 Sigifrido
1936 2407 2106 2461 solum

510 2502 1125 2573 remanente,permisit.
1142 2500 1317 2573 (f.(iO’)
1339 2501 1435 2556 llic
1453 2502 1577 2570 quia
1596 2500 1762 2554 lilium
1777 2515 1880 2554 non
1897 2499 2105 2567 habuit,

508 2612 537 2651 a
566 2606 873 2651 matremea
889 2595 1185 2650 remedium
1208 2596 1276 2649 ab
1289 2611 1396 2648 uno
1412 2595 1641 2649 filiorum
1657 2593 1852 2648 suimet
1868 2592 2107 2662 postula-

506 2690 603 2743 vit.
634 2688 764 2755 Quae
788 2698 897 2741 tam
931 2681 1247 2742 necessaria:
1269 2686 1522 2757 peticioni
1554 2685 1866 2741 satisfacere
1896 2684 2107 2739 deside~

508 2796 639 2835 rans
660 2780 915 2833 nuncium
928 2779 1000 2812 ⁸⁸⁸
1012 2779 1080 2833 ad
1101 2777 1352 2833 abbatem
1370 2778 1668 2848 Rigdagum
1690 2776 1837 2847 (500)
1851 2775 2105 2830 celeriter

504 2873 676 2936 misit,
718 2872 808 2942 qui
841 2871 1066 2926 fratrem
1101 2885 1280 2925 meum
1319 2869 1638 2940 Sigifridum
1660 2908 1675 2930 ,
1722 2877 1849 2922 tunc
1882 2868 1953 2921 ibi
2000 2867 2102 2921 sub

504 2965 701 3019 habitu,
724 2964 1044 3019 monachico
1088 2963 1371 3031 degentem
1397 3000 1414 3026 ,
1458 2969 1679 3030 accepta
1714 2959 1953 3014 ‘licencia
2012 2972 2100 3011 re-

503 3060 750 3114 duceret.
788 3057 888 3112 llic
936 3059 1065 3126 quia
1115 3057 1250 3110 satis
1293 3054 1530 3124 prudens
1580 3052 1662 3106 vir
1713 3051 1851 3115 fuit,
1887 3050 2099 3105 cunctis

2219 1832 2434 1887 feminis
2462 1835 2682 1890 inaures
2718 1836 2768 1889 vi
2795 1837 3017 1908 rapiunt
3052 1834 3346 1912 tristesque
3380 1845 3673 1900 recedunt.
3708 1847 3818 1902 Tali

2216 1922 2401 1980 furore
2430 1939 2620 1980 omnes
2672 1930 2949 1995 succensi,
2981 1931 3223 1987 crastino
3255 1931 3522 1987 clericum
3572 1946 3629 1989 et
3668 1952 3821 2007 nepo-

2218 2024 2324 2071 tem
2355 2031 2531 2071 meum
2563 2017 2715 2089 (505)
2758 2036 2880 2074 cum
2929 2023 3143 2078 caneris
3188 2022 3471 2079 obsidibus
3505 2029 3779 2083 universis
3801 2069 3818 2091 ,

2213 2108 2439 2165 naribus
2488 2125 2555 2164 ac
2593 2112 2818 2167 auribus
2871 2122 2925 2168 et
2980 2115 3234 2171 manibus
3272 2117 3641 2184 obtruncant,
3693 2123 3817 2178 foris

2213 2217 2306 2256 eos
2342 2203 2696 2275 projicientes
2748 2206 2801 2261 in
2855 2218 3093 2279 portum.
3122 2208 3273 2266 Tunc
3324 2212 3670 2283 fugientibus
3714 2218 3815 2280 bis,

2212 2295 2582 2363 unusquisque
2616 2311 2645 2350 a
2677 2296 2791 2351 suis
2835 2300 3065 2368 rapitur,
3092 2316 3307 2356 merore
3348 2302 3609 2360 inaudito
3640 2307 3812 2362 insur-

2212 2392 2390 2452 gente.
2442 2384 2554 2452 Ego
2584 2394 2784 2450 autem,
2819 2388 3056 2445 visitatis
3092 2391 3316 2447 meimet
3366 2399 3695 2463 avunculis,
3733 2415 3814 2455 re-

2211 2472 2381 2525 meavi
2414 2472 2632 2528 Cbrislo
2663 2474 2928 2545 largiente
2976 2478 3282 2547 incolumis,
3321 2483 3624 2541 caritative
3662 2505 3698 2541 a
3736 2487 3811 2541 fa-

2210 2563 2512 2619 miliaribus
2545 2568 2681 2622 meis
2717 2581 3026 2640 susceptus.

2282 2677 2364 2739 l7.
2402 2685 2458 2740 ln
2484 2686 2573 2741 illo
2603 2696 2845 2758 tempore
2868 2690 3170 2755 Liudulfus,
3201 2695 3573 2766 Augustensis
3596 2701 3808 2769 episco-

2206 2791 2306 2845 pus
2337 2777 2685 2841 venerabilis,
2717 2780 2751 2834 8
2799 2780 3026 2836 Kalend.
3063 2784 3291 2855 Augusti
3325 2788 3463 2842 obiit
3493 2790 3614 2856 (an.
3652 2792 3802 2862 996);

2205 2878 2259 2921 et
2307 2867 2698 2934 Gevebardns,
2769 2873 3167 2943 elewangensis
3219 2878 3288 2909 σοί
3340 2880 3517 2935 abbas
3581 2884 3804 2939 ordina-

2207 2967 2292 3011 tur
2320 2958 2489 3028 (504).
2531 2960 2753 3015 Interim
2801 2972 2912 3032 (an.
2942 2965 3069 3033 995)
3099 2968 3153 3021 in
3204 2969 3443 3038 quadam
3495 2973 3627 3026 villa
3671 2975 3805 3030 Hor-

2206 3052 2364 3120 tborp
2392 3052 2539 3124 (505)
2586 3054 2751 3117 dicta,
2783 3064 2943 3111 natus
2971 3066 3056 3112 est
3095 3059 3295 3124 infans,
3318 3062 3589 3119 dimidius
3622 3068 3797 3129 homo.

504 3151 737 3206 sollicite
781 3147 1120 3220 perquisitis,
1151 3147 1350 3212 injuste
1388 3144 1643 3214 legationi
1681 3144 1890 3199 resistit
1920 3142 2012 3207 ⁸9⁸.
2043 3152 2099 3198 et
2126 3135 2171 3196 C
2203 3146 2595 3210 posterioribus
2622 3163 2758 3202 aucc
2778 3148 2996 3216 similis,
3024 3151 3270 3207 dextram
3294 3169 3484 3210 aurem
3513 3161 3801 3215 etoeulum

502 3251 727 3310 propter
760 3255 947 3295 curam
973 3254 1005 3292 a
1038 3239 1147 3292 Deo
1177 3238 1278 3292 sibi
1312 3238 1575 3293 creditam
1610 3236 1752 3305 quod
1787 3236 1889 3290 hoc
1917 3232 2098 3292 facere

503 3348 612 3386 non
657 3338 1029 3400 praesumeret,
1073 3328 1374 3397 respondit.
1424 3326 1659 3381 Nuntius
1704 3337 1909 3392 autem,
1954 3336 2012 3381 ut
2045 3327 2096 3382 ei

501 3423 709 3478 iussum
762 3421 884 3486 fuit,
916 3421 983 3474 ad
1008 3419 1420 3481 'Ekkihardum,
1457 3418 1547 3487 qui
1570 3426 1720 3487 jtunc
1767 3428 1954 3473 custos
1991 3434 2100 3474 tec-

501 3515 684 3571 ciesize
715 3513 885 3568 sancti
927 3511 1169 3565 Mauricii
1213 3519 1267 3565 et
1312 3510 1570 3579 magister
1612 3519 1734 3563 erat
1781 3509 1971 3575 scobe,
2003 3525 2095 3565 ve-

500 3607 681 3672 niens,
709 3613 766 3659 ut
794 3618 881 3658 me
915 3604 983 3657 ob
1016 3617 1129 3657 rem
1156 3602 1522 3657 necessariam
1547 3598 1710 3653 matri
1741 3613 1874 3655 mete
1907 3600 2093 3654 remit—

500 3706 661 3765 teret,
696 3696 925 3766 supplex
955 3694 1184 3765 rogavit.
1230 3692 1386 3758 Veni,
1417 3702 1472 3746 et
1514 3707 1638 3747 cum
1676 3688 1851 3747 laicali
1880 3692 2090 3756 habitu,

498 3803 607 3855 quo
635 3786 775 3858 apud
815 3785 1018 3854 piratas
1063 3783 1222 3838 debui
1254 3784 1410 3837 obses
1450 3783 1783 3846 conversari,
1823 3783 2093 3853 prioribus

499 3878 676 3933 adhuc
706 3878 926 3931 indutus
957 3875 1297 3929 vestimentis
1321 3914 1337 3939 ,
1389 3873 1422 3927 5
1477 3874 1611 3929 feria
1643 3874 1916 3943 profectus
1947 3891 2088 3931 sum.

498 3970 566 4026 Et
608 3973 660 4025 in
694 3971 806 4040 ipsa
831 3970 925 4023 die
952 3967 1241 4038 Sigifridus
1269 3967 1335 4023 de
1358 3966 1605 4037 pervigili
1637 3966 1871 4021 hostium
1904 3976 2089 4027 custo-

497 4063 610 4124 dia,
642 4077 746 4131 qua
772 4059 998 4117 multum
1027 4058 1345 4113 vulneratus
1389 4057 1752 4119 detinebatur,
1792 4057 1873 4111 sic
1904 4058 2088 4111 divino

497 4154 677 4209 evasit
705 4151 928 4206 auxilio.
956 4151 1100 4205 Idem
1129 4149 1182 4202 in
1216 4149 1462 4218 angustia
1504 4146 1812 4202 vehementi
1857 4148 2085 4217 positus,

498 4262 621 4301 cum
671 4224 950 4298 Nodbaldo
987 4251 1041 4296 et
1076 4240 1329 4304 Edicone,
1360 4236 1631 4308 quomodo
1660 4238 1933 4301 evaderet,
1971 4238 2088 4306 plu-

497 4340 695 4395 rimmn
728 4330 941 4406 Semper
957 4332 1463 4404 versans,preccpit
1493 4332 1593 4385 hos
1616 4329 1784 4385 veloci
1814 4331 2083 4399 navicula,

495 4439 762 4503 quantum
810 4430 933 4495 his,
983 4430 1075 4498 qui
1111 4443 1235 4483 eum
1279 4424 1615 4490 detinebant,
1647 4423 1782 4478 satis
1827 4423 2087 4479 valuisset

494 4525 812 4580 ministrare
846 4520 912 4575 de
958 4519 1084 4573 vino
1124 4533 1188 4574 ac
1240 4517 1307 4572 de
1355 4515 1571 4572 caeteris
1614 4513 2082 4585 appertinentibus

2202 3232 2319 3287 leva
2378 3236 2644 3291 minoretn
2696 3238 2904 3294 habens
2929 3278 2945 3305 ,
2996 3241 3187 3297 dentes
3226 3258 3390 3300 croco
3428 3247 3645 3304 similes
3671 3291 3688 3315 ,
3730 3251 3802 3305 sic

2203 3325 2432 3380 nistrttm
2463 3328 2747 3385 brachium
2777 3332 2980 3402 absque
3008 3334 3043 3390 4
3071 3335 3254 3406 digitis
3283 3339 3401 3395 solo
3447 3356 3576 3395 cum
3609 3344 3799 3412 pollice

2202 3418 2509 3490 integrum;
2560 3434 2689 3480 ante
2717 3425 3046 3497 baptismum
3083 3432 3315 3488 attonite
3339 3433 3561 3503 videns,
3591 3447 3649 3490 et
3681 3446 3800 3508 post
3852 3488 3865 3499 ,

2201 3510 2359 3570 nihil.
2399 3523 2594 3582 quarta
2628 3516 2716 3571 die
2748 3519 3005 3575 moriens.
3040 3521 3289 3594 Magnam
3334 3526 3439 3581 hoc
3491 3541 3793 3583 monstrum

2202 3603 2535 3661 facinoribus
2559 3612 2761 3667 nostris
2787 3612 2971 3668 intulit
3002 3618 3368 3685 pestilentiam
3396 3621 3580 3693 (500).
3611 3624 3792 3694 (Hi?)

2199 3694 2484 3753 Predictus
2529 3702 2761 3758 antistes
2808 3703 3156 3764 Hilliwardus
3203 3726 3329 3765 eum
3378 3715 3691 3770 mcclesiam
3738 3726 3790 3770 et

2199 3803 2418 3859 gregem
2481 3790 2583 3843 sibi
2630 3794 2982 3851 commissum
3035 3797 3105 3854 29
3167 3815 3342 3856 annos
3396 3803 3787 3873 gloriosissime

2199 3892 2361 3935 verus
2416 3881 2655 3938 Israelita
2731 3898 2987 3958 regeret,
3050 3891 3080 3944 7
3134 3892 3406 3950 Kalendas
3472 3897 3786 3954 Decembris

2199 3970 2502 4034 exspirans.
2541 3974 2782 4041 sepultus
2810 3986 2895 4031 est
2923 3988 3080 4034 extra
3125 3982 3430 4037 :ccclesiam
3465 3984 3610 4041 infra
3637 3989 3783 4043 clan-

2194 4072 2390 4129 strum,
2420 4064 2507 4118 ubi
2535 4066 2650 4135 ipse
2677 4068 2779 4123 sibi
2826 4071 2979 4139 prius
3008 4084 3297 4141 paraverat
3324 4077 3690 4136 domicilium.
3723 4082 3782 4135 Et

2194 4165 2316 4206 cum
2364 4153 2669 4213 confratres
2720 4159 2839 4227 ejus
2883 4162 2936 4217 in
3003 4165 3267 4222 electione
3320 4172 3625 4226 convenire
3682 4189 3777 4226 non

2195 4253 2439 4311 possent,
2468 4249 2792 4317 praepositus
2816 4261 2901 4306 est
2948 4254 3054 4309 biis
3083 4256 3152 4310 de
3177 4258 3384 4327 capella
3418 4262 3568 4330 regis
3596 4262 3779 4317 Arual-

2192 4335 2382 4395 fus.et
2430 4337 2507 4390 Id.
2549 4338 2864 4397 Decembris
2892 4345 3193 4412 ordinatur,
3237 4350 3384 4405 sicut
3409 4351 3503 4407 ille
3531 4355 3620 4407 vir
3663 4369 3776 4409 san-

2188 4436 2310 4483 ctus
2356 4439 2669 4487 antecessor
2714 4436 2851 4504 ejns,
2883 4439 3009 4491 dum
3044 4440 3221 4496 adhuc
3267 4444 3500 4510 valeret,
3550 4448 3771 4517 predixit

2187 4520 2396 4575 cunctis
2420 4531 2548 4577 tunc
2574 4528 2915 4593 preseitlibus
2946 4547 2959 4584 :
2993 4529 3173 4599 Hunc,
3198 4534 3478 4604 inquietis,
3523 4541 3768 4609 hospita

1791 4690 2021 4748 VARle
2058 4694 2466 4757 LECTIONES.

560 4858 632 4894 ⁸⁸³
658 4858 946 4913 dedicatur
977 4855 1025 4908 l.
1059 4852 1399 4907 deducuntur
1421 4851 1501 4904 lc.
1532 4849 1820 4905 abducitur
1860 4849 1924 4904 Α.
1956 4849 2014 4906 S.
2070 4868 2120 4907 a.
2169 4855 2295 4910 994.

487 4931 541 4984 εὶ.
598 4932 872 5000 inperator
915 4928 1001 4982 1η.
1035 4924 1344 5012 restitutum.
1363 4923 1427 4975 ab
1607 4921 1976 5012 xhauribuit
2006 4924 2113 5012 id.

2370 4857 2441 4890 ⁵⁸⁸
2472 4860 2683 4917 firmam
2739 4865 2869 4920 dare
2913 4868 2967 4921 2.
3004 4870 3071 4924 Α.
3107 4871 3166 4926 S.
3208 4873 3246 4925 l.
3299 4874 3334 4926 l.
3434 4877 3510 4909 ⁸⁸⁸
3564 4881 3638 4930 ita
3688 4880 3756 4931 ib.

2184 4926 2254 5012 1’“
2297 4927 2530 5012 piratqin
2574 4935 2622 5012 t_.
2690 4935 2870 5012 f”_et
2910 4940 3213 5011 unlieremo
3241 4944 3368 4999 add.
3422 4948 3512 5002 ib.
3564 4926 3657 4983 τί*
3690 4926 3758 4999 ἦέ
