4042 5300
249 265 390 323 1237

1474 271 1894 330 CHRONICON.
1939 302 2004 312 —
2039 271 2166 329 LIB.
2207 268 2295 329 IV.

3398 279 3540 336 lata

246 383 499 442 honorato
542 385 632 451 ⁸⁹’,
662 395 708 442 et
739 398 994 460 quantum
1043 391 1255 461 potestis
1291 390 1370 446 illi
1411 390 1616 447 servile.
1648 388 1830 444 Prori-
1860 394 1903 450 A
1931 408 2069 445 cure.
2111 391 2218 448 Sed
2261 390 2478 448 nefandl
2523 389 2750 450 sceleris
2779 395 3030 452 auctores
3069 408 3194 453 eum
3217 404 3332 467 iam
3375 415 3440 456 ex
3455 401 3542 470 pi-

247 475 372 530 dere
400 477 536 531 enim
568 478 713 533 debet
744 481 788 536 is
810 497 897 536 vos
926 492 1044 551 post
1070 499 1168 537 me.
1204 483 1270 540 Et
1304 499 1426 540 cum
1471 483 1614 538 idem
1637 484 1750 552 jam
1782 484 1836 539 in

247 580 422 638 agone
449 569 627 624 exitus
664 572 748 625 sui
787 571 1015 640 jaceret,
1044 575 1179 631 vidit
1224 576 1452 646 gloriam
1488 576 1618 642 Dei;
1650 585 1706 633 et
1745 591 1838 631 vo-

250 669 375 715 cato
403 662 470 716 ad
511 677 570 717 se
600 662 879 719 Vull‘har-io
908 665 1106 721 suimet
1139 668 1421 737 capellano
1455 686 1468 722 ε
1512 666 1701 732 Vides,
1757 667 1838 722 in-

206 732 219 755 ’
249 750 400 820 quid,
431 751 620 821 frater,
643 752 883 823 aliquid?
911 754 976 809 Et
1002 756 1092 810 ille
1131 732 1358 812 se'nihil
1385 759 1588 812 vidisse
1619 771 1840 828 respon-

248 842 404 910 dens,
437 845 641 900 audivit
685 849 752 900 ah
785 847 855 879 “3
884 864 971 914 eo,
999 851 1144 920 quod
1172 851 1445 906 caminata
1474 853 1620 918 haec,
1654 853 1704 908 in
1731 869 1836 923 qua

250 941 380 990 tunc
410 937 647 1003 tacebat,
695 939 883 1008 inqua
932 941 1039 995 duo
1086 951 1464 999 antecessores
1505 945 1576 976 ⁸⁸⁸
1609 946 1692 1000 sui
1743 947 1841 1001 ob-

250 1022 453 1090 ierunt,
490 1025 670 1080 divina
711 1027 996 1097 majestate
1050 1029 1208 1100 plena
1256 1017 1469 1088 fuisset.
1504 1033 1569 1088 Et
1614 1033 1730 1088 ltznc
1766 1034 1841 1090 di-

247 1129 381 1171 cens
425 1117 675 1172 transivit
699 1117 765 1173 de
808 1118 911 1175 hoc
939 1119 1010 1152 '°'
1046 1137 1268 1179 carcere
1312 1125 1378 1181 ad
1416 1126 1732 1184 ittdeﬁciens
1765 1126 1842 1182 lu-

251 1218 376 1263 men
408 1209 581 1280 (507).

321 1301 410 1356 18.
434 1299 549 1355 Rex
581 1311 760 1358 autem
785 1303 964 1362 natale
993 1305 1104 1378 (an.
1138 1307 1264 1376 996)
1296 1311 1506 1367 Domini
1537 1313 1590 1368 in
1615 1313 1839 1372 Colonia

249 1388 374 1458 fuit,
405 1402 460 1448 et
492 1393 790 1464 paciﬁcatis
817 1399 1144 1454 omnibusin
1179 1402 1261 1456 his
1292 1404 1708 1473 regionibus,ad
1738 1407 1844 1462 Ita-

250 1480 380 1537 liam
407 1485 497 1540 diu
526 1485 867 1542 desideratus
892 1493 1226 1559 perrexit,in
1247 1493 1380 1550 urbe
1394 1483 1557 1566 Papia
1586 1498 1842 1568 paschale

250 1575 458 1646 peregit
495 1575 691 1632 festum
724 1577 896 1651 (508).
945 1580 1152 1639 Dehinc
1199 1584 1428 1642 Romam
1459 1589 1684 1645 veniens
1722 1591 1840 1663 gloo

253 1665 416 1729 riose,
449 1676 698 1738 nepotem
729 1684 884 1725 suum
927 1670 1261 1742 Brunonetn,
1288 1678 1504 1735 Ottonis
1531 1681 1701 1737 lilium
1744 1683 1842 1738 du-

1947 496 2096 536 rasse
2125 492 2435 542 cernentes.
2461 482 2528 537 ad
2557 493 2908 556 augmentum
2936 485 3020 543 sui
3047 486 3272 546 sceleris
3305 489 3452 547 divin
3465 505 3543 547 te-

1945 585 2050 638 que
2074 572 2302 628 ulcionis
2347 587 2546 644 corpus
2570 574 2760 647 pelago
2799 591 3042 635 mersere
3089 581 3335 649 beatum,
3373 594 3546 656 caput

1946 662 2078 716 sude
2106 664 2462 720 conviciando
2509 667 2737 736 ﬁgentes
2772 683 2839 725 ac
2885 671 3178 728 exultando
3218 675 3535 733 redeuntes.

1943 753 2098 821 Quod
2129 755 2453 824 Bolizlavus,
2479 757 2764 818 Miseconis
2788 763 2960 831 lilius,
2995 767 3355 836 comperiens,
3407 770 3535 826 data

1949 858 2071 897 mox
2127 847 2352 914 pecunia
2407 849 2648 908 martiris
2691 862 2969 908 mercatur
3031 855 3205 912 incliti
3255 874 3380 914 cum
3441 875 3536 916 cas

1947 933 2058 1003 pite
2107 934 2178 966 διδ
2229 937 2472 992 membra
2523 939 2716 1011 (512).
2768 942 3069 1014 Imperator
3116 957 3298 1005 autem
3344 948 3535 1007 Romae

1946 1036 2130 1082 certus
2161 1029 2228 1083 de
2259 1029 2365 1083 hac
2394 1044 2451 1085 re
2489 1030 2712 1087 ell‘ectus
2735 1073 2752 1101 ,
2805 1037 3106 1108 condignas
3153 1040 3262 1096 Deo
3309 1043 3536 1115 supplex

1946 1118 2133 1172 retulit
2172 1120 2329 1185 odas,
2366 1121 2510 1191 quod
2546 1123 2661 1178 suis
2697 1128 3032 1198 temporibus
3072 1130 3234 1186 talem
3289 1133 3392 1188 sibi
3438 1151 3539 1206 per

1943 1209 2182 1278 palmam
2233 1213 2463 1266 nt‘artirii
2513 1218 2805 1286 assumpsit
2847 1219 3128 1278 famulum.
3166 1224 3245 1280 Eo
3284 1233 3533 1298 tempore

1951 1301 2329 1368 Bernwardus,
2359 1314 2561 1360 sancta:
2595 1305 3055 1381 Wirciburgensis
3073 1315 3346 1382 ecclesiae,
3373 1317 3530 1388 jussu

1949 1395 2156 1450 cesaris
2179 1397 2244 1450 ad
2266 1395 2515 1452 Greciam
2556 1399 2778 1467 missus,
2807 1403 2858 1456 in
2884 1401 3089 1460 Achaia
3119 1408 3351 1464 moritur
3380 1411 3532 1482 (515)

1950 1501 2075 1540 cum
2119 1487 2356 1540 maxima
2385 1487 2658 1544 sociorum
2692 1505 2915 1548 suorum
2942 1504 3180 1552 caterva.
3223 1498 3328 1555 Per
3365 1517 3528 1572 quem

1949 1579 2078 1649 quia
2125 1578 2358 1649 plurima
2413 1577 2558 1636 Deus
2600 1578 2767 1639 faciat
2800 1585 3104 1654 mirabilia,
3152 1589 3336 1660 plures
3383 1591 3534 1649 affir-

1952 1681 2123 1727 mant.

247 1753 332 1808 cis
363 1755 542 1828 (509),
577 1758 631 1812 in
669 1757 787 1817 loco
825 1759 1094 1819 Johannis
1148 1782 1300 1838 pap:e
1354 1786 1527 1841 nuper
1576 1773 1839 1842 defuncti,
1876 1762 1920 1819 Β
2014 1765 2106 1820 20.
2142 1763 2424 1836 lnperator
2445 1777 2623 1825 autem
2650 1785 2678 1824 a
2708 1768 2974 1827 Romanla
2995 1772 3540 1844 discedens,nostras

249 1858 377 1899 cum
425 1847 665 1902 omnium
694 1849 850 1907 laude
887 1857 1221 1924 presentium
1251 1858 1322 1891 ⁶⁰⁶
1349 1859 1369 1933 [
1393 1859 1546 1932 (Cod.
1596 1861 1767 1919 Brux.
1801 1864 1840 1919 f.

247 1931 416 2003 228‘.)
453 1940 683 2005 statuit;
724 1941 776 1996 in
812 1946 1134 2003 ascensione
1162 1931 1385 2017 Christi,
1404 1931 1538 2024 quae
1569 1962 1699 2011 tunc
1721 1966 1842 2012 erat

249 2021 612 2094 l2.Kalendas
636 2027 808 2099 Junii,
837 2048 982 2091 anno
1009 2039 1172 2094 etatis
1203 2055 1316 2096 suae
1370 2021 1460 2110 15‘,
1490 2045 1640 2116 regni
1662 2057 1844 2104 autem

249 2113 344 2184 15,
401 2116 693 2177 indictione
737 2132 929 2180 octava
984 2127 1130 2199 (510)
1191 2130 1303 2203 [πη.
1334 2133 1503 2207 996],
1555 2113 1623 2192 ab
1654 2139 1844 2197 eodem

249 2207 562 2266 unctionem
616 2212 949 2285 impcrialem
996 2223 1258 2292 percepit,
1310 2234 1366 2280 et
1414 2227 1711 2287 advocatus
1754 2248 1848 2288 ec-

249 2296 432 2353 clesia:
463 2303 636 2357 sancti
667 2302 812 2362 Petri
861 2305 1112 2365 efﬁcitur.
1148 2312 1279 2368 Post
1332 2315 1448 2372 haec
1484 2333 1616 2376 vero
1670 2321 1844 2393 impe-

249 2388 396 2445 rium
425 2392 552 2449 illud
583 2397 824 2466 priorum
846 2416 1069 2458 suorum
1103 2421 1254 2462 more
1274 2410 1619 2483 gubernavit,
1645 2423 1846 2475 etatem

248 2493 406 2534 suam
434 2484 676 2540 moribus
715 2487 1092 2561 industriaque
1117 2495 1358 2554 vincens.

326 2572 416 2629 19.
445 2573 501 2628 1η
531 2577 704 2645 prima
733 2589 906 2636 estate
935 2582 1257 2642 Adclbertns
1283 2629 1298 2654 ,
1345 2591 1694 2650 Boemiorum
1732 2599 1847 2668 epi-

246 2677 474 2734 scopus,
524 2667 616 2737 qui
660 2684 876 2734 nomen,
932 2675 1077 2743 quod
1124 2674 1392 2750 Woytech
1431 2682 1500 2714 ⁸⁸⁷
1544 2695 1740 2750 sonat,
1768 2667 1845 2744 diu

248 2754 613 2826 baptismate,
663 2760 808 2816 aliud
836 2763 888 2816 in
926 2765 1350 2846 conlirtnacione
1387 2775 1630 2846 percepit
1659 2777 1728 2831 ab
1757 2793 1848 2833 ar-

249 2845 604 2916 chiepiscopo
637 2845 1159 2924 Parthenopolitano
1188 2899 1204 2923 ,
1258 2859 1311 2914 in
1363 2845 1565 2919 eadem,
1607 2866 1740 2921 urbe
1778 2869 1848 2924 ab

248 2933 484 2992 Othrico
514 2937 587 2968 ⁸⁸⁸
626 2942 878 3010 superius
908 2956 1209 3002 memorato
1240 2947 1387 3019 (5H)
1421 2952 1616 3010 litteris
1648 2955 1849 3012 instru-

249 3035 377 3084 ctus
405 3067 422 3096 ,
496 3044 619 3084 cum
667 3031 770 3086 sibi
817 3036 1140 3091 commissos
1189 3040 1256 3094 ab
1297 3042 1537 3114 antiqua:
1566 3048 1848 3116 pravitatis

1949 1858 2200 1926 regiones
2227 1857 2296 1890 “'
2325 1859 2510 1915 invisit
2530 1861 2640 1932 (an.
2671 1860 2822 1933 997),
2857 1871 2914 1918 et
2953 1873 3173 1935 accepta
3211 1867 3534 1926 Sclavorum

1949 1948 2264 2013 rebellione,
2295 1948 2697 2017 Stodcranlam,
2721 1967 2846 2022 qua:
2873 1949 3171 2011 llevellum'
3197 1955 3269 1990 °"
3311 1959 3540 2026 dicitur,

1947 2049 2159 2096 armato
2188 2049 2383 2111 petens
2429 2042 2626 2107 milite,
2660 2043 2913 2100 incendio
2947 2054 3004 2102 et
3038 2063 3233 2120 magna
3275 2050 3544 2122 depreda-

1948 2130 2104 2185 cionc
2133 2133 2393 2197 vastavit,
2441 2141 2499 2187 et
2529 2135 2707 2189 victor
2736 2133 3178 2208 Parthenopolim
3232 2143 3416 2198 rediit.
3460 2141 3546 2202 Ob

1948 2223 2050 2279 hoc
2084 2225 2268 2280 hostes
2291 2226 2462 2280 nostri
2486 2226 2808 2296 Bardengau
2834 2228 2904 2260 ⁶¹⁷
2920 2233 3200 2288 turmatim
3223 2236 3488 2305 aggressi,
3511 2254 3544 2292 a

1949 2317 2151 2372 nostris
2201 2325 2328 2371 sunt
2355 2317 2553 2372 devicti
2587 2317 2756 2390 (5H).
2806 2319 2864 2375 lu
2896 2320 2988 2377 illo
3031 2325 3332 2382 certamine
3378 2327 3547 2383 Ram-

1948 2407 2188 2472 wardns,
2231 2408 2528 2466 Mindensis
2568 2411 2876 2483 episcopus,
2929 2414 3070 2480 fuit,
3111 2418 3204 2484 qui
3251 2416 3430 2474 socios
3465 2435 3547 2474 ar-

1952 2511 2098 2570 repta
2135 2503 2185 2556 in
2233 2503 2482 2559 manibus
2511 2518 2674 2560 cruce
2717 2520 2816 2560 sua
2864 2509 3221 2578 sequentibus
3269 2510 3550 2581 signiferis

1949 2595 2238 2662 processit,
2284 2602 2338 2648 et
2389 2593 2456 2648 ad
2508 2594 2623 2649 haec
2662 2594 2910 2652 facienda
2950 2607 3205 2669 potenter
3243 2600 3548 2658 consolida-

1952 2683 2052 2739 vit.
2092 2683 2148 2737 ln
2184 2683 2274 2737 illo
2317 2685 2404 2738 die
2446 2684 2741 2742 Gardulfus
2769 2703 2955 2746 comes
2990 2705 3112 2746 cum
3162 2693 3354 2762 paucis
3381 2709 3548 2752 occuo

1952 2774 2069 2830 huit
2091 2775 2346 2846 (5l5),ex
2376 2776 2446 2808 ⁸⁸⁸
2469 2778 2714 2835 hostibus
2741 2791 2924 2837 autem
2948 2788 3184 2840 maxima
3218 2787 3546 2857 multitudo;

1951 2870 2132 2924 cmteri
2167 2869 2351 2928 relicta
2382 2872 2546 2941 prcda
2572 2872 2867 2944 fugierunt.

2025 2960 2113 3016 2|.
2139 2961 2487 3018 Crescentius
2517 2975 2699 3019 autem
2733 2966 2940 3036 Romae,
2969 2970 3193 3028 absente
3229 2987 3370 3045 paga
3405 2990 3548 3046 prte-

1954 3053 2118 3122 dicto,
2151 3056 2241 3125 qui
2275 3068 2399 3126 post
2427 3056 2864 3115 benedictionem
2903 3062 3200 3134 Gregorius
3223 3067 3544 3136 vocabatur,

250 3133 446 3175 errore
473 3122 689 3178 monitis
736 3123 902 3179 divini
947 3130 1191 3200 precepti
1232 3131 1300 3162 ⁶⁰⁹
1352 3149 1606 3191 amovere
1662 3124 1922 3210 ncqui-C
1955 3147 2257 3204 Johannem
2293 3148 2702 3206 Calabritanum
2730 3194 2746 3221 ,
2794 3153 3129 3227 Theopltanu
3180 3159 3550 3232 imperatricis

249 3211 449 3279 vissct,
476 3229 661 3270 omnes
687 3221 1184 3289 excommunicans,
1221 3224 1444 3281 Romam
1476 3230 1543 3282 ad
1585 3247 1851 3289 excusan-

255 3305 392 3361 dum
440 3322 499 3362 se
546 3312 686 3379 apud
734 3315 1093 3382 apostolicum
1141 3320 1328 3388 venit,
1358 3325 1583 3395 ejusque
1631 3328 1850 3388 licentia

251 3402 362 3454 sub
417 3402 663 3459 districta
719 3406 982 3464 Bonifacii
1043 3410 1256 3468 abbatis
1321 3418 1505 3486 regula
1569 3420 1848 3480 humiliter

251 3493 432 3548 multo
464 3503 700 3565 tempore
753 3511 1109 3559 conversatus
1156 3506 1298 3559 bono
1351 3509 1536 3578 deguit
1577 3517 1843 3586 exemplo.

252 3581 494 3653 Postque
529 3585 598 3616 ⁶¹⁰
641 3601 761 3641 cum
815 3593 1086 3659 permissu
1134 3596 1376 3665 ejusdem
1420 3602 1591 3667 patris
1642 3603 1853 3662 Pruco-

255 3692 381 3730 rum
411 3677 477 3709 ⁶¹¹
514 3691 720 3736 mentes
748 3699 776 3737 a
801 3685 1017 3741 Christo
1056 3687 1261 3744 alienas
1291 3690 1447 3746 freno
1479 3705 1678 3750 sancta:
1731 3713 1854 3768 pre-

252 3767 548 3825 dicationis
585 3775 838 3830 edomare
891 3786 1214 3848 temptaret.
1273 3786 1498 3855 etISpide
1551 3767 1848 3857 perfossus,

255 3875 408 3916 nono
464 3862 535 3894 ἰ’
601 3864 866 3924 Kalendas
932 3870 1034 3924 Mai
1094 3876 1291 3944 capitis
1342 3878 1646 3935 ahscisione
1693 3895 1850 3954 opta-

259 3966 380 4010 tum
412 3955 482 3988 ⁶¹³
521 3974 737 4028 semper
769 3965 1076 4018 martirium
1113 3967 1263 4021 solus
1307 3984 1374 4023 ex
1431 3972 1546 4026 suis
1593 3977 1850 4046 percepit,

255 4046 470 4115 absque
521 4050 664 4103 omni
705 4054 927 4121 gemitu,
966 4064 1024 4108 ιιι
1065 4056 1116 4109 in
1152 4058 1266 4126 ipsa
1295 4071 1454 4115 nocte
1503 4064 1555 4116 in
1609 4049 1852 4136 soutpnis

256 4137 379 4222 ipse
411 4137 562 4202 vidit,
595 4144 910 4213 cunctisque
939 4144 1198 4204 fratribus
1241 4153 1474 4220 prodixit
1506 4172 1517 4207 :
1567 4153 1850 4222 Putabant,

257 4213 540 4300 inquiens,
571 4245 651 4283 me
695 4233 907 4288 missam
935 4236 1197 4292 celebrare
1252 4229 1523 4314 solumque
1569 4250 1853 4303 communi-

1961 3241 2215 3296 dilectum
2264 3244 2516 3298 comitem
2564 3255 2619 3300 et
2674 3255 2800 3302 tunc
2841 3248 3218 3308 Placentinum
3249 3256 3550 3312 antistitem

1958 3332 2138 3402 (516),
2195 3334 2497 3400 substituit,
2551 3345 2607 3390 et
2657 3337 2762 3393 sibi
2822 3339 3108 3410 imperium
3161 3344 3255 3399 tali
3293 3361 3546 3415 presum-

1955 3425 2137 3494 ptione
2181 3427 2505 3496 usurpavit,
2560 3429 2827 3485 inmemor
2879 3432 3173 3500 juramenli
3233 3445 3290 3493 et
3340 3454 3552 3508 magnae

1954 3515 2173 3585 pictatis
2199 3516 2267 3569 ab
2298 3518 2493 3573 Oztone
2523 3529 2751 3589 angusto
2774 3522 2878 3576 sibi
2908 3524 3086 3578 illata).
3118 3525 3340 3598 insuper
3363 3533 3550 3590 nuncii

1958 3609 2198 3675 ejusdem
2229 3626 2259 3664 a
2292 3612 2537 3681 predicto
2566 3613 2819 3669 invasore
2865 3617 3031 3686 capti,
3080 3619 3326 3690 diligenti
3363 3633 3549 3681 custo-

1958 3700 2058 3754 dite
2086 3701 2371 3756 traduntur
2401 3703 2570 3774 (517).
2598 3705 2901 3774 Imperator
2931 3726 3052 3765 mox
3085 3721 3141 3765 ut
3169 3713 3286 3768 haec
3314 3717 3546 3782 audivit,

1960 3792 2050 3845 illo
2085 3808 2402 3862 properans,
2438 3795 2693 3849 damnum
2743 3802 3100 3866 apostolicum
3159 3805 3263 3859 sibi
3325 3807 3548 3864 obviare

1960 3900 2056 3954 per
2102 3885 2472 3940 internuncios
2507 3887 2821 3956 postulavit.
2867 3890 3143 3948 Johamzes
3194 3906 3376 3952 autem
3421 3915 3551 3970 snp-

1960 3974 2232 4044 plantator
2262 3975 2368 4029 hiis
2397 3977 2957 4049 appropinquantibus
3009 3983 3175 4054 fugit;
3219 3987 3314 4042 sed
3360 3999 3550 4060 postea

1961 4080 1990 4118 a
2043 4065 2294 4120 ﬁdelibus
2324 4065 2529 4121 Christi
2563 4077 2618 4122 et
2647 4069 2851 4125 Cesaris
2892 4081 3104 4140 captus,
3135 4073 3372 4146 linguam
3422 4096 3547 4134 cum

1960 4156 2132 4210 oculis
2157 4172 2220 4210 ac
2270 4158 2492 4212 naribus
2540 4160 2738 4214 amisit.
2787 4161 3132 4220 Crescentins
3160 4185 3289 4225 vero
3319 4171 3549 4228 Leonia-

1965 4266 2091 4304 tnttn
2116 4251 2390 4321 ingressus
2406 4252 3270 4332 clanstruntm,(518)imperatori
3293 4268 3547 4324 resistere

1560 4381 1796 4436 VARUE
1836 4383 2248 4441 LECTIONES.

331 4464 404 4499 ⁶⁰²
438 4465 512 4517 ita
553 4467 630 4519 lc.
686 4469 945 4522 honorate
978 4471 1061 4522 1η.
1142 4469 1210 4502 ⁶⁰³
1250 4472 1420 4526 habeo
1457 4475 1535 4526 la.

256 4676 318 4730 2.
399 4675 473 4746 ⁶¹ν⁸
533 4692 830 4746 paucorum
875 4679 930 4731 2.
971 4675 1126 4734 male.
1227 4681 1298 4711 ⁶¹²
1343 4699 1488 4740 nouo
1526 4686 1584 4739 2.

260 4745 584 4822 ΙιςίιιηῐιὶιιδΣ
698 4749 770 4822 f“
801 4750 978 4822 capita
1019 4751 1075 4804 2.
1177 4752 1248 4782 °”
1290 4757 1526 4822 regionis
1570 4757 1624 4809 2.

257 4816 335 4848 ⁸⁸⁸
377 4825 433 4870 et
463 4832 529 4871 ex
557 4818 610 4871 2.
690 4821 757 4853 ⁸⁸³
787 4819 1066 4875 castellum
1099 4823 1236 4877 Ann.
1272 4816 1554 4889 QuEdIinb.

1615 4475 1683 4506 ‘°"
1711 4479 2078 4533 antecesseris
2103 4482 2151 4533 1.

255 4536 452 4588 desunt
477 4535 592 4602 jam
620 4538 977 4619 qttaterufont's
1021 4538 1151 4619 folia
1172 4543 1428 4619 interiora
1460 4555 1689 4619 quatuor
1715 4549 1829 4619 sive
1869 4551 2076 4619 pagina:
2109 4561 2247 4604 octo.

256 4606 410 4658 Actis
458 4605 776 4659 Sanctorum
823 4609 877 4659 ιι.
920 4609 990 4663 ~23
1023 4605 1221 4679 ’Apn't.
1268 4605 1527 4670 ιιιιοιιιρὲιι
1575 4615 1628 4668 2.
1707 4605 2062 4674 θοεοέιιιῖοίυο
2091 4621 2146 4674 e.
2226 4623 2295 4660 σου

256 4676 318 4746 2.
399 4675 473 4746 “3
533 4692 830 4746 paucorum
875 4679 930 4731 2.
971 4681 1126 4734 male.
1227 4681 1298 4711 ⁶¹²
1343 4699 1488 4740 nouo
1526 4686 1584 4739 2.
1691 4687 1760 4718 ⁶¹³
1818 4691 1908 4744 Sic
1961 4691 2026 4742 Α.
2095 4689 2154 4746 S.
2213 4711 2265 4746 α.

1961 4715 2026 4742 [Ι.
2095 4715 2154 4746 ι).
2213 4715 2265 4746 (ι.

1741 4759 1810 4792 ⁶¹⁶
1841 4760 2104 4815 Hevellitn
2131 4763 2184 4817 2.
2218 4763 2493 4822 licvclduu
2535 4759 2602 4823 Ᾱ.
2632 4769 2691 4825 8-
2720 4787 2771 4825 α·
2803 4771 2926 4826 997-

2263 4481 2329 4512 °”
2363 4484 2553 4558 gela.
2669 4488 2746 4520 ⁸⁸⁸
2788 4488 2892 4542 Hic
2923 4490 3042 4558 [init
3091 4492 3186 4558 fol.
3217 4493 3287 4548 62
3334 4499 3451 4550 cod.
3495 4501 3547 4553 1.

2354 4553 2422 4585 ⁶⁰⁷
2452 4557 2522 4607 ita
2551 4559 2754 4613 correxi
2788 4559 2851 4613 V.
2891 4553 3050 4615 vitam
3077 4553 3139 4617 S.
3181 4564 3453 4621 Adalbcrti
3494 4573 3550 4624 in

2330 4627 2602 4706 preceptis
2646 4630 2702 4706 2.
2779 4631 2849 4706 51°
2877 4631 3005 4706 Post
3047 4635 3104 4702 (ἱ.
3139 4635 3550 4706 e._I-‘ostqnatm

2323 4696 2447 4750 996.
2517 4701 2726 4768 optavit
2803 4702 2858 4754 2.
2917 4703 3006 4755 illi
3055 4696 3225 4769 ‘quod
3299 4696 3556 4779 supplerit

2323 4767 2493 4822 ’cldttn
2535 4769 2602 4823 A.
2632 4769 2691 4825 S.
2720 4787 2771 4825 a.
2803 4771 2926 4826 997.
3033 4772 3099 4803 ⁶¹⁷
3134 4775 3463 4830 bet'danttan
3498 4777 3556 4826 ‘3.

3357 4808 3463 4845 bull
3505 4808 3557 4826 αι.

1797 4920 2030 4980 NOTAE.

338 4996 489 5090 (ἔρῃ
513 4995 667 5090 cont.
695 4998 862 5090 ibid“
882 4987 1112 5090 a.499‘1’i‘.n
1521 4993 1542 5020 ⁸

1885 5016 1935 5075 D

2039 5012 2190 5090 (sta)
2223 5018 2284 5070 v.
2317 5017 2452 5072 ξιιμ.
