4042 5300
502 308 677 369 1259

1465 295 1843 354 ΤΙῙιΕΤΜΑΙὶΙ
1880 252 2510 353 ΜΕῐὶδΕΒῐΠὶά-Εῇδ
2551 290 2859 349 EPISCOPI

2447 187 2496 203 *τ’*

3681 280 3816 338 ιὲθῦ

478 430 501 467 ί
523 428 736 485 Ῑιειιςινει
797 419 1100 493 temptavit.
1154 415 1401 486 Namque
1464 413 1743 484 inperator
1785 412 2121 471 Dominicam
2151 416 2201 474 Α
2225 411 2545 465 devolat-um
2572 404 3069 465 sanctimonialium
3099 412 3348 471 matrem,
3378 416 3611 460 assensu
3641 404 3818 471 ponti-

493 515 995 579 smurrectionem
1032 510 1220 569 Romae
1253 506 1558 573 celebrans,
1588 513 1710 575 post
1751 504 1976 561 festivos
2005 503 2120 559 dies

482 613 901 667 erinstrumenta
932 599 1123 661 bellica
1177 612 1500 670 preparans,
1552 604 1677 666 post
1723 594 1876 650 albas
1903 594 2122 651 domum

488 738 495 743 .
525 696 841 763 Thiederici
863 692 1043 764 (519),
1077 690 1165 746 ubi
1197 689 1285 746 ille
1322 702 1615 759 perversus
1666 685 1918 751 sedebat,
1962 683 2124 740 Ekki-

480 834 483 835 ν
522 788 770 846 martium
808 783 1180 849 marcliionem
1210 781 1531 851 impugnare
1553 778 1736 850 jussit.
1770 776 1873 845 Qui
1897 777 2123 833 eandem

508 882 758 956 tperdius
780 887 837 934 et
864 892 1071 949 pernox
1120 874 1395 955 lucescere
1432 887 1539 929 non
1585 871 1875 936 desistcns,
1908 870 2123 925 tandem

447 982 456 992 ‘
520 988 635 1044 per
672 969 1109 1028 machinamenta
1141 963 1248 1019 alte
1276 969 1586 1019 constructa
1617 960 1884 1027 ascendit,
1914 968 1969 1016 ct
1993 973 2127 1014 eun-

438 1062 447 1090 ’
530 1067 660 1123 dem
705 1060 1033 1119 decollatum
1065 1070 1198 1112 voce
1229 1053 1576 1125 imperatoria
1608 1066 1706 1123 per
1733 1051 1901 1121 pedes
1931 1050 2125 1120 laqueo

528 1154 818 1227 suspendit
867 1149 1069 1224 (520),
1125 1156 1179 1203 et
1225 1146 1477 1202 timorem
1527 1143 1738 1199 cunctis
1784 1141 2128 1211 prcsentibus

530 1242 864 1309 ineffabilem
889 1239 1088 1297 intulit.
1120 1236 1420 1311 Gregorius
1460 1243 1646 1290 autem
1672 1248 1813 1305 papa
1846 1248 1969 1297 cum
2012 1247 2129 1287 ma-

480 1351 647 1410 Δ,λειιο
673 1336 881 1391 honore
911 1328 1278 1387 intronizatnr
1313 1324 1463 1397 (521)
1489 1365 1504 1391 ,
1557 1333 1615 1381 ct
1642 1338 1799 1380 cesar
1824 1322 1943 1379 sine
1976 1322 2123 1377 omni

492 1457 498 1463 ι
516 1424 880 1484 infestationc
898 1420 1177 1488 deinceps
1207 1416 1608 1475 dominabatur.

605 1517 697 1572 S2.
740 1514 966 1583 Videtur
1024 1509 1156 1581 mihi
1231 1508 1516 1580 optimum,
1578 1507 1832 1578 quaedam
1887 1504 2130 1574 ejusdem

532 1605 799 1676 temporis
830 1602 971 1658 facta
1001 1613 1326 1665 memorare,
1359 1612 1479 1667 qua“:
1507 1597 1780 1653 nonnullis
1805 1596 2031 1667 puerilia
2076 1605 2133 1651 et

476 1737 483 1743 ι
530 1695 765 1769 ηιιιιιιιυιιιι
816 1691 1084 1748 mirabilia
1135 1704 1256 1745 esse
1292 1688 1639 1754 videbantur,
1681 1687 1774 1742 sed
1822 1687 1990 1742 hzcca
2019 1683 2132 1747 Deo

2226 498 2344 554 ﬁcis
2393 498 2692 569 constituit,
2744 504 3044 568 sanctoque
3075 495 3373 566 Lantperto
3416 507 3521 565 pro
3569 490 3814 549 remedio

2226 588 2420 645 anima:
2450 604 2561 645 sua:
2585 604 2652 645 ex
2679 589 2889 660 integro
2916 586 3157 644 tradidit.

2294 679 2386 734 25.
2428 677 2598 751 Hujus
2640 692 2766 734 vero
2823 677 3207 749 omnipotentis
3251 676 3347 732 Dei
3414 674 3637 731 famulae
3695 675 3818 748 quia

2228 772 2556 828 mentionem
2604 770 2850 841 iecimus,
2892 770 3036 842 quod
3084 769 3283 826 nostris
3325 770 3671 840 temporibus
3726 783 3821 839 per

2227 879 2348 921 eam
2378 862 2640 919 Dominus
2664 871 2921 933 operatus
2951 870 3053 930 est,
3101 860 3315 917 silentio
3367 876 3475 915 non
3531 858 3823 931 preteribi-

2228 975 2393 1019 mus.‘
2425 958 2820 1029 llospitalitatis
2871 972 2976 1013 non
3033 954 3223 1020 oblita,
3276 962 3441 1010 tanta:
3491 952 3825 1025 dapsilitatis

2230 1048 2374 1104 circa
2399 1061 2601 1119 egenos
2628 1054 2681 1100 et
2708 1044 3023 1117 peregrinos
3044 1043 3246 1109 extitit,
3272 1051 3332 1097 ut
3360 1041 3605 1112 quadam
3648 1040 3739 1095 die
3762 1039 3828 1115 de

2229 1140 2356 1195 vino
2387 1139 2461 1193 nil
2492 1138 2594 1194 sibi
2620 1136 2703 1193 vel
2729 1137 3006 1191 sororibus
3029 1134 3404 1191 beneﬁcentia:
3426 1133 3499 1164 ⁶¹⁶
3520 1132 3828 1187 communi-

2230 1229 2569 1298 cationisquc
2619 1242 2782 1282 causa
2814 1225 3168 1296 prclcrmisit.
3214 1224 3327 1280 lloc
3359 1225 3489 1278 dum
3538 1221 3828 1278 celleraria

2231 1319 2331 1376 sibi
2361 1317 2681 1382 nuntiasset,
2710 1316 2783 1370 ait
2809 1333 2826 1371 :
2858 1314 3009 1386 Equo
3052 1314 3227 1368 animo
3257 1321 3386 1377 esto,
3416 1328 3575 1373 cura,
3627 1320 3678 1365 et
3710 1326 3831 1364 con-

2231 1416 2447 1482 ]ortare.
2513 1409 2609 1463 Dei
2659 1409 2795 1463 enim
2844 1406 3017 1477 gratia
3058 1406 3187 1460 satis
3241 1405 3386 1459 nobis
3434 1411 3634 1473 poterit
3684 1407 3828 1455 dare.

2233 1503 2537 1571 Statimque
2596 1501 2755 1557 solita
2818 1514 2971 1554 more
3021 1508 3149 1553 ante
3199 1512 3417 1553 crucem
3450 1503 3738 1566 prostrata
3778 1494 3830 1547 is

2231 1592 2471 1649 oratorio
2498 1599 2698 1647 sanctae
2724 1589 2905 1645 Maria:
2932 1589 3077 1659 cepit
3098 1602 3278 1654 orare,
3306 1589 3614 1656 vinumque
3635 1585 3692 1639 in
3709 1599 3833 1638 vase

2234 1684 2476 1739 funditus
2489 1682 2662 1753 pridie
2675 1682 2994 1736 exhaustum
3015 1693 3262 1753 crescere
3289 1678 3456 1748 cepit,
3472 1677 3833 1747 quoadusque

532 1764 906 1857 predestinata
956 1783 1011 1837 in
1055 1779 1169 1835 suis
1229 1777 1521 1834 virtutibus
1599 1784 1989 1848 agnoscuntur.
2041 1774 2138 1831 Vir
2169 1769 2212 1830 Β
2243 1772 2581 1846 superfluxit.
2619 1772 2695 1830 De
2724 1789 2962 1845 quonon
2993 1760 3202 1828 tantum
3240 1770 3720 1833 sanctimonialis,
3744 1767 3834 1823 sed

530 1874 710 1935 [elicis
732 1871 1007 1929 memoriae
1057 1884 1239 1926 comes
1280 1867 1525 1939 profecto
1549 1865 1859 1933 Anst‘ridus,
1884 1866 1966 1922 vir
1985 1865 2134 1923 omni

498 1965 757 2034 “inquam
829 1962 1074 2017 bonitate
1136 1960 1497 2030 conspicuus,
1550 1958 1660 2013 alto
1728 1957 2134 2030 progenitorum

518 2053 778 2125 germine
804 2049 979 2122 (5'22),
1012 2049 1140 2104 dum
1194 2049 1373 2103 adhuc
1419 2056 1562 2104 esset
1610 2048 1867 2118 puerulus
1893 2047 1987 2114 ⁶³⁰,
2010 2061 2134 2102 cum

470 2201 474 2205 .
534 2144 687 2203 omni
740 2142 859 2214 lege
914 2141 1188 2205 mundana
1236 2155 1267 2194 a
1315 2147 1511 2210 patruo
1567 2154 1667 2195 suo
1729 2139 2003 2195 llodberlo
2042 2138 2131 2203 ⁸³³,

536 2232 844 2289 Treverica:
874 2231 1111 2287 civitatis
1161 2231 1435 2300 episcopo,
1479 2238 1590 2284 tum
1653 2228 1834 2285 divina
1892 2220 2175 2301 adprime

533 2331 618 2379 est
643 2322 953 2385 institutus;
988 2320 1115 2375 inde
1145 2326 1399 2389 apatrno
1432 2333 1551 2385 suo,
1600 2319 1809 2374 scilicet
1838 2335 1937 2375 suo
1978 2320 2135 2390 equi-

533 2425 691 2477 voco,
718 2410 786 2464 15
815 2409 1169 2464 comitatuum
1201 2407 1422 2474 comite,
1452 2416 1714 2463 strennuo
1754 2408 1974 2464 domino
2002 2408 2138 2463 Bru-

492 2551 501 2554 -
534 2504 688 2571 noni,
715 2502 1128 2573 archiepiscopo
1153 2499 1565 2571 Agrippinensi,
1598 2499 1833 2558 traditur
1863 2501 1931 2533 ⁶²²
1957 2503 2024 2557 ad
2047 2516 2138 2559 res

531 2594 817 2651 militares.
845 2591 939 2648 Sic
969 2592 1126 2646 bonae
1158 2590 1357 2646 indolis
1380 2590 1698 2648 adolescens
1741 2607 1909 2663 penes
1957 2593 2135 2664 ipsum

523 2685 761 2740 «cottidie
781 2681 1120 2755 proﬁciebat,
1144 2682 1319 2738 donec
1344 2682 1504 2753 primi
1525 2678 1738 2738 Ottonis
1762 2684 1943 2755 magni
1966 2685 2137 2755 impe-

535 2775 758 2841 ratoris,
792 2772 1017 2829 Romam
1045 2789 1168 2829 cum
1193 2773 1435 2828 exercitu
1456 2773 1570 2844 jam
1609 2773 1953 2844 acquisituri,
1983 2792 2138 2831 mar.-

496 2866 753 2937 icipatus
797 2872 881 2920 est
936 2863 1186 2920 servitio.
1226 2861 1325 2917 Cui
1382 2861 1437 2916 in
1488 2861 1649 2917 inicio
1677 2862 1883 2919 militiae
1906 2864 2024 2935 ejus
2047 2864 2135 2919 in-

534 2954 734 3022 Iunxit,
789 2962 848 3009 ut
899 2954 1190 3009 tentorium
1243 2967 1423 3018 suum,
1481 2951 1624 3022 quod
1682 2952 1819 3009 adeo
1848 2952 2136 3023 pulchrum

459 3060 466 3067 '
522 3048 840 3114 videbatur,
887 3046 1114 3103 cottidie
1148 3053 1376 3116 poneret
1409 3060 1440 3101 e
1471 3045 1693 3116 regione
1721 3054 1912 3102 contra
1967 3046 2138 3118 impe-

2236 1875 2291 1921 el
2336 1880 2496 1935 quam
2551 1863 2732 1934 plures
2775 1863 2863 1917 diu
2913 1863 2981 1917 ad
3040 1860 3254 1916 laudem
3307 1858 3526 1914 Domini
3578 1857 3832 1913 biberunt

2237 1959 2731 2016 circummanentcs
2781 1957 2862 2013 vel
2909 1956 3283 2013 adventantes.
3334 1955 3555 2010 interea
3609 1953 3834 2022 contigit

2236 2058 2296 2104 ut
2346 2049 2563 2104 domina
2617 2047 2880 2104 llereswit
2927 2046 2996 2078 ⁶²⁷
3045 2047 3345 2109 comitissa,
3402 2046 3582 2116 ipsius
3630 2044 3835 2100 scilicet

2236 2140 2430 2211 eoujux
2456 2143 2773 2209 reverenda,
2799 2141 2852 2196 in
2886 2151 3039 2198 curtc
3082 2157 3200 2207 sua,
3254 2141 3346 2211 qui
3395 2140 3607 2195 dicitur
3643 2139 3836 2203 Gilisa,

2235 2233 2379 2305 cepit
2416 2242 2683 2305 egrotare,
2721 2249 2842 2304 qua:
2889 2232 3074 2288 statim
3134 2232 3281 2288 velut
3356 2233 3557 2287 mortis
3607 2246 3835 2302 presaga

2238 2325 2433 2381 futura:
2480 2324 2761 2380 festinavit
2785 2324 2863 2379 ire
2889 2323 2955 2378 ad
2980 2322 3179 2379 Torna.
3214 2322 3331 2391 Quo
3359 2323 3490 2378 dum
3534 2338 3642 2392 pre
3670 2322 3837 2376 nimio

2238 2414 2422 2471 dolore
2444 2413 2691 2485 nequiret
2717 2413 3021 2484 pervenire,
3044 2412 3096 2467 in
3119 2412 3279 2468 domo
3302 2412 3590 2483 cujusdam
3617 2410 3839 2479 majoris

2239 2494 2499 2563 remansit
2546 2505 2598 2559 in
2648 2505 2862 2560 itinere.
2912 2502 3035 2571 Qui,
3074 2503 3212 2559 sicut
3243 2503 3355 2573 ipse
3411 2504 3579 2558 nobis
3632 2503 3834 2560 retulit.

2241 2597 2421 2652 nimia:
2469 2596 2768 2652 ferocitatis
2814 2610 2978 2651 canes
3018 2593 3229 2662 habuit,
3284 2608 3521 2663 quorum
3574 2593 3836 2648 latratum

2239 2685 2353 2755 ipsa
2396 2686 2607 2740 inﬁrma
2667 2686 2904 2757 graviter
2957 2684 3233 2740 sustinuit.
3267 2683 3474 2755 "ospes
3514 2692 3578 2739 ut
3607 2685 3832 2749 audivit,

2238 2775 2435 2831 festiue
2477 2784 2730 2845 precatus
2774 2775 2842 2831 ab
2906 2774 3044 2845 ipsa,
3095 2775 3195 2829 hos
3251 2773 3619 2830 libentissime
3667 2773 3835 2829 voluit

2239 2881 2455 2935 capere,
2481 2865 2566 2923 vel
2590 2866 2658 2923 ad
2683 2865 2951 2932 ultimum,
2980 2867 3024 2920 si
3054 2864 3339 2935 potuisset,
3361 2866 3538 2920 eciam
3558 2866 3832 2922 occidere.

2240 2954 2445 3012 Horum
2473 2958 2600 3013 dum
2656 2968 2907 3013 neutrum
2945 2958 3228 3028 potuisset,
3261 2956 3595 3035 mirabiliter.
3640 2959 3835 3014 accidit

2238 3057 2300 3104 ut
2330 3049 2508 3105 nullus
2529 3065 2716 3106 eorum
2745 3059 2934 3119 postea
2962 3048 3134 3117 quivit
3163 3046 3388 3113 latrare,
3419 3048 3600 3105 donec
3646 3061 3834 3105 saneta

454 3143 461 3149 '
543 3135 672 3191 riale
698 3126 983 3206 et'spatam
1035 3150 1188 3192 suam
1225 3136 1471 3201 duceret,
1504 3135 1641 3190 utin
1665 3135 1767 3191 hoc
1786 3137 2064 3206 probaret,
2089 3137 2135 3193 si
2164 3129 2209 3191 C
2242 3141 2336 3196 Dei
2388 3138 2581 3196 ancilla
2607 3139 2934 3195 obdormivit
2987 3139 3041 3194 in
3084 3154 3237 3210 pace.
3266 3138 3440 3206 Quam
3462 3155 3631 3196 secus
3652 3153 3834 3196 mona-

456 3223 463 3239 ‘
520 3228 795 3298 palatinis
816 3242 875 3283 se
900 3228 1117 3299 agiliter
1140 3226 1399 3282 initiaret.
1420 3224 1537 3281 lloc
1564 3227 1684 3281 ideo
1712 3236 1821 3280 tam
1861 3235 2139 3298 gratanter

542 3320 803 3389 suscepit,
855 3318 978 3388 quia
1004 3318 1270 3402 .psalmos
1306 3319 1439 3397 poris
1484 3318 1603 3389 ejus
1657 3319 2000 3376 dulcissimos
2043 3320 2135 3388 θη,

542 3417 690 3468 nunc
724 3426 824 3483 per
849 3411 1003 3467 devia
1033 3426 1267 3482 sequens
1289 3411 1360 3443 ⁸³⁵
1387 3412 1542 3482 quasi
1566 3411 1944 3487 delectationis
1971 3429 2136 3470 causa

458 3498 461 3502 ’
538 3503 772 3562 aviculis
801 3503 1129 3570 insidiando,
1174 3505 1292 3561 sine
1332 3503 1671 3560 detractione
1694 3505 1763 3539 ⁶²⁵
1788 3505 2139 3577 frequentare

458 3600 463 3603 ’
539 3597 804 3655 occultius
871 3595 1067 3669 potuit.
1134 3595 1363 3651 Romam
1434 3611 1565 3651 sane
1642 3596 1885 3666 prcdicto
1949 3610 2137 3652 cesare

456 3706 457 3711 π
541 3687 902 3762 ingrediente,
927 3702 1031 3743 non
1054 3686 1337 3742 minimum
1386 3687 1623 3742 conlisus
1651 3687 1705 3742 in
1754 3685 1974 3756 juvene,
2006 3686 2139 3742 fecit

450 3778 456 3785 ’
536 3796 665 3836 cum
699 3780 1056 3851 spatal'crium
1085 3794 1266 3846 suum,
1316 3779 1509 3841 dicens
1548 3798 1560 3832 :
1596 3779 1733 3834 Dum
1765 3797 1858 3849 ego
1886 3780 2039 3834 nodie
2065 3780 2135 3834 ad

508 3919 510 3921 .
536 3889 691 3927 saera
738 3870 922 3925 limina
952 3872 1312 3941 apostolorum
1335 3870 1610 3941 perorabo,
1642 3882 1696 3924 tu
1725 3870 1962 3941 gladium
2010 3887 2137 3926 con-

472 3980 490 3995 α’
535 3963 683 4017 tinue
713 3977 869 4032 super
891 3970 1046 4014 canui
1075 3976 1247 4014 meum
1278 3970 1469 4015 teneto.
1486 3958 1627 4014 Nam
1656 3961 1814 4032 ﬁdem
1839 3959 2134 4016 Romanam

537 4055 952 4111 antecessoribus
1009 4054 1202 4108 nostris
1255 4054 1431 4123 sepius
1466 4064 1761 4125 suspectam
1796 4040 2132 4124 non‘ignoro.‘

538 4140 803 4215 Sapientis
829 4146 964 4199 enim
986 4156 1082 4211 est,
1100 4144 1318 4198 adversa
1339 4159 1557 4215 quaeque
1579 4142 1730 4214 longe
1758 4145 1933 4196 adhuc
1961 4144 2132 4213 posita

450 4235 457 4242 ’
524 4234 820 4303 ιεορίιαηάο
841 4249 1164 4303 prenoscere,
1196 4249 1260 4288 ne
1288 4232 1423 4303 forte
1457 4232 1739 4301 improvisa
1781 4231 1986 4287 valeant
2041 4248 2134 4286 su-

524 4340 744 4395 .perare.
768 4324 967 4381 Deinde
990 4326 1254 4381 redeundo
1284 4325 1353 4379 ad
1381 4334 1609 4379 montem
1634 4323 1850 4389 Gaudii,
1874 4336 2129 4396 quantum

516 4413 788 4482 malueris,
821 4424 989 4471 orato.
1025 4416 1154 4471 Inde
1206 4431 1335 4470 vero
1391 4430 1663 4482 reversus,
1708 4416 1978 4470 abbatiam
2008 4432 2130 4486 qua:

2239 3231 2465 3286 sterium
2491 3230 2797 3286 communis
2827 3229 2897 3262 "3
2929 3230 3131 3286 laboris
3175 3245 3359 3286 comes
3388 3240 3600 3286 sanctze
3630 3230 3833 3300 simpli-

2238 3323 2423 3379 citatis
2470 3322 2523 3377 in
2577 3322 2877 3380 secretario
2931 3322 3199 3392 sepelivit.
3275 3322 3449 3393 Hujus
3525 3320 3830 3377 camerari:

2239 3412 2421 3469 multis
2450 3413 2608 3469 annis
2632 3413 2733 3468 fuit
2757 3414 3039 3486 ydropica.
3062 3410 3198 3470 Huic
3223 3413 3393 3469 visum
3417 3424 3503 3468 est
3551 3416 3607 3468 in
3654 3414 3829 3485 vigilia

2237 3503 2434 3559 natalis
2466 3505 2701 3571 Domini,
2754 3505 2896 3575 quod
2943 3505 3011 3560 ad
3059 3504 3408 3576 sepulchrqu
3454 3505 3698 3560 domina:
3726 3519 3831 3559 sua:

2237 3596 2488 3651 candelas
2515 3596 2765 3668 .deberet
2811 3596 3035 3664 alTerre;
3090 3597 3236 3667 quod
3265 3606 3320 3652 et
3350 3596 3502 3653 fecit.
3551 3598 3677 3652 Mox
3708 3598 3826 3651 dum

2237 3685 2519 3740 matutinae
2562 3685 2752 3741 laudes
2800 3687 3233 3750 celebrarentur,
3269 3687 3461 3752 exivit,
3503 3688 3825 3744 solutionem

2236 3772 2446 3840 habuit,
2476 3789 2606 3829 sana
2636 3791 2818 3831 coram
2848 3776 2995 3830 omni
3016 3776 3213 3847 populo
3245 3776 3428 3831 rediit.

2303 3864 2394 3920 24.
2435 3865 2566 3921 Post
2616 3867 2915 3922 discessum
2965 3879 3146 3923 autem
3200 3868 3435 3924 domina:
3490 3869 3669 3941 ipsius
3705 3869 3822 3926 felix

2233 3971 2437 4024 comes,
2463 3972 2568 4012 non
2596 3958 2663 4013 dc
2691 3959 2889 4014 terreni
2937 3960 3119 4030 Operis
3157 3975 3287 4015 casu
3335 3960 3691 4032 desperatus,
3737 3961 3823 4017 sed

2235 4049 2289 4105 in
2316 4049 2532 4104 virtutis
2562 4050 2746 4105 volatu
2773 4065 2839 4106 eo
2870 4050 2986 4120 ipso
3041 4050 3375 4118 sublevatus,
3423 4063 3611 4108 mente
3652 4054 3825 4117 dispo-

2231 4145 2361 4212 suit,
2382 4152 2443 4197 nt
2465 4143 2899 4200 monasterialcm
2930 4144 3094 4198 vitam
3125 4144 3358 4213 subiret,
3387 4145 3571 4202 sicubi
3604 4144 3822 4218 majoris

2230 4234 2560 4290 obedienciae
2591 4234 2830 4305 regulam
2865 4234 3146 4290 inveniret.
3167 4232 3322 4301 Quod
3353 4237 3483 4291 dum
3514 4238 3573 4291 in
3603 4237 3822 4293 exordio

2230 4340 2328 4396 per
2367 4324 2723 4379 intentionem
2771 4325 2969 4396 agitur,
3007 4340 3037 4379 a
3072 4326 3240 4381 tercio
3262 4325 3468 4382 Ottone
3498 4328 3821 4399 imperatore

2230 4416 2297 4472 ad
2321 4416 2691 4485 episcopatum
2726 4416 3128 4487 Trajectenscm
3157 4432 3253 4486 per
3281 4417 3617 4490 Notgerum,
3646 4418 3825 4475 Lcodii

539 4503 742 4561 dicitur
763 4505 938 4560 Torna
966 4505 1113 4577 (5‘23)
1141 4507 1205 4562 de
1228 4505 1532 4560 hereditate
1552 4508 1771 4577 prepria
1797 4508 2123 4575 construxit,
2156 4488 2208 4545 Β
2228 4507 2559 4576 pontiﬁcem,
2576 4520 2785 4562 summa
2803 4507 3127 4562 necessitate
3153 4515 3381 4562 vocatur
3402 4488 3521 4581 tan.
3536 4510 3687 4578 995).
3703 4509 3829 4562 [llud

539 4584 598 4656 in
650 4612 757 4670 qua
803 4597 966 4653 tiliam
1020 4613 1175 4654 suam
1220 4598 1574 4666 abbatissam,
1602 4600 1958 4669 plurimarum
2015 4601 2126 4656 Deo

2231 4597 2474 4669 profecto
2504 4598 2632 4652 dum
2681 4599 2902 4665 audivit,
2942 4599 3201 4669 capellam
3229 4600 3557 4669 Aquensem
3599 4601 3828 4663 introiit,

1859 4692 2095 4749 VARUS
2132 4690 2424 4747 LECTION
2435 4690 2538 4747 ES.

610 4787 681 4821 “°
704 4786 830 4843 dum
851 4785 1026 4857 adhuc
1043 4791 1188 4840 esset
1209 4799 1260 4838 a.
1290 4800 1341 4855 η.
1369 4800 1421 4854 g.
1449 4784 1779 4857 puerulnsu.
1806 4785 1897 4857 77‘“
1927 4794 2173 4857 rntperto
2185 4783 2242 4857 2.
2292 4782 2384 4857 _”'
2402 4785 2720 4857 tradetur-2.
2779 4786 2848 4819 ⁸³³
2872 4794 3091 4857 caneret
3113 4795 3358 4857 supplere
3386 4788 3553 4840 voluit
3583 4786 3830 4840 ιῑηὶιιη.

536 4857 613 4928 ⁴Ῐδ
632 4871 865 4928 sequens
908 4853 1129 4928 Qrsinus
1164 4853 1392 4911 restituit
1410 4853 1474 4909 ea}
1499 4856 1562 4928 Α.
1595 4854 1655 4928 S.

529 4926 598 4983 δ.
629 4925 906 4983 beresuiut
931 4925 987 4981 2.
1060 4926 1133 4960 ⁸²⁸
1161 4929 1243 4982 sui
1274 4926 1581 4982 communis
1613 4926 1677 4979 A.
1710 4928 1772 4979 δ.
1806 4941 1858 4979 a.
1888 4926 2015 4981 995.

1753 4855 1824 4887 ⁸⁸⁸
1846 4857 1923 4909 sit:
1948 4852 2108 4910 Αςδ.
2140 4855 2177 4909 ι.
2209 4854 2247 4907 ι.
2274 4852 2566 4909 delritione
2612 4855 2665 4910 2.

2760 4857 2831 4888 ⁸⁸⁸
2867 4855 3240 4912 beneficientie
3259 4856 3317 4909 2.
3397 4856 3469 4888 ⁸⁸⁷
3492 4856 3711 4911 Hersuit
3751 4858 3826 4908 Δ.

2046 5014 2279 5073 NOTAE.

610 5108 1127 5208 ίὲιίθὶλῗὲξξίῗῗῖέηῖα
1152 5109 1577 5208 έαρτῗίῦἦίλῗίαηί
1593 5108 1968 5208 Ῐωέθνέῖἷῗῖίῗῖ
2005 5125 2125 5208 θιυζθ

576 5189 588 5198 ⁵
617 5177 922 5219 "mu—“'0'”;
953 5181 1163 5220 turma";
1197 5180 1293 5220 fuit
1322 5180 1521 5220 {nhs-ira
1588 5177 1708 5220 nativa
1748 5182 1860 5220 gina
1888 5177 2124 5232 ulla-[(3.

1299 5269 1327 5276 --
1342 5269 1410 5286 ἠ’
1453 5269 1785 5300 unuutsmms
1823 5248 2127 5300 machinam

2292 5103 2444 5178 (521)
2481 5105 2752 5178 ,[ρΙιαηηεε
2779 5130 2851 5143 —-
2874 5100 3263 5156 intltronizatur
3300 5116 3374 5156 ex
3437 5101 3586 5156 Ann.
3651 5099 3833 5168 Ωιιρά-

2221 5175 2378 5229 lium“
2408 5174 2460 5220 si-
2490 5174 2617 5220 998-

2298 5269 2450 5300 lin-2|
2492 5269 2637 5300 ratrt
2661 5269 2900 5298 AIIMI'IUI
2930 5269 3120 5296 uumcu
3150 5269 3272 5295 cras
3292 5269 3648 5300 mutauerit”.
3676 5269 3730 5293 ιιι
3749 5269 3829 5291 δ.
