4042 5300
272 240 399 305 ιπι

1504 238 1920 299 CllRONlCON.
1957 271 2025 281 ——
2065 241 2170 296 LIB
2234 241 2320 298 IV.

3408 243 3546 300 1‘263

265 370 322 420 et
351 360 535 418 mundi
560 358 834 416 dominam
862 355 1108 412 exoravit
1136 362 1215 421 ut,
1241 354 1285 411 si
1307 363 1449 410 esset
1473 369 1501 406 a
1527 353 1659 420 Deo,
1690 369 1853 410 eano-
1880 364 1924 420 Α
1958 356 2086 409 tissa
2110 369 2167 410 se
2193 355 2243 409 in
2278 355 2454 410 medio
2483 369 2670 410 eorum
2713 364 3030 426 prostravit,
3063 364 3118 411 et
3167 355 3302 410 adeo
3358 373 3545 426 pacem

265 457 386 514 nice
425 453 790 527 perﬁceretur,
821 450 869 506 si
914 465 1042 514 non,
1076 448 1501 504 misericorditer
1541 447 1850 502 annullare-

267 559 375 607 tur.
411 547 519 604 Sed
570 555 856 619 postquam
901 543 1227 615 Evergerus,
1274 543 1613 599 Coloniensis
1673 542 1854 598 archi-

265 642 570 713 episcopus,
597 638 1060 709 sull'raganeorum
1085 651 1351 691 consensu
1381 635 1688 706 imperatori
1718 635 1853 690 sibi-

265 752 370 808 que
400 737 455 792 in
477 736 546 768 ⁶²⁹
569 736 806 791 medium
832 729 1122 795 consuluit,
1155 729 1314 787 vellet
1359 731 1522 786 nollet
1553 731 1619 785 ad
1648 730 1857 800 episco-

266 843 394 898 pum
436 826 770 882 acclamatur
813 823 983 894 (524).
1029 823 1146 880 Νοιι
1195 823 1366 879 multo
1410 822 1548 892 'post
1615 819 1856 890 quinque

268 930 448 974 curtes
495 917 562 974 de
606 933 703 973 sua
754 917 1086 986 proprietate
1130 914 1289 969 beato
1340 911 1571 966 Mtll'llllo
1610 909 1852 975 tradidit,

268 1009 409 1065 fideli
440 1010 656 1080 inquam
682 1007 986 1076 fideiussori
1019 1007 1234 1061 talionis
1262 1021 1470 1061 earnm.
1495 1004 1552 1058 lu
1578 1013 1856 1059 senectute

267 1115 396 1172 ergo
429 1115 551 1164 sua,
590 1099 950 1170 caligantibus
998 1096 1110 1166 jam
1140 1095 1312 1150 oculis
1351 1095 1541 1166 ipsius,
1576 1093 1750 1148 factus
1775 1102 1857 1147 est

267 1192 589 1246 monachus.
617 1187 968 1260 Septuaginta
999 1188 1130 1242 duos
1155 1201 1418 1256 pauperes
1449 1184 1666 1255 propria
1696 1198 1856 1236 manu

268 1283 488 1338 cottidie
512 1283 676 1354 pavit.
709 1281 924 1336 lllorutn
954 1281 1150 1351 quippe
1181 1279 1590 1343 iulirmiorilms,
1617 1292 1860 1332 camera-

266 1377 348 1432 rio
371 1376 718 1446 preeedente,
748 1389 910 1430 cecus
958 1375 1072 1444 ipse
1103 1375 1170 1430 ab
1203 1374 1309 1427 imo
1338 1372 1493 1426 vallis
1527 1373 1592 1425 ad
1645 1386 1857 1426 summa

267 1468 469 1523 montis
534 1466 786 1521 balneum
839 1476 1062 1536 portans
1117 1467 1430 1536 preparavit
1473 1464 1524 1518 in
1572 1474 1746 1528 nocte,
1805 1471 1860 1518 et

267 1557 561 1613 mutatoria
617 1565 908 1626 ceteraque
955 1557 1263 1611 necessaria
1321 1555 1568 1626 corporis
1619 1554 1856 1624 prebuit,

260 1648 459 1716 iubens
487 1662 581 1703 eos
605 1649 656 1702 in
686 1662 820 1718 pace
845 1649 1122 1711 recedere,
1173 1657 1229 1700 ut
1268 1647 1345 1702 sic
1375 1663 1469 1701 sua
1499 1663 1660 1716 opera
1689 1646 1860 1700 obnu-

1955 443 2097 498 iuter
2123 444 2239 499 illos
2273 444 2353 499 vel
2387 445 2452 498 ad
2487 455 2818 500 momentum
2840 437 3071 518 rogavit.
3096 445 3307 501 lnterca
3331 447 3548 502 videba-

1957 543 2042 587 tur
2069 528 2348 601 militibus,
2373 536 2516 605 qund
2541 550 2607 590 ex
2635 536 2722 590 illa
2752 546 2926 606 parte,
2952 553 3054 608 qua
3079 538 3305 592 fratrum
3331 538 3549 602 fuerant

1955 624 2195 688 cilicium,
2226 627 2293 680 ab
2325 642 2464 695 aqua
2490 626 2617 680 Ema
2651 628 2924 682 nominata
2955 627 3021 681 ad
3063 628 3263 684 montis
3309 629 3549 699 superci-

1955 717 2086 772 lium
2133 719 2303 787 ipsius
2349 721 2628 776 traherent
2673 719 2738 752 ⁶³¹
2789 722 3152 794 sarcofagum.
3212 723 3366 789 Quod
3419 723 3574 777 dum"

1956 809 2281 874 niterentur,
2327 824 2524 879 corpus
2568 825 2597 864 a
2639 810 3081 880 Trajectensibus
3121 811 3446 877 sustollitur,
3496 821 3552 866 ct

1956 900 2251 968 levissime,
2316 903 2458 958 sicut
2513 903 2611 973 ipsi
2652 902 2842 973 jurant
2894 904 3108 970 adhuc,
3151 903 3294 959 ultra
3352 919 3549 974 aquam

1956 995 2194 1050 ducitur.
2242 994 2332 1050 Sic
2380 1004 2512 1049 nutu
2560 996 2772 1051 Domini
2819 997 3014 1052 fortior
3056 1013 3185 1067 pars
3239 996 3422 1053 delusa
3465 1005 3552 1053 est

1957 1087 2210 1141 militum.
2232 1087 2357 1143 Post
2383 1087 2792 1144 translationem
2815 1089 3060 1159 corporis
3074 1089 3216 1144 sacri
3241 1089 3551 1158 fragraucia

1961 1181 2082 1234 tniri
2113 1183 2294 1235 odoris
2317 1191 2567 1251 percepta
2597 1192 2676 1236 est
2707 1182 2758 1236 in
2787 1182 2894 1246 via,
2920 1199 3038 1251 qua:
3066 1182 3204 1237 ultra
3232 1183 3332 1237 tria
3371 1169 3544 1238 milia-

1960 1273 2039 1326 ria
2075 1273 2544 1328 veracissimorum
2577 1274 2879 1341 hominum,
2925 1275 3067 1330 sicut
3117 1275 3218 1346 ipsi
3262 1283 3549 1344 testantur,

1960 1383 2122 1422 nares
2152 1368 2389 1436 perfudit
2411 1379 2466 1423 et
2491 1378 2731 1439 pectora.

2028 1457 2120 1513 25.
2159 1459 2494 1515 llevocemus
2526 1461 2593 1515 ad
2626 1462 2976 1528 memoriam,
3002 1465 3144 1533 quod
3174 1463 3554 1520 miserabiliter

1959 1547 2190 1605 Gisilero
2232 1550 2612 1622 archipresuli]
2647 1553 2704 1621 (f.
2737 1554 2827 1624 65)
2879 1553 3091 1608 incuria
3117 1553 3183 1585 ⁸³³
3214 1556 3295 1608 sui
3327 1555 3555 1625 contigit

1961 1643 2240 1696 damnum.
2272 1641 2574 1712 Imperator
2599 1645 2669 1700 ob
2715 1644 3084 1701 defensionem
3131 1646 3321 1716 patriae
3348 1645 3555 1700 l'larna-

268 1739 439 1794 bilare
462 1738 687 1794 valeret.
713 1739 767 1792 In
795 1739 984 1794 eodem
1014 1748 1198 1792 monte
1218 1739 1607 1793 monachorum
1633 1753 1858 1809 congre-
1888 1753 1933 1812 Β
1964 1736 2097 1806 burg
2148 1735 2420 1790 civitatem
2466 1753 2630 1806 opere
2683 1740 2932 1794 muniens
2993 1742 3322 1804 necessario,
3365 1755 3484 1795 eam
3521 1741 3556 1794 4

267 1828 544 1898 gationem
568 1829 839 1883 ordinavit
863 1828 1036 1899 (59.5),
1061 1845 1091 1882 a
1122 1844 1350 1900 quorum
1376 1829 1650 1897 prioribus
1681 1830 1860 1899 scopis

268 1930 354 1974 cst
383 1920 564 1988 sepius
593 1921 913 1992 castigatus,
944 1921 1069 1975 dttm
1100 1921 1326 1975 auderet
1375 1920 1630 1975 resistere
1673 1935 1859 1974 eorum

267 2011 628 2081 jussionibus.
654 2011 922 2082 Quicquid
955 2013 1020 2067 ad
1051 2012 1296 2067 ultimum
1347 2013 1632 2083 acquirere
1666 2013 1858 2083 potuit,

268 2116 570 2171 pauperum
599 2103 847 2158 manibus
876 2104 1085 2159 tribttit.
1122 2103 1362 2158 Avieulis
1390 2105 1552 2160 etiam
1599 2105 1652 2158 in
1687 2104 1863 2158 hieme

260 2193 578 2263 manipulos
609 2211 773 2266 super
797 2196 1020 2252 arbores
1074 2196 1140 2250 ad
1183 2196 1616 2251 manducandum
1667 2196 1864 2250 intuitu

271 2285 496 2354 pietatis
527 2286 580 2340 in
636 2297 818 2342 monte
841 2301 940 2341 suo
967 2302 1169 2356 ponere
1200 2287 1268 2318 ⁶³⁰
1296 2287 1444 2342 fecit.
1474 2287 1586 2342 Sub
1617 2287 1864 2342 elamidis

271 2379 546 2434 absconso
594 2381 849 2435 continue
879 2381 1212 2436 vestiebatur
1239 2381 1438 2437 cilicio.
1467 2382 1512 2436 A
1543 2382 1706 2436 natali
1762 2382 1867 2436 Do—

274 2469 604 2540 miniusque
634 2472 699 2526 ad
750 2482 955 2528 sanctae
999 2473 1178 2529 crucis
1231 2475 1596 2530 inventionem
1630 2475 1867 2530 infirma-

273 2563 465 2628 batur,
497 2579 604 2633 quo
654 2566 916 2635 temporis
964 2567 1140 2636 spatio
1203 2567 1347 2622 ultra
1399 2577 1507 2622 tres
1547 2583 1716 2638 panes
1762 2583 1867 2622 non

278 2655 640 2710 manducavit
684 2655 1292 2729 Appropinquantejam
1321 2660 1503 2714 carnis
1532 2661 1648 2730 ejus
1689 2661 1867 2715 disso-

276 2746 511 2812 lutione,
545 2763 760 2804 crucem
793 2749 846 2803 in
899 2748 1159 2816 fenestra,
1189 2766 1309 2820 quae
1334 2750 1404 2804 ibi
1438 2761 1558 2820 post
1588 2750 1870 2821 eal'gatio-

276 2857 409 2895 nem
433 2842 714 2896 oculorum
741 2842 859 2912 ejus
891 2843 1030 2898 facta
1059 2842 1184 2905 fuit.
1214 2844 1352 2898 vidit
1383 2853 1438 2898 et
1467 2844 1872 2899 circumstanti-

275 2935 384 2988 bus
412 2949 471 2989 se
493 2933 676 2989 videre
699 2935 1091 3000 manifestavit,
1119 2934 1345 2990 laudans
1370 2936 1536 2990 Deum
1562 2945 1616 2990 et
1642 2935 1827 2990 dicens
1854 2951 1868 2989 :

272 3023 349 3078 1η
383 3025 608 3080 circuitu
652 3035 762 3092 tuo,
814 3025 1058 3092 Domine,
1085 3026 1261 3080 lumen
1293 3037 1386 3089 est,
1410 3029 1550 3098 quod
1589 3043 1870 3097 numquam

1962 1829 2292 1883 ebdomadas
2323 1829 2387 1882 ad
2432 1831 2687 1884 tuendum
2734 1830 2861 1886 huic
2912 1833 3201 1888 commisit.
3235 1833 3335 1901 Qui
3365 1834 3558 1891 fraude

1963 1920 2144 1990 ignota
2199 1921 2264 1974 ad
2309 1921 2564 1992 placitqu
2617 1939 2646 1977 a
2704 1922 2912 1980 Sclavis
2942 1936 3186 1992 vocatus,
3235 1942 3358 1982 cum
3388 1943 3558 1998 parva

1965 2013 2312 2070 multitudine
2365 2016 2515 2070 exiit.
2574 2016 2679 2070 Alii
2758 2033 2992 2088 namque
3048 2030 3450 2091 processerunt,
3503 2033 3559 2076 et

1963 2105 2229 2174 quosdam
2263 2105 2316 2159 in
2339 2106 2473 2160 urbe
2502 2107 2742 2176 reliquit.
2769 2107 2910 2164 Ecce
2939 2118 3122 2164 autem
3145 2126 3286 2166 unus
3313 2127 3342 2166 e
3365 2093 3560 2168 conso-

1966 2197 2067 2251 ciis
2089 2194 2328 2264 ejusdem
2353 2214 2382 2251 a
2410 2197 2543 2252 silva
2576 2212 2864 2266 erumpere
2904 2201 3086 2256 hostes
3131 2203 3386 2272 prodidit.
3418 2205 3560 2260 Con-

1966 2287 2335 2358 gredientibus
2379 2303 2508 2343 vero
2557 2297 2684 2343 tunc
2711 2305 2778 2344 ex
2809 2299 3040 2362 utraque
3086 2301 3241 2361 parte
3270 2294 3559 2360 militibus,

1969 2379 2372 2446 archiant‘istes,
2426 2380 2518 2450 qui
2573 2396 2736 2437 curru
2786 2383 2953 2446 venit.
3025 2399 3168 2456 equo
3225 2387 3363 2458 fugit
3416 2387 3562 2444 alato

1970 2468 2176 2539 (0vm.,
2207 2468 2357 2524 Fast.
2389 2487 2470 2536 ιιι,
2505 2471 2654 2542 416),
2687 2489 2750 2527 ex
2792 2474 2904 2528 suis
2932 2485 3161 2530 mortem
3207 2477 3562 2535 evadentibus

1971 2561 2175 2628 paucis.
2213 2559 2391 2615 Sclavi
2422 2563 2659 2616 victores
2687 2564 2852 2633 preda
2886 2563 3297 2621 interfectorum
3323 2567 3356 2621 6
3377 2567 3561 2625 Nonas

1970 2653 2098 2708 Julii
2128 2651 2197 2685 ⁸³³
2227 2653 2345 2710 sine
2393 2656 2637 2725 periculo
2674 2659 2961 2727 pociuntur
3010 2660 3181 2732 (526).
3205 2671 3261 2718 et
3288 2664 3562 2738 archiepi-

1972 2762 2194 2816 scopmu
2227 2747 2305 2802 sic
2330 2747 2562 2802 elabisse
2587 2751 3332 2819 conque-runtur.Custodivit
3357 2763 3562 2822 tamen,

1974 2841 2224 2907 quamvis
2253 2839 2332 2893 sic
2374 2838 2675 2910 lugubriter
2704 2841 3005 2908 mutilatus,
3037 2844 3224 2900 urbem
3264 2846 3334 2901 ad
3360 2846 3564 2904 dictum

1975 2931 2117 2984 diem
2144 2929 2426 2993 Gisilerus,
2478 2933 2760 3004 triszisque
2807 2952 3080 3004 reversus,
3129 2939 3344 2996 obviam
3376 2941 3566 2999 habuit

1975 3031 2228 3110 patruum
2290 3025 2507 3078 meimet
2568 3028 2937 3084 marchionem
2991 3031 3366 3099 Liutharium,
3413 3021 3567 3106 cujus

275 3117 509 3185 deﬁciet.
570 3117 809 3173 Tandem
863 3118 1197 3174 sacrosancti
1275 3120 1456 3174 viatici
1524 3119 1870 3188 perceptione
1899 3102 1941 3163 C
1975 3102 2161 3166 curam
2193 3115 2385 3169 civitas
2416 3115 2658 3183 prodicta
2695 3126 2820 3173 tunc
2842 3121 3196 3190 respiciebat:
3228 3102 3570 3197 lirtniterque

276 3210 550 3275 munitus,
581 3209 772 3266 doctus
809 3220 918 3264 tota
952 3211 1331 3280 expectatione
1354 3211 1592 3282 judicent
1623 3210 1870 3282 diligere,

277 3311 476 3369 atque,
502 3309 558 3354 ut
587 3301 659 3356 ita
692 3302 954 3368 dixerim,
1003 3303 1241 3356 timendo
1293 3302 1704 3372 prcsencialiter
1750 3316 1876 3355 ren-

275 3394 408 3448 nuit
439 3393 630 3449 titnere
674 3395 1085 3464 perpetualitcr.
1144 3394 1368 3448 Multum
1415 3394 1467 3449 in
1517 3403 1720 3448 saneta:
1779 3393 1873 3448 Dei

276 3485 568 3556 genitricis
599 3488 1013 3553 intercessione,
1041 3487 1126 3542 cui
1158 3502 1216 3542 se
1244 3502 1447 3557 suaque
1477 3487 1722 3550 dederat,
1748 3501 1877 3540 con-

276 3577 438 3643 lisus,
467 3581 669 3635 tamdiu
707 3580 986 3650 signaculo
1033 3590 1235 3636 sancta:
1265 3583 1442 3635 crucis
1473 3595 1593 3636 sese
1622 3582 1872 3650 signavit,

275 3670 637 3742 quoadusque
689 3671 1036 3727 obdormiens
1102 3670 1156 3724 in
1207 3686 1341 3740 pace
1397 3687 1560 3726 manu
1606 3671 1769 3725 simul
1824 3682 1879 3725 et

277 3773 472 3820 mente
497 3765 718 3834 quievit.
742 3765 872 3833 Post
896 3764 1050 3835 cujus
1079 3765 1288 3819 obitum
1315 3763 1689 3833 Trajectenses
1719 3763 1877 3819 nudis

278 3857 520 3930 petimus
541 3866 594 3912 et
615 3857 836 3914 armatis
865 3857 1406 3919 manibusmnerunt,
1435 3856 1878 3921 llentes,orantcs

279 3959 344 4002 cl.
377 3949 690 4005 domesticis
733 3949 973 4008 dicentes
1016 3966 1031 4006 :
1091 3947 1194 4002 Pro
1220 3947 1313 4000 Dei
1352 3947 1560 4001 nomine
1580 3949 1701 4002 date
1731 3948 1877 4002 nobis

280 4050 557 4111 pastorem
573 4053 825 4105 nostrum,
846 4057 946 4112 quo
963 4049 1199 4110 portetur
1213 4039 1282 4092 ad
1297 4056 1407 4093 sua:
1428 4039 1566 4093 sedis
1594 4041 1874 4094 tumulum.

282 4133 413 4198 Quo
444 4142 633 4188 contra
677 4133 986 4188 reverendae
1029 4134 1156 4186 vita:
1201 4131 1496 4195 abbatissa,
1527 4130 1642 4199 ejus
1671 4131 1880 4186 scilicet

283 4229 407 4285 ﬁlia
431 4229 790 4294 sanctissima,
824 4244 945 4284 cum
969 4227 1266 4296 capellanis
1286 4235 1337 4281 et
1362 4225 1620 4280 militibus
1651 4239 1846 4295 respon
1862 4253 1878 4263 -

284 4321 373 4376 dit
406 4319 512 4375 :In
537 4322 710 4375 eodem
741 4321 854 4374 loco
877 4321 1023 4374 debet
1053 4318 1280 4389 sepeliri,
1305 4318 1394 4372 ubi
1423 4333 1450 4372 ε
1502 4318 1607 4372 vita
1655 4316 1882 4386 presenti

281 4430 323 4468 α
359 4412 473 4466 Deo
495 4422 568 4466 est
592 4414 872 4481 permissus
919 4411 1062 4465 exui.
1093 4409 1417 4463 Perventum
1467 4416 1551 4462 est
1581 4407 1648 4462 ad
1676 4406 1797 4471 hoc,
1822 4413 1880 4458 ut

286 4506 496 4562 armati
519 4520 584 4561 ex
607 4515 834 4575 utraque
861 4513 1014 4573 parte
1039 4500 1490 4573 periculosissime
1516 4498 1805 4555 convenire
1826 4508 1880 4553 et

285 4595 482 4668 plures
509 4595 616 4652 vita
643 4595 903 4651 deberent
929 4606 1115 4648 carere
1135 4632 1149 4659 ,
1180 4591 1280 4646 nisi
1312 4590 1452 4660 quod
1484 4589 1679 4644 domna
1713 4586 1881 4641 abba-

1975 3201 2024 3259 ei
2057 3220 2174 3258 eam
2201 3207 2547 3262 committens
2575 3208 2725 3264 abiit.
2760 3211 3006 3266 Accessit
3053 3222 3235 3270 autem
3279 3207 3486 3282 comes,
3516 3226 3570 3273 et

1976 3306 2034 3350 ιιι
2062 3296 2248 3351 urbem
2282 3299 2414 3352 vidit
2435 3299 2684 3356 incendio
2707 3300 3083 3372 fumigautcm,
3100 3305 3569 3377 archiepiscopum

1980 3401 2222 3442 remeare
2247 3404 2342 3459 per
2366 3391 2758 3446 internuntium
2787 3391 2986 3448 frustra
3014 3395 3192 3464 petiit.
3219 3395 3336 3466 Ipse
3387 3406 3570 3453 autem

1981 3481 2154 3550 ignem
2184 3481 2237 3535 in
2267 3482 2476 3539 duobus
2508 3483 2641 3539 locis
2663 3484 2775 3554 iam
2820 3485 2928 3540 alte
2959 3489 3342 3544 ascendentem
3395 3485 3573 3545 extin-

1978 3587 2144 3643 guere
2168 3581 2460 3642 temptans,
2501 3590 2624 3629 cum
2676 3575 2748 3628 nil
2779 3577 3000 3631 ou'mino
3023 3579 3330 3648 proliceret,
3359 3590 3571 3649 portam

1978 3663 2226 3716 hostibus
2273 3671 2550 3732 patentem
2605 3664 3008 3737 derelinquens,
3077 3667 3296 3724 domum
3365 3679 3572 3729 mestus

1979 3755 2196 3820 revisit;
2229 3764 2284 3810 et
2313 3765 2600 3811 accusatus
2622 3766 2739 3827 post
2774 3759 2916 3828 apud
2961 3760 3365 3832 imperatorem,
3398 3761 3573 3834 impu-

1983 3855 2146 3901 tatam
2199 3855 2542 3901 sacramento
2583 3847 2832 3918 purgavit
2885 3849 3120 3920 culpam.
3172 3851 3301 3906 Post
3369 3851 3401 3905 9
3457 3847 3573 3908 dies

1980 3941 2242 4011 predictze
2291 3940 2440 3995 cedis
2497 3951 2672 3995 tnater
2724 3957 2862 4006 mea,
2915 3941 3298 4014 Cunigunde“
3330 3943 3568 4012 nomine,

1984 4033 2150 4086 tercia
2200 4032 2323 4088 ldus
2371 4031 2498 4086 Julii
2546 4032 2598 4087 in
2650 4033 2870 4088 civitate
2897 4033 3304 4090 Germeresleva
3356 4034 3572 4106 expira-

1979 4126 2059 4180 vit
2089 4125 2259 4194 (527).

2053 4219 2143 4273 26.
2184 4216 2371 4289 0165’)
2403 4215 2742 4270 Ekltiltardus
2765 4217 2835 4248 ⁸³⁵
2858 4233 2923 4273 ex
2951 4218 3304 4273 nobilissimis
3338 4217 3576 4278 Thurin.

1985 4309 2084 4380 gite
2109 4308 2362 4363 australis
2387 4307 2656 4364 natalibus
2687 4304 2849 4376 huius
2872 4308 3022 4380 (528)
3053 4309 3379 4379 genealogia:
3395 4315 3573 4364 ortum

1987 4403 2214 4467 ducens,
2259 4417 2382 4457 cum
2415 4401 2682 4474 gradatim
2723 4404 2790 4458 ad
2830 4402 3040 4458 virilem
3079 4401 3410 4473 pertingeret
3440 4411 3576 4456 aeta-

1990 4507 2120 4560 tem,
2153 4495 2485 4565 parentelam
2526 4495 2722 4552 suimet
2753 4510 2972 4551 omnem
3025 4504 3132 4548 tam
3161 4509 3374 4548 morum
3415 4507 3578 4562 quam

1987 4597 2206 4643 actuum
2260 4587 2527 4656 gravitate
2549 4585 2623 4619 ³³⁸
2673 4585 3072 4652 ἱιιςΙίιοιυιηδπ
3118 4584 3386 4651 honorat;
3424 4582 3575 4658 quia,

1605 4747 1838 4806 VARIIE
1889 4744 2294 4804 LECTIONES.

373 4899 444 4956 μθ
471 4912 517 4951 3,
544 4913 558 4951 ι
588 4896 641 4951 in
665 4897 719 4951 2.
795 4894 868 4926 ⁸³⁸
899 4892 1023 4962 poni
1050 4891 1112 4945 Α.
1149 4896 1208 4945 δ.

289 4969 427 5028 Julii
454 4968 577 5021 add.
611 4968 694 5022 ib.
772 4965 843 4997 ⁸⁸⁵⁸
873 4963 1144 5034 guniguntl
1173 4963 1260 5034 la.

292 5039 462 5110 σοιτί.
509 5039 647 5109 infra
684 5037 751 5105 ν,
779 5033 1134 5090 16ίὶιιε1ἰιυηι
1163 5033 1216 5089 1.

1286 4890 1352 4920 ⁸³⁸
1383 4889 1458 4942 ita
1488 4885 1552 4942 Α.
1587 4883 1644 4940 S.
1691 4899 1739 4937 ιι.
1795 4882 1958 4940 1010.
2006 4883 2248 4940 traheret
2293 4882 2348 4934 ‘2.
2423 4879 2493 4910 ⁸⁵³⁸
2533 4876 2632 4930 llic
2673 4880 2854 4950 pergit
2883 4874 3084 4950 coda-1.

1339 4960 1408 4992 ⁸³⁵
1433 4955 1676 5013 marehio
1700 4953 1998 5014 misnensis
2023 4953 2258 5025 add.{lc.

3167 4871 3236 4903 ⁸³⁸
3279 4871 3348 4928 VI
3416 4885 3590 4927 nonas

2335 4950 2404 4982 ⁸³⁸
2428 4950 2640 5018 grauile
2666 4939 2714 5002 ι’.
2781 4939 2865 4983 ⁷⁸³⁷
2895 4953 2991 4998 aut
3015 4941 3255 4998 inclitam
3290 4939 3584 5014 legendum.

1815 5138 2072 5226 mowe.

378 5265 526 5300 man
570 5254 848 5300 Ληοΐὲοιίιῖια
889 5274 1170 5300 animt-imm
1219 5258 1496 5300 mulinan
1547 5261 1630 5300 est
1664 5268 1712 5300 τι.
1746 5251 1867 5300 995..

2009 5256 2209 5300 "aravit
2257 5264 2414 5294 uinum
2459 5258 2652 5288 nnvnm
2707 5255 2913 5282 nomon
2962 5236 3146 5282 Sancti
3176 5235 3603 5282 ("niliamtlmmﬂ
