4042 5300
588 411 732 469 1263

1511 403 1889 463 TIIIBTMARI
1933 397 2561 460 MERSEBURGENSIS
2603 401 2913 461 EPISCOPI

3739 406 3872 463 ίΞἺ

588 538 649 580 ut
670 525 899 600 legimus
919 512 1285 581 E'dedecorant
1315 524 1441 578 bene
1475 523 1682 578 natam
1712 523 1879 594 culpa:
1899 522 1967 554 ‘”
1997 520 2161 595 (lion.
2202 528 2246 584 Α
2275 517 2411 575 meis
2440 515 2722 586 lleiurico,
2751 518 3061 578 Fritberico
3107 517 3412 592 ceterisque
3443 519 3712 576 militibus
3735 525 3861 592 opr-

588 632 664 685 ιν,
691 617 748 682 ι,
782 617 894 688 56).
926 615 975 671 is
1007 623 1129 687 post
1158 614 1354 670 multas
1377 612 1643 670 bellorum
1678 612 2021 685 asperitates,
2036 626 2175 683 quas

586 724 712 765 cum
746 717 899 779 patre
950 725 1048 764 suo
1083 705 1383 762 Guntherio
1406 706 1499 772 ⁸⁸⁸,
1551 707 1621 762 ab
1670 706 1874 761 honore
1918 721 2019 762 suo
2082 705 2175 761 diu

596 812 872 868 dispenso,
912 810 1201 867 perpessus
1221 804 1324 860 est,
1353 794 1420 850 ad
1448 795 1677 866 gratiam
1719 793 2064 864 imperatoris
2090 808 2177 849 se-

607 890 747 944 :undi
778 886 1122 960 [0ttonis°“J
1149 894 1202 942 et
1226 887 1293 942 ad
1321 886 1557 957 patriam
1599 886 1895 941 honoriﬁce
1921 899 2045 941 eum
2086 899 2176 941 re-

588 989 821 1043 mearet,
878 976 1179 1031 Titietmari
1228 976 1443 1031 comitis
1504 976 1719 1031 viduam
1768 984 1823 1031 et
1872 974 2176 1029 Bernhardi

587 1066 823 1123 dueis‘“
876 1080 1157 1128 sororem,
1206 1064 1424 1120 nomine
1468 1062 1856 1119 Suonebildam
1902 1060 2075 1135 (529),
2120 1061 2176 1116 in

589 1157 1000 1213 matrimonium
1026 1158 1125 1212 sibi
1144 1155 1433 1225 cepulavit,
1458 1169 1529 1210 ex
1564 1169 1736 1225 eaque
1762 1155 2177 1225 primogenitam

587 1249 807 1305 nomine
858 1247 1220 1318 Liudgerdam
1274 1245 1570 1315 acquisivit
1619 1246 1804 1300 filiam.
1860 1244 2178 1301 Liutharius

553 1352 766 1396 _auteut
812 1356 880 1395 ex
930 1338 1075 1395 clara
1106 1338 1417 1408 Tlmringize
1455 1337 1894 1409 septentrionalis
1922 1337 2179 1409 prosapia

583 1432 781 1497 editus,
845 1447 968 1487 eum
1018 1430 1102 1485 vir
1140 1428 1315 1485 factus
1352 1437 1569 1485 aetatem
1626 1429 1917 1485 virtutibus
1956 1442 2178 1498 supera-

588 1523 770 1590 ret‘“;
800 1538 1030 1593 cumque
1056 1524 1297 1578 secundo
1334 1522 1559 1577 multum
1605 1521 1770 1578 karus
1797 1531 1940 1579 esset
1969 1522 2175 1588 Ottoni,

573 1613 701 1683 .rjus
725 1615 928 1670 auxilio
947 1616 1220 1686 quandam
1250 1614 1652 1669 matrimonium
1671 1614 1765 1681 ⁸⁸⁸,
1789 1614 2036 1671 Godilam
2074 1629 2174 1670 no-

560 1708 759 1772 -minc,
800 1721 867 1761 ex
895 1706 1223 1763 occidentali
1255 1707 1474 1779 regione
1521 1708 1774 1764 nobiliter
1795 1717 1978 1764 natam
2002 1708 2175 1780 (530),

585 1815 710 1854 cum
739 1798 955 1854 licentia
1004 1799 1386 1855 Wirdunensis
1414 1800 1667 1871 Wigf‘ridi
1718 1801 1951 1872 presulis
1973 1816 2173 1857 conso-

2281 611 2384 667 mis
2407 612 2595 668 urbem
2630 612 2896 684 prefatam
2925 612 3189 681 ascendit,
3240 630 3610 686 sponsamque
3639 631 3792 669 suam
3817 626 3864 668 tt

2277 705 2636 760 reluctantem
2664 713 2721 760 et
2761 704 3085 761 clamantem
3116 705 3168 761 vi
3196 705 3472 771 auferens,
3507 719 3635 761 cum
3667 704 3783 759 suis
3802 707 3868 759 ad

2277 795 2555 851 Wallibiki
2608 796 2748 851 fetus
2789 805 2844 851 et
2892 796 3175 852 incolomis
3216 794 3488 866 pervenit.
3545 793 3705 861 Quod
3750 810 3869 849 eum

2280 885 2558 953 abbatissa
2591 885 2659 941 ab
2692 894 2844 941 certo
2879 887 3205 957 comperiret
3230 887 3430 956 legato,
3459 886 3707 954 graviter
3726 899 3868 940 ceu»

2280 987 2425 1033 mota
2455 978 2665 1035 cunctis
2694 977 2754 1050 (f.
2785 977 2891 1045 δί’)
2921 979 3023 1034 boe
3051 978 3387 1049 principibus
3413 978 3661 1033 lacrimis
3687 979 3873 1047 quee-

2280 1075 2369 1123 tur
2396 1069 2625 1133 obortis,
2658 1083 2855 1140 rogans
2877 1084 2943 1123 ac
2991 1070 3317 1140 precipiens,
3360 1079 3420 1123 ut
3446 1069 3651 1123 armati
3682 1084 3871 1122 omnes

2278 1159 2522 1231 publicos
2575 1161 2760 1217 hostes
2800 1159 3054 1216 celeriter
3097 1159 3550 1232 insequerentur,
3602 1176 3670 1215 ae
3692 1158 3765 1191 ⁸³⁸
3815 1171 3869 1212 ut

2279 1255 2453 1324 captis
2475 1268 2569 1308 seu
2601 1253 2795 1308 occisis
2831 1252 3094 1323 virginem
3142 1252 3243 1308 sibi
3285 1253 3552 1308 reducere
3592 1267 3867 1307 eouarrn-

2279 1352 2385 1399 tur.
2419 1342 2527 1400 Nec
2560 1358 2734 1409 mora,
2760 1343 2913 1416 jussa
2964 1344 3078 1399 fuec
3108 1343 3263 1399 miles
3289 1352 3539 1399 armatus
3560 1342 3871 1397 accelerare

2277 1437 2577 1502 contendit,
2608 1447 2662 1492 et
2691 1438 3010 1508 priusquam
3067 1438 3259 1492 urbem
3300 1437 3569 1491 munitam
3620 1437 3871 1513 adtingr.

2278 1537 2421 1593 rent,
2449 1528 2667 1584 eosdem
2698 1543 2797 1600 per
2820 1530 3205 1599 compendium
3242 1530 3454 1584 itineris
3505 1529 3865 1597 interruptos,

2276 1620 2327 1675 vi
2359 1634 2553 1690 capere
2580 1619 2667 1675 vel
2696 1619 2946 1676 occidere
2975 1633 3071 1674 seu
3112 1618 3349 1689 efl'ugare
3375 1619 3682 1675 anbelavit.
3710 1617 3868 1673 Cum-

2276 1724 2490 1783 pertum
2521 1720 2605 1768 est
2647 1719 2828 1767 autem
2855 1726 2885 1765 a
2915 1710 3233 1776 viatoribus,
3259 1712 3401 1779 quod
3437 1709 3516 1773 lii,
3558 1724 3703 1779 quos
3724 1709 3864 1763 inse~

2277 1804 2603 1874 quebantur,
2634 1802 2810 1858 valida
2840 1817 3000 1857 manu
3030 1799 3336 1872 clausisque
3361 1800 3557 1871 portis,
3594 1799 3864 1869 uotisjun

584 1890 724 1945 brini
748 1891 886 1960 ejus,
915 1891 1016 1946 sibi
1064 1892 1116 1946 in
1166 1891 1450 1963 conjugem
1474 1893 1823 1964 desponsavit
1851 1902 1906 1949 et
1934 1894 2171 1964 acquisi-
2203 1890 2245 1949 Β
2274 1897 2573 1970 gauderent
2615 1895 2899 1968 presidiis;
2959 1893 3091 1948 nulli
3141 1902 3328 1965 patere
3376 1893 3737 1961 ingressum;
3778 1901 3867 1943 ant

586 1982 684 2048 vit,
711 1998 829 2052 quae
850 1983 1057 2053 peperit
1081 1984 1129 2039 ei
1160 1984 1212 2038 in
1246 1985 1405 2038 tertio
1433 1985 1647 2041 decimo
1675 1987 1853 2042 (etatis
1885 2004 1997 2044 suae
2027 2003 2173 2042 anno

522 2132 535 2136 _
578 2072 1033 2144 primogenitum,
1082 2074 1255 2144 patris
1297 2076 1379 2130 sui
1413 2076 1634 2131 nomine
1680 2077 1958 2148 appellans
2004 2076 2174 2132 Wiri-

586 2163 833 2218 nharium
860 2164 949 2218 “5.
986 2164 1092 2219 Sed
1141 2180 1265 2220 cum
1309 2165 1427 2221 dua:
1487 2167 1810 2237 propagines
1856 2168 1993 2234 istae,
2039 2183 2175 2238 puer

520 2298 525 2301 γ
586 2257 806 2326 inquam
851 2265 906 2310 et
948 2256 1146 2326 puella,
1188 2271 1253 2311 ex
1294 2265 1403 2311 tam
1451 2257 1787 2314 nobilissime
1825 2258 1951 2313 vitis
1991 2259 2173 2314 radice

583 2345 953 2410 emersissent,
992 2346 1215 2415 jamjam
1266 2345 1521 2415 paulatim
1552 2346 1619 2401 ad
1666 2348 2032 2419 maturitatem
2062 2348 2173 2403 fru-

526 2448 531 2453 ‘
583 2444 706 2491 ctus
742 2437 1048 2509 pertingere
1098 2436 1301 2492 inclitis
1355 2439 1611 2492 virtutum
1644 2438 1807 2493 scalis
1837 2439 2169 2494 nitebantur.

584 2526 691 2582 Sed
737 2527 1046 2582 Liutltarius
1081 2543 1287 2596 comes,
1337 2539 1394 2583 ut
1432 2528 1622 2599 puella:
1671 2529 1819 2585 illius
1857 2529 2087 2585 formam
2117 2538 2172 2583 et

570 2618 1052 2673 conversationem
1077 2618 1271 2673 bonam
1296 2619 1470 2690 primo
1492 2621 1779 2689 persensit,
1798 2621 2030 2692 qualiter
2051 2637 2171 2676 eam

552 2770 555 2771 ν
581 2708 645 2777 (Γ.
677 2708 768 2781 (Si)
798 2711 1140 2766 consociaret
1195 2712 1305 2765 filio
1334 2727 1455 2780 suo,
1494 2714 1691 2769 tuentis
1717 2722 1929 2770 secreto
1959 2730 2174 2787 semper

546 2799 767 2854 -volvit.
825 2800 891 2855 Et
931 2802 996 2855 ad
1029 2800 1276 2856 ultimum
1301 2816 1614 2874 erumpens,
1652 2819 1749 2874 per
1784 2805 1970 2861 fideles
2006 2806 2173 2859 inter-

578 2894 800 2949 nuntios
829 2892 1157 2950 ‘Ekkiltardo
1187 2908 1315 2951 tunc
1352 2896 1665 2952 ,mareltioni
1707 2898 2037 2953 desiderium
2081 2900 2170 2953 ditt

550 2984 842 3039 ‘latensm
869 2987 1085 3056 aperuit
1110 3001 1175 3042 ac
1208 2986 1458 3041 celeriter
1483 2988 1796 3058 inpetravit.
1824 2988 2170 3045 Convenien-

578 3078 726 3134 tibus
750 3086 877 3133 tunc
921 3079 973 3133 iu
1008 3094 1174 3132 unum
1220 3078 1583 3135 familiaribus
1615 3080 1933 3146 eorundem,
1977 3081 2173 3152 promi-

577 3173 653 3226 sit
698 3172 938 3241 legitime
969 3170 1307 3227 Ekkibardus
1341 3171 1644 3239 Liuthario,
1688 3174 1919 3229 eandem
1969 3189 2029 3229 se
2062 3172 2171 3228 filio

2271 1988 2409 2043 velle
2458 1986 2617 2053 mori,
2657 1996 2750 2041 aut
2779 2000 2838 2040 se
2886 1984 2956 2040 ibi
2979 1984 3044 2015 “'
3098 1982 3411 2046 defendere,
3464 1990 3521 2036 et
3565 1996 3862 2051 numquam

2272 2080 2363 2134 ulli
2387 2079 2456 2111 ‘"
2487 2092 2739 2150 Sponsam
2765 2076 3010 2131 reddere.
3042 2073 3162 2140 Quo
3198 2074 3386 2127 audito
3412 2071 3718 2127 admodum
3748 2070 3864 2123 tris-

2275 2171 2344 2226 tis
2379 2168 2625 2233 efl'eetus,
2663 2166 2977 2223 revertitur.
3022 2164 3339 2219 Liutltarius
3388 2170 3600 2225 autem,
3661 2169 3719 2216 et
3747 2174 3863 2215 eum

2273 2276 2339 2317 eo
2395 2258 2630 2314 Alfricus
2687 2257 2890 2322 seniOr,
2945 2254 3206 2324 milesque
3278 2251 3499 2309 comitis
3571 2248 3864 2304 Ekkibardi

2274 2349 2618 2406 Tltietmarus
2642 2347 3071 2419 proficiscentes,
3112 2343 3439 2397 voluntatem
3482 2356 3705 2412 sponsa:
3752 2354 3865 2410 per-

2272 2445 2518 2516 quirunt,
2577 2457 2743 2513 seque
2797 2440 2998 2496 ibidem
3058 2448 3185 2494 tunc
3237 2452 3463 2492 manere
3513 2436 3684 2492 malle
3706 2452 3861 2507 quam

2276 2537 2495 2603 reverti,
2543 2537 2676 2591 satis
2720 2534 2855 2591 certi
2898 2533 2966 2587 ab
3004 2533 3191 2587 eadem
3227 2529 3427 2596 effecti,
3457 2531 3683 2586 domum
3709 2529 3863 2586 abba.

2274 2628 2418 2683 tissa:
2438 2626 2509 2659 (³⁸³
2534 2625 2854 2694 eaeterisque
2885 2624 2997 2677 inec
3046 2636 3303 2691 respousa
3344 2619 3701 2675 intituabaut.
3732 2621 3860 2675 Con-

2273 2719 2468 2775 sulenti
2524 2729 2646 2772 tunc
2678 2717 2743 2771 de
2775 2715 2974 2770 talibus
3002 2715 3263 2783 primates
3310 2711 3630 2772 abbatissae.
3665 2712 3858 2765 dictum

2273 2821 2355 2868 est
2385 2813 2451 2867 ab
2480 2812 2584 2875 liis,
2616 2809 2759 2880 quod
2804 2808 2905 2863 sibi
2937 2807 3210 2862 videretur
3237 2806 3532 2876 optimum,
3577 2805 3633 2858 in
3683 2803 3854 2874 ιιιιελ-

2274 2904 2482 2974 daburg
2530 2902 2645 2958 fieri
2674 2908 3023 2965 conventum,
3053 2899 3158 2953 lme
3196 2908 3464 2967 sponsum
3496 2911 3630 2951 eum
3680 2904 3858 2950 conte-

2273 2994 2397 3051 etali
2427 2993 2631 3056 venire,
2673 2989 3023 3045 auxiliatores
3057 3003 3127 3057 qu
3152 3003 3271 3057 .que
3298 3000 3488 3042 oumes
3526 2994 3626 3038 aut
3654 3001 3715 3039 se
3749 2998 3858 3038 reos

2276 3085 2345 3141 ibi
2378 3092 2712 3156 prcsen‘are,
2738 3088 2831 3136 aut
2862 3079 3037 3132 damn
3065 3084 3147 3131 tos
3194 3078 3397 3146 fugere.
3430 3073 3642 3144 Sicque
3665 3073 3855 3127 factum

2273 3186 2355 3231 est
2384 3174 2496 3247 (an.
2538 3172 2685 3243 999).
2716 3168 3032 3225 Confluente
3064 3166 3294 3221 nzaxitna
3327 3164 3455 3219 illuc
3492 3163 3853 3226 multitudine,

577 3279 681 3317 suo
702 3263 953 3317 daturum
984 3264 1036 3316 iu
1062 3278 1308 3329 uxorem,
1351 3279 1501 3318 more
1539 3278 1637 3320 suo
1660 3273 1715 3319 et
1744 3262 1867 3333 jure
1897 3265 2164 3335 presenli-
2196 3247 2242 3309 (ἶ
2272 3267 2638 3324 Wiriultarius
2668 3279 2788 3320 eum
2817 3263 2929 3318 su's
2980 3258 3426 3329 cooperatoribus
3458 3259 3624 3313 nudis-
3656 3256 3856 3328 provol-

538 3360 547 3365 ’
582 3356 683 3410 bus
709 3356 921 3410 cunctis
947 3355 1298 3425 Optimatibus
1326 3355 1623 3411 afﬁrmans.
1660 3356 1765 3425 Qui
1790 3356 1857 3388 “7
1904 3373 2026 3413 cum
2060 3368 2168 3414 ter-

565 3448 670 3503 vcio
691 3446 871 3502 Ottoni
912 3446 1136 3501 multum
1175 3446 1437 3515 placeret,
1472 3454 1528 3500 et
1578 3449 1720 3517 apud
1768 3449 1998 3502 eundem
2026 3448 2169 3503 inter

583 3539 720 3596 alios
748 3539 1011 3610 primates
1071 3538 1360 3610 plurimum
1408 3538 1629 3605 valeret,
1665 3541 1847 3595 nescio
1874 3558 1977 3609 qua
2004 3556 2166 3595 causa

582 3631 935 3701 depravatus,
966 3640 1182 3701 paetum
1212 3629 1521 3685 {il‘llliSSllllc
1557 3630 1855 3685 stabilitum
1878 3633 2168 3686 interrum-

566 3738 712 3793 pere
739 3738 900 3793 quam
931 3722 1162 3776 maxime
1196 3729 1443 3776 eunatur.
1486 3720 1639 3788 Quod
1675 3736 1793 3776 mox
1827 3721 2166 3777 Liutltarium

584 3828 690 3868 non
716 3812 893 3879 latuit,
935 3820 990 3867 et
1036 3819 1093 3865 ut
1119 3812 1220 3865 hoc
1252 3825 1317 3864 ue
1357 3810 1526 3877 fieret,
1570 3810 1735 3865 auxia
1774 3820 1955 3865 mente
1988 3810 2166 3867 volve-

580 3906 696 3960 bat.
727 3904 1057 3974 lmperatore
1079 3912 1134 3959 et
1162 3902 1467 3957 Ekltiltardo
1492 3903 1696 3973 pariter
1724 3899 1849 3957 tunc
1877 3904 1928 3957 iu
1962 3904 2163 3959 Roma-

560 3998 672 4052 .nia
716 3996 1253 4066 commorantetan.
1303 3994 1452 4064 998),
1500 3995 1791 4049 commissa
1845 4002 1965 4051 erat
2014 3994 2164 4065 regni

580 4092 742 4147 istius
772 4107 901 4148 cura
926 4089 1216 4145 venerabili
1256 4089 1548 4143 abbatissae
1578 4088 1845 4154 Matltildi,
1871 4087 1938 4143 de
1967 4102 2073 4158 qua
2094 4087 2165 4120 ⁸³³

583 4185 834 4255 superius
885 4182 1203 4247 memoravi,
1240 4182 1293 4235 in
1346 4178 1501 4247 eujus
1550 4180 1773 4235 civitate
1835 4179 2167 4249 Quidiliuga-

582 4278 800 4349 ιλιι-8⁸⁸⁸
828 4285 1138 4346 nuncupata
1189 4275 1365 4345 puella
1406 4275 1521 4329 luce
1563 4272 1920 4328 educabatur.
1942 4271 2167 4342 ,Fitpu-

582 4369 757 4427 blieus
786 4368 840 4423 in
877 4368 1183 4438 Darniburg
1214 4367 1363 4438 (55f)
1395 4366 1684 4421 abbatissa:
1716 4364 1990 4434 totiusque
2016 4378 2167 4419 sena-

577 4469 676 4515 .tus
715 4459 768 4514 in
831 4473 997 4512 unum
1039 4465 1357 4512 conventus.
1410 4455 1630 4511 interim
1684 4453 2074 4519 \Virinharius,
2108 4460 2167 4508 ut

562 4553 843 4614 -arbitror,
895 4566 1002 4605 non
1053 4550 1279 4606 consilio
1313 4551 1505 4620 patris,
1534 4549 1627 4603 sed
1658 4562 1844 4602 amore
1858 4547 2085 4617 virginis
2113 4558 2163 4602 et

549 4648 654 4706 «ob
682 4653 882 4702 metum
907 4642 1177 4701 manifesti
1196 4643 1266 4674 ⁶⁸⁰
1303 4643 1609 4708 dedecoris,
1641 4657 1763 4698 cum
1798 4641 2167 4697 coufratribus

2268 3363 2412 3415 vitur
2435 3358 2681 3428 pedibus,
2714 3369 2935 3410 uxorem
2978 3354 3070 3405 red
3112 3352 3171 3405 it.
3204 3348 3427 3404 Veniam
3456 3350 3521 3403 de
3549 3364 3619 3403 co
3646 3374 3655 3392 ι
3684 3350 3853 3400 ητιςετς

2267 3454 2373 3510 sibi
2403 3454 2621 3521 suisque
2642 3448 2846 3505 auxilio
2870 3444 3174 3515 principum
3197 3442 3266 3475 ⁸³³
3295 3442 3566 3514 promissa
3600 3440 3852 3496 emend-i-

2273 3546 2415 3600 tioue
2447 3542 2764 3614 promeruit.
2806 3538 2913 3593 Sed
2936 3534 3261 3589 venerabilis
3283 3534 3337 3587 in
3362 3534 3625 3590 omnibus
3649 3531 3852 3586 Manu!-

2268 3637 2350 3691 dis
2374 3636 2525 3689 finito
2554 3632 2821 3702 colloquio
2850 3626 3258 3683 Liuderdam'”
3291 3638 3477 3681 serum
3531 3625 3711 3687 duxit,
3742 3640 3841 3676 non

2266 3742 2366 3796 pro
2393 3722 2717 3787 retentioue,
2764 3719 2856 3773 sed
2889 3732 2986 3788 pro
3015 3715 3227 3771 timoris
3248 3714 3318 3747 ‘"
3347 3714 3530 3785 magni
3565 3714 3850 3769 confirma-

2271 3817 2434 3873 tione.

2339 3908 2429 3963 27.
2468 3906 2528 3979 (f.
2563 3905 2653 3975 65)
2690 3903 2849 3957 Bome
2878 3909 3057 3956 autem
3080 3898 3150 3931 “'
3181 3898 3379 3955 suimet
3407 3895 3712 3952 voluntatis
3741 3910 3847 3967 prc-

2268 4003 2504 4073 positum
2556 4007 2820 4071 preventu
2876 3994 3175 4049 subitanere
3241 3991 3435 4046 mortis
3483 3990 3842 4060 intemiptun

2267 4101 2370 4147 est.
2407 4089 2649 4158 Namque
2691 4095 2813 4156 post
2840 4098 3041 4155 paucos
3070 4083 3209 4149 dies,
3236 4096 3360 4137 eum
3383 4081 3501 4135 inec
3528 4082 3599 4133 ad
3624 4082 3795 4135 locum
3817 4094 3845 4131 a

2269 4186 2379 4241 Deo
2410 4183 2510 4239 sibi
2537 4188 2785 4251 paratum
2822 4176 3060 4236 veniret,
3092 4173 3350 4229 continuo
3395 4172 3696 4235 infirmata,
3736 4172 3847 4225 Ber-

2268 4274 2660 4333 nwardum‘”,
2711 4277 2914 4327 sanetae
2948 4264 3439 4321 llilliuessemensis
3478 4263 3552 4296 ⁸⁸⁹
3601 4263 3848 4319 arcrlesia

2269 4380 2397 4426 tunc
2450 4376 2741 4440 pastorem,
2796 4360 3031 4425 vocavit,
3079 4370 3134 4416 et
3185 4368 3407 4429 accepta
3454 4359 3526 4413 ab
3568 4373 3641 4415 eo
3695 4372 3845 4428 quam

2268 4456 2560 4532 postulavit
2602 4451 2957 4523 indulgentia,
3008 4449 3042 4505 8
3094 4449 3219 4505 ldus
3257 4449 3544 4504 Februarii
3583 4448 3845 4503 hominem

2271 4552 2418 4606 exuit
2445 4543 2870 4608 iuteriorcm‘“,
2922 4540 3238 4613 sepultaque
3275 4549 3359 4595 est
3404 4540 3458 4594 in
3498 4537 3844 4594 mcelesia'ad

2272 4649 2434 4712 caput
2464 4638 2549 4694 avi
2595 4637 2793 4693 suimet
2838 4633 2980 4705 regis
3027 4631 3263 4687 lieinriei
3308 4630 3482 4703 (552).
3519 4629 3639 4685 lloe
3674 4630 3846 4684 funem

1882 4754 2117 4811 VARle
2170 4750 2572 4812 LECTIONES.

660 4848 731 4881 ⁸³⁸
784 4850 860 4903 ita
903 4848 986 4903 lc.
1028 4849 1225 4904 benata
1298 4849 1383 4903 la.

1460 4848 1530 4884 ⁸⁸³
1583 4846 1813 4919 legimus
1864 4866 1878 4902 :

586 4922 640 4974 l.
718 4920 785 4951 “‘
828 4917 1045 4975 Ottonis
1076 4920 1203 4973 add.
1244 4920 1325 4974 ‘lc.

1933 4847 2097 4903 Valde
2160 4847 2285 4903 mali
2353 4860 2533 4902 mores
2596 4842 2887 4912 deturpant
2934 4840 3230 4895 nobiliores
3294 4840 3351 4893 2.

1402 4919 1471 4951 “’
1497 4919 1565 4974 de
1605 4917 1881 4989 Lvuiburg
1939 4917 2065 4989 edd.
2118 4919 2199 4972 lc.

574 4998 729 5026 non.
785 5006 813 5028 ο
880 5005 929 5030 v,
985 5005 1247 5036 ennnrarn
1285 4989 1559 5040 nitebatur
1609 4992 1688 5043 lc.
1733 5004 1783 5043 c.
1837 4980 1887 5041 ἕ.
1928 4988 1967 5042 f‘.
2019 4998 2163 5043 esset
2191 5004 2241 5043 a.
2276 5004 2329 5041 v.
2360 4984 2635 5050 superavit
2662 4984 2728 5037 Α.
2763 4980 2823 5037 S.

3447 4838 3524 4871 "“
3588 4839 3603 4892 i
3651 4854 3843 4892 (rerum

2277 4917 2346 4950 ⁸η
2396 4918 2471 4969 ita
2524 4913 2729 4969 ridetur
2758 4906 3082 4982 'legendum.
3134 4924 3395 4979 superare
3467 4910 3558 4964 fa.
3602 4925 3654 4961 (ι.
3716 4925 3764 4959 v.
3810 4906 3842 4958 f.

2277 5004 2329 5035 ν.
2360 4984 2635 5035 superavit
2662 4984 2728 5035 Α.
2763 4980 2823 5035 S.
2899 4980 2969 5013 ‘“
2997 4990 3302 5035 matronam
3334 4980 3399 5032 Α.
3445 4978 3509 5033 S.
3543 4979 3585 5033 ι.
3631 4980 3667 5032 f.
3704 4993 3839 5030 ret-1:.

2997 4993 3302 5035 matronam
3334 4993 3399 5032 Α.
3445 4993 3509 5033 δ.
3543 4993 3585 5033 t.
3631 4993 3667 5032 ι.
3704 4993 3839 5030 ret-1:.
