4042 5300
237 372 257 428 1
269 371 374 428 265

1468 379 1885 436 CliRONlCO-N.
1925 411 1990 420 —-
2038 381 2163 434 LIB.
2204 382 2292 439 Ν.

3367 393 3501 445 lit'G

235 488 534 557 iaperatris
563 486 925 543 [Ethelueidis
948 490 1014 521 °"
1049 499 1223 545 mater
1250 489 1489 559 ejusdem
1521 508 1681 563 supra
1708 510 1820 549 mo-
1847 503 1894 561 Α
1924 498 2089 567 pitur.
2133 498 2384 554 Decursis
2413 508 2540 556 tunc
2592 499 2790 555 Mileiui
2824 500 3090 564 terminis,
3123 501 3248 556 huic
3284 501 3349 557 ad
3383 505 3494 558 Dic-

235 580 362 633 dum
387 578 624 642 turbata,
651 578 715 633 ad
739 578 1116 648 imperatorem
1150 584 1397 636 nuntium
1429 582 1599 648 misit,
1640 585 1730 653 qui
1763 595 1817 640 et

235 666 442 720 obitum
520 665 634 734 ejus
691 668 816 722 huic
866 669 1340 736 innotesceret‘“,
1392 681 1448 727 et
1495 674 1815 742 equivoeam

234 776 387 814 suam
416 775 660 815 sororem
709 759 824 828 ejus
855 762 980 816 huic
1031 765 1325 820 succedere
1368 766 1689 835 postularet.
1717 767 1818 822 Cc-

235 870 327 907 sar
352 855 457 923 piis
486 870 768 909 assensum
797 858 1032 925 prebens
1060 859 1364 922 desideriis.
1409 861 1589 918 amitae
1621 863 1819 919 suimet

187 949 197 984 ἐ
236 960 424 1000 necem
462 947 641 1012 deﬂet,
687 956 740 1001 et
770 949 1049 1003 abbaciam
1077 951 1288 1007 dilecta:
1311 952 1507 1008 suimet
1546 969 1818 1024 germana:

235 1052 334 1106 per
380 1037 686 1092 BCCt'llllUlll
735 1045 1054 1110 portitorem
1077 1043 1146 1074 ⁶⁸³
1178 1045 1326 1116 (555)
1378 1046 1529 1118 Virga
1580 1065 1610 1103 a
1661 1049 1818 1122 longe

234 1129 506 1183 coimuisit
550 1147 736 1197 aurea,
779 1142 833 1186 et
881 1143 940 1187 ut
997 1135 1066 1189 ab
1109 1137 1362 1206 episcopo
1405 1138 1819 1196 benediceretur

234 1219 486 1284 Atuullb,
529 1224 791 1290 preccpit.
831 1221 1284 1281 Ethelhcidis‘“
1311 1239 1490 1300 autem
1523 1231 1820 1300 inperalrix

236 1313 448 1378 urbem,
503 1330 622 1383 quae
661 1316 816 1370 Celsa
856 1317 1005 1388 (554)
1045 1329 1289 1384 vocatur,
1323 1321 1538 1377 interim
1572 1323 1643 1356 “’
1667 1324 1816 1378 editi-

233 1417 386 1468 caus,
416 1404 659 1459 collectis
702 1407 901 1462 ibidem
954 1411 1257 1474 monachis,
1304 1413 1661 1484 omnibusque
1689 1430 1816 1484 pcr-

232 1494 407 1557 fectis,
461 1497 514 1549 in
567 1499 755 1551 eodem
807 1514 952 1554 anno
994 1501 1060 1556 16
1131 1503 1250 1557 Kal.
1302 1503 1542 1559 Januarii
1577 1508 1818 1576 gaudens

234 1588 490 1654 upper-iit,
523 1592 589 1642 de
619 1590 814 1658 quibus
844 1602 962 1646 orta
993 1592 1096 1647 fuit
1119 1595 1298 1666 (555);
1333 1595 1486 1663 cujus
1526 1596 1665 1652 fideli
1697 1613 1816 1653 ser-

235 1677 534 1747 vitiojusta
585 1695 1002 1750 recompensans
1053 1687 1260 1754 premia
1298 1687 1454 1746 Deus.
1485 1688 1548 1741 ad
1579 1689 1817 1743 lumbam

232 1766 348 1835 ejus
378 1769 604 1838 plurima
635 1769 795 1826 hodie
819 1782 1076 1840 operatur
1116 1775 1399 1830 miracula.
1430 1776 1574 1846 Papa
1603 1792 1819 1848 quoque

1921 591 2083 647 desisi
2115 607 2308 661 pagum
2335 592 2480 663 (558)
2504 593 2678 663 primo
2703 595 2941 647 venienti
2989 593 3289 650 llolizlavus
3315 625 3386 635 —
3410 595 3497 666 qu‘

1920 682 2096 747 major
2132 684 2251 738 laus
2290 700 2394 739 nou
2425 686 2639 750 ruerito,
2673 687 2768 740 sed
2802 701 2950 740 more
2987 687 3209 755 antiquo
3233 687 3472 757 interpre

1920 781 2068 828 tatur
2091 803 2158 812 ——
2186 782 2377 842 parato
2409 774 2463 828 in
2509 773 2650 841 loco,
2694 775 2784 843 qui
2813 775 2924 828 llua
2953 775 3101 845 (559)
3130 775 3351 841 dicitur,
3393 777 3475 832 sui

1920 874 2034 920 met
2077 865 2340 934 hospicio,
2375 865 2438 936 (f.
2467 865 2557 934 66)
2589 867 2816 920 multum
2848 865 3038 921 hilaris
3060 866 3325 921 occurrit.
3356 867 3501 934 Qua-

1919 954 2045 1008 liter
2073 963 2251 1009 autem
2302 970 2457 1010 cesar
2501 957 2568 1010 ab
2597 957 2796 1011 eodem
2837 965 2967 1011 lllllC
3004 957 3398 1025 susciperetur,
3446 963 3496 1008 et

1919 1061 2018 1116 per
2069 1062 2168 1101 sua
2217 1062 2388 1116 usque
2457 1047 2523 1100 ad
2572 1046 2772 1102 Gnesin
2797 1047 2863 1078 ⁶⁶⁷
2909 1047 3302 1111 deduceretur,
3354 1046 3504 1102 dictu

1920 1137 2236 1193 incredibile
2279 1153 2343 1192 ac
2397 1137 2665 1192 ineffabile
2720 1148 2804 1194 est
2835 1138 3006 1207 (540).
3040 1139 3240 1194 Videus
3274 1153 3303 1192 a
3346 1137 3506 1206 longe

1921 1231 2108 1285 urbem
2142 1229 2524 1294 desideratam,
2554 1230 2709 1283 nudis
2749 1229 2977 1299 pedibus
3007 1228 3319 1299 suppliciter
3340 1226 3476 1280 adve

1921 1321 2024 1386 nit,
2057 1329 2116 1374 et
2152 1321 2221 1375 ab
2239 1320 2495 1390 episcopo
2524 1320 2765 1391 ejusdem
2785 1320 2853 1350 ⁸⁸⁸
2885 1320 3094 1390 Ungero
3126 1317 3498 1373 venerabilite-

1919 1421 2228 1482 succeptus,
2291 1412 2590 1468 :ecclesiam
2636 1411 3018 1474 introducitur,
3081 1421 3133 1466 et
3178 1410 3244 1464 ad
3302 1409 3506 1469 Christi

1921 1503 2148 1574 gratiam
2177 1503 2278 1560 sibi
2318 1502 2697 1573 iupetrandam
2729 1503 2985 1574 martyris
3015 1502 3214 1557 Christi
3243 1501 3490 1556 interces-

1922 1598 2002 1652 sio
2033 1596 2270 1666 profusis
2320 1594 2560 1650 lacrimis
2595 1595 2874 1650 im'itatur.
2922 1595 3032 1649 Nec
3075 1611 3250 1660 mora,
3281 1593 3409 1649 fecit
3434 1590 3503 1648 ibi

1923 1688 2464 1759 archiepisc0patum,
2493 1695 2552 1741 ut
2580 1703 2740 1759 spero
2786 1688 3047 1759 legitime,
3079 1688 3194 1741 sine
3237 1702 3516 1742 consensu

1924 1787 2103 1834 tamen
2148 1779 2342 1848 prefati
2393 1778 2643 1848 presulis,
2704 1777 2858 1846 cujus
2918 1778 3120 1833 diocesi
3161 1779 3340 1833 omnis
3387 1779 3511 1832 lucc.

232 1861 546 1931 Gregorius,
570 1862 706 1917 bene
736 1864 1011 1935 dispositis
1039 1867 1224 1922 Romre
1250 1870 1519 1936 omnibus,
1546 1871 1580 1924 2
1635 1871 1814 1928 Nonas
1843 1870 1888 1930 B
1919 1871 2066 1939 regio
2113 1869 2355 1938 subjecta
2399 1878 2510 1930 est;
2570 1869 2917 1924 committens
2981 1869 3212 1922 curulem
3277 1868 3501 1936 prcdieti

232 1952 515 2008 Februarii
545 1955 698 2020 obiit,
731 1956 993 2012 Gerhcrto
1015 1960 1116 2013 sibi
1144 1977 1261 2014 mox
1295 1965 1622 2017 succedente
1648 1964 1740 2017 “6.

300 2046 392 2100 ‘28.
434 2047 562 2102 Post
601 2050 716 2104 haec
767 2050 1062 2120 imperator
1110 2053 1402 2110 Gisilcrum
1451 2056 1820 2126 archiepisco-

231 2155 382 2208 pum,
439 2155 504 2194 eo
536 2142 675 2210 quod
717 2142 852 2196 duas
887 2153 1095 2200 teneret
1149 2149 1486 2216 parrochias,
1527 2150 1580 2203 iu
1626 2151 1816 2206 sinodo

230 2242 499 2284 accusans
522 2230 1049 2301 llom:ma,jmliciati
1075 2234 1136 2306 (Γ.
1168 2237 1274 2308 655‘)
1308 2253 1430 2294 eum
1457 2240 1723 2294 sententia
1749 2241 1816 2295 ab

230 2317 401 2373 editio
448 2323 700 2390 suspendi
739 2339 802 2377 ac
851 2340 946 2394 per
993 2327 1355 2384 b-ternuutios
1398 2331 1465 2386 ab
1520 2332 1816 2400 apostolico

230 2410 461 2463 eundem
492 2410 582 2464 illo
608 2414 790 2467 vocari
822 2417 1057 2486 precepit
1090 2418 1260 2489 (556).
1298 2419 1400 2486 Qui
1444 2430 1572 2475 tunc
1597 2421 1814 2490 paralisi

229 2515 548 2567 percussus,
596 2517 718 2557 cum
762 2504 865 2557 huc
907 2508 1090 2561 venire
1129 2509 1397 2578 nequiret,
1448 2511 1816 2566 Rotmaunum

231 2590 682 2657 misitclericum,
729 2594 820 2663 qui
864 2596 1194 2665 juramento.
1237 2601 1280 2654 si
1317 2600 1474 2656 aliter
1503 2603 1818 2658 noucrede-

233 2688 407 2742 retur,
466 2696 524 2735 se
567 2694 872 2739 excusaret.
927 2685 1076 2741 Datis
1120 2697 1232 2743 tum
1284 2690 1518 2747 induciis
1549 2691 1816 2764 differtur,

231 2785 410 2838 usque
435 2771 558 2824 dum
590 2774 866 2842 inperator
888 2791 1010 2833 cum
1042 2783 1590 2853 comprovincialibus
1613 2787 1820 2856 episeo-

231 2860 321 2930 pis
375 2862 477 2915 hoc
523 2863 789 2922 discutere
815 2868 1106 2926 ‘valuisset.
1169 2872 1362 2928 l’OStea
1403 2891 1575 2939 cesar,
1622 2878 1819 2934 auditis

233 2951 599 3016 mirabilibus,
647 2971 763 3024 qure
800 2974 895 3027 per
923 2960 1179 3018 dilectum
1226 2964 1328 3018 sibi
1357 2975 1649 3036 martyrem
1681 2968 1820 3022 lleus

232 3043 369 3099 fecit
399 3045 815 3112 1Etbelbertum,
847 3053 1108 3108 orationis
1139 3056 1310 3124 gratia
1332 3070 1396 3111 eo
1421 3072 1648 3129 pergere
1671 3057 1822 3114 festi-

234 3135 410 3188 navit.
458 3134 562 3190 Sed
601 3153 722 3192 cum
764 3141 1114 3197 llatisbonam
1153 3145 1384 3211 veniret,
1416 3162 1446 3200 a
1475 3147 1820 3214 Gebehardo,

1917 1959 2178 2031 martyris
2231 1958 2386 2012 fratri
2459 1958 2802 2022 Radimom,
2873 1958 3157 2026 eidemque
3209 1956 3502 2026 subjicicus

1919 2051 2308 2114 Reinbernum,
2355 2048 2522 2104 Salsce
2567 2049 2715 2120 (Sil)
2753 2049 3189 2120 Cholbergieusis
3229 2049 3489 2102 aeeclesiae

1919 2143 2253 2211 episcopum,
2304 2140 2612 2210 Popponem
2661 2140 3172 2202 Craeuaensem‘”,
3205 2136 3414 2192 Johann
3455 2155 3506 2191 m

1918 2233 2478 2299 \V'rotizlacnsems“,
2510 2232 2763 2302 Vuugero
2795 2232 3227 2287 [’osnanieusiCH
3258 2239 3508 2298 excepto;

1922 2327 2170 2397 factoque
2199 2328 2268 2383 ibi
2293 2326 2469 2392 altari,
2503 2338 2722 2383 sanctas
2751 2327 2802 2381 in
2845 2342 2910 2382 eo
2939 2325 3237 2381 honorifice
3265 2324 3509 2378 condidit.

1898 2419 2198 2490 _reliquias.
2252 2417 2512 2474 Perfectis
2541 2429 2668 2475 tunc
2699 2421 2970 2483 omnibus,
3005 2418 3057 2472 iu
3083 2423 3306 2487 pet'atur
3332 2430 3362 2471 a
3386 2429 3510 2485 pre-

1920 2509 2034 2564 fato
2089 2511 2226 2564 duce
2273 2510 2488 2581 magnis
2531 2511 2846 2564 muneribus
2885 2509 3197 2572 decoratur,
3264 2514 3320 2561 et
3366 2504 3510 2574 quod

1919 2604 2153 2661 maxime
2167 2603 2266 2660 sibi
2291 2603 2510 2675 placuit,
2527 2603 2783 2658 trecentis
2801 2597 3512 2665 militibusloricatis(542).

1920 2694 2076 2751 lluuc
2103 2695 2390 2750 abeuntem
2421 2694 2726 2748 Bolizlavus
2747 2693 3006 2748 comitatu
3035 2705 3204 2760 usque
3236 2688 3305 2743 ad
3331 2687 3518 2756 Maga«

1922 2786 2129 2856 daburg
2180 2784 2399 2838 deducit
2453 2781 2655 2853 cgrcjo,
2717 2782 2806 2835 ubi
2870 2780 3171 2850 palmarum
3225 2776 3508 2833 sollemnia

1921 2879 2134 2934 celebre
2155 2886 2373 2947 peracta
2425 2884 2570 2930 sunt.
2603 2873 2850 2929 Secunda
2894 2871 3028 2926 feria
3065 2868 3510 2940 archiepiscopus

1922 2967 2164 3033 ejusdem
2203 2967 2305 3020 loci
2363 2964 2706 3036 imperatoris
2747 2963 2926 3018 edictu
2959 2961 3195 3033 priorem
3231 2957 3513 3028 suscipere

1923 3062 2107 3117 sedem
2153 3071 2398 3131 rogatus,
2439 3060 2566 3114 data
2621 3056 2968 3112 internuntiis
3011 3067 3207 3124 magna
3256 3051 3511 3123 pecunia,

1925 3152 2170 3206 inducias
2200 3166 2368 3221 usque
2394 3151 2462 3204 ad
2483 3148 2926 3217 Quidilingeburg
2957 3145 3045 3199 vix
3074 3140 3405 3213 impetravit.
3429 3139 3516 3191 Fit

235 3226 482 3294 ejusdem
539 3230 796 3284 aeeclesize
847 3235 1112 3296 antistite.
1146 3238 1433 3306 magnifico
1467 3240 1672 3296 honore
1702 3259 1824 3297 sus-
1849 3215 1893 3276 (ἶ
1927 3245 2053 3299 illuc
2082 3259 2306 3314 magnus
2345 3249 2658 3297 senatorum
2683 3253 3007 3302 concursus;
3035 3233 3308 3305 paschalia
3334 3231 3510 3286 eciam

235 3325 431 3385 ceptus
472 3328 554 3374 est
585 3322 695 3388 (un.
737 3322 913 3394 1000),
945 3327 1332 3385 comitantibus
1375 3347 1556 3386 secum
1588 3333 1822 3390 Ziazone

237 3419 371 3462 time
419 3410 646 3479 patricio
697 3411 842 3483 (557)
885 3424 940 3468 et
984 3415 1258 3474 Robberto
1295 3421 1662 3479 oblaciouario
1696 3440 1821 3480 cum

236 3499 632 3554 cardinalihus.
663 3499 849 3558 Nullus
881 3505 1175 3574 imperator
1195 3508 1384 3577 majori
1417 3529 1674 3582 umquam
1705 3515 1822 3584 glo-

240 3589 323 3642 ria
352 3604 379 3642 a
418 3589 587 3644 Roma
617 3594 888 3660 egreditur
916 3611 1092 3664 neque
1119 3601 1427 3654 revertitur.
1456 3601 1591 3657 lluic
1618 3603 1819 3660 Gisile-

237 3697 337 3735 rus
361 3683 576 3736 obviam
611 3699 857 3756 pergens,
889 3690 1116 3758 gratiam
1168 3691 1284 3760 ejus
1314 3696 1559 3762 quamvis
1591 3712 1696 3750 non
1731 3697 1822 3752 tir-

239 3786 386 3825 maru
415 3777 735 3841 promeruit,
763 3786 817 3831 et
846 3780 1152 3835 comitatur.
1186 3782 1353 3836 Cesar
1387 3793 1566 3838 autem
1591 3786 1656 3839 ad
1684 3787 1819 3842 Citi-

235 3875 461 3916 censem
532 3866 852 3934 perveniens
929 3870 1138 3935 urbem,
1188 3887 1218 3925 a
1282 3874 1522 3928 secundo
1572 3875 1820 3946 linguae,

235 3951 483 4020 ejusdem
509 3956 650 4010 sedis
679 3958 942 4026 provisori
973 3962 1160 4026 tercio,
1189 3971 1248 4017 ut
1270 3963 1451 4017 decuit
1479 3965 1816 4035 imperatori,

236 4041 557 4112 suscipitur.
592 4045 899 4117 Deindeque
927 4061 1078 4104 recto
1112 4051 1307 4106 itinere
1337 4051 1661 4110 lilisnensem
1699 4066 1821 4112 ten-

239 4134 378 4188 dens
409 4139 476 4189 ad
519 4135 811 4203 civitatem,
836 4155 866 4194 a
894 4141 1188 4196 venerabili
1214 4142 1416 4212 Egedo,
1449 4143 1605 4212 huj‘ss
1631 4147 1813 4202 accele-

237 4223 338 4276 site
359 4223 633 4294 episcopo,
661 4236 716 4282 et
748 4243 778 4280 a
809 4230 1121 4284 marchione
1167 4230 1498 4295 Ekkihardo,
1547 4235 1642 4302 qui
1680 4238 1818 4306 apud

236 4327 366 4367 cum
397 4313 538 4368 inter
576 4317 864 4387 precipuos
891 4318 1209 4385 habebatur,
1247 4323 1636 4380 honorabiliter
1680 4327 1820 4381 acci-

1924 3337 1995 3392 ibi
2037 3343 2370 3407 peraguntur
2393 3331 2614 3404 gaudia;
2641 3339 2697 3384 et
2731 3329 2920 3384 habito
2970 3328 3024 3382 in
3063 3326 3099 3378 ‘2
3141 3323 3277 3378 feria
3302 3321 3512 3381 sinodo.

1923 3427 2121 3483 iterum
2171 3424 2233 3494 (f.
2265 3423 2372 3493 (ἰδ’)
2426 3421 2693 3478 Gisilcrus
2737 3426 2984 3475 vocatur.
3043 3415 3143 3471 [lic
3194 3412 3514 3469 inlirmitate

1921 3531 2214 3587 oppressus
2236 3515 2433 3580 valida,
2465 3529 2494 3568 a
2517 3512 2763 3584 predicto
2786 3518 3081 3566 excusatur
3101 3506 3425 3565 Rotmanuo,
3464 3513 3520 3555 et

1927 3610 1980 3663 in
2037 3607 2218 3662 multis
2262 3621 2293 3660 a
2333 3604 2653 3660 Walthcrdo
2696 3612 2824 3658 tunc
2864 3599 3142 3673 preposito
3182 3595 3514 3650 defenditur.

1927 3701 2189 3758 lndicitur
2217 3700 2345 3754 huic
2367 3698 2656 3752 concilium
2698 3697 2748 3750 in
2777 3692 3102 3765 Aquisgrani
3127 3691 3219 3757 ⁸⁷³,
3251 3703 3358 3759 quo
3402 3688 3517 3756 ipse

1929 3807 2051 3847 cum
2082 3791 2194 3844 suis
2223 3789 2464 3850 veniens,
2499 3788 2693 3842 iterum
2719 3785 2787 3839 ab
2821 3783 3212 3838 archidiacono
3258 3779 3516 3833 Romana:

1930 3881 2074 3937 sedis
2105 3879 2420 3949 alloquitur.
2464 3878 2565 3946 Qui
2611 3874 2842 3945 sapienti
2890 3871 3117 3928 consilio
3156 3885 3305 3931 usus,
3337 3884 3506 3936 gene-

1931 3970 2040 4024 rale.
2063 3970 2161 4025 sibi
2199 3966 2435 4039 postulat
2462 3967 2578 4022 dari
2611 3963 2898 4021 concilium
2927 3979 2942 4026 ;
2982 3961 3173 4030 sicque
3210 3959 3512 4014 indiscussa

1929 4060 2089 4115 dilata
2121 4066 2248 4115 sunt
2283 4058 2396 4111 haec
2441 4055 2642 4121 omnia,
2675 4068 2845 4122 usque
2876 4053 3000 4107 dum
3037 4051 3154 4105 lucc
3186 4049 3326 4104 Deus
3358 4047 3513 4100 tiuire

1929 4153 2183 4222 dignatus
2208 4158 2293 4206 est
2325 4150 2524 4205 nostris
2560 4145 2837 4219 propicius
2867 4143 3224 4213 temporibus.

1995 4242 2086 4296 29.
2129 4241 2428 4310 imperator
2473 4237 2753 4306 antiquam
2802 4233 3172 4289 Romanorum
3223 4236 3513 4284 consuetu-

1925 4329 2104 4384 dinem
2124 4329 2234 4401 jam
2263 4343 2327 4384 ex
2378 4335 2531 4400 parte
2576 4340 2772 4398 magna
2795 4323 2865 4356 ⁸⁷³
2893 4321 3129 4379 deletam
3154 4318 3267 4375 suis
3290 4317 3512 4389 cupiens

1533 4479 1764 4535 νΑιιιίΕ
1817 4481 2220 4539 LECTIO‘NES.

314 4585 380 4614 εει
423 4584 748 4640 achelheidis
786 4589 868 4642 la.
899 4587 1240 4642 adhelheidis
1276 4590 1351 4643 ir.

345 4725 564 4791 genesi"
608 4743 757 4781 eraso
781 4730 956 4798 priore
979 4743 1009 4780 e
1043 4729 1092 4781 1ο

238 4789 316 4823 ⁸⁷⁸
345 4789 551 4847 erasum
581 4807 651 4849 est
689 4799 736 4849 l.
781 4789 880 4829 ’⁸⁷⁸
916 4798 1365 4854 tmratizlaensem
1404 4804 1480 4854 lc.

1455 4592 1520 4622 ⁶⁶¹
1555 4593 1626 4645 ita
1656 4594 1731 4646 lc.
1768 4596 2047 4648 innoceret
2077 4595 2164 4647 lu.
2276 4595 2344 4626 ⁶⁶³
2378 4611 2430 4662 p.
2457 4593 2517 4647 Β.
2552 4609 2602 4661 p.
2637 4593 2762 4645 add.
2800 4593 2882 4646 ib.
3003 4592 3074 4622 ⁸⁸⁵
3102 4592 3366 4662 aet-heldis
3409 4654 3418 4662 .

241 4653 602 4733 anetbelheidis
624 4658 691 4708 ib.
718 4658 1152 4733 adhelheidisdc.
1212 4660 1284 4733 ff“
1302 4661 1428 4733 add.
1449 4662 1529 4714 lb.
1590 4664 1658 4693 “‘6
1691 4665 2226 4732 papa—succedente
2249 4651 2451 4733 scripsit
2491 4651 2568 4716 llr'.
2589 4664 2640 4714 in
2677 4666 2846 4729 spatio
2870 4676 3030 4733 rucuo
3055 4659 3233 4733 relicto
3262 4675 3292 4710 a
3319 4651 3532 4733 scrjlnig-r

1207 4729 1276 4762 ιε’
1309 4730 1662 4786 Posuauieusi
1691 4729 1842 4787 cdd.
1875 4736 1929 4787 2.

1559 4803 1627 4833 ⁶⁷²
1659 4805 2074 4872 posuauiensem
2111 4805 2197 4861 la.

2276 4595 2344 4626 osa
2378 4611 2430 4663 ρ,
2457 4593 2517 4647 Β,
2552 4609 2602 4661 ρ,
2637 4593 2762 4645 mm,
2800 4593 2882 4646 ιι),
3003 4589 3074 4622 θαι
3102 4586 3366 4663 aetlieldis
3409 4583 3509 4663 ja-

2033 4735 2100 4763 m
2133 4719 2289 4790 fratri
2322 4719 2412 4802 (ιίιί
2445 4746 2494 4788 et
2528 4719 2871 4802 (lutulentius
2895 4731 3034 4802 (illi).
3097 4727 3230 4802 Sex.
3253 4743 3321 4802 _a.
3354 4719 3514 4776 1000.

2277 4797 2648 4876 ετέειιιὶιὲιςιιιι
2688 4806 2733 4856 ι.
2813 4799 3006 4880 (an-6".
3040 4798 3166 4853 add-
3209 4797 3295 4850 “’-

1749 4916 1986 4973 ΝΟΤίῘῗ.

1749 4919 1789 4971 Ν
1846 4919 1986 4973 ΤᾸἾ.

318 5000 462 5077 (555)
493 5003 680 5077 Comes
719 5003 1016 5077 Becelinus
1049 5007 1123 5074 (in
1149 5020 1284 5075 pago
1321 5008 1556 5077 Chutizi)
1584 4919 1896 5075 occurri?!)
1926 5007 2172 5064 cabatur.

236 5073 295 5154 inn
326 5071 508 5154 charta
547 5073 761 5154 Qttouis
799 5075 939 5154 _i_t_np.
981 5071 1400 5148 de‘99l,'Sept.
1440 5071 1692 5148 l8.'apud
1716 5081 1822 5138 uo.

1932 5150 1970 5154 __
2005 5080 2153 5153 (558)
2196 5083 2369 5154 Pagus
2413 5093 2552 5133 inter
2615 5075 2811 5130 fluvios
2847 5073 3104 5136 Oderam,
3154 5069 3442 5154 Belieram
3490 5067 3556 5119 ει
