4042 5300
508 394 668 460 12οΤ

1434 398 1816 456 THIETMARI
1857 398 2484 460 MERSEBURGENSIS
2525 400 2831 460 EPISCOPI

3648 403 3787 459 1268

512 532 776 573 renovare
814 506 1184 590 ‘temporibus,
1235 514 1402 570 multa
1440 504 1704 583 faciebat,
1732 530 1853 585 quae
1892 515 2089 572 diversi
2121 530 2165 586 Α
2195 497 2392 573 venere
2440 518 2747 586 importuna
2762 518 2851 574 ⁸⁷³.
2884 515 3129 589 Namque
3168 517 3339 574 nostri
3375 518 3545 574 duces
3582 526 3640 573 et
3692 534 3807 574 θοι

513 596 728 668 diverse
771 611 1097 667 sentiebant.
1139 608 1299 665 Solus
1356 608 1423 663 ad
1467 622 1711 663 mensam
1743 608 1897 678 quasi
1930 610 2087 665 semi-

484 762 493 781 ‘
515 704 752 759 circulus
783 705 980 758 factam
1009 701 1128 757 loco
1149 701 1363 756 caeteris
1380 699 1451 734 ⁸⁷⁸
1474 701 1826 756 emiueueiori
1854 702 2101 757 sedebat.

484 785 697 875 :Karoli
725 794 927 850 cesaris
969 809 1112 857 ossa,
1146 793 1236 848 ubi
1281 793 1706 864 requiescerent,
1731 808 1856 848 cum
1891 792 2105 848 dubita-

516 897 623 950 ret,
676 893 832 956 rupto
880 883 1020 939 clam
1069 886 1418 954 pavimento,
1469 884 1561 940 ubi
1595 900 1657 938 ea
1711 899 1831 939 esse
1871 885 2100 953 putavit,

517 978 702 1033 fodere
736 991 1015 1047 quousque
1059 975 1173 1032 haec
1220 976 1272 1031 in
1311 976 1447 1032 solio
1493 976 1708 1032 inventa
1759 985 1883 1031 sunt
1930 978 2101 1047 regio,

512 1072 697 1141 jussit.
745 1070 975 1126 Crucem
1012 1070 1256 1136 auream,
1279 1086 1401 1141 quae
1441 1072 1493 1125 in
1519 1071 1656 1126 collo
1684 1070 1798 1137 ejus
1829 1071 2101 1142 pependit,

517 1160 641 1220 eum
669 1163 1109 1218 vestimentorum
1144 1173 1299 1232 parte
1347 1162 1523 1217 adhuc
1553 1162 1968 1232 imputribilium
2016 1178 2107 1217 su-

518 1270 689 1316 mens.
725 1261 919 1309 czetera
945 1268 1068 1307 cum
1085 1252 1432 1308 vederatione
1448 1267 1644 1322 magna
1677 1253 2104 1325 reposuit(543).

524 1345 632 1415 Sed
657 1344 783 1415 quid
829 1358 1122 1399 memorem
1181 1343 1419 1413 singulos
1468 1345 1706 1416 ejusdem
1760 1360 2011 1402 accessus
2054 1354 2110 1401 et

531 1451 783 1491 recessus
829 1449 925 1506 per
953 1449 1143 1490 omnes
1186 1435 1386 1489 suimet
1425 1436 1769 1507 episcopatus
1800 1445 1855 1492 et
1879 1438 2109 1493 comita-

519 1530 640 1585 tus?
660 1528 851 1601 (Pnun.
878 1529 931 1582 in
974 1528 1178 1598 Symm.
1207 1542 1267 1585 ιι.
1304 1527 1452 1600 766.)
1483 1528 1706 1584 Cunctis
1733 1531 1874 1600 apud
1904 1529 2108 1584 Trans-

521 1622 732 1691 alpinos
776 1622 913 1675 bene
953 1620 1259 1689 dispositis,
1317 1622 1620 1677 Romanum
1653 1621 1909 1676 visitabat
1948 1622 2113 1691 impe-

520 1715 683 1778 rium,
716 1713 1111 1784 Romuleasque
1156 1716 1405 1787 pervenit
1447 1721 1513 1768 ad
1541 1716 1741 1785 jarces;
1784 1713 1876 1768 ubi
1917 1712 1983 1767 ab
2005 1711 2105 1750 ⁸⁷⁸·

521 1805 819 1875 apostolico
866 1807 1182 1878 caeterisque
1236 1808 1572 1878 coepiscopis
1612 1806 1819 1883 magnis
1867 1805 2113 1861 laudibus

526 1898 844 1967 attscipitur.

592 1990 684 2046 '50.
723 1992 852 2047 Post
893 1992 1009 2049 litec
1059 1993 1171 2063 (an.
1236 1991 1396 2065 1001)
1428 1991 1742 2063 Gregorius,
1796 1992 1888 2064 qui
1934 1992 2111 2049 cesari

523 2083 681 2140 valde
726 2098 886 2140 carus
927 2094 1062 2148 erat,
1093 2085 1219 2140 dolo
1264 2101 1385 2140 eum
1428 2100 1623 2155 capere
1672 2083 1842 2149 nisus,
1875 2083 2112 2140 occultas

524 2175 785 2231 tendebat
834 2176 1081 2231 insidias.
1132 2175 1338 2243 Quibus
1367 2161 1612 2231 collectis
1642 2183 1695 2231 et
1727 2191 1791 2230 ex
1836 2174 2113 2245 inproviso

525 2270 786 2325 adversus
821 2285 942 2324 eum
968 2268 1079 2337 jam
1110 2270 1533 2340 insurgentibus,
1568 2269 1844 2339 inperator
1870 2268 1935 2324 de
1957 2276 2114 2338 porta

526 2374 650 2416 cum
698 2359 891 2429 paucis
936 2360 1131 2424 evasit,
1163 2364 1396 2413 maxima
1439 2374 1662 2414 suorum
1691 2369 1907 2414 caterva
1936 2358 2114 2414 socio-

527 2463 649 2505 rum
695 2447 934 2514 inclusa;
979 2457 1035 2503 et
1065 2448 1255 2519 vulgus
1293 2464 1591 2517 numquam
1645 2447 1758 2502 suis
1799 2454 2115 2502 contentum

490 2538 765 2595 ‘dominis
809 2526 1010 2594 malum
1061 2539 1186 2593 huic
1241 2538 1341 2609 pro
1383 2535 1640 2594 ineffabili
1699 2538 1901 2608 pietate
1955 2535 2117 2590 resti-

529 2631 635 2685 tuit
658 2629 830 2702 (5M).
859 2628 1240 2699 Delncjuuutio
1268 2630 1464 2685 suimet
1497 2642 1684 2685 omnes
1718 2643 1877 2684 cesar
1900 2627 2001 2683 sibi
2040 2626 2118 2681 fa-

530 2723 773 2779 miliares
818 2723 1108 2779 convenire
1152 2722 1277 2777 illuc
1318 2731 1473 2793 rogat
1510 2730 1564 2777 et
1603 2719 1856 2791 preei‘pit,
1895 2719 2119 2775 deman-

532 2819 672 2872 dans
699 2814 925 2886 singulis
956 2815 1280 2886 quibusque,
1326 2815 1369 2869 si
1403 2828 1660 2883 umquam
1687 2813 1753 2866 de
1784 2812 1988 2865 honore
2034 2809 2117 2864 sui

530 2910 619 2966 vel
669 2909 1042 2965 incolumitate
1076 2918 1352 2973 curarent,
1401 2909 1467 2962 ad
1498 2906 1866 2963 ulciscendum
1897 2920 2020 2960 eum
2056 2916 2122 2958 ac

534 3007 765 3077 a-uplius
811 3007 1068 3063 tuendum
1106 3016 1318 3061 armato
1358 3007 1423 3061 ad
1456 3021 1514 3061 se
1543 3004 1713 3060 milite
1742 3009 2116 3073 properarent.

539 3097 766 3153 Romani
808 3107 1014 3162 autem,
1064 3097 1394 3153 manifestati
1452 3104 1578 3151 tunc
1619 3094 1839 3150 sceleris
1880 3093 2034 3163 culpa
2052 3091 2122 3124 ⁸⁷⁸

538 3192 945 3257 erubescentes,
985 3206 1152 3262 seque
1200 3191 1431 3247 invicem
1476 3205 1637 3259 supra
1684 3188 1902 3244 modum
1937 3187 2125 3241 redar-

2203 609 2383 676 mites,
2420 624 2527 667 non
2566 610 2685 666 sine
2720 610 3135 667 conscientiam
3178 611 3579 682 episcoporum,
3620 609 3790 666 multa

2203 710 2398 759 contra
2421 718 2544 758 eum
2568 703 2887 774 conspirare
2922 698 3170 759 nituntur
3189 703 3282 768 ⁶⁸¹,
3320 702 3565 759 Hienrici
3612 703 3789 767 ducis.

2204 805 2393 870 postea
2444 800 2777 856 successoris
2824 800 2930 868 sui,
2971 800 3038 856 ad
3079 800 3184 856 hoc
3221 799 3481 856 auxilium
3510 799 3797 870 postulau-

2206 898 2310 946 tes.
2345 889 2443 946 llic
2483 890 2673 946 ultima
2705 891 2876 961 patris
2924 892 3121 948 suimet
3155 899 3211 947 et
3243 890 3492 962 equivoei
3515 890 3587 925 ⁸⁸⁸
3617 891 3799 947 moni-

2208 988 2285 1048 ta,
2323 981 2416 1052 qui
2451 982 2506 1037 in
2549 981 2896 1038 Gonneshem
2929 983 3001 1017 ⁸⁸³
3028 982 3165 1039 obiit
3209 998 3274 1039 ac
3315 984 3634 1054 requiescit,
3677 998 3796 1038 me-

2207 1074 2346 1129 mori
2381 1089 2607 1130 servans
2637 1075 2690 1129 in
2733 1082 2970 1146 pectore,
2990 1083 3048 1130 et
3073 1075 3176 1130 sibi
3206 1074 3471 1131 hactenus
3499 1074 3556 1129 in
3576 1074 3798 1131 cunctis

2209 1165 2402 1230 ﬁdelis.
2438 1165 2642 1221 nullum
2680 1165 2766 1221 his
2799 1164 3346 1237 prebuit'assensum.
3381 1165 3673 1237 lnperator
3692 1165 3798 1219 hoc

2209 1260 2396 1315 Statim
2443 1259 2782 1330 comperiens
2850 1266 2906 1313 et
2966 1257 3197 1329 patienti
3258 1256 3440 1313 ferens
3477 1256 3690 1323 animo,
3743 1255 3798 1310 in

2208 1350 2530 1407 Paterna‘m
2587 1352 2722 1408 urbe
2796 1348 3045 1422 pustellis
3106 1348 3371 1404 interiora
3421 1346 3803 1419 prementibus

2210 1454 2265 1500 et
2296 1445 2564 1500 interdum
2589 1442 2849 1514 paulatim
2872 1440 3607 1512 erumpentibusiufirmatur
3624 1437 3801 1508 (545).

2213 1535 2315 1603 Qui
2358 1534 2496 1589 facie
2527 1533 2706 1589 clarus
2737 1549 2803 1588 ac
2831 1531 2933 1588 ﬁde
2972 1530 3343 1602 precipuus,9
3400 1528 3521 1583 Kal.
3556 1527 3805 1583 Februa-

2215 1627 2280 1681 rii
2315 1625 2463 1695 (540)
2522 1624 2752 1679 Romani
2803 1639 3004 1679 corona
3039 1623 3253 1694 imperii
3280 1622 3449 1677 exivit
3484 1621 3556 1676 ab
3578 1621 3683 1675 hoc
3714 1634 3804 1674 se-

2215 1716 2337 1772 culo
2363 1715 2473 1783 (an.
2522 1714 2704 1785 1002),
2746 1714 2859 1771 suis
2888 1713 3306 1785 insuperabilem
3340 1711 3659 1781 relinquens
3693 1724 3807 1764 me-

2219 1823 2420 1872 rorem,
2466 1808 2595 1878 quia
2636 1814 2879 1878 tempore
2922 1820 2989 1862 eo
3033 1820 3139 1860 non
3184 1803 3286 1859 fuit
3327 1802 3474 1859 ullus
3501 1801 3716 1875 largior
3740 1814 3807 1854 ac

2144 1911 2189 1971 Β
2217 1913 2315 1971 per
2363 1901 2545 1955 omnia
2578 1899 2906 1955 clemeneior
2952 1898 3064 1954 illo.
3110 1897 3231 1953 Alfa
3265 1906 3321 1952 et
3354 1895 3400 1954 Ο
3429 1897 3621 1968 (Apoc.
3664 1911 3708 1961 ι,
3747 1896 3805 1964 8)

2212 1993 2537 2050 misereatur
2589 1992 2758 2058 com,
2792 1992 3034 2048 tribuens
3076 2006 3177 2063 pro
3218 1989 3402 2060 parvis
3447 1992 3671 2061 magna,
3706 2002 3810 2059 pro

2215 2083 2603 2153 temporalibus
2632 2083 2988 2153 sempiterna.

2283 2175 2375 2230 31.
2416 2174 2503 2230 ilii
2543 2184 2748 2239 autem,
2777 2173 3159 2245 qui‘extremis
3195 2173 3312 2243 ejus
3339 2171 3665 2237 intererant,
3692 2170 3811 2226 hac

2216 2277 2327 2323 tam
2387 2267 2480 2323 diu
2535 2267 2805 2331 eelehant,
2841 2268 3020 2336 quoad
3065 2265 3341 2321 exercitus
3396 2263 3644 2334 undique
3694 2272 3809 2318 tum

2216 2359 2498 2429 dispersus
2525 2372 2622 2428 per
2643 2356 3005 2412 internuntios
3042 2355 3410 2426 colligeretur.
3445 2353 3605 2409 Tunc
3636 2354 3812 2408 tristis

2219 2449 2377 2504 turba
2414 2447 2594 2504 dilecti
2659 2446 2890 2503 senioris
2961 2462 3160 2516 corpus
3222 2445 3482 2502 comitata
3514 2485 3532 2508 ,
3578 2457 3813 2514 magnas

2216 2542 2480 2598 bellorum
2537 2542 2859 2613 asperitates
2888 2541 2919 2595 7
2954 2540 3072 2596 dies
3110 2540 3367 2596 continue
3400 2553 3668 2610 perpessa
3695 2546 3811 2603 est;

2219 2635 2477 2705 nullaque
2521 2634 2828 2690 securitatis
2868 2634 3139 2690 eertitudo
3173 2633 3242 2689 ab
3273 2633 3525 2689 hostibus
3546 2646 3813 2688 concessa

2219 2736 2323 2793 est,
2354 2728 2457 2782 nisi
2488 2736 2599 2782 tum
2640 2727 2947 2791 dumtaxat,
2989 2727 3206 2797 quando
3238 2726 3303 2781 ad
3351 2725 3590 2782 Bernam
3622 2739 3814 2795 perre-

2220 2821 2378 2877 niunt
2408 2820 2703 2875 civitatem.
2730 2819 2866 2874 Exin
2896 2835 3019 2875 cum
3044 2821 3111 2874 ad
3140 2818 3613 2891 (f.‘68)l"ollingun
3640 2818 3815 2890 (517).

2220 2920 2430 2968 curtem
2488 2909 2729 2981 Sigifridi
2773 2910 3003 2982 presulis
3040 2911 3369 2982 Augustanze
3428 2910 3711 2976 venirent,
3743 2913 3809 2965 δ’)

2220 3005 2485 3062 Heinrieo
2523 3006 2659 3061 duce
2678 3005 2935 3076 suscepti,
2958 3004 3202 3059 lacrimis
3233 3001 3476 3074 ejusdem
3515 3003 3814 3058 vehemen-

2230 3104 2316 3152 ter
2339 3096 2536 3152 iterum
2571 3095 2833 3152 commoti
2855 3104 3003 3151 sunt.
3032 3094 3178 3163 Quos
3207 3092 3547 3164 singulatim,
3582 3102 3643 3147 ut
3671 3108 3734 3148 se
3763 3092 3813 3145 in

2227 3190 2508 3246 dominum
2556 3189 2657 3244 sibi
2709 3200 2766 3244 et
2818 3202 2997 3256 regem
3044 3188 3244 3258 eYigere
3276 3185 3603 3250 voluissent,
3636 3184 3815 3239 multis

540 3271 787 3353 iueutcs,
823 3299 1017 3339 omnes
1062 3283 1305 3339 inclusos
1348 3283 1579 3336 emisere
1610 3295 1854 3344 securus,
1892 3279 2123 3350 gratiam
2153 3259 2198 3324 ο
2228 3280 2680 3352 promissionibus
2704 3281 2986 3345 hortatur;
3017 3286 3072 3332 et
3098 3293 3297 3349 corpus
3323 3276 3678 3347 imperatoris
3698 3291 3816 3330 cum

542 3375 890 3445 imperatoris
939 3385 994 3431 et
1054 3390 1242 3453 pacem
1295 3376 1469 3430 modis
1514 3374 1769 3428 omnibus
1814 3371 2128 3442 suppliciter

543 3474 881 3537 expetentes.
961 3466 1108 3534 Quos
1185 3467 1509 3536 ubicumque
1603 3465 1687 3519 vel
1759 3465 1809 3518 in
1858 3465 1989 3534 ipsis
2045 3462 2129 3518 vel

544 3558 599 3612 in
655 3559 816 3614 rebus
865 3560 979 3613 suis
1028 3573 1186 3614 cesar
1234 3557 1413 3612 ledere
1454 3558 1646 3628 potuit,
1710 3556 1891 3611 verbis
1924 3572 2130 3611 eorun-

543 3648 667 3706 dem
707 3651 1060 3705 mendacibus
1119 3649 1387 3712 difﬁdens,
1440 3664 1638 3704 nocere
1709 3663 1814 3702 non
1872 3647 2127 3702 tardavit.

544 3744 746 3800 Omnes
795 3743 1041 3815 regiones
1070 3757 1190 3812 qua:
1221 3742 1495 3797 Romanos
1541 3750 1596 3796 et
1630 3739 2015 3811 Longobardos
2042 3752 2130 3794 re-

547 3837 869 3906 Spiciebant,
901 3851 1016 3890 suae
1057 3832 1514 3889 dominacioni‘"
1569 3830 1800 3886 fideliter
1847 3830 2130 3893 subditas,

546 3926 716 3982 lloma
743 3926 938 3990 solum,
969 3940 1129 3996 quam
1166 3940 1264 3995 pre
1290 3924 1501 3979 caeteris
1528 3922 1784 3995 diligebat
1818 3936 1882 3977 ac
1920 3936 2136 3991 semper

546 4018 850 4081 excolebat,
900 4024 1148 4086 excepta.
1191 4016 1447 4072 habebat.
1480 4014 1848 4070 Couveniente
1874 4022 1985 4067 tum
2011 4026 2133 4067 cum

549 4109 855 4175 Heriberto,
888 4118 1090 4165 sanctae
1112 4108 1181 4142 ⁸⁷⁸
1219 4107 1496 4178 Αενίιιῑηω
1530 4106 1969 4175 archiepiscopo,
2017 4103 2138 4173 plu-

548 4203 688 4258 rima
712 4202 949 4258 fidelium
989 4202 1165 4265 turba,
1190 4201 1469 4271 inperator
1506 4200 1760 4270 hetatur;
1792 4207 1846 4253 et
1887 4196 2137 4269 quamvis

550 4293 792 4365 exterius
826 4293 979 4357 vultu
1023 4308 1238 4363 semper
1279 4293 1435 4348 hilari
1499 4306 1559 4348 se
1604 4291 1910 4355 simularet,
1955 4299 2135 4346 tamen

552 4386 900 4441 conscientire
950 4394 1163 4443 secreto
1202 4385 1435 4458 plurima
1473 4385 1833 4457 ingemiscens
1871 4381 2137 4446 facinora,

554 4476 735 4531 noctis
792 4476 1008 4535 silentio
1042 4478 1237 4548 vigiliis
1272 4477 1730 4544 oracionihusque
1773 4471 2015 4535 intentis,
2056 4471 2138 4524 la-

552 4570 853 4628 crimarum
882 4586 1097 4640 quoque
1128 4570 1260 4624 rivis
1299 4569 1520 4624 abluere
1550 4582 1656 4622 non
1687 4564 1748 4634 (f.
1780 4563 1871 4634 67)
1899 4561 2135 4643 desistit.

557 4664 926 4734 Sepenumero
974 4677 1188 4717 omnem
1233 4660 1609 4725 ehzlomadam,
1644 4665 1870 4727 excepta
1908 4655 1943 4709 5
2005 4653 2138 4710 feria

554 4755 771 4831 jejunus
843 4744 1162 4825 perducens,
1254 4753 1305 4806 in
1368 4752 1679 4821 elemosinis
1738 4747 1894 4802 valde
1956 4746 2141 4816 largus

558 4849 788 4905 exstitit.
825 4846 1358 4918 Appropinquantem
1408 4844 1528 4916 ejus
1570 4844 1777 4901 obitqu
1817 4841 1982 4898 multa
2014 4855 2138 4912 pre-

2232 3382 2496 3455 appa_ratu
2532 3372 2820 3443 imperiali,
2851 3372 3042 3427 lancea
3065 3371 3351 3425 dumtaxat
3372 3378 3625 3440 excepta,
3658 3383 3816 3438 quam

2232 3465 2551 3521 Heribertus
2573 3464 2911 3536 archipresul
2943 3463 3082 3520 clam
3114 3462 3454 3533 premitlens,
3485 3475 3644 3515 suam
3673 3472 3818 3514 sum-

2231 3555 2427 3626 psit‘m
2460 3557 2510 3610 in
2545 3564 2887 3626 potestatem.
2919 3553 3374 3622 Archiepiscopns
3396 3560 3586 3606 autem
3634 3559 3820 3605 custo.

2233 3648 2321 3703 dia
2375 3661 2668 3716 parumper
2702 3646 2974 3709 detentus,
3008 3644 3197 3699 relicto
3237 3643 3310 3697 ibi
3364 3656 3463 3712 pro
3509 3638 3818 3694 vadimonio

2234 3742 2434 3801 suimet
2470 3740 2660 3803 fratre,
2714 3753 2834 3792 cum
2876 3736 3093 3791 licentia
3143 3734 3299 3799 abiit,
3336 3749 3401 3788 ac
3433 3747 3653 3788 sacram
3694 3745 3817 3795 mox

2236 3832 2480 3887 lanceam
2507 3829 2737 3887 remisit.
2783 3829 2830 3882 Is
2858 3843 2980 3882 cum
3006 3824 3281 3890 omnibus,
3329 3823 3422 3894 qui
3448 3824 3558 3878 huc
3599 3823 3817 3892 inpera-

2237 3926 2370 3981 toris
2402 3923 2562 3978 funus
2592 3920 2980 3991 sequebantur,
3008 3925 3236 3987 excepto
3262 3913 3509 3969 antistite
3538 3912 3817 3984 Sigifrido,

2236 4017 2360 4074 duci
2403 4024 2531 4071 tunc
2570 4030 2675 4070 non
2715 4011 3126 4075 consenciebat,
3164 4021 3340 4077 neque
3378 4006 3608 4061 omnino
3628 4004 3699 4035 ⁸³⁷
3730 4004 3821 4057 de-

2236 4111 2489 4184 negabat,
2522 4108 2617 4165 sed
2660 4124 2767 4177 quo
2791 4106 2860 4138 ⁸⁸⁸
2908 4105 3099 4160 melior
3133 4111 3185 4158 et
3218 4100 3393 4170 major
3425 4098 3609 4171 populi
3654 4096 3821 4152 tocius

2236 4220 2366 4275 pars
2388 4220 2447 4259 se
2471 4202 2777 4266 inclinaret,
2821 4199 3054 4255 libenter
3087 4208 3440 4251 assensurum
3488 4191 3820 4262 pronuncia-

2239 4296 2352 4350 bat.
2379 4294 2493 4347 Dux
2533 4306 2661 4347 vero
2705 4304 2827 4345 cum
2858 4289 2943 4344 his
2995 4286 3363 4355 Augustanam
3408 4283 3692 4351 attingens
3732 4295 3820 4331 nr-

2239 4384 2385 4451 bem,
2430 4384 2609 4439 dilecti
2682 4381 2911 4438 senioris
2960 4374 3215 4434 intestina
3255 4373 3464 4431 duabus
3521 4371 3824 4441 lagunculis

2239 4478 2389 4547 prius
2417 4476 2705 4547 diligenter
2727 4473 2982 4543 reposita,
3029 4470 3082 4524 in
3110 4466 3350 4523 oratorio
3377 4465 3554 4520 sancti
3594 4461 3824 4533 presulis

2244 4567 2527 4630 Othelrici,
2558 4564 2701 4635 quod
2725 4565 2777 4618 in
2810 4564 3068 4617 honorem
3096 4557 3215 4627 ejus
3245 4553 3554 4618 Liudulfus,
3583 4551 3823 4623 ejusdem

2247 4657 2507 4714 mcclcsia:
2550 4657 2854 4725 episcopus,
2912 4650 3237 4715 construxit,
3288 4647 3343 4703 in
3406 4642 3639 4701 australi
3677 4650 3826 4713 parte

2240 4749 2563 4804 monasterii
2591 4755 2792 4803 sancta:
2817 4742 3073 4814 martyris
3099 4739 3244 4795 Afra:
3272 4736 3567 4810 sepultura
3596 4735 3828 4789 honora-

2246 4840 2343 4895 bili
2395 4838 2659 4901 tradidit,
2698 4844 2754 4891 et
2788 4835 2859 4891 ob
2907 4834 3100 4888 anima:
3146 4827 3445 4886 remedium
3480 4840 3598 4882 sua:
3637 4820 3825 4879 {00"

1856 4974 2094 5033 VARUE
2128 4971 2535 5031 LECTIONES.

630 5091 941 5148 ’παιδικῆς
969 5107 1107 5146 corr.
1137 5092 1401 5146 reterisl.
1433 5091 1525 5124 ⁸⁷⁸⁸
1571 5090 1687 5164 Vid.
1714 5104 1826 5145 var.
1858 5087 2080 5164 Iec_l.°_"*.
2210 5085 2364 5164 culpa
2390 5100 2448 5139 se
2481 5086 2561 5138 In.
2596 5082 2898 5164 culpam}.
2934 5077 3077 5164 SAa.
3100 5079 3257 5164 lOOI.
3332 5078 3401 5164 ιζ’
3425 5074 3617 5164 mue.
3646 5071 3826 5164 doma-

3502 5144 3554 5164 ιο
3574 5140 3756 5164 ----..-ξ
3780 5139 3797 5164 Ι
