4042 5300
273 168 410 224 1269

1505 167 1919 223 CllRONlCON.
1957 199 1980 207 -
2068 167 2192 222 LIB.
2237 165 2322 221 l\'.

3392 171 3528 256 4270

268 294 486 335 mansos
530 278 763 350 propria:
812 278 1129 335 hereditatis
1181 280 1472 335 concessit.
1526 283 1836 353 Deindequc
1867 287 1911 344 Α
1942 281 2164 350 supplici
2209 279 2559 350 impenditur.
2600 279 2632 335 6
2664 272 2831 344 feria
2866 279 3213 336 illucescente
3247 283 3320 315 '°°
3359 283 3521 337 furius

266 370 490 424 dimissa
515 387 636 424 cum
686 385 817 441 pace
849 386 1041 440 magna
1071 370 1432 434 multitudine,
1464 371 1529 424 ad
1568 373 1844 426 civitatem

261 478 438 521 suam.
476 478 597 532 qua:
631 461 778 517 Nova
824 474 1050 519 vocatur
1077 462 1248 534 (548),
1275 479 1472 534 corpus
1499 464 1702 518 cesaris
1725 478 1848 533 pro-

263 556 530 622 s.,-qui!ur.
565 554 868 626 Posteaque
910 557 977 610 ab
1017 557 1276 624 equivoco
1323 558 1522 611 suimet
1570 557 1844 621 llcinrico,

263 643 419 712 cujus
465 660 705 699 sororem
756 646 971 700 vivente
1023 646 1097 715 (Γ.
1127 646 1249 718 68‘)
1300 648 1698 717 inperatore°9°
1731 648 1844 718 jam

261 735 436 797 duxit,
472 736 784 806 suppliciter
814 747 1088 801 exoratus,
1139 740 1352 792 tandem
1384 755 1603 808 corpus,
1644 740 1846 795 valedi-

261 839 391 879 cens
431 825 679 895 singulis,
722 827 788 880 ad
820 827 931 882 loca
961 827 1231 882 destinata
1260 829 1407 898 (549)
1441 829 1664 882 dimisit.

331 915 423 968 32.
451 915 674 970 Interim
701 917 971 988 principes
1011 918 1280 983 Saxoniae,
1312 927 1585 988 comperta
1615 919 1843 974 senioris

259 1006 343 1060 sui
374 1021 504 1060 nece
535 1006 827 1072 inmatura,
860 1008 926 1061 ad
955 1008 1180 1062 Frasam
1204 1019 1414 1063 curtem
1435 1011 1841 1080 regiam,qnam

260 1106 389 1151 tunc
417 1097 746 1151 Guncelinus
769 1113 950 1153 comes
977 1116 1043 1153 ex
1072 1109 1224 1169 parte
1250 1101 1574 1170 inperatoris
1604 1102 1653 1155 in
1681 1100 1840 1154 bene-

259 1186 433 1240 ﬁt‘um
483 1186 673 1248 tenuit,
732 1186 913 1242 tristes
962 1189 1313 1253 conveniunt,
1361 1189 1627 1245 Gisilerus
1661 1190 1840 1244 archi-

254 1279 542 1350 episcopus
591 1279 1102 1351 Magadaburgeusis
1147 1297 1268 1336 cum
1311 1282 1664 1352 coepisc0pis.
1713 1283 1841 1337 Ber-

254 1372 502 1426 nhardus
542 1373 672 1437 dux,
738 1371 1054 1427 Liutbarius
1116 1381 1172 1426 et
1218 1372 1565 1428 Ekkihardus
1602 1389 1663 1428 ac
1695 1372 1839 1429 Gero

254 1461 623 1525 marchiones,
661 1476 784 1516 cum
824 1462 1176 1531 optimatibus
1220 1463 1394 1532 regni,
1441 1465 1508 1516 de
1552 1473 1696 1517 statu
1759 1463 1836 1520 rei

253 1554 469 1625 publice
497 1563 815 1612 tractantes.
848 1554 1045 1612 Comes
1080 1565 1259 1611 autem
1286 1557 1598 1612 Lintharius
1630 1568 1686 1613 ut
1717 1573 1840 1627 pcr-

1948 373 2238 436 elevatum,
2267 373 2334 426 ad
2360 372 2699 442 Aquasgraui
2729 381 2921 426 sancto
2961 371 3279 440 perducitur
3311 372 3362 426 in
3404 373 3530 426 sabo

1947 465 2105 524 hato;
2139 464 2226 519 die
2265 479 2394 518 vero
2423 463 2692 520 dominica
2730 462 2782 515 in
2822 461 3067 517 :ecclesia
3108 470 3308 517 sanctae
3349 461 3530 516 Marize

1948 571 2162 626 semper
2198 557 2421 627 virginis
2460 557 2512 611 in
2551 556 2727 610 medio
2760 555 3022 625 sepelitur
3067 555 3252 610 choro.
3299 555 3531 626 lnpensa

1947 647 2014 700 ab
2061 661 2126 700 eo
2187 647 2399 701 cunctis
2449 647 2623 716 pictas
2674 647 2872 701 obnixe
2925 645 3208 700 oraciones
3266 644 3539 716 ﬂetusque

1947 737 2117 790 suasit
2156 737 2456 806 perducere
2497 747 2906 808 concrepantes.
2949 736 3244 792 Dominicm
3286 752 3530 791 resurre-

1945 828 2140 882 ctionis
2173 829 2336 894 festa,
2365 830 2676 900 angelorum
2718 846 2782 884 ac
2829 831 3105 885 hominum
3152 829 3345 898 gaudia
3383 844 3529 884 com-

1945 919 2181 972 muniter
2212 919 2605 990 gratulabunda
2625 959 2639 986 ,
2667 929 2886 990 propter
2921 918 3272 990 fragilitatem
3304 919 3374 950 "°‘
3398 933 3528 972 cm:-

1943 1009 2274 1064 venicntium
2315 1025 2421 1064 non
2467 1010 2753 1064 valuerunt
2785 1010 2943 1080 digna
2986 1009 3344 1063 veneracionc
3381 1023 3531 1061 com-

1942 1105 2099 1174 pleri,
2131 1105 2256 1174 quia
2286 1106 2527 1175 peccatis
2555 1106 2656 1160 hoc
2691 1100 3270 1175 promerentibus'suis
3295 1118 3530 1174 agnove-

1943 1205 2068 1250 runt
2101 1198 2306 1266 pariter
2341 1198 2634 1252 vindictam
2669 1199 2781 1252 Dei.
2823 1196 3080 1265 Acquirat
3129 1197 3322 1250 animm
3371 1196 3528 1250 istius

1945 1289 2154 1343 veniam
2193 1305 2316 1344 cum
2353 1290 2613 1354 lacrimis,
2643 1290 2972 1359 quicumque
2996 1289 3065 1342 sit
3097 1288 3435 1358 professione
3465 1289 3527 1341 ti-

1943 1380 2079 1435 delis
2105 1382 2176 1412 ⁷⁰¹
2216 1380 2361 1447 Deo,
2391 1381 2533 1450 quod
2565 1382 2611 1436 is
2641 1381 2708 1414 ‘5”
2745 1388 2984 1434 nostram
3023 1393 3285 1434 renovare
3321 1379 3530 1432 studuit

1940 1473 2241 1530 mcclesiam
2271 1484 2466 1530 conatu
2500 1473 2695 1529 mentis
2723 1465 3260 1540 summo.Pereipiat
3288 1470 3340 1524 in
3381 1480 3526 1524 terra

1940 1566 2235 1622 viventium
2269 1581 2483 1636 semper
2507 1565 2818 1634 adeptatam
2856 1562 2918 1634 (Γ.
2951 1562 3058 1631 69')
3090 1559 3527 1617 communionem

251 1647 430 1718 primo
476 1648 764 1716 persensit,
813 1646 1178 1703 Eltk-ihardum
1209 1663 1268 1704 se
1297 1649 1430 1704 velle
1475 1650 1716 1704 exaltare
1740 1664 1833 1704 su-
1867 1643 1910 1702 Β
1939 1657 2150 1726 piorum
2191 1673 2314 1712 cum
2360 1657 2515 1712 bonis
2561 1655 2771 1711 Domini
2819 1653 3190 1720 indcfcetivis,
3244 1652 3335 1723 qui
3388 1665 3530 1707 sem-

247 1753 350 1809 per
377 1753 458 1803 se,
487 1738 954 1807 archiepiscopum
985 1739 1287 1807 predictum
1316 1747 1370 1794 et
1399 1740 1676 1794 meliorem
1709 1753 1829 1808 pro-

248 1841 434 1882 cerum
464 1837 674 1897 partem
696 1828 750 1882 in
773 1839 1042 1883 secretum
1077 1826 1222 1883 foras
1245 1828 1455 1882 vocavit
1483 1828 1834 1896 colloquium,

247 1918 353 1974 hoc
387 1918 639 1974 omnibus
691 1919 828 1974 dans
858 1918 1165 1984 consilium,
1201 1927 1257 1972 ut
1295 1917 1608 1986 juramento
1648 1919 1834 1972 ﬁrma-

247 2019 395 2074 rent,
428 2024 489 2065 se
537 2010 742 2065 nullum
775 2011 876 2066 sibi
903 2011 1180 2065 dominum
1215 2011 1295 2066 vel
1318 2026 1500 2081 regem
1534 2011 1835 2066 communi-

247 2111 332 2159 ter
380 2103 463 2158 vel
503 2103 849 2175 singulariter
877 2104 1150 2160 eleeturos
1206 2113 1334 2160 ante
1372 2104 1724 2160 constitutum
1779 2102 1833 2156 in

247 2192 434 2248 Werlo
484 2193 834 2264 colloquium.
884 2193 1038 2261 Quod
1101 2195 1170 2248 ab
1207 2193 1460 2249 omnibus
1533 2192 1828 2256 laudatum,

243 2295 474 2356 excepto
516 2285 849 2351 Ekkihardo,
878 2295 933 2341 et
963 2285 1324 2341 collaudatum
1358 2294 1461 2341 est.
1493 2284 1592 2341 llic
1617 2300 1674 2340 se
1702 2299 1834 2356 pau-

241 2375 414 2431 lulum
447 2392 478 2431 a
509 2379 662 2449 regni
715 2378 932 2450 fastigio
965 2381 1188 2436 dilatum
1229 2379 1469 2450 graviter
1505 2379 1686 2433 ferens
1711 2393 1836 2433 eru-

240 2469 361 2538 pit:
396 2467 440 2523 0
491 2468 739 2524 Liuthari
784 2488 975 2536 cautes,
1006 2471 1255 2541 inquiens
1276 2471 1366 2536 ‘9‘,
1399 2471 1526 2541 quid
1549 2470 1618 2501 m
1649 2469 1836 2524 adver-

238 2563 380 2615 δαν-ὅτ
403 2562 428 2614 ?
463 2561 529 2615 Et
565 2561 655 2618 ille
687 2579 700 2616 :
728 2563 893 2627 Num,
937 2563 1142 2634 inquid,
1168 2561 1350 2616 currui
1375 2561 1444 2594 ⁸⁸³
1475 2572 1566 2615 tuo
1587 2568 1833 2631 quartam

239 2651 420 2708 deesse
455 2669 554 2706 non
589 2654 747 2708 sentis
771 2654 982 2708 rotam?
1009 2652 1157 2722 (550)
1198 2651 1286 2708 Sic
1311 2651 1379 2684 ‘9‘
1413 2652 1714 2720 interrupta
1750 2657 1836 2704 est

237 2745 535 2811 elcccio,et
558 2746 616 2800 iit
638 2762 762 2800 vera
791 2745 1234 2815 antiquorumm"
1267 2743 1488 2807 relacio,
1512 2744 1653 2812 quod
1676 2740 1836 2795 unius

237 2837 422 2891 noctis
474 2836 802 2893 intermissio
868 2837 963 2890 liat
1013 2837 1173 2892 unius
1224 2835 1350 2890 anni
1408 2834 1624 2897 dilacio,
1655 2842 1708 2887 et
1740 2831 1833 2885 illa

236 2940 418 2995 usque
467 2926 519 2980 in
561 2927 724 2982 linem
757 2927 879 2982 vita:
943 2925 1104 2997 hujus
1155 2923 1524 2996 prolongacio.
1565 2922 1834 2991 Tempore

1938 1763 2037 1818 per
2068 1748 2136 1790 ‘9“
2167 1749 2377 1803 studuit
2399 1748 2643 1803 misereri
2670 1744 2906 1800 miseris.

2009 1838 2098 1892 51.
2142 1838 2373 1894 Maxima
2409 1853 2532 1908 pars
2561 1851 2866 1907 procerum,
2899 1833 2988 1903 qui
3027 1832 3134 1887 hiis
3165 1832 3537 1888 interfuerunt-

1936 1931 2204 2001 exequiis,
2235 1929 2568 1986 llerimanno
2595 1925 2716 1982 duci
2745 1927 2894 1998 (551)
2922 1926 3182 1979 auxilium
3207 1923 3532 1994 promittunt

1937 2024 2004 2077 ad
2044 2039 2271 2091 regnum
2321 2021 2709 2092 acquirendum
2767 2028 2821 2074 et
2871 2018 3152 2083 luendum,
3203 2015 3525 2071 Heinrieum

1938 2114 2274 2167 mcncientes
2303 2111 2370 2166 ad
2406 2112 2508 2165 hoc
2531 2126 2636 2165 non
2664 2124 2783 2164 esse
2807 2109 3057 2164 idoneum
3083 2115 3302 2179 propter
3330 2103 3528 2160 multas

1938 2219 2232 2258 causarum
2269 2201 2582 2270 qualitates.
2623 2199 2962 2271 Longabardi
3000 2212 3213 2264 autem,
3247 2197 3431 2251 audito
3456 2195 3542 2229 τη·

1939 2295 2286 2364 imperatoris
2317 2293 2590 2358 discessu,
2625 2293 2691 2348 de
2727 2291 2924 2347 futuris
2952 2292 3024 2346 nil
3060 2291 3276 2347 solliciti
3299 2331 3311 2351 ,
3352 2305 3528 2358 neque

1937 2387 2003 2442 de
2059 2386 2238 2455 dignis
2299 2384 2612 2454 penitentiae
2677 2382 2942 2438 fructibus
3007 2381 3222 2450 cupidi,
3278 2379 3524 2434 llardwi-

1938 2493 2062 2548 gum
2089 2475 2236 2545 (ὅςὴ)
2261 2475 2360 2529 sibi
2387 2475 2439 2529 in
2474 2488 2653 2544 regem
2681 2473 2980 2543 elegerunt,
3002 2470 3314 2526 destruendi
3339 2469 3525 2539 pocius

1936 2583 2163 2638 gnarum
2191 2567 2324 2622 artis
2350 2581 2510 2636 quam
2535 2563 2775 2633 regendi,
2805 2571 2862 2617 ut
2885 2563 2936 2616 in
2962 2561 3145 2615 divino
3164 2559 3370 2626 judicio
3393 2549 3524 2627 ipsis
3603 2624 3615 2633 Ὠ

1936 2669 2060 2731 past
2089 2659 2283 2714 claruit
2306 2659 2462 2729 hujus
2493 2657 2568 2712 rei
2599 2654 2936 2711 auctoribus.
2968 2654 3075 2709 Sed
3105 2655 3221 2708 hme
3254 2653 3525 2722 posterius

1937 2753 2254 2820 exponenda
2285 2749 2358 2781 τοι
2387 2748 2721 2817 relinquens,
2750 2747 2818 2801 ab
2853 2761 2919 2801 eo
2949 2744 3204 2814 incipiam
3248 2742 3522 2810 scribere,

1938 2841 2029 2912 qui
2051 2842 2249 2912 pietate
2267 2839 2450 2894 divina
2480 2849 2535 2893 et
2564 2838 2768 2893 virtute
2795 2853 2890 2892 sua
2917 2851 3107 2892 omnes
3134 2833 3206 2867 ⁷⁰³
3234 2834 3522 2889 adversum
3552 2867 3554 2869 ›

1939 2948 1998 2988 se
2037 2948 2293 3002 umquam
2351 2931 2625 3002 erigentes
2673 2928 3004 2994 lmmiliavit,
3051 2935 3106 2982 et
3138 2926 3350 2982 cervice
3387 2924 3525 2980 ﬂexa

231 3019 477 3090 predieti
562 3020 766 3076 cesaris
837 3019 1227 3074 monasterium
1287 3017 1340 3070 in
1392 3013 1826 3069 llilleslcvoma

1941 3026 2034 3082 sibi
2073 3027 2335 3081 honorem
2384 3023 2677 3094 inpendere
2726 3023 2920 3093 coegit.
2964 3021 3031 3076 Et
3071 3021 3160 3076 hic
3197 3019 3418 3090 Quintus
3464 3018 3519 3071 i'n
3556 3064 3559 3066 .

236 3111 459 3168 Sclavis
512 3113 851 3168 combustum
888 3121 972 3168 est
1015 3114 1126 3182 (an.
1174 3109 1357 3179 1002),
1389 3108 1598 3164 eductis
1631 3107 1830 3162 sancti-

233 3203 601 3270 monialibus;
656 3213 710 3259 et
769 3205 958 3260 eoden
1016 3203 1104 3258 die
1141 3201 1294 3256 multi
1344 3216 1407 3255 ex
1463 3201 1663 3254 nostris
1705 3206 1831 3254 sunt

231 3295 518 3352 interfecti
542 3297 630 3349 ‘9“.

311 3388 403 3442 55.
445 3388 506 3458 (Γ.
539 3388 605 3443 G9
632 3393 650 3457 )
690 3388 951 3457 Equidem
980 3387 1048 3442 ab
1077 3387 1290 3455 incepto
1315 3385 1541 3440 multum
1581 3385 1824 3448 deviuns,

231 3482 464 3538 tandem
507 3491 778 3547 revertar,
812 3480 1069 3549 exequias
1097 3477 1416 3548 inperatoris
1461 3478 1733 3532 succincte
1759 3477 1825 3508 ""

230 3574 639 3645 perstringens.
665 3571 827 3642 Cujus
855 3586 1052 3642 corpus
1095 3586 1218 3625 cum
1261 3563 1641 3623 ad°Coloniam
1681 3567 1828 3622 veni-

231 3678 345 3729 ret,
381 3667 558 3735 primo
587 3675 894 3736 susceptum
927 3673 1013 3720 est
1043 3663 1112 3718 ab
1143 3661 1552 3732 archiepiscopo
1587 3658 1826 3728 ejusdem

232 3759 482 3814 civitatis
514 3755 819 3812 lleriberto.
850 3757 932 3811 Ad
959 3753 1345 3810 monasterium
1377 3753 1551 3808 sancti
1575 3750 1825 3824 Severini

230 3860 365 3924 post
387 3851 593 3920 palmas
616 3850 651 3903 ‘2
697 3849 862 3913 feria,
897 3850 962 3903 ad
994 3855 1241 3904 sanetum
1272 3845 1656 3901 Pantaleonem
1681 3844 1748 3874 ⁸⁸⁸
1794 3841 1828 3898 5

230 3940 486 3996 det'ertur
521 3939 673 4004 feria,
706 3942 771 3995 ad
795 3950 1044 3995 sanetum
1074 3939 1375 3995 Gereonem
1401 3937 1433 3991 4
1489 3937 1595 3991 die.
1619 3937 1674 3991 ln
1694 3950 1827 3991 cena

229 4031 455 4087 Domini
484 4032 550 4086 ad
578 4041 822 4087 sanctum
866 4031 1087 4085 Petrum
1125 4037 1404 4099 portatur,
1449 4028 1539 4083 ubi
1577 4027 1825 4097 peniten-

232 4124 387 4177 tibus
429 4137 577 4177 more
613 4122 1002 4178 aecclesiastico
1032 4121 1359 4176 introductis
1400 4129 1454 4175 et
1491 4118 1826 4188 indulgentia

228 4216 523 4280 resolutis,
550 4217 743 4271 animae
782 4215 1050 4286 presentis
1084 4212 1328 4283 corporis
1358 4212 1424 4265 ab
1457 4207 1827 4278 archipresule

1931 3117 2143 3183 ordine,
2171 3115 2442 3172 secundus
2468 3115 2520 3170 in
2548 3114 2786 3178 nomine,
2814 3121 2964 3168 notet
2995 3110 3170 3182 quinti
3201 3111 3274 3142 ⁷⁰⁶
3304 3110 3523 3165 titulum

1930 3207 2080 3263 libri.
2988 3277 2992 3282 ι

2000 3301 2090 3355 55.
2133 3299 2199 3353 Et
2245 3299 2318 3331 ’θ’
2371 3299 2497 3368 quia
2546 3311 2744 3363 omne,
2787 3297 2928 3367 quod
2975 3295 3028 3372 in
3080 3295 3238 3367 hujus
3288 3292 3544 3365 planicie'

1929 3392 2111 3462 operis
2141 3389 2556 3444 asscribendum
2597 3399 2704 3454 est,
2736 3387 3031 3443 ordinatim
3063 3400 3261 3455 ponere
3289 3396 3523 3451 nequeo,
3555 3428 3560 3434 .

1932 3483 1985 3536 in
2031 3481 2491 3550 consequentibus
2529 3479 2732 3534 sensim
2772 3477 3088 3548 recolligere
3119 3475 3372 3545 equidem
3406 3489 3516 3529 non

1930 3571 2212 3626 erubesco.
2278 3569 2528 3624 lterantis
2579 3569 2653 3600 7°“
2721 3568 2864 3622 enim
2929 3566 3076 3643 varia
3135 3565 3554 3621 vicissitudine!

1929 3661 2100 3726 fruor,
2125 3660 2215 3730 qui
2243 3669 2403 3714 rectm
2432 3658 2641 3714 semitis
2670 3658 2740 3693 ⁷⁸³
2773 3657 2992 3735 ductum
3028 3670 3170 3710 nunc
3209 3653 3279 3709 ob
3303 3655 3539 3724 asperi--

1929 3763 2116 3818 tatem,
2143 3751 2410 3806 interdum
2435 3759 2613 3804 autem
2641 3758 2860 3819 propter
2888 3745 3245 3816 ignorantiam
3273 3743 3554 3801 ﬂexuosa

1930 3846 2148 3902 callium
2193 3846 2458 3916 varietate
2488 3851 2681 3897 mutat.
2715 3841 2866 3897 Unde
2910 3839 3229 3903 Miseconis,
3269 3837 3518 3893 Polenio-

1929 3950 2050 3991 rum
2088 3934 2258 3988 incliti
2291 3933 2444 3988 ducis
2474 3941 2530 3987 et
2552 3932 2603 3985 iu
2642 3929 3014 4001 superioribus
3040 3927 3194 3982 libris
3224 3942 3289 3980 ex
3323 3941 3515 3996 magna

1929 4028 2085 4113 [arte
2114 4025 2331 4093 signati,
2367 4023 2644 4077 residuum
2675 4019 2890 4092 explico
2918 4019 2979 4090 (Γ.
3009 4018 3121 4087 70.)
3154 4016 3377 4072 factum.
3416 4017 3514 4070 llic

1929 4107 2205 4173 a'Boemia
2236 4114 2454 4186 regione
2484 4112 2718 4168 nobilem
2764 4111 2867 4167 sibi
2891 4125 3118 4164 uxorem
3147 4109 3380 4164 senioris
3409 4107 3513 4162 Bo-

1928 4207 2106 4262 lizlavi
2157 4207 2387 4261 duxerat
2433 4220 2700 4268 sororem,
2751 4218 2876 4274 quae
2923 4202 3064 4257 sicut
3103 4199 3284 4256 sonuit
3325 4199 3378 4254 in
3421 4213 3514 4253 no-

227 4307 494 4363 remissio
535 4307 712 4368 datur.
761 4323 792 4361 a
848 4303 1331 4361 consacerdotibus
1376 4311 1554 4356 autem
1599 4300 1665 4333 ⁶⁰⁹
1713 4313 1830 4353 me-
1856 4335 1904 4394 D
1931 4300 2096 4363 mine,
2127 4299 2376 4369 apparuit
2399 4297 2669 4352 veraciter
2694 4296 2745 4350 in
2785 4311 2862 4350 re.
2893 4293 3157 4349 Dobrawa
3186 4292 3330 4346 enim
3363 4289 3518 4344 Scla-
3547 4325 3549 4327 -

227 4402 412 4456 uteris
463 4398 803 4470 esposeitur,
855 4397 1264 4454 lacrimabiliter
1311 4404 1490 4449 autem
1545 4409 1572 4446 a
1629 4391 1826 4462 populo
1856 4381 2125 4444 "-vonice
2173 4388 2475 4468 dicebatur,
2523 4388 2664 4457 quod
2715 4385 3018 4441 Teutonico
3067 4397 3318 4438 sermone
3367 4381 3514 4436 Bona

1541 4502 1779 4559 VARI/13
1806 4501 2217 4557 LECTIONES.

970 4606 1038 4639 ⁶¹¹
1075 4607 1201 4660 add.
1231 4604 1315 4658 ib.
1346 4604 1435 4657 sed
1463 4611 1575 4672 post
1605 4615 1834 4654 erasum.

302 4605 380 4640 ⁸⁸⁵
414 4607 772 4676 inperatorem
803 4610 892 4662 la.
970 4606 1038 4639 ’σί
1075 4607 1201 4660 add.
1231 4605 1315 4658 ib.
1346 4605 1435 4657 sed
1463 4611 1575 4672 post
1605 4617 1664 4654 er.

304 4681 320 4700 ‘
380 4679 459 4728 im
509 4679 591 4728 lc.
647 4692 948 4728 annuorum
1010 4679 1095 4728 la.
1196 4676 1266 4708 ⁸³³
1307 4673 1548 4728 hillileno
1601 4672 1664 4724 la

227 4679 320 4714 δ’δ’
380 4679 459 4732 ita
509 4679 591 4733 lc.
647 4679 1095 4749 anquorumhla.

228 4750 300 4785 ⁶⁹⁷
343 4749 588 4804 succinte
635 4751 688 4804 l.
738 4747 750 4749 “
783 4748 855 4786 ⁸⁸⁸
919 4747 1170 4801 alban'um
1228 4747 1315 4800 la.

232 4821 305 4854 ι⁰³
357 4821 434 4873 ita
484 4820 567 4873 1b.
599 4835 779 4876 coram
821 4819 911 4871 in.
1015 4818 1088 4849 ’⁸³
1125 4817 1305 4870 audita
1342 4815 1434 4869 Ια-

234 5027 411 5084 rautis
437 5032 514 5084 lc.
606 5033 676 5066 '°°
706 5027 906 5093 sentite
936 5027 1013 5080 lc.

498 5223 930 5300 iscubm-gjuxta
948 5219 1310 5300 panubium.“
1370 5291 1384 5300 _

1911 4600 1980 4630 ⁶⁹¹
2012 4600 2080 4653 ad
2115 4600 2164 4653 l.

1809 4619 1834 4653 :.
1911 4616 1980 4630 υτ·
2012 4616 2080 4669 qu
2115 4616 2164 4653 ι.
2242 4616 2311 4631 ννσ
2341 4616 2414 4652 ua
2445 4616 2518 4659 rc.
2548 4616 2709 4653 curru
2740 4616 2822 4653 ta.
2901 4616 2971 4630 νυν
3016 4616 3106 4652 na
3133 4616 3242 4651 var.
3277 4616 3391 4648 reci.
3427 4616 3517 4645 επ.

1809 4669 1880 4707 ⁸9⁸
1942 4681 1998 4724 et
2045 4669 2130 4723 illa
2165 4701 2235 4709 -—
2282 4669 2551 4724 interfecti
2620 4671 2826 4738 scripsit
2883 4668 2968 4721 lb.
3025 4670 3078 4722 in
3133 4667 3237 4738 ﬁne
3284 4665 3553 4738 pagin_a'..

1415 4742 1484 4781 συν
1545 4741 1672 4793 add.
1728 4737 1846 4805 1b..
1917 4741 1987 4772 τοο
2045 4739 2386 4795 illusessente
2448 4741 2533 4792 ia.

1535 4811 1606 4848 '°‘
1641 4811 1961 4880 exponendo
2012 4811 2098 4864 la.

229 4907 397 4944 nianu
428 4891 592 4960 pergit
630 4893 680 4945 1.
713 4890 796 4945 Ῑη-
816 4889 852 4942 2
882 4901 1000 4960 vero
1029 4887 1297 4960 sequentia
1337 4885 1410 4960 ita
1442 4883 1684 4952 leguntur
1713 4878 2042 4960 }_Prologus
2094 4880 2238 4960 libri.

236 4961 385 5029 (ita).
428 4945 662 5018 'Lib'euus
694 4958 1050 5029 interpositus
1079 4945 1144 5013 de
1157 4945 1896 5027 quibusdam'pretermissis.
1923 4945 2120 5009 aliseco
2144 4951 2250 5006 dux
2281 4945 2499 5004 inclitus
2525 4965 2556 5002 a
2579 4949 2799 5002 Boemia
2827 4945 3072 5013 regione,
3098 4953 3198 4998 etc.

2242 4599 2311 4631 ⁸⁸³
2341 4601 2414 4652 ita
2445 4599 2518 4659 lc,
2548 4614 2709 4653 curru
2740 4601 2822 4653 la.
2901 4597 2971 4630 ⁶⁹⁴⁶
3013 4597 3108 4652 Vid
3133 4613 3242 4651 var.
3277 4594 3391 4648 lect.
3425 4592 3517 4645 ³⁸⁸.

2661 4732 2734 4769 τοί
2785 4743 2856 4792 ita
2918 4739 2997 4790 lc.
3063 4732 3375 4802 fragitatem
3429 4732 3520 4802 ig.

2209 4811 2281 4849 τ⁰⁶
2315 4809 2441 4861 add.
2482 4825 2540 4863 se
2605 4810 2682 4862 lc.
2761 4811 2834 4848 τοι
2869 4807 3048 4874 quarti
3104 4798 3190 4860 16.
3265 4799 3382 4874 i"°_"_
3419 4798 3523 4874 (ti-ia

2275 4879 2409 4947 Quia
2450 4878 2632 4933 omnia
2662 4909 2736 4918 —
2765 4867 2980 4933 residua
3031 4885 3182 4944 gesta
3242 4867 3526 4948 explicabo

2281 4949 2499 4992 ἰιιιιΙίιης
2526 4965 2554 4992 n
2580 4949 2798 4992 "omnia
2829 4945 3071 4992 regione-
3098 4953 3198 4992 etc.
3273 4939 3342 4974 ⁷⁰⁸
3371 4946 3524 4992 ιιιιιθε

1736 5131 1976 5196 NOTAE.

1931 5244 2038 5300 qua
2066 5223 2539 5300 Adelbolduscap.
2576 5214 2828 5300 l..Kuv_n._
2911 5287 2924 5300 ι
3005 5287 3019 5300 ἱ

3095 5287 3108 5300 ο
3169 5285 3342 5300 ΛΛΑο,
3383 5281 3498 5300 ..-1⁸
