4042 5300
544 371 674 429 ἲὲῖι

1458 367 1839 425 ΤΗΙΞΤΜᾹΒΙ
1878 367 2500 428 MERSEBURGENSIS
2540 373 2853 430 EPISCOPI

3666 372 3799 431 ΙΞἹΞ

539 488 948 557 interpretatur.
974 484 1213 554 Namque
1235 484 1351 540 haec
1380 484 1602 540 Christo
1633 486 1801 541 fidelis
1828 486 1955 539 dum
1982 501 2112 542 c'm-
2142 492 2186 549 Α
2218 486 2451 544 antistiti
2473 489 2671 545 suimet
2689 489 2980 547 venerabili
3002 488 3311 545 llilliwardo
3333 487 3613 560 displicuit
3627 470 3797 560 (5515'

534 577 719 647 jugem
742 591 896 631 suum
920 591 981 630 va
992 575 1069 630 rio
1092 574 1408 645 gentilitatis
1431 589 1616 630 errore
1644 574 1963 645 implicitum
1993 580 2115 631 esse

538 667 895 736 perspiceret,
928 665 1115 721 sedula
1158 664 1385 720 revolvit
1416 676 1656 735 angustae
1688 665 1888 719 mentis
1909 664 2115 718 delibe-

544 758 781 822 racione,
814 756 1046 826 qualiter
1077 756 1220 812 hunc
1250 756 1354 811 sibi
1389 757 1621 813 sociaret
1651 757 1706 811 in
1743 756 1844 811 fide
1872 755 1965 822 7”,
1998 772 2117 811 om-

540 847 779 903 nimodis
816 847 1031 917 placare
1060 847 1363 913 contendit,
1407 861 1513 901 non
1559 856 1781 917 propter
1814 845 2115 903 triformem

492 992 507 1013 ,
540 938 729 993 mundi
765 937 925 1007 hujus
950 938 1127 992 uocivi
1158 938 1489 1007 appetitum,
1514 938 1643 1007 quin
1679 938 1869 1008 pocius
1897 949 2118 1009 propter

538 1028 736 1084 futurae
775 1028 1040 1083 mercedis
1088 1027 1410 1083 laudabilem
1450 1044 1516 1084 ae
1555 1028 1824 1083 universis
1869 1030 2116 1085 fidelibus

456 1122 474 1141 '
537 1119 701 1175 nimis
731 1118 1144 1176 desiderabilem
1187 1118 1442 1174 fructum.
1474 1118 1601 1174 Ilaec
1641 1129 1830 1188 sponte
1857 1135 1950 1175 sua
1986 1119 2117 1175 fecit

538 1212 607 1267 ad
653 1219 863 1281 tempus
915 1210 1077 1277 male,
1129 1219 1188 1265 ut
1236 1220 1424 1281 postea
1473 1210 1563 1265 diu
1609 1211 1819 1281 operari
1855 1211 2115 1268 valuisset

535 1300 693 1361 bene.
742 1300 985 1371 Namque
1035 1300 1090 1355 in
1147 1300 1603 1372 Quadragesima,
1648 1316 1768 1369 qua:
1806 1301 2117 1371 conjuucio-

535 1406 663 1447 nem
705 1392 775 1424 ’“
817 1392 1116 1462 predictam
1158 1391 1403 1460 proxima
1438 1392 1794 1461 sequebatur,
1826 1407 1949 1446 eum
1991 1408 2020 1446 a
2058 1406 2116 1447 se

536 1485 866 1545 abstinentia
897 1484 1079 1539 carnis
1106 1494 1162 1537 ct
1183 1481 1477 1538 afﬂiccione
1502 1483 1746 1553 corporis
1764 1483 1846 1538 sui
1870 1483 2115 1538 decima-

535 1577 747 1632 eionem
777 1576 889 1632 Deo
912 1584 1188 1644 acceptam
1215 1573 1408 1629 offerre
1440 1584 1755 1639 conaretur,
1805 1576 1945 1632 dulci
1985 1591 2116 1647 pro-

535 1667 796 1723 missione
819 1681 848 1720 a
876 1666 993 1721 viro
1021 1667 1216 1721 suimet
1240 1666 1568 1735 propositum
1591 1665 1841 1735 frangere
1872 1677 2112 1737 rogatur.

533 1758 629 1815 llla
652 1767 833 1813 autem
857 1773 919 1813 ea
947 1758 1166 1811 raciono
1183 1758 1547 1822 conscnsit,ut
1570 1759 1673 1812 alia
1693 1760 1812 1814 vice
1834 1758 1902 1813 ab
1923 1760 2112 1813 eodem

2221 575 2324 630 Sed
2346 586 2567 647 propter
2579 579 2807 635 salutent
2829 581 3016 650 patriae
3035 590 3088 634 et
3110 579 3620 636 corroboracionem
3646 582 3798 648 pacis

2223 670 2545 724 necessariae
2579 685 2685 724 non
2720 672 2868 726 venit
2897 672 2996 727 hoc
3022 674 3090 726 ad
3128 672 3444 735 discidium,
3476 673 3577 726 sed
3603 687 3799 727 recon-

2216 758 2512 815 ciliacionis
2539 761 2808 816 continuae
2845 761 3143 818 remedium
3174 763 3389 818 salubre
3431 761 3607 832 (555).
3636 761 3801 816 Nam-

2216 862 2321 920 que
2350 850 2418 905 ab
2447 865 2509 905 ea
2543 851 2743 907 Christi
2782 852 3017 909 servitus
3042 852 3220 909 omnis
3253 855 3586 925 augebatur,
3622 855 3801 924 capti-

2216 956 2404 996 vorum
2434 940 2719 999 multitttdo
2762 945 2828 998 ad
2868 945 3098 1014 patriam
3136 945 3441 1010 reducitur,
3482 945 3684 1000 vinetis
3712 961 3802 1000 ca-

2218 1043 2338 1088 tena
2368 1032 2616 1097 solvitur,
2652 1036 2867 1105 reisque
2894 1050 3084 1090 carcer
3108 1036 3382 1106 aperitur;
3406 1045 3461 1090 et
3492 1045 3574 1103 ut,
3603 1051 3799 1106 spero,

2216 1126 2264 1179 ei
2295 1126 2605 1197 magnitudo
2633 1128 2925 1197 perpetrati
2956 1127 3213 1182 facinoris
3244 1143 3274 1181 a
3310 1126 3421 1182 Deo
3460 1128 3796 1191 remittitur,

2216 1231 2338 1269 cum
2375 1216 2430 1271 in
2453 1231 2516 1270 ca
2550 1225 2712 1271 tantze
2746 1217 2962 1286 pictatis
2997 1216 3213 1271 dilectio
3240 1216 3606 1287 cognoscitur.
3636 1214 3797 1287 Legi-

2214 1320 2337 1360 mus
2375 1315 2554 1359 autem
2620 1304 2762 1375 quod
2802 1305 2850 1361 is
2883 1305 3083 1360 frustra
3130 1306 3416 1360 Dominum
3459 1306 3532 1340 ⁷¹⁸
3580 1304 3800 1375 placare

2215 1396 2450 1459 studeat,
2483 1396 2571 1465 qui
2606 1396 2835 1466 incepta:
2880 1399 3212 1468 propositum
3259 1396 3524 1467 nequicize
3570 1398 3799 1451 omnino

2216 1502 2439 1555 prorsus
2477 1504 2582 1541 non
2615 1489 2853 1559 abjiciat.
2886 1489 3013 1544 llaec
3053 1491 3238 1560 genuit
3277 1490 3395 1543 viro
3434 1489 3635 1543 suimet
3684 1499 3799 1541 tres

2217 1574 2270 1628 fil
2298 1593 2378 1640 ns,
2408 1576 2729 1631 Miseconcm
2749 1618 2765 1638 ,
2800 1578 3218 1648 Suentepnlcum
3249 1588 3303 1633 et
3333 1579 3594 1631 ........"’
3625 1576 3799 1646 (556i,

2215 1679 2337 1718 cum
2366 1682 2561 1737 magno
2589 1669 2793 1721 hortere
2834 1669 2904 1722 ibi
2936 1669 3135 1739 degens
3162 1683 3337 1741 usque
3369 1669 3435 1721 ad
3468 1668 3631 1725 ﬁnem
3661 1671 3761 1721 viri
3781 1710 3798 1729 ,

2215 1767 2435 1826 accepta
2489 1773 2611 1813 cum
2671 1758 2868 1829 quibus
2916 1759 3016 1814 fuit
3067 1768 3122 1816 et
3174 1762 3412 1831 prolicua
3466 1760 3539 1814 de
3597 1761 3804 1829 quibus

534 1848 778 1904 exaudiri
823 1848 1038 1904 facilius
1075 1849 1359 1918 potuisset.
1396 1848 1626 1915 Quidam
1666 1849 1880 1915 dicunt,
1907 1864 2028 1904 eam
2059 1850 2110 1904 in
2146 1837 2190 1899 Β
2216 1847 2383 1901 venit.

533 1953 644 1993 una
693 1953 911 1995 carnem
956 1937 1309 1995 manducasse
1353 1937 1797 2007 quadragesima,
1846 1937 1936 1992 alii
1983 1953 2112 1993 vero

534 2040 672 2087 tres.
702 2030 917 2086 Audisti
943 2030 1019 2065 τι*
1053 2045 1229 2093 nunc,
1254 2027 1444 2090 lector,
1490 2028 1742 2083 delictum
1773 2025 1925 2098 ejus;
1956 2028 2114 2082 modo

539 2121 601 2190 (f.
637 2122 743 2192 70‘)
774 2122 1057 2189 consi-lera
1097 2119 1329 2175 fructum
1361 2118 1649 2190 eligantem
1681 2120 1783 2189 pia:
1820 2118 2114 2173 voluntatis

540 2214 706 2269 illius.
739 2214 1025 2270 Laboravit
1056 2214 1198 2268 enim
1231 2230 1326 2283 pro
1349 2213 1705 2268 conversione
1733 2210 1979 2283 conjugis
2007 2213 2111 2278 sui,

542 2319 608 2359 ac
636 2304 889 2359 exaudita
919 2312 1002 2358 est
1039 2319 1067 2357 a
1102 2303 1441 2373 benignitate
1470 2302 1777 2357 Conditoris
1806 2303 1924 2366 sui,
1962 2301 2114 2371 cujus

542 2397 753 2463 infinita
792 2396 1029 2454 bonitate
1068 2405 1382 2473 persecutor
1421 2396 1619 2452 suimet
1665 2395 1940 2452 studiosus
1978 2382 2116 2451 resi-

542 2490 681 2562 ptti',
709 2490 831 2545 dum
863 2491 1053 2550 otebro
1087 2489 1294 2545 dilectae
1334 2487 1519 2544 uxoris
1554 2496 1732 2543 ortatu
1764 2486 1959 2541 innatae
1994 2483 2115 2540 inti-

545 2581 784 2639 delitatis
832 2582 1070 2641 toxicum
1117 2580 1388 2646 evomuit,
1421 2588 1475 2636 et
1507 2581 1562 2635 in
1602 2593 1757 2635 sacro
1795 2578 2115 2649 baptismate

544 2688 738 2732 uevam
773 2672 1090 2744 originalem
1118 2672 1362 2744 detersit.
1399 2669 1467 2732 Et
1500 2671 1743 2741 protinus
1768 2677 1933 2742 caput
1958 2683 2114 2723 suum

544 2772 603 2819 et
641 2742 908 2820 seniorem
953 2742 1207 2822 dilectum
1248 2763 1486 2820 membra
1515 2762 1695 2832 populi
1738 2763 2001 2821 hactenus
2024 2760 2119 2816 de-

546 2852 675 2909 bilia
720 2853 1121 2924 subsequuntur
1158 2853 1250 2918 ⁷⁸³,
1303 2862 1359 2908 et
1400 2853 1633 2923 nupciali
1676 2862 1827 2909 veste
1867 2860 2117 2923 recepta,

543 2943 691 2999 inter
715 2951 939 2999 cteteros
967 2943 1167 3001 Christi
1196 2943 1475 3015 adeptivos
1498 2944 1568 2976 ἠδ
1600 2952 1969 2999 numerantur.
2000 2940 2124 2997 Jor-

546 3035 678 3097 dan.
704 3035 911 3106 primus
936 3049 1122 3093 eorum
1158 3036 1411 3100 antistes,
1449 3035 1675 3096 multant
1702 3049 1823 3090 cum
1857 3034 1935 3089 eis
1962 3034 2120 3089 suda-

544 3127 647 3192 vit,
668 3125 794 3182 dum
822 3141 917 3184 eos
944 3127 1010 3183 ad
1031 3142 1277 3197 supernae
1294 3127 1495 3187 cultum
1520 3128 1692 3183 vincte
1710 3126 1929 3187 sedulus
1955 3125 2120 3183 verbo

2256 1937 2345 1990 5‘1.
2362 1935 2539 1989 Sed'm
2554 1951 2696 1990 anno
2714 1936 3003 1992 Dominicaa
3016 1937 3401 1992 incarnationis
3417 1936 3608 1992 999'm
3625 1934 3798 2007 (557).

2213 2028 2363 2098 regni
2393 2036 2572 2081 autem
2598 2028 2748 2082 tercii
2773 2028 2983 2084 Ottonis
3012 2028 3076 2083 l0
3121 2040 3176 2083 et
3200 2029 3233 2083 8
3268 2028 3535 2083 Kalendas
3559 2027 3710 2082 Junii
3730 2029 3801 2057 ⁷²¹

2214 2118 2457 2192 pt'efatus
2487 2119 2590 2173 dnx
2619 2119 2729 2187 jam
2763 2134 2925 2172 senex
2962 2127 3017 2172 et
3058 2118 3372 2172 febricitans
3394 2117 3459 2171 ab
3496 2116 3667 2172 exilio
3695 2116 3801 2169 hoc

2215 2208 2280 2262 ad
2306 2208 2536 2278 patriam
2567 2208 2639 2238 ⁷⁵³
2666 2207 2859 2262 transit
2887 2206 3055 2278 (558),
3084 2207 3394 2277 relinquens
3423 2222 3653 2275 regnum
3687 2206 3801 2258 sui-

2217 2308 2327 2352 mat
2350 2296 2595 2367 plurimis
2621 2297 2986 2361 dividendum,
3016 2297 3163 2370 quod
3180 2308 3361 2366 postea
3387 2294 3798 2362 liiins’ejusdcm

2214 2386 2519 2441 Bolizlavus
2543 2385 2688 2458 (559)
2712 2425 2725 2450 ,
2770 2400 2998 2440 noverca
3044 2395 3099 2441 e'.
3130 2387 3390 2440 lratribns
3428 2384 3502 2418 ηδ
3538 2383 3799 2454 expulsa,

2216 2479 2597 2548 excecatisque
2638 2478 3002 2533 familiaribus
3039 2479 3153 2534 su's
3188 2476 3432 2533 Odilieno
3469 2486 3640 2547 atque
3683 2475 3799 2531 Pri-

2216 2568 2434 2640 bnvojo,
2472 2570 2687 2640 vulpina
2730 2569 3027 2626 calliditate
3065 2571 3339 2625 contraxit
3367 2569 3419 2624 in
3460 2585 3656 2622 unum.
3700 2568 3802 2622 Hic

2219 2677 2277 2725 ut
2307 2674 2513 2723 tantum
2544 2666 2688 2722 solus
2713 2658 3101 2729 duntittaretur,
3129 2664 3219 2736 jus
3244 2681 3308 2719 ac
3346 2680 3508 2717 omne
3539 2662 3624 2716 fas
3648 2673 3805 2731 post-

2219 2763 2414 2834 posuit.
2460 2759 2622 2814 Duxit
2674 2759 2762 2814 hic
2812 2756 3033 2828 Rigdagi
3084 2756 3155 2789 ’³⁸
3205 2755 3537 2811 marchionis
3585 2753 3798 2819 filiam,

2219 2854 2558 2928 postmodum
2590 2852 2865 2909 dimittens
2889 2865 3010 2906 eam
3047 2849 3112 2922 (f.
3147 2849 3285 2921 7l’);
3320 2858 3374 2903 et
3409 2859 3541 2902 tunc
3574 2849 3649 2902 ab
3688 2846 3799 2903 Un-

2219 2946 2368 3018 garia
2392 2944 2620 3018 sumpsit
2645 2958 2891 3008 uxorem,
2915 2944 2980 2997 de
2999 2956 3106 3012 qua
3130 2940 3314 2996 habuit
3336 2940 3500 2993 filium
3527 2940 3798 3008 lleSprim,

2221 3039 2462 3102 nonnne,
2494 3034 2746 3097 similiter
2770 3033 3042 3106 expellens
3070 3048 3211 3088 eam.
3240 3032 3419 3086 Tertia
3452 3029 3558 3086 fuit
3589 3031 3795 3085 Emnil-

2225 3129 2309 3185 dis
2341 3129 2431 3195 ⁷⁸⁸,
2461 3128 2604 3183 edita
2635 3143 2665 3185 ει
2686 3126 2977 3181 venerabili
3004 3125 3217 3181 seniore
3245 3124 3651 3183 Dombrelniro,
3683 3137 3799 3191 qum

546 3227 603 3274 et
627 3232 792 3290 opere
818 3219 1086 3276 invitavit.
1113 3218 1264 3277 Tunc
1295 3219 1738 3290 congratulantur
1772 3217 2013 3291 legitime
2049 3217 2119 3249 ⁷³⁵
2149 3214 2442 3279 CCbristo
2472 3219 2644 3275 fidelis
2680 3218 2747 3272 ad
2787 3231 2946 3278 omne
2979 3218 3176 3272 bonum
3215 3215 3515 3272 instabilem
3555 3212 3802 3281 conjugis

548 3310 849 3383 conjugati,
877 3312 1149 3381 prodictus
1176 3327 1295 3368 mas
1323 3321 1377 3368 et
1417 3310 1612 3367 nobilis
1647 3311 1876 3374 femina,
1909 3308 2120 3377 illisque

549 3399 765 3459 subdita
817 3400 992 3456 omnis
1042 3400 1245 3457 familia
1299 3401 1495 3472 gaudet
1539 3415 1598 3457 se
1642 3399 1694 3455 in
1748 3399 1965 3456 Christo
2019 3415 2120 3454 nu-

551 3492 727 3563 psisse
744 3494 835 3550 τη.
872 3495 1000 3556 Post
1025 3494 1140 3557 lucc
1170 3496 1378 3566 peperit
1405 3495 1544 3553 bona
1575 3504 1750 3550 mater
1770 3495 1936 3550 tilium
1963 3494 2123 3565 longe

551 3587 657 3646 sibi
678 3588 998 3658 degenerem
1030 3597 1082 3644 et
1114 3588 1406 3645 multarum
1438 3587 1730 3658 perniciem
1766 3588 2117 3659 genitricum.

550 3693 713 3749 quem
758 3677 945 3734 fratris
999 3679 1083 3735 sui
1122 3682 1337 3736 nomine
1377 3679 1633 3736 Bolizlavi
1677 3681 1748 3715 7"
1799 3680 2122 3753 appellavit,

547 3768 694 3833 hunc
717 3768 955 3842 inquam,
978 3770 1068 3840 qui
1093 3770 1144 3824 in
1174 3770 1359 3825 eadem
1384 3770 1556 3840 primo
1578 3770 1830 3827 latentem
1855 3769 2122 3831 maliciam

550 3862 779 3930 aperuit,
826 3862 1124 3933 deindeque
1159 3863 1215 3918 in
1252 3864 1464 3920 viscera
1491 3864 1655 3931 sevit,
1686 3872 1745 3919 ut
1771 3865 1826 3920 in
1852 3863 2124 3938 sequenti-

550 3952 661 4007 bus
683 3966 717 4005 a
743 3968 830 4009 me
860 3952 1205 4009 manifestum
1236 3953 1315 4009 fit.

621 4040 712 4096 '56.
754 4042 859 4097 Sed
900 4057 1020 4103 cum
1060 4052 1233 4099 mater
1267 4042 1504 4110 eiusdemi
1546 4042 1723 4101 obiret
1760 4041 1933 4114 (553),
1970 4052 2124 4113 pater

549 4133 667 4201 ejus
718 4148 884 4188 unam
945 4134 1409 4192 sanctimonialem
1480 4135 1547 4189 de
1598 4134 1927 4191 monasterio
1982 4134 2125 4203 quod

550 4223 715 4277 Calva
742 4221 962 4288 dicitur,
984 4222 1255 4279 'l‘hiedrici
1299 4223 1629 4278 marchionis
1670 4222 1872 4289 filiam,
1919 4213 2126 4291 abstﬂe

550 4313 812 4369 canonica
846 4316 1172 4371 auctoritate
1197 4316 1370 4370 duxit.
1398 4314 1509 4371 Oda
1537 4314 1640 4372 fuit
1665 4329 1861 4373 nomen
1891 4314 2039 4384 ejus,
2070 4321 2125 4368 et

556 4419 751 4475 magna
781 4414 899 4460 erat
923 4407 1256 4477 presumptio
1278 4407 1440 4466 illius.
1476 4405 1764 4477 Sprcverat
1792 4405 1936 4460 enim
1966 4420 2128 4473 spon-

550 4507 673 4547 sum
705 4493 979 4553 caelestem
1006 4535 1021 4559 ,
1048 4511 1351 4567 preponens
1395 4496 1444 4551 ei
1490 4494 1666 4549 virum
1695 4494 1759 4563 (f.
1804 4492 1894 4563 Ἡ)
1929 4493 2130 4548 milita-

553 4599 670 4640 rcm
696 4627 711 4653 ,
749 4587 891 4659 quod
926 4588 1133 4645 cunctis
1162 4587 1419 4646 aecclesiae
1455 4587 1763 4645 rectoribus
1794 4594 1851 4647 et
1892 4587 2127 4642 maxime

2223 3313 2305 3374 sui
2349 3321 2583 3373 mentem
2623 3308 2938 3369 declinavit.
2977 3316 3033 3363 et
3061 3308 3133 3339 ⁷⁸⁷
3172 3306 3434 3363 immensa
3471 3303 3801 3357 elemosina-

2225 3419 2344 3459 runt
2390 3401 2639 3474 largitate
2675 3408 2731 3455 et
2771 3398 3093 3455 abstinentia
3138 3397 3419 3464 utriusque
3446 3394 3522 3428 m
3558 3393 3798 3447 maculas

2223 3496 2447 3552 abluere
2479 3509 2585 3552 non
2620 3491 2849 3549 desistit.
2879 3489 3097 3560 Peperit
3123 3489 3238 3550 haec
3265 3491 3398 3544 duos
3432 3488 3609 3552 filios,
3642 3486 3802 3542 Mise-

2222 3602 2412 3646 conem
2450 3594 2506 3642 et
2541 3585 2740 3649 alium,
2768 3597 2929 3659 quem
2960 3580 3139 3637 dilecti
3177 3580 3408 3636 senioris
3447 3580 3531 3634 sui
3583 3580 3799 3634 nomine

2224 3689 2378 3751 pater
2415 3678 2663 3742 vocavit;
2707 3675 2844 3730 fi.ias
2871 3688 3085 3751 quoque
3123 3680 3263 3737 tres,
3307 3686 3537 3741 quarum
3580 3686 3690 3724 una
3719 3680 3799 3724 est

2224 3769 2530 3836 abbatissa,
2581 3768 2817 3824 secunda
2873 3765 3022 3839 (560)
3084 3765 3268 3838 nupsit
3333 3762 3657 3817 llirimanno
3713 3777 3804 3815 τοι

2224 3862 2343 3916 ιιιίιὶ
2366 3861 2538 3933 (561),
2570 3859 2737 3916 tercia
2768 3857 2878 3914 tilio
2907 3857 3052 3928 regis
3075 3854 3388 3912 Wlodcmiri
3407 3894 3423 3921 ,
3458 3854 3604 3909 sicut
3632 3854 3800 3909 dictu.

2227 3966 2322 4007 I'US
2346 3967 2493 4007 sum.

2298 4043 2389 4098 38.
2427 4040 2757 4111 inperatoris
2796 4046 2974 4094 autem
3008 4035 3235 4106 predicti
3273 4035 3443 4106 gratia
3489 4043 3547 4087 et
3582 4034 3798 4086 hortata

2225 4147 2394 4205 gener
2427 4130 2661 4189 lleinrici
2679 4170 2694 4196 ,
2719 4129 2874 4185 ducis
2907 4114 3272 4182 Bawariorum
3295 4164 3310 4186 .
3338 4123 3498 4178 Waic
3522 4123 3599 4154 7”
3630 4121 3798 4192 (562),

2229 4221 2282 4278 in
2315 4234 2481 4291 regno
2510 4220 2708 4275 suimet
2749 4216 3084 4289 episcopales
3119 4214 3406 4270 cathedras
3439 4210 3650 4266 faciens
3670 4252 3685 4275 ,
3714 4226 3799 4265 co-

2229 4329 2415 4373 ronam
2446 4322 2499 4369 et
2525 4312 2961 4373 benediccionem
2986 4306 3211 4376 accepit.
3243 4303 3352 4358 Nec
3375 4302 3510 4358 sileo
3532 4300 3798 4372 quoddam

2229 4382 2545 4461 miraculum
2574 4400 2902 4472 temporibus
2923 4395 3114 4468 prefati
3147 4392 3351 4449 cesaris
3380 4392 3572 4447 Romae
3592 4389 3799 4445 cst-litus

2230 4507 2498 4553 exortum.
2532 4495 2665 4550 Nam
2695 4508 2817 4549 cum
2847 4491 2998 4546 ducis
3035 4484 3343 4544 Herimanni
3377 4482 3585 4538 milites
3622 4497 3799 4537 mona-

2229 4590 2454 4644 chorum
2486 4590 2661 4645 sancti
2691 4584 2840 4642 Pauli
2868 4592 3021 4656 prata
3053 4582 3105 4637 vi
3134 4596 3232 4637 sua
3257 4575 3797 4649 comprehenderent,

1893 4675 2121 4733 VARle
2157 4677 2552 4734 LECTIONES.

623 4769 692 4800 ⁷¹⁰
721 4768 921 4829 etadd.
958 4769 1037 4823 le.
1064 4770 1133 4807 ὐ
1159 4767 1593 4838 conjuncti‘onem
1638 4769 1718 4823 lc.
1775 4766 1849 4838 ⁷ίὲ
1875 4758 2116 4821 Audistis
2146 4768 2230 4830 la.

2322 4770 2393 4802 ⁷¹³
2431 4771 2797 4839 subsequntnr
2822 4767 2873 4839 _l.
2938 4764 3023 4839 [ξι
3045 4763 3367 4839 adoptiones
3394 4761 3481 4839 i_a.
3516 4759 3592 4839 ῖη
3617 4757 3799 4839 legione

554 4840 607 4893 i.
683 4840 756 4873 ⁷¹⁶
792 4825 1038 4893 nubsisse
1067 4841 1111 4893 l.
1186 4825 1579 4896 ""'bolizlaunt
1628 4840 1709 4901 ic.
1782 4837 1855 4871 ἠδ
1891 4838 2096 4895 domini
2136 4825 2188 4892 ι’.
2234 4840 2402 4899 Deum
2436 4840 2503 4893 Α.
2551 4825 2683 4893 8.ἠ
2737 4836 2859 4890 986.
2936 4835 3007 4868 ἰ’
3046 4834 3111 4886 lu
3141 4825 3259 4905 eod.
3298 4831 3357 4905 ρ.
3387 4831 3526 4884 sicut
3555 4839 3605 4884 et
3667 4825 3799 4905 apud

551 4911 619 4962 Α.
678 4908 737 4964 S.
788 4909 827 4963 1.
878 4908 913 4966 ι.

725 4910 827 4979 .rl.
878 4910 913 4966 ι.
979 4911 1206 4979 spatium
1288 4910 1564 4976 relictum,

556 4977 626 5008 "°
690 4978 816 5038 add.
878 4979 963 5038 ib.

1059 4981 1128 5012 7“
1172 4979 1524 5036 DCCCXCH'.
1551 4981 1603 5035 l.

1642 4896 1780 4982 quod
1813 4907 1915 4982 _t'n
1972 4908 2161 4982 priore
2202 4896 2397 4982 manus
2462 4908 2625 4982 seculi
2665 4905 2847 4982 _XVH
2899 4905 3103 4982 nomine
3145 4899 3487 4982 Bolizlanum
3531 4896 3689 4982 suppl

1703 4981 1774 5011 τυ
1812 4978 1943 5034 Χ-
1965 4976 2107 5032 Junii
2141 4978 2266 5033 add.
2293 4978 2375 5034 ib.

2469 4908 2625 4962 seculi
2680 4906 2727 4959 Χ
2741 4906 2847 4959 VH
2899 4906 3103 4958 nomine
3151 4906 3482 4955 Bolizlauum
3532 4906 3795 4967 supplent.

2469 4979 2541 5009 "3
2576 4977 2852 5031 emlcstem
2880 4974 3005 5026 add.
3036 4974 3090 5025 ‘2.
3123 4974 3187 5027 Α.
3219 4970 3283 5026 S.
3357 4968 3432 5003 ’³³
3473 4969 3654 5024 tribus
3681 4965 3795 5019 add.

554 5047 609 5108 2ο
643 5047 709 5101 Α.
743 5046 807 5105 S.
868 5098 873 5103 .
903 5049 977 5083 η’
1000 5051 1072 5111 ita
1107 5050 1187 5111 Η).
1221 5051 1421 5126 ricdagi
1452 5053 1540 5107 la.
1614 5049 1686 5085 ’π
1723 5047 2024 5107 erminildis
2042 5045 2099 5099 2.
2128 5050 2192 5101 Α.
2226 5049 2287 5104 S.
2364 5049 2431 5082 η’
2471 5056 2525 5102 et
2549 5057 2604 5102 et
2639 5048 2689 5101 l.
2765 5045 2836 5081 ⁷⁸³
2873 5044 3115 5112 utrisque
3150 5042 3248 5094 ta.

2052 5134 2282 5192 NOTAE.
