4042 5300
202 116 334 174 19.Ἱῦ

1366 101 1805 161 'CllRONlCON.
1842 134 1913 144 —-
1951 100 2077 158 LIB.
2115 101 2205 158 IV.

3325 97 3456 153 ΙΞἨ

201 228 514 300 suppliciter
545 228 613 281 ab
645 225 750 282 hiis
791 237 916 294 sepe
945 223 1120 294 rogati
1153 221 1430 277 discedere
1464 219 1771 274 noluerunt.
1805 225 1849 282 Α
1880 219 2019 288 apud
2075 219 2239 272 Deum
2296 224 2718 287 omnipotentem
2784 213 3135 269 recordentur
3191 213 3263 245 ’³³
3327 228 3455 267 mei.

200 324 260 376 Et
291 321 547 376 continuo
572 317 742 371 nubes
760 317 922 370 varia:
945 313 1262 378 ascendunt,
1297 311 1522 366 fulmina
1550 312 1774 375 micant,

200 423 460 466 terrorem
503 408 833 461 dominicum
881 413 1277 468 monstrantes;
1335 403 1570 456 tonitrus
1619 402 1778 455 terri-

195 503 316 556 bilis
343 499 592 569 protinus
615 495 982 564 subsequitur,
1021 509 1085 547 ac
1118 509 1185 548 ex
1211 507 1398 547 eorum
1427 507 1649 545 numero
1677 506 1774 560 op-

195 593 355 646 timos
393 599 628 658 quatuor
667 588 955 652 occidens,
1005 595 1340 653 cmterosque
1387 583 1596 652 fugatis,
1649 598 1778 651 pau-

195 699 346 754 peres
377 682 575 736 Christi
612 683 662 734 iu
701 681 801 733 hoc
825 679 915 712 ⁷³⁸⁸
933 679 1132 732 mundo
1163 694 1268 730 non
1301 691 1422 730 esse
1460 675 1778 742 contempti-

194 774 327 828 biles
351 770 610 824 ostendit.
644 768 928 822 Protector
958 768 1100 822 enim
1140 775 1223 822 est
1253 765 1438 819 talium
1467 763 1779 817 misericors

195 865 256 934 (Γ.
287 864 377 934 72)
404 863 564 923 Deus,
605 870 658 914 et
688 862 785 914 hos
816 862 1144 914 honorantes
1177 858 1248 890 "9
1277 873 1340 912 ac
1369 857 1421 910 in
1453 857 1778 911 necessitate

193 971 288 1009 sua
315 955 862 1023 exatulicntes,iligua
890 952 1252 1006 retribucione
1283 949 1546 1019 provehit,
1565 963 1777 1002 eorum-

192 1066 298 1120 que
329 1057 707 1116 persecutores
738 1055 831 1100 aut
861 1047 947 1101 hic.
973 1087 985 1109 ,
1026 1046 1168 1115 quod
1197 1044 1370 1099 levius
1406 1041 1656 1105 habetur,
1690 1048 1777 1095 aut

194 1139 486 1202 iii-futuro,
516 1139 657 1208 quod
693 1147 770 1192 ρει
805 1136 1053 1207 gravius,
1085 1135 1258 1203 punit.
1283 1132 1499 1188 Cesaris
1539 1131 1778 1199 ejusdem

188 1245 365 1292 soror,
402 1229 623 1283 Mahtild
657 1227 910 1288 nomine.
957 1223 1270 1281 llerimanni
1307 1222 1521 1277 comitis
1553 1219 1776 1290 palatini

191 1320 226 1373 ﬁ
255 1320 306 1374 io
341 1320 505 1373 Ezoni
542 1318 614 1351 ’³⁰
647 1318 848 1388 nupsit.
885 1317 950 1370 Et
989 1318 1091 1370 hoc
1128 1313 1314 1368 multis
1343 1311 1644 1382 displicuit;
1684 1312 1778 1365 sed

190 1414 317 1482 quia
357 1413 410 1466 id
446 1427 551 1466 non
581 1410 751 1463 valuit
777 1409 1072 1463 emendare
1103 1407 1376 1476 lcgalitcr,
1419 1404 1635 1458 sustulit
1676 1407 1779 1459 hoc

192 1505 390 1560 unicus
415 1503 585 1558 frater
616 1503 761 1558 illius
782 1500 1233 1571 pacienter,dans
1249 1500 1296 1553 ei
1331 1514 1492 1567 quam
1519 1497 1775 1566 plurima,

1878 311 2127 381 Agnosco
2156 311 2226 343 m
2246 310 2390 364 enim
2431 320 2630 364 memet
2657 309 2854 378 ipsum,
2881 317 2934 361 et
2963 307 3142 359 minus
3170 320 3335 373 quam
3365 305 3456 359 de-

1879 403 1980 458 beo
2004 418 2066 456 ac
2097 403 2147 458 in
2174 402 2346 457 baculi
2383 401 2672 472 fragilitate
2698 399 3107 454 harundineim
3134 398 3208 452 nil
3235 413 3458 468 prorsus

1879 499 2192 562 conlidens,
2235 491 2399 569 justis
2463 495 2909 566 suil‘ragatorilms
2979 508 3066 548 me
3112 501 3455 563 peccatorcm

1879 589 2102 658 supplex
2136 589 2439 664 committo.
2464 586 2647 642 Voluit
2680 599 2892 654 quoque
2918 584 3214 653 imperator
3233 581 3460 652 capella-

1879 696 1976 735 nos
2025 679 2222 734 suimet
2249 677 2570 748 llerpoucm
2611 679 2676 732 de
2706 674 3029 730 llalverstidi
3077 688 3140 728 ac
3184 674 3455 727 ltaconem

1879 772 1942 825 de
1973 770 2210 824 Brcmun
2242 769 2533 838 episcopali
2585 767 2751 836 gradu
2787 766 3110 829 sublimare;
3165 773 3220 818 ct
3270 763 3373 816 hiis
3403 763 3456 815 in

1879 863 2016 916 lecto
2054 863 2122 916 ob
2149 861 2517 915 ittiit‘tnilalettl
2555 859 2782 911 validam
2831 855 3163 928 jacentibus,
3215 865 3461 923 pastora-

1879 952 1981 1006 lem
2017 950 2265 1004 baculum
2306 951 2488 1011 dedit;
2542 950 2636 1002 sed
2684 957 2909 1017 uterque
2961 947 3078 1000 sine
3125 943 3454 999 sacerdotali

1881 1043 2143 1098 unccioue
2173 1041 2443 1096 discescit.
2472 1041 2612 1106 Quid
2637 1055 2764 1092 vero
2786 1039 2851 1092 de
2879 1039 2981 1092 hoc
3015 1038 3194 1091 dicere
3232 1035 3458 1105 possim,

1881 1137 2094 1202 ignoro,
2125 1138 2266 1200 cum;
2292 1148 2588 1201 numquam
2642 1131 2708 1184 de
2763 1128 2958 1183 talibus
2994 1127 3198 1196 aliquid
3248 1125 3351 1195 legi
3378 1125 3462 1178 vel

1881 1227 2043 1279 etiam
2076 1225 2276 1279 audiri.
2312 1223 2574 1293 Cognitor
2605 1221 2845 1276 omnium
2879 1220 3020 1274 Deus
3049 1219 3164 1273 haec
3201 1216 3346 1273 solus
3372 1231 3464 1270 or-

1883 1317 2083 1373 dinavit
2118 1326 2170 1369 et
2211 1317 2350 1369 scire
2381 1324 2579 1383 potest.

1954 1411 2038 1462 40.
2081 1409 2140 1472 (Γ.
2177 1409 2264 1475 73)
2301 1407 2380 1459 Ilii
2431 1408 2560 1469 dun,
2629 1402 2878 1472 quamvis
2929 1401 3025 1472 pii,
3091 1410 3270 1455 tamen
3323 1397 3468 1451 inter

1883 1505 2162 1574 episcopos
2193 1519 2298 1554 non
2337 1501 2534 1553 debent
2562 1495 2816 1558 asset-ibi,
2847 1493 2973 1564 quia
2999 1494 3052 1547 in
3089 1490 3466 1546 benedictione

193 1614 264 1651 ne
295 1597 583 1650 vilesceret
614 1595 800 1648 innata
851 1593 954 1648 sibi
991 1610 1019 1647 a
1063 1593 1377 1662 parentibus
1415 1594 1641 1645 summis
1668 1591 1778 1658 glo-
1812 1587 1854 1646 Β
1885 1597 1987 1650 hiis
2017 1603 2300 1648 consortes
2339 1607 2442 1643 non
2477 1589 2760 1640 valuerunt
2789 1584 2946 1638 cilici.
2977 1581 3124 1635 Razo
3151 1588 3329 1634 autem
3351 1576 3465 1646 jus-

191 1688 271 1740 ria
299 1686 472 1756 (565).
508 1686 563 1739 In
603 1685 936 1754 temporibus
977 1686 1090 1738 suis
1128 1684 1437 1747 Conradus,
1476 1684 1779 1736 Su:_~vorum

191 1779 390 1832 ductor
414 1776 648 1846 egrejius
679 1774 846 1846 (564),
880 1790 943 1829 ac
978 1773 1218 1842 cjuslem
1268 1775 1435 1826 frater
1467 1773 1783 1827 llerihcrtas

189 1883 412 1934 comes,
452 1882 663 1922 necnon
705 1865 856 1920 Ilodo
902 1867 1118 1920 inclitus
1171 1867 1413 1920 mari-hin
1470 1866 1642 1935 (535),
1688 1881 1784 1934 pro

189 1958 380 2012 dolor!
423 1966 599 2013 morte
639 1965 1016 2011 momentanea
1059 1957 1298 2025 depressi
1342 1957 1409 1986 ⁷³¹
1447 1964 1593 2008 sunt.
1638 1956 1781 2023 Sigi-

190 2051 368 2105 l‘ridus
410 2059 628 2115 autem,
679 2050 911 2120 predicti
949 2050 1282 2104 marciiionis
1326 2047 1498 2109 Illius,
1543 2049 1594 2102 in
1637 2049 1785 2104 Nova

192 2141 330 2195 urbe
357 2139 530 2211 (566),
570 2141 661 2195 ubi
694 2149 850 2210 pater
884 2155 1017 2195 suus
1053 2141 1374 2210 requiescit,
1419 2141 1560 2194 inter
1601 2157 1786 2195 umna-

189 2233 329 2286 ehos
381 2233 469 2287 diu
521 2231 574 2285 in
619 2233 806 2286 eodem
854 2231 1040 2286 habitu
1083 2241 1441 2286 conversatus
1468 2271 1483 2294 ,
1520 2232 1784 2286 cucullum

192 2321 457 2392 projecit,
487 2321 730 2376 laicalcm
768 2322 1073 2391 suscipiens
1105 2331 1335 2376 vestem.
1375 2322 1477 2389 Qui
1512 2324 1579 2378 ah
1621 2322 1785 2377 Ekki-

191 2413 371 2468 hardo
409 2413 604 2470 abbate
633 2428 730 2469 suo
751 2423 806 2468 et
825 2412 1058 2468 Gisilcro
1083 2414 1453 2483 archipresqu
1479 2423 1699 2468 vocatus
1719 2414 1786 2468 ad

189 2505 486 2570 sinodum,
530 2503 975 2574 Parthenopolim
1005 2505 1078 2536 ⁷³¹
1114 2505 1286 2570 venit,
1324 2515 1377 2559 et
1408 2521 1656 2573 quamvis
1700 2505 1787 2558 in—

193 2599 369 2662 vitus,
415 2597 646 2665 pristino
681 2597 865 2651 habitu
911 2597 1152 2661 indutus,
1190 2597 1433 2667 judiciali
1485 2597 1783 2659 sententia,

194 2692 553 2746 dnouecimus
601 2691 748 2758 ipse,
802 2691 1168 2744 sacramentis
1225 2690 1491 2754 exsolvit,
1539 2691 1788 2760 exemplo

193 2785 387 2849 unius,
432 2781 524 2852 qui
562 2780 747 2836 Romae
791 2781 953 2836 simili
991 2782 1260 2836 sententia
1301 2796 1359 2837 se
1401 2783 1452 2836 in
1495 2792 1788 2851 causpcctu

195 2875 398 2945 pretati
429 2874 752 2943 inperatoris
781 2874 1050 2944 purgavit.
1087 2873 1278 2928 Patres
1307 2890 1496 2929 eorum
1526 2875 1787 2943 spiritua-

1885 1703 1945 1742 Stt
1980 1685 2161 1740 dilecti
2192 1682 2424 1737 senioris
2451 1680 2533 1733 sui
2565 1693 2686 1730 ossa
2715 1691 2875 1744 supra
2906 1673 3035 1728 dicti
3092 1687 3242 1741 papa:
3299 1670 3471 1723 Bene-

1884 1779 2036 1844 dicti,
2071 1779 2208 1831 sicut
2235 1776 2345 1845 ipsc
2381 1773 2688 1841 prelocutus
2719 1781 2821 1834 est,
2849 1768 2912 1822 de
2944 1765 3311 1833 llammaburg
3362 1761 3469 1814 lio-

1892 1884 2036 1921 mam
2069 1866 2299 1920 reduxit.
2351 1862 2591 1930 Namque
2637 1868 2788 1927 pater
2845 1853 3184 1914 venerabilis,
3239 1853 3472 1904 domnus

1888 1961 2107 2028 inquam
2142 1956 2492 2026 apostolicus,
2523 1953 2650 2004 dum
2701 1951 2753 2004 in
2784 1949 2948 2002 exilio
2979 1944 3240 2006 (δεξεμ-1η
3270 1942 3472 1996 Christi

1887 2051 2109 2106 servitio
2133 2048 2429 2107 studiosus,
2480 2054 2711 2109 cumque
2752 2039 2927 2092 adhuc.
2976 2033 3308 2104 aquilonaris
3359 2034 3474 2086 lure

1888 2157 2016 2213 pars
2049 2149 2233 2208 optata
2260 2151 2388 2206 pace
2419 2133 2678 2205 gauderet
2707 2146 2721 2183 :
2759 2129 2882 2191 llic,
2915 2128 3114 2197 inquit,
3147 2123 3334 2194 fragile
3357 2139 3474 2175 cor-

1887 2251 1983 2303 pus
2009 2250 2176 2285 meum
2208 2231 2352 2284 debet
2384 2226 2604 2289 resolri;
2629 2235 2673 2277 et
2703 2232 2815 2293 post
2857 2222 2970 2274 lucc
3001 2218 3167 2271 omnis
3201 2217 3298 2268 ista
3333 2216 3473 2283 regio

1888 2323 2068 2395 g.nti1i
2104 2321 2278 2391 gladio
2308 2317 2592 2371 desolmnlu
2623 2313 2850 2382 [erisque
2898 2308 3248 2364 inlmbitnnda
3309 2305 3462 2355 relin-

1888 2417 2088 2486 quitur,
2122 2424 2167 2466 et
2193 2423 2311 2464 ante
2334 2409 2731 2462 trintslationem
2762 2419 2926 2458 meum
2959 2419 3060 2454 non
3093 2399 3276 2452 ridebit
3301 2395 3369 2426 73“
3392 2398 3475 2446 iu-

1890 2507 2078 2576 digenn
2115 2519 2291 2571 pacein
2323 2501 2552 2568 ﬁrmum.
2582 2495 3028 2560 Quandocumque
3063 2505 3178 2543 vero
3207 2485 3348 2539 duini
3398 2501 3477 2534 re-

1890 2599 2078 2662 sideo,
2156 2594 2441 2665 apostolica
2508 2588 2874 2642 intercessione
2925 2598 3157 2653 paganos
3217 2579 3479 2650 quiescere

1890 2704 2063 2760 spero.

1962 2777 2052 2831 4|.
2094 2775 2152 2829 In
2184 2783 2428 2844 tempore
2481 2767 2676 2841 preiati
2712 2765 2919 2822 cesaris
2947 2762 3100 2818 multi
3153 2760 3340 2814 obiere
3376 2755 3472 2826 pii,

1892 2884 2121 2940 quorttm
2175 2867 2338 2920 vitam
2399 2864 2609 2932 ignoro,
2669 2876 2733 2913 ac
2781 2869 3068 2928 propterea
3098 2855 3162 2906 de
3192 2851 3294 2906 hiis
3320 2849 3476 2905 sileo.

195 2966 281 3027 les
311 2965 527 3036 plenum
563 2980 724 3034 super
758 2980 815 3019 se
851 2965 1221 3019 testimonium
1261 2966 1530 3029 habuere;
1577 2965 1669 3021 sed
1699 2966 1785 3034 ju-
1814 2933 1857 2993 C
1893 2962 1965 3014 De
2013 2971 2244 3028 quorum
2293 2970 2523 3007 munero
2574 2952 2820 3020 quaidatn
2880 2946 3192 3007 cometissa,
3256 2941 3478 2996 nomine

195 3059 446 3124 diclbus,
472 3067 530 3113 ut
556 3073 781 3121 vereor,
809 3057 1117 3128 corruptis,
1159 3057 1363 3128 absque
1397 3058 1545 3112 omni
1590 3058 1787 3112 suimet

195 3150 360 3219 culpa
391 3150 606 3204 eosdem
633 3148 938 3219 perdidere.

270 3242 362 3297 39.
405 3240 706 3297 Memorare
743 3241 804 3312 (f.
832 3242 944 3312 72‘)
967 3241 1132 3296 etiam
1166 3241 1297 3296 mihi
1329 3241 1458 3296 libet
1488 3240 1789 3296 Franconis

195 3336 445 3407 episcopi
472 3334 876 3390 Wormacensis
899 3335 1119 3389 brevem
1146 3335 1334 3399 vitam,
1364 3334 1457 3404 qui
1479 3335 1696 3404 juvenis
1722 3349 1788 3388 ac

194 3429 356 3484 omni
401 3428 673 3498 probitate
723 3426 912 3483 cluens
951 3426 1125 3482 cesari
1175 3435 1403 3495 augusto
1452 3425 1685 3494 placuit;
1738 3435 1793 3478 et

194 3534 331 3576 cum
363 3519 592 3574 eundem
629 3533 739 3574 sua:
765 3516 1111 3587 coniunctum
1137 3515 1487 3571 familiaritati
1513 3515 1566 3569 in
1595 3515 1793 3569 divinis

195 3611 413 3682 pollere
436 3609 624 3666 sedulo
661 3610 917 3675 vidisset,
981 3617 1195 3664 mortuo
1245 3607 1504 3678 predictae
1555 3606 1792 3660 civitatis

192 3703 453 3757 antistite
482 3700 768 3757 llillibaldo
796 3701 966 3772 (567),
993 3701 1166 3755 eidem
1194 3699 1488 3754 succedere
1517 3696 1666 3752 fecit.
1690 3695 1790 3762 Qui

195 3809 381 3849 unum
408 3793 696 3847 dumtaxat
719 3809 921 3847 annum
958 3793 1174 3852 sedens,
1208 3791 1260 3844 in
1307 3789 1456 3843 Italia
1505 3788 1660 3852 obiit,
1691 3789 1794 3841 ibi-

193 3885 338 3938 dem
359 3883 603 3953 sepultus
626 3883 794 3955 (568).
815 3882 1020 3938 Vellem
1053 3879 1427 3944 libentissime,
1459 3879 1502 3934 si
1536 3893 1794 3947 umquam

195 3975 333 4031 ﬁeri
366 3975 648 4045 potuisset,
690 3983 749 4028 ut
777 3974 1105 4043 optimorum
1137 3970 1501 4040 quorumlibet
1533 3966 1795 4022 memoria

194 4085 308 4140 per
343 4070 610 4124 inutilium
636 4084 800 4139 opera
823 4067 1045 4122 meimct
1079 4080 1335 4119 manuum
1361 4063 1702 4134 presentihus
1732 4077 1794 4115 ac

1889 3051 2196 3107 Christiana
2221 3048 2314 3111 ⁷³⁷,
2341 3047 2511 3115 pt‘edii
2540 3045 2759 3106 suimet,
2789 3041 2930 3110 quod
2957 3040 3007 3094 iu
3034 3037 3206 3092 Stuwi
3236 3034 3308 3066 ⁷³⁸
3331 3033 3482 3104 (369)

1899 3143 2122 3195 civitate
2154 3138 2383 3198 habuit,
2441 3150 2691 3205 magnam
2749 3141 2960 3202 partem
3019 3135 3210 3182 Sancto
3265 3121 3487 3177 tradidit

1893 3230 2228 3286 Mauricioin
2277 3228 2658 3298 Magadaburg.
2705 3223 2831 3278 lla-c
2883 3222 3007 3275 vitae
3043 3216 3204 3285 hujus
3252 3213 3483 3270 celerem

1892 3341 2110 3382 cursum
2141 3338 2263 3377 eum
2294 3321 2345 3375 in
2371 3320 2590 3374 Christo
2622 3318 2807 3371 vivens
2828 3311 3212 3385 pertransiret,
3248 3307 3281 3362 8
3358 3305 3484 3360 ldus

1893 3414 2082 3469 Marcii
2103 3413 2167 3466 ad
2192 3413 2281 3466 diu
2311 3410 2479 3480 optati
2508 3407 2799 3461 thalamum
2826 3402 3009 3473 sponsi
3043 3400 3284 3470 gaudens
3312 3395 3480 3456 venit;

1894 3505 2037 3576 quod
2070 3502 2302 3558 Gisilero
2331 3496 2690 3567 archipresuli
2723 3496 2792 3528 ⁷³³
2823 3505 2953 3548 tunc
2974 3492 3043 3524 ⁷⁵⁰
3076 3484 3487 3554 I’arthenopoli-

1899 3609 2025 3654 tano
2048 3595 2108 3668 (f.
2142 3596 2254 3665 75‘)
2282 3593 2334 3647 in
2370 3589 2821 3658 Quidilingehurg
2849 3596 2978 3640 tunc
3008 3578 3239 3638 moranti
3273 3577 3352 3630 sic
3373 3590 3486 3629 ma-

1900 3690 2215 3746 nifestatum
2244 3694 2346 3740 est.
2371 3682 2636 3754 Apparuit
2657 3681 2707 3734 ei
2739 3677 2962 3749 quidam
3006 3674 3112 3736 vir,
3154 3670 3343 3724 dicens
3384 3665 3434 3718 ei
3467 3683 3481 3718 :

1902 3785 2108 3846 Scisne,
2137 3779 2274 3850 quod
2311 3779 2480 3831 omnis
2531 3774 2727 3828 nzilicia
2752 3769 2973 3825 cwlestis
2997 3764 3256 3821 exercitus
3280 3776 3335 3815 se
3363 3773 3480 3829 pre-

1901 3885 2054 3943 parat
2079 3875 2147 3927 ad
2169 3874 2443 3926 adventant
2479 3869 2687 3922 Christo
2716 3864 2888 3934 ﬁdelis
2932 3863 3122 3915 anima:
3151 3873 3214 3910 ac
3255 3854 3323 3908 ad
3363 3869 3489 3906 con-

1903 3969 2116 4039 tiguam
2139 3965 2516 4033 susceptionem
2541 3961 2662 4014 talis
2685 3972 2889 4028 sponsa:
2908 3955 2930 4008 ?
2952 3953 3076 4007 Jam
3105 3948 3242 4003 enim
3267 3944 3395 3999 venit
3418 3943 3486 3996 ad

1904 4060 2372 4116 remmierwionein
2423 4065 2576 4123 atque
2601 4052 2669 4105 ad
2701 4061 2909 4105 (eterna:
2935 4041 3225 4098 mansionis
3282 4037 3488 4090 beatum

193 4162 450 4234 posteris
475 4163 701 4232 quadam
727 4161 972 4215 novitate
1005 4167 1224 4227 accepta
1275 4156 1582 4219 ﬂoruisset;
1627 4164 1685 4207 ut
1725 4152 1796 4208 hii
1833 4189 1877 4246 Β
1908 4169 2068 4223 spem.
2096 4150 2343 4217 Quicum
2370 4147 2677 4214 evigilat-ct,
2707 4138 3028 4195 Waltherdo
3059 4143 3188 4188 tunc
3215 4125 3490 4200 preposilo

193 4267 429 4318 omnes,
459 4254 557 4308 etsi
583 4254 682 4308 hoc
711 4268 816 4307 non
842 4250 1118 4312 delectati,
1147 4263 1242 4318 pro
1266 4248 1466 4318 pietate
1496 4256 1674 4299 tamen
1700 4262 1795 4299 sua

1907 4245 2159 4316 primitus
2192 4240 2456 4303 innotuit;
2491 4246 2544 4292 et
2570 4250 2690 4290 cum
2721 4234 2768 4288 is
2791 4228 3156 4286 venerabilem
3180 4230 3488 4280 matronam

1511 4444 1745 4503 VARUS
1783 4441 2190 4501 LECTIONES.

274 4601 380 4635 ηε·
422 4601 543 4654 add,
582 4602 658 4656 Ib,
715 4599 786 4632 "9
822 4598 1152 4651 honerautes
1185 4595 1271 4646 la.

195 4652 626 4731 darentur-ia:
646 4652 744 4704 ⁷⁷³⁸
779 4670 1030 4736 Agnosco
1053 4695 1123 4705 —-
1151 4671 1326 4736 potest
1357 4661 1462 4714 alia
1492 4675 1649 4736 manu
1677 4658 1895 4736 scripto.
1971 4656 2041 4736 “.5
2067 4652 2336 4736 liaruriilnei
2388 4652 2436 4736 1:

196 4715 563 4810 iet-istinala.
587 4759 726 4797 nunc
753 4715 940 4791 rnsDuru
965 4753 1100 4792 corr.
1135 4715 1381 4801 crastina)
1414 4734 1550 4783 Ann.
1580 4727 1710 4781 Sne.
1786 4715 1863 4759 ’⁷³⁸
1890 4727 2030 4782 stuui
2063 4728 2147 4780 la.
2223 4726 2292 4757 "9
2322 4715 2696 4790 archiprcsule
2732 4719 2815 4768 la.

1376 4590 1447 4621 ’³ο
1477 4604 1644 4643 omne
1679 4588 1759 4640 la.
1838 4587 1904 4618 ⁷³¹
1938 4586 2009 4640 ita
2045 4584 2126 4638 lc.
2162 4577 2645 4654 depresi_ia._-_"”
2673 4570 3034 4654 parthepolim
3075 4567 3120 4618 Ι.
3147 4561 3496 4654 ,λζδθὶιςοοριιςς

2513 4649 2585 4680 m
2638 4623 3043 4697 ιιῖἶίξὶὶᾶὶιῖιθ.
3147 4632 3216 4664 ’³⁷
3266 4631 3337 4682 ita
3397 4623 3500 4680 ib?

2891 4709 2962 4742 ""°
2994 4705 3119 4760 add.
3159 4702 3240 4756 lb.

1760 4884 1991 4943 NOTAE.

279 5045 438 5119 (565)
479 5046 651 5119 Deliis
724 5043 937 5119 confer”
984 5043 1308 5119 monachum
1375 5037 1806 5119 Brunvvillaren-

202 5108 326 5182 sent
384 5108 524 5186 apud
559 5119 809 5177 Lcilmit.
865 5113 961 5167 SS.
1033 5133 1137 5171 rer.
1193 5113 1474 5168 Brunsvic.
1543 5117 1579 5161 t.
1640 5109 1692 5174 l,
1750 5127 1802 5182 ῃ,

197 5194 331 5251 515.
364 5203 447 5253 sq.
615 5237 626 5255 ε

273 5252 434 5300 13611
473 5252 624 5300 (ὶΜίί
670 5270 826 5300 anno
875 5252 1007 5300 997-

1074 5274 1122 5300 ν-
1174 5253 1468 5300 "nt‘nmnn.
1522 5251 1802 5300 Cnntmct.

2180 5093 2768 5175 Muuchen:SienhuI'g
2809 5091 2863 5175 ip
2897 5077 3444 5175 ιξξιθτιέξιΔὲιξιιειὲξιιες.

2629 5145 2768 5248 Αιιιὲξ
2813 5161 2864 5213 4.
2895 5157 2970 5248 ι11.
3017 5153 3238 5208 Necrol.
3285 5145 3436 5204 Fuld.
3470 5154 3515 5196 it

1918 5229 2346 5300 in.?.;.i.'._‘i'.'.s.
2384 5241 2451 5300 '5;
2485 5231 2700 5290 Ncct'ol.
2739 5229 2951 5285 Luncb.
3048 5253 3050 5255 -

3305 5288 3350 5300 -ο
