4042 5300
504 345 644 403 1273

1432 333 1810 394 mmmam
1853 327 2482 389 MERSEBURGENSIS
2519 324 2825 385 EPISCOPI

3640 310 3777 368 11ἴῦ

501 482 569 524 cx
620 466 722 523 hac
765 461 886 521 luce
933 461 1121 520 eadem
1155 466 1336 525 nocte,
1374 470 1479 528 qua
1514 457 1630 511 haec
1660 453 1774 507 visa
1803 458 1952 516 sunt,
1984 448 2087 503 mi-
2116 449 2163 510 Α
2194 455 2299 513 ret,
2333 446 2379 502 si
2398 445 2480 502 sie
2505 444 2744 500 humana
2765 438 3065 511 fragilitate
3114 434 3233 492 ﬁeri
3276 439 3481 505 posset.
3508 429 3777 484 Predictas

504 571 693 628 grasse
738 570 864 610 mox
926 553 1161 618 audiret,
1209 548 1412 606 seniori
1466 545 1653 610 refert,
1709 551 1764 600 et
1823 541 2089 596 visionem

507 663 661 704 suam
692 647 829 702 dixit
848 660 969 701 esse
991 643 1339 714 completam.
1366 638 1498 694 Haec
1523 637 1662 692 bona
1687 647 1916 705 qumque
1960 645 2091 686 con-

509 737 750 795 scientiae
781 745 964 807 tegens
993 734 1064 767 "“
1087 740 1300 790 secreto
1326 744 1457 795 sum,
1485 728 1585 782 fuit
1628 724 1842 782 caeteris
1896 730 2094 778 matro-

513 828 674 883 nibus
701 827 794 892 m,
829 840 948 896 qua:
980 823 1121 894 apud
1153 823 1440 878 modernos
1461 817 1533 851 7“
1560 825 1710 881 sunt,
1743 815 1901 885 longe
1931 811 2095 867 dissi-

514 920 677 983 milis,
727 934 956 989 quarum
1005 932 1199 989 magna
1246 928 1375 987 pars
1404 909 1728 969 menbratim
1763 907 1961 976 injuste
1989 904 2099 959 cir-

513 1010 844 1077 cumcincta,
890 1010 1038 1080 quod
1082 1007 1275 1063 venale
1323 1006 1489 1062 habet
1531 1005 1585 1059 in
1643 1018 1731 1066 se,
1785 998 1995 1056 cunctis
2027 996 2099 1029 7“

513 1102 852 1159 amatoribus
902 1100 1140 1156 ostendit
1189 1105 1396 1169 aperte.
1457 1094 1704 1164 Cumque
1756 1092 1828 1146 sit
1879 1090 1935 1144 in
1994 1087 2099 1142 hiis

518 1191 894 1248 abhomiuatio
921 1191 1014 1248 Dei
1057 1198 1113 1246 et
1159 1190 1395 1246 dedecus
1449 1185 1641 1249 seculi,
1686 1183 1891 1250 absque
1950 1177 2098 1234 omni

514 1286 721 1358 pudore
756 1299 940 1341 coram
980 1283 1229 1354 procedit
1256 1278 1534 1350 speculum
1573 1276 1750 1331 tocius
1795 1270 1976 1344 populi
2006 1269 2102 1321 7”.

522 1377 704 1448 Turpe
722 1386 807 1433 est
833 1393 896 1431 ac
926 1375 1091 1430 nimis
1116 1371 1426 1429 miserabile
1453 1369 1546 1443 (cf.
1578 1368 1737 1423 Pens.
1766 1383 1801 1431 I,
1830 1365 1931 1436 5.),
1962 1362 2103 1434 quod

519 1477 779 1540 peccator
806 1466 1179 1537 unusquisque
1208 1481 1314 1519 non
1351 1463 1464 1518 vult
1498 1462 1815 1517 delitescere
1860 1458 1952 1521 ⁷⁸⁸,
2010 1455 2107 1511 sed

527 1561 597 1616 ad
634 1559 944 1614 irrisioncm
972 1557 1131 1613 bonis
1154 1565 1210 1612 ct
1238 1556 1304 1611 ad
1336 1553 1642 1624 exemplum
1667 1551 1821 1606 malis
1844 1548 2110 1620 prcsumit

521 1651 839 1722 procedere.

598 1741 688 1795 42.
731 1740 785 1794 In
824 1740 1014 1794 diebus
1044 1737 1151 1793 illis
1181 1736 1364 1806 nupsit
1397 1733 1620 1789 Malttild
1653 1728 2106 1793 sanctimonialis,

2194 548 2374 597 autem
2398 547 2582 594 custos
2601 533 2845 593 ecclesia:
2869 529 3228 594 Eltkihardus,
3242 523 3570 595 cognomine
3587 519 3778 581 Rufus,

2194 637 2312 685 arte
2331 628 2720 700 grammaticus
2749 634 2805 682 et
2834 633 2962 680 tunc
3006 620 3266 691 magister
3292 615 3495 673 scholar
3515 654 3532 680 ,
3562 626 3689 667 cum
3729 610 3782 663 in

2196 738 2304 779 una
2326 722 2537 777 dierum
2571 719 2741 775 altare
2765 731 3018 789 magnum
3055 724 3111 769 et
3157 724 3383 767 aureum
3442 702 3786 777 gemmisque

2196 814 2510 886 optimoque
2535 820 2787 869 ornatum
2810 809 3039 877 electro,
3069 806 3115 863 si
3131 803 3343 875 aliquid
3375 800 3430 855 in
3455 813 3524 854 eo
3551 796 3786 857 deesset,

2199 906 2543 964 considerare
2566 904 2843 969 voluisset,
2872 918 2941 958 ex
2971 898 3248 971 inproviso
3282 895 3352 951 ab
3383 891 3583 949 eodem
3610 884 3791 956 depri-

2200 999 2399 1063 mitur;
2430 1002 2487 1053 e‘t
2515 1013 2583 1052 ex
2610 998 2717 1053 hac
2742 994 3025 1053 collisione
3055 990 3322 1053 tardatus,
3355 983 3654 1056 pecuniam
3679 977 3793 1032 sui-

2202 1098 2314 1145 met
2337 1090 2426 1143 diu
2450 1076 2834 1159 cengregatam
2862 1125 2879 1152 ,
2922 1084 3070 1152 larga
3131 1095 3294 1135 manu
3344 1068 3793 1132 distribuendam

2204 1178 2524 1235 Waltherdo
2548 1156 2822 1233 commisit
2852 1173 3155 1244 preposito,
3182 1178 3235 1224 et
3269 1175 3391 1238 post
3432 1175 3643 1235 paucos
3680 1156 3795 1212 dies

2204 1270 2240 1326 2
2288 1268 2471 1324 Nonas
2497 1265 2833 1337 Septembris
2854 1264 3105 1334 spiritum
3129 1258 3335 1315 ﬁdelem
3361 1251 3604 1310 exalavit
3620 1245 3795 1321 (575).

2207 1361 2376 1429 Quem
2409 1375 2514 1415 non
2543 1359 2598 1413 in
2631 1357 2813 1427 aliqua
2842 1370 2904 1411 re
2934 1368 3166 1416 accuso;
3225 1348 3320 1405 sed
3366 1346 3477 1401 hoc
3523 1337 3802 1397 veraciter

2209 1450 2345 1515 scio,
2389 1449 2535 1521 quod
2590 1448 2638 1505 si
2696 1447 2819 1516 quis
2876 1452 3126 1500 sanctum
3171 1438 3394 1496 oli'endit
3448 1430 3797 1491 Mauricium,

2210 1518 2429 1612 dampni
2453 1538 2838 1611 subsequentis
2866 1552 2974 1592 non
3004 1536 3215 1606 ignoret
3238 1526 3565 1602 periculum.
3628 1518 3803 1612 Hujus

2211 1631 2283 1664 ⁷³⁸
2316 1608 2889 1697 thesauruquuidam
2943 1623 3162 1694 juvenis
3213 1619 3476 1676 instinctu
3529 1608 3801 1670 diabolica

2213 1735 2335 1776 cum
2365 1727 2523 1776 nocte
2553 1716 2835 1773 tenebrosa
2870 1713 3041 1770 furari
3085 1711 3365 1776 voluisset,
3415 1708 3472 1763 in
3513 1705 3807 1777 primoque

526 1829 639 1885 ﬁlii
664 1829 967 1885 Thiedcrici
995 1827 1063 1860 ⁷⁸⁷
1091 1792 1442 1893 marchionis,
1491 1824 1703 1879 cuidam
1732 1822 1957 1878 Sclawo.
2015 1835 2111 1875 no-
2144 1792 2186 1851 Β
2215 1813 2363 1871 aditu
2392 1810 2665 1881 trepidare
2694 1807 2956 1879 incipiens
3011 1804 3279 1861 desistere
3324 1800 3439 1869 jam
3475 1797 3806 1862 studuisset,

530 1922 681 1977 mine
714 1919 1054 1975 Prebizlavo.
1101 1918 1233 1985 Qum
1285 1927 1407 1988 post
1436 1915 1506 1947 7“
1535 1930 1565 1969 a
1605 1911 2116 1984 Brennebrugensis

535 2012 610 2048 ’δ’
660 2012 859 2086 injusto
906 2012 1188 2083 provisore
1241 2010 1303 2083 (f.
1342 2010 1431 2080 74)
1480 2008 1715 2064 civitatis
1740 2006 1988 2062 Bolibuto
2018 2006 2113 2059 πο.

534 2104 685 2178 (570)
713 2113 890 2175 capta,
925 2103 978 2159 in
1015 2111 1226 2157 tantum
1260 2100 1554 2156 constricta
1585 2107 1686 2162 est,
1723 2107 1780 2152 ut
1802 2112 1977 2168 neque
2008 2096 2117 2151 Do-

538 2196 795 2254 minicam
824 2195 1186 2260 nativitatem,
1219 2207 1319 2248 nec
1346 2192 1506 2245 aliam
1538 2189 1992 2260 sollempuitatem
2035 2186 2121 2242 vel

528 2286 739 2359 jejunio
769 2285 1091 2357 congruenti
1136 2282 1424 2355 prevenire
1478 2280 1565 2337 vel
1594 2279 1803 2335 festivis
1846 2279 2124 2335 celebrare

537 2378 750 2452 gaudiis
797 2378 1084 2449 potuisset.
1133 2374 1241 2431 Ubi
1294 2372 1569 2446 quendam
1617 2386 1845 2443 puerum
1899 2370 2121 2444 genuit,

536 2486 700 2543 quem
729 2469 1034 2541 lugubriter
1078 2467 1352 2533 educavit,
1411 2473 1707 2537 posteaque
1756 2471 1918 2518 tantae
1974 2461 2124 2517 solu-

530 2562 742 2619 tionem
766 2560 999 2616 miseria:
1019 2568 1075 2616 et
1102 2557 1384 2615 abbaci’am
1413 2557 1478 2612 in
1496 2553 1859 2627 Magadaburg
1882 2552 1953 2585 ⁷⁶¹
1977 2551 2126 2624 (571)

538 2660 763 2732 indigna
792 2659 1056 2731 percepit.
1096 2655 1264 2728 Cujus
1284 2655 1371 2711 vir
1400 2661 1560 2709 antea
1597 2652 1671 2684 ⁷⁸³
1700 2666 1732 2705 a
1759 2647 2130 2706 confratribus

542 2749 772 2821 geminis
800 2749 1008 2820 Ugionc
1036 2762 1101 2802 ac
1128 2744 1373 2802 UlIicone
1398 2743 1432 2799 5
1477 2741 1747 2798 Kalendas
1770 2738 2011 2796 Januarii
2042 2751 2133 2793 oc-

544 2842 735 2898 cubuit
766 2840 936 2913 (573).
967 2838 1137 2910 Hujus
1162 2837 1357 2903 frater,
1392 2833 1678 2891 Liudulfus
1698 2831 1943 2899 nomine,
1970 2830 2136 2899 depo-

549 2932 655 2989 sito
681 2930 938 2985 clericatu
970 2944 1122 2984 arma
1150 2942 1371 2984 sumens
1403 2924 1641 2991 ultricia,
1663 2923 1892 2979 multum
1943 2918 2135 2975 nocuit

474 3094 477 3095 7
549 3019 777 3085 nos1ris,
801 3026 991 3086 captus
1018 3024 1201 3071 autem
1230 3030 1262 3070 a
1287 3028 1495 3080 cesare,
1522 3012 1719 3069 iterum
1742 3009 2032 3065 restitutus
2053 3013 2140 3062 est

550 3111 741 3185 gradui
775 3110 1025 3181 pristino.
1344 3150 1349 3158 .
1418 3156 1422 3160 Α

620 3203 713 3259 43.
749 3201 809 3257 In
854 3201 1188 3271 temporibus
1237 3198 1472 3271 predicti
1515 3196 1740 3252 caesaris
1781 3194 1969 3250 fuitin
2001 3191 2139 3248 urbe

456 3348 467 3357 κ
552 3293 1070 3364 Parthenopolitana
1116 3292 1339 3362 quidam
1386 3292 1647 3353 decanus,
1700 3287 1851 3358 IIepo
1898 3285 2140 3351 nomine,

557 3384 750 3442 hilaris
772 3385 937 3439 homo
965 3390 1021 3438 et
1049 3381 1209 3437 valde
1236 3381 1386 3436 utilis
1416 3380 1472 3435 in
1504 3378 1861 3443 monasterio,
1884 3385 1939 3433 et
1968 3376 2145 3432 maxi-

557 3491 647 3531 me
664 3475 730 3551 in
756 3470 946 3530 choro.
979 3470 1084 3541 Qui
1116 3487 1239 3527 cum
1263 3470 1378 3543 jam
1403 3486 1574 3527 senex
1602 3478 1658 3524 et
1686 3469 1738 3523 in
1765 3468 1975 3524 cunctis
2011 3467 2146 3524 acti-

561 3569 666 3624 bus
718 3562 831 3622 suis
852 3569 1111 3621 ‘maturns
1157 3572 1326 3629 esset,
1364 3561 1586 3632 paralisi
1629 3559 1810 3616 subito
1858 3573 2149 3628 percussus

564 3657 865 3724 obmutuit;
893 3656 984 3712 sed
1009 3654 1207 3711 summi
1233 3654 1437 3709 auxilio
1461 3652 1655 3708 medici
1678 3650 1918 3722 psalmos
1944 3649 2150 3721 optime

563 3748 738 3820 potuit
760 3761 883 3803 cum
906 3745 1271 3802 confratribus
1308 3759 1507 3801 canere
1531 3759 1548 3812 ;
1574 3743 1642 3798 ad
1673 3746 1869 3798 caetera
1890 3754 2020 3796 vero
2051 3754 2151 3809 pa-

568 3856 689 3897 rum
724 3836 894 3895 valuit
930 3840 1195 3910 aspirare.
1234 3839 1303 3894 Et
1329 3838 1382 3893 in
1414 3838 1517 3893 hac
1547 3834 1783 3891 mirabili
1808 3832 2153 3889 relaudanda

568 3934 743 3990 virtus
770 3931 975 3989 Christi
1022 3930 1390 4002 cognoscitur,
1448 3944 1569 4001 qua:
1624 3925 1886 3984 servienti
1934 3924 2006 3958 ⁷⁸⁸
2051 3922 2154 3980 sibi

571 4024 805 4081 ﬁdeliter
833 4019 976 4078 vires
1004 4037 1296 4094 suggerere
1325 4022 1381 4077 in
1426 4020 1611 4076 multis
1637 4018 1988 4090 approbatur.
2047 4013 2157 4071 Sed

570 4130 696 4171 cum
719 4112 1047 4170 venerabilis
1076 4122 1256 4183 pater,
1295 4112 1350 4167 in
1382 4110 1574 4166 relicto
1600 4109 1791 4167 habitu
1839 4103 2158 4167 monachico

573 4222 634 4264 se
656 4206 814 4261 nimis
848 4220 1123 4277 peccasse,
1158 4205 1298 4261 facta
1326 4203 1670 4260 confessione
1711 4208 1844 4256 tunc
1886 4198 1960 4231 7“
2008 4198 2160 4268 inp-

575 4300 828 4364 muisset,
868 4298 930 4370 (f.
962 4298 1070 4370 π’)
1104 4298 1267 4366 idque
1295 4303 1477 4351 ortatu
1499 4295 1733 4349 fratrum
1770 4291 1824 4346 in
1850 4288 2161 4361 receptione

578 4389 820 4460 ejusdem
842 4391 1132 4446 emendare
1162 4389 1444 4454 voluisset,
1472 4402 1577 4442 non
1604 4387 1762 4457 longe
1808 4391 1931 4454 post
1980 4380 2161 4436 Nonas

2218 1914 2278 1963 ut
2302 1904 2417 1975 ipse
2442 1910 2565 1974 post
2589 1899 2792 1965 retulit,
2832 1912 3024 1954 vocem
3060 1894 3332 1966 quandam
3356 1890 3424 1946 ad
3452 1890 3577 1945 haec
3603 1887 3811 1943 audac-

2221 2005 2304 2052 ter
2332 1994 2404 2027 ⁷⁵⁷
2432 1992 2639 2064 agenda
2662 1996 3005 2047 exortantem
3058 1985 3285 2041 audivit.
3339 1981 3445 2039 Sed
3499 1978 3596 2035 ille
3643 1978 3813 2034 miser

2221 2094 2435 2156 sumpta
2458 2084 2658 2142 ibidem
2680 2096 2906 2147 corona,
2934 2078 3188 2135 celeriter
3231 2075 3285 2131 in
3316 2074 3434 2145 ipsa
3479 2080 3567 2128 est
3621 2078 3815 2142 captus

2222 2179 2316 2246 ⁷⁸⁸,
2350 2176 2645 2246 fractisque
2668 2174 2923 2230 cruribus
2948 2180 3082 2228 rota:
3104 2166 3498 2240 superpositus.

2295 2286 2386 2343 Μ.
2418 2285 2480 2357 (l‘.
2513 2285 2604 2356 75)
2644 2282 2756 2339 Nec
2780 2282 2949 2336 lateat
2977 2291 3028 2336 te
3068 2280 3327 2335 lectorem
3360 2271 3656 2344 cujusdam
3707 2269 3817 2326 fra-
3880 2319 3885 2328 ,

2228 2381 2329 2436 tris
2357 2377 2462 2434 mei
2492 2375 2797 2432 constantia
2833 2371 3160 2436 Ilusvv‘ardi;
3218 2368 3285 2423 ad
3307 2380 3470 2437 quem
3519 2361 3687 2432 juxta
3735 2375 3821 2417 me

2231 2483 2360 2531 tunc
2381 2473 2457 2506 ⁷⁸⁸
2478 2471 2838 2528 dormientem
2862 2478 2985 2523 cum
3012 2462 3281 2528 diabolus,
3312 2458 3612 2516 insidiator
3641 2463 3824 2510 uesta

2232 2564 2483 2627 callidus,
2516 2563 2571 2617 in
2600 2569 2760 2618 nocte
2785 2560 2986 2616 crebro
3012 2556 3320 2619 accederet,
3374 2565 3441 2606 ac
3468 2560 3653 2620 prape
3702 2559 3821 2603 eum

2229 2657 2443 2732 jacendi
2470 2656 2648 2712 locum
2679 2652 2884 2709 frustra
2912 2655 3144 2720 peteret,
3177 2644 3247 2701 ad
3275 2641 3558 2705 ultimum,
3614 2646 3681 2694 ut

2213 2724 2335 2823 pro
2363 2744 2680 2817 accipienda
2722 2740 2975 2799 mercede
3009 2737 3273 2794 voluisset
3297 2732 3532 2795 servire,
3569 2724 3827 2799 supplicio

2239 2815 2324 2899 ter
2344 2815 2578 2911 rogavit.
2604 2835 2675 2891 At
2701 2833 2790 2890 ille
2814 2833 2937 2905 pius
2963 2829 3184 2900 votique
3213 2840 3320 2882 non
3355 2824 3634 2878 inmemor
3659 2815 3828 2874 domi-

2238 2933 2369 2999 nici,
2392 2916 2453 2988 ut
2474 2929 2803 3002 promissum
2831 2923 2932 2981 sibi
2961 2920 3230 2994 premium
3253 2914 3503 2986 inprimis
3517 2912 3832 2969 ostenderet

2239 3032 2539 3099 posteaque
2569 3032 2891 3089 responsum
2920 3013 3120 3070 suimet
3140 3008 3470 3082 perciperet,
3512 3002 3830 3075 postulavit.

2163 3133 2211 3198 (ι
2243 3096 2398 3173 Tunc
2418 3114 2504 3169 is:
2533 3109 2830 3176 Ceusimili,
2860 3106 2998 3174 infit,
3034 3104 3212 3160 bravio
3248 3098 3422 3174 (574),
3446 3112 3554 3170 quo
3583 3113 3764 3152 meum
3785 3096 3834 3148 is

2243 3206 2507 3263 occidente
2528 3218 2692 3274 nuper
2712 3199 2874 3254 ditari
2892 3197 3215 3261 ministrum,
3239 3202 3288 3247 te
3309 3190 3438 3245 mihi
3454 3201 3835 3243 consensum

2244 3294 2612 3355 remunerabo.
2650 3291 2867 3367 Auditis
2911 3288 3110 3345 talibus
3142 3283 3413 3356 alloquiis,
3445 3281 3732 3352 presbiter
3758 3278 3838 3332 hic

2243 3388 2680 3452 venerandus,ut
2705 3397 2832 3453 sepe
2856 3390 3013 3436 antea
3037 3381 3420 3439 consueverat,
3445 3372 3608 3444 signo
3636 3378 3839 3425 sancta

2250 3481 2431 3538 crucis
2458 3487 2512 3535 et
2562 3470 3038 3547 increpacionibtis
3073 3466 3284 3540 asperis
3339 3466 3487 3520 hunc
3533 3459 3837 3533 eﬂ'ugavit;

2251 3587 2489 3646 cumque
2518 3573 2570 3627 in
2602 3568 2845 3627 occiduis
2867 3564 3112 3636 partibus
3134 3559 3404 3632 quendam
3450 3556 3721 3612 clericum
3776 3550 3843 3607 ob

2252 3663 2497 3722 criminis
2533 3660 2614 3717 sui
2645 3656 3071 3729 magnitudinem
3106 3652 3301 3720 laqueo
3331 3661 3661 3717 suspensum
3713 3657 3831 3698 esse

2254 3752 2602 3825 comperiret,
2626 3749 2784 3806 nobis
2812 3744 3065 3803 omnibus
3083 3748 3138 3797 et
3163 3737 3493 3795 antecedens
3526 3749 3596 3790 ac
3622 3734 3698 3766 ⁷⁸⁸
3722 3747 3846 3789 cott-

2256 3861 2491 3919 sequens
2529 3842 2821 3900 intimavit.
2850 3839 2918 3894 Et
2950 3837 3149 3892 mirum
3185 3840 3290 3899 est,
3321 3846 3445 3888 cum
3470 3828 3626 3885 omni
3673 3825 3846 3882 domi-

2258 3941 2380 3997 nica
2406 3935 2497 3994 die
2528 3936 2597 3991 ad
2625 3931 3007 3990 dormitorium
3040 3928 3170 3983 illud
3205 3925 3278 3960 "°
3314 3921 3519 3980 Christi
3558 3936 3699 3976 crux
3725 3932 3846 3972 vera

2258 4038 2596 4106 portaretur,
2637 4027 2726 4082 ille
2783 4023 3051 4094 malignus
3106 4019 3235 4075 talia
3287 4016 3472 4072 facere
3521 4022 3612 4070 est
3660 4026 3845 4066 anns.

2260 4123 2324 4195 (l‘.
2344 4123 2454 4189 75')
2486 4120 2541 4174 In
2573 4119 2666 4173 illo
2697 4118 2879 4185 itaque
2901 4130 3048 4168 anno
3069 4111 3349 4183 prodictus
3367 4107 3564 4171 frater,
3593 4106 3772 4159 victor
3795 4109 3851 4153 ut

2260 4192 2419 4288 spero
2446 4212 2692 4275 ell‘ectus,
2720 4222 2784 4263 ac
2812 4208 2878 4263 de
2900 4203 3207 4262 commissis
3223 4200 3524 4273 penitentia
3539 4197 3764 4259 ductus,
3810 4192 3839 4246 7

2262 4285 2536 4362 Kalendas
2562 4297 2744 4355 Martii
2801 4296 3048 4353 seculare
3078 4291 3379 4365 periculum
3431 4288 3631 4345 evasit.
3681 4285 3848 4353 Quem

2264 4393 2648 4466 agonizantem
2676 4396 2855 4444 mater
2886 4401 3004 4450 sua,
3035 4384 3235 4440 Berbta
3258 4381 3500 4437 nomine.
3524 4377 3643 4448 jam
3665 4376 3743 4410 "“
3766 4376 3853 4431 de-

578 4479 824 4537 Januarii
843 4482 998 4547 obiit,
1025 4481 1270 4550 sepultus
1317 4480 1385 4534 ad
1428 4488 1679 4536 sanctum
1734 4477 1806 4508 ⁷³⁸
1853 4474 2127 4530 Jobanuer

2229 4494 2250 4546 )
2274 4463 2480 4557 crepita
2509 4479 2843 4543 consolatur,
2880 4474 3152 4548 geminum
3182 4470 3458 4542 patienter
3486 4466 3677 4522 ferens
3712 4463 3853 4521 dolo-

582 4586 706 4629 cum
728 4570 942 4627 caeteris
961 4568 1330 4626 confratribus
1350 4609 1365 4636 ,
1392 4583 1516 4624 cum
1543 4567 1740 4639 quibus
1787 4566 1969 4620 vivere
2002 4562 2160 4617 debe-

2273 4556 2408 4637 rem:
2422 4575 2667 4644 Namque
2694 4580 2822 4627 tunc
2846 4575 2965 4625 erat
2993 4578 3174 4621 annua
3201 4561 3318 4617 dies
3338 4558 3434 4616 lilii
3460 4558 3663 4616 suimet
3692 4556 3855 4612 Bero-

1851 4717 2086 4775 V'ARIAE
2124 4708 2530 4773 LECTIONES.

654 4863 723 4897 ’³³
751 4861 936 4934 legens
965 4860 1053 4934 2.Δ
1093 4860 1165 4894 ’δ’
1178 4856 1438 4915 matronis
1462 4857 1543 4912 lc.
1595 4855 1665 4889 ’⁸³
1688 4854 1973 4911 modernas
2004 4851 2091 4906 la.
2148 4828 2223 4880 τέδ
2245 4844 2529 4901 inhonesta
2562 4836 2948 4934 gircumtiincta
2983 4828 3489 4934 ςιινρὶιιιάίπξθιηᾳηθ
3521 4837 3683 4934 ευξη
3708 4824 3855 4934 (ἰξυῖ

1115 4931 1125 4934 -
1439 4929 1449 4934 -
1532 4926 1560 4934 Α
1659 4926 1727 4934 -.ρ
1957 4922 2014 4934 ιο.
2108 4928 2119 4934 -
2182 4933 2185 4934 ,
2255 4917 2297 4934 Ι-
2329 4925 2561 4934 __-‘---._
2607 4924 2683 4934 ιι...
2752 4921 2780 4934 Δ
2823 4918 2914 4934 ann
2989 4913 3265 4934 uruanas-nn
3296 4914 3357 4934 οι*
3390 4914 3443 4934 ιη
3472 4911 3611 4934 κῆρι·
3650 4910 3753 4934 ann
3775 4910 3854 4934 n-I

587 4948 707 5017 eam
753 4926 998 5024 venalem
1040 4930 1252 5024 habeat3
1273 4929 1484 5024 curiatis
1528 4926 1582 4982 2.

1217 5000 1252 5024 ο
1348 4998 1420 5024 ἰιι

1659 4900 2127 4990 vi'-"5Fb'c'é&ii"ét
2159 4900 2302 4990 unde
2329 4908 2685 4990 verecundari
2716 4900 3444 4990 deberetzjrrevereqterliln
3472 4912 3576 4990 spe

1455 4965 1649 5024 ῗ.-”ἰ-
1699 4965 2127 5024 ληιῗιῖζξξῖξιίΐ
2162 4965 2529 5024 'i't'v'..;.i.‘.{.;m
2561 4994 2592 5024 ρ
2612 4992 2843 5024 erasum.
2919 4972 2992 5005 ⁷⁵⁸
3022 4971 3088 5024 Ο.
3114 4986 3168 5024 ι).
3196 4969 3323 5022 add.
3358 4967 3444 5023 ib.
3507 4965 3597 5000 7'“
3630 4965 3861 5020 brandco

3578 4896 3855 4951 ctaculmu
