4042 5300
467 271 602 335 ίῖἷθ

1394 277 1772 335 TlltETMARt
1809 278 2436 339 MERSEBURGENSIS
2460 260 2784 340 'EPISCOPI

3610 280 3744 336 1380

468 403 748 466 rorispectu
794 396 843 450 is
870 395 1079 467 legerit,-
1138 394 1265 466 quid
1293 410 1412 450 vero
1454 394 1813 450 absentialiter
1849 396 2052 464 Iecerit,
2083 399 2130 461 Α
2162 395 2281 465 ejus
2307 398 2489 453 sciunt
2514 398 2568 453 in
2601 405 2798 453 eventu
2823 395 2896 430 τ⁹³
2925 395 3256 452 futurorum.
3284 394 3636 465 Quicumque
3665 407 3749 452 te-

470 489 724 555 fgnoras;
755 502 848 557 ego
877 498 1048 541 autem
1082 486 1273 555 optime
1299 487 1560 556 perpendo
1582 487 1655 519 ⁷⁸³
1687 487 1776 558 qui
1808 491 1947 540 hunc
1999 487 2057 541 in

474 578 746 631 tormentis
786 576 1032 648 gravibus
1057 593 1193 630 nunc
1227 576 1491 646 intellego.
1542 576 1608 631 Et
1654 578 1810 633 modo
1851 587 2059 632 nostro-

477 680 593 718 rum
617 668 1032 721 intercessionem
1059 676 1401 737 patronorum
1441 668 1659 739 supplex
1682 678 1795 738 peto
1816 709 1831 734 ,
1886 678 1940 721 ut
1968 684 2061 737 per

451 757 574 810 ‘ltos
609 756 785 811 divina
841 758 1007 827 pietas
1036 756 1181 811 mihi
1224 758 1548 824 innotescat,
1601 759 1812 829 quando
1861 758 1909 811 ei
1951 775 1981 811 a
2007 774 2062 813 se

474 845 654 899 laxato
700 846 829 899 milli
883 846 1037 901 liceat
1063 849 1326 916 peccatori
1378 847 1757 902 absolutionem
1791 847 1963 917 facere
2013 857 2063 902 et

476 938 895 992 communionem
915 939 1063 993 dare.
1080 939 1330 1009 Asperum
1357 940 1509 995 nimis
1532 951 1604 994 est
1626 941 1802 995 eculeo
1818 939 2066 993 mreml—

477 1029 666 1097 citare,
694 1040 741 1084 et
768 1031 1067 1086 hominibus
1092 1032 1357 1097 indecens,
1400 1035 1541 1087 irata
1572 1034 1844 1104 majestate
1888 1031 2064 1087 indul-

482 1128 714 1197 gentiam
736 1129 996 1183 erhilm-e.
1043 1129 1175 1184 Post
1225 1128 1366 1183 hanc
1399 1143 1587 1184 vocem
1628 1130 1748 1199 pius
1803 1127 1941 1182 abba
1998 1126 2068 1181 ad

483 1221 810 1284 oratorium,
848 1220 1086 1291 speciale
1115 1220 1313 1276 suimet
1347 1220 1400 1276 in
1428 1220 1592 1275 rebus
1623 1220 1797 1275 anxiis
1847 1218 2066 1285 asilum,

484 1313 649 1368 nudis
679 1314 903 1382 pedibus
932 1313 1101 1380 venit,
1128 1322 1183 1368 et
1208 1329 1360 1370 more
1401 1314 1559 1369 solito
1588 1314 1639 1367 in
1664 1329 1722 1368 se
1746 1319 1800 1368 et
1824 1312 1943 1367 aliis
1971 1311 2071 1366 hu-

486 1418 703 1457 tnauam
737 1403 1088 1474 fragilitatem
1112 1404 1338 1471 deﬂens,
1361 1404 1596 1475 placavit
1618 1405 1808 1469 Deum,
1836 1411 1887 1457 et
1913 1403 2074 1459 solvit

486 1511 677 1563 reum;
712 1505 765 1551 et
796 1497 1044 1566 protinus
1066 1512 1191 1553 cum
1224 1496 1407 1551 multis
1431 1496 1729 1567 gratiarum
1760 1495 2075 1551 accionibus

487 1603 809 1659 exsurgens,
842 1589 1022 1644 divina
1049 1597 1313 1658 potestate
1338 1604 1521 1644 coram
1554 1588 1816 1644 fratribus
1864 1586 2076 1642 cunctis

489 1676 750 1733 defuncto
773 1679 973 1733 crimen
999 1680 1225 1744 remisit,
1255 1689 1310 1735 et
1337 1679 1553 1749 corpori
1580 1678 1809 1736 melcsia:
1834 1691 2077 1734 commu-

490 1767 708 1823 nionem
735 1785 799 1825 ac
823 1770 1117 1840 sepulturae
1142 1770 1310 1826 dedit.

562 1881 655 1937 48.
697 1881 871 1947 Nunc,
919 1884 1110 1949 lector,
1168 1884 1366 1939 audisti
1411 1884 1478 1939 de
1517 1891 1830 1953 contemptu
1857 1889 2078 1937 sancto-

500 1987 622 2029 rum
652 1988 874 2044 gravem
901 1991 1148 2044 poenam;
1180 1976 1339 2032 modo
1357 1977 1593 2046 accipies
1622 1976 1690 2030 de
1716 1990 1905 2030 amore
1945 1989 2079 2029 con-

496 2061 651 2118 tinuo
680 2063 950 2119 salubrem
980 2066 1328 2121 medicinam.
1362 2066 1486 2120 Fuit
1520 2065 1649 2120 olim
1704 2066 1804 2120 sub
1841 2073 2083 2134 tempore

495 2152 816 2208 Godescallti
842 2156 911 2187 ⁷⁸⁵
940 2156 1150 2210 abbatis
1171 2157 1320 2227 (58l)
1343 2157 1561 2226 quidam
1588 2156 1887 2210 monachus
1910 2153 2085 2208 nomi-

498 2258 570 2297 ne
591 2243 858 2309 Alvricus,
884 2247 968 2301 cui
1000 2248 1053 2301 in
1085 2248 1263 2317 capite
1292 2262 1391 2303 suo
1414 2246 1750 2301 7""multum
1774 2246 1958 2301 nocuit
1979 2244 2085 2299 mi-

502 2350 724 2404 granea.
755 2351 874 2404 (line
894 2337 1089 2407 duplex
1117 2347 1222 2405 est,
1255 2346 1349 2393 aut
1377 2354 1444 2394 ex
1480 2346 1650 2407 gutta,
1676 2347 1853 2392 autc:
1885 2336 2085 2391 vermi-

504 2426 708 2482 busi“.
746 2427 850 2482 Sed
883 2445 1004 2484 cum
1028 2431 1256 2486 eundem
1273 2430 1387 2500 jam
1411 2444 1573 2501 paene
1596 2428 1937 2485 deiicientem
1960 2443 2090 2484 con-

505 2517 708 2573 fratres
757 2522 1117 2586 custodirent,
1173 2538 1302 2578 casu
1353 2521 1575 2587 accidit,
1628 2529 1686 2575 ut
1738 2519 2092 2591 singulariter

506 2608 848 2676 egredientes
904 2611 1050 2666 hunc
1094 2610 1381 2667 dumtaxat
1448 2611 1620 2667 solum
1697 2611 2090 2682 relinquerent.

510 2696 664 2755 Tunc
687 2715 717 2756 e
746 2700 929 2757 cloaca
954 2703 1159 2774 egressi
1182 2712 1307 2758 sunt
1328 2703 1613 2769 demones,
1639 2703 1808 2758 libros
1827 2701 2095 2772 speciales

509 2788 567 2844 in
595 2789 845 2844 manibus
891 2791 1170 2858 habentes,
1219 2807 1518 2863 eorumque
1545 2794 1617 2826 ’⁸⁷
1670 2793 1904 2848 lectione
1945 2792 2096 2863 grati

512 2877 791 2935 iutirmum
814 2882 881 2937 de
906 2884 1020 2938 suis
1044 2883 1349 2941 actionibus
1373 2886 1649 2956 inscriptis
1677 2886 1732 2940 in
1765 2900 1961 2941 vanum
1991 2894 2099 2940 ter-

514 2978 720 3024 rentes.
749 2969 992 3043 Namque
1013 2973 1230 3029 inclitus
1250 2974 1453 3031 Christi
1475 2977 1668 3031 martir
1690 2976 1846 3031 Vitus
1872 2974 1997 3030 ilico
2019 2973 2103 3028 in-

515 3072 755 3128 gressus,
782 3063 984 3118 eisdem
1020 3065 1090 3096 7“
1146 3064 1330 3137 fugam
1368 3081 1531 3121 manu
1575 3065 1803 3133 indixit,
1843 3073 1903 3121 et
1946 3062 2101 3133 juxta
2130 3102 2175 3165 Ο

515 3166 641 3204 cum
672 3161 825 3209 stans
847 3157 1158 3213 consolatur
1179 3172 1326 3224 eum,
1372 3168 1428 3214 et
1456 3160 1577 3230 quis
1603 3167 1747 3215 esset
1776 3159 2024 3229 protinus
2051 3158 2104 3214 ei

520 3242 816 3310 intimavit,
848 3262 915 3302 ac
942 3249 1066 3302 data
1098 3251 1500 3318 benedictione,
1541 3266 1766 3322 surgere
1795 3266 1919 3307 eum
1943 3250 2108 3319 jussit

520 3348 577 3388 et
600 3335 714 3391 lucc
745 3341 999 3395 mandata
1029 3343 1273 3411 predicto
1320 3345 1501 3399 abbati
1547 3344 1805 3401 celeriter
1848 3345 2060 3400 deferre
2089 3362 2105 3399 :

535 3425 827 3482 Fidesis'”
879 3440 934 3485 ut
963 3442 1035 3486 tot
1064 3435 1471 3489 ammoniciones
1501 3444 1709 3490 nostras
1742 3436 1819 3489 sic
1848 3436 2109 3490 incuriose

522 3535 632 3573 non
660 3522 907 3592 accipias,
933 3541 997 3578 ne
1022 3526 1075 3578 in
1096 3535 1360 3595 posterum
1381 3544 1547 3582 vacua
1593 3527 1972 3582 lamentacione
2016 3543 2110 3597 ge-

526 3627 659 3666 mas.
696 3610 805 3667 Pro
836 3631 952 3669 vero
969 3616 1109 3670 enim
1135 3633 1313 3673 assero
1336 3618 1448 3678 tibi.
1478 3619 1524 3674 si
1555 3619 1783 3677 amplius
1809 3619 2113 3674 inobediens

527 3704 658 3758 milii
686 3708 808 3770 eris,
834 3724 866 3760 a
891 3708 1000 3763 Deo
1019 3713 1418 3781 contempneris,
1441 3722 1489 3766 et
1512 3723 1563 3767 te
1589 3712 1659 3745 "°
1698 3712 1872 3766 adhuc
1903 3727 2115 3782 supers-

529 3794 623 3847 tite
644 3793 808 3851 alium
839 3798 896 3851 in
929 3809 1022 3853 tua
1048 3802 1170 3854 sede
1189 3800 1464 3855 dominum
1492 3801 1710 3856 videbis.
1736 3800 1861 3856 llznc
1891 3807 1952 3855 ut
1980 3813 2117 3871 puer

528 3884 601 3916 ’ἰ
633 3894 855 3941 sanctus
883 3902 983 3958 per
1024 3891 1354 3946 monachum
1403 3899 1741 3962 egrotantem
1788 3887 2114 3959 prenotavit,

532 3973 699 4029 abbas
724 3977 1016 4049 neglegens
1050 3980 1124 4012 ’θ’
1158 3989 1343 4050 postea
1372 3981 1660 4051 persensit.
1692 3979 1821 4035 lude
1850 3980 2113 4035 bonorum

533 4065 757 4121 crebros
781 4069 1031 4126 hortatus
1057 4072 1333 4127 hominum
1366 4086 1607 4139 servare,
1633 4071 1920 4128 consilium
1949 4070 2116 4125 nimis

535 4164 621 4209 est
647 4157 894 4225 salubre;
920 4171 1123 4231 quanto
1147 4162 1319 4234 magis
1340 4163 1554 4228 horum,
1578 4163 1672 4234 qui
1696 4163 1894 4218 merito
1918 4162 2118 4217 suimet

2160 489 2429 543 merarius
2481 489 2712 560 sapienti
2767 503 2872 544 non
2941 488 3195 544 innititur
3238 487 3494 553 consilio,
3548 486 3753 541 videbit

2160 579 2281 648 quis
2307 579 2378 612 m
2400 581 2471 636 sit
2495 582 2548 635 iu
2573 581 2903 651 semetipso.
2922 581 2998 636 De
3014 580 3211 635 talibus
3231 580 3465 651 plurima
3491 577 3752 633 habemus

2163 671 2434 741 exempla,
2465 687 2584 742 qua}
2619 671 2922 727 imitatores
2963 687 3089 727 suos
3111 671 3177 725 ad
3231 670 3579 726 elaboratum
3637 683 3755 738 per-

2162 761 2367 816 ducunt
2397 762 2667 827 bravium,
2695 777 2818 816 cum
2854 762 3079 817 veniunt
3108 762 3319 815 ultima.

2235 854 2325 911 69.
2365 856 2604 925 Augusto
2639 869 2766 925 sepe
2795 863 3094 909 memorato
3117 852 3384 909 Gisilcrus
3419 848 3759 921 archipresul

2169 948 2394 1004 multum
2438 964 2601 1004 carus
2637 948 2770 1014 fuit,
2801 948 2945 1017 quod
2974 947 3340 1002 Ekkihardum
3384 944 3760 999 marchionem

2167 1042 2346 1110 primo
2370 1040 2599 1096 latenter
2625 1038 2940 1103 momordit,
2968 1047 3263 1108 posteaque
3286 1035 3567 1107 paululum
3589 1049 3765 1089 emer-

2170 1129 2261 1194 sit,
2290 1145 2412 1185 cum
2440 1130 2586 1185 hunc
2610 1129 2661 1184 in
2692 1129 2944 1185 erunibus
2968 1130 3070 1184 sibi
3101 1130 3335 1199 priorem
3358 1142 3481 1183 esse
3510 1142 3621 1181 non
3651 1126 3765 1181 sine

2171 1222 2319 1293 gravi
2364 1221 2551 1277 dolore
2591 1221 2874 1292 persensit.
2914 1221 3132 1276 Interim
3174 1221 3403 1290 prcdicti
3440 1219 3665 1275 comitis
3695 1218 3766 1252 ’³⁸

2174 1312 2372 1367 subditi
2396 1313 2666 1383 quoddam
2682 1310 2883 1367 furtum
2906 1313 2958 1367 in
2975 1313 3171 1383 oppido
3191 1312 3423 1368 Goresin
3445 1311 3600 1366 dicto
3621 1310 3766 1381 (582)

2175 1402 2384 1470 fecere,
2413 1404 2557 1474 quod
2586 1404 2753 1459 nostri
2786 1404 3034 1474 protinus
3064 1404 3294 1459 intuitum
3335 1419 3448 1459 non
3477 1402 3769 1471 reliquere.

2176 1492 2421 1563 Namque
2447 1509 2540 1549 eos
2565 1509 2748 1549 coram
2772 1495 2885 1550 suis
2907 1495 3456 1565 comprovincialibus
3485 1503 3776 1550 accusatos

2176 1584 2373 1656 laqueo
2405 1585 2836 1656 suspenderunt,
2876 1586 3004 1656 quia
3040 1587 3143 1642 hoc
3167 1586 3395 1656 przel‘ato
3431 1586 3685 1650 seniori,
3717 1593 3776 1638 ut

2173 1677 2377 1747 justum
2405 1686 2542 1745 erat,
2572 1678 2915 1733 innotescere
2938 1692 3045 1733 non
3074 1687 3361 1737 noverunt.
3385 1676 3471 1733 0b
3490 1678 3601 1731 hoc
3627 1675 3777 1729 furor

2107 1754 2155 1815 Β
2181 1768 2397 1825 comitis
2437 1769 2687 1823 nondum
2716 1769 2988 1824 extinctus
3025 1769 3342 1824 accenditur
3384 1768 3480 1833 7”,
3529 1776 3590 1822 et
3626 1766 3779 1821 miles

2179 1859 2545 1927 ejusdemluec
2557 1859 2622 1913 ad
2638 1860 2959 1916 vindicanda
2974 1858 3778 1930 armarijubeturﬁambaldus

2180 1950 2251 1983 "7
2275 1950 2342 2004 ab
2364 1963 2427 2004 co
2456 1949 2612 2004 unice
2637 1949 2895 2016 dilectus,
2928 1950 3157 2006 collecta
3186 1949 3535 2004 multitudine
3564 1948 3782 2020 grandi,

2180 2041 2483 2112 predielam
2513 2038 2871 2096 circumdedit
2900 2041 3117 2107 villam,
3146 2041 3404 2111 virosque
3430 2055 3630 2095 unxnes
3662 2054 3783 2093 cum

2182 2134 2360 2200 bonis,
2392 2147 2500 2204 que
2533 2133 2907 2204 possederant,
2949 2133 3199 2203 capiens,
3239 2148 3424 2189 secum
3459 2130 3693 2186 abduxit
3718 2128 3787 2183 ad

2186 2222 2377 2280 urbem
2405 2238 2582 2278 suam.
2614 2221 2725 2279 Nec
2755 2222 2925 2276 ullum
2950 2237 3018 2278 ex
3051 2223 3157 2278 hiis
3191 2224 3450 2285 solverat,
3485 2220 3599 2275 nisi
3624 2235 3785 2290 quem

2186 2318 2432 2388 precium
2477 2331 2643 2388 grave
2689 2323 2877 2388 postea
2927 2314 2990 2386 (ί.
3038 2315 3128 2385 79)
3176 2315 3491 2371 redimerat.
3543 2312 3789 2380 Qualiter

2192 2418 2373 2463 autem
2417 2407 2526 2462 tale
2553 2406 2769 2463 facinus
2804 2406 3272 2473 recouciliaretur,
3313 2415 3539 2461 nostros
3576 2405 3636 2459 id
3662 2402 3786 2458 mihi

2192 2511 2589 2571 conquerentes
2630 2515 2753 2554 cum
2793 2500 3186 2571 interrogarem
3211 2537 3229 2566 ,
3277 2496 3483 2553 nullam
3531 2493 3785 2564 subsequi

2193 2591 2626 2647 emendationem
2647 2629 2665 2656 ,
2696 2589 2766 2646 ab
2800 2590 2910 2645 hiis
2937 2588 3118 2644 audivi
3158 2597 3214 2644 et
3244 2588 3484 2659 graviter
3519 2583 3780 2654 ingemui.

2197 2681 2257 2738 Si
2296 2683 2349 2738 in
2382 2684 2486 2739 hac
2517 2681 2800 2753 provincia
2831 2681 3036 2753 aliquid
3067 2680 3273 2735 valeret
3310 2679 3397 2735 lex
3426 2678 3617 2734 divina
3642 2718 3660 2745 ,
3689 2690 3788 2731 non

2197 2775 2278 2831 sic
2306 2774 2571 2830 insaniret
2602 2772 2867 2829 sccularis
2904 2772 3148 2844 potentia
3182 2771 3282 2825 ⁷⁸⁸.
3306 2770 3438 2826 Dico
3477 2770 3631 2824 enim
3670 2782 3788 2838 pre-

2198 2865 2444 2922 scntibus
2479 2874 2643 2935 atque
2677 2863 2904 2931 futuris,
2947 2864 3092 2935 quod
3121 2878 3227 2919 non
3265 2871 3443 2934 potest
3482 2862 3605 2917 haze
3633 2873 3789 2917 causa

2201 2973 2510 3023 senescere,
2531 2957 2615 3012 vel
2637 2957 2754 3013 sine
2777 2955 3101 3013 sacerdotali
3126 2955 3478 3011 districcione
3503 2953 3651 3009 (iniri
3672 2954 3791 3025 legio

2206 3052 2356 3107 time.
2385 3050 2767 3120 Unusquisque
2802 3057 3006 3119 potest,
3034 3049 3087 3104 in
3117 3056 3380 3119 quantum
3412 3046 3569 3113 velit,
3600 3057 3793 3115 tacere,

2208 3143 2304 3198 sed
2356 3141 2661 3197 successori
2711 3156 2810 3197 suo
2859 3140 3219 3196 iudiscussam
3265 3140 3549 3196 racionem
3602 3154 3798 3209 nequa-

2211 3251 2373 3306 quam
2415 3234 2562 3290 valet
2607 3233 2947 3300 abalienare;
2994 3242 3049 3289 et
3086 3235 3140 3289 in
3183 3249 3533 3305 quocumque
3578 3234 3700 3290 loco
3731 3233 3799 3267 "'

2209 3329 2412 3400 aliquid
2451 3328 2521 3361 '°°
2555 3328 2661 3383 tale
2691 3328 2884 3389 oritur,
2919 3327 2992 3382 ibi
3027 3329 3290 3384 canonica
3325 3328 3660 3384 auctoritate
3690 3328 3799 3382 lini-

2210 3428 2319 3477 tur.
2348 3419 2404 3475 Si
2432 3418 2767 3475 consentiret
2793 3418 2866 3450 θοι
2892 3417 3143 3475 voluntas
3171 3420 3647 3491 coepiscoporum,
3671 3420 3803 3476 sicut

2209 3510 2407 3582 legitur
2424 3510 2477 3564 in
2509 3508 2732 3565 Actibus
2753 3508 3145 3579 apostolorum,
3180 3525 3285 3565 non
3312 3511 3393 3566 sic
3417 3512 3805 3567 corroborare-

2215 3611 2305 3658 tur
2329 3601 2576 3672 pertinax
2610 3601 2953 3672 presumpcio
2983 3600 3311 3671 iniquorum.
3341 3600 3478 3658 Cum
3512 3602 3717 3671 aliquis
3741 3616 3804 3656 ex

2216 3709 2443 3751 numero
2480 3693 2694 3749 illorum
2728 3702 2875 3748 recte
2906 3692 3233 3764 inpugnatur
3258 3693 3328 3748 ab
3361 3693 3500 3756 alio,
3534 3693 3807 3762 quolibet;

2217 3800 2452 3856 cumque
2483 3784 2534 3839 id
2566 3783 2681 3839 fieri
2720 3792 2901 3854 potest
2923 3783 3105 3849 modo,
3139 3783 3450 3838 defenditur
3468 3783 3580 3850 m,
3621 3791 3680 3838 et
3705 3797 3805 3837 non

2217 3877 2430 3934 esthoc
2458 3876 2768 3943 excusacio,
2799 3883 2884 3931 set
2907 3876 2972 3929 ad
3002 3873 3230 3930 multant
3259 3875 3531 3929 deteriora
3563 3875 3807 3943 quantum

2221 3967 2422 4038 injusta
2445 3967 2658 4037 sibique
2684 3966 2738 4021 in
2765 3974 3042 4038 posterum
3069 3980 3270 4021 nocens
3292 3966 3646 4021 confortatie.
3672 3965 3807 4035 Ergo

2226 4059 2452 4114 redeant
2486 4058 2553 4113 ad
2591 4057 3032 4122 unanimitate"),
3080 4056 3172 4126 qui
3215 4055 3447 4111 fideliter
3481 4057 3716 4111 credant
3757 4056 3807 4108 in

2226 4152 2512 4217 unitatem,
2542 4157 2603 4205 ut
2637 4163 2704 4205 eo
2745 4146 2937 4203 fortius
2964 4145 3297 4202 confundant
3327 4156 3657 4203 venenatam
3696 4160 3812 4216 per-

539 4245 682 4303 inzer
705 4247 844 4306 filios
865 4249 962 4306 Dei
986 4251 1216 4309 feliciter
1238 4253 1299 4327 (f.
1321 4254 1429 4325 78’)
1456 4254 1750 4324 computati
1778 4252 2115 4309 voluntatem
2149 4260 2197 4317 ι)
2227 4258 2507 4298 versorum
2533 4240 3010 4314 cons-pirationem.
3044 4237 3109 4294 Et
3131 4238 3247 4294 113:0
3273 4236 3417 4294 dicta
3447 4235 3741 4327 sufﬁciant.

1819 4342 2053 4402 VARUS
2094 4333 2498 4397 LECTIONES.

645 4408 716 4442 ’⁸³
757 4420 834 4485 Δ«ξι
883 4414 1072 4471 intime
1129 4418 1427 4485 ingemisco
1485 4419 1611 4473 add.
1664 4418 1720 4473 2.
1774 4398 1941 4472 Afs
2027 4415 2065 4467 ι.
2123 4413 2160 4463 ι.
2268 4404 2615 4485 ,τειηαυυιρρι
2649 4410 2702 4468 2.
2755 4410 2819 4456 Α-
2872 4401 2948 4485 ,δι
3015 4401 3053 4454 ι.
3104 4400 3175 4485 ιχ,
3255 4400 3352 4485 ἐζ,
3385 4415 3437 4482 9-
3499 4415 3719 4485 erasure
3748 4398 3808 4485 ,ἒς

542 4477 635 4560 ⁷⁸¹έ
696 4482 823 4536 add.
886 4486 969 4539 ib.
1047 4470 1119 4560 ⁷⁸ίεῖ
1154 4470 1436 4560 Studia}.
1487 4470 1886 4560 itaiivexﬁliibetvi
1969 4501 2087 4560 cum
2111 4495 2216 4560 quo
2246 4479 2309 4531 Α.
2346 4474 2619 4560 8..α..8ξ)ι
2655 4473 2905 4560 eonvenu
2937 4470 3411 4560 {ver’miilbus’acui
3438 4470 3811 4560 Aprqre‘med‘io

544 4559 823 4628 ostensum
855 4566 938 4610 est
959 4575 985 4609 a
1015 4540 1450 4626 quibusdamiut
1480 4540 1731 4614 secariﬁin
1748 4540 1933 4628 capite
1962 4540 2258 4628 debuisset,
2288 4546 2432 4628 quod
2467 4554 2522 4627 et
2562 4544 2903 4628 factum‘estl,
2941 4543 3033 4623 sed
3057 4543 3122 4597 de
3149 4542 3235 4628 die
3266 4542 3487 4628 indigni
3532 4540 3811 4628 doleret}:

545 4622 775 4700 gebatur
799 4626 850 4679 in
888 4608 1361 4700 inuuidifiiﬁiii'
1380 4608 1728 4700 tiésiéii'r'eil'
1748 4608 2105 4700 gellécasu
2148 4608 2347 4676 accidit
2374 4615 2654 4700 utosiug‘uli
2683 4613 2825 4700 exh.
2851 4614 2904 4700 d.
2933 4611 3375 4700 adiacenteml.‘
3394 4610 3615 4700 frutice

548 4681 909 4771 Eiditseptem
939 4681 1203 4754 demones
1227 4681 1879 4771 teterrimae;pro-cedere.
1904 4698 2011 4771 _Sex
2038 4708 2227 4771 eorum
2259 4687 2457 4771 singuli
2479 4681 2834 4771 Poiii‘ba'jllf!
2857 4681 3811 4771 Ψξιιξῑιξιξεξξῖξξίιξιζρεξρῥξξι

547 4763 654 4841 ⁵56.-
674 4751 955 4841 Septimus
974 4751 1102 4824 vero
1131 4751 1813 4841 imm—eusemagtiitudinis
1833 4751 2082 4841 volumen
2118 4751 2385 4841 gestabai,
2409 4751 2683 4841 et'sedeus
2715 4754 2946 4841 lectione
2965 4754 3082 4841 eius
3110 4752 3295 4841 gravi,
3313 4752 3594 4841 infirmum

551 4826 881 4914 actionibus.
914 4854 1020 4908 que
1051 4842 1117 4895 ab
1152 4841 1387 4914 infancia
1417 4843 1500 4895 vel
1513 4826 1810 4914 cogitando
1838 4840 1922 4894 vel
1946 4826 2213 4914 laqueti-lo
2249 4829 2331 4883 Vel
2362 4826 2940 4914 operitutlp'natiiis-ill
2959 4826 3592 4914 eiii]:iulia}?filiifilii

550 4912 657 4967 rat,
700 4907 766 4979 in,
786 4891 982 4964 Vanam
1000 4891 1858 4979 istiisti;i."P’iecsHsiué°i{5miie
1881 4891 2078 4963 mart'ir
2111 4906 2288 4979 Yitus,
2310 4891 2965 4979 ves—tefulgidajndutu's,
2990 4892 3156 4979 lvultu
3190 4891 3447 4979 fingelico
3463 4906 3575 4979 Acori
3604 4895 3813 4979 inquit;

557 4990 579 4996 κ
1014 4961 1437 5008 τρῖς-..ῖῑξῖεῖῑῖν
1468 4961 1589 4998 *r“.
2618 4974 2664 5002 η·
2701 4963 2955 5044 inmuude
2989 4963 3142 5056 illum
3187 4961 3367 5056 [ιεξςεηη
3401 4976 3567 5014 manu
3604 4961 3810 5015 indixil.

3228 5032 3335 5056 II..-
3365 5041 3543 5056 -us...“
3602 5040 3656 5056 ..ι
3704 5042 3809 5056 ..ι-..γ
