4042 5300
251 257 380 305 :26!

1474 235 1885 298 CIIROKICUN.

1943 266 1969 274 ιι
2026 236 2150 291 LIB.
2197 235 2260 292 Υ.
3356 239 3494 294 1282

319 363 402 416 530.
448 359 597 414 Nunc
625 358 699 430 .(l'.
734 358 838 430 79‘)
876 367 1051 414 autem
1084 359 1148 413 de
1185 357 1412 428 quodam
1440 355 1711 412 coal‘ratre
1741 355 1812 384 ⁸⁰³
1843 361 1886 416 Α
1918 360 2001 404 tus
2028 395 2042 415 ,
2084 351 2232 421 quia,
2275 350 2373 406 etsi
2414 350 2465 404 in
2510 350 2611 406 hoc
2651 349 2831 406 seculo
2875 331 3063 419 parum
3089 351 3214 407 boni
3241 364 3495 424 operatus

250 467 390 517 meo,
416 450 627 503 nomine
658 449 928 514 Conrado,
957 465 1124 519 pauca
1156 450 1366 517 loquar,
1395 462 1460 500 ue
1485 445 1553 476 ⁸⁰³
1582 445 1650 498 sit
1680 444 1821 513 apud

253 558 335 592 tuo
367 540 417 592 in
450 539 627 607 aliqua
657 539 950 600 oblivione,
983 539 1384 608 qui-proximos
1411 535 1610 590 suimet
1634 534 1825 587 dilmit

253 630 429 682 divina
450 627 712 693 jussioue.
742 627 838 681 llic
866 627 1253 696 archiepiscopi
1279 625 1508 680 Geronis
1531 622 1826 684 avunculus

258 719 373 780 fuit,
401 729 454 773 el
476 719 541 771 ad
575 719 928 787 peragendam
956 719 1136 787 jugetn
1161 717 1358 770 Christi
1390 714 1706 768 servitutem
1734 713 1822 773 ⁸⁵⁸,

258 818 310 861 ιιι
341 810 391 861 in
422 809 638 863 homine
663 816 837 874 potest
869 807 1007 870 ﬁeri,
1042 806 1288 858 voluntas
1321 814 1482 872 atque
1506 803 1739 856 elhcaeia
1774 802 1826 854 in

258 913 322 950 eo
351 899 548 965 pariter
570 896 844 950 convenit.
876 895 1065 948 Audivi
1097 909 1327 963 namque
1352 893 1418 946 ab
1446 894 1634 947 eodem
1663 892 1830 960 SrpES-

260 989 393 1040 sime
427 988 567 1055 quod
592 1026 604 1048 ,
637 994 916 1054 postquam
953 985 1151 1054 aliquid
1193 984 1460 1038 cantando
1489 983 1568 1035 vel
1607 983 1830 1052 legendo

263 1079 472 1147 publice
513 1076 816 1145 conplevit,
853 1076 1043 1128 iterum
1081 1089 1138 1127 se
1179 1075 1229 1127 id
1260 1074 1524 1127 facturum
1559 1072 1834 1127 studiosus

260 1171 487 1238 optavit.
510 1168 814 1237 Numquam
839 1165 1151 1219 inobediens
1172 1165 1458 1233 propositis
1479 1163 1673 1216 suimet
1695 1171 1831 1227 erat,

263 1262 357 1315 sed
386 1275 478 1314 eos
505 1259 768 1313 charitate
787 1258 1040 1312 continua
1062 1257 1131 1288 ⁸⁰⁶
1160 1271 1281 1310 cum
1313 1255 1505 1309 ceteris
1541 1253 1832 1308 confratri-

263 1354 363 1406 bus
400 1351 797 1421 subjugaverat.
834 1349 937 1403 Sed
973 1357 1077 1402 tam
1109 1347 1432 1402 venerabilis
1471 1361 1695 1414 persona
1735 1359 1835 1399 cae-

264 1443 374 1496 sari
405 1443 644 1510 predicto
670 1441 758 1494 ubi
788 1440 961 1508 primo
987 1439 1046 1492 fit
1075 1447 1221 1502 nota,
1255 1453 1378 1490 mox
1404 1438 1470 1490 ab
1497 1437 1587 1490 illo
1608 1435 1837 1488 efﬁcitur

264 1541 444 1584 amata
476 1530 973 1600 propinquitaliquc
997 1528 1192 1580 suimet
1223 1527 1529 1595 conjuncta.
1557 1524 1740 1589 Hunc,
1771 1539 1837 1579 ue

263 1622 580 1692 dignitatem
625 1628 863 1689 optatam
904 1627 959 1673 et
1006 1618 1073 1672 ab
1111 1627 1336 1687 augusto
1369 1615 1470 1670 sibi
1515 1615 1836 1685 propositam

1925 457 2073 505 sum,
2108 453 2282 497 tamen
2313 441 2689 497 defunctorum
2721 457 2932 512 semper
2971 457 3177 498 memor
3215 461 3353 501 sum.
3389 445 3494 502 Vo-

1928 533 2104 586 luntas
2134 547 2250 587 mea
2279 533 2542 588 interdum
2577 533 2714 587 bona
2735 542 2850 599 est;
2882 534 2973 588 sed
3002 535 3126 604 quia
3155 535 3325 591 eidem
3354 537 3500 592 vires

1928 639 2082 697 aptas
2131 643 2418 697 suggerere
2471 629 2542 661 ⁸⁰⁹
2590 645 2695 684 non
2751 631 3210 700 studeo,.parum
3257 633 3498 701 prodest.

1929 718 2154 787 Semper
2200 735 2283 772 me
2325 734 2561 786 accuso,
2606 721 2698 774 sed
2743 720 2882 774 sicut
2930 720 3087 775 debui
3138 731 3345 774 reatum
3393 739 3501 778 non

1929 808 2078 862 solvo
2103 823 2117 872 ;
2150 822 2374 875 sumque
2402 810 2520 863 ideo
2548 795 2880 863 in'omnibus
2909 810 3228 881 corrigibilis
3258 812 3350 876 διο,
3379 814 3502 882 quia

1932 912 2018 951 me
2047 912 2149 951 non
2178 907 2432 953 converto
2467 898 2533 953 ad
2563 915 2683 954 eum
2737 900 2828 968 qui
2869 909 2949 954 est
2978 915 3139 969 super
3175 902 3351 955 omnia
3385 905 3502 957 lau-

1931 987 2143 1041 dabilis.
2194 989 2439 1058 Agnosce
2486 989 2664 1058 (535),
2719 989 2912 1054 lector,
2962 1005 3239 1059 procerem
3289 994 3354 1025 ⁸¹¹
3386 1033 3403 1058 ,
3451 1002 3507 1048 et

1934 1077 2139 1132 videbis
2168 1078 2220 1132 in
2249 1094 2333 1133 me
2370 1094 2594 1148 parvum
2620 1079 3019 1136 homuutioncm
3039 1123 3052 1145 ,
3083 1082 3294 1138 maxilla
3326 1084 3508 1139 defur-

1935 1182 2073 1222 mem
2117 1167 2230 1222 leva
2251 1209 2263 1232 ,
2295 1177 2345 1222 et
2379 1167 2548 1222 latere
2591 1169 2776 1224 eodem
2805 1210 2820 1236 ,
2848 1171 2974 1241 quia
3003 1172 3130 1226 hinc
3167 1173 3291 1227 olim
3334 1175 3512 1243 (rupit

1935 1272 2146 1326 semper
2175 1265 2485 1328 turgescens
2512 1260 2580 1292 '”
2611 1260 2805 1313 ﬁstula.
2843 1262 3014 1316 Nasus
3045 1263 3095 1316 in
3139 1266 3371 1331 puchcIa
3405 1266 3509 1322 Fra-

1937 1356 2056 1399 ctus
2093 1347 2375 1401 ridiculum
2412 1349 2477 1403 de
2506 1364 2592 1404 me
2625 1349 2770 1404 facit.
2803 1349 2961 1418 quue
2988 1359 3156 1406 totum
3184 1354 3256 1407 nil
3286 1366 3510 1424 questus

1937 1451 2142 1500 essem,
2172 1437 2214 1490 si
2244 1437 2471 1492 interius
2504 1437 2703 1508 aliquid
2733 1438 3182 1508 splendescerem.
3215 1441 3363 1496 Nunc
3393 1460 3510 1498 sum

1940 1528 2124 1591 miser,
2159 1528 2317 1583 nimis
2355 1530 2677 1594 iracundus,
2707 1541 2762 1585 et
2799 1532 2864 1585 ad
2899 1533 3117 1587 meliora
3163 1535 3467 1592 inﬂexibilis
3493 1575 3512 1603 ,

1943 1617 2181 1678 invidus,
2230 1619 2568 1674 subsanuaus
2611 1620 2768 1683 alios,
2816 1621 2929 1690 ipse
2975 1623 3332 1692 deridendus,
3384 1628 3514 1682 nulZi

263 1717 590 1784 perciperet,
632 1728 776 1767 mors
820 1713 1082 1765 inmatura
1129 1709 1358 1778 inpedit,
1407 1708 1740 1776 eundemque
1771 1708 1838 1760 ab
1872 1698 1915 1758 Β
1946 1722 2042 1776 pro
2065 1710 2242 1762 debito
2265 1723 2514 1778 parcens,
2547 1711 2718 1778 glutto
2743 1711 2888 1781 (584)
2914 1722 2963 1766 et
2995 1713 3290 1776 simulator.
3320 1730 3516 1772 avartts

265 1805 368 1859 hae
412 1805 530 1858 luce
569 1804 636 1835 ⁸⁸⁷
675 1802 709 1856 5
779 1801 1046 1856 Kalendas
1090 1798 1424 1867 Septembris
1461 1797 1699 1851 abstulit.
1744 1797 1840 1850 llic

265 1899 477 1966 genitus
516 1897 569 1949 iu
616 1894 848 1949 Saxonia
873 1933 888 1958 ,
922 1900 1109 1962 pausat
1150 1893 1201 1945 itt
1245 1891 1427 1956 Italia,
1468 1905 1627 1961 quem
1673 1888 1839 1943 ﬁiium

265 1984 607 2055 Spiritualem
637 1985 728 2038 llet
765 1980 1174 2050 Parthennpolis
1206 1979 1413 2034 inclita.

335 2075 428 2128 5|.
465 2074 636 2140 Quam
669 2072 878 2142 egreios
905 2085 1156 2141 proceres
1185 2071 1234 2123 in
1266 2070 1366 2123 hac
1395 2069 1527 2124 urbe
1551 2068 1678 2129 vidi,
1711 2083 1843 2138 quo-

268 2182 386 2221 rum
418 2165 736 2220 laudabilem
765 2164 927 2217 vitam
957 2179 1054 2232 pro
1083 2164 1264 2217 debito
1295 2177 1392 2217 nec
1421 2178 1536 2216 sum
1569 2163 1843 2227 imitatus,

270 2277 444 2328 neque
501 2263 814 2311 memoriam
873 2270 1059 2308 eorum
1115 2254 1608 2324 post‘solutionem
1667 2254 1848 2309 carnis

271 2352 333 2420 (l'.
364 2350 453 2420 80)
485 2357 823 2418 assequutus.
859 2345 972 2400 lleu
1009 2361 1090 2398 me
1123 2346 1317 2400 misero
1356 2345 1456 2397 ⁸⁰³ῐ
1500 2345 1588 2414 qui
1625 2354 1698 2398 tot
1728 2354 1847 2399 tan-

274 2441 449 2508 tisque
487 2438 757 2492 immerito
786 2451 902 2491 sum
935 2436 1248 2504 conjunctus
1280 2437 1329 2489 in
1362 2436 1723 2492 fratcrnita'e.
1755 2437 1849 2490 se.l

273 2528 430 2598 longe
469 2526 742 2580 dissimilis
795 2525 968 2580 existo
1007 2525 1058 2577 in
1103 2525 1366 2593 condigna
1413 2524 1847 2578 conversacione.

275 2621 385 2690 Ego
419 2620 468 2672 in
502 2619 733 2689 peccatis
753 2616 865 2684 jam
894 2631 1028 2686 pene
1067 2626 1342 2681 mortuus,
1374 2623 1429 2668 ut
1457 2629 1647 2683 spero,
1677 2615 1850 2668 vivam

279 2712 331 2765 in
372 2710 552 2765 lucido
581 2719 864 2781 conSpectn
905 2708 995 2762 Dei
1030 2709 1320 2763 eorundem
1365 2709 1574 2762 meritis
1609 2705 1853 2761 refeeila~

1941 1807 1997 1852 et
2023 1799 2318 1863 detractor,
2347 1808 2400 1854 et
2427 1810 2481 1852 ut
2510 1800 2621 1854 haec
2653 1802 2713 1870 (f.
2743 1801 2848 1872 80’)
2877 1803 3118 1857 convicia
3149 1807 3341 1859 merito
3369 1808 3518 1861 illata

1943 1887 2282 1952 concludam,
2307 1887 2459 1959 pejor
2480 1904 2597 1943 sum
2649 1905 2807 1960 quam
2830 1891 2996 1959 possit
3020 1892 3123 1946 dici
3151 1893 3229 1948 vel
3254 1879 3521 1949 ullatenus

1942 1979 2186 2032 estitnari
2209 1979 2298 2031 ⁸η.
2328 1978 2626 2049 Unicuique
2649 1983 2717 2035 sit
2749 1979 2828 2034 fas
2854 1997 2958 2035 non
2982 1982 3154 2037 solum
3184 1986 3401 2040 muttite
3429 1986 3518 2054 δ’δ,

1945 2072 2071 2140 quin
2098 2073 2285 2142 pocius
2328 2072 2381 2126 in
2405 2085 2590 2140 aperto
2614 2074 2705 2137 ⁸³⁵,
2730 2076 2852 2143 quia
2880 2084 3133 2144 peccator
3153 2092 3293 2142 sum,
3319 2079 3516 2141 dicere,

1945 2170 1997 2214 et
2027 2171 2147 2230 post
2174 2162 2571 2231 correptionem
2603 2161 2893 2217 frateanam
2929 2165 3177 2231 congruit
3207 2166 3523 2234 suppliciter

1949 2265 2125 2304 orare.
2161 2249 2310 2304 Multi
2351 2266 2379 2303 a
2417 2250 2611 2320 populo
2649 2251 2952 2315 lardintur,
2980 2253 3082 2307 n'si
3121 2269 3288 2322 pauca
3328 2269 3414 2310 res
3445 2257 3525 2311 cis

1950 2343 2220 2407 obstaret,
2258 2345 2399 2412 quod
2443 2345 2583 2396 inter
2628 2345 2860 2414 optimos
2907 2345 3260 2408 haberentur,
3301 2355 3356 2400 et
3399 2347 3522 2414 quia

1950 2449 2138 2487 νιιίιιιι
2177 2441 2296 2496 est,
2348 2433 2652 2487 hominibus
2694 2435 2759 2487 de
2809 2434 3137 2500 perfectione
3171 2435 3318 2501 justa
3363 2436 3473 2490 nim
3501 2454 3526 2490 s

1955 2524 2177 2584 deesse,
2224 2522 2349 2590 quid
2385 2522 2454 2552 ⁸¹⁶
2501 2524 2720 2591 prodes:
2766 2525 2832 2577 de
2877 2524 3225 2582 inferitribus
3271 2527 3378 2580 hiis
3441 2531 3528 2580 a'e

1959 2613 2086 2682 qttid
2115 2613 2183 2644 διδ
2217 2613 2590 2681 promulgare?
2621 2615 2805 2668 Omnis
2837 2616 2951 2669 laus
2983 2616 3034 2668 in
3077 2617 3178 2672 line
3215 2621 3446 2685 canitur,
3475 2627 3530 2670 ct

1961 2703 2177 2758 tuoralis
2204 2705 2552 2760 conversatio
2579 2705 2699 2775 igne
2728 2707 2984 2775 probatur
3014 2706 3104 2761 ⁸⁸⁷.

1352 2859 1710 2946 LIBER
1783 2845 2425 2966 QUINTUS”.

281 3032 343 3106 (l‘.
373 3031 464 3101 8i)
497 3031 780 3087 lieinricus
806 3030 1039 3094 scandit,
1072 3041 1352 3100 postquam
1381 3029 1607 3100 puerilia
1637 3029 1783 3094 vicit,

281 3124 464 3177 Ardua
495 3125 746 3176 virtutum
776 3131 956 3176 cretus
987 3121 1054 3153 ⁸¹⁹
1082 3122 1146 3174 de
1175 3129 1454 3174 stemmate
1483 3136 1686 3188 regum.

283 3211 423 3266 Huic
453 3223 610 3282 pater
639 3211 923 3266 lleinrieus
956 3213 1057 3265 dux
1080 3250 1093 3274 ,
1126 3219 1178 3264 et
1208 3209 1436 3279 genitrix
1466 3217 1581 3263 erat
1609 3209 1724 3278 ejus

282 3303 458 3362 Gisla.
488 3305 599 3358 suis
627 3303 833 3356 meritis
861 3318 1077 3372 tequans
1115 3301 1333 3370 vestigia
1371 3300 1509 3369 regis

285 3396 546 3460 Conradi,
576 3395 763 3465 patris,
795 3393 1094 3461 Burgundio
1133 3408 1292 3462 regna
1324 3390 1574 3443 tenentis.

287 3485 470 3539 Nutrit
494 3486 795 3554 pt‘C(_‘l;tl‘tttlt
821 3482 1171 3552 Wolfgangus
1195 3480 1338 3551 (58-3)
1365 3477 1542 3548 presul
1565 3493 1592 3530 a
1611 3492 1862 3541 .nmnutn,

289 3579 392 3646 Qui
422 3579 664 3648 sequitur
691 3577 961 3632 dominum
995 3583 1106 3627 toto
1136 3572 1420 3628 conamine
1446 3569 1737 3623 Christum.

291 3672 532 3738 Postque
563 3686 747 3723 necem
786 3668 956 3737 patris
978 3668 1167 3721 ductor
1200 3663 1457 3717 successit
1485 3659 1667 3714 herilis
1697 3656 1864 3724 (5&6),

293 3760 428 3827 Ejus
449 3771 498 3814 et
523 3759 804 3828 imperium
831 3757 983 3826 longe
1009 3763 1216 3824 spectat
1237 3765 1447 3820 quoque
1462 3749 1671 3805 clavum
1695 3746 1863 3815 (587).

293 3851 531 3904 Maxima
562 3865 684 3920 pars
716 3848 884 3920 regni,
920 3846 1111 3901 Sclavo
1139 3854 1345 3897 vastata
1373 3839 1598 3902 crudeli,

293 3941 523 3995 Multum
555 3941 781 4000 ltctatnr,
811 3938 949 4006 quod
974 3936 1040 3989 ab
1073 3935 1229 4002 hujus
1255 3946 1386 4000 pace
1414 3929 1617 3998 potitur

295 4033 536 4086 Sedibus
570 4031 770 4100 optatis
792 4030 1040 4099 justoque
1071 4025 1237 4097 (588),
1267 4022 1549 4092 rapacibus
1575 4019 1696 4072 altis
1727 4014 1872 4087 (589)

294 4125 530 4177 Prorsus
558 4121 789 4191 depulsis
816 4137 877 4174 ac
909 4121 1022 4172 dira
1053 4117 1167 4186 lege
1192 4115 1442 4182 sedatis]

295 4214 515 4271 lanatos
545 4228 734 4268 omnes
763 4220 948 4266 contra
981 4225 1040 4264 se
1071 4207 1322 4276 deprimit
1347 4207 1554 4266 hostes,

299 4304 626 4360 Dcmulcens
656 4303 832 4356 socios
857 4299 1088 4369 jocuntlo
1122 4297 1320 4349 fan'tine
1347 4302 1587 4348 cunctos.

301 4397 364 4450 Si
397 4411 502 4465 quo
531 4394 751 4464 deliquit
779 4391 1041 4446 modicmn
1061 4429 1073 4452 ,
1104 4386 1281 4442 statim
1316 4383 1606 4453 resipiscit,

1884 3016 1928 3078 C
1963 3011 2248 3067 Fructibus
2273 3028 2336 3066 ac
2361 3013 2538 3083 dignis
2567 3013 2789 3068 curabat
2820 3013 3037 3068 vulnera
3063 3014 3243 3070 carnis

1964 3103 2122 3156 Utilis
2148 3103 2405 3158 :ecclesia‘
2431 3106 2639 3158 cunctis
2674 3107 2963 3160 miseratur
2988 3106 3202 3175 ubique.

1963 3193 2260 3263 Mersburg,
2293 3195 2335 3247 si
2368 3196 2538 3249 scires
2569 3194 2721 3263 hnjzts
2750 3197 2830 3265 pia
2865 3209 3009 3257 Vota.
3042 3198 3222 3251 sitires

1961 3285 2262 3340 Adventum
2293 3287 2424 3340 tanti
2454 3289 2704 3346 rectoris,
2736 3298 2789 3340 et
2822 3287 2946 3342 ineTi
2975 3305 3001 3340 a
3029 3288 3226 3342 Christi

1965 3378 2183 3435 Munera
2214 3381 2494 3442 laudares,
2529 3382 2899 3449 οοιιιΓςιιίιῖιιρ
2931 3381 3133 3449 premia
3169 3359 3358 3434 fortass.

2037 3474 2086 3526 1.
2126 3471 2184 3542 (Γ.
2228 3471 2334 3539 81’)
2386 3471 2684 3541 Largiiluus
2731 3473 2923 3525 divinzo
2969 3473 3184 3540 pietatis
3232 3489 3272 3524 rt
3292 3482 3539 3539 spectus,

1968 3564 2216 3616 humana)
2245 3561 2579 3619 nccess‘tati,
2610 3576 2712 3612 non
2748 3561 2910 3612 nostri
2938 3561 3149 3623 merito,
3178 3561 3269 3614 sed
3302 3575 3411 3614 sua:
3439 3563 3540 3613 tui-

1967 3651 2254 3704 serationis
2303 3665 2526 3704 munere
2575 3649 2811 3720 gratuito
2851 3651 3358 3719 superbabmtdaus,
3405 3649 3538 3707 ﬁde-

1971 3742 2098 3795 lium
2145 3743 2302 3794 corda
2348 3756 2567 3796 suorum
2617 3742 2681 3795 ad
2731 3741 2904 3795 laudis
2945 3755 3182 3795 antorem
3222 3757 3330 3796 su'e
3371 3752 3426 3795 et
3476 3743 3541 3796 ad

1972 3831 2281 3885 referendas
2315 3830 2362 3883 ei
2388 3840 2566 3899 grates
2592 3830 2866 3895 accendit,
2907 3846 2970 3884 ac
2997 3845 3104 3896 me,
3147 3831 3363 3886 stultum
3398 3833 3544 3902 inge-

1972 3921 2080 3983 nio,
2109 3919 2440 3988 prepeditutn
2470 3921 2682 3988 eloquio
2713 3935 2775 3972 ac
2809 3921 2858 3974 in
2889 3920 3139 3973 omnibus
3173 3919 3540 3988 neglegentem

1971 4009 2042 4042 ⁸²⁰
2065 4019 2118 4063 et
2141 4007 2299 4062 nimis
2325 4009 2590 4072 ociosum,
2618 4010 2784 4063 honos
2807 4009 2860 4062 in
2892 4009 2994 4062 hoc
3021 4007 3221 4061 imitari
3254 4009 3544 4077 compellit.

1975 4100 2200 4170 Magnus
2223 4099 2290 4130 ⁸¹¹
2315 4108 2388 4152 est
2417 4100 2553 4152 enim
2585 4099 2740 4162 Deus,
2782 4109 2839 4151 ut
2867 4097 3030 4152 David
3061 4106 3310 4162 testatur,
3350 4109 3394 4150 et
3426 4097 3546 4150 lau-

1975 4189 2164 4244 dabilis
2193 4189 2341 4242 valde
2372 4187 2542 4259 (Psal.
2585 4203 2702 4248 xcv,
2738 4189 2821 4255 4);
2862 4187 3010 4256 cujus
3053 4187 3328 4256 sapicncite
3364 4202 3549 4238 nume-

1979 4301 2066 4337 rus
2099 4299 2200 4336 non
2227 4283 2485 4336 invenitur
2507 4280 2662 4340 ullus,
2693 4297 2797 4350 qua
2826 4280 2998 4334 omnia
3045 4295 3108 4332 ea:
3144 4276 3306 4332 nihilo
3334 4281 3546 4340 creavit,

1902 4357 1948 4416 ὓ
1976 4375 2333 4443 hominemque
2365 4370 2828 4440 solumjdumtaxat
2867 4368 3208 4437 conformarit
3246 4366 3331 4438 (II
3364 4362 3554 4420 Marii.

1579 4493 1808 4554 V’ABL‘E
1841 4490 2245 4548 LECTIONES.

379 4623 450 4656 ⁸⁰³
488 4622 674 4676 conl're
715 4621 799 4673 la.
902 4616 975 4649 θοι
1005 4617 1056 4670 ni
1091 4615 1139 4669 l.

307 4697 392 4748 lc.
468 4693 538 4724 ⁸⁰⁹
567 4693 637 4744 ita
673 4693 749 4744 lc.
785 4702 1008 4754 suggere
1046 4691 1132 4739 la.
1207 4684 1278 4715 ⁸¹⁰
1311 4680 1689 4749 incorrigibilis
1729 4679 1785 4754 2.

1237 4614 1308 4645 ⁸ου
1355 4614 1427 4664 ila
1483 4611 1562 4663 lc.
1599 4609 1852 4662 servilem
1921 4607 2005 4660 la.

1860 4677 1927 4709 3“
1959 4675 2337 4745 proceritatem
2377 4676 2456 4727 lc.

2105 4605 2175 4637 ⁸⁰⁶
2211 4605 2466 4659 continuo
2508 4605 2592 4658 1η.
2697 4605 2767 4638 ⁸⁸⁷
2795 4604 2969 4659 lucem
3032 4604 3083 4657 1.
3185 4603 3254 4635 ⁸⁰⁸
3301 4604 3553 4656 miserum

2535 4676 2605 4708 ⁸¹²
2647 4675 2720 4728 ita
2759 4678 2836 4729 lc.
2875 4684 3197 4742 turgeneens
3232 4674 3317 4725 la.
3392 4671 3460 4701 “3
3489 4670 3558 4721 Ιιι

306 4742 426 4819 ἓὸἱι,
480 4764 528 4816 Ι.
568 4742 687 4830 post
710 4742 990 4813 simulator
1020 4757 1156 4809 erasi
1182 4764 1299 4807 sunt
1329 4742 1682 4818 versus'pwne
1725 4749 1828 4828 duo
1857 4742 1972 4830 cuni
2012 4747 2232 4830 ςέὶηιὶιιξυ
2263 4761 2421 4830 usque
2468 4745 2543 4830 ad.
2575 4746 2842 4826 estimari.
2885 4742 3145 4830 ιξίείιιιιια
3177 4756 3560 4830 avarususqit‘uz

308 4808 1034 4896 itii'timé'aliialii;uiuite;
1051 4834 1304 4895 possunt;
1338 4808 1826 4896 exstantitnmcnniu
1862 4818 1978 4896 cod.
2012 4816 2076 4877 9.,
2112 4815 2198 4896 tibi
2228 4817 2296 4868 ad
2325 4808 2480 4882 linem
2526 4816 2774 4896 tegitur;
2800 4831 2854 4882 q.
2886 4814 2938 4864 tl.
2972 4828 3024 4893 p:
3052 4827 3104 4896 γ.
3149 4810 3416 4896 ρειίιιιςιιὶ.
3491 4808 3562 4838 δι”

844 4881 1028 4950 ἱιιιῚε.
1051 4881 1182 4964 ἰιιιιο
1214 4881 1298 4946 la.
1374 4891 1443 4965 ἕω
1471 4891 1674 4965 quid-1.
1696 4957 1708 4965 .
1753 4887 1820 4917 ⁸¹⁷
1853 4885 1980 4939 Post
2008 4885 2269 4965 probatur
2311 4881 2507 4965 manus
2535 4881 2699 4965 ipsius
2732 4881 3160 4965 Thietmari'hwc
3187 4881 3412 4965 adjecit,
3449 4893 3563 4965 0,137.:

309 4947 552 5026 ἓῖιξᾶἰῖἑιίἦ
583 4947 736 5040 passa
767 4947 1143 5021 δηὴιόἱιέιὲεα¹ξ⁷
1168 4965 1326 5032 Virgo
1359 4947 1647 5040 singularis
1694 4957 1836 5036 inter
1866 4947 2054 5040 omnes
2085 4956 2249 5040 initis.
2288 4972 2390 5040 ιι.οέ
2424 4947 2596 5040 culpis
2623 4954 2827 5040 solutos
2859 4949 3122 5040 nitesnfac
3227 4947 3423 5018 justos.
3474 4947 3566 5040 ‘3“:

309 5022 780 5111 iiiiibti”,i.-Bi5,§.’.s
811 5038 902 5090 lib.
927 5036 1099 5104 quinti
1128 5044 1173 5089 et
1198 5022 1384 5100 inv/ine
1410 5022 1560 5086 :lnc.
1591 5028 1681 5082 lib.
1709 5026 1931 5096 qttintus
1954 5026 2008 5079 2.
2087 5026 2156 5058 ⁸¹⁹
2184 5026 2255 5077 ita
2284 5025 2366 5078 Η).
2397 5022 2473 5075 rc!
2501 5027 2580 5078 lc.
2612 5032 2770 5077 natus
2800 5025 2861 5076 la

307 5115 374 5147 ⁸²²
409 5115 652 5182 Magnum
684 5113 770 5165 la.

2959 5018 3029 5050 ⁸²ο
3059 5015 3416 5088 negligentem
3472 5015 3573 5068 lc?

1827 5187 2062 5244 ΝΟΤΛΕ.
