4042 5300
549 221 689 279 {E83

1479 191 1859 254 TlllETMARI
1898 179 2523 247 MERSEBURGENSIS
2557 168 2866 236 EPISCOPI

3686 153 3825 220 19.81

548 353 665 404 vn,
715 303 1138 407 28)..“‘Quikdu-m
1171 303 1301 381 talia
1337 319 1607 376 inmemor
1644 307 2032 369 beneficiorum
2062 300 2137 338 ⁸¹¹
2165 304 2211 363 Α
2240 295 2617 355 Ethelheidam
2648 289 2821 366 (595),
2857 296 2914 345 et
2941 282 3249 407 adsumas,
3281 279 3562 407 qulihtune
3589 275 3671 336 ibi
3700 291 3826 332 con—

2242 406 2245 407 ν
2288 405 2294 407 λ
2356 406 2363 407 ί
2446 397 2499 407 ί·
2551 385 2701 407 -υ--ε
2732 384 2991 407 --ε-η-ι-ι-
3128 377 3270 407 κηποι·
3408 373 3446 407 .:
3478 371 3743 407 ...ιι-..ςιιιιε
3778 368 3826 407 ε..

549 442 658 484 non
705 420 1016 496 perpendit,
1061 418 1362 490 iumentum
1414 409 1468 465 in
1510 420 1610 463 suo
1654 412 1897 460 stercore
1931 411 2137 468 conpu-

556 487 968 584 trescens'juste
992 487 1275 579 apellatur.
1303 500 1411 557 Sed
1432 497 1759 584 quicumque
1783 490 1888 545 hoc
1914 487 2139 584 verbum

553 574 698 678 gnati
733 574 981 657 unite-wn
1017 574 1110 659 δέ.
1143 594 1196 648 in
1243 583 1746 662 superliminaribus
1787 577 1968 648 templi
1998 574 2143 632 anti-

554 668 737 767 quitus
777 698 1021 746 notatum
1060 683 1229 758 (590),
1266 681 1408 736 intra
1434 692 1496 734 se
1530 671 1847 731 memoriter
1884 668 2138 731 retinere,

555 789 849 857 omniaque
878 797 997 853 qua:
1023 780 1076 835 in
1106 776 1288 833 verbis
1316 789 1410 830 seu
1444 768 1701 841 operibus
1741 760 1988 819 iacienda
2017 766 2145 814 sunt

550 878 783 953 (Coloss.
821 890 914 939 tn,
946 872 1034 942 i7)
1054 912 1068 937 ,
1098 869 1153 925 in
1182 866 1400 923 nomine
1428 858 1671 920 Domini,
1698 863 1758 911 ut
1785 860 2003 910 sanctus
2031 864 2145 903 am-

556 941 745 1027 inonet
770 965 990 1031 Paulus,
1018 941 1224 1030 satagit
1266 956 1498 1027 inplere,
1528 951 1617 1007 ille
1656 956 1773 1013 est,
1801 944 1891 1016 qui
1924 958 1954 997 a
1984 941 2146 997 Patre

557 1059 671 1116 Deo
703 1059 758 1113 in
787 1054 986 1112 Filium
1025 1058 1264 1122 optatus,
1305 1044 1550 1108 denario,
1588 1036 1838 1111 quamvis
1865 1034 2017 1089 tarde
2051 1045 2143 1086 ve—

559 1153 710 1217 niat,
743 1153 1124 1204 remuneratur
1160 1140 1354 1196 diurno
1390 1134 1607 1207 (Matth.
1637 1147 1729 1193 sx,
1771 1129 1849 1200 2).
1894 1126 2148 1194 llaacego

559 1240 940 1304 considerans,
963 1235 1089 1307 quia
1119 1228 1474 1287 retributione
1505 1224 1771 1293 condigna
1799 1225 2000 1274 sanctae
2028 1213 2150 1268 Tri-

560 1333 718 1389 nitati
742 1339 796 1386 et
823 1325 1115 1383 individua:
1139 1320 1334 1376 unitati
1367 1314 1697 1387 respondere
1723 1310 2029 1366 nullatenus
2053 1320 2150 1359 va-

569 1425 679 1489 leo,
708 1421 884 1479 sancti
912 1415 1177 1474 Johannis
1200 1409 1466 1483 Baptistae'
1497 1405 1940 1462 intercessionem
1957 1397 2146 1470 (1182),

562 1523 625 1571 ut
651 1513 815 1570 corde
843 1517 899 1565 et
927 1518 1157 1577 corpore
1186 1503 1253 1559 ad
1281 1503 1384 1557 hoc
1419 1500 1646 1556 idoneus
1672 1494 1893 1560 reddar,
1924 1489 2150 1561 supplex

565 1605 823 1677 etllagito.
863 1600 939 1656 De
978 1596 1312 1668 temporibus
1351 1600 1528 1647 autem
1574 1589 1711 1654 hiis,
1744 1587 1795 1641 in
1827 1584 2023 1657 quibus
2066 1597 2154 1636 re~

566 1674 750 1768 spexit
776 1694 920 1749 Deus
942 1687 1242 1765 accelesiam
1270 1692 1513 1739 nostram
1554 1678 2012 1751 obprobriumque
2033 1674 2151 1745 ejus

568 1763 786 1841 auferre
821 1781 1070 1851 dignatus
1099 1783 1215 1841 est,
1256 1771 1456 1828 heeiori
1501 1778 1681 1824 mente
1718 1777 1772 1823 et
1805 1765 1992 1822 laciori
2027 1763 2152 1819 stilo

568 1875 809 1933 scribere
848 1872 1215 1941 pietatemque
1245 1863 1397 1921 ducis
1426 1859 1661 1917 Heinrici
1681 1901 1695 1925 ,
1728 1872 1938 1913 summa
1965 1869 2156 1927 preor-

569 1964 854 2023 dinacione
882 1959 956 1993 ⁸⁸⁵
988 1960 1042 2013 in
1084 1971 1308 2029 regnum
1342 1952 1533 2017 electi,
1567 1966 1733 2029 conor
1779 1957 2043 2015 retegere.
2081 1945 2156 2002 De

569 2072 676 2129 quo
701 2063 824 2126 post
849 2061 1080 2108 mortem
1108 2046 1454 2119 imperatoris
1479 2023 1707 2099 cuidam.
1727 2038 2041 2095 venerando
2060 2051 2157 2122 pa-

573 2107 671 2129 ‘l""
703 2107 817 2126 I’"’
854 2107 861 2108 ί
1187 2107 1203 2119 ι

572 2146 642 2202 tti
674 2142 1013 2200 revelacione
1052 2139 1232 2194 divina
1281 2135 1359 2192 sic
1397 2135 1601 2190 dictum
1648 2139 1774 2186 est:
1818 2107 2154 2193 Recordarii,

573 2238 761 2306 frater,
788 2233 1016 2305 qualiter
1042 2223 1229 2285 cecinit
1253 2225 1477 2298 papulas
1503 2237 1521 2276 :
1556 2242 1574 2275 ι
1611 2222 1721 2277 Deo
1749 2219 1966 2275 nolente
1989 2218 2162 2274 voluit

573 2330 685 2383 dus
708 2324 996 2381 licinricns
1019 2332 1269 2392 regnare,
1299 2336 1317 2369 ι
1348 2312 1687 2370 ηυηοάιιιθηι
1706 2311 1852 2365 debet
1880 2307 2160 2364 Heinricus

575 2416 749 2471 divina
770 2410 1218 2486 predestinacione
1242 2407 1313 2440 ⁸η
1342 2406 1489 2477 regni
1512 2418 1695 2458 curam
1719 2400 2006 2472 prouidere.
2034 2397 2166 2455 0m-

575 2507 696 2572 nia,
739 2518 860 2575 quae
894 2502 961 2558 ad
1000 2500 1183 2556 divina
1222 2499 1308 2554 vel
1336 2498 1574 2551 humana
1612 2492 1984 2563 pertinebant,
2022 2489 2164 2545 hunc

575 2609 674 2666 pre
701 2592 916 2650 exteris
948 2591 1020 2625 ⁸¹⁶
1046 2591 1150 2646 sibi
1182 2594 1314 2645 tunc
1352 2582 1878 2656 contemporalibus,
1918 2580 2161 2647 nollent,

576 2687 799 2753 vellent,
829 2686 896 2742 ad
919 2699 1145 2756 regnum
1174 2680 1590 2754 promovebant.
1611 2677 1721 2732 Sed
1743 2674 1866 2746 quis
1888 2690 1954 2731 ex
1979 2685 2165 2730 nostra

580 2778 802 2850 regione
845 2776 896 2832 ei
943 2775 1159 2831 obesset
1198 2769 1509 2842 scrupulus,
1551 2766 1742 2838 paucis
1779 2766 1892 2835 jam
1933 2764 2172 2837 prescri-

579 2879 738 2933 bens,
765 2864 1181 2924 occidentalium
1208 2862 1447 2931 iniquam
1473 2856 1970 2930 presumpcionem,
1991 2869 2170 2925 neque

582 2957 812 3015 consilio
840 2969 1033 3025 gneque
1077 2951 1366 3024 prudentia
1407 2965 1585 3021 neque
1622 2946 1937 3004 fortitudine
1979 2956 2167 3002 contra
2192 2981 2241 3041 ο

582 3051 752 3107 Deum
783 3047 1054 3109 valentem
1072 3086 1087 3113 ,
1118 3043 1433 3101 enucleaho.
1892 3098 1897 3103 _

652 3140 710 3194 2.
748 3138 1107 3201 Herimanuus
1136 3134 1207 3199 “P7
1232 3136 1345 3204 (an.
1374 3130 1556 3205 1002),
1577 3129 1914 3185 Alamanniae
1942 3137 1996 3186 et
2016 3127 2172 3185 Alsa-

589 3230 688 3286 eia:
710 3230 838 3296 dux,
869 3227 1154 3289 timoratus
1182 3233 1237 3280 et
1263 3222 1484 3280 humilis
1542 3223 1723 3288 homo,
1750 3237 1779 3276 a
1813 3221 2019 3288 multis,
2047 3220 2173 3292 qui-

588 3323 692 3377 bus
718 3318 913 3374 lenitas
941 3318 1059 3388 ejus
1081 3316 1307 3386 placuit,
1330 3315 1610 3379 seductus,
1639 3321 1828 3369 contra
1860 3312 2173 3368 lleinricum

589 3426 651 3467 se
673 3408 923 3467 armavit.
954 3406 1322 3464 Theodericus
1348 3418 1501 3471 vero,
1530 3402 2023 3471 Liuthariorunﬂ’fll
2043 3402 2171 3472 dux,

588 3503 676 3560 vir
694 3504 919 3574 sapiens
937 3510 993 3558 et
1021 3500 1298 3566 militaris,
1321 3514 1431 3569 quo
1453 3512 1514 3554 se
1539 3512 1667 3568 pars
1710 3496 1892 3567 populi
1922 3498 2097 3568 major
2122 3504 2178 3551 et

590 3596 784 3652 melior
808 3595 1354 3658 inclinaret,securus
1378 3588 1720 3665 expectabat.
1741 3587 1801 3658 (Γ.
1827 3587 2177 3659 82‘)lnterim

591 3698 818 3761 patruus
856 3703 1031 3751 meus,
1072 3686 1139 3741 de
1193 3699 1301 3754 quo
1362 3683 1611 3752 superius
1657 3680 1954 3743 memoravi
2007 3679 2176 3752 (591),

592 3779 869 3852 profectus
897 3777 1109 3835 occulte
1136 3777 1204 3831 ad
1253 3775 1568 3845 Bavanberg
1609 3789 1734 3830 cum
1789 3773 2181 3829 avunculo'suo

594 3869 853 3926 Rieberto
909 3868 1083 3939 (592),
1133 3882 1295 3936 quem
1352 3881 1383 3920 a
1431 3864 1692 3920 comitatu
1745 3878 1843 3919 suo
1888 3863 2183 3933 imperator

596 3959 857 4032 deposuit,
889 3957 1271 4029 Liudgeroque
1319 3952 1527 4010 Arnulti
1574 3952 1807 4024 prcsnlis
1842 3951 1988 4024 (593)
2027 3951 2183 4005 militi

2181 1644 2227 1704 Β

2239 397 2523 449 venerunt.
2550 385 2706 458 regni
2732 384 2994 455 primates
3018 378 3087 411 ⁸³¹
3128 377 3298 433 misit.
3344 372 3447 442 Qui
3478 371 3744 428 omnibus
3778 368 3831 422 in

2239 498 2410 538 unum
2431 479 2674 537 collectis
2705 475 3032 548 legationem
3057 484 3212 527 suam
3242 466 3480 537 aperuit,
3508 459 3829 518 auxilianti-

2239 572 2450 643 busque
2495 568 2716 625 domino
2771 563 2971 620 suimet
3016 558 3085 614 ad
3134 570 3359 627 regnum
3414 553 3568 609 bona
3603 549 3835 620 plurima

2240 661 2512 734 promisit.
2558 658 2659 716 Cui
2706 671 2829 713 mox
2862 669 2895 709 a
2920 651 3157 708 maxima
3187 645 3536 704 multitudine
3570 658 3684 697 vox
3733 654 3836 695 una

2243 732 2525 826 respondit
2556 769 2569 805 :
2601 748 2915 805 Heinricum
2944 742 3142 800 Christi
3168 738 3437 810 adjutorio
3467 746 3516 792 et
3535 735 3668 806 jure
3697 732 3839 787 lterc-

2218 848 2440 903 Λείαν-ιο
2484 853 2856 916 regnaturum;
2908 854 2964 894 se
3008 843 3227 907 paratos
3247 832 3317 865 ⁸³³
3342 831 3411 885 ad
3474 828 3684 892 omnia,
3727 839 3839 895 qua:

2244 940 2344 996 sibi
2375 915 2619 1008 umquam
2651 935 2841 989 scirent
2868 946 2978 987 esse
3008 925 3330 985 voluntaria.
3366 921 3597 992 Hocque
3635 915 3840 974 dextris

2247 1031 2499 1087 manibus
2522 1026 2743 1083 elevatis
2768 1022 3089 1079 aﬂirmalur.

2317 1124 2369 1178 ὅ.
2414 1119 2757 1177 Ekltihardus
2786 1130 2909 1172 cum
2940 1113 3075 1179 suis,
3115 1110 3242 1181 quia
3293 1121 3521 1179 presens
3560 1119 3675 1160 non
3702 1109 3839 1165 erat,

2248 1214 2500 1272 simulata
2548 1222 2675 1266 tunc
2703 1206 2981 1281 paeiencia
3009 1205 3115 1261 hoc
3145 1200 3387 1273 pertulit,
3419 1198 3551 1270 quia
3582 1193 3843 1267 quicquid

2249 1316 2504 1378 peccatur
2523 1321 2553 1358 a
2584 1302 2788 1366 multis,
2812 1308 2873 1356 ut
2893 1289 3721 1369 Scriptura‘testatur,innltum
3743 1296 3842 1342 est.

2252 1400 2489 1472 Vespere
2512 1406 2692 1453 autem
2719 1396 2830 1468 jam
2856 1392 3023 1459 facto,
3069 1405 3193 1446 cum
3227 1385 3460 1459 preiatis
3505 1380 3755 1440 dominis
3780 1380 3844 1412 ⁸³³

2252 1496 2309 1552 in
2333 1508 2524 1565 magna
2556 1491 2716 1548 domu
2744 1487 2818 1521 ⁸³⁸
2843 1484 3032 1543 sedilia
3063 1481 3125 1556 (f.
3169 1481 3262 1553 83)
3321 1477 3495 1534 auleis
3538 1482 3743 1532 ornata
3794 1480 3848 1529 et

2253 1564 2443 1644 mensa
2468 1594 2613 1643 esset
2633 1582 2799 1639 variis
2828 1580 2963 1637 cibis
2990 1576 3214 1641 referta,
3240 1570 3588 1629 Ekkihardus
3614 1564 3844 1624 eandem

2253 1691 2645 1751 preoccupans,
2692 1688 2814 1730 cum
2861 1668 3089 1728 Arnull'o
3137 1667 3393 1738 episcopo
3428 1671 3484 1717 et
3526 1658 3849 1715 Bcrnhan’o

2254 1750 2389 1828 duce
2412 1767 2483 1823 ibi
2513 1765 2782 1837 epulatur.
2828 1764 2962 1816 Ante
2985 1760 3192 1814 ruinam
3227 1756 3365 1811 enim
3395 1750 3727 1807 exaltabitnr
3766 1761 3851 1801 cor

2264 1869 2311 1915 et
2346 1865 2466 1913 ante
2490 1835 2713 1927 gloriam
2766 1848 3129 1906 Itumiliabitur
3176 1843 3358 1916 (Prov.
3392 1855 3548 1905 xvut,
3577 1836 3661 1908 ι).
3703 1835 3854 1902 Quod

2257 1960 2493 2008 mentem
2523 1960 2877 2004 consororum
2909 1943 3063 2014 prius
3086 1939 3318 2002 tristem,
3347 1944 3691 2003 caeterosque
3712 1943 3855 1986 eom-

2257 2046 2461 2117 plures,
2480 2041 2571 2113 qui
2595 2039 2910 2100 interfuere,
2933 2035 3160 2090 multum
3182 2028 3507 2093 commovit;
3530 2031 3856 2082 renovatur-

2259 2115 2366 2207 que
2393 2135 2447 2189 in
2480 2133 2708 2189 eundem
2754 2128 2938 2185 odium
2980 2126 3071 2182 diu
3126 2122 3383 2186 aetatum,
3431 2117 3529 2173 sed
3577 2115 3715 2181 cito,
3762 2127 3856 2183 pro

2261 2204 2439 2283 dolor!
2475 2223 2771 2278 ﬁniturum.
2817 2218 3062 2289 Namque
3108 2229 3233 2271 cum
3278 2211 3557 2281 predictus
3608 2204 3855 2262 marebio

2261 2318 2445 2376 omnia
2472 2315 2651 2379 aliter,
2679 2327 2842 2383 quam
2865 2321 3120 2379 umquam
3146 2311 3414 2377 speraret,
3439 2301 3515 2357 ibi
3564 2298 3855 2370 provenire

2262 2406 2649 2481 prospexisset,
2677 2403 2936 2475 optimum
2968 2399 3138 2459 duxit,
3156 2404 3217 2451 ut
3245 2391 3616 2451 occidentales
3636 2390 3859 2446 visendo

2266 2480 2519 2572 regiones
2546 2497 2939 2552 llerimunnum
2962 2490 3153 2546 ducem
3180 2502 3315 2544 eum
3334 2483 3556 2540 cmleris
3574 2480 3858 2553 optimati-

2270 2595 2371 2648 bus
2392 2591 2458 2646 de
2481 2588 2558 2644 rei
2588 2585 2801 2658 publice
2822 2582 3015 2652 suique
3050 2576 3436 2635 commoditate
3464 2572 3856 2643 alloqueretur.

2269 2680 2533 2741 Salutatis
2579 2688 2794 2750 postera
2820 2677 2909 2732 die
2946 2674 3059 2730 suis
3107 2666 3487 2732 familiaribus,
3519 2663 3861 2731 inimicisqae

2268 2786 2426 2832 caute
2454 2749 2676 2837 notatis,
2703 2784 2827 2826 cum
2856 2762 3188 2823 Bernwardo
3213 2760 3284 2794 ⁸³⁸
3316 2757 3565 2814 antitiste
3611 2755 3688 2786 ⁸³⁸
3717 2749 3862 2808 Bitti-

2271 2870 2368 2921 n‘s'
2396 2879 2482 2919 cm
2505 2861 2575 2897 ⁸⁸⁷
2608 2860 2778 2932 venit,
2805 2856 2895 2912 ubi
2923 2864 2984 2911 ut
3011 2868 3107 2910 rex
3131 2849 3423 2919 suscipitur
3452 2843 3862 2911 honoriﬁeeque

2271 2956 2518 3011 habetur.
2549 2951 2752 3008 Deinde
2771 2948 2839 3005 ad
2861 2945 3303 3002 Patbelbrnnnan
3329 2938 3400 2972 ⁸³⁸
3430 2951 3693 3008 pergens,
3724 2933 3861 2990 clau-

2270 3063 2356 3105 sas
2384 3046 2590 3102 invenit
2618 3051 2822 3115 portas,
2844 3048 2899 3096 et
2923 3041 3077 3109 jussu
3104 3031 3430 3088 venerabilis
3456 3026 3722 3083 ltetharii
3746 3039 3861 3094 pre-

2280 3137 2414 3209 splis
2459 3133 2826 3198 intromissus,
2864 3129 3043 3200 primo
3072 3121 3359 3183 ecclesiam
3386 3134 3555 3176 causa
3601 3115 3866 3174 oracionis

2273 3231 2458 3294 intrat,
2485 3223 2823 3299 postquead
2867 3223 3110 3286 domum,
3156 3217 3250 3273 ubi
3296 3215 3590 3285 episcopus
3618 3210 3864 3276 cenabat,

2272 3321 2516 3386 veniens,
2529 3317 2813 3374 caritative
2838 3321 3121 3385 susceptus
3143 3320 3246 3365 est.
3273 3307 3352 3363 lbi
3376 3316 3504 3361 tunc
3519 3303 3866 3359 interdictum

2274 3412 2344 3446 ⁸³³
2375 3420 2462 3468 est
2492 3411 2641 3474 huic,
2686 3407 2829 3481 quod
2875 3403 3206 3474 colloquium
3261 3400 3318 3455 in
3378 3397 3683 3467 Diusburg,
3723 3393 3867 3463 cujus

2276 3505 2447 3577 gratia
2472 3503 2579 3558 huc
2603 3490 2848 3564 venerat,
2878 3497 2998 3553 ﬁeri
3025 3493 3173 3550 nullo
3198 3491 3359 3548 modo
3397 3488 3697 3559 potuisset.
3724 3486 3870 3542 Insa-

2231 3609 2238 3619 '
2277 3573 2375 3665 per
2399 3588 2801 3652 animadVertit,
2828 3586 2895 3659 (f.
2917 3586 3027 3656 85’)
3055 3583 3282 3639 multum
3332 3578 3627 3648 displicere
3647 3573 3869 3632 antistiti

2278 3684 2349 3718 m
2398 3684 2465 3740 de
2511 3682 2726 3753 incepto
2776 3679 2892 3749 ejus
2931 3671 3354 3734 inconvenienti.
3404 3670 3474 3725 Et
3515 3670 3867 3742 pr0pterboc

2282 3775 2492 3841 abiens,
2519 3790 2640 3831 cum
2667 3773 2739 3832 ad
2765 3771 3069 3835 Northeim,
3099 3764 3339 3839 Sigiiridi
3374 3762 3595 3819 comitis
3639 3770 3864 3823 curtem,

2282 3869 2512 3933 veniret,
2538 3866 2825 3937 diligenter
2853 3870 3139 3933 susceptus
3164 3867 3273 3926 est,
3295 3866 3456 3926 atque
3477 3861 3537 3910 ut
3574 3852 3650 3910 ibi
3680 3867 3868 3924 perac.

2283 3969 2435 4014 ctare
2454 3957 2634 4024 vellet,
2658 3963 2899 4026 rogatur.
2923 3952 3277 4007 lntimaverat
3300 3947 3423 4002 huic
3439 3943 3656 4000 occulte
3680 3944 3867 3997 damna

596 4050 763 4118 dedit,
825 4050 1056 4121 gratiam
1102 4048 1258 4104 ducis
1314 4047 1464 4120 (594)
1519 4062 1583 4101 ac
1632 4061 1782 4116 spem
1837 4043 2102 4100 retinendi
2130 4052 2187 4097 et
2286 4049 2538 4105 Etheliud
2589 4049 2875 4104 cometissa
2923 4045 3036 4111 ⁸⁸⁸,
3091 4044 3234 4116 quod
3272 4039 3517 4111 Sigifrith
3564 4048 3620 4094 et
3669 4038 3865 4097 Betim.

598 4141 832 4213 augendi
855 4140 1127 4205 beneﬁcii,
1153 4140 1403 4211 quamvis
1429 4138 1499 4170 ⁸⁸⁸
1528 4147 1746 4193 servato
1777 4137 1954 4192 adhuc
2002 4151 2186 4191 sacra-

601 4240 782 4286 mento
827 4247 1023 4286 manus
1067 4230 1244 4286 eidem
1292 4245 1399 4285 non
1435 4228 1712 4300 applicuit,
1745 4238 1923 4283 tamen
1955 4242 2077 4283 cum
2103 4227 2186 4281 sui

2287 4138 2517 4193 senioris
2545 4136 2742 4192 suimet
2793 4135 2911 4202 filii,
2960 4150 3081 4191 cum
3135 4130 3501 4189 confratribus
3530 4127 3791 4184 lleinrico
3818 4133 3867 4179 et

2290 4230 2476 4287 Udone
2506 4228 2654 4302 (596)
2681 4229 2907 4300 aliisque
2936 4226 3396 4298 conspiratoribus
3448 4223 3566 4278 suis
3620 4222 3724 4294 de.
3743 4231 3866 4274 nece

602 4319 813 4389 nepotis
842 4318 1082 4376 lleinrici
1117 4319 1322 4376 auxilio
1370 4320 1599 4389 adeptus
1627 4319 1722 4373 33°.
1763 4316 1931 4386 Hujus
1960 4314 2188 4372 consilio
2216 4325 2266 4384 ι)
2292 4335 2388 4376 sua
2418 4320 2613 4390 positis
2635 4328 2931 4376 tractarent
2959 4318 3187 4383 insidiis,
3210 4315 3525 4387 suppliciter
3549 4312 3867 4382 etilagitzns,

603 4407 712 4461 dux
756 4409 1026 4477 quendam
1067 4408 1293 4464 militem
1344 4408 1412 4463 ad
1454 4408 1729 4463 civitatem
1756 4447 1772 4474 ,
1827 4423 1947 4477 quae
1997 4405 2182 4462 Werlu

605 4497 824 4565 dicitur,
876 4498 944 4554 ad
1000 4508 1191 4570 neptes
1238 4514 1389 4581 suas,
1430 4513 1753 4556 consorores
1800 4499 2072 4571 Sophyam
2125 4510 2180 4555 et

2293 4421 2351 4467 ut
2407 4422 2502 4466 ant
2553 4411 2626 4466 ibi
2675 4425 2845 4480 usque
2888 4412 2941 4466 in
2995 4408 3290 4464 crastinum
3343 4413 3611 4467 maneret,
3643 4401 3867 4460 :eualio

2291 4502 2601 4557 diverteret.
2627 4502 2779 4558 Talia
2800 4515 2986 4557 comes
3009 4490 3240 4570 benigne
3277 4497 3579 4568 suscipiens
3632 4488 3867 4566 proposi-'

1896 4589 2129 4647 νΑΡιυΕ
2174 4592 2577 4649 LECTIONES.

676 4662 747 4694 ⁸²²
778 4660 849 4718 ita
874 4662 958 4734 1c.
984 4660 1277 4734 beiciorum
1308 4661 1394 4715 la.
1469 4660 1541 4734 Ψ
1566 4661 1744 4734 gnotis
1775 4669 2002 4734 caueton
2034 4663 2080 4715 1.

607 4732 677 4764 ⁸¹⁶
700 4733 912 4789 celan'is
939 4732 990 4787 1.
1096 4732 1167 4767 δ”
1218 4732 1233 4785 i
1281 4748 1490 4786 erasum
1522 4732 1807 4801 iiswpius.

606 4803 676 4835 ⁸³⁰
707 4803 1075 4875 διιρριεηάιιηξ
1091 4806 1301 4875 ειιηιμΑ.
1327 4801 1385 4857 S.
1417 4802 1454 4856 ι.
1481 4802 1517 4875 ιζ,
1549 4816 1568 4855 :
1604 4813 1713 4875 est.
1784 4802 1853 4833 ⁸³¹

609 4871 888 4929 sororibus
917 4874 981 4929 A.
1036 4872 1099 4929 S.
1171 4871 1243 4905 3”
1272 4873 1432 4927 domo
1484 4873 1566 4927 lc.

1918 4663 2080 4763 [82:11.
2157 4664 2229 4696 3“
2249 4664 2430 4719 divina
2452 4663 2918 4745 predestinacione
2945 4663 3031 4717 la.
3107 4660 3181 4694 ⁸⁸³
3204 4658 3258 4715 d.
3281 4674 3333 4729 p.
3356 4659 3412 4712 in
3435 4657 3550 4712 loco
3571 4674 3743 4712 uacuo
3788 4658 3862 4712 ib.

2020 4731 2157 4787 iuth.
2204 4736 2304 4789 te?
2408 4734 2571 4788 mila
2613 4733 2884 4789 leaendum
2906 4749 3028 4787 cum
3070 4732 3136 4785 Α.
3182 4730 3243 4786 S.
3275 4747 3329 4783 a.
3383 4728 3541 4782 1002.
3605 4743 3766 4789 quat!
3818 4730 3837 4760 '

1891 4802 2140 4873 primatis
2166 4806 2249 4859 la.

1670 4873 1740 4906 ⁸³⁸
1795 4888 1830 4927 n
1880 4872 1945 4926 ab
1993 4872 2076 4925 ib.
2109 4875 2351 4928 additum
2377 4872 2548 4928 denuo
2605 4884 2812 4929 erasum
2860 4882 2955 4928 est.

2408 4728 2477 4766 “"9
2501 4735 2571 4788 ita
2613 4733 2884 4805 legendum
2906 4749 3028 4787 cum
3070 4732 3136 4785 Α.
3182 4730 3243 4786 S.
3275 4728 3329 4783 ὰ.
3383 4728 3541 4782 1002.
3605 4743 3766 4796 quat!
3818 4730 3837 4760 '

2332 4804 2403 4836 88!
2428 4814 2642 4836 nonmina
2692 4805 2758 4836 ιη
2854 4802 3021 4836 οδιλεη.
3049 4802 3071 4836 Ι
3125 4802 3159 4836 9
3212 4799 3534 4836 ιιηηιίηςιιιιιι
3562 4813 3590 4836 α
3636 4809 3744 4836 ρει»
3790 4797 3837 4836 ὶι

2427 4797 2778 4874 ρειολῐοεῚα.
2854 4802 3021 4857 “"ita
3049 4802 3101 4856 1.
3125 4802 3177 4855 2.
3212 4799 3534 4855 dominabus
3562 4813 3609 4852 s.
3636 4809 3764 4853 etc.
3790 4797 3863 4850 lt.

2427 4891 2548 4925 muo
2605 4884 2812 4925 erasnm
2860 4882 2955 4925 est.
3058 4871 3128 4904 ³³⁸
3158 4870 3357 4925 antiste
3433 4868 3523 4922 ia.
3579 4885 3723 4922 corr.
3790 4868 3862 4921 lc.

606 4942 675 5017 ξῗῖ
709 4942 1054 5017 Hiltlensbe'm
1086 4944 1191 5017 sic.
1270 4943 1340 4977 ⁸³⁸
1383 4943 1819 5017 palhebrunnam
1864 4943 1947 4998 te.
2002 4940 2092 4974 ’⁸³⁹
2141 4943 2225 5001 Ita
2274 4945 2358 5003 ia.
2409 4943 2463 5003 2.
2490 4945 2689 4999 dictum
2712 4943 2795 5001 1c.
2822 4944 2889 4999 Α.
2915 4942 2978 5001 S.
3002 4941 3041 4998 ι.
3058 4941 3097 4998 Ι.
3172 4938 3244 4976 '“
3268 4937 3453 4999 antisti
3483 4936 3574 4993 ia.
3606 4953 3748 4995 corr.
3784 4938 3861 4992 ib.

608 5013 675 5044 3"
704 5015 979 5071 comitissa
1020 5015 1120 5086 κβ

2162 5102 2396 5160 ΝΟΤΑΞ.

660 5187 832 5263 (59b)
870 5184 1130 5263 Respexit
1155 5202 1359 5257 noster,
1389 5179 1971 5250 ιιιἰνὶι1ριῖιτ’Μπτοι›ὶὶ
2001 5193 2187 5251 Satur-

614 5259 720 5300 nal.
779 5259 859 5300 Ι⁷ι
914 5277 944 5300 ο
982 5259 1031 5300 ’ίῖ

2361 5195 2515 5300 seu
2549 5194 2933 5300 eaeeae:

2392 5252 2515 5300 KOK‘
2559 5265 2706 5300 Filias
2733 5263 2946 5300 funi-nn!
2990 5259 3205 5300 nllnni:
3253 5258 3292 5300 ΙΙ
3342 5255 3709 5300 immutat-Is-
3759 5252 3863 5300 ff)-
