4042 5300
529 228 665 287 1287

1461 209 1830 269 l‘lllETMARl
1871 205 2495 265 MERSEBURGENSIS
2537 202 2840 262 EPlSCOPl

3676 204 3695 257 1
3706 200 3806 257 Ξ38

529 325 767 407 ίτιυιιιιιιι,
798 329 1375 401 Βθθρείοηρηπιιιο,⁸⁶³,
1411 326 1728 383 Ιιθιίιιιειιιιιί
1753 324 1970 382 comitis
2020 337 2108 379 sae
2138 326 2183 383 Α
2216 321 2462 391 sitnoque
2503 321 2731 391 pecunic
2776 318 3109 375 transeuntis
3156 318 3429 375 inescatos
3482 332 3616 373 amo
3655 315 3726 349 '"
3755 334 3807 371 ιιι

531 431 779 495 tellitem,
804 427 980 499 primo
1006 422 1337 485 occidentes,
1381 418 1449 474 ad
1500 418 1827 473 caminatam
1869 414 2113 486 ejusdem

531 535 722 578 omnes
751 517 945 574 armati
977 513 1326 578 conveniunt,
1375 512 1672 566 fenestram
1723 507 1991 576 lapidibus
2015 506 2116 561 im-

531 620 768 685 pugnant
817 608 1135 681 grandibus,
1184 603 1463 661 dominmn
1511 600 1663 655 urbis
1686 596 2116 670 (608),Ozerum

534 703 774 765 nomine,
829 698 931 754 sibi
996 695 1066 751 ad
1114 686 1469 750 occidendum
1524 690 1675 746 reddi
1732 687 2112 743 vociferantes.

498 836 503 839 -
535 795 644 851 Sed
698 792 1049 847 ’l'hietmarus
1071 789 1226 843 miles
1252 803 1317 843 ex
1342 785 1578 843 cnlicnli
1623 783 1738 840 sola
1768 781 2072 838 municionc
2098 796 2113 834 :

536 887 714 953 Quare
735 886 833 950 sic,
866 883 1003 948 infit,
1028 882 1224 953 agilis?
1250 882 1366 952 quis
1393 880 1463 911 ⁸⁸³
1488 879 1639 948 furor
1668 895 1755 934 vos
1780 878 1856 931 ita
1886 874 2115 941 seduxit,

531 989 589 1055 ut
616 978 762 1032 obliti
788 976 1157 1045 beneﬁciorum
1185 973 1387 1028 comiis
1412 971 1700 1026 Ekltikardi
1721 979 2120 1040 spontanewque

533 1068 877 1134 invitationis,
909 1069 984 1121 sic
1015 1065 1290 1135 assurgitis
1321 1065 1374 1117 in
1418 1063 1698 1130 perniciem
1732 1060 1877 1129 filii?
1907 1058 1968 1116 Si
1994 1074 2119 1113 cau-

532 1176 649 1215 sam
689 1160 825 1211 lani
861 1156 1113 1226 facinoris
1149 1171 1239 1208 seu
1266 1154 1335 1185 δῖ’
1358 1152 1561 1222 publice
1584 1168 1674 1204 seu
1706 1149 1842 1203 clam
1872 1148 2119 1225 cuiquam

536 1261 771 1304 nostrum
802 1248 958 1302 vultis
988 1248 1214 1316 aperire,
1236 1244 1497 1299 commissi
1527 1242 1945 1297 cmetuluciouem
1980 1240 2121 1295 vobis

534 1340 927 1410 complacitum,
969 1338 1237 1408 futurique
1275 1336 1476 1389 tintoris
1502 1335 1759 1389 vestrimet
1789 1333 2121 1387 securitatem

534 1448 601 1486 ea:
627 1432 728 1485 mei
758 1431 978 1484 senioris
1006 1439 1403 1496 nostrorumque
1431 1426 1664 1480 omnium
1707 1433 1855 1494 parte
1876 1422 2120 1493 ﬁrmiter,

534 1523 981 1594 qualitercumque
1010 1520 1185 1578 vultis.
1222 1519 1488 1589 promitto.
1527 1516 1679 1571 Hunc
1706 1533 1858 1587 queat
1892 1516 1948 1569 in
1983 1532 2127 1570 mor-

534 1622 638 1666 tem
670 1612 807 1666 vobis
829 1612 948 1665 dari
970 1609 1301 1665 inclementer
1324 1609 1625 1678 exponitis,
1663 1608 1809 1662 nobis
1841 1608 2123 1662 viventibus

2217 412 2495 468 servitutis
2522 410 2895 481 libertatisque
2922 408 3308 466 detrimentum
3340 423 3567 480 capere.

2290 503 2342 556 7.
2376 502 2529 557 Alter
2554 511 2734 557 autem
2762 500 3092 568 Bolizlavus,
3126 500 3477 556 Boetniorum
3536 500 3810 571 provisor,

2217 602 2575 664 cognomento
2601 590 2795 660 Rufus,
2825 600 2883 648 et
2923 592 3217 661 impietatis
3255 600 3447 647 auctor
3496 590 3807 654 immensae,

2220 686 2444 752 antiquo
2468 682 2751 752 morejam
2779 681 3059 752 paululum
3100 680 3394 745 refrenato,
3431 680 3560 735 duci
3600 681 3815 749 aspira-

2219 780 2308 846 vitj
2360 774 2645 841 llcinrico;
2705 775 2798 844 qui
2848 775 3012 830 inicio
3042 775 3244 829 mensis
3290 772 3438 829 Junii
3462 788 3595 828 cum
3621 772 3813 842 primis

2220 866 2590 923 Bawariorum
2621 876 2677 922 et
2713 867 3059 922 orientalium
3095 865 3430 921 Francorum
3450 866 3524 897 ⁸⁷⁸
3554 865 3814 921 Worma-

2224 956 2351 1010 tiam
2376 956 2543 1022 venit,
2576 972 2741 1011 causa
2800 954 3013 1011 Renum
3067 956 3263 1011 ibidem
3307 954 3657 1020 transeundi,
3701 953 3813 1007 31a-

2222 1047 2511 1118 gontiaque
2565 1045 3004 1102 beneJiccionem
3057 1046 3381 1115 accipiendi.
3433 1044 3593 1112 Quod
3622 1044 3812 1115 prohi-

2222 1140 2351 1195 here
2379 1140 2742 1194 llerimannns
2790 1138 2896 1192 dux
2947 1137 3158 1203 nititur,
3188 1138 3508 1207 nullumque
3544 1137 3630 1191 eis
3659 1147 3812 1205 pate-

2221 1232 2351 1289 fecit
2379 1233 2529 1288 lieno
2551 1232 2765 1287 favente
2794 1232 3121 1303 ingressum.
3154 1232 3267 1286 Dux
3302 1240 3486 1286 autem
3520 1229 3814 1283 lleinricus

2224 1324 2412 1380 habito
2441 1325 2507 1380 de
2527 1324 2628 1379 hiis
2658 1324 2819 1379 rebus
2847 1339 2967 1378 eum
3012 1323 3125 1377 suis
3159 1322 3388 1378 consilio
3407 1363 3422 1388 ,
3466 1319 3731 1376 simulato
3760 1320 3813 1374 in

2223 1421 2530 1476 Buwariam
2573 1421 2745 1477 reditu
2798 1420 3137 1490 transituque
3187 1419 3343 1489 quasi
3392 1418 3711 1489 desperato,
3749 1417 3813 1469 ad

2225 1515 2415 1570 urbem
2458 1514 2679 1568 Larsem
2709 1511 2855 1583 (till)
2885 1513 2975 1568 ubi
3033 1520 3257 1567 sanctus
3306 1511 3611 1581 requiescit
3640 1508 3809 1563 Naza.

2226 1610 2360 1675 rius,
2386 1608 2548 1664 venit.
2585 1606 2895 1676 Deindeque
2919 1607 2987 1663 ad
3018 1605 3343 1677 Magontiam
3364 1602 3705 1673 celeriter(f.
3725 1600 3813 1671 87)

536 1702 611 1735 ⁸⁸⁸
642 1701 705 1774 (f.
738 1701 829 1772 86)
868 1719 972 1756 non
998 1701 1254 1770 accipitis.
1311 1675 1479 1753 Pauci
1508 1716 1723 1764 sumus;
1758 1708 1849 1753 aut
1888 1714 2124 1752 commu-
2156 1675 2197 1735 Β
2225 1701 2583 1772 properando,
2638 1675 2847 1755 Renum
2892 1675 3128 1755 securus.
3166 1698 3437 1769 enavigat.
3490 1697 3597 1751 lli:
3625 1697 3662 1751 8
3698 1692 3816 1749 ldus

537 1796 857 1873 nitermori,
907 1805 998 1849 aut
1048 1794 1329 1848 incolumes
1381 1798 1506 1847 urbe
1556 1792 1656 1845 hac
1708 1807 1802 1844 nos
1858 1791 2000 1845 exire
2025 1805 2120 1859 pro

537 1898 681 1945 certo
711 1889 911 1943 sciatis.
937 1886 1089 1942 'l‘unc
1130 1886 1206 1940 illi
1230 1884 1430 1940 auditis
1458 1883 1824 1949 sermonibus,
1855 1882 1940 1937 bis
1963 1880 2122 1937 collo-

534 1990 779 2052 quuntur
807 1978 900 2045 ⁸⁸⁷,
952 1977 1294 2047 abeundique
1351 1976 1635 2033 licenciam
1661 1976 1767 2031 hiis
1793 1983 2119 2045 prestantes,

536 2070 734 2128 ducem
762 2070 1088 2126 Boliz‘avum
1122 2085 1219 2140 per
1248 2068 1616 2125 internuncios
1645 2068 1896 2133 invitant,
1922 2067 2121 2139 portis-

539 2176 647 2233 que
702 2161 934 2218 eundem
965 2161 1034 2193 ⁸⁶⁸
1079 2160 1381 2230 suscipiunt
1428 2160 1663 2231 apertis;
1717 2159 2125 2231 completurque

540 2254 683 2324 quod
714 2253 971 2321 scriptum
998 2261 1082 2306 est
1113 2268 1127 2304 :
1162 2249 1455 2317 Lmtantur,
1487 2268 1606 2305 cum
1628 2250 1763 2304 ntale
1790 2250 2027 2320 fecerint,
2061 2267 2122 2304 ac

541 2343 805 2399 exsultant
830 2346 883 2398 in
911 2342 1063 2397 rebus
1088 2343 1324 2413 pessimis
1373 2341 1554 2414 (Prov.
1586 2358 1648 2407 ιι,
1686 2342 1770 2411 ιι)
1791 2381 1808 2407 ,
1849 2350 1902 2397 et
1928 2342 2124 2396 iterum

542 2438 614 2472 ⁸⁸⁸
647 2456 661 2493 :
697 2437 833 2494 Sunt
865 2438 1123 2507 principia
1146 2453 1325 2491 eorum
1349 2446 1404 2490 ut
1430 2436 1553 2502 mel,
1582 2446 1629 2490 et
1654 2435 1936 2490 novissima
1974 2435 2125 2505 quasi

538 2529 892 2585 abscinthium
920 2528 992 2561 ⁸⁷⁰
1020 2526 1204 2598 (Prov.
1237 2544 1289 2593 v,
1319 2527 1399 2597 ά.)
1428 2526 1541 2582 llac
1565 2526 1738 2582 elatus
1766 2528 2128 2596 prosperitate

540 2618 846 2677 Bolizlavus
866 2619 959 2686 ⁸⁷¹,
990 2634 1180 2674 onmcs
1211 2619 1447 2690 regionis
1474 2617 1615 2673 illius
1658 2618 1925 2673 terminos
1956 2630 2127 2687 ιιειιιῖθ

540 2711 610 2767 ad
638 2710 872 2766 Elstram
918 2708 1140 2764 fluvium
1180 2708 1587 2780 preuccupavit,
1625 2706 1984 2778 presidiisque
2011 2705 2125 2759 sui—

543 2811 657 2859 met
713 2802 907 2856 munit.
954 2800 1421 2871 Congregantibus
1449 2814 1509 2854 se
1542 2809 1667 2853 tunc
1698 2798 2027 2852 unanimiter
2055 2798 2125 2851 ad

542 2893 660 2949 haec
687 2892 1261 2963 proltibendanostris,
1294 2891 1512 2946 dolosus
1534 2889 1622 2945 ille
1651 2890 1888 2959 legatum
1912 2888 2126 2944 obviam

2222 1788 2365 1844 Junii
2390 1788 2586 1844 ibidem
2616 1788 2889 1845 communi
2914 1787 3200 1842 devotione
3224 1787 3275 1841 in
3320 1801 3506 1858 regem
3532 1784 3762 1848 electus,
3782 1799 3814 1838 a

2224 1878 2494 1950 Wiligiso,
2516 1880 2756 1950 ejusdem
2806 1880 2953 1934 sedis
2974 1879 3401 1950 archiepiscopo,
3430 1877 3814 1948 suﬂ‘raganco—

2224 1987 2453 2043 rumque
2503 1973 2701 2028 suimet
2775 1972 2976 2027 auxilio
3043 1972 3454 2044 acccparegali
3513 1974 3814 2034 unccione,

2224 2063 2435 2119 cunctis
2490 2063 2830 2134 prescntibus
2887 2065 3057 2119 Deum
3090 2063 3547 2127 collaudantibus,
3591 2078 3817 2119 corona-

2182 2218 2187 2223 ,
2229 2163 2317 2209 tur
2338 2154 2507 2225 (612).
2528 2154 2865 2211 Francorum
2881 2166 2936 2212 et
2953 2156 3404 2211 Muselcnensium
3428 2156 3500 2190 ⁸⁷⁷
3522 2155 3818 2226 primatus,

2229 2246 2342 2317 regi
2395 2263 2587 2303 manus
2653 2256 2782 2304 tunc
2839 2249 3117 2319 applicans
3164 2249 3257 2316 ⁸η,
3304 2249 3543 2320 gratiam
3574 2247 3818 2317 ejusdem

2228 2340 2447 2395 meruit.
2472 2339 2736 2396 Omnibus
2760 2341 2865 2397 huc
2899 2343 3119 2413 indiquc
3140 2341 3537 2399 conﬂuentibus
3568 2343 3626 2396 in
3640 2342 3713 2373 "’
3727 2340 3822 2395 tui-

2227 2431 2409 2488 liciam
2433 2448 2464 2487 a
2492 2449 2621 2503 rege
2666 2436 2955 2504 susceptis,
2992 2452 3179 2489 rursus
3207 2435 3415 2491 Renum
3456 2434 3819 2490 inundantem

2230 2537 2326 2578 rex
2391 2538 2564 2578 novus
2620 2523 2691 2555 ⁶⁸⁰
2766 2526 3059 2591 transiens,
3125 2540 3220 2597 per
3247 2524 3580 2580 orientalem
3646 2523 3817 2580 Fran-

2228 2617 2367 2671 ciam
2395 2616 2464 2650 ⁸⁸¹
2494 2616 2597 2672 sibi
2628 2632 2790 2687 quam
2843 2617 3083 2684 ﬁdelem,
3144 2617 3529 2673 Alemanniam
3563 2617 3819 2672 invadere

2230 2717 2427 2764 etcum
2450 2707 2867 2778 depopulatione
2894 2708 3038 2763 illius
3071 2716 3230 2763 teme
3277 2709 3347 2763 ab
3388 2707 3632 2778 inceptis
3673 2706 3822 2762 lleri-

2231 2815 2486 2855 manuum
2519 2801 2863 2857 resistentem
2904 2812 3134 2856 conatur
3161 2810 3430 2856 :.VCt'l€l't‘.
3473 2800 3598 2854 Dux
3643 2809 3819 2855 autem

2231 2900 2290 2945 ut
2315 2892 2521 2946 audivit
2550 2907 2646 2947 sua
2674 2908 2704 2947 a
2740 2908 2865 2963 rege
2893 2892 3140 2961 predata,
3207 2892 3447 2946 nondum
3500 2892 3697 2947 volens
3733 2892 3821 2946 Ln-

542 2985 710 3051 misit,
732 2985 823 3056 qui
853 2999 911 3040 se
932 2993 1328 3055 protestarctur
1351 2998 1472 3037 cum
1504 2980 1678 3052 gratia
1712 2979 1949 3063 lleinrici
1978 2979 2127 3033 ducis
2154 3019 2200 3083 Ο
2233 2985 2428 3039 miliari
2456 2986 2545 3052 ’5’,
2582 2988 2677 3041 sed
2729 3001 2829 3057 pro
2857 2985 3047 3053 dolor}
3084 2996 3271 3041 comm
3311 2986 3602 3042 dominum
3645 2995 3705 3042 ct
3742 3002 3821 3041 τε.

541 3075 996 3132 aclicenciabme
1024 3075 1329 3145 incepisse;
1379 3074 1430 3128 in
1458 3073 1605 3127 nullo
1659 3085 1718 3127 se
1764 3056 1956 3127 incolis
1987 3072 2125 3125 noci-

544 3176 752 3235 turum,
783 3177 837 3223 et
874 3170 1157 3238 siquando
1197 3169 1242 3223 is
1282 3168 1334 3222 in
1387 3182 1553 3233 regno
1608 3163 2126 3233 vigeret,voluntati

545 3260 786 3330 ejusdem
817 3260 869 3313 in
909 3261 1160 3315 omnibus
1211 3248 1588 3321 assensurum;
1624 3258 1707 3311 sin
1750 3265 1953 3321 autem,
1985 3254 2130 3326 quod

546 3348 632 3403 bis
663 3357 773 3402 tum
800 3348 1060 3419 placeret,
1093 3350 1324 3403 libenter
1386 3348 1681 3402 facturum.
1724 3346 1838 3402 Hoc
1888 3347 2131 3401 animado

546 3442 1034 3508 vet‘tentcsnostri,
1075 3442 1253 3494 verbis
1297 3441 1577 3495 etetlidere
1626 3439 1923 3511 phaleratis
1955 3440 2127 3510 (609),

544 3541 602 3589 et
630 3534 933 3597 inhoneste,
958 3535 1111 3604 quasi
1142 3534 1211 3588 ad
1239 3534 1541 3599 dominum,
1598 3533 1667 3586 ad
1711 3535 1943 3587 eundem
1995 3548 2119 3603 pro-

543 3623 694 3694 fecti,
764 3626 1023 3681 honorem
1068 3627 1312 3680 innatum
1368 3627 1759 3697 supplicatione
1814 3634 1870 3681 et
1930 3627 2129 3694 injnsm

545 3717 808 3772 servitute
838 3717 908 3749 ⁸⁷³
955 3720 1259 3773 mutabant.
1315 3717 1487 3785 Quam
1542 3718 1729 3787 inique
1777 3718 2129 3789 comparandi

544 3821 673 3866 sunt
714 3820 1095 3867 antecessores
1128 3812 1298 3866 nostri
1334 3820 1387 3866 et
1430 3810 1490 3881 (f.
1524 3811 1630 3881 86‘)
1659 3810 2127 3881 contemporales!

545 3903 772 3960 Yivente
820 3904 1044 3975 egregio
1100 3902 1322 3957 llodone
1375 3902 1468 3967 ⁸⁷³,
1520 3911 1676 3973 pater
1728 3903 1883 3956 istius
1932 3901 2129 3955 Μίδεω

543 3992 787 4061 domum,
832 4009 937 4065 qua
968 4010 1090 4050 eum
1124 4008 1245 4049 esse
1279 3994 1507 4056 sciebat,
1540 3995 1849 4049 crnsinatus
1872 3994 2017 4065 (610)
2050 3995 2133 4047 iu-

546 4096 711 4154 trare,
743 4088 827 4143 vel
861 4104 927 4144 eo
961 4097 1279 4158 assurgente
1329 4103 1627 4156 numquam
1681 4088 2014 4155 presumpsit
2047 4102 2132 4139 se-

546 4179 696 4235 dere.
729 4181 872 4235 Deus
916 4180 1191 4249 indulgeat
1237 4178 1580 4248 imperatori,
1614 4178 1756 4247 quod
1783 4177 2130 4232 tributarium

549 4268 624 4299 3""
656 4270 857 4326 faciens
886 4272 1187 4336 domimnn,
1228 4273 1295 4325 ad
1346 4272 1447 4327 hoc
1482 4286 1737 4339 umquam
1788 4268 2040 4334 elevavit,
2074 4278 2131 4323 ut

2231 3091 2350 3146 gem
2374 3076 2621 3131 exultans
2642 3091 2720 3142 sc,
2740 3085 2901 3147 caput
2916 3077 3145 3132 ducatus
3163 3078 3244 3131 sui
3269 3078 3637 3147 Argentinam
3653 3079 3818 3148 (613),

2230 3180 2337 3234 que
2396 3166 2696 3238 Strazburg
2761 3168 2979 3231 dicitur,
3036 3169 3162 3238 quia
3225 3169 3517 3240 episcOpus
3590 3170 3816 3240 ejusdem

2232 3260 2381 3313 urbis
2431 3258 2732 3314 Wicelinus
2778 3259 2879 3313 sibi
2912 3260 3166 3315 resistere
3226 3263 3667 3331 prosumpserit,
3700 3277 3817 3315 eum

2232 3350 2484 3406 Conrado
2516 3350 2713 3407 suimet
2735 3367 2937 3420 genere
2966 3352 3058 3416 ⁸⁸³,
3095 3353 3264 3406 milite
3297 3354 3427 3422 petit
3455 3365 3676 3408 armato
3709 3371 3821 3408 nn:-

2232 3459 2427 3513 rosqne
2452 3444 2775 3497 ascendens.
2807 3429 2879 3497 nil
2949 3443 3105 3497 victis
3138 3443 3366 3513 reliquid
3394 3443 3464 3474 ³⁸³⁷⁵
3491 3443 3671 3516 (GH),
3717 3444 3821 3498 Sal

2231 3543 2480 3589 execrata
2507 3534 2928 3588 Alemannorum
2978 3534 3130 3588 turba
3181 3535 3247 3588 ad
3279 3535 3605 3604 rapiendum
3636 3550 3818 3605 prom-

2232 3626 2498 3695 ptissima,
2538 3625 2709 3679 i-nscio
2762 3626 2919 3690 duce,
2973 3626 3234 3696 majorem
3278 3627 3569 3680 etclsiam
3623 3640 3819 3681 saaeza

2235 3721 2326 3776 Dei
2354 3721 2633 3791 genitricis
2662 3720 2925 3790 intrepida
2968 3719 3029 3791 (f.
3054 3719 3166 3788 δι’)
3196 3720 3430 3784 intrans,
3454 3734 3681 3774 omnem
3705 3721 3817 3775 th:-

2234 3829 2453 3867 sanrum
2512 3813 2719 3883 diripit,
2752 3823 2807 3868 et
2856 3813 2998 3883 quod
3048 3814 3341 3867 maximum
3404 3824 3530 3868 erat
3586 3813 3815 3879 facinus,

2235 3902 2354 3973 igne
2377 3904 2592 3958 domum
2644 3904 2859 3960 Domini
2899 3907 3259 3975 consumpsit.
3286 3906 3342 3960 Si
3379 3923 3509 3961 vere
3535 3907 3666 3961 felix
3693 3906 3818 3961 fuis:

2234 4002 2331 4052 set.
2360 3994 2516 4062 primi
2554 3994 2829 4063 ingressus
2873 3995 3171 4050 acerbitate
3201 3996 3403 4050 tlcteni
3433 4011 3490 4061 a,
3527 4013 3817 4066 numquam

2234 4082 2435 4151 majora
2468 4087 2682 4154 aggredi
2716 4094 3072 4155 presumeret.
3108 4085 3241 4141 Nam
3274 4089 3538 4143 antis:itis
3565 4090 3817 4143 uultibus

2237 4174 2561 4230 lleinwardo
2609 4186 2831 4232 auctore
2885 4178 3182 4234 infideliter
3212 4181 3671 4250 repugnantibus,
3706 4198 3816 4235 tua-

2236 4267 2377 4322 xima
2438 4268 2671 4323 hostium
2721 4278 2940 4324 caterva
2990 4272 3234 4336 irruens,
3287 4273 3518 4342 proprio
3577 4272 3815 4343 perfossa

548 4359 718 4413 oblita
770 4362 852 4415 sui
897 4362 1160 4432 genitoris
1194 4361 1393 4431 regula,
1431 4377 1645 4432 semper
1693 4362 1796 4416 sibi
1827 4364 2131 4431 propositos
2163 4329 2209 4445 ὀ
2240 4360 2419 4414 hastili
2457 4362 2683 4427 corruit,
2717 4362 2993 4431 vitamque
3021 4362 3163 4416 hanc
3184 4362 3365 4416 divina
3421 4363 3637 4418 ultione
3667 4363 3815 4443 misst

547 4450 773 4506 auderet
800 4450 853 4504 in
904 4451 1293 4520 subjectionem
1345 4452 1603 4521 paulatim
1637 4453 1943 4517 detrahere,
1986 4452 2130 4506 vilis.

2243 4451 2485 4505 rabiliter
2516 4450 2652 4506 fiuit.
2687 4451 2813 4508 llaec
2866 4452 3229 4508 llerimaunus
3287 4453 3566 4509 insolabili
3592 4454 3666 4486 ⁸⁸³
3697 4469 3817 4524 ψιει

1862 4582 2095 4639 VARUE
2135 4584 2537 4642 LECTlONES.

616 4692 686 4764 “9
712 4692 787 4747 sic
809 4690 1102 4764 legendum,
1124 4694 1540 4764 beccioncmque
1580 4696 1628 4751 l.
1656 4695 2084 4764 Beccionemque
2113 4696 2177 4750 Α.
2212 4698 2272 4752 8.

548 4765 609 4819 S.
660 4763 730 4795 m
760 4766 834 4817 ita
880 4766 960 4818 lc.
1000 4781 1058 4819 se
1094 4770 1176 4819 la.

547 4839 636 4889 1a.

544 4906 750 4973 ridetur
782 4905 868 4959 la.

548 4979 733 5031 haunt.
809 4976 883 5009 ⁸⁷⁸
926 4978 1039 5052 (ita.
1071 4979 1439 5032 lc.francium
1502 4979 1553 5024 l.
1631 4978 1700 5009 ⁸⁷⁷
1738 4977 2105 5008 ἰι-οη-κν-τι-ιιη-ιο

1252 4766 1323 4798 ⁸⁸⁵
1350 4768 1665 4835 degentibus
1695 4768 1781 4819 la.
1813 4769 2068 4835 quanulin
2104 4783 2451 4836 Stilltfl'Slltl‘ttlS
2475 4766 2539 4824 ’ἐξ
2559 4776 2621 4826 Α.
2654 4772 2710 4828 S.

713 4834 899 4906 “’sed
930 4851 1058 4889 vere
1090 4837 1196 4891 illis
1225 4837 1461 4900 eveniet,
1491 4839 1632 4906 quod
1661 4838 1786 4891 item
1812 4834 2074 4904 scriptum
2103 4834 2186 4893 est
2214 4840 2267 4891 ‘2.

947 4905 1016 4990 ’ξ’
1051 4908 1228 5005 Sicla‘vi
1265 4908 1391 4989 add.
1416 4909 1539 5005 2.11‘.
1575 4906 1906 5005 8.¹νῖι1.1002.Ι
1976 4907 2047 4937 ⁸⁷³
2092 4909 2301 5005 ltodonf:
2336 4911 2414 4965 lc.

2365 4699 2455 4749 ,⁸⁸³
2482 4701 2796 4776 agitisLCur
2828 4705 2878 4758 in
2909 4714 3115 4760 tantum
3146 4707 3325 4762 scelus
3354 4708 3468 4762 itis.
3499 4708 3638 4776 Quis
3691 4710 3725 4763 ἓ
3751 4711 3810 4763 ,4.

2787 4776 2858 4849 “fi
2880 4778 3223 4846 colloquntur
3254 4780 3302 4832 l.
3379 4781 3451 4813 “3
3481 4784 3813 4849 eundemque

2806 4847 2875 4877 ⁹⁷¹
2900 4850 2973 4901 itu
2996 4850 3076 4901 lc.
3109 4849 3267 4903 elatis
3288 4879 3357 4889 —
3380 4850 3711 4904 bolizlauum
3736 4847 3810 4900 ‘u

2806 4918 2937 4952 rium
2981 4919 3002 4952 ι
3062 4919 3299 4952 calt-run-
3325 4924 3429 4952 ,υιΑ
3474 4922 3510 4952 ο
3610 4921 3681 4952 m
3710 4922 3727 4952 .°
3768 4937 3791 4952 Α

3610 4922 3681 4952 ιη
3766 4937 3809 4971 ρ.

2343 4841 2413 4872 ⁸⁷⁸)
2445 4857 2474 4893 e
2500 4860 2729 4897 erasum.

2492 4913 2563 4944 3”
2590 4916 2937 4971 triburarinm
2981 4919 3032 4971 1.
3062 4919 3299 4973 sclavnm
3322 4924 3448 4974 add.
3474 4922 3529 4974 2.

2424 4982 2494 5007 an
2519 4986 2651 5009 -..μη
2678 4989 2793 5012 .-.επ
2847 4990 2908 5016 ι..
3006 4987 3076 5019 879
3107 4991 3179 5016 ha
3209 4991 3266 5021 Ιη
3312 4991 3324 5026 ἱ
3352 4992 3437 5036 1η-
3514 4992 3587 5024 ⁵⁸⁸
3616 4995 3691 5045 ita
3738 4992 3806 5045 ιίο
