4042 5300
232 311 371 371 1289

1471 307 1887 369 CHRONICON.
1938 340 1995 353 -
2031 311 2160 367 LIB.
2200 311 2262 366 Υ.

3366 315 3504 370 ιὲῡὶ)

227 439 341 485 stus
392 443 624 493 merere,
670 426 942 494 discessit,
995 423 1357 496 inultumque,
1398 424 1524 494 quia
1576 423 1818 480 defendit
1844 437 1889 493 Α
1922 424 2057 495 burg
2085 441 2208 480 cum
2233 425 2678 496 appertinenciis,
2716 427 2931 482 vivente
2952 426 3262 482 Ekltiharilo
3288 428 3500 498 hocque

227 538 507 587 numerus,
540 521 792 591 reliquid.

296 640 348 692 8.
380 637 511 707 Regi
547 645 725 690 autem
775 633 914 703 apud
947 632 1172 702 Augiam
1205 631 1438 685 insulam
1469 629 1808 683 nativitatem

224 729 294 759 ³⁸⁸
325 729 494 782 sancti
523 727 786 781 Johannis
811 726 1067 794 Baptista:
1093 720 1628 785 commorantiJama
1655 718 1810 771 velox

222 834 273 876 et
309 822 590 890 sepissime
618 821 800 883 dubia,
831 820 1219 874 llerimannum
1247 819 1436 872 ducem
1464 817 1611 869 litem
1635 813 1810 867 duello

221 926 385 965 causa
442 911 660 964 ﬁniendi
716 911 900 964 venire
949 909 1240 970 ntmtiavit,
1301 908 1640 974 eundemque
1684 904 1808 957 hinc

225 1005 521 1065 discedere,
578 1004 978 1073 adventumque
1030 1003 1182 1055 ducis
1226 1000 1580 1069 eumjndit-io
1635 1011 1809 1066 pugne

227 1096 276 1148 in
324 1096 491 1165 pratis
544 1095 843 1148 virentibus
884 1111 945 1147 ac
985 1093 1108 1146 latis
1155 1091 1281 1146 fecit
1338 1100 1676 1158 exSpectare.
1733 1088 1806 1142 lbi

225 1196 349 1240 ttittc
372 1187 735 1254 apostolorum
764 1185 1043 1240 celebrans
1079 1183 1214 1236 festa
1242 1182 1392 1252 (lim.
1429 1182 1521 1246 99)
1556 1181 1803 1248 longum—

222 1295 326 1345 que
383 1279 454 1310 "7
506 1280 886 1333 certitudinem
939 1278 1266 1348 prestolans,
1332 1274 1522 1328 ducem
1579 1273 1807 1341 inceptis

221 1371 512 1438 persistere
537 1385 708 1440 neque
738 1369 874 1424 velle
904 1385 1003 1423 nec
1035 1384 1213 1438 posse,
1243 1385 1342 1439 pro
1392 1376 1542 1423 certo
1591 1381 1806 1434 compe-

221 1461 312 1513 rit.
357 1461 676 1516 Consultum
707 1461 855 1515 estei
885 1477 912 1514 a
941 1461 1260 1516 malesuasis
1305 1457 1803 1526 fau‘toribus,.quoil

217 1552 530 1620 Argentinre
578 1553 834 1606 damnum
881 1550 1200 1606 Constantia
1248 1550 1514 1619 impleret.
1562 1547 1804 1616 Namque

216 1638 458 1707 ejusdem
485 1642 721 1695 civitatis
745 1643 1050 1710 episcopus,
1079 1642 1297 1695 nomine
1328 1641 1652 1704 l.anl:crtus,
1677 1654 1799 1692 eum

217 1733 468 1788 Cui-iensi
522 1744 738 1803 pastore
794 1735 854 1801 (Γ.
912 1735 1001 1803 88)
1059 1734 1354 1798 Othelrico,
1412 1733 1799 1787 llerimanuum

1913 517 2152 585 graviter
2175 517 2407 581 ferente,
2432 518 2665 572 viriliter
2695 533 2867 588 usque
2897 518 2948 572 in
2980 519 3306 588 presentiam
3333 520 3503 588 aptati

1914 610 2149 665 senioris
2200 613 2461 667 servavit.
2518 611 2636 666 lluc
2701 612 3030 666 convniant
3086 612 3355 680 archiepis
3389 610 3502 680 (ηιξ,

1911 701 2126 757 Lieviso
2152 705 2221 734 ’°°
2258 704 2574 760 Brcmensis
2610 715 2662 759 et
2706 703 2970 758 Gisilerus
2999 703 3506 773 .‘llagadabuthgen-

1911 796 1987 850 sis
2035 812 2158 850 cum
2215 800 2428 852 caeteris
2453 799 2844 862 conlratribus,
2900 798 3160 852 llethario
3207 797 3503 851 Pathebnr-

1912 891 2063 943 nensi
2095 889 2200 960 "ﬂ,
2240 891 2574 946 Bernwardo
2636 891 2704 923 ⁹⁶²
2758 891 3209 954 ΙΙίὶΙίιιΘςεηιρηςῐ,
3273 889 3501 944 Ανιιιιιῗο

1913 977 2359 1047 llalvcrslidcnsi,
2425 981 2750 1036 Ramwardo
2798 979 3111 1051 [Mindensh
3164 980 3370 1034 Εἱιῖοίεθ
3403 977 3498 1019 ⁹⁰³¹

1914 1067 2192 1135 Misnensi,
2265 1071 2564 1124 Bernhario
2629 1072 2908 1137 Fet-densi,
2959 1071 3181 1139 llugone
3204 1073 3495 1138 Citicen'si,‘

1909 1161 2145 1218 ducibus
2206 1174 2387 1219 autem
2459 1166 2773 1219 Bernhartlo
2820 1166 2890 1198 ποί
2934 1181 2997 1218 ac
3039 1165 3334 1229 Bolizlavo,
3375 1181 3500 1220 cum

1911 1255 2322 1308 marchionibus
2375 1255 2658 1309 Liuthario
2687 1265 2738 1309 et
2768 1257 2982 1311 Gerone
3031 1274 3094 1312 r-c
3126 1257 3362 1326 palitino
3418 1274 3503 1311 co-

1907 1345 2038 1398 mite
2067 1344 2368 1402 Fritherico
2399 1347 2493 1411 "3“,
2527 1347 2672 1417 [cod.
2721 1347 2812 1401 Br.
2846 1349 2882 1400 f.
2909 1349 3034 1417 2258)
3081 1349 3151 1403 all
3176 1365 3200 1404 s
3223 1366 3308 1419 [ne
3334 1367 3382 1419 (ιι
3409 1364 3497 1404 sm
3569 1338 3572 1342 ’

1908 1436 2155 1505 pluribus
2203 1447 2313 1492 tam
2367 1440 2637 1508 episcopis
2692 1456 2855 1510 quam
2899 1443 3212 1502 eo:i~.itibus.
3267 1458 3500 1510 quorum

1909 1531 2128 1585 nomina
2160 1530 2378 1601 longum
2409 1542 2494 1586 est
2516 1548 2780 1586 enarrare
2812 1547 2906 1600 per
2937 1533 3168 1602 singula.
3198 1532 3282 1587 Ilii
3313 1549 3505 1588 omnes

1905 1638 2086 1692 regem
2119 1624 2345 1692 supplici
2375 1623 2672 1678 devocione
2695 1624 3019 1693 suscipiunt.
3043 1623 3293 1678 C:astina
3316 1623 3499 1692 itaque

1904 1715 2010 1775 die,
2036 1716 2088 1770 id
2113 1726 2193 1770 est
2214 1726 2404 1772 octavo
2427 1716 3070 1787 KalendasAugusinul.
3096 1717 3210 1784 24).
3237 1718 3507 1772 Bernhar-

215 1826 287 1860 ⁸⁸⁸
317 1828 702 1890 auxiliabatnr,
733 1845 835 1880 non
869 1838 1071 1881 tantum
1104 1829 1400 1892 exanimo,
1455 1835 1716 1896 quantum
1752 1826 1802 1879 in

1910 1805 2008 1857 dus
2065 1806 2171 1858 dux
2201 1807 2349 1876 (617)
2377 1823 2499 1861 cum
2523 1823 2791 1860 consensu
2817 1808 3058 1861 omnium
3077 1815 3290 1860 astante
3319 1822 3507 1861 coram

215 1921 452 1976 civitatis
481 1921 730 1990 contigua
793 1919 961 1991 (lilii).
996 1919 1102 1973 Sed
1161 1935 1273 1982 rex,
1335 1927 1394 1972 ut
1445 1919 1653 1972 eratde
1709 1917 1804 1972 Dei

218 2013 415 2066 timore
443 2011 704 2064 sollicitus
752 2022 803 2065 et
856 2012 920 2064 de
977 2011 1322 2072 acquirendis
1355 2018 1561 2069 certus.
1609 2009 1805 2062 horum

218 2102 445 2172 profana
473 2102 677 2169 sprevit
700 2102 767 2133 ⁸⁸⁵
809 2104 1055 2164 consilia,
1085 2110 1373 2170 eurtcsqne
1400 2100 1470 2131 ⁸⁸⁸
1498 2100 1652 2154 ducis
1716 2115 1808 2152 va-

218 2193 416 2246 stando
442 2192 733 2254 eircuiens,
761 2194 825 2244 ad
860 2192 1106 2244 ultimum
1144 2191 1379 2246 clamore
1405 2191 1649 2246 devictus
1675 2205 1808 2260 pau-

219 2300 434 2354 perum,
467 2285 533 2338 ad
571 2284 854 2338 Fraueiam
878 2283 948 2316 δεδι
997 2299 1240 2338 remeare
1271 2283 1558 2353 disposuit.
1589 2283 1656 2335 Et
1682 2294 1809 2336 ecce

222 2377 511 2432 lleinricus
531 2377 601 2408 ⁸⁹²
634 2393 840 2440 comes,
894 2375 1129 2430 Bcrtoldi
1181 2377 1452 2444 amiteqne
1483 2391 1615 2430 mea:
1645 2375 1804 2436 ﬁlius.

217 2471 286 2523 ad
319 2471 470 2539 regni
496 2470 699 2538 apicem
732 2467 1115 2538 acquireudam
1143 2467 1253 2538 regi
1287 2481 1458 2535 usque
1492 2469 1596 2519 huc
1635 2465 1808 2519 ﬁdelis

221 2559 465 2625 adjutor,
495 2559 934 2612 animadvertens
966 2557 1196 2633 senior'ﬁ
1227 2559 1424 2612 suimet
1451 2557 1520 2589 ⁸³³
1543 2557 1642 2611 sibi
1673 2572 1807 2624 pau-

219 2649 393 2704 lulum
451 2651 682 2703 alienam
743 2648 1096 2712 meutem'“,
1135 2666 1226 2719 per
1253 2652 1487 2718 Optimos
1538 2649 1809 2703 exercitus

217 2741 464 2810 ejusdem
500 2744 647 2796 viros
692 2742 782 2796 ditt
839 2742 1176 2810 lirmiterque
1201 2743 1525 2812 promissum
1577 2742 1807 2796 Bawarii

219 2838 374 2905 regni
404 2836 652 2890 ducatum
677 2835 790 2889 dari
824 2835 1132 2905 postulavit.
1161 2836 1366 2902 Quibus
1389 2852 1480 2890 rex
1508 2835 1610 2888 tale
1639 2836 1810 2890 fertur

218 2928 438 2982 dedisse
470 2944 784 2997 responsum
819 2945 832 2980 :
870 2926 1060 2980 Nonne
1105 2930 1250 2981 scitis
1303 2930 1414 2981 Ita'c
1445 2930 1497 2982 in
1527 2930 1624 2982 hac
1650 2946 1808 2999 expc--

213 3019 423 3073 ditione
462 3037 784 3090 nequaquam
842 3019 957 3087 fieri
1006 3036 1178 3088 posse,
1237 3020 1504 3074 Buwarios
1549 3021 1612 3074 ab
1660 3021 1808 3074 iuisio

215 3112 409 3165 ducem
437 3111 658 3182 eligendi
685 3112 902 3166 liberam
925 3111 1113 3164 habere
1139 3123 1464 3181 potestatem,
1497 3131 1600 3166 non
1628 3114 1806 3166 decere

221 3212 334 3256 tant
369 3205 539 3256 subito
565 3220 649 3256 eos
699 3205 923 3268 abicere,
974 3220 1136 3272 neque
1170 3205 1554 3257 constitutionis
1596 3207 1805 3273 antique

211 3294 310 3364 jus
337 3294 528 3365 absque
555 3313 806 3350 consensu
832 3311 1012 3349 eorum
1037 3295 1319 3364 frangere?
1355 3294 1412 3349 Si
1448 3295 1689 3349 voluisset
1718 3314 1806 3350 ea:-

216 3396 481 3456 spectare,
511 3403 669 3458 usque
718 3387 844 3441 dum
888 3389 995 3456 ipse
1056 3388 1124 3441 ad
1177 3391 1272 3442 has
1304 3389 1534 3458 regiones
1561 3389 1804 3452 venirem,

214 3491 343 3528 cum
366 3479 624 3530 communi
655 3477 869 3532 consilio
895 3479 1185 3548 princ'pmn
1216 3483 1500 3534 eorundem
1535 3499 1596 3534 ac
1625 3484 1807 3534 volun-

217 3578 352 3633 tate,
383 3568 481 3621 sibi
509 3569 730 3623 libenter
779 3571 832 3624 in
894 3571 990 3624 hoc
1016 3571 1374 3640 satisfacerem
1407 3572 1496 3626 39‘.
1542 3572 1692 3638 Quod
1717 3571 1805 3625 ubi

218 3659 513 3714 Heinricus
539 3663 606 3715 ab
634 3662 984 3718 internuntiis
1033 3664 1260 3732 accepit,
1295 3663 1346 3716 in
1381 3664 1640 3732 majorem
1684 3679 1809 3730 pro-

218 3754 375 3808 missi
401 3755 637 3808 muneris
664 3755 1095 3823 desperationem
1121 3753 1181 3820 (f.
1207 3756 1313 3823 88’)
1347 3755 1590 3819 veniens,
1623 3755 1810 3824 paula-

220 3847 324 3900 tim
379 3861 438 3900 se
474 3847 540 3900 ab
593 3847 736 3916 regis
785 3848 1087 3913 substraxit
1131 3847 1534 3912 familiaritate;
1587 3848 1812 3901 comita-

221 3947 421 4006 turque
459 3946 638 3993 tamen
680 3955 863 4010 regem
917 3942 985 3993 ab
1013 3940 1330 3993 Alemannia
1374 3938 1808 4009 proﬁciscentem

219 4031 276 4086 in
303 4029 612 4096 Franciam,
637 4042 821 4102 postea
855 4033 920 4086 ad
952 4033 1330 4104 Thuringiam.

295 4161 348 4217 9.
389 4161 467 4216 lbi
495 4171 605 4216 tum
654 4163 725 4196 ⁸³⁸
756 4163 1158 4231 Willehelmus,
1202 4165 1629 4235 Thuringiorum
1682 4173 1810 4221 tunc

217 4255 636 4324 potentissimus
666 4257 838 4326 (616),
865 4257 1075 4310 obviam
1124 4274 1372 4327 pergens,
1423 4257 1811 4326 dominumque

218 4347 531 4401 venientem
571 4363 690 4403 cum
741 4365 935 4418 inagna
969 4351 1328 4419 gratulatione
1377 4352 1701 4419 suscipiens,
1726 4365 1812 4404 re-

215 4435 308 4508 gis
336 4435 406 4466 ⁸⁹⁷
435 4436 692 4492 efﬁcitur.
751 4438 826 4492 ibi
859 4449 987 4493 tunc
1017 4457 1111 4493 rex
1163 4457 1191 4493 a
1221 4441 1432 4510 prolato
1455 4443 1652 4495 comite
1683 4448 1738 4494 et
1779 4455 1809 4493 a

217 4529 417 4600 primis
443 4530 588 4585 illius
614 4531 682 4563 ⁸⁹³
707 4533 946 4602 regionis
969 4535 1324 4590 conlaudatur
1350 4537 1400 4590 in
1431 4537 1730 4602 dominum,
1755 4547 1809 4592 et
1841 4511 1888 4570 ί)

216 4623 294 4677 ab
332 4624 476 4676 omni
510 4626 704 4695 populo
767 4635 1010 4695 rogatus,
1071 4629 1308 4681 debitqu
1370 4630 1451 4682 his
1516 4645 1804 4698 porcorum

215 4714 296 4748 ⁸⁸³
353 4719 561 4772 remisit
614 4734 858 4774 censum.
906 4719 1030 4773 Inde
1073 4720 1380 4790 Merscburg
1411 4722 1658 4786 veniens,
1691 4739 1809 4778 sus-

213 4815 415 4873 ceptus
462 4817 548 4861 est
583 4810 647 4863 ab
678 4807 940 4862 lleimoue
985 4810 1176 4864 abbate
1224 4820 1275 4864 el
1331 4827 1359 4864 a
1409 4809 1552 4865 ﬁdeli
1611 4813 1810 4866 suimet

215 4899 423 4952 comite
451 4898 676 4954 Esicone
726 4899 817 4968 qui
848 4897 1032 4952 urbem
1057 4902 1192 4955 hanc
1211 4909 1265 4954 et
1291 4899 1481 4956 Alstidi
1499 4918 1562 4956 ac
1585 4902 1768 4955 Thorn
1786 4933 1804 4943 -

1909 1909 2034 1965 rege
2056 1895 2385 1951 voluntatem
2427 1898 2601 1968 plebis
2646 1899 3023 1951 convenientis
3052 1898 3333 1966 aperiens,
3384 1913 3505 1951 om-

1909 1988 2164 2057 niumque
2191 1989 2572 2044 necessitatem
2586 2005 2648 2044 ac
2677 1988 2848 2056 legem
2875 1989 3182 2058 specialiter
3203 2003 3503 2059 exponens,

1909 2077 2040 2145 quid
2072 2077 2152 2132 eis
2201 2079 2594 2133 misericordiae
2643 2079 2804 2132 dictis
2858 2079 3178 2146 promittere
3223 2094 3317 2133 seu
3343 2078 3504 2136 lactis

1909 2169 2070 2223 vellet
2106 2169 2440 2239 impendere,
2492 2171 2782 2240 diligenter
2831 2169 3080 2237 inquirit.
3109 2169 3261 2224 Talia
3292 2185 3505 2240 quaere‘

1909 2259 2023 2326 bat,
2052 2277 2114 2314 ac
2149 2272 2343 2315 contra
2379 2277 2468 2316 rex
2504 2261 2776 2316 referebat
2811 2277 2824 2314 :
2858 2260 2964 2314 Deo
3001 2263 3254 2331 primum,
3281 2263 3502 2316 deinde-

1909 2367 2007 2421 que
2036 2353 2177 2405 vobis
2215 2353 2456 2406 omnibus
2509 2354 2795 2422 condignas
2852 2362 3026 2421 grates
3075 2352 3366 2422 persolvere
3414 2371 3504 2408 ne-

1909 2460 2173 2513 quaquam
2226 2445 2456 2513 sufﬁcio.
2527 2444 2678 2498 Unde
2732 2445 3014 2499 voluntatis
3069 2463 3196 2501 mea:
3248 2456 3504 2500 secretum

1912 2535 2053 2588 vobis
2087 2537 2285 2604 aperio,
2315 2536 2454 2605 quod
2485 2551 2550 2588 ea:
2576 2535 2845 2603 adjutorio
2895 2535 3182 2604 efﬁcaciter
3212 2537 3351 2591 vobis
3393 2552 3504 2590 om-

1912 2628 2062 2680 nibus
2100 2629 2394 2696 impendere
2441 2628 2701 2681 desidero.
2758 2627 2955 2680 Notum
2987 2630 3176 2682 etenim
3223 2630 3350 2682 mihi
3404 2640 3502 2692 est,

1911 2736 2067 2786 quam
2096 2719 2322 2787 fideliter
2367 2721 2548 2772 vestris
2598 2721 2802 2789 regibus
2861 2738 3062 2790 semper
3111 2723 3300 2792 ubique
3333 2724 3502 2776 obau-

1911 2811 2161 2862 dientiam
2207 2819 2254 2863 et
2281 2809 2528 2863 solatium
2568 2820 2796 2879 prestare
2823 2811 2893 2842 '°°
2920 2813 3249 2866 studueritis.
3284 2813 3350 2865 Et
3377 2814 3497 2866 ideo

1913 2917 1999 2954 vos
2022 2902 2189 2970 magis
2223 2903 2276 2953 iu
2307 2902 2546 2954 omnibus
2578 2903 2769 2971 optime
2798 2903 3084 2970 honorare,
3115 2903 3332 2974 diligere
3354 2913 3401 2958 et
3428 2903 3501 2956 a:l

1913 2994 2059 3062 regni
2081 3005 2378 3062 provectum
2408 3005 2740 3063 nostramque
2763 2994 2986 3050 salutem
3011 2995 3133 3050 libet
3175 3012 3504 3050 conservare.

1915 3085 1981 3138 Et
2015 3095 2069 3138 ut
2109 3087 2235 3138 certi
2265 3087 2328 3139 de
2358 3087 2462 3140 hiis
2491 3088 2625 3149 sitis,
2659 3090 2921 3157 quomodo
2949 3090 3090 3144 vobis
3133 3088 3328 3159 placet,
3355 3089 3504 3144 salvo

1835 3167 1878 3226 (ἶ
1909 3176 2106 3228 honore
2150 3175 2314 3244 regni.
2371 3176 2616 3245 affirmo,
2666 3178 2790 3246 quia
2849 3195 2952 3231 non
2994 3181 3363 3233 rmnuentibus
3413 3196 3507 3234 nec

1910 3268 2388 3322 contradicentibus
2437 3269 2603 3332 vobis,
2644 3271 2734 3322 sed
2784 3272 2957 3337 potius
2983 3272 3134 3339 quasi
3183 3271 3509 3341 applaiden-

1909 3357 2046 3410 tibus
2077 3369 2122 3410 et
2154 3358 2255 3410 line
2287 3375 2365 3410 me
2395 3359 2756 3422 invitantibus,
2790 3360 2889 3413 hac
2943 3361 3106 3430 regali
3129 3361 3384 3430 dignitate
3406 3364 3504 3416 ho-

1911 3459 2130 3501 noratus
2154 3465 2402 3519 appareo.
2448 3449 2634 3520 Legem
2658 3451 2820 3520 igitur
2858 3462 3082 3506 vestram
3111 3469 3214 3506 non
3241 3455 3293 3506 in
3322 3455 3504 3526 aliqua

1911 3554 2268 3608 corrumpere,
2301 3550 2377 3594 set
2415 3543 2520 3594 vita
2550 3545 2736 3596 comite
2765 3544 2903 3598 malo
2935 3544 3215 3598 clementer
3244 3547 3297 3598 in
3329 3547 3491 3598 omni-

1913 3630 2006 3682 bus
2043 3630 2350 3699 adimplere,
2411 3642 2460 3686 et
2523 3644 2704 3686 vestra:
2753 3635 3058 3688 rationabili
3113 3634 3392 3703 voluntati,
3451 3637 3507 3689 iu

1909 3733 2162 3791 quantum
2189 3722 2354 3787 valeo,
2383 3724 2570 3793 ubique
2593 3726 2828 3778 animum
2851 3727 3118 3780 adhibere.

2053 3813 2262 3866 Taliter
2288 3811 2483 3868 eﬁ'atur
2522 3831 2638 3881 rex,
2661 3825 2716 3869 et
2741 3832 2842 3870 vox
2875 3833 2978 3870 una
3008 3817 3222 3871 levatur

2057 3905 2312 3962 Protinus
2334 3909 2563 3962 astantis
2601 3909 2794 3979 plebis,
2829 3911 3246 3981 regijubilantis

2061 3996 2271 4053 Laudes
2293 4008 2345 4053 et
2368 4009 2548 4068 grates
2575 4017 2738 4072 super
2763 4004 2861 4057 has
2895 4011 2986 4058 tan
3017 4021 3077 4059 as
3109 4006 3374 4076 pietates-

1913 4083 2262 4143 Bernhardus
2305 4090 2469 4158 igitur
2515 4092 2660 4156 dux,
2712 4105 2932 4164 accepta
2975 4097 3026 4149 in
3069 4097 3316 4152 manibus
3343 4111 3500 4152 sacra

1915 4179 2130 4244 lancea,
2162 4196 2230 4234 ex
2270 4191 2427 4251 parte
2457 4183 2699 4238 omnium
2729 4190 2879 4255 regni
2907 4201 3096 4242 curam
3153 4188 3230 4244 illi
3273 4189 3505 4244 ﬁdeliter

1914 4273 2226 4326 committit.

2020 4361 2233 4416 Rursus
2253 4365 2514 4419 tolluntur
2539 4383 2701 4422 voces
2726 4368 3021 4441 laudesque
3051 4383 3320 4430 canuntur

2024 4452 2295 4522 Undique,
2319 4455 2556 4521 Christe,
2590 4460 2744 4514 bonis
2769 4461 2875 4515 hiis
2900 4478 2995 4531 pro
3015 4465 3176 4517 tantis
3203 4467 3298 4521 tibi
3324 4465 3498 4521 donis.

2019 4543 2242 4612 lnsnper
2264 4556 2318 4599 et
2343 4547 2500 4601 (lctus
2521 4550 2749 4603 fundunt
2775 4555 2861 4620 pia
2895 4566 3114 4623 pectora
3147 4556 3304 4624 letos,

2019 4635 2204 4691 lnclita
2236 4638 2400 4694 letare
2423 4641 2724 4714 Mersbnrg,
2753 4645 2857 4700 hiis
2885 4650 3285 4717 congratulare,

2026 4724 2349 4792 Dajubilum
2379 4730 2594 4786 Christo
2626 4735 2956 4803 condignum
2994 4737 3106 4791 sole
3137 4741 3239 4792 sub
3273 4747 3398 4794 Iste.

1916 4814 2082 4869 lstum
2106 4817 2323 4884 inquam
2357 4821 2548 4887 solem,
2573 4822 2624 4875 id
2649 4835 2734 4878 est
2761 4827 2926 4890 diem,
2962 4828 3345 4882 venerabiliter
3368 4828 3507 4888 cole,

1915 4922 2025 4977 quo
2055 4908 2258 4963 electus
2306 4920 2390 4965 est
2425 4912 2476 4967 in
2526 4922 2600 4980 te,
2635 4917 2728 4983 qui
2774 4926 2829 4972 te
2865 4918 3205 4989 repudiatam
3239 4927 3361 4988 post
3394 4919 3516 4972 hzce

1538 4993 1771 5048 VAlH/E
1813 4995 2198 5054 LECTIONES

299 5082 367 5114 ⁸³⁸
403 5083 455 5137 in
485 5085 772 5139 nativitate
803 5084 880 5136 lc.

962 5087 1031 5118 ⁸⁸⁵⁷
1073 5088 1396 5150 longamque
1438 5084 1497 5138 lc
1524 5086 1549 5137 ?
1623 5085 1693 5117 ⁸⁸⁸
1727 5087 2056 5145 hcrimanno
2087 5092 2166 5144 lc.
2197 5093 2267 5125 ⁸⁸⁸³
2306 5095 2379 5148 ita
2405 5096 2468 5149 Α.
2502 5096 2560 5151 S.
2598 5105 2766 5154 snerﬁ
2797 5102 2882 5154 ia.
2909 5100 2967 5153 (ὅ.
2998 5117 3044 5153 e.
3077 5103 3290 5154 snervit
3328 5102 3524 5154 calami
