4042 5300
472 172 602 228 1231

1386 172 1763 229 'l'lllETMABl
1802 169 2107 229 EPISCOPI
2162 168 2783 228 MERSEBURGENSIS

3611 174 3745 231 1292

470 300 684 356 semper
740 284 1028 339 meditatus
1077 290 1162 339 est
1226 283 1528 353 provehere
1575 293 1630 341 et
1690 285 1758 340 ad
1808 286 2045 355 priorem
2079 293 2124 347 Α
2152 292 2293 347 erat,
2340 296 2567 353 regnum
2603 281 3009 337 Liuthariorum
3058 290 3242 351 petere
3281 282 3588 337 contendit.
3637 284 3748 340 κά-

470 386 669 433 statum
696 378 977 433 reducere.
1022 376 1346 432 Benedictus
1368 377 1441 432 sit
1468 378 1628 443 Dens,
1670 377 1763 447 qui
1789 392 1849 432 se
1878 378 2050 432 hono-

468 480 655 525 rantes
675 478 729 524 et
754 485 822 525 ex
847 468 1010 525 corde
1032 468 1315 538 diligentes
1345 470 1552 525 cxaltat
1575 470 1641 523 ad
1671 470 1954 525 horrorem
1999 477 2053 524 et

432 621 443 639 δ
474 561 707 615 dedecus
728 573 786 614 sc
807 559 1203 614 execrantium.
1233 559 1384 614 Finis
1410 563 1559 615 venit
1601 561 1776 617 luctus
1808 562 1902 626 tui,
1924 563 2050 633 quia

471 653 723 708 salutaris
792 661 977 709 auster
1028 653 1259 708 amicam
1315 652 1630 723 temperiem
1680 653 1778 708 tibi
1830 652 2050 708 amavit.

436 778 442 784 -
473 744 591 800 Non
617 745 705 799 diu
739 744 793 799 in
817 745 1080 800 servitute
1111 743 1373 810 manebis,
1405 745 1531 814 quia
1562 745 1629 800 ad
1665 745 2053 800 dominandum

467 837 715 902 libere,o
743 835 907 908 Syon,
963 835 1335 893 renovaberis.
1387 835 1496 891 Sed
1542 835 1774 907 amplius
1823 850 2051 907 progre-

471 929 705 984 diamur.
1720 972 1727 975 -
1806 974 1809 979 ›

545 1014 632 1073 il).
693 1017 893 1074 Omnes
945 1021 1036 1090 qui
1098 1018 1266 1090 priori
1317 1020 1630 1089 imperatori
1693 1020 2048 1087 serviverant,

473 1111 736 1183 Lindgero
772 1113 886 1168 solo
912 1122 1225 1169 remanente
1254 1113 1424 1186 (618),
1462 1115 1573 1184 regi
1607 1130 1801 1170 manus
1828 1115 2052 1185 compli-

470 1212 620 1269 cant,
669 1203 822 1259 ﬁdele
865 1206 1123 1262 annilium
1172 1219 1269 1275 per
1316 1217 1656 1262 sacramenta
1705 1207 2048 1263 confirmant.

473 1290 739 1348 Bolizlaus
801 1304 981 1349 autem
1032 1294 1355 1349 Misnenscm
1417 1297 1608 1352 urbem
1675 1299 2052 1353 tantummodo

469 1382 851 1437 innumerabili
884 1384 1108 1454 pecunia
1158 1386 1439 1456 acquirere
1478 1388 1780 1458 satagebat,
1830 1398 1885 1444 et
1925 1395 2049 1458 quia

469 1475 811 1543 oportunitas
863 1475 1017 1546 regni
1073 1492 1179 1531 non
1232 1486 1367 1541 erat.
1412 1481 1553 1547 apud
1591 1495 1777 1549 regem
1803 1481 2052 1551 cptinere

468 1578 575 1619 non
619 1564 852 1630 valebat,
888 1566 976 1620 vix
1007 1566 1324 1637 impetratis,
1356 1577 1416 1624 ut
1442 1570 1557 1624 lucc
1581 1569 1733 1625 fratri
1764 1586 1863 1626 suo
1901 1571 2051 1626 Gun-

2157 372 2339 427 niente
2359 386 2540 429 autem
2562 388 2626 429 eo
2655 373 2721 432 ad
2758 372 2968 439 urbem,
3014 388 3131 443 qua:
3160 389 3297 430 nova
3328 374 3563 430 Corbeia
3587 390 3748 431 voca-

2155 472 2265 529 tur,
2292 468 2358 518 ab
2386 481 2466 519 ea.
2481 480 2675 522 nomen
2705 465 2914 527 sortita.
2959 466 3099 521 unde
3123 467 3286 536 cepit,
3313 467 3527 523 scilicet
3553 468 3627 522 ab
3657 467 3745 522 illa

2156 554 2490 612 Francorum
2524 557 2837 613 Latinorum
2880 556 3124 621 Corbeia,
3156 559 3245 615 tibi
3291 559 3593 629 requiescit
3618 574 3748 614 san-

2155 653 2279 701 ctus
2319 645 2473 702 Vitns
2521 646 2698 702 infans
2723 656 2779 703 et
2808 649 3019 713 martir,
3056 650 3238 704 inclita
3271 649 3626 722 Cnnegundis
3647 667 3745 707 sua

2155 736 2349 806 conjux
2373 738 2422 792 ei
2451 739 2721 809 occurrit;
2770 739 2859 794 ubi
2909 741 3071 797 ambo
3118 759 3148 796 a
3203 743 3504 799 venerabili
3544 744 3748 800 abbate

2155 825 2467 884 Tbietmaro
2500 830 2569 862 ⁹⁰⁷
2598 829 2745 902 (621)
2774 846 2898 886 cum
2923 834 3066 888 omni
3098 834 3301 890 honore
3340 836 3745 907 suscipiuntur,

2116 932 2117 935 ‘
2153 918 2295 973 etibi
2320 919 2513 975 divinis
2534 922 2853 978 etl'inmanis
2877 923 3143 988 honorati,
3172 925 3238 979 ad
3276 925 3743 983 Patherbrunnon

2153 1011 2248 1066 leti
2276 1012 2692 1083 proficiscuntur
2739 1016 2914 1087 (622).
2960 1016 3183 1074 Postera
3212 1018 3356 1082 lucc.
3382 1036 3509 1091 quae
3537 1024 3746 1077 mundo

2153 1104 2346 1161 festiva
2396 1107 2572 1162 illuxit
2619 1109 2765 1164 beati
2806 1109 3084 1166 Laurentii
3142 1114 3390 1169 ntartirio
3434 1112 3601 1187 (Aug.
3628 1115 3741 1185 10),

2154 1196 2349 1253 domna
2394 1198 2738 1270 Cunegundis
2776 1201 3204 1259 benedictionem
3244 1213 3300 1261 et
3346 1221 3635 1272 coronam,
3688 1217 3745 1261 et

2156 1287 2355 1360 Sophia
2386 1308 2542 1349 soror
2583 1294 2931 1364 imperatoris
2954 1312 2985 1350 a
3014 1312 3142 1368 rege
3165 1290 3277 1367 jam
3303 1301 3601 1355 constituta
3655 1301 3745 1356 ab.

2153 1380 2356 1437 batissa
2385 1383 2558 1454 (623),
2588 1387 3049 1442 consecrationem
3077 1406 3105 1443 a
3127 1389 3395 1461 Willigiso
3422 1391 3494 1423 ’⁸³³
3522 1392 3743 1448 archie-

2153 1470 2371 1541 piscopo
2399 1473 2675 1530 humiliter
2697 1488 3074 1547 susceperunt.
3122 1478 3403 1535 Pullicum
3456 1481 3587 1538 inde
3614 1497 3743 1537 con—

2153 1556 2324 1633 surgit
2355 1565 2628 1634 gaudium,
2652 1567 2816 1635 quod,
2862 1582 2961 1638 pro
2992 1571 3192 1637 pudor!
3224 1572 3516 1627 admodum
3551 1574 3742 1629 turba-

464 1654 642 1710 eelino
669 1654 829 1728 (619)·
848 1656 1090 1721 daretur,
1150 1659 1372 1715 redditis
1418 1661 1520 1716 sibi
1563 1660 1773 1716 Liudizi
1799 1671 1854 1718 et
1880 1662 2046 1717 Milti-
2084 1656 2124 1715 Β
2153 1651 2233 1705 Vit
2276 1652 2601 1710 insatiabilis
2648 1658 2874 1712 avaritia
2916 1658 3306 1716 Bawariorum.
3364 1663 3453 1718 llii
3498 1681 3741 1737 namque

468 1746 606 1800 zieni
659 1748 983 1817 regionibus.
1045 1749 1198 1805 llunc
1258 1750 1547 1809 lleinricus
1606 1768 1810 1820 comes,
1882 1770 2050 1825 nepos

474 1854 647 1903 mens,
679 1840 872 1910 oppido
907 1841 1154 1910 diligens,
1182 1858 1525 1915 quocumque
1573 1847 1733 1902 modo
1778 1848 1953 1918 potuit
1982 1847 2048 1901 li-

462 1928 660 1986 benter
682 1940 733 1985 et
763 1932 1123 1988 amicabilitcr
1164 1949 1288 1988 eum
1338 1934 1649 2002 adjuvabat.
1702 1936 1873 2004 Quem
1925 1953 2047 1992 cum

462 2021 600 2077 bene
642 2034 983 2078 muneratam
1037 2035 1094 2079 et
1144 2040 1264 2078 cum
1315 2025 1536 2081 licentia
1565 2026 1707 2096 regis
1757 2029 2047 2081 abeuntem

464 2114 838 2180 comitaretur,
869 2124 1281 2170 concurrentem
1312 2116 1446 2170 vidit
1485 2127 1753 2171 armatam
1806 2117 2050 2170 multitu-

464 2206 670 2272 dinem,
697 2215 771 2271 et,
805 2223 901 2278 per
924 2208 1093 2267 Deum
1117 2215 1308 2275 testor,
1343 2208 1549 2278 absque
1575 2211 1718 2279 regis
1738 2210 1966 2264 consilio
1994 2217 2048 2263 et

463 2298 801 2354 conscientia
843 2298 1100 2354 adversus
1129 2314 1189 2353 se
1218 2299 1609 2370 insurgentem.
1641 2298 1889 2365 Quicum
1921 2315 2048 2355 can-

467 2405 583 2444 sam
632 2391 764 2445 tanti
824 2391 1083 2446 tunmltus
1128 2392 1471 2461 investigare,
1503 2400 1579 2457 et,
1610 2406 1678 2447 ne
1714 2391 1834 2461 plus
1866 2391 2047 2447 damni

464 2477 729 2545 orirerur,
768 2478 1029 2533 voluisset
1053 2492 1419 2547 compescere.
1446 2478 1536 2533 vix
1579 2491 1803 2534 securus
1840 2479 2047 2534 socium

469 2571 641 2625 fracta
674 2568 931 2624 exteriori
964 2578 1120 2639 porta
1143 2569 1343 2623 educit.
1376 2567 1449 2629 De
1476 2569 1828 2638 sequentibus
1864 2579 2047 2624 autem

465 2661 728 2717 militibus
761 2660 1002 2716 nonnulli
1035 2677 1065 2715 a
1088 2660 1465 2729 comprimenti
1500 2659 1654 2714 turba
1681 2671 1808 2715 sunt
1837 2660 2046 2730 predati

464 2751 685 2821 quidam
712 2761 894 2806 autem
916 2752 1205 2806 admodum
1222 2750 1469 2812 sanciati,
1490 2760 1721 2805 mortem
1747 2750 2046 2805 Bernliardi

464 2845 618 2899 ducis
653 2843 858 2897 auxilio
888 2850 1202 2897 evaserunt.
1236 2841 1297 2895 Hi
1331 2857 1564 2910 namque
1601 2842 1808 2896 curiam
1842 2841 2044 2909 regiam

461 2934 657 2989 armati
711 2933 997 2997 intrantes,
1052 2942 1109 2987 et
1163 2932 1229 2986 de
1283 2932 1388 2986 hac
1420 2933 1570 2986 exire
1607 2931 1746 2999 jnssi
1782 2932 2044 2994 nolentes,

2150 1746 2337 1811 pauc's
2359 1746 2499 1800 domi
2532 1763 2748 1819 semper
2798 1753 3056 1819 contenti,
3104 1755 3345 1809 exterius
3387 1770 3523 1811 vero
3574 1775 3741 1829 prope

2151 1835 2311 1891 modo
2359 1837 2719 1902 insaciabiles,
2748 1855 2872 1895 cum
2914 1841 3213 1898 vicinorum
3247 1844 3429 1916 fruges
3454 1847 3508 1902 vi
3538 1845 3743 1920 diripe-

2151 1936 2294 1992 rent,
2323 1944 2524 2000 eosque
2571 1930 2674 1986 hoc
2722 1930 3071 1990 defendentes
3110 1936 3495 2003 "’caederent,
3555 1957 3738 2012 pugna

2151 2018 2469 2087 gravissima
2519 2019 2749 2075 invicem
2795 2025 2972 2078 oritur
3022 2024 3193 2096 (624).
3236 2026 3533 2084 Domestici
3592 2033 3739 2102 regis

2149 2110 2459 2176 exeunt”,
2511 2112 2779 2181 indigena:
2825 2130 2948 2169 cum
2981 2117 3295 2173 adventitiis
3335 2121 3741 2189 preveniuntct

2150 2199 2573 2270 subsequuntur.
2625 2203 2712 2258 Fit
2769 2220 2997 2275 magnus
3043 2207 3326 2264 conﬂictus
3372 2210 3737 2281 congredien-

2152 2287 2305 2355 tium,
2330 2292 2709 2361 deﬂetumque
2758 2309 2951 2365 agmen
2999 2296 3366 2352 Bawariorum
3410 2299 3462 2353 in
3498 2301 3736 2370 regalem

2149 2395 2356 2440 curtem
2388 2383 2542 2455 fugit.
2576 2385 2675 2441 llic
2719 2383 3025 2453 lle'nricus,
3065 2387 3233 2445 frater
3272 2390 3497 2446 Eilberti
3523 2392 3739 2447 cancel-

2149 2473 2267 2529 larii
2296 2475 2479 2545 (625).
2508 2476 2599 2546 qui
2644 2476 2710 2531 ad
2750 2493 2992 2534 mensam
3032 2482 3144 2552 regi
3176 2480 3382 2552 jugiter
3433 2484 3738 2550 serviebat,

2150 2565 2303 2620 hasta
2357 2564 2671 2622 vulneratus
2702 2570 2979 2624 occubuit.
3021 2570 3397 2644 Quapropter,
3434 2576 3531 2646 qui
3589 2576 3740 2646 prius

2150 2657 2397 2722 aberant,
2445 2656 2654 2715 collecti
2687 2661 2929 2716 Saxones
2977 2662 3170 2718 iterum
3216 2665 3561 2732 insecuntur,
3592 2680 3649 2723 et
3684 2673 3734 2723 ni

2150 2748 2256 2808 dux
2286 2747 2630 2803 Bernhardns
2656 2764 2777 2805 cum
2805 2751 3048 2806 validiori
3075 2769 3233 2809 manu
3258 2757 3472 2812 medius
3501 2758 3738 2815 interve-

2151 2840 2315 2903 niret,
2370 2855 2630 2895 numerus
2678 2842 2911 2896 militum
2961 2842 3202 2901 inﬁnitus
3258 2858 3448 2903 mutuo
3494 2852 3735 2905 caderet.

2150 2930 2275 2985 Post
2332 2931 2446 2986 haec
2485 2938 2667 2987 autem
2714 2933 2963 3004 caSIigati
3003 2945 3129 2991 sunt
3158 2917 3370 3006 omnes,
3402 2939 3737 3012 quicumque

464 3024 621 3094 culpa
673 3038 772 3079 sua
824 3025 932 3079 tale
959 3023 1252 3093 periculum
1285 3023 1481 3079 merito
1508 3024 1905 3079 susduuerunt.
1936 3024 2044 3078 Bo-
2073 3026 2119 3088 (ζ
2152 3019 2381 3076 inveniri
2414 3029 2665 3090 poterant
2710 3023 2840 3076 tanti
2871 3023 3095 3081 sceleris
3132 3038 3405 3083 auctores.
3442 3029 3738 3088 Mestitiam

461 3115 654 3170 lizlaus
703 3125 882 3171 autem
936 3117 1038 3171 hoc
1102 3115 1305 3171 factum
1340 3130 1461 3171 esse
1491 3116 1615 3171 dolo
1661 3116 1785 3171 mali
1831 3118 2043 3173 consilii

464 3213 776 3268 autumans,
811 3205 962 3276 gravi
1013 3219 1226 3261 merore
1289 3206 1648 3271 consumitur,
1707 3208 1840 3278 regi,
1902 3207 2048 3278 quod

464 3311 569 3352 non
624 3298 955 3367 promeruit,
1002 3295 1338 3367 impntando.
1392 3296 1635 3353 Salutate
1685 3313 1815 3370 ergo
1879 3299 2045 3354 Hein-

461 3387 580 3442 rico
601 3386 773 3460 (6:20),
805 3397 860 3445 et
883 3388 930 3443 si
958 3403 1210 3457 umquam
1237 3387 1503 3458 indigeret
1525 3390 1726 3444 auxilio
1751 3406 1848 3445 suo
1872 3390 2046 3447 firmia

460 3485 547 3533 ter
569 3478 856 3550 promisso,
882 3478 1112 3548 patriam
1131 3478 1385 3533 celeriter
1408 3481 1623 3547 revisit.
1645 3482 1889 3553 Cumque
1917 3499 2042 3553 per-

462 3570 699 3626 venisset
724 3573 791 3626 ad
819 3567 1051 3626 Strelam
1076 3570 1285 3633 urbem,
1309 3573 1558 3641 protinus
1578 3589 1696 3627 eam
1723 3574 2039 3643 incendens,

463 3676 716 3731 magnam
748 3659 1173 3715 multitudinem
1241 3660 1811 3732 comprovincialium'
1859 3676 2043 3721 secum

464 3752 709 3817 abduxit,
732 3752 969 3806 .nuncios
993 3765 1207 3821 quoque
1256 3755 1518 3820 quosdam
1553 3755 1857 3821 remittens,
1883 3770 2049 3825 quos-

461 3857 695 3913 cumque
744 3842 917 3912 potuit
956 3842 1067 3913 regi
1097 3850 1343 3896 avertere
1390 3843 1686 3897 contendit.
1721 3842 1873 3910 Quod
1918 3862 2046 3901 mox

463 3934 530 3989 ad
553 3948 716 3989 aures
745 3933 888 4004 regis
937 3941 1228 4003 postquam
1271 3932 1537 4001 pervenit,
1577 3944 1703 3987 suos
1744 3934 2046 3992 familiares

461 4024 749 4080 caritative
802 4024 1031 4095 rogavit,
1063 4022 1409 4077 utarcltanas
1440 4022 1618 4078 Sclavi
1654 4024 1879 4081 insidias
1914 4040 2030 4095 per-

465 4117 764 4184 quirerent,
786 4124 843 4171 et
862 4115 907 4170 si
931 4114 1044 4170 fieri
1073 4123 1287 4184 posset,
1311 4114 1680 4186 exploratores
1706 4117 1822 4186 ejus
1848 4134 2044 4189 capere

463 4212 814 4272 temptarent.

537 4292 623 4349 11.
654 4293 939 4363 Dispositis
968 4293 1150 4366 itaque
1189 4293 1458 4360 omnibus,
1484 4304 1643 4365 prout
1665 4305 1879 4368 tempus
1914 4306 2042 4353 tunc

2150 3111 2395 3180 prtesnlis
2436 3124 2620 3180 postea
2646 3112 2880 3183 placavit
2920 3113 3340 3173 Bockenevordc
3364 3117 3517 3191 (626)
3556 3138 3588 3175 a
3616 3138 3738 3194 rege

2149 3200 2368 3256 tradita.

2218 3294 2307 3348 12.
2339 3293 2454 3349 Rex
2511 3304 2691 3352 autem
2733 3299 2885 3353 recto
2932 3298 3127 3356 itinere
3169 3299 3297 3358 hinc
3349 3303 3418 3358 ad
3462 3305 3739 3378 Diusburg

2145 3386 2467 3454 perveniens
2512 3384 2670 3459 (Aug.
2703 3389 2887 3461 med.),
2938 3387 3346 3449 Lintbarienses
3375 3410 3545 3464 quam
3587 3400 3741 3455 tarde

2146 3481 2474 3544 exspectat.‘
2511 3473 2859 3537 Leodjcensis
2912 3495 3039 3536 vero
3068 3493 3123 3537 et
3153 3480 3574 3543 Cameracensis
3623 3505 3740 3558 pre-

2149 3566 2293 3622 sules
2341 3566 2501 3635 primi
2555 3569 2660 3624 huc
2718 3571 3017 3637 venientes,
3060 3575 3536 3647 areliiepiscOpum
3573 3579 3735 3636 Colo-

2146 3657 2387 3712 niensem
2414 3656 2504 3717 diu
2535 3671 2836 3717 morantem
2854 3674 3193 3734 exspectant.
3226 3665 3397 3733 Quem
3422 3684 3551 3724 cum
3577 3669 3739 3728 altius

2146 3764 2307 3819 quam
2339 3752 2626 3820 quiSquam
2674 3754 2944 3821 crederet,
2995 3758 3263 3822 enatodia,
3294 3773 3399 3829 qua
3430 3763 3737 3831 paululum,

2146 3842 2285 3897 sicut
2318 3841 2431 3911 jam
2474 3845 2611 3911 dini,
2642 3846 3003 3912 detinebatnr,
3036 3851 3086 3905 in
3119 3852 3314 3907 tuentis
3348 3866 3569 3911 secreto
3594 3873 3736 3913 mct-

2146 3932 2317 4001 deret,
2353 3935 2642 3992 simulabat
2680 3954 2738 3993 se
2762 3938 2831 3993 ob
2854 3941 2955 3995 hoc
2991 3949 3099 3995 tam
3145 3957 3267 3998 sero
3320 3944 3387 3998 ad
3435 3948 3583 4017 regis
3612 3964 3733 4018 grai

2148 4024 2278 4080 tiam
2337 4030 2656 4096 accessisse,
2705 4033 2853 4101 quot
2902 4034 2956 4087 in
3009 4035 3319 4106 accipienda
3350 4038 3735 4096 benedictione

2147 4115 2515 4187 Moguntinum
2550 4121 2650 4176 sibi
2690 4137 2783 4178 rex
2818 4123 3075 4179 voluisset
3104 4138 3425 4196 preponere.
3460 4129 3635 4198 Igitur
3658 4132 3734 4188 hii

2147 4209 2470 4277 confratres,
2495 4212 2731 4283 episcopi
2753 4216 2979 4280 scilicet,
3004 4231 3184 4286 regem
3209 4218 3417 4288 pariter
3442 4221 3732 4292 eligentes,

2153 4299 2420 4373 fidemque
2459 4307 2819 4364 sacramentis
2876 4308 3159 4365 firmantes
3201 4324 3373 4381 usque
3421 4312 3494 4368 ad
3535 4313 3733 4384 Aquis-

1737 4472 1971 4534 VARIAZ
2018 4476 2421 4537 LECTIONES.

535 4611 604 4644 "7
638 4611 711 4665 ita
736 4609 799 4666 Λ.
835 4608 893 4666 S.
938 4611 1231 4667 thoitmaro
1255 4609 1309 4667 2.
1384 4612 1456 4645 ’⁸⁸
1486 4613 1775 4688 Willigisio
1800 4615 1856 4673 2.
1933 4618 2004 4651 ⁹⁰⁹
2033 4623 2383 4691 prohibentes
2403 4625 2468 4681 Α.
2494 4626 2556 4681 S.
2632 4627 2701 4658 ⁸⁸⁸
2729 4626 3121 4698 superveniunt
3150 4628 3212 4683 Α.
3241 4626 3298 4683 S.

1967 4773 2190 4830 NOTJE.

560 4876 682 4948 618)
708 4877 772 4933 V.
805 4892 966 4947 supra
996 4894 1114 4949 cap.
1140 4878 1196 4933 2.

563 4950 685 5016 619)
719 4949 910 5003 Frater
940 4947 1148 5004 videtur
1187 4948 1353 5004 fuisse
1376 4947 1637 5005 Boleslavi
1670 4952 1935 5008 nterinus.

539 5018 687 5079 (620)
721 5018 812 5072 Sc.
854 5020 1113 5073 comites.
1143 5020 1456 5074 marehione
1481 5020 1757 5075 Bawariae.

506 5086 893 5180 .ttisltelrsor
917 5088 1005 5142 ιιίο
1022 5090 2042 5216 339?}!!!_armis“S.-..,$,t"'$,$;:},{ﬂ}:

472 5166 534 5182 ,κ
588 5166 811 5178 ;_..-,_--
856 5166 893 5175 -γ
1022 5166 1335 5184 “mnu-w-
1567 5166 1678 5198 '--nn
1734 5166 1916 5215 omnia
1973 5166 2040 5218 de

2154 4889 2214 4943 V.
2230 4903 2461 4965 ‘qnoque
2483 4892 2728 4965 chartam
2753 4890 2990 4965 Heinrici
3021 4891 3161 4960 regis
3188 4889 3446 4965 deJOOS,
3470 4892 3610 4965 Aug.
3634 4894 3725 4950 21.

2221 4959 2385 5029 (622)
2409 4959 2566 5017 Corif.
2586 4963 2728 5016 Ann.
2759 4961 3067 5029 Qucdlin.t.,
3088 4959 3145 5017 7a.
3183 4959 3339 5016 N02.

2219 5031 2366 5100 (625)
2392 5031 2545 5085 Cnnf.
2568 5033 2696 5085 ibid.

2216 5098 2364 5170 (624)
2398 5099 2527 5156 Vide
2560 5102 2691 5157 ibid.

2173 5238 2186 5249 _
2216 5169 2363 5241 (625)
2396 5170 2496 5237 Qui
2526 5180 2711 5242 postea
2763 5170 2940 5227 factus
2965 5181 3051 5227 est
3078 5173 3360 5245 episcopus
3400 5173 3725 5244 Frisingen-
