4042 5300
204 173 343 232 1295

1455 173 1870 234 CllRONlCON.
1913 205 1981 216 -
2019 175 2148 231 LIB.
2193 171 2260 234 Υ.

3325 179 3464 237 1294

197 291 346 363 grani
375 290 604 346 eundem
635 292 980 347 comitantur.
1025 292 1145 359 Quo
1173 292 1226 348 in
1255 292 1537 346 nativitate
1573 302 1775 346 sanet-.0
1806 294 1852 348 Α
1883 289 2141 357 precipue
2189 289 2331 342 inter
2369 302 2561 343 omnes
2613 296 2842 342 amaret.
2897 289 3069 357 Quem
3110 291 3463 364 ilatisponam
3523 346 3530 355 .

194 381 375 436 Maria:
402 383 606 451 (Scptb.
653 384 708 446 8)
738 401 767 436 a
801 385 1124 453 primatilms
1167 385 1574 439 Liutbariorum
1607 386 1657 439 iu
1690 399 1773 438 rev

195 491 316 546 gem
340 475 700 540 collaudatur,
725 486 782 532 et
823 479 873 530 in
901 481 1083 533 sedem
1111 479 1312 548 regiam
1347 494 1496 532 more
1527 489 1776 532 anteces—

195 584 377 623 sorum
416 585 641 624 suorum
691 572 966 625 exaltatur
1007 582 1060 625 et
1112 572 1509 642 tnagnilieatur.
1555 572 1774 625 Interim

191 663 479 719 Franciam
515 664 752 718 revisere
795 664 1242 734 insistentemque
1269 665 1477 736 byemis
1511 665 1777 732 asperita-

195 762 299 808 tem
365 755 562 809 ibizlem
621 756 915 823 perducere
946 767 1195 817 conatur,
1252 765 1308 809 ut
1357 772 1482 811 vere
1539 756 1775 824 primum

193 858 405 912 exorto,
433 847 818 904 llet‘imannum
849 848 1040 904 ducent
1089 851 1141 902 in
1183 849 1476 919 Cisalpinis
1527 848 1777 920 partibus

194 939 292 994 sibi
344 939 516 993 solum
552 939 895 993 resistentem
944 941 996 993 vi
1055 948 1276 1008 cogeret
1315 939 1529 992 cedere.
1587 939 1778 1004 Quide

192 1029 426 1083 vindicta
458 1030 574 1091 Dei,
609 1044 769 1097 quam
795 1030 846 1083 in
873 1030 1166 1096 Argentiua
1191 1030 1512 1098 promeruit,
1547 1031 1777 1084 multum

198 1119 440 1181 timidus,
485 1118 848 1187 populumque
892 1129 1112 1188 propter
1167 1135 1225 1173 se
1283 1119 1620 1173 laborantem
1672 1136 1779 1173 non

193 1211 426 1281 amplius
453 1213 746 1272 sustinens,
772 1226 869 1278 per
915 1211 1306 1263 intercessores
1343 1211 1480 1264 fidos
1509 1210 1612 1264 sibi
1634 1211 1779 1265 suis-

191 1317 298 1372 que
329 1302 632 1356 ianitoribus
675 1301 816 1370 regis
842 1303 1073 1370 gratiam
1107 1302 1362 1370 postulat.

265 1396 353 1450 l3.
387 1398 492 1450 Sed
541 1404 830 1462 antequam
878 1393 930 1446 id
983 1394 1051 1448 ab
1101 1409 1168 1447 eo
1221 1393 1583 1448 deliberatum
1614 1402 1778 1458 esset,

193 1488 440 1558 quaedam
497 1503 582 1542 res
627 1487 696 1541 ab
721 1485 1035 1542 Alamannis
1075 1495 1383 1555 perpetrata
1425 1495 1530 1547 est,
1564 1502 1592 1537 a
1627 1485 1783 1540 nobis

190 1593 302 1632 non
335 1577 716 1647 pretereunda.
756 1576 1090 1638 Gcrbardus,
1141 1593 1322 1630 eomes
1371 1576 1778 1644 Alsati:e(6:27),

1876 381 2182 434 venientem
2221 379 2577 436 Gebebardus
2605 422 2619 444 ,
2662 381 2904 449 ejus-lem
2947 385 3127 452 presul
3168 392 3420 457 egregius
3447 434 3462 455 ,

1877 486 2001 525 curn
2032 471 2164 524 cieri
2203 472 2482 540 totiusque
2509 473 2687 540 populi
2723 474 2956 542 tripudio
2986 478 3250 544 suscepit,
3289 479 3470 548 ibique

1879 560 2075 614 festum
2103 563 2280 616 sancti
2320 563 2535 617 Martini
2577 565 2940 620 celebrantem
2979 567 3032 621 in
3074 570 3257 624 multis
3292 572 3462 627 bono-

1882 654 2031 708 t‘ilica
2041 655 2136 709 vit.

1955 746 2042 799 i5.
2083 747 2301 801 Interim
2332 748 2719 806 Bobemiorum
2748 753 2856 807 dux
2883 755 3180 822 Bulizlaus,
3212 759 3335 828 quia
3372 775 3468 829 po.

1883 845 2053 892 testas
2096 842 2366 894 consortis
2407 853 2462 895 et
2511 848 2847 899 successoris
2891 857 2976 902 est
3021 864 3235 918 semper
3276 852 3467 919 pavida

1884 929 2208 1000 (Lec.t1v.t,
2239 931 2376 999 92),
2419 931 2744 987 Jaremirnm
2797 936 3019 990 fratrem
3065 941 3466 1005 enmicbizaus,

1874 1019 2262 1092 junioremque
2297 1024 2636 1079 Otlielrieum
2669 1027 2738 1059 ³¹²
2773 1026 2825 1080 in
2861 1030 3047 1082 tcrmis
3078 1029 3343 1086 suffocare
3372 1051 3470 1087 cu.

1881 1113 2066 1182 piens,
2102 1130 2205 1166 una
2237 1132 2357 1168 cum
2393 1124 2565 1169 matre
2594 1117 2810 1170 eosdem
2837 1119 3006 1183 patria
3037 1122 3262 1188 expulit,
3294 1123 3472 1179 solus-

1889 1220 1997 1272 que
2031 1205 2147 1258 vice
2192 1205 2431 1258 basilisci
2467 1207 2614 1260 noxii
2649 1223 2909 1274 regnans,
2943 1211 3192 1278 populum
3224 1213 3471 1270 ineffabi-

1883 1297 2010 1350 liter
2039 1297 2385 1351 constrinxit.
2422 1297 2521 1362 Qui
2555 1301 2764 1368 pondus
2797 1300 2930 1354 illati
2972 1304 3230 1358 facinoris
3261 1307 3469 1363 diutius

1884 1388 2029 1443 ferre
2065 1405 2172 1442 non
2219 1388 2435 1451 valens,
2475 1389 2868 1445 Wlodoweium
2890 1433 2904 1455 ,
2937 1395 3026 1462 qui
3057 1406 3287 1463 potestas
3318 1415 3472 1453 exer-

1885 1481 2022 1533 citus
2063 1481 2479 1549 interpretatur,
2515 1498 2544 1534 a
2580 1482 2799 1537 i’olenia
2846 1484 2983 1537 clam
3031 1503 3234 1542 vocans
3259 1530 3272 1553 ,
3325 1493 3470 1560 aspi-

1889 1572 2013 1625 dem
2065 1582 2423 1637 venenatam,
2473 1575 2677 1643 absque
2724 1577 2872 1630 omni
2925 1578 3058 1647 legis
3099 1581 3300 1649 pietate
3344 1599 3474 1640 suos

189 1680 420 1740 accepto
475 1688 505 1723 a
549 1684 672 1736 rege
694 1669 928 1738 quodam
956 1669 1214 1722 comitatu
1241 1668 1433 1735 prefati
1460 1667 1633 1729 ducis,
1658 1684 1780 1720 cum
1813 1642 1858 1702 Β
1891 1674 2246 1728 tractantem,
2291 1666 2435 1719 bunc
2478 1666 2530 1720 in
2573 1669 2754 1721 sedem
2802 1670 3010 1724 basilici
3058 1673 3230 1739 illius,
3285 1675 3336 1729 id
3385 1687 3472 1730 est

190 1763 414 1816 domum
452 1762 674 1821 rediret,
710 1758 864 1825 juxta
916 1775 1076 1812 unam
1099 1758 1310 1810 urbium
1343 1767 1521 1811 castra
1550 1766 1783 1810 metatus

189 1863 296 1907 est.
326 1852 371 1905 Α
401 1867 509 1921 quo
539 1849 729 1904 urbani
774 1864 959 1918 pacem
1011 1849 1102 1902 vix
1151 1866 1312 1902 uuam
1365 1859 1575 1903 noctem
1615 1850 1782 1918 impe-

194 1953 428 2004 trantes,
487 1942 688 2012 egressi
738 1951 864 1995 sunt
891 1941 1078 1996 dolose
1119 1941 1275 2011 quasi
1327 1943 1393 1995 ad
1427 1941 1780 2011 colloquium,

191 2034 292 2087 sed
333 2049 519 2088 revera
549 2035 614 2085 ad
655 2025 1072 2101 explorandum.
1134 2033 1175 2086 E
1214 2033 1412 2102 quibus
1449 2049 1590 2087 unus
1632 2035 1784 2088 calli-

192 2127 368 2181 ditate
410 2142 548 2196 eque
591 2143 655 2180 ac
700 2126 985 2180 velocitate
1020 2141 1243 2196 persepe
1285 2127 1542 2194 probatus
1568 2127 1785 2196 propius

193 2219 456 2283 accessit,
506 2219 931 2287 signiferamque
981 2219 1259 2281 lanceam,
1307 2234 1411 2288 qua
1462 2219 1784 2274 beneficium

194 2309 353 2364 (lueis
384 2326 564 2364 comes
594 2312 732 2365 idem
759 2321 1046 2380 acceperat
1077 2328 1106 2364 a
1153 2326 1298 2378 rege,
1324 2328 1508 2366 coram
1554 2312 1787 2365 tentorio

196 2400 318 2468 ejus
338 2401 573 2469 aﬂixam,
607 2403 865 2456 elevando
894 2404 1303 2472 circumspexit,
1330 2404 1395 2456 ad
1429 2402 1788 2470 ultimumque

196 2511 327 2550 cum
368 2512 432 2549 ea
479 2496 664 2550 urbem
722 2511 981 2559 securus,
1040 2497 1250 2551 cunctis
1316 2497 1582 2549 incassun
1649 2511 1788 2564 puue

195 2587 274 2623 ’“
323 2589 704 2658 sequentibus,
759 2589 1000 2642 intravit.
1055 2588 1112 2643 lu
1162 2590 1296 2644 urbe
1348 2606 1472 2644 mox
1527 2589 1787 2644 exultatio

198 2699 400 2752 magna
427 2683 726 2745 extollitur,
765 2692 918 2752 porta
966 2681 1253 2744 clauditur,
1305 2698 1488 2736 comes
1512 2684 1664 2751 quasi
1694 2683 1788 2736 ba-

201 2789 343 2829 nore
372 2775 612 2844 privatus
641 2775 918 2828 irridetur.
945 2775 1046 2842 Qui
1073 2775 1301 2828 eandem
1338 2777 1512 2844 primo
1540 2775 1789 2830 duleibtts

199 2865 492 2935 promissis
532 2866 726 2919 frusira
753 2876 1022 2935 temp'ans
1051 2866 1312 2935 recipere,
1336 2868 1428 2920 sed
1457 2866 1563 2920 illis
1593 2882 1792 2935 negan-

203 2958 354 3012 tibus
381 2959 673 3025 redditum,
707 2959 877 3013 tristis
911 2959 1064 3024 abiit,
1093 2968 1201 3012 tam
1231 2975 1434 3014 vacuus
1465 2974 1495 3012 a
1525 2959 1789 3014 beneficio
1819 2998 1865 3062 ϐ

200 3069 371 3123 quam
399 3070 426 3107 a
462 3054 680 3108 militari
703 3054 878 3124 signo.

279 3145 372 3199 Η.
413 3146 584 3200 Fuere
621 3147 670 3199 in
711 3145 814 3200 alia
850 3147 1073 3202 civitate
1112 3147 1506 3211 munitissima,
1561 3148 1787 3203 Brizacli

199 3235 380 3297 dicta,
411 3235 646 3305 ep’seopi
683 3237 816 3296 duo,
849 3237 1256 3306 Argeutinensis
1285 3247 1337 3291 et
1377 3237 1692 3292 Bisiliensis
1725 3239 1792 3291 ad

201 3329 546 3399 presidium,
590 3345 821 3398 quorum
869 3329 1038 3382 milite
1084 3331 1309 3384 cottidie
1356 3333 1425 3385 ob
1465 3331 1792 3400 acquirenda

199 3435 473 3486 equorum
503 3419 697 3486 pabula
730 3420 925 3473 armati
959 3421 1111 3474 exire
1141 3421 1410 3474 solebant.
1445 3420 1597 3486 Quod
1631 3421 1790 3474 amiri

201 3511 368 3566 ducis
415 3522 572 3566 caute
623 3507 1061 3573 con'siderantes,
1121 3527 1184 3566 eo
1238 3522 1504 3581 tempore,
1562 3527 1670 3581 quo
1721 3512 1794 3565 bii

204 3602 494 3673 paululum
529 3611 934 3672 precesscrant,
968 3603 1130 3656 simili
1173 3603 1358 3656 habitu
1400 3603 1795 3672 sareinatisrpic

202 3693 370 3760 equis
407 3692 474 3745 ad
509 3693 700 3746 urbem
732 3701 1020 3748 cantantes
1052 3700 1321 3762 pergunt,
1355 3702 1408 3745 et
1438 3707 1535 3760 pro
1567 3693 1733 3746 sociis
1768 3709 1798 3747 a

202 3786 534 3840 custodibus
569 3785 1025 3840 intromittuntur.
1062 3785 1325 3854 Projectis
1354 3784 1477 3839 ilico
1515 3786 1794 3850 oneribus,

205 3895 408 3949 magna
461 3895 592 3935 voce
647 3896 706 3936 se
758 3882 941 3936 hostes
993 3881 1378 3945 manifestam,
1426 3881 1799 3950 episcopisque

201 3970 303 4024 vix
337 3970 567 4040 elapsis,
602 3973 782 4026 omnia
813 3973 1092 4040 diripiunt.
1128 3972 1256 4026 Post
1286 3974 1398 4026 bace
1432 3971 1799 4028 llerimannus

202 4063 360 4128 dux,
405 4065 598 4118 matris
639 4080 770 4118 mea:
807 4065 1054 4117 avunculi
1095 4064 1270 4128 filius,
1311 4065 1527 4128 divina,
1573 4073 1631 4117 ut
1670 4080 1796 4134 pre-

203 4155 324 4210 dixi
344 4197 361 4219 ,
390 4158 805 4224 compunctione
831 4156 1082 4210 Kalendis
1105 4156 1356 4211 Octobris
1388 4157 1623 4211 Bruselze
1651 4157 1797 4226 (0:28)

201 4250 328 4318 regi
364 4249 644 4302 humiliter
676 4257 1039 4319 prcsentatur.
1078 4247 1500 4301 Miserieorditcr
1526 4246 1644 4314 ejus
1678 4263 1800 4316 gra-

1887 1753 2170 1817 Bolizlavi,
2205 1753 2415 1822 dejecto
2447 1772 2533 1821 eo,
2565 1760 3056 1825 consanguinitatis
3090 1763 3227 1817 linea
3265 1777 3318 1818 et
3357 1766 3472 1835 pie-

1889 1846 2017 1900 latis
2057 1845 2252 1900 affectu
2298 1848 2628 1902 unanimiter
2655 1851 2882 1904 electum
2917 1854 3222 1908 collocavit.
3261 1857 3334 1910 De
3367 1874 3476 1928 quo

1891 1950 2004 1988 rem
2040 1952 2204 1988 unam
2238 1937 2608 1990 incredibilem
2643 1940 2797 2002 dico,
2833 1943 2929 1995 sed
2965 1959 3069 1996 non
3114 1945 3274 1999 alicui
3320 1950 3470 2001 ebri-

1886 2025 2063 2078 stiano
2110 2025 2462 2090 imitabilem,
2513 2028 2657 2097 quod
2710 2030 2796 2084 bic
2841 2047 3133 2101 numquam
3183 2036 3300 2090 sine
3345 2048 3472 2106 potu

1894 2130 2056 2168 unam
2105 2115 2296 2169 boram
2353 2120 2652 2186 perdurare
2702 2121 2951 2176 valuerit.
3007 2127 3112 2179 Sed
3164 2126 3430 2182 BoLzlaus
3461 2171 3474 2194 ,

1893 2222 2013 2274 gnte
2046 2207 2156 2261 sola
2192 2210 2275 2262 via
2309 2209 2448 2278 fugte
2488 2216 2692 2280 patuit,
2739 2215 2804 2266 ad
2848 2214 3158 2271 lieinricum
3203 2223 3475 2278 marebio-

1888 2311 2044 2362 nem,
2071 2299 2160 2368 qui
2190 2301 2471 2368 proximus
2497 2303 2545 2356 ei
2581 2313 2705 2357 tunc
2735 2303 2944 2371 fuerat,
2976 2310 3322 2380 confugiens,
3353 2330 3479 2382 pro—

1889 2397 2009 2457 pter
2040 2390 2217 2443 illatas
2247 2393 2347 2445 sibi
2383 2391 2609 2459 injurias
2637 2395 2704 2448 ab
2743 2412 2808 2450 eo
2841 2410 3033 2467 captus
3070 2415 3191 2467 est;
3232 2414 3475 2472 postmo-

1890 2479 2050 2544 dum,
2081 2483 2205 2550 quia
2237 2484 2428 2553 hospes
2456 2501 2521 2538 eo
2550 2486 2866 2551 advenerat,
2901 2493 3188 2562 dimissus,
3223 2498 3287 2549 ad
3321 2501 3474 2568 equi-

1891 2587 2084 2626 voeum
2119 2591 2275 2627 suum
2313 2576 2600 2645 amitaeque
2653 2579 2854 2646 ﬁlium,
2910 2583 2960 2636 in
2999 2586 3295 2642 sceleribus
3328 2605 3480 2644 com-

1891 2677 2117 2730 parem,
2155 2664 2281 2719 licet
2315 2665 2665 2723 facultatibus
2701 2671 2999 2740 diSparem,
3046 2679 3170 2731 vitae
3210 2667 3480 2737 duntaxat

1891 2771 2078 2810 artiore
2107 2758 2363 2825 perrexit.
2392 2759 2495 2813 Iste
2529 2771 2708 2815 autem
2741 2751 2934 2833 potiori
2965 2785 3094 2824 usus
3119 2773 3380 2840 consilio,
3410 2779 3480 2831 ad

1893 2864 2074 2917 regem
2107 2850 2414 2918 ltatisponte
2445 2853 2621 2909 adhuc
2647 2871 3074 2916 commorantem
3103 2866 3495 2935 proficiscens,

1898 2953 2020 2992 cum
2064 2940 2250 2993 bumili
2295 2940 2630 3011 subjectione
2672 2958 2727 3001 et
2770 2950 2913 3005 fideli
2947 2956 3304 3020 promissione
3334 2961 3480 3017 bunc

1902 3027 1954 3082 in
1989 3031 2264 3086 dominum
2296 3033 2491 3103 elegit,
2526 3047 2578 3089 et
2608 3054 2728 3106 quze.
2758 3043 3047 3108 postulavit
3079 3047 3147 3100 ab
3189 3063 3253 3102 eo
3295 3051 3345 3104 in
3390 3054 3486 3108 be-

1895 3123 2144 3177 neficium
2175 3127 2494 3195 acquisivit,
2522 3139 2577 3182 et
2603 3133 2780 3188 abitus
2813 3135 2864 3189 iu
2893 3139 3145 3194 omnibus
3171 3142 3475 3214 caritative,

1897 3216 2190 3269 revertitur
2219 3233 2340 3271 eum
2372 3218 2509 3272 bona
2542 3236 2693 3289 pace.

1969 3327 2058 3388 16.
2091 3329 2228 3383 Dum
2278 3330 2390 3385 bzec
2434 3346 2685 3404 aguntur,
2723 3337 3056 3412 llarttvigus,
3087 3347 3148 3399 de
3181 3364 3286 3418 quo
3327 3367 3489 3422 supe-

1900 3415 2014 3472 rius
2046 3420 2194 3485 dixi,
2229 3422 2294 3476 de
2326 3428 2687 3493 prosperitate
2715 3439 2766 3482 et
2795 3433 3026 3487 adventu
3065 3415 3210 3506 regis
3247 3415 3487 3498 lleinrici

1900 3511 2190 3564 admodum
2223 3515 2472 3568 curiosus
2494 3558 2506 3580 ,
2540 3533 2730 3574 omnes
2764 3522 3016 3579 introitus
3059 3528 3484 3600 Longobardim,

1900 3600 1990 3666 qui
2036 3601 2104 3654 ab
2152 3603 2350 3656 aet-olis
2400 3605 2565 3660 Clusae
2613 3622 2893 3679 vocantur,
2945 3615 3186 3685 vigilanti
3241 3626 3486 3681 custodia

1901 3689 2170 3746 (irritabat.
2203 3695 2337 3760 Qui,
2369 3706 2426 3750 ut
2449 3702 2700 3767 superius
2728 3703 2869 3768 dixi,
2902 3705 3194 3764 elcccionis
3221 3729 3333 3769 sua:
3363 3734 3488 3773 con-

1901 3781 2173 3837 siliatnrcs
2199 3794 2253 3838 et
2281 3789 2543 3848 fautores,
2577 3801 2634 3844 ut
2663 3793 2811 3861 digni
2841 3795 3084 3864 fuerant,
3117 3811 3351 3859 tractare
3380 3823 3488 3864 uon

1901 3872 2213 3930 desistebat.
2241 3876 2383 3930 Inter
2405 3895 2540 3948 quos
2562 3881 2896 3939 Bz'ixieusem
2923 3889 3265 3961 ej'iiscopum,
3299 3897 3482 3968 aliqua

1903 3982 2022 4036 qnze
2055 3969 2153 4022 sibi
2199 3971 2554 4040 displicebant
2600 3976 2943 4046 loquentem,
2974 3985 3182 4053 capillis
3214 3991 3483 4059 arripiens

1903 4071 1956 4115 et
1989 4062 2267 4116 soloteuus
2301 4076 2357 4116 ut
2387 4065 2458 4097 ⁰¹³
2489 4067 2777 4123 bubulcum
2811 4073 3074 4142 deiciens,
3112 4081 3323 4136 cunctis
3356 4084 3494 4137 inef-

1905 4152 2169 4209 frenatum
2215 4157 2581 4212 manifestavit
2613 4161 2773 4216 iram.
2840 4164 2944 4220 Sed
2985 4170 3140 4238 {quid
3197 4188 3319 4228 eum
3383 4174 3490 4230 sin-

1904 4245 2042 4315 gulis
2071 4247 2214 4301 vitEis
2244 4249 2694 4308 circumscribere
2724 4271 2912 4321 conor,
2959 4276 3078 4314 cum
3126 4259 3177 4317 in
3228 4283 3395 4338 regno
3439 4281 3493 4324 ct

205 4339 354 4394 tiam
386 4338 729 4408 impetravit,
761 4347 816 4392 et
849 4339 901 4391 itt
933 4337 1198 4391 beneficio
1224 4347 1279 4390 et
1310 4338 1360 4390 in
1391 4339 1642 4392 omnibus
1665 4336 1795 4405 justi
1831 4340 1877 4395 D
1906 4338 2102 4406 populo
2154 4351 2412 4410 appareat
2445 4359 2564 4411 qua)
2607 4347 2761 4400 turba
2795 4349 3094 4419 iniquitatis
3127 4358 3193 4410 ad
3228 4336 3341 4414 btec
3374 4377 3499 4430 per-

205 4429 484 4486 desiderii
536 4430 961 4484 satisfactionem
1019 4427 1363 4498 persolvens,
1413 4437 1642 4495 excepto
1695 4430 1799 4482 Ar-

199 4523 453 4595 gentiua:
482 4523 716 4590 dampno
737 4563 751 4587 ,
783 4523 924 4590 quod
958 4521 1096 4574 idem
1127 4520 1276 4587 jussu
1309 4527 1362 4572 et
1391 4519 1620 4573 consilio
1661 4523 1803 4587 reg’s

198 4617 282 4669 de
317 4629 412 4665 sua
448 4615 752 4684 propictate
782 4622 838 4666 et
869 4611 1140 4666 abbatiam
1174 4613 1226 4664 in
1257 4611 1443 4663 eadem
1477 4609 1611 4663 urbe
1643 4613 1801 4666 sitam

199 4705 528 4773 reparavit,
559 4705 715 4760 miles
743 4713 798 4758 et
832 4702 1042 4756 amicus
1068 4701 1186 4769 ejus
1215 4703 1352 4756 fidus
1391 4700 1640 4754 eilicitur.
1691 4701 1803 4757 lliis

200 4799 292 4853 ita
349 4797 654 4867 dispositis,
711 4811 807 4851 rex
858 4795 924 4849 ad
968 4795 1266 4848 Bawariain
1315 4792 1589 4864 perrexit,
1627 4805 1682 4847 nt
1725 4796 1802 4850 eis

200 4888 455 4942 adventu
479 4904 574 4944 suo
599 4899 652 4946 et
678 4886 829 4945 omni
861 4886 1088 4940 caritate
1114 4885 1498 4950 innotescerct,
1535 4885 1686 4954 quod
1713 4904 1804 4943 eos

1908 4433 2168 4497 petranda
2216 4449 2338 4486 eum
2376 4438 2720 4492 armaverit?
2763 4438 2915 4496 Unde
2959 4447 3246 4505 nonnullos
3280 4452 3498 4520 priores

1906 4521 1976 4553 ⁸³³
2007 4522 2106 4576 sibi
2139 4528 2445 4594 suppositos
2476 4527 2624 4600 (6:29)
2657 4535 2934 4589 commissi
2982 4541 3267 4607 pmnituit,
3320 4552 3374 4596 et
3403 4558 3504 4611 per

1910 4615 2285 4673 internuncios
2315 4632 2367 4674 et
2398 4636 2495 4689 per
2524 4621 2740 4681 litteras
2773 4626 3064 4684 lleiurieus
3095 4648 3278 4701 regem
3311 4635 3376 4687 ad
3410 4633 3506 4685 dc-

1911 4705 2192 4762 fereudum
2238 4725 2294 4763 se
2346 4711 2529 4765 venire
2561 4715 2858 4781 rogabant,
2891 4730 2983 4772 aut
3010 4735 3074 4772 eo
3106 4720 3158 4772 in
3195 4723 3314 4776 aliis
3347 4735 3513 4787 nego-

1914 4796 2004 4850 tiis
2051 4810 2344 4870 occupato,
2393 4802 2668 4871 principes
2718 4821 2847 4861 suos
2900 4809 3142 4862 mitteret
3174 4809 3272 4865 "5.
3307 4810 3511 4864 [lorum

1915 4893 2232 4948 necessitati
2281 4893 2345 4947 ad
2388 4897 2825 4950 succurrendum
2869 4894 2995 4954 Otto
3041 4896 3416 4958 Carentorum
3453 4894 3525 4926 °“

1483 5021 1738 5076 ΥΑΠΙᾸΞ
1779 5023 2192 5087 LICCTIONES.

291 5137 362 5168 ⁹¹¹
399 5153 528 5208 pene
550 5145 602 5198 2.
632 5141 858 5211 sa’pius.
961 5139 1028 5170 ⁹¹¹
1067 5137 1327 5193 otelricum
1357 5131 1412 5191 2.

201 5230 288 5273 οι⁸
348 5243 710 5294 carrentorum
752 5229 807 5284 3-

1499 5135 1580 5167 ’³³
1629 5138 1705 5193 ειη
1740 5137 1802 5194 Α.
1840 5141 1900 5199 S.
1933 5142 1972 5197 ι.
2007 5141 2047 5198 ι.
2083 5149 2151 5204 ad
2178 5145 2230 5201 ἓ.
2310 5143 2379 5175 ⁹¹⁵
2417 5153 2548 5196 tunc.
2578 5140 2710 5195 add.
2744 5145 2808 5198 ,4,

2981 5143 3056 5184 ἰ’
3098 5145 3328 5206 mittere
3376 5144 3442 5200 ,ἐς
