4042 5300
400 298 418 306 ’
502 333 639 394 ms

1421 324 1801 386 THlETMARl
1840 322 2147 384 EPISCOPI
2191 323 2809 385 MERSEBURGENSIS

3637 328 3776 387 ηπ

503 450 609 504 dux
640 456 699 503 et
729 443 1121 502 Veronensium
1150 455 1367 506 comes,
1398 454 1520 496 cum
1550 439 1824 495 Heriberti
1867 438 2086 493 comitis
2114 444 2164 501 Λ
2194 440 2467 510 utrimque
2500 440 2661 495 fortia
2692 434 2908 510 agmina
2939 434 3139 507 impetu
3179 437 3524 505 vehementi,
3566 450 3624 495 et
3669 442 3774 497 nisi

504 539 614 596 filio
642 537 840 595 Ottone
866 545 923 592 et
947 532 1471 604 Ernasto,Liupoldi
1493 532 1563 564 ἰτ
1595 530 1927 586 marcbionis
1954 529 2083 595 filio,

502 644 628 685 cum
670 628 793 683 aliis
834 626 1028 698 paucis
1066 625 1137 680 ob
1175 638 1325 693 spem
1363 621 1589 690 majoris
1617 619 1806 676 auxilii
1839 620 1909 675 ab
1935 618 2088 673 ltalis

504 718 780 788 promissi,
812 733 841 770 a
872 732 1000 788 rege
1027 716 1301 787 dirigitur.
1324 713 1460 781 Quis
1488 724 1671 768 autem
1704 711 1794 766 ille
1823 712 1934 766 dux
1961 711 2090 766 Otto

510 811 709 876 fuerit,
759 810 885 880 quia
935 808 1188 879 superius
1236 807 1466 872 relicui,
1517 806 1758 861 breviter
1803 804 2115 859 intimabo.-

510 904 609 959 Hic
637 904 804 974 igitur
832 918 861 957 a
892 902 1147 957 Conrado
1176 900 1312 956 duce
1338 907 1393 953 et
1436 896 1767 968 Liudgarda,
1802 894 1911 949 lilia
1940 892 2093 948 Otto-

507 995 594 1049 nis
624 991 883 1057 maximi,
913 998 1263 1060 procreatus,
1294 1003 1505 1044 morum
1534 985 1804 1058 gravitate
1846 993 2093 1039 actuum-

508 1101 616 1157 que
646 1087 918 1157 probitate
945 1084 1283 1155 parentelam
1315 1096 1470 1137 suam
1500 1079 1791 1135 decorabat
1822 1076 1997 1147 (650).
2025 1074 2092 1128 Et

510 1193 635 1235 cum
665 1187 789 1248 post
819 1185 1054 1235 mortem
1098 1175 1305 1231 cesaris
1345 1174 1469 1243 jure
1508 1166 1999 1240 consanguinitatis
2037 1172 2095 1221 et

508 1268 689 1324 aetatis
737 1266 1109 1334 virtutumque
1164 1263 1481 1317 maturitate
1532 1261 1600 1315 ab
1653 1258 1911 1314 lleinrico
1958 1264 2089 1310 tunc

511 1358 657 1414 duce
687 1356 745 1411 in
774 1369 957 1425 regem
988 1353 1304 1423 aligeretur,
1346 1358 1555 1405 tantum
1596 1348 1701 1403 hoc
1737 1361 1876 1401 onus
1914 1344 2092 1400 humi-

505 1448 638 1506 liter
668 1461 970 1511 excusans,
1001 1445 1231 1501 eundem
1263 1443 1473 1514 primus
1502 1454 1599 1511 per
1630 1438 2000 1494 internuncios
2028 1451 2094 1493 ac

505 1557 605 1612 per
632 1555 691 1595 se
722 1541 896 1609 ipsum
925 1536 1084 1608 quasi
1113 1537 1182 1590 ad
1209 1536 1326 1591 haec
1355 1533 1619 1604 aptiorem
1646 1532 1750 1587 sibi
1779 1530 2091 1601 preposuit,

512 1632 851 1700 ﬁdeliterque
892 1641 1118 1698 semper.
1156 1626 1384 1696 adjuvit.
1435 1621 1597 1701 Huqc
1647 1636 1715 1677 ex
1755 1629 1911 1691 parte
1951 1620 2096 1689 regis

513 1720 852 1785 venientem,
892 1717 1469 1788 archiepiscopumque
1508 1713 1783 1768 Ravenna:
1828 1712 2095 1767 Fritheri-

2193 530 2651 587 Theutonicorum
2681 529 2752 564 "'
2782 528 2953 584 aciem
2981 526 3216 582 hostium
3245 529 3636 583 nunterositati
3670 530 3773 584 im-

2189 636 2374 692 parem
2405 619 2530 693 fuga
2571 619 2818 685 Ottonis,
2866 618 3113 689 germani
3136 619 3381 689 presnlis
3424 617 3775 687 Gebehardi,

2193 714 2435 769 turbaret
2464 722 2517 768 et
2545 713 2861 782 impediret,
2892 712 3173 767 victricem
3201 726 3321 766 eam
3353 713 3530 766 hostis
3554 712 3777 783 Longo—

2191 806 2391 861 bardus
2419 804 2698 860 sensisset.
2733 803 2868 859 Tum
2898 803 2969 835 ’“
2991 817 3119 857 vero
3144 818 3209 858 ex
3237 817 3431 874 magna
3462 814 3623 874 parte
3653 819 3776 857 mu-

2194 897 2376 963 tilata,
2406 913 2505 969 pro
2532 896 2735 967 pudor!
2782 895 3014 959 ceditur,
3044 904 3097 948 et
3141 894 3382 950 victoriae
3420 894 3637 948 honore
3668 895 3783 964 pri-

2191 998 2369 1056 vatur,
2401 990 2495 1045 sed
2527 1005 2631 1044 non
2658 990 2778 1045 sine
2809 989 3046 1042 maxime
3070 986 3332 1057 Hartwigi
3360 988 3722 1042 detrimento.

2266 1083 2353 1136 17.
2392 1082 2601 1137 interea
2645 1097 2772 1152 rege
2802 1098 2832 1136 a
2861 1081 3106 1137 Bawaria
3149 1096 3368 1152 egresso
3409 1092 3467 1135 et
3504 1082 3562 1135 in
3605 1080 3780 1137 Fran-

2193 1173 2486 1229 kanavordi
2517 1175 2586 1209 ’π
2619 1174 3045 1241 incarnationem
3074 1174 3396 1227 dominicam
3425 1172 3781 1235 celebrante.

2194 1264 2487 1318 multorum
2516 1263 2812 1335 legationes
2829 1265 2878 1318 ei
2905 1262 3258 1328 deferuntur;
3286 1264 3377 1332 qui
3407 1263 3569 1332 legati
3602 1263 3782 1332 primo

2192 1355 2427 1424 benigne
2456 1354 2651 1420 auditi,
2682 1355 2877 1409 deliine
2902 1353 3122 1425 largiter
3148 1354 3448 1421 munerati,
3478 1368 3675 1408 omnes
3698 1369 3783 1407 re-

2193 1455 2480 1502 vertuntur
2507 1446 2617 1501 leti.
2647 1446 2718 1501 lbi
2747 1459 2962 1515 quoque
2987 1447 3093 1500 dux
3123 1444 3485 1502 Herimannus
3504 1444 3582 1478 ⁸⁹⁸
3610 1444 3787 1500 ιωηιὶδ

2195 1535 2320 1591 liter
2356 1537 2468 1606 regi
2508 1536 2816 1600 famulatur,
2855 1545 2910 1591 et
2950 1536 3020 1591 ab
3058 1551 3124 1590 eo
3165 1535 3485 1599 caritative,
3519 1543 3583 1587 ut
3619 1538 3783 1588 talen:

2195 1629 2381 1685 decuit
2418 1645 2706 1699 personam
2728 1669 2743 1695 ,
2772 1629 3020 1684 habetur.
3050 1628 3180 1684 Inde
3223 1643 3318 1683 rex
3347 1629 3636 1683 discedens
3662 1626 3784 1681 lu-

2198 1722 2503 1778 selcnorum
2546 1737 2745 1794 pagum
2790 1720 3067 1784 visitavit,
3095 1730 3149 1775 et
3190 1722 3257 1775 ad
3286 1718 3789 1774 Theodonisvillam

517 1824 645 1865 cum
698 1823 823 1862 cum
876 1807 1191 1862 marchiane
1243 1804 1526 1860 'l‘hiedolfo
1585 1804 1734 1877 (651)
1786 1805 2097 1873 ceterisque
2128 1792 2352 1882 3(635)
2406 1792 2678 1876 veniens}
2730 1809 2983 1881 generale
3034 1809 3231 1864 ibidem
3283 1809 3619 1878 colloquium
3662 1823 3785 1862 cum

517 1898 661 1968 regis
694 1896 948 1953 ﬁdelibus
988 1897 1038 1952 ei
1081 1897 1149 1952 ad
1197 1896 1456 1950 auxilium
1487 1903 1866 1951 occurrentem
1890 1934 1906 1960 ,
1940 1893 2101 1949 Hart-

514 1988 708 2058 wigius
738 1988 792 2041 in
824 1986 1002 2041 medio
1029 1987 1238 2057 positus
1297 1985 1596 2055 liuceisque
1625 1984 1798 2040 oculis
1828 1982 1925 2057 (cf.
1956 1982 2096 2038 Hos.

524 2077 695 2134 Serm.
732 2094 785 2144 ι,
811 2077 847 2131 2
867 2119 882 2143 ,
913 2076 1004 2147 90)
1031 2078 1211 2133 omnia
1244 2076 1581 2147 perlustrans
1604 2076 1676 2109 ⁹¹⁸
1706 2091 1831 2130 cum
1862 2090 1984 2130 com
1998 2088 2095 2143 pe-

520 2172 677 2235 riret,
710 2170 777 2226 ad
807 2171 1284 2240 iuterrumpendos
1314 2184 1409 2224 eos
1439 2167 1714 2224 Veronam
1743 2182 1867 2223 cum
1900 2182 2099 2238 magna

517 2266 861 2321 multitudine
904 2266 1091 2331 venit,
1140 2265 1399 2335 lusasque
1448 2265 1518 2320 ab
1559 2265 1815 2334 episcopo
1859 2263 2099 2333 ejusdem

519 2359 759 2433 civitatis
788 2360 894 2416 huc
924 2374 1097 2430 usque
1127 2361 1366 2415 munitas
1396 2362 1761 2431 expugnando
1787 2361 1955 2432 cepit.
1984 2362 2100 2416 Au-

434 2449 441 2455 ’
520 2450 675 2506 diens
702 2461 916 2516 autem,
946 2450 1275 2507 Teutonicos
1305 2451 1359 2505 in
1389 2450 1647 2506 (Tridenti
1693 2452 1923 2521 planitie
1967 2467 2101 2506 eon-

520 2544 757 2607 sedisse,
786 2544 879 2599 illo
906 2552 1187 2614 properat,
1218 2553 1273 2599 et
1300 2558 1394 2598 eos
1423 2559 1529 2598 non
1560 2544 1872 2611 inveniens,
1904 2546 2100 2600 iterum

529 2635 683 2692 velox
717 2652 778 2691 se
811 2635 865 2690 in
909 2634 1261 2705 Campaniam
1291 2633 1660 2690 Veronensem
1693 2634 1841 2706 (652)
1876 2635 2099 2705 recepit.

519 2727 638 2795 Quo
666 2710 955 2783 dominicae
982 2725 1283 2781 nativitatis
1321 2724 1459 2780 festa
1505 2724 1558 2779 in
1603 2726 1837 2794 quodam
1875 2731 2103 2780 castello

518 2817 829 2873 celebrante
867 2816 960 2882 ⁹¹⁹,
1004 2816 1132 2872 Otto
1173 2816 1284 2871 dux
1324 2816 1507 2871 omnia
1537 2815 1655 2884 ejus
1686 2823 1807 2869 acta
1840 2824 1897 2869 ut
1927 2815 2104 2886 primo

521 2908 823 2973 intellexit,
869 2906 1076 2977 legatos
1117 2906 1221 2963 sibi
1264 2905 1881 2963 licentiamtranseumli
1906 2915 2000 2959 aut
2035 2920 2103 2959 ex

521 3015 619 3055 sua
651 3008 807 3072 parte
834 2999 1137 3069 accipiendi
1164 2999 1507 3069 postulantes
1550 2997 1720 3052 misit.
1764 2996 1883 3051 Hiis
1921 2996 2105 3067 petitis

520 3105 588 3145 ex
616 3089 884 3160 profunda
914 3088 1212 3145 calliditate
1241 3088 1408 3143 animi
1440 3087 1753 3159 Hartwigus
1779 3087 2059 3158 respondit
2085 3103 2099 3141 :

2203 1903 2744 1973 comprovincialibus
2774 1902 2964 1958 habuit
2994 1900 3105 1972 (an.
3138 1901 3320 1968 1005).
3350 1900 3497 1971 Rege
3520 1910 3656 1954 vero
3684 1898 3786 1951 ibi-

2203 1995 2325 2050 dem
2355 1995 2608 2050 omnibus
2637 1994 2816 2064 aliqua
2850 1993 3174 2050 necessitate
3216 1992 3594 2046 laborantibus
3639 1989 3793 2043 ιιεωίέ

2204 2100 2310 2157 gne
2348 2085 2518 2157 legem
2555 2088 2687 2140 dare
2721 2084 3012 2154 cupiente,
3054 2083 3417 2137 Merimannus
3448 2097 3518 2136 ac
3543 2080 3796 2135 Theode‘

2203 2180 2349 2235 ricus
2393 2177 2511 2232 solo
2548 2176 2765 2232 nomine
2797 2178 2991 2241 duces,
3030 2175 3123 2231 sed
3164 2190 3271 2230 non
3313 2189 3403 2240 re,
3449 2174 3797 2243 temptabant

2204 2269 2308 2324 hoc
2339 2268 2633 2337 impedire,
2665 2266 2759 2323 sed
2793 2266 2998 2323 frustra
3029 2267 3124 2331 '“,
3156 2266 3417 2320 continuo
3441 2265 3794 2320 animadver-

2206 2368 2383 2416 tentes
2411 2360 2620 2415 auctori
2654 2360 2878 2430 justitim
2914 2374 2976 2414 se
3012 2359 3206 2413 merito
3236 2355 3617 2412 succumbere.
3656 2353 3795 2409 Nam

2205 2463 2305 2505 rex
2350 2448 2623 2519 quoddam
2672 2448 2952 2503 castellum
3000 2447 3181 2511 ducis,
3229 2446 3501 2513 Mulsberg
3534 2445 3689 2513 (634)
3721 2443 3794 2498 di-

2205 2553 2387 2606 ctum.
2415 2545 2484 2599 ob
2514 2544 2807 2598 instantem
2839 2543 3004 2598 totius
3043 2540 3221 2612 populi
3267 2540 3654 2595 necessitatem
3698 2537 3794 2592 de-

2210 2638 2344 2694 strui
2362 2678 2377 2701 ,
2405 2646 2460 2693 et
2486 2645 2544 2691 ut
2573 2650 2867 2706 numquam
2895 2634 3323 2697 reediticaretur,
3354 2633 3588 2686 firmiter
3610 2644 3799 2700 prece-

2208 2731 2310 2801 pit.
2340 2728 2456 2783 [liis
2483 2730 2687 2798 absque
2712 2726 3012 2782 remotione
3037 2725 3107 2758 ”°
3133 2724 3278 2779 omni
3305 2723 3576 2791 peractis,
3606 2737 3707 2777 rex
3732 2721 3805 2774 ad

2206 2821 2549 2892 Aquasgrani
2601 2821 2708 2874 iter
2756 2818 3020 2889 disposuit
3060 2815 3225 2887 (Jan.
3250 2816 3352 2884 2t)
3407 2825 3466 2869 ut
3519 2815 3577 2870 ib
3646 2814 3798 2868 arani-

2207 2926 2513 2967 versarium
2544 2911 2748 2967 domini
2780 2918 2837 2966 et
2865 2909 3228 2965 antecessoris
3272 2908 3354 2964 sui
3397 2907 3551 2979 (635)
3592 2908 3805 2963 cesaris

2210 3018 2426 3059 summa
2459 3002 2740 3074 diligentia
2766 3002 3095 3071 compleret,
3126 3009 3185 3056 et
3209 2999 3624 3056 Liutharienses
3668 3013 3803 3054 nna-

2210 3095 2431 3150 nimiter
2461 3093 2833 3149 convenirent.
2862 3093 3033 3160 Quem
3075 3091 3324 3161 quamvis
3360 3089 3647 3161 paululum
3686 3100 3797 3143 tare

524 3179 629 3234 Hic
654 3189 988 3250 pernoetnte,
1016 3188 1074 3233 ut
1102 3195 1224 3234 cum
1266 3194 1502 3233 meorum
1546 3179 1835 3232 amicorum
1878 3176 2099 3232 consilio
2128 3169 2172 3230 C
2209 3185 2365 3241 daret
2390 3184 2608 3238 interim
2638 3184 2821 3237 innata
2852 3182 3174 3246 inﬁrmitas,
3208 3191 3389 3237 tamen
3414 3182 3483 3234 ad
3511 3180 3802 3251 perficieno

529 3290 617 3329 vos
665 3274 893 3327 crastina
940 3271 1005 3327 de
1049 3272 1151 3326 hiis
1196 3272 1437 3328 omnibus
1482 3280 1650 3325 certos
1696 3271 1981 3324 remittam.
2009 3268 2104 3324 ille

522 3370 741 3426 autem,
772 3352 987 3414 nunciis
1015 3359 1086 3391 "°
1118 3360 1320 3415 nostris
1350 3359 1402 3414 id
1435 3358 1842 3430 ignorantibus,
1867 3373 1966 3428 per
1986 3374 2103 3413 om-

518 3465 649 3505 nem
676 3464 796 3504 eam
824 3457 1035 3505 noctem
1066 3448 1413 3519 singulariter
1439 3460 1568 3502 suos
1596 3446 1649 3500 in
1679 3446 1875 3501 castris
1900 3445 2103 3515 positos

520 3540 950 3612 circumquaque
998 3540 1361 3610 perlustrans,
1420 3539 1490 3593 ad
1546 3537 1889 3608 preliandum
1926 3543 2105 3592 “mane

523 3640 715 3689 contra
744 3631 1075 3687 Teutonicos
1100 3638 1335 3686 mentem
1365 3629 1435 3660 ⁹¹¹
1469 3629 1827 3685 corroborarc
1860 3636 1915 3681 ct
1952 3643 2103 3682 arma

525 3741 822 3798 preparare
852 3736 1058 3782 monet.
1086 3724 1337 3780 Proxima
1367 3723 1602 3795 primum
1630 3724 1843 3778 oriente
1872 3737 2105 3789 aurora,

529 3819 694 3891 legati
740 3815 893 3875 ducis
936 3817 1186 3890 responsi
1228 3817 1401 3886 gratia
1445 3816 1628 3887 regem
1658 3816 1729 3847 ’θ’
1760 3814 2104 3886 aggressuri,

523 3928 647 3969 cum
681 3911 1069 3982 Longobardus
1114 3910 1338 3965 militari
1386 3924 1548 3964 manu
1595 3924 1789 3981 pugna:
1829 3908 2111 3964 intendere

523 4014 780 4061 eventum
804 4012 1125 4069 cernerent,
1150 4003 1322 4074 ipsum
1347 4002 1474 4070 quid
1501 4002 1607 4057 hoc
1630 4002 1962 4071 signiﬁcaret
1987 4015 2111 4071 per-

522 4103 884 4160 cunctantes,
917 4103 1121 4149 certam
1155 4092 1418 4149 adversus
1445 4090 1636 4147 ducem
1667 4092 2109 4162 congressionem

520 4185 658 4254 jussi
687 4186 838 4242 abire
868 4192 1250 4256 perceperunt.
1285 4183 1433 4251 Quos
1462 4183 1774 4254 Hartwigus
1802 4198 1928 4239 cum
1956 4197 2114 4238 exer-

526 4282 640 4336 citu
682 4295 820 4350 pone
849 4280 923 4313 ⁹³³
964 4290 1216 4345 secutus,
1266 4281 1334 4336 ad
1379 4280 1713 4353 Ungaricum
1739 4282 1812 4314 ³³⁸
1838 4289 2113 4345 montem,

527 4372 620 4427 ubi
650 4371 758 4426 dux
788 4387 910 4427 cum
938 4374 1051 4428 suis
1082 4373 1287 4444 legatos
1315 4373 1670 4443 expectabat,
1699 4373 1814 4431 sole
1848 4374 1961 4445 jam
2005 4389 2118 4430 me-

2212 3278 2337 3332 dum
2376 3276 2507 3347 justi
2538 3276 2788 3331 desiderii
2817 3276 3152 3346 propositum
3191 3277 3390 3331 Christi
3422 3275 3497 3330 illi
3528 3274 3799 3345 aspiravit

2211 3369 2356 3424 vires
2395 3367 2679 3423 ineliabilis
2701 3368 2891 3437 pietas.
2926 3367 3058 3421 Dein
3091 3367 3398 3436 Trajectum
3431 3367 3585 3438 (636)
3614 3379 3805 3421 amore

2212 3461 2386 3516 sancti
2417 3461 2654 3530 presulis
2675 3459 2909 3514 Servatii
2934 3461 3257 3527 veniens,de
3285 3460 3460 3531 prelio
3484 3470 3807 3513 nostrorum

2221 3553 2362 3607 male
2393 3562 2633 3623 pugnate
2666 3552 2912 3623 (llonrr.
2948 3568 2996 3614 ι,
3028 3552 3131 3617 24,
3166 3552 3264 3623 19)
3312 3553 3386 3608 ibi
3417 3562 3633 3607 eertum
3660 3565 3808 3606 com-

2216 3644 2377 3712 perit.
2405 3642 2474 3697 Et
2499 3643 2626 3712 quia
2653 3658 2832 3707 omne,
2861 3643 3005 3713 quod
3032 3645 3218 3713 nequit
3243 3643 3478 3713 corrigi,
3504 3640 3717 3696 lenitur
3735 3638 3805 3672 ⁸η

2215 3732 2487 3801 patiencia
2506 3773 2521 3797 ,
2555 3732 2806 3803 quamvis
2835 3734 3073 3803 graviter
3102 3742 3282 3786 tamen
3312 3734 3593 3801 sapienter
3620 3731 3804 3785 audita

2217 3822 2445 3879 sustulit
2475 3824 2841 3879 incommoda.
2864 3823 2993 3880 lude
3038 3824 3299 3879 Leodium
3343 3824 3413 3879 ob
3458 3823 3807 3892 impetranda

2215 3912 2422 3971 Christi
2472 3913 2690 3970 athleta
2740 3912 3016 3969 Lambcrti
3067 3912 3367 3984 patrocinia
3419 3914 3681 3974 veniens,
3734 3911 3807 3966 ibi

2217 4004 2384 4061 colica
2437 4007 2692 4075 passione
2739 4006 3025 4061 admodum
3071 4016 3350 4077 gravatur,
3406 4004 3502 4061 sed
3557 4004 3804 4076 praedicti

2219 4098 2463 4153 martiris
2496 4098 2906 4156 intercessionis
2936 4099 3209 4169 suffragiis
3238 4101 3522 4157 liberatur.
3571 4101 3711 4155 Hinc
3742 4102 3805 4154 ad

2217 4187 2560 4259 Aquasgrani
2606 4191 2859 4256 rediens,
2918 4190 3351 4261 purificationem
3397 4191 3493 4245 Dei
3523 4192 3809 4262 genitricis

2221 4280 2426 4337 ibidem
2475 4283 2868 4338 venerabiliter
2916 4286 3146 4354 peregit.
3203 4285 3331 4340 lude
3380 4286 3447 4339 ad
3498 4286 3811 4372 Ninmaguu

2223 4372 2372 4444 (637)
2398 4388 2714 4431 commeans
2735 4417 2752 4441 ,
2782 4376 3029 4445 pluribus
3052 4379 3242 4433 diebus
3268 4379 3707 4449 quadragesima:
3734 4380 3807 4434 ibi

534 4462 750 4529 diante,
780 4464 1055 4532 pervenit,
1082 4442 1397 4535 hostesque,
1413 4466 1663 4535 quamvis
1694 4480 1789 4536 per
1818 4442 2031 4519 fodrum
2063 4476 2118 4520 et
2150 4442 2195 4497 D
2223 4442 2486 4534 moratur,
2520 4468 2699 4539 primo
2733 4442 2959 4541 regnum
2995 4472 3087 4526 Dei
3110 4442 3501 4542 iustitiamque
3518 4472 3643 4542 ejus
3664 4487 3807 4541 qu:-

503 4552 605 4605 'ad
653 4552 1037 4608 custodiendas
1084 4554 1322 4623 undique
1364 4555 1485 4610 vias
1534 4556 1771 4621 divisos,
1820 4564 2004 4610 tamen
2050 4556 2116 4608 ad

534 4643 902 4700 resistendum
956 4653 1192 4715 “paratos
1257 4645 1484 4701 invenit.
1553 4645 1862 4718 Conﬂigunt
1932 4646 2117 4715 itaque

2227 4572 2352 4614 rere
2372 4600 2387 4624 ,
2419 4570 2609 4629 postea
2644 4563 2896 4619 humana:
2926 4562 3206 4636 fragilitati
3238 4564 3464 4621 studens
3492 4566 3805 4621 necessaria

2223 4665 2533 4721 suggerere.

1834 4737 2070 4795 VARUE
2108 4737 2509 4799 LECTIONES.

603 4829 673 4863 ’"
710 4836 928 4885 arnesto
955 4827 1028 4882 lin

533 4900 590 4954 2.
623 4899 871 4970 suppleta;
909 4916 974 4954 ea:

1070 4828 1214 4899 poldi
1243 4828 1300 4885 2.
1334 4898 1341 4899 ί
1378 4828 1449 4862 ⁸⁸⁸
1488 4829 1814 4886 collustrans
1842 4829 1911 4885 A.
1942 4826 2002 4883 S.
2066 4829 2153 4899 7'"
2188 4833 2484 4891 celebranti
2515 4836 2569 4890 2.
2645 4838 2717 4872 "°
2747 4841 2977 4896 nuncius
3005 4840 3059 4895 2.
3141 4836 3213 4875 m
3247 4842 3324 4897 ita
3352 4841 3548 4897 lacuna
3588 4839 3646 4895 in
3683 4842 3801 4896 rod.

1063 4898 1168 4982 .RS.
1202 4898 1446 4982 £1003:
1485 4900 1594 4982 ,ω
1634 4898 2109 4982 tyrapnmnnA."S.
2187 4904 2257 4936 ⁹²³
2292 4907 2367 4958 ita
2397 4908 2463 4982 ᾼ.
2580 4923 2718 4982 pene
2746 4910 2823 4982 2._
2848 4912 2947 4982 fr"
2986 4911 3284 4982 Ungarium
3312 4915 3377 4966 Α.
3412 4913 3471 4967 S.
3551 4912 3626 4944 ⁸⁸⁸
3662 4919 3805 4968 thet-

533 4960 816 5055 micorum
948 4970 1070 5055 "'1
1083 4970 1343 5055 Comi.”
1482 4960 2465 5055 franclilenforde.2.}“ranconev0rde
2496 4960 2560 5030 Α.
2580 4960 2924 5036 313.1005.
2992 4960 3474 5049 755°B'ér’3iﬁih'n65
3502 4982 3559 5037 2.
3590 4960 3802 5055 se};

532 5039 606 5074 ⁹²⁹
639 5056 764 5096 nam
794 5039 901 5093 add
928 5039 996 5094 A.
1028 5038 1088 5096 S.

1162 5040 1235 5076 ”°
1272 5040 1529 5098 dilatione
1557 5041 1624 5097 Α.
1658 5040 1718 5097 S.
1795 5040 1864 5074 "1
1900 5040 2097 5095 leniter
2121 5042 2177 5095 2.

2072 5131 2307 5189 ΝΟΤΔΕ.

616 5216 749 5228 ιΑ-Αι
784 5217 838 5228 Α.

784 5218 988 5300 siin-:33?
1011 5219 1122 5300 ίςιυ
1141 5221 1346 5300 iuuat!)
1367 5221 1565 5293 iugibus
1592 5219 1817 5300 δυνιΞ-ί.
1848 5236 1926 5300 ly,
1944 5237 2010 5300 ἐ..

2310 5251 2458 5296 (οῡεη
2513 5251 2802 5282 Imm-vum
2877 5251 3066 5270 ιι---υ--ι
3153 5251 3235 5256 ——
3404 5252 3417 5253 κ
3597 5251 3656 5260 --.
3696 5251 3782 5270 ..η
