4042 5300
308 280 444 339 ﬂii?

1574 288 1985 366 Ci’inosicox.
2022 342 2090 351 --
2127 312 2250 367 LIB.
2294 316 2356 370 v.

3423 328 3561 385 H98

372 408 460 463 18,
500 409 710 471 uorum
749 416 953 475 interea
981 421 1117 479 duce
1146 426 1496 500 wmdoweio’
1536 436 1731 493 "aues
1753 455 1878 510 pre,
1909 426 1954 484 Α
1983 421 2098 489 ejus
2128 423 2384 481 voluntati
2417 428 2471 483 in
2510 429 2614 485 hiis
2645 433 2926 498 assentire,
2956 437 3041 493 sin
3089 438 3243 503 alias,
3292 453 3353 495 se
3395 444 3563 497 armis

300 501 454 566 dicti,
481 519 587 558 una
619 522 740 562 cum
763 520 937 568 matre
966 518 1193 585 expulsi,
1229 536 1257 574 a
1288 522 1673 584 Boemensibns
1731 534 1878 600 peni-

301 595 465 648 tentia
499 597 672 654 ductis
698 616 1039 661 revocantur.
1065 608 1209 677 Quos
1233 613 1512 678 Bolizlaus,
1539 619 1878 680 Poleniorum

298 697 515 752 rector,
571 691 797 748 collecto
854 700 1088 768 undique
1129 705 1391 767 exercitu,
1446 720 1636 777 petens
1685 714 1878 768 iterum

294 779 523 847 expulit,
550 788 979 859 equivocumque
1008 808 1163 847 suum
1191 798 1400 854 exulem
1426 803 1667 867 pristinis
1713 806 1881 859 hono-

290 867 446 921 ribus
470 873 715 939 prefccit,
742 893 906 947 seque
931 883 1169 951 domum,
1205 886 1493 943 latentibus
1532 893 1739 949 insidiis
1768 899 1879 953 suis

293 958 399 1014 alta
432 967 630 1021 mentis
660 969 982 1036 intentione.
1015 981 1236 1048 recepit.
1270 980 1488 1039 Sciebat
1534 987 1675 1039 enim
1710 1006 1874 1058 nepo-

290 1057 401 1103 tem
429 1068 587 1109 suum
617 1073 675 1112 se
732 1061 800 1092 '3'
850 1064 1011 1120 nimis
1056 1068 1455 1127 vindicaturum
1493 1076 1543 1128 in
1574 1076 1877 1135 fautoribus

287 1338 410 1381 Cum
443 1329 710 1389 Bolizlans
732 1338 799 1369 ’³³
816 1339 1128 1399 Boemensis
1150 1360 1394 1405 cerneret
1413 1354 1663 1421 populant
1692 1371 1870 1425 suum,

284 1425 592 1476 execrando
620 1426 744 1481 ritni
777 1429 1035 1500 deditum,
1064 1435 1114 1489 in
1160 1440 1394 1494 maxima
1428 1448 1716 1499 securitate
1742 1462 1874 1502 con-

284 1510 556 1576 stitutum,
593 1516 927 1582 impietatem
959 1539 1112 1578 suam
1146 1529 1211 1581 ad
1244 1531 1627 1601 cunfringenda
1660 1536 1869 1594 fmdera

282 1597 451 1663 pacis,
477 1613 637 1667 quam
661 1611 1023 1666 sacramentis
1049 1612 1380 1681 firmaverat,
1442 1620 1492 1673 in
1524 1632 1731 1677 tantum
1784 1640 1870 1678 ar-

284 1688 470 1750 mavit.
505 1700 586 1756 ut,
619 1696 862 1752 Collectis
895 1700 945 1753 iu
978 1718 1138 1757 unam
1170 1708 1387 1762 domum
1431 1726 1615 1767 coram
1643 1730 1702 1769 se
1731 1732 1866 1770 cun-

1986 512 2058 564 illi
2087 514 2222 568 velle
2250 519 2544 573 contraire.
2577 520 3088 593 llanclegationem,
3128 529 3231 583 etsi
3275 528 3476 597 justam
3505 542 3563 588 et

1982 602 2120 656 bene
2154 609 2529 675 compositam,
2576 620 2754 667 tamen
2801 614 3068 673 Bolizlaus
3120 618 3339 689 indigne
3387 623 3560 680 susci-

1980 695 2154 764 piens,
2188 697 2422 754 futuram
2456 703 2711 760 ultionem
2764 709 2957 764 merito
3009 714 3324 780 promeruit.
3380 714 3560 769 Finita

1980 801 2217 854 namque
2255 792 2705 862 quadragesimali
2749 799 3109 869 abstinentia,
3146 804 3285 859 sicut
3322 820 3553 861 exorsus

1980 891 2119 943 sum,
2160 879 2352 935 festum
2386 886 2636 952 paschale
2664 888 3110 963 Quidilingaburg
3151 902 3555 952 antecessorum

1977 978 2091 1019 suo:
2108 983 2193 1020 uin
2217 986 2364 1024 more
2383 972 2771 1031 honorabiliter
2795 994 2883 1034 rex
2902 962 3190 1039 ce’lebravit
3207 984 3377 1057 (659)]
3394 986 3553 1039 Mart.

1975 1056 2091 1128 88].
2148 1058 2223 1113 lbi
2279 1070 2388 1115 tum
2443 1064 2679 1134 iniquam
2731 1073 3187 1141 presumptionem
3240 1056 3460 1137 Bolizlai
3501 1086 3555 1131 et

1974 1150 2357 1219 aspirationem
2392 1154 2628 1213 Heinrici
2658 1162 2805 1231 (640)
2851 1164 3219 1238 dissimulans,
3269 1168 3552 1224 familiari-

1974 1241 2073 1295 bus
2098 1243 2231 1309 suis,
2262 1255 2318 1300 ut
2346 1256 2550 1303 tantam
2576 1249 2924 1309 festivitatem
2951 1257 3195 1325 decebat,
3227 1262 3428 1316 arrisit.
3472 1262 3546 1321 lbi

1973 1330 2134 1384 etiam
2161 1331 2413 1389 Ottonem
2438 1337 2629 1393 ducem
2660 1350 2714 1395 et
2740 1342 3028 1401 Ernastum
3051 1347 3120 1380 ⁸³⁸
3148 1366 3177 1404 a
3208 1352 3378 1419 prelio
3408 1353 3549 1408 male

1972 1432 2205 1490 pugnato
2229 1436 2560 1483 revertentes
2583 1431 2743 1501 regiis
2766 1433 2922 1490 donis
2969 1436 3220 1506 honorat,
3277 1444 3550 1510 paternis-

1972 1526 2075 1578 que
2114 1514 2457 1571 adminiculis
2481 1522 2810 1581 consolatur.
2848 1524 3084 1584 Nuncios
3117 1547 3331 1601 quoque
3356 1533 3415 1603 (f.
3434 1535 3548 1604 89).

1971 1600 2396 1660 Rederariorum
2428 1609 2499 1640 ⁰⁸⁹
2544 1621 2600 1666 et
2644 1613 2859 1682 horum,
2898 1618 2992 1687 qui
3032 1600 3549 1689 Liuticiidicuntur,

1970 1691 2397 1751 misericorditer
2420 1701 2679 1770 suscepit.
2711 1704 3079 1777 hactenusque
3106 1710 3333 1765 rebelles
3362 1727 3554 1766 mune-

279 1776 383 1830 cus
406 1780 781 1858 optimatibus,
810 1790 986 1857 primo
1033 1810 1290 1863 generum
1349 1816 1528 1867 suum,
1576 1806 1754 1871 “huic
1809 1809 1863 1863 in
1897 1790 1939 1847 Β
1970 1794 2087 1835 rum
2120 1782 2399 1840 dulcedine
2425 1791 3307 1866 promissionumquejocunditate
3336 1801 3547 1857 sedavit

274 1880 439 1936 caput
466 1871 582 1940 ejus
613 1890 816 1942 merso,
848 1881 962 1951 ip;e
992 1885 1287 1955 occideret,
1341 1903 1662 1966 ceterosque
1719 1899 1864 1955 iner-

275 1973 393 2012 mes
421 1960 476 2014 in
510 1962 625 2031 ipsa
657 1980 842 2024 sancta
871 1977 1309 2046 quadragesima,
1343 1984 1425 2037 vir
1464 1988 1784 2056 sanguinum
1808 2000 1863 2045 et

273 2048 519 2115 dolosus,
550 2070 649 2108 nec
687 2060 787 2114 sibi
820 2078 1110 2122 concessus
1162 2087 1416 2140 umquam
1446 2078 1642 2146 digims
1705 2082 1859 2136 dimi-

273 2138 428 2196 diare
454 2144 571 2200 dies
597 2148 768 2219 (658),
796 2168 917 2208 cum
948 2173 1059 2211 suae
1093 2138 1312 2218 malitiae
1342 2138 1645 2225 fautoribus
1694 2172 1858 2227 inter-

270 2230 481 2288 ﬁceret.
510 2238 590 2292 Ob
616 2240 717 2297 hoc
742 2245 990 2301 residuus
1020 2252 1245 2319 pepulus
1287 2256 1513 2313 multum
1562 2260 1859 2320 formidans

269 2324 338 2377 ad
391 2325 692 2387 Bolizlaum
746 2335 1004 2394 Polenum
1048 2345 1277 2401 nuncios
1326 2348 1628 2406 clanculum
1690 2355 1853 2420 misit,

264 2415 362 2483 qui
402 2425 699 2489 perpetrati
728 2425 986 2487 facinoris
1010 2438 1433 2505 magnitudinem
1476 2441 1753 2500 edicerent
1801 2456 1856 2502 et

266 2502 434 2561 futuri
476 2510 682 2569 timoris
711 2522 1042 2588 ereptionem
1071 2502 1139 2578 ab
1187 2544 1251 2582 eo
1284 2542 1587 2598 poscerent.
1652 2536 1748 2590 llis
1795 2538 1858 2591 li-

262 2596 461 2653 benter
490 2604 711 2672 auditis,
746 2626 866 2664 mox
893 2628 989 2682 per
1020 2615 1254 2684 legatum
1281 2596 1490 2676 fidelem
1524 2626 1665 2680 lmnc
1688 2626 1757 2657 ⁹³³
1787 2628 1853 2681 ad

261 2688 595 2760 colloquium
622 2700 869 2757 cominus
896 2704 948 2758 in
1010 2722 1137 2762 arce
1166 2711 1396 2777 quadam
1447 2716 1511 2769 ad
1572 2719 1851 2773 tractanda

264 2792 389 2833 cum
419 2794 485 2834 eo
516 2788 760 2852 quadam
793 2796 1096 2851 necessaria
1126 2806 1428 2856 communis
1459 2805 1708 2862 utilitatis
1728 2826 1848 2863 cum

262 2872 456 2937 paucis
494 2878 561 2928 ad
585 2892 642 2931 se
669 2883 904 2947 postulat
951 2888 1154 2942 venire.
1200 2889 1337 2947 lluic
1362 2895 1546 2963 junior
1584 2899 1851 2955 Bolizlaus

264 2956 392 3013 ilico
432 2968 796 3035 consentiens,
823 2973 889 3025 ad
931 2976 1237 3030 condictum
1283 2982 1457 3036 locum
1488 2990 1729 3054 perrexit
1755 2991 1845 3057 ⁵³³,

261 3049 657 3123 caritativeqne
709 3059 776 3114 ab
825 3076 891 3115 eo
938 3067 1112 3132 primo
1148 3082 1446 3139 susceptus,
1506 3078 1559 3131 in
1600 3085 1842 3149 sequenti

260 3151 422 3195 nocte
452 3150 624 3201 erutis
663 3152 764 3207 sibi
792 3154 982 3224 oculis,
1045 3175 1112 3214 ne
1143 3178 1399 3233 umquam
1450 3168 1505 3221 in
1560 3187 1687 3226 suos
1741 3175 1845 3230 tale
1872 3132 1916 3194 Ο

260 3234 391 3301 quid
413 3249 751 3307 perpetraret
775 3248 856 3300 vel
887 3251 1116 3319 amplius
1165 3256 1363 3315 ibidem
1393 3277 1621 3331 regnare
1645 3266 1845 3322 valuis-

258 3334 366 3389 set,
390 3328 460 3383 ab
480 3328 598 3397 ejus
645 3333 1004 3397 familiaribus
1051 3356 1133 3400 est
1191 3328 1516 3418 prohibitus,
1575 3358 1844 3429 exilioque

257 3413 421 3486 longo
448 3421 732 3510 deputatus
762 3439 866 3484 est.
906 3431 961 3485 In
988 3413 1237 3504 sequenti
1262 3441 1425 3510 igitur
1453 3413 1541 3500 die
1585 3449 1651 3501 ad
1705 3413 1840 3506 Pi'a;

252 3520 381 3575 gam
406 3509 665 3567 velociter
692 3531 1009 3588 properans,
1047 3528 1113 3579 ab
1143 3528 1336 3586 incolis
1359 3549 1576 3605 semper
1608 3539 1672 3593 de
1701 3556 1840 3597 nova

256 3596 626 3660 dominatiOne
652 3611 1008 3678 gaudentibus
1039 3617 1419 3687 introducitur,
1451 3596 1840 3686 communiter-

252 3703 362 3758 que
408 3690 464 3747 in
514 3697 791 3756 dominum
844 3704 1113 3764 laudatur.
1160 3712 1515 3774 Accrescente
1556 3722 1719 3792 igitur
1765 3728 1837 3782 ibi

250 3784 485 3840 seculari
513 3795 772 3861 potentia,
796 3799 1060 3855 attollitur
1111 3804 1396 3865 infrenatze
1432 3784 1631 3872 mentis
1668 3821 1837 3877 multo

249 3875 428 3946 major
474 3881 635 3937 solito
684 3893 1051 3949 contumacia.
1113 3896 1259 3963 Haec,
1310 3900 1503 3972 lector,
1554 3913 1835 3969 attendens

246 3969 410 4035 scito,
458 3977 601 4043 quod
631 3979 784 4047 cujus
816 3984 1031 4039 animus
1060 3988 1113 4042 in
1147 3998 1418 4063 prosperis
1446 3969 1505 4053 fit
1534 4001 1746 4067 elatior.
1780 4008 1833 4060 in

244 4064 496 4119 adversis
532 4084 657 4139 sepe
684 4074 788 4128 erit
830 4076 1106 4147 humilior,
1141 4086 1284 4154 quod
1318 4104 1427 4144 non
1456 4105 1577 4149 esse
1622 4097 1835 4166 sapien-

243 4154 315 4209 tis
347 4153 632 4227 Scriptura
656 4172 907 4221 testatur.

314 4248 404 4304 19.
444 4249 567 4308 Haec
620 4261 799 4315 omnia
845 4278 939 4317 rex
991 4266 1228 4327 dictante
1275 4274 1415 4332 fama
1468 4284 1827 4353 c-zmperiens,

238 4335 473 4393 honesta
496 4347 757 4411 gravitate
785 4353 950 4408 animi
976 4360 1229 4426 patientis
1252 4366 1391 4435 tulit,
1420 4371 1529 4426 suis
1551 4335 1830 4433 dumtaxat

236 4426 514 4497 imputans
539 4442 794 4507 peccatis,
820 4446 1074 4516 quicquid
1102 4452 1155 4506 in
1203 4426 1389 4527 reguo'
1409 4463 1521 4518 suis
1574 4471 1828 4538 tempori-

237 4516 344 4570 bus
369 4520 823 4587 inconnnoditatis
856 4534 924 4566 ⁸³⁸
963 4540 1183 4597 accidit.
1215 4516 1397 4617 itaque
1427 4556 1569 4621 quod
1599 4516 1823 4627 oporrtu-

240 4619 372 4660 num
406 4619 532 4668 tunc
559 4620 797 4675 maxime
826 4624 928 4677 sibi
957 4629 1261 4699 videbatur,
1300 4619 1652 4699 dissimulatis
1706 4664 1822 4702 om-

238 4699 419 4766 nibus,
479 4720 596 4775 quae
628 4711 706 4766 eis
751 4718 1087 4785 acciderant,
1146 4728 1370 4783 nuncios
1408 4734 1476 4786 ad
1522 4733 1818 4796 Bolizlaum

239 4792 407 4859 misit,
452 4802 711 4859 mandans
742 4806 816 4872 ei,
855 4808 900 4862 si
936 4820 1140 4869 terram
1176 4834 1347 4888 nuper
1389 4838 1420 4877 a
1474 4839 1532 4878 se
1585 4843 1815 4900 occupa-

243 4889 349 4935 tam
373 4885 438 4939 de
458 4904 548 4943 sua
573 4898 775 4964 gratia,
826 4908 886 4953 ut
908 4900 996 4968 jus
1024 4885 1305 4977 antiquum
1362 4916 1534 4983 poscit
1558 4919 1648 4983 "7,
1680 4885 1812 4977 reti-

244 4988 369 5030 nere
388 4979 591 5051 sibique
614 4988 668 5044 in
696 4992 956 5048 omnibus
989 4997 1218 5057 fideliter
1261 5004 1423 5061 vellet
1470 5010 1701 5077 servire,
1752 5032 1810 5072 se

310 5197 373 5231 .u
399 5216 451 5255 se
474 5206 606 5264 dce.“
644 5218 710 5264 Α,
744 5213 805 5264 S.
884 5216 954 5248 ’³³
978 5221 1228 5264 ΙιηΙῖεΙσιιιο
1254 5228 1287 5263 θ
1382 5229 1454 5261 ⁸³⁵
1488 5246 1741 5264 Ilo-vuln“
1794 5247 1809 5264 ⁸

1966 1879 2021 1925 et
2050 1873 2117 1927 de
2140 1874 2373 1931 inimicis
2397 1878 2851 1939 familiarissimos
2876 1886 3054 1941 effecit
3084 1889 3257 1959 (6“).

2035 1965 2123 2018 20.
2156 1966 2287 2022 Post
2316 1970 2427 2025 haec
2457 1974 2795 2042 rogationum
2823 1978 2893 2011 ’δ’
2918 1979 3089 2034 diesa
3119 1981 3323 2045 Christi
3376 1984 3549 2040 ﬁdeli-

1962 2057 2065 2112 bus
2088 2059 2291 2129 jngitcr
2318 2063 2573 2119 colendas
2606 2065 2917 2141 Merseburg
2946 2072 3331 2140 celebrans,de
3356 2086 3547 2145 aperta

1962 2149 2219 2205 Bolizlavi
2268 2153 2423 2209 ducis
2476 2166 2529 2211 et
2585 2156 2822 2214 lleinrici
2876 2165 3207 2220 marchionis
3253 2168 3549 2223 rebellione

1962 2238 2265 2295 intimatum
2301 2253 2406 2298 est.
2468 2244 2783 2303 Proximum
2836 2261 3176 2319 pentecostes
3239 2256 3436 2311 festum
3491 2260 3546 2313 in

1959 2327 2283 2387 Halverstidi
2307 2349 2339 2388 a
2380 2350 2501 2406 rege
2524 2337 2827 2393 celebratur
2856 2340 3010 2411 (Mai.
3040 2344 3148 2415 16).
3179 2344 3309 2400 Post
3343 2348 3457 2401 haec
3478 2350 3547 2401 ad

1957 2418 2255 2475 Bawariam
2282 2425 2529 2491 tendens,
2568 2426 2881 2483 lleinricum
2909 2433 3110 2487 auxilio
3153 2435 3409 2490 Bolizlavi
3458 2452 3543 2491 re-

1958 2511 2236 2567 sistentem
2262 2515 2434 2583 primo
2464 2518 2776 2585 devincere,
2826 2531 3119 2592 posteaque
3169 2526 3373 2594 positas
3411 2527 3478 2559 ’“
3510 2544 3543 2584 a

1957 2599 2111 2671 longe
2139 2602 2361 2658 insidias
2389 2620 2641 2663 amovere
2672 2618 2922 2666 conatur.
2953 2612 3231 2687 Comperit
3271 2618 3435 2671 etiam
3469 2618 3539 2671 ad

1956 2692 2075 2755 hoc,
2109 2696 2251 2763 quod
2284 2697 2548 2756 Ernastns
2577 2701 2641 2757 ab
2669 2718 2733 2757 eo
2762 2719 2934 2776 nuper
2962 2707 3261 2765 honoratus
3311 2719 3365 2765 ct
3389 2711 3542 2767 doin-

1957 2800 2058 2839 nus
2087 2786 2289 2855 Brimo,
2318 2789 2489 2846 frater
2510 2808 2638 2848 suus
2665 2794 2833 2864 (642),
2868 2813 2989 2852 cum
3016 2815 3080 2853 co
3107 2800 3310 2870 injuste
3326 2803 3541 2873 conspi-

1954 2887 2228 2943 ravcrant,
2264 2880 2576 2948 ignorantes
2603 2886 2746 2953 quod
2769 2889 3027 2957 scriptum
3061 2900 3144 2947 est
3185 2909 3199 2946 :

2105 2990 2279 3047 Virtus
2304 2996 2511 3051 consilii
2533 3014 2715 3067 expers
2739 3001 2873 3055 male
2921 3005 3023 3058 ruit
3065 3021 3187 3059 sua.

2797 3093 2955 3164 (Hon.
2990 3111 3073 3163 ιιι,
3112 3097 3169 3164 4,
3211 3097 3329 3169 65.)

1948 3199 2065 3255 Rex
2088 3209 2268 3258 autem
2310 3204 2378 3259 ob
2406 3204 2701 3259 sedandam
2730 3206 2926 3263 horum
2952 3213 3326 3282 arrogantiam
3379 3213 3537 3270 fami-

1946 3290 2109 3347 liares
2146 3309 2272 3349 suos
2317 3296 2713 3363 undiquesecus
2748 3300 3029 3370 colligens,
3078 3302 3316 3359 intrante
3356 3305 3536 3376 Augu-

1945 3393 2029 3437 sto
2073 3386 2141 3418 9“
2170 3388 2310 3441 bona
2371 3389 2567 3457 prefati
2626 3392 2840 3449 comitis
2898 3396 3200 3453 invadendo
3250 3404 3531 3469 vastavit,

1944 3486 2194 3543 cumque,
2227 3478 2556 3549 ubicumque
2601 3492 2753 3536 extra
2804 3485 2992 3539 urbem
3053 3489 3245 3556 potuit,
3303 3491 3533 3546 invitum

1945 3563 2163 3621 latitare
2194 3569 2474 3637 compulit.
2506 3570 2660 3625 Dicat
2683 3574 2902 3644 aliquis,
2939 3592 3043 3630 non
3087 3580 3342 3648 ignorans
3396 3598 3528 3636 cau-

1943 3669 2057 3708 sam
2102 3666 2265 3710 tantae
2295 3662 2740 3729 presumptionis,
2796 3668 3106 3720 necessario
3138 3684 3261 3723 eum
3303 3671 3404 3724 hoc
3452 3671 3530 3726 fe-

1941 3746 2108 3810 cisse;
2164 3748 2572 3805 sublimioribus
2618 3768 2723 3806 non
2801 3770 3100 3825 congruere
3144 3762 3527 3828 potestatibus,

1942 3844 2048 3889 tam
2075 3836 2303 3892 firmiter
2330 3841 2593 3907 promissa
2623 3840 2683 3911 (f.
2708 3842 2838 3911 89’),
2866 3846 3118 3915 cuiquam
3153 3849 3384 3905 fideliter
3411 3868 3525 3907 scr-

1938 3927 2100 3981 vienti
2151 3929 2471 3984 subtrahere
2533 3932 2983 4006 tlevotioncmque
3035 3949 3337 3995 ceterorum
3396 3943 3525 3997 aba-

1937 4018 2159 4073 lienare.
2186 4021 2391 4086 Quibus
2432 4022 2710 4094 reciproco
2744 4042 2757 4078 :
2792 4042 2900 4082 non
2939 4028 3099 4083 ullam
3135 4032 3185 4085 in
3215 4033 3315 4087 hoc
3339 4034 3520 4088 seculo

1936 4126 2056 4165 esse
2077 4111 2527 4180 dominationem,
2564 4117 2725 4171 nisia
2762 4118 2902 4185 Deo;
2962 4130 3015 4175 et
3068 4123 3159 4193 qui
3210 4140 3268 4180 se
3326 4135 3517 4181 contra

1935 4216 2053 4256 eam
2085 4204 2279 4272 erigat,
2332 4205 2526 4259 divinze
2578 4209 2875 4278 niajestatis
2921 4210 3180 4269 offensam
3233 4215 3513 4283 incurrat;

1935 4294 2274 4347 subitancam
2345 4295 2541 4364 iniquae
2594 4301 2792 4354 mentis
2834 4301 3165 4358 inﬂationem
3233 4307 3514 4375 pacientia;

1932 4383 2294 4453 gubernaculo
2322 4385 2515 4441 debere
2548 4390 2771 4457 retrahi,
2801 4396 2854 4444 et
2899 4407 3020 4446 cum
3078 4395 3269 4450 humili
3316 4398 3513 4468 suppli-

1854 4469 1904 4528 D
1932 4473 2142 4527 catione
2173 4476 2594 4532 consolationem
2622 4491 2913 4551 expectare
2940 4485 3041 4539 sibi
3096 4489 3361 4544 veraciter
3390 4505 3514 4559 pro-

1926 4561 2195 4630 futuram;
2224 4568 2506 4637 sociusque
2537 4571 2773 4628 arbitror
2807 4589 2947 4633 esse.
2972 4577 3146 4633 alcius
3199 4579 3268 4635 de
3323 4581 3410 4634 die
3459 4581 3513 4635 in

1927 4654 2068 4708 diem
2101 4658 2419 4722 ascendere,
2461 4673 2623 4726 quam
2658 4664 2873 4715 ruinam
2916 4663 3381 4735 inexuperabilem
3428 4683 3517 4721 Stl-

1922 4744 2039 4799 bito
2062 4742 2134 4775 ’⁸³
2160 4746 2460 4803 incurrere.
2512 4749 2772 4808 Libenter
2801 4762 3056 4822 nepotem
3108 4772 3287 4812 meum
3336 4757 3518 4824 aliqua

1922 4853 1990 4893 ex
2022 4848 2176 4906 parte
2206 4841 2582 4904 defenderem,
2611 4843 2656 4895 si
2709 4845 2998 4900 veritatem
3022 4863 3051 4901 a
3082 4850 3295 4903 cunctis
3344 4846 3517 4899 ﬁdeli-

1921 4932 2025 4985 bus
2049 4930 2424 4991 honorandam
2459 4935 2701 5005 polluere
2733 4939 3012 4993 auderem.
3053 4941 3365 5008 Approbata
3394 4939 3562 4993 sunt.

1921 5021 1978 5076 in
2007 5023 2195 5083 multis
2227 5026 2576 5096 antiquorum
2629 5028 2919 5094 proverbia
2947 5044 2961 5084 :
2986 5031 3287 5086 inveterata
3334 5028 3521 5101 populi

1542 5122 1777 5182 VARl/E
1816 5132 2227 5202 LECTIONEs.

2138 5262 2170 5270 Α
