4042 5300
539 366 681 427 1299

1472 373 1853 435 't‘lllETMARl
1888 380 2197 440 EPISCOPI
2234 384 2858 458 MERSEBURGENSIS

3679 384 3807 442 £300

532 487 774 545 facinora
798 503 993 560 parere
1018 504 1156 546 nova
1188 490 1313 547 mali
1341 494 1562 564 pudoris
1585 497 1932 553 detrimenta.
1956 498 2120 555 Nam—
2142 504 2197 564 Α
2223 504 2471 573 capitalis
2491 505 2759 561 sententia
2790 520 2820 559 a
2844 502 3115 577 iudicibus
3162 503 3493 568 decernitur,
3544 516 3675 574 quas
3700 500 3807 559 Ha-

533 593 641 649 que
676 580 817 650 patri
851 584 992 653 regis
1027 582 1239 654 genitor
1268 583 1426 639 istius
1461 600 1567 641 non
1610 598 1671 642 ut
1722 588 1900 653 miles,
1937 590 2030 646 sed
2058 600 2119 646 ut

533 670 788 725 inimicus
813 687 939 741 sape
970 673 1192 734 resistit,
1248 675 1745 748 imperatorumque
1795 689 2027 748 partem,
2059 688 2119 735 ut

536 761 653 831 ipse
680 775 908 819 testatus
934 776 1040 827 est,
1081 765 1151 820 ob
1191 767 1567 824 conﬁrmatam
1600 774 1961 826 sacramentis
1990 788 2115 843 gra-

537 855 664 908 tiam
698 857 923 925 adjuvit.
954 857 1214 913 Similiter
1237 870 1289 914 et
1320 862 1421 916 iste
1448 878 1621 933 usque
1653 864 1704 917 in
1747 864 1906 919 linem
1939 865 2114 920 ultimi

534 944 748 1002 Ollottis
773 950 822 1002 ei
852 952 1020 1004 lidelis
1047 961 1188 1040 (ξιιμ,
1218 953 1526 1024 sen'orique
1578 971 1676 1009 suo
1707 971 1876 1025 usque
1901 958 1967 1010 ad
2001 957 2114 1011 hazc

533 1038 771 1092 in‘clicfa
821 1053 1084 1096 sneatme
1131 1038 1483 1098 ministrabat
1540 1055 1803 1114 tempora.
1870 1046 1966 1101 Set
2002 1048 2113 1117 regi

526 1142 741 1185 secreto
781 1133 977 1188 mentis
1008 1134 1206 1190 latebat
1244 1146 1516 1205 repostum
1542 1136 1691 1209 (645)
1724 1137 1895 1207 patris
1922 1139 2113 1208 suique

526 1221 676 1276 zelus
713 1221 1015 1284 inlinitum.
1033 1224 1204 1294 Spero
1228 1235 1432 1289 autem,
1471 1229 1612 1297 quod
1662 1228 1764 1284 huc
1815 1245 1976 1284 omne
2015 1246 2113 1299 pro

528 1328 718 1367 amore
756 1315 956 1369 Cbzisti
1018 1316 1243 1371 inultttm
1296 1308 1509 1387 semper
1553 1317 1625 1352 °“
1671 1317 2019 1390 relinqueret,
2068 1321 2111 1375 si

528 1405 673 1462 hunc
708 1415 813 1461 tam
846 1409 1141 1464 crudeliter
1164 1419 1220 1465 et
1249 1427 1371 1466 cum
1403 1413 1615 1467 caeteris
1664 1413 1764 1468 sibi
1820 1412 2114 1469 contrariis

528 1494 587 1562 (f.
631 1497 721 1566 90)
753 1512 940 1567 aperte
978 1501 1079 1555 sibi
1109 1502 1428 1557 renitentem
1475 1520 1581 1559 non
1641 1515 1908 1561 cerneret.
1950 1505 2114 1561 licin-

533 1588 683 1641 ricus
730 1592 972 1645 marchio
1019 1594 1269 1662 quamvis
1310 1595 1364 1649 in
1412 1598 1513 1651 hoc
1551 1599 1779 1653 crimine
1826 1598 1970 1654 solus
2000 1599 2113 1653 cnl-

521 1680 722 1748 pabilis
773 1693 1080 1751 appareret,
1142 1695 1320 1742 tamen
1363 1676 1568 1758 absque
1617 1691 1842 1746 consilio
1882 1691 2111 1745 aliorum

524 1768 631 1824 hoc
661 1774 916 1840 primitus
941 1792 1046 1830 non
1080 1779 1413 1848 aggreditur.
1475 1781 1540 1834 Et
1591 1764 1717 1850 quia
1772 1796 1872 1853 pro
1917 1796 2111 1850 magno

525 1856 796 1915 dedecore
835 1864 886 1917 in
938 1866 1039 1920 hoc
1093 1868 1277 1922 seculo
1331 1870 1576 1937 proditor
1627 1871 1875 1935 habetur,
1922 1871 2113 1924 maluit

521 1950 632 2007 hoc
654 1955 988 2011 conscientia
1020 1960 1258 2028 gementi
1293 1960 1493 2025 celare,
1531 1978 1692 2033 quam
1739 1964 1821 2017 sui
1853 1963 2113 2017 damnum

522 2043 750 2098 aliorum
778 2062 975 2119 angere
994 2050 1368 2117 detrimentis;
1394 2063 1447 2108 et
1473 2053 1542 2107 ob
1571 2056 1682 2108 hzcc
1708 2053 1799 2124 qui
1846 2055 1994 2123 prius
2034 2054 2114 2108 vi-

519 2132 694 2189 riliter
712 2152 865 2192 suam
900 2140 967 2194 ab
994 2141 1091 2196 hos
1115 2158 1146 2195 e
1170 2143 1457 2201 defendere
1478 2146 1682 2200 studuit
1708 2147 1958 2216 patriam,
1986 2154 2114 2201 tunc

521 2229 730 2297 aperuit
764 2231 887 2285 huic
912 2232 962 2285 in
994 2234 1232 2302 rapinam
1267 2236 1601 2305 mittiturpte
1637 2237 1683 2290 ei
1715 2236 1853 2291 clam
1883 2252 1913 2290 a
1940 2235 2113 2291 Boliz-

520 2316 644 2372 lavo
670 2320 927 2374 auxilium
958 2323 1088 2376 nihil
1119 2324 1220 2377 sibi
1244 2327 1463 2379 omnino
1491 2327 1811 2395 proiicmnn.

589 2410 677 2463 2i.
717 2408 964 2465 Venirnti
988 2424 1166 2468 autem
1191 2426 1319 2470 tunc
1352 2417 1462 2487 regi
1489 2418 1553 2471 ad
1578 2418 1882 2488 locum,qni
1910 2418 2113 2474 Hatlte-

519 2500 796 2572 rcsbrtrgli
822 2503 892 2535 m
916 2505 1062 2576 (644)
1094 2508 1305 2567 dicitur.
1340 2524 1555 2565 omnem
1607 2514 1917 2567 thesaurum
1954 2528 2108 2566 suum

521 2604 581 2644 se
622 2595 997 2660 precedentztm
1054 2597 1330 2664 Maganns,
1382 2601 1599 2655 comitis
1654 2602 1883 2671 predicti
1934 2603 2106 2667 miles,

517 2696 640 2735 cum
671 2685 787 2738 suis
808 2688 1053 2754 corripit,
1104 2704 1168 2743 ac
1217 2699 1328 2745 tum
1378 2691 1520 2746 intra
1572 2708 1629 2747 se
1678 2694 2003 2757 dividentes.
2041 2696 2108 2750 ad

515 2775 859 2831 Amarlelam
891 2780 1053 2834 civita
1080 2795 1165 2835 em
1204 2783 1351 2854 (64ἷὶ)
1403 2784 1541 2839 lctus
1594 2788 1900 2842 revertitur.
1964 2787 2110 2854 Quos

515 2879 612 2919 rex
643 2883 783 2937 pauc
807 2871 1082 2927 insecutus
1108 2875 1346 2940 possedit
1376 2875 1468 2940 Μ.
1494 2880 1914 2947 compositisque
1934 2880 2107 2934 bello-

516 2971 636 3011 run
671 2957 1014 3015 instrumenti
1051 3003 1065 3025 ,
1097 2978 1190 3019 eos
1229 2965 1388 3019 vitam
1413 2967 1609 3032 solum,
1668 2970 1871 3023 reddita
1902 2969 2034 3024 urbe
2055 2978 2110 3024 ct

514 3050 727 3118 preda,
791 3052 916 3108 litis
981 3056 1429 3114 iutercessorilms
1499 3061 1769 3129 postulare
1828 3064 2105 3133 compulit,

519 3136 598 3190 Τιι
642 3155 673 3193 c
698 3142 970 3198 destructa
996 3162 1075 3213 pc.
1105 3147 1210 3202 itus
1237 3150 1449 3212 eadem,
1478 3153 1756 3221 divisaque
1785 3154 1929 3207 inter
1981 3170 2109 3208 suos
2137 3194 2177 3221 ,ς

514 3229 859 3287 Polcniorutn
891 3234 1138 3290 multitnd
1165 3253 1249 3300 ne,
1285 3254 1376 3293 rex
1430 3240 1555 3295 inde.
1600 3244 1665 3296 ad
1708 3242 1901 3298 Crnsni
1958 3243 2105 3314 (646)
2136 3229 2179 3251 ”

519 3321 821 3385 castellum,
848 3324 899 3376 in
928 3342 975 3396 qi
1002 3343 1035 3379 υ
1064 3325 1231 3380 frater
1262 3330 1473 3383 comitis
1524 3330 1779 3391 llcinrlci.
1814 3333 1988 3388 Bucco
2011 3350 2109 3388 no-

519 3410 690 3473 mine,
719 3420 989 3467 uotmnam
1026 3431 1178 3468 suam
1210 3414 1536 3486 Gerbergam
1566 3436 1688 3473 cum
1748 3421 1873 3477 filiis
1922 3431 2107 3478 custo—

519 3499 636 3553 dire
661 3501 908 3566 debebat,
939 3506 1301 3573 proficiscitur
1329 3509 1419 3562 “7.
1454 3511 1644 3566 Exerci
1678 3528 1764 3567 ttm
1793 3524 1970 3570 autem
2006 3531 2107 3569 un-

520 3592 611 3662 diq
656 3610 844 3649 esecns
894 3599 1375 3655 circum-rdemem
1425 3602 1708 3659 lleinricns
1755 3621 1936 3660 comes
1987 3623 2109 3661 cum

523 3686 637 3739 suis
664 3687 903 3743 ere-rius
933 3690 1278 3759 inpugnabat,
1314 3708 1420 3762 quo
1454 3694 1575 3746 dam
1605 3694 1913 3761 \‘nlneians,
1941 3696 2107 3753 alias-

522 3790 627 3853 que
660 3776 875 3843 incanae
908 3779 1237 3843 furunculum
1290 3784 1443 3853 cquis
1490 3783 1549 3854 (f.
1580 3787 1687 3854 90’)
1720 3801 2109 3859 congregantes

518 3883 555 3937 p
591 3870 754 3923 t'imit.
787 3870 832 3936 Q
871 3872 938 3925 od
963 3874 1247 3943 tteampliu
1301 3876 1417 3942 fieri
1452 3877 1736 3945 potnitet,
1770 3895 1861 3936 rex
1897 3883 2109 3937 curiose

518 3965 725 4030 providi
755 4003 773 4030 ,
804 3966 918 4033 posi
951 3967 993 4017 is
1021 3967 1280 4020 minibus
1313 3969 1741 4038 quadringentis,
1790 3972 2108 4044 hostemque

520 4056 814 4110 Secrctiora
870 4058 1147 4128 cujusdam
1195 4058 1266 4091 ’”
1325 4060 1476 4114 vallis
1513 4076 1700 4131 petere
1748 4064 1866 4118 loca
1910 4066 2106 4135 coegit.

518 4148 687 4218 Quem
721 4149 791 4204 ibi
833 4162 1012 4205 castra
1038 4160 1329 4214 metantem
1353 4154 1539 4207 ruitici
1569 4156 1727 4210 unius
1768 4157 2109 4216 incontinens

516 4240 697 4309 lingua
727 4242 1041 4307 custodibus
1071 4243 1326 4313 prodidit.
1365 4243 1449 4304 Ilii
1479 4252 1655 4299 autem
1687 4245 1846 4300 tit-.dii
1894 4247 2108 4301 fervore

523 4332 632 4385 diei
662 4332 752 4387 illo
785 4332 1080 4389 latentibus
1139 4335 1422 4392 tendrntcs
1477 4335 1706 4404 insidiis,
1767 4346 1824 4393 ut
1873 4340 2106 4408 primum

516 4432 699 4477 castra
727 4425 857 4478 visis
881 4440 1147 4495 agnovere
1179 4428 1446 4491 tentoriis,
1468 4429 1517 4480 al
1527 4437 1574 4481 ta
1602 4443 1732 4483 voce
1753 4443 1848 4498 per
1872 4427 2108 4485 kitieleiv

2218 597 2453 666 gontina:
2502 597 2885 667 archipresnlis
2932 595 3184 667 Willigisi
3237 594 3635 651 intercessione
3684 610 3809 667 sup.

2219 685 2341 754 plici
2384 694 2440 741 et
2490 702 2611 757 qua:
2674 687 2785 758 regi
2841 685 3051 756 placuit
3094 686 3463 756 redemptione
3492 694 3801 740 amaretur.

2218 775 2370 831 Tune
2395 779 2575 831 audita
2607 779 2840 833 senioris
2868 779 2950 833 sui
2984 779 3128 848 fuga,
3187 776 3368 832 Bucco
3415 791 3607 831 comes
3655 775 3806 845 gravi

2216 866 2401 922 dolore
2434 869 2764 932 concutitur,
2792 884 2858 923 ac
2889 870 3017 938 quid
3045 869 3145 924 sibi
3176 878 3304 923 tunc
3334 865 3405 899 ’δ’
3434 866 3580 921 foret
3604 864 3806 920 faciem

2217 956 2365 1021 dum,
2429 959 2609 1011 socios
2656 958 2908 1013 consulit.
2960 957 3235 1028 Aquibus
3288 957 3505 1013 diversa
3560 955 3808 1025 percepit

2216 1060 2495 1114 responsa.
2519 1046 2746 1113 Quidam
2775 1048 3049 1114 dixerunt,
3074 1048 3144 1103 ob
3168 1048 3328 1103 tidem
3355 1046 3560 1102 seniori
3604 1045 3805 1100 suimet

2215 1136 2537 1205 promissam
2589 1153 2654 1192 ae
2697 1139 2964 1209 ignaviam
3017 1149 3277 1210 perpetuo
3322 1140 3403 1195 eis
3444 1137 3804 1210 inputandam

2214 1229 2352 1282 mori
2380 1229 2559 1295 malle,
2588 1246 2748 1299 quam
2775 1231 2960 1287 urbem
2987 1248 3108 1286 cum
3141 1232 3233 1293 tali
3276 1231 3501 1303 pignore
3527 1229 3646 1300 regi
3684 1244 3801 1283 utne

2215 1332 2377 1388 quam
2405 1320 2564 1387 dare;
2594 1323 2885 1392 superstite
2909 1324 3087 1379 adhuc
3116 1324 3341 1379 seniore
3371 1338 3494 1388 suo,
3537 1320 3804 1376 auxilium

2214 1428 2431 1486 semper
2468 1431 2687 1486 sperare
2724 1416 3086 1487 profuturum.
3136 1417 3240 1473 Alii
3289 1427 3493 1481 autem,
3547 1416 3645 1487 qui
3685 1414 3804 1483 plus

2215 1506 2496 1574 sapiehant
2521 1506 2583 1576 (f.
2608 1507 2725 1576 9|),
2760 1523 2898 1577 aque
2950 1510 3176 1564 torrenti
3231 1516 3288 1563 et
3340 1507 3545 1563 homini
3591 1505 3804 1575 potenti

2215 1597 2447 1651 arduum
2478 1611 2600 1652 esse
2655 1599 2997 1654 testabantur
3049 1603 3335 1662 resistere;
3390 1596 3637 1652 devictos
3681 1608 3804 1648 raro

2214 1696 2309 1741 aut
2333 1704 2625 1758 numquam
2660 1690 2957 1760 promereri
2987 1690 3229 1755 veniam;
3256 1688 3553 1744 incolomes
3570 1696 3631 1741 et
3654 1684 3802 1739 nullo

2214 1794 2273 1835 se
2305 1789 2432 1835 tunc
2458 1782 2678 1836 vulnere
2707 1782 2969 1846 tardatos,
2995 1798 3119 1837 cum
3147 1782 3363 1836 domina
3410 1780 3616 1835 suimet
3634 1786 3801 1832 caue-

2143 1847 2185 1905 Β
2218 1872 2398 1943 risque
2423 1874 2580 1927 bonis
2618 1889 2682 1928 ac
2714 1874 3013 1944 hospitibus
3044 1874 3275 1928 abeundi
3325 1872 3604 1927 licentiam
3655 1868 3802 1940 apud

2215 1978 2394 2034 regem
2424 1964 2803 2030 imploraturos
2832 1963 3191 2022 affirmabant.
3245 1963 3475 2027 Horum,
3502 1970 3565 2016 ut
3586 1961 3801 2029 opinor,

2213 2055 2439 2110 consilio
2465 2067 2647 2110 custos
2678 2055 2919 2125 ejusdem
2950 2056 3188 2110 civitatis
3216 2054 3395 2109 Bucco
3424 2068 3551 2108 cum
3598 2051 3802 2106 Ottone

2213 2160 2473 2214 germano
2499 2146 2698 2199 suimet
2727 2145 2945 2199 domino
2974 2146 3228 2214 loquitur,
3255 2144 3480 2213 ejusque
3528 2139 3804 2210 suffragiis

2212 2237 2400 2291 utbem
2428 2235 2589 2305 regia:
2614 2236 2864 2306 potestati
2895 2236 3142 2299 tradidit;
3171 2234 3284 2304 ipse
3310 2241 3494 2287 autem
3544 2247 3671 2285 cum
3691 2244 3806 2284 orn.

2212 2330 2374 2385 nibus
2410 2329 2510 2383 sibi
2538 2330 2844 2384 commissis
2866 2344 3090 2384 securus
3125 2329 3279 2383 abiit.
3319 2325 3626 2382 Confestim
3663 2325 3802 2378 civi-

2212 2430 2297 2476 tas
2326 2422 2586 2477 radieitus
2615 2423 2753 2477 dirtti
2786 2438 2815 2475 a
2848 2436 2975 2491 rege
3012 2422 3263 2492 iubetur;
3320 2430 3403 2476 set
3444 2418 3803 2490 parcentibus

2213 2516 2373 2585 hujus
2397 2514 2472 2570 rei
2510 2512 2847 2581 auctoribus,
2877 2530 3071 2586 magna
3094 2520 3339 2585 exparte
3375 2527 3504 2568 cum
3555 2509 3802 2567 aediliciis

2211 2614 2479 2662 serratur.

2280 2697 2371 2752 22.
2429 2697 2649 2751 interim
2693 2696 2819 2751 dum
2877 2710 2974 2751 rex
3028 2693 3265 2751 Heinrici
3329 2693 3551 2749 comitis
3607 2691 3801 2747 urbem

2211 2786 2403 2843 Crnsni
2442 2799 2684 2843 vocatam
2716 2788 2973 2859 possedit,
3032 2788 3334 2843 Bolizlavus
3363 2802 3486 2842 eum
3526 2787 3581 2840 in
3624 2785 3802 2855 aliquo

2214 2881 2396 2936 ledere
2422 2896 2708 2951 sumopere
2749 2881 2934 2936 nisus.
2963 2881 3102 2934 clam
3145 2881 3441 2943 exercitum
3468 2878 3709 2948 colligit,
3747 2886 3801 2934 et

2213 2989 2311 3043 per
2340 2974 2556 3027 nuntios
2593 2974 2788 3027 suimet
2826 2971 3171 3027 Guncilinum
3203 2969 3424 3025 fratrem
3464 2979 3713 3031 ortatur,
3745 2976 3801 3022 ut

2213 3080 2422 3119 memor
2466 3065 2634 3118 ﬁrma:
2677 3064 3053 3133 promissionis
3093 3062 3278 3117 urbem
3321 3060 3651 3115 Misnensem
3692 3073 3798 3114 sua:

2214 3157 2463 3211 redderet
2494 3156 2694 3210 dicioni
2721 3156 3133 3224 amiciciamqne
3168 3161 3454 3207 renovaret
3490 3151 3794 3220 pristinam.

2210 3244 2304 3304 ille
2334 3259 2511 3302 autem
2544 3247 2743 3311 sciens,
2777 3247 2937 3301 istius
2969 3247 3215 3316 ingressu
3245 3261 3274 3299 a
3302 3245 3475 3315 gratia
3506 3243 3655 3314 regis
3690 3252 3794 3296 eta

2212 3341 2464 3397 demonio
2480 3341 2550 3381 ’⁵ο
2571 3339 2660 3394 tali
2686 3354 2745 3394 se
2767 3340 2992 3409 penitus
3013 3337 3288 3393 exclusum
3313 3336 3504 3396 fuisse,
3532 3332 3796 3388 mandatis

2211 3429 2411 3486 talibus
2457 3432 2748 3501 respondet
2803 3449 2816 3486 :
2869 3430 3062 3485 Omnia
3103 3446 3221 3501 qua:
3267 3439 3457 3500 praeter
3499 3429 3617 3481 lucc
3658 3443 3691 3479 α
3722 3440 3797 3478 nu

2211 3525 2424 3596 expetis,
2468 3525 2654 3593 frater,
2696 3525 2914 3579 libenter
2948 3525 3193 3592 inpendo,
3226 3533 3274 3576 et
3306 3522 3354 3575 si
3394 3535 3652 3589 umquam
3692 3518 3797 3571 Iace

2210 3618 2441 3688 faciendi
2466 3617 2525 3682 (f.
2554 3616 2660 3687 9P)
2691 3616 3021 3686 aporttmitas
3051 3616 3263 3676 accidit,
3294 3630 3396 3667 non
3421 3628 3631 3666 retuso.
3666 3610 3796 3665 Sura

2213 3725 2413 3761 merum
2436 3708 2654 3762 senioris
2676 3708 2775 3761 mei
2795 3705 3064 3768 satellites,
3090 3707 3178 3775 qui
3206 3704 3332 3758 talia
3358 3719 3462 3761 non
3480 3701 3793 3771 patiuntur;

2212 3812 2261 3854 et
2284 3802 2328 3854 si
2348 3803 2445 3854 hoc
2464 3802 2782 3870 publicator,
2805 3801 2906 3853 vita
2929 3815 3042 3852 mea
3066 3814 3183 3851 cum
3209 3796 3472 3857 omnibus,
3492 3809 3616 3863 quis
3635 3791 3799 3861 passi-

2211 3891 2331 3956 dco,
2366 3893 2711 3961 periclitatur.
2751 3890 2863 3944 llac
2905 3889 3176 3958 legatione
3203 3896 3447 3957 accepta,
3491 3884 3797 3951 Bolizlavus

2212 3984 2574 4038 internuntios
2612 3984 2868 4038 custodiri
2896 3992 2948 4037 et
2983 3982 3249 4053 legionem
3285 3982 3351 4035 ad
3382 3980 3563 4035 Albim
3598 3993 3796 4049 prope:

2213 4091 2337 4130 rare
2380 4074 2562 4141 jussit.
2616 4074 2715 4129 llic
2752 4073 3067 4144 qualitatem
3114 4075 3372 4128 valorutn
3414 4081 3633 4127 secreto
3678 4084 3799 4139 per-

2210 4168 2452 4238 quircns,
2471 4181 2627 4220 mane
2645 4166 2785 4222 facto
2802 4167 2915 4235 ipse
2930 4166 3379 4235 msubsequitur,
3394 4173 3450 4219 et
3471 4165 3539 4217 ad
3562 4160 3797 4217 Strebm

2211 4258 2508 4320 civitatem,
2545 4257 2669 4325 quia
2699 4271 2809 4310 suae
2839 4257 2936 4312 dos
2973 4265 3094 4311 erat
3125 4255 3247 4310 tiliae
3270 4255 3442 4325 (647),
3475 4254 3794 4315 demandat,

2212 4355 2269 4401 ttt
2301 4361 2401 4401 nec
2426 4346 2526 4404 sibi
2566 4347 2855 4416 quicquam
2894 4347 3165 4409 timerent,
3200 4360 3377 4417 neque
3402 4359 3526 4399 cum
3556 4343 3795 4397 clamore

2212 4436 2361 4491 illato
2399 4437 2713 4492 convicinos
2755 4436 2823 4491 de
2867 4437 2971 4492 bac
3009 4452 3069 4491 re
3115 4448 3296 4492 certos
3336 4434 3636 4492 edicerent.
3689 4433 3798 4487 Nec

516 4530 615 4572 son
638 4516 806 4570 sotios
833 4528 1211 4582 eonvocantes,
1238 4520 1443 4586 hostes,
1503 4520 1709 4576 relictis
1739 4522 1935 4583 ibidem
1986 4537 2106 4577 om-
2132 4545 2183 4606 υ
2211 4541 2392 4591 mora,
2420 4529 2695 4584 exercitus
2724 4527 2880 4596 jussu
2911 4528 3064 4583 ducis
3092 4528 3147 4582 in
3168 4534 3405 4598 quatuor
3431 4524 3717 4586 dividitur,
3742 4532 3798 4579 et

516 4608 678 4662 nibus
707 4609 840 4675 suis,
872 4619 1027 4677 capto
1048 4610 1219 4671 solum
1254 4612 1502 4677 Ernasto,
1530 4612 1853 4682 elfugarunt.
1881 4614 2103 4671 “eversi

516 4709 649 4756 tunc
681 4703 821 4756 idem
845 4716 911 4756 ex
940 4717 1130 4770 magna
1154 4711 1303 4770 parte
1333 4702 1537 4766 tristes,
1587 4701 1816 4758 eilitiunt
1845 4706 2108 4765 οοιιειιιιιιερ

515 4806 598 4852 tes
622 4794 912 4855 admodum
932 4792 1206 4863 ltetantes;
1258 4803 1678 4867 presentatoque
1725 4798 1837 4869 regi
1867 4798 2100 4867 captivo,

2214 4618 2282 4672 ad
2302 4619 2450 4673 Cirin
2466 4618 2744 4673 castellum
2761 4618 2911 4689 (διε)
2926 4633 3152 4687 vespere
3172 4616 3449 4673 conveniri
3472 4614 3792 4684 precipitur.

2212 4707 2341 4763 Duae
2368 4708 2438 4740 ’⁵⁸
2469 4717 2648 4765 autem
2680 4710 2972 4780 phalanges
2999 4710 3306 4779 premissze,
3340 4723 3409 4763 ne
3437 4707 3522 4761 sui
3555 4706 3794 4775 aliquam

2213 4817 2245 4857 a
2268 4805 2583 4860 marchioue
2611 4804 2910 4862 molestiam
2930 4812 3269 4875 paterentur,
3300 4802 3590 4875 providere
3614 4797 3794 4856 stude.

1802 4934 2039 4994 VARle
2077 4938 2477 4998 LECTIONES.

587 5066 659 5107 ’“
684 5081 778 5118 seu
807 5067 859 5118 1.
895 5067 1108 5118 sanius.

1189 5066 1262 5110 ⁸η
1293 5068 1367 5118 ita
1400 5068 1486 5118 la.
1510 5069 1603 5118 sed
1631 5069 1859 5118 alterum
1886 5087 1916 5118 ι·
1951 5088 2159 5118 ενηςηηι
2189 5085 2265 5118 ml
2347 5076 2819 5118 Πειιιιριιρεῆι-ιισσρ
2876 5078 2906 5118 Δ
2987 5076 3027 5118 Ω

3128 5077 3199 5110 οδε
3242 5076 3495 5118 nouerint
3557 5075 3648 5118 Ια-
3722 5068 3790 5103 ⁸³⁸
