4048 5368
496 318 521 373 i
532 317 636 373 303

1420 326 1806 393 TlllETiiAlii
1845 327 2158 384 EPISCOPI
2201 329 2830 388 MERSEBURGENSIS

3635 323 3768 380 17.04

496 434 708 492 tavente
742 437 939 510 gratia,
969 440 1192 497 habere.
1227 439 1342 499 Hoc
1370 458 1492 500 cum
1521 461 1747 518 magna,
1777 453 1837 501 ut
1869 446 2073 513 decuit,
2100 451 2154 511 Α
2179 467 2337 520 super
2361 467 2420 505 os
2441 467 2632 517 meum,
2666 451 2925 522 accipiens
2947 465 2979 504 a
3001 459 3111 503 Deo
3134 436 3541 517 insuﬂlhtionem
3562 444 3773 512 spiritus

499 526 807 583 humilitate
830 529 971 586 idem
997 534 1316 604 suscipiens,
1334 537 1547 593 veniam
1572 547 1878 609 prostratus
1901 539 2084 609 peciit.

501 618 752 676 Delatum
782 632 864 677 est
895 639 1090 695 corpus
1113 628 1504 701 archiepiscopi
1527 634 1592 685 ad
1618 643 1862 692 sanctum
1887 633 2089 688 Johan-

501 727 627 769 nem
660 713 810 787 (656)
839 716 1027 788 ibique
1055 720 1360 790 proximam
1388 733 1601 784 noctem
1633 724 1810 795 dignis
1839 737 2089 779 servatur

507 804 825 864 honor-ilius.
880 810 1102 867 Postera
1163 823 1344 869 autem
1404 815 1491 877 die
1543 832 1663 872 cum
1720 818 1785 871 ad
1840 826 2087 875 sanetum

500 904 814 976 portaretur
842 899 1177 966 Mauritium,
1207 905 1530 961 adveniente
1555 915 1683 961 tunc
1714 905 1909 961 ibidem
1936 921 2086 976 rege,

501 989 570 1042 ab
611 1006 677 1044 eo
722 991 983 1063 omnique
1029 995 1177 1049 clero
1219 1007 1270 1050 ct
1306 998 1503 1069 populo
1543 999 1868 1068 suscipitur,
1901 1014 2090 1057 secun-r

495 1080 997 1151 damquenoctem
1051 1086 1342 1157 diligenter
1390 1092 1711 1145 custoditur.
1767 1089 1922 1145 Mane
1976 1090 2087 1160 jam

497 1172 668 1236 facto,
705 1175 968 1232 Arnult‘us
1013 1180 1300 1250 episcopus
1342 1180 1487 1250 (657)
1532 1180 1594 1251 (ἰ.
1644 1181 1737 1251 94)
1772 1198 1801 1236 a
1852 1197 1978 1252 rege
2022 1181 2088 1235 ad

495 1263 803 1323 confratres
842 1276 897 1321 et
932 1270 996 1322 ad
1035 1272 1237 1325 mifites
1265 1272 1336 1305 9"
1367 1273 1656 1326 admodum
1694 1274 1879 1329 tristes
1915 1273 2089 1343 gratia

500 1355 836 1427 Taginonem
873 1363 1105 1434 eligendi
1148 1365 1402 1421 mittitur.
1444 1364 1538 1418 Cui
1574 1365 1896 1436 legationem
1934 1383 2088 1421 suam

499 1450 716 1507 cunctis
745 1454 934 1507 ordine
965 1455 1233 1525 pantlendi
1269 1456 1581 1511 Waltcrdus
1620 1460 1955 1528 respondens
1996 1474 2091 1528 pre

494 1544 749 1601 omnibus
778 1566 790 1600 :
822 1546 1051 1611 Scimus,
1078 1551 1276 1619 inquit,
1304 1552 1429 1621 quid
1453 1561 1613 1605 vester
1634 1552 1807 1606 senior
1833 1552 2087 1606 intendat.

504 1632 786 1705 Volumus,
816 1639 861 1691 si
885 1637 1001 1692 licet
1033 1639 1171 1706 ﬁeri,
1206 1652 1508 1711 potestatem
1539 1641 1728 1693 habere
1759 1640 2015 1709 eligendi;
2042 1651 2091 1695 et

499 1736 720 1785 cunctus
749 1729 1071 1797 presentibus
1104 1730 1202 1787 Itis,
1240 1747 1320 1783 me
1348 1730 1583 1799 quamvis
1620 1730 1893 1799 indignum
1922 1730 2092 1785 volue-

2189 546 2309 607 mei,
2353 555 2409 599 ut
2445 545 2755 617 ubicumque
2792 546 2980 599 ardore
2999 542 3288 613 jurentutis
3318 538 3695 600 incalescente,
3727 536 3777 591 in

2189 635 2394 705 gemina
2433 636 2653 688 caritate
2701 636 2773 689 sis
2802 634 2869 667 ⁸⁸³
2911 633 3159 704 frigidus,
3188 649 3218 684 a
3268 645 3476 684 summa
3525 636 3779 697 potestate

2189 724 2389 795 meique
2432 724 2773 779 benivolentia
2816 732 3274 793 temperamentum
3332 720 3601 788 accipias;
3650 725 3700 769 et
3739 716 3781 770 si

2191 817 2318 869 meis
2366 815 2649 871 laetioribus
2695 817 2917 886 forsitan
2955 813 3267 884 privaberis,
3310 821 3426 875 post
3472 811 3553 864 bis
3597 811 3781 880 quinos
3814 807 3827 819 '

2190 905 2387 959 soleres
2421 922 2619 971 annos,
2657 924 2776 962 eum
2819 923 2932 961 mea
2970 907 3111 970 apud
3144 904 3311 958 Deum
3352 908 3441 956 tuo
3475 902 3781 963 commissa,

2191 996 2480 1065 majoribus
2520 1012 2613 1067 pro
2647 1008 2786 1053 certo
2818 998 3095 1051 ltrtaberis.
3131 995 3256 1053 Post
3298 997 3414 1051 haec
3445 996 3534 1048 vir
3562 1002 3784 1047 sanctus

2190 1100 2312 1141 cum
2346 1086 2509 1141 linem
2547 1102 2704 1142 suum
2744 1089 2935 1142 adesse
2964 1087 3026 1157 (ἰ.
3062 1082 3155 1157 95)
3188 1088 3239 1141 in
3271 1087 3463 1156 spiritu
3496 1083 3784 1154 presciret,

2187 1177 2351 1248 jussit
2379 1192 2438 1232 se
2474 1179 2526 1233 in
2558 1179 2845 1233 ecclesiam
2877 1189 3095 1250 portare
3124 1180 3225 1245 9";
3257 1177 3599 1247 expletisque
3626 1174 3699 1227 ab
3724 1187 3785 1228 eo

2192 1272 2529 1328 orationibus
2585 1274 2904 1344 cazterisque
2958 1288 3079 1342 quia:
3133 1288 3162 1327 a
3218 1271 3479 1326 fratribus
3539 1266 3787 1323 lacienda

2193 1374 2372 1426 erant,
2425 1380 2484 1417 se
2530 1380 2655 1419 cum
2705 1365 2806 1419 sibi
2861 1363 3168 1419 commissis
3218 1364 3328 1417 Deo
3371 1361 3786 1425 commendans,

2192 1454 2365 1525 pridie
2415 1454 2682 1509 Kalendas
2724 1454 2972 1511 Octobris
3012 1453 3483 1509 sanetumemisit
3528 1452 3586 1505 in
3644 1463 3780 1520 pace

2193 1549 2441 1618 spiritum
2475 1548 2588 1619 (an.
2619 1548 2767 1617 99L).
2801 1548 3018 1602 Electus
3043 1547 3130 1601 ille
3166 1548 3234 1600 ab
3270 1543 3541 1599 universis
3578 1542 3646 1596 ad
3691 1541 3789 1607 im:

2194 1651 2504 1709 peratorem
2558 1641 2727 1704 venit,
2781 1649 2864 1695 set
2895 1639 3160 1710 promissa
3204 1654 3311 1693 non
3358 1635 3621 1707 percipit,
3662 1635 3789 1688 dato

2196 1736 2325 1783 tunc
2377 1731 2444 1784 ab
2498 1730 2820 1799 imperatore
2878 1732 3190 1800 episcopatu
3247 1727 3529 1798 capellano
3587 1727 3789 1779 suimet

504 1825 628 1870 runt
674 1818 729 1870 in
766 1833 987 1872 vacuum
1027 1822 1303 1874 succedere
1325 1861 1338 1885 ,
1376 1833 1429 1875 ut
1463 1822 1562 1891 ipsi
1604 1823 1816 1889 potestis
1850 1822 2090 1891 probare.
2124 1799 2167 1857 Β
2196 1799 3060 1876 Gcbehardo.Committiturhuic
3085 1820 3185 1875 iste
3209 1815 3792 1894 ﬁdeliter,etquamvis

416 1914 423 1921 ’
500 1905 888 1964 Detrimentum
916 1910 1165 1983 ‘wcclesia’
1200 1912 1316 1980 ﬁeri
1345 1924 1537 1969 nostra:
1572 1913 1795 1973 multum
1823 1931 2093 1979 veremur;

498 1998 640 2067 quod
693 2016 755 2053 ne
803 2002 1025 2056 eveniat!
1071 2004 1162 2067 ⁸⁷³,
1218 2006 1414 2073 regiam
1467 2006 1711 2073 pietatem
1760 2023 1823 2059 ac
1868 2014 2092 2060 vestram

494 2089 724 2157 petimus
761 2092 1204 2148 intercessionem.
1251 2093 1373 2149 Non
1411 2112 1593 2149 sumus
1633 2098 1942 2150 inmemores
1974 2110 2096 2164 pro—

500 2186 666 2249 uerbii
720 2186 997 2257 cujusdam
1046 2190 1295 2259 sapientis
1348 2190 1569 2255 (Lucan.
1625 2207 1715 2252 ut,
1773 2190 1876 2245 145
1924 2193 2032 2260 sq.)
2078 2211 2091 2248 :

499 2272 817 2329 Libertatem
871 2279 1072 2348 populi,
1119 2297 1269 2351 quem
1314 2296 1473 2349 regna
1520 2283 1810 2340 cohercent.
1858 2280 2096 2334 libertate

503 2366 826 2427 dominantis
846 2370 918 2402 m
938 2373 1126 2441 perire,
1154 2383 1455 2444 tantumque
1475 2375 1590 2443 ejus
1614 2373 1851 2428 umbram
1873 2374 2094 2437 servari,

500 2460 548 2510 si
597 2463 799 2516 cunctis
843 2463 1074 2533 ejusdem
1116 2465 1235 2520 velit
1280 2467 1633 2536 obtemperare
1668 2467 1953 2537 prereptis.
2003 2465 2097 2520 His

500 2549 680 2612 dii-tis,
715 2553 899 2621 presul
928 2570 1212 2626 egressus,
1240 2557 1405 2625 regiis
1430 2542 1613 2611 omnia
1645 2557 1927 2612 instillavit
1955 2556 2098 2610 auriv

499 2638 623 2703 bus.
651 2641 752 2708 Qui
785 2659 909 2701 mox
936 2647 1271 2715 prepositum
1302 2662 1504 2701 vocans
1530 2646 1871 2716 multumque
1897 2646 1945 2700 ei
1976 2660 2097 2715 pro-

499 2731 746 2797 mittens,
767 2743 823 2788 et
844 2735 927 2789 sui
953 2736 1226 2794 licentiam
1253 2754 1317 2793 ac
1342 2738 1708 2795 consotiorum
1737 2739 1791 2792 in
1822 2737 2096 2792 eleceione

500 2819 794 2892 Tagiuonis
818 2826 1049 2895 gratiam
1085 2828 1393 2897 acquisivit.
1419 2826 1715 2883 Confestim
1747 2828 1798 2882 in
1831 2827 2093 2896 majorem

498 2915 952 2977 convenientibus
975 2919 1271 2975 azcclesiam
1299 2921 1527 2985 cunctis,
1553 2936 1644 2974 rex
1667 2920 1861 2975 baculo
1885 2919 2093 2975 Arnulli

496 3005 731 3076 presulis
747 3008 951 3065 clerum
971 3020 1026 3065 et
1047 3011 1299 3082 populum
1324 3014 1583 3081 Taginoni
1602 3013 1909 3069 venerando
1928 3012 2092 3083 patri,

503 3111 627 3149 cum
686 3098 963 3154 redditura
1023 3116 1235 3157 summo
1279 3101 1448 3171 judici
1505 3104 1746 3167 racione.
1795 3104 2092 3168 commisit,

500 3188 844 3258 eundemque
865 3190 917 3245 in
938 3192 1252 3249 cathedram
1272 3195 1632 3265 episcopalem
1654 3196 1768 3265 ipse
1789 3196 2091 3263 constituit,

502 3281 834 3335 asstautibus
873 3268 1143 3340 universis
1179 3296 1233 3342 et
1269 3287 1340 3318 ’⁷⁸
1380 3287 1567 3341 laudes
1605 3287 1715 3342 Deo
1746 3290 2089 3344 canentibus.

502 3368 787 3424 Cclebrata
839 3389 938 3441 pro
992 3374 1259 3432 defunctis
1305 3378 1567 3433 memoria
1593 3379 1653 3447 (τ.
1706 3380 1847 3449 94‘),
1897 3395 2099 3451 corpus

503 3459 900 3532 archiepiscopi
941 3480 1125 3521 coram
1158 3468 1319 3523 altari
1342 3468 1412 3501 ⁸⁷⁸
1442 3470 1665 3525 australi
1708 3471 1986 3539 sepelitur.

575 3547 666 3602 25.
699 3549 795 3605 Set
815 3562 1100 3624 antequam
1120 3558 1185 3611 ad
1208 3566 1408 3619 nostrae
1428 3559 1575 3618 sedis
1600 3561 2001 3618 reuovationem
2021 3562 2091 3596 ⁸⁷⁷

498 3643 840 3712 perveniam,
858 3645 1244 3717 libetqumdam
1262 3650 1329 3704 de
1341 3650 1554 3721 prefato
1567 3652 1685 3709 viro
1705 3653 1796 3722 qui
1814 3654 2095 3709 tuncordi-

500 3731 715 3789 naudus
730 3743 866 3802 erat,
884 3736 1173 3794 disserere.
1193 3738 1316 3797 Fuit
1343 3741 1430 3795 hic
1455 3742 1660 3813 egregii
1688 3742 1919 3797 clericus
1945 3744 2097 3799 Vult-

499 3828 685 3895 gaugi,
703 3830 793 3897 qui
822 3829 1269 3888 Ratisbonensem
1293 3836 1413 3904 pius
1434 3845 1640 3906 pastor,
1668 3837 1854 3891 habitu
1881 3848 1935 3892 et
1956 3853 2091 3891 con-

498 3921 805 3974 versatione
834 3924 1157 3989 monachus,
1192 3937 1407 3981 rexerat
1444 3926 1768 3991 zecelesiam.
1805 3927 1943 3983 Huic
1983 3939 2093 3983 tam

500 4024 658 4064 carus
679 4022 796 4065 erat
824 4013 942 4078 iste,
976 4016 1112 4069 utin
1141 4016 1258 4071 vice
1288 4018 1384 4071 lilii
1422 4034 1451 4072 a
1485 4034 1654 4088 puero
1679 4018 1925 4076 nutriens
1962 4036 2099 4076 eun~

500 4103 641 4165 dem,
661 4105 773 4173 jam
803 4106 1042 4161 adultum
1070 4109 1225 4164 bonis
1251 4112 1448 4167 suimet
1473 4110 1725 4166 omnibus
1753 4113 2088 4181 prefccisset.

500 4194 727 4264 Insuper
768 4199 919 4253 ducis
958 4209 1013 4253 et
1054 4200 1401 4271 imperatoris
1435 4203 1665 4274 gratiam
1708 4202 1764 4256 in
1807 4214 2013 4257 tantum
2044 4204 2093 4258 ei

504 4289 809 4355 acquisivit,
858 4300 917 4344 ut
949 4292 1021 4327 ⁸⁷⁸
1051 4293 1096 4346 si
1146 4294 1362 4361 quando
1408 4310 1467 4348 se
1514 4295 1582 4348 de
1615 4295 1718 4348 hac
1758 4296 1879 4351 luce
1912 4294 2094 4349 divina

498 4373 746 4443 juSsione
796 4380 1165 4446 subtraheret,
1217 4385 1360 4438 hunc
1408 4384 1511 4439 sibi
1560 4399 1943 4448 successurum
1987 4399 2093 4438 non

2197 1914 2265 1966 ab
2290 1928 2355 1967 eo
2382 1913 2773 1968 honorabiliter
2803 1914 3116 1972 haberetur.
3136 1921 3316 1967 tamen
3343 1911 3473 1981 quia
3498 1909 3714 1964 boiium
3736 1916 3793 1962 et

2197 2003 2400 2064 malum
2442 2020 2547 2058 non
2579 2015 2705 2061 sunt
2732 2006 2795 2058 ad
2828 2005 3030 2075 aliquid
3057 2004 3224 2073 (658),
3263 2019 3368 2059 non
3401 2003 3622 2072 longum
3652 2010 3793 2055 tem-

2196 2109 2297 2163 pus
2327 2111 2448 2148 eum
2480 2110 2546 2149 eo
2578 2096 2648 2150 ob
2678 2110 2888 2150 morum
2924 2111 3143 2151 suorum
3172 2096 3242 2127 ⁸⁸³
3268 2076 3695 2164 inequalitatem
3724 2090 3795 2123 ⁸⁸³

2197 2194 2464 2240 versatur.
2504 2187 2731 2240 Adhesit
2761 2202 2996 2255 namque
3031 2186 3154 2241 ilico
3189 2185 3444 2243 licinrico
3478 2193 3609 2238 tunc
3642 2181 3790 2246 duci,

2200 2285 2255 2331 et
2286 2285 2507 2344 propter
2544 2276 2852 2331 castitatem
2885 2276 3083 2331 mentis
3109 2287 3162 2330 et
3194 2277 3438 2345 corporis
3463 2275 3514 2329 ei
3550 2271 3796 2342 compla-

2198 2365 2337 2429 cuit,
2370 2378 2435 2418 ac
2473 2379 2643 2433 usque
2673 2367 2738 2419 ad
2774 2367 2913 2420 hanc
2952 2366 3125 2429 diem,
3157 2380 3317 2433 quam
3354 2363 3607 2436 prefatus
3646 2380 3789 2427 sum,

2200 2453 2358 2507 malis
2392 2454 2647 2519 moleste,
2684 2456 3120 2529 bonis-accepte,
3153 2455 3371 2525 perdius
3407 2444 3461 2507 et
3497 2469 3713 2525 pernox
3740 2455 3790 2508 ei

2199 2545 2440 2611 servivit,
2470 2545 2582 2600 Deo
2617 2558 2673 2602 et
2697 2547 3004 2602 hominibus
3034 2563 3128 2602 sua
3158 2547 3464 2616 specialiter
3493 2548 3792 2617 inpendere

2199 2646 2480 2705 satagens;
2523 2636 2933 2708 completurque
2959 2637 3029 2672 ⁸⁸⁸
3055 2638 3124 2693 ob
3165 2639 3267 2693 hoc
3305 2653 3336 2692 a
3376 2653 3524 2708 rege,
3566 2645 3791 2708 propter

2198 2729 2373 2785 sancti
2397 2729 2501 2783 viri
2540 2730 2609 2784 ab
2634 2732 2822 2785 eodem
2852 2731 3013 2786 unice
3035 2731 3215 2786 dilecti
3241 2734 3481 2786 amorem
3505 2729 3607 2795 ἐκ,
3632 2744 3788 2784 vere-

2196 2823 2374 2879 dicum
2403 2824 2472 2854 ⁶⁸⁷
2498 2824 2736 2893 ejusdem
2763 2825 3104 2890 vaticinium,
3132 2824 3375 2879 decursis
3399 2834 3552 2889 tunc,
3585 2831 3648 2877 ut
3670 2823 3787 2893 ipse

2200 2917 2433 2973 domnus
2475 2917 2684 2987 Tagino
2706 2931 2835 2986 sepe
2872 2918 3002 2972 mibi
3036 2917 3249 2982 retulit,
3287 2916 3475 2971 decem
3515 2930 3785 2970 annorum

2197 3011 2512 3067 curriculis.
2570 3012 2671 3080 Qui
2726 3002 3068 3068 carissimum
3128 3013 3327 3067 suimet
3383 3012 3672 3067 dominum
3724 3024 3786 3066 ac

2201 3103 2445 3173 reginam
2488 3118 2611 3158 cum
2655 3103 2905 3158 omnibus
2950 3102 3222 3158 consociis
3269 3101 3694 3171 multiplicibus,
3728 3109 3788 3173 ut

2198 3195 2398 3261 decuit,
2435 3198 2663 3253 bononat
2694 3198 3039 3262 muneribus,
3072 3210 3409 3266 nequaquam
3456 3209 3571 3250 suae
3601 3193 3788 3263 benig-

2197 3287 2352 3342 nitati
2377 3289 2442 3341 ad
2472 3289 2575 3343 hoc
2609 3289 3037 3360 subpatentibus.

2264 3377 2354 3435 96.
2391 3378 2521 3433 Inde
2568 3393 2662 3434 res
2702 3394 2827 3433 eum
2876 3379 3067 3435 eodem
3118 3377 3186 3433 ad
3228 3376 3515 3434 castellum
3570 3375 3635 3444 (f.
3680 3374 3787 3443 95')

2197 3470 2387 3539 ipsius,
2418 3471 2636 3524 nomine
2668 3470 3020 3526 Givikausten
3047 3471 3139 3535 ³⁸⁸,
3174 3486 3404 3541 pergens
3431 3472 3549 3536 (an.
3588 3467 3786 3531 1001),

2195 3569 2405 3631 omnia,
2460 3582 2582 3636 qua:
2634 3560 2850 3623 ibidem
2880 3569 2948 3622 ab
2994 3567 3225 3623 Gisilero
3268 3565 3513 3621 antistite
3558 3563 3786 3631 collecta

2197 3668 2348 3720 sunt.
2383 3660 2731 3729 singulariter
2763 3660 3056 3735 perspicit,
3101 3669 3153 3714 et
3180 3659 3296 3713 haec
3326 3673 3447 3713 esse
3510 3654 3787 3725 superﬂua

2197 3762 2446 3807 testatur.
2492 3754 2694 3806 Dehinc
2738 3753 3050 3823 Merscburg
3084 3754 3169 3827 ditt
3209 3762 3429 3824 pastore
3471 3765 3572 3804 suo
3600 3750 3792 3802 vidua-

2199 3855 2307 3897 tam
2354 3846 2739 3900 consolationis
2786 3846 2959 3916 gratia
3003 3846 3208 3905 ad’ens.
3257 3845 3487 3898 eandem
3535 3842 3790 3912 pristinis

2199 3936 2405 3988 restitui
2452 3937 2749 3999 honoribus
2780 3952 2940 4005 quam
2982 3937 3216 3989 maxime
3254 3944 3502 3989 conatur.
3542 3933 3624 3986 lhi
3661 3942 3787 3989 tunc

2198 4024 2403 4095 Tagitto
2428 4027 2766 4081 venerandus
2790 4026 2823 4081 4
2871 4025 3053 4081 Nonas
3091 4024 3412 4089 Februarii,
3430 4025 3482 4079 id
3507 4033 3595 4079 est
3619 4040 3791 4095 yppa-

2195 4118 2346 4186 panti
2389 4112 2642 4182 Do'tnini,
2699 4119 2751 4173 id
2805 4128 2887 4173 est
2935 4119 3252 4173 obviacione
3296 4117 3425 4188 justi
3479 4116 3787 4181 Simeonis,

2195 4216 2418 4277 accepta
2473 4209 2540 4262 ab
2586 4208 2857 4264 liilderico
2910 4208 3153 4263 antistite
3201 4207 3349 4278 (659)
3397 4207 3640 4270 licentia,
3697 4207 3789 4276 qui

2196 4297 2407 4366 primus
2443 4299 2635 4353 horum
2680 4301 2732 4354 in
2773 4302 2965 4355 ordine
3007 4300 3106 4354 fuit
3144 4299 3514 4362 contratrum,
3551 4314 3584 4351 a
3618 4297 3790 4352 Willi-

2199 4390 2335 4457 giso,
2367 4390 2735 4461 a‘rchipresulé
2771 4392 3099 4463 Magontino,
3131 4400 3485 4445 consecratus
3517 4399 3635 4454 est,
3663 4403 3788 4459 pre-

505 4464 798 4521 dubitaret.
839 4468 1226 4527 Consummato
1262 4482 1390 4548 tunc
1431 4475 1590 4544 hujus
1631 4476 1781 4532 exilii
1823 4490 1984 4531 cursu
2024 4476 2093 4507 "9
2123 4488 2171 4548 ι)
2198 4492 2349 4537 seum
2370 4499 2495 4553 rege
2517 4499 2577 4538 ac
2606 4484 2848 4539 Βοηιιηιο
2880 4480 3098 4548 nuncio,
3121 4483 3482 4552 omnibusque
3511 4483 3791 4550 coepisco-

505 4555 563 4609 in
615 4557 904 4615 sanctitate
956 4563 1292 4631 admirabili,
1342 4568 1672 4622 venerabilis
1709 4570 1937 4624 antistes
1969 4583 2093 4622 cum

498 4649 615 4737 jam
650 4665 819 4720 usque
856 4654 923 4707 ad
959 4665 1186 4710 mortem
1227 4670 1479 4724 egrotare
1514 4664 1781 4732 cepisset,
1821 4664 2095 4718 accersito

505 4741 572 4794 ad
596 4755 656 4797 se
676 4743 882 4800 dilecto
905 4746 1182 4818 Taginone
1202 4750 1270 4783 ⁹⁸⁹
1297 4769 1310 4805 :
1338 4749 1504 4818 Pone,
1524 4754 1720 4825 inquit,
1743 4755 1846 4824 liti,
1862 4773 1919 4811 os
1943 4766 2092 4812 tuum

2200 4574 2286 4643 pis
2311 4575 2377 4628 ad
2410 4575 2522 4629 haee
2553 4574 2874 4631 faventibus.
2911 4576 2975 4631 Et
3001 4578 3125 4646 quia
3165 4576 3234 4641 is,
3270 4586 3325 4628 ut
3356 4575 3637 4642 scriptura
3671 4573 3788 4641 ejus

2202 4674 2463 4732 testatur,
2510 4666 2578 4721 ab
2626 4666 2740 4722 solo
2777 4667 3105 4721 ordinandus
3133 4665 3430 4736 apostolico
3454 4705 3469 4729 ,
3501 4664 3613 4719 huc
3645 4660 3788 4733 (660)

2200 4758 2388 4815 venire
2423 4768 2642 4829 propter
2684 4760 2978 4813 instantem
3015 4758 3392 4813 necessitatem
3426 4770 3534 4811 non
3578 4752 3789 4826 potuit.

1638 4922 1669 4950 ευ
1815 4888 2038 4967 vitam
2074 4910 2478 4971 LECTIONES.

574 5062 644 5095 9"
675 5061 1057 5119 ministeriales
1090 5066 1146 5120 2.
1183 5066 1251 5123 Α.
1286 5065 1344 5121 S.

1424 5066 1496 5107 sis
1526 5081 1628 5121 nec
1657 5066 1820 5125 (corr.
1862 5071 1949 5125 ne)
1976 5071 2157 5124 veniat
2198 5074 2245 5126 1.

2325 5076 2398 5109 ⁹⁷⁸
2434 5077 2724 5126 deminutis
2775 5080 2825 5126 Ι,
2903 5079 2975 5114 οη
3018 5079 3142 5126 adn.
3198 5079 3282 5126 Ib-
3361 5079 3436 5113 ⁸7⁸
3484 5079 3660 5126 altam
3707 5080 3789 5126 la.
