4048 5368
574 342 715 399 1507

1506 339 1885 403 TlllETllAlll
1923 335 2233 395 EPISCOPl
2269 315 2937 397 nenseeuncensrs'

570 455 669 510 rici
718 451 972 510 instinctu
1025 466 1273 524 magnam
1315 451 1423 509 vim
1482 452 1748 511 Bawariis
1790 453 2145 522 omnibusque
2173 456 2222 515 Α
2248 451 2737 523 etsubsequentem
2765 450 3048 508 dominica:
3084 448 3507 514 resurreceionis
3527 447 3828 519 solleman

556 544 890 609 eoncivibus
912 545 1024 601 suis
1054 544 1251 599 intulit.
1282 542 1363 600 Ob
1390 544 1531 600 bane
1566 560 1785 601 causam
1827 560 1924 601 rex
1952 545 2153 601 indicta

574 635 726 707 prius
757 635 1123 705 expeditione,
1160 635 1360 695 Milzini
1394 636 1530 692 fines
1560 636 1830 693 hostiliter
1856 636 2070 698 invasit,
2101 644 2156 691 et

574 729 629 782 ni
689 726 958 797 superﬂua
1020 727 1163 783 nivis
1217 726 1407 790 ellusio
1455 727 1705 783 celeriter
1746 726 1982 783 resoluta
2034 741 2155 783 eum

575 819 883 890 impediret,
917 818 1094 872 omnis
1122 817 1239 876 haec
1285 818 1433 888 regio
1471 819 1775 876 habitatore
1820 826 2029 874 vastata
2068 832 2158 876 ca-

575 910 797 965 ruisset.
831 910 959 966 lnde
991 924 1263 975 reversus,
1295 911 1468 969 triSIis
1507 910 1823 972 Guncelioni
1856 910 2155 967 marcbioni

573 1001 897 1068 ett-terisque
949 999 1137 1069 patria:
1199 998 1577 1059 defensoribus
1631 1000 1820 1071 positis
1867 999 2157 1057 auxiliatur

575 1088 857 1157 presidiis;
888 1103 951 1142 ar.
980 1098 1105 1144 tunc
1128 1089 1442 1160 Mersoburg
1464 1088 1714 1154 veniens,
1746 1090 1972 1145 fratrem
1998 1103 2155 1147 suum

576 1177 778 1249 fugisse
798 1179 864 1233 ad
895 1178 1251 1248 Ungariorum
1281 1178 1374 1210 ¹⁰⁰¹⁵
1399 1194 1577 1247 regem
1610 1179 1759 1252 (688)
1784 1180 1953 1237 venia:
1980 1180 2156 1251 gratia

579 1269 943 1339 acquirendm,
973 1268 1283 1323 lleinricum
1316 1279 1497 1324 autem
1523 1271 1723 1340 incepti
1752 1270 1975 1326 multum
2008 1270 2159 1341 peni-

577 1361 767 1426 tuisse,
787 1362 855 1415 ab
876 1360 998 1416 fidis
1019 1359 1466 1420 intercessoribus
1489 1363 1556 1417 ab
1578 1378 1645 1417 eo
1670 1362 1857 1417 missis
1872 1361 2154 1432 comperit,

576 1451 816 1518 Quorum
853 1460 907 1506 et
935 1452 1169 1511 maxime
1200 1452 1410 1521 percari
1438 1453 1634 1507 suimet
1670 1452 1959 1522 Taginouis
1984 1452 2077 1486 ¹⁰⁰⁸
2101 1458 2155 1506 et

578 1541 880 1597 Bernbardi
919 1540 1073 1595 ducis
1120 1540 1546 1611 supplicacioues
1592 1541 1693 1597 etsi
1744 1541 1942 1601 invitus
1985 1541 2159 1597 susci-

578 1631 753 1700 piens,
781 1628 992 1700 prefato
1018 1630 1200 1685 comiti
1226 1630 1420 1687 suimet
1449 1631 1674 1701 gratiam
1707 1646 1775 1687 ea
1816 1633 2023 1694 ratione
2074 1631 2158 1696 in,-

577 1721 766 1788 dnlsit,
795 1732 853 1775 ut
877 1723 1122 1793 predium
1153 1721 1255 1776 sibi
1288 1721 1505 1793 suisque
1534 1722 1837 1777 fautoribus
1862 1731 1919 1775 et.
1953 1721 2154 1783 incola—

2260 548 2422 595 tatcm
2450 541 2649 599 ibidem
2675 540 2998 600 celebravit..

2325 628 2381 683 4.
2415 629 2527 686 [lex
2557 639 2736 686 autem
2783 646 2881 702 per
2924 630 3119 689 multas
3160 629 3370 687 itineris
3398 630 3729 701 asperitates
3748 631 3833 662 ί⁶¹⁹

2259 717 2325 772 ad
2353 718 2664 775 Tridentem
2713 720 2935 775 veniens
2984 722 3195 785 urbem,
3248 720 3321 774 ibi
3358 720 3665 790 palmarum
3709 720 3833 773 festa

2257 807 2388 863 colit
2418 808 2568 880 (Apr.
2595 810 2671 881 9),
2703 819 2758 864 et
2779 811 3077 866 exercitum
3110 810 3259 865 nimii
3285 811 3490 866 laboris
3517 811 3838 867 necessitate

2257 897 2515 957 alllictutn
2545 900 2648 955 bac
2669 899 2868 956 celebri
2892 900 3290 971 sollempnitate
3318 900 3412 933 ¹⁶¹⁶
3438 900 3723 972 paululum
3762 916 3839 956 re-

2258 990 2470 1064 spirare
2529 992 2796 1064 permisit.
2851 992 3021 1059 Quem
3074 994 3469 1051 ‘adventantem
3521 993 3841 1064 Hardvriges

2259 1097 2353 1137 rex
2373 1082 2500 1117 ¹⁰¹⁰³⁸¹
2515 1085 2792 1154 presciens
2810 1099 2875 1139 ac
2897 1084 3123 1139 multum
3147 1100 3539 1154 expavescens,
3571 1086 3642 1139 ad
3674 1084 3844 1139 muni-

2259 1170 2442 1235 eiones
2489 1183 2985 1243 supramentoratas
3050 1174 3270 1233 nuntios
3328 1175 3591 1245 probatos
3649 1174 3841 1237 misit;

2258 1261 2374 1336 ipse
2397 1271 2577 1318 autem
2601 1263 2843 1319 collectis
2868 1265 3173 1336 agminibus
3198 1266 3250 1321 in
3283 1265 3589 1325 Veronensi
3618 1265 3712 1298 ιἰι
3737 1265 3844 1336 pla-

2258 1353 2400 1414 nicie
2426 1356 2732 1423 consideas,
2778 1358 3029 1427 sperabat
3080 1360 3347 1429 presentia
3398 1360 3845 1431 preteritisprol-

2260 1445 2613 1514 speritatibus
2669 1446 2896 1504 forsitan
2945 1450 3293 1520 respondere.
3350 1450 3509 1508 llunc
3556 1452 3844 1506 transitum

2261 1535 2548 1594 Heiurieus
2580 1552 2678 1594 rex
2704 1539 3058 1596 interclusum
3090 1550 3183 1596 aut
3222 1543 3311 1597 vix
3354 1551 3451 1598 aut
3501 1556 3847 1612 nequaquam

2260 1631 2679 1701 expugnandum
2733 1633 3041 1702 comperit;
3089 1643 3147 1688 et
3201 1634 3304 1690 alio
3353 1650 3415 1690 se
3451 1644 3699 1698 vertens,
3731 1648 3846 1689 eum

2262 1720 2377 1775 suis
2410 1729 2603 1777 tractat
2643 1721 3022 1789 familiaribus,
3055 1723 3099 1777 si
3128 1723 3307 1780 clusas
3333 1724 3463 1779 binc
3489 1724 3653 1793 longe
3678 1740 3848 1778 remo-

582 1820 696 1864 tum
727 1811 997 1877 redderet,
1031 1809 1205 1880 ipsum
1240 1819 1443 1877 autem,
1475 1812 1727 1881 quamdiu
1778 1810 2059 1876 voluisset,
2104 1811 2158 1868 in
2191 1797 2235 1858 Β
2268 1818 2371 1875 tas,
2398 1810 2720 1867 Carentanis
2751 1812 3159 1879 auxiliantibus,
3208 1815 3535 1886 intercipere
3582 1815 3850 1871 ullatenus

581 1902 824 1956 tustodia
856 1902 1139 1957 detineret.
1164 1903 1449 1959 Heinricus
1478 1919 1606 1958 vero
1629 1920 1688 1959 se
1714 1904 1875 1960 nimis
1906 1904 1959 1959 in
1985 1904 2161 1967 omni:

583 1989 687 2046 bus
713 1990 1033 2060 culpabilem
1065 1992 1468 2051 lacrimabiliter
1493 1995 1787 2064 professus,
1816 2010 1967 2050 more
1989 2005 2042 2050 et
2065 1995 2164 2056 ba-

581 2083 696 2136 bitu
742 2084 1037 2154 penitentis
1086 2086 1198 2155 regi
1243 2101 1301 2142 se.
1349 2088 1596 2154 tradidit,
1651 2087 1876 2159 ejusque
1917 2073 2161 2159 jussioue

581 2174 645 2245 (f.
672 2175 762 2247 98)
791 2178 858 2233 ab
889 2178 1257 2249 arcltipresule
1290 2182 1530 2250 pretlicto
1556 2181 1609 2237 in
1640 2183 1920 2238 castellum
1950 2183 2161 2239 [vican-

580 2278 697 2324 sten
737 2271 1063 2337 detruditur,
1091 2256 1484 2345 diligenterque
1529 2290 1558 2328 a
1609 2276 1723 2331 suis
1773 2275 2033 2331 militibus
2075 2275 2162 2338 die

582 2368 854 2431 noctuque
882 2372 1149 2417 servatur.
1173 2363 1250 2418 Ibi
1277 2373 1402 2418 tunc
1427 2376 1607 2435 preter
1632 2364 1774 2419 aliud
1801 2364 1997 2421 bonum
2027 2379 2163 2436 opus

580 2450 639 2525 in
665 2467 767 2506 una
796 2452 882 2508 die
909 2453 1223 2523 psalterium
1252 2470 1376 2510 eum
1406 2454 1507 2511 150
1536 2456 1707 2511 veniis
1735 2456 1971 2511 cantavit
1994 2455 2106 2511 ³⁰⁰⁶.

649 2543 704 2598 5.
733 2543 942 2599 interea
972 2561 1063 2600 rex
1091 2544 1288 2602 ltalicm
1312 2548 1453 2602 baud
1480 2548 1746 2603 inmemor
1768 2548 1996 2620 injuriae,
2046 2563 2161 2609 om:

579 2650 678 2690 nes
705 2650 833 2691 suos
872 2636 1058 2692 ﬁdeles
1084 2637 1149 2691 ad
1182 2638 1323 2693 hanc
1365 2638 1730 2695 ulciscendam
1775 2640 2043 2705 hortatur,
2097 2655 2162 2695 ac

580 2726 806 2781 instanti
844 2728 1254 2799 quadragesima
1293 2729 1407 2800 ipse
1453 2745 1519 2785 co
1563 2747 1684 2785 eum
1731 2741 1940 2790 armato
1991 2731 2162 2787 milite

578 2819 866 2874 destinavit
891 2836 1137 2891 pergere.
1164 2822 1210 2875 A
1245 2821 1557 2895 Merseburg
1588 2834 1712 2879 tunc
1745 2825 1955 2891 exiens,
1985 2825 2160 2882 sancti

582 2908 827 2966 Mauricii
894 2914 1034 2981 apud
1096 2911 1264 2967 Deum
1316 2913 1768 2970 intercessionem
1836 2916 2156 2987 itinerisque

580 2999 995 3069 prosperitalem
1045 3000 1406 3075 Magadaburg
1457 3006 1621 3073 peciit
1659 3005 1844 3076 (669).
1895 3006 2024 3063 Inde
2065 3020 2161 3076 per

580 3089 675 3121 ³⁰⁰⁷
700 3090 1007 3161 'l‘lturingia:
1026 3094 1414 3163 orientalisque
1443 3095 1577 3151 fines
1597 3096 1842 3152 Francia:
1866 3099 2157 3164 transiens,

579 3184 649 3237 ad
684 3181 853 3239 Ratisi
875 3199 1034 3241 Onam
1063 3186 1249 3253 venit;
1286 3186 1465 3259 ibique
1510 3188 1695 3244 habito
1744 3190 1905 3261 regali
1936 3191 2157 3260 placito,

584 3272 742 3327 militi
779 3274 978 3329 suimet
1007 3290 1311 3346 generoque
1338 3276 1592 3333 lleinrico
1623 3279 1768 3350 ((570)
1800 3280 1865 3333 12
1890 3264 2171 3335 Kalendas.

583 3364 784 3435 Aprilis
827 3381 950 3421 cum
1004 3369 1244 3422 omnium
1296 3367 1453 3425 laude
1506 3371 1879 3440 prcsentium,
1932 3385 2163 3441 cumque

585 3457 739 3510 basta
770 3456 1027 3526 signifera
1052 3460 1306 3513 ducatum
1334 3460 1500 3514 dedit.
1551 3459 1755 3516 Debinc
1789 3460 2161 3532 Augustanam

583 3546 774 3601 urbem
823 3547 1014 3603 itinere
1037 3550 1330 3618 attingens,
1378 3566 1409 3605 a
1444 3549 1704 3620 Sigifrido
1750 3553 1996 3608 antistite
2043 3552 2162 3622 ejus

583 3635 976 3695 honorabiliter
1005 3640 1367 3696 introducitur
1400 3650 1453 3696 et
1492 3642 1739 3697 habetur.
1772 3641 1847 3697 lbi
1875 3652 2002 3697 tunc
2028 3644 2164 3700 duas

586 3738 797 3785 tantum
837 3742 1022 3789 noctes
1044 3743 1431 3801 commoratus,
1460 3738 1660 3806 reginae
1689 3735 1931 3807 diligenti
1961 3736 2163 3791 saluta-

582 3821 730 3877 tione
745 3822 1017 3879 licentiam
1041 3827 1187 3880 dedit
1203 3826 1268 3883 atl
1283 3825 1578 3883 Saxoniam
1604 3828 1985 3894 abeundi,dilet
2005 3838 2167 3901 toque

583 3928 705 3967 eam
738 3914 831 3946 ³⁰⁶⁸
858 3917 1130 3971 commisit
1152 3917 1435 3989 Taginoni.
1474 3917 1587 3988 Ipse
1614 3930 1795 3973 autem
1826 3936 1949 3974 cum
2007 3937 2166 3976 exer-

584 4005 694 4059 cltu
724 4007 1067 4077 progreditur
1094 4024 1263 4080 usque
1282 4010 1347 4064 ad
1371 4010 1547 4065 locum
1576 4011 1669 4081 qui
1698 4011 1865 4083 Tinga
1892 4012 1983 4045 ³⁰⁰⁹
2015 4012 2164 4085 (671)

585 4100 799 4155 dicitur.
831 4100 908 4157 lbi
937 4103 1168 4159 domnus
1196 4103 1399 4169 Bretto,
1433 4107 1601 4162 trater
1620 4104 1759 4175 ejus,
1787 4123 1911 4163 cum
1938 4107 2168 4178 Ungari-

584 4188 667 4244 cis
704 4189 1149 4251 intercessoribus
1200 4195 1311 4267 regi
1344 4208 1706 4268 presentatur,
1737 4206 1793 4252 et
1839 4199 1908 4253 ab
1938 4214 2004 4254 eo
2034 4199 2161 4254 data

2264 1899 2543 1961 valuisset.
2574 1900 2726 1969 Quod
2752 1902 2980 1957 consilio
3012 1903 3283 1972 prudenti,
3319 1906 3573 1974 quamvis
3619 1903 3846 1959 arduum

2265 1993 2451 2049 multis
2474 1993 2768 2059 videretur,
2808 1992 3059 2050 eﬂ‘ectum
3089 2003 3193 2050 est.
3238 1995 3533 2051 Carenlani
3581 1995 3855 2067 regalibus

2258 2082 2427 2153 jussis
2457 2083 2579 2144 ilico
2606 2082 3063 2155 obtemperantes,
3092 2085 3145 2139 in
3176 2084 3308 2141 duas
3334 2085 3655 2139 dividuntur
3682 2084 3849 2155 legio-

2267 2190 2405 2241 nes;
2469 2189 2677 2240 unam,
2730 2190 2852 2245 quae
2903 2185 3030 2234 ante
3085 2174 3257 2243 ipsum
3308 2174 3413 2230 diei
3464 2175 3851 2243 crepusculum

2267 2278 2516 2331 montem.
2542 2269 2706 2325 clusis
2736 2268 2796 2340 (ι.
2828 2268 2927 2339 99)
2970 2267 3362 2337 superpositum
3408 2283 3532 2323 cum
3581 2268 3858 2335 peditibus

2264 2363 2404 2418 clam
2431 2361 2847 2433 preoccnpabat,
2872 2359 3097 2415 alteram
3121 2360 3213 2395 ³⁸³³
3234 2374 3353 2429 qua:
3370 2358 3486 2427 jam
3513 2356 3663 2413 facto
3688 2374 3850 2414 mana

2267 2454 2335 2508 ad
2365 2454 2462 2509 bas
2487 2455 2872 2526 expugnandas
2904 2450 3270 2522 subsequitur,
3295 2451 3479 2506 audito
3510 2465 3541 2504 a
3569 2451 3851 2522 premissis

2267 2545 2723 2601 commilitonibus
2754 2544 2909 2612 signo
2937 2553 3046 2598 tam
3075 2542 3397 2606 vehementi,
3444 2551 3507 2597 ut
3536 2557 3605 2596 ex
3633 2540 3851 2597 latenti-

2267 2638 2367 2694 bus
2394 2639 2629 2694 bostium
2655 2636 3067 2703 insidiisaudiri
3113 2634 3394 2704 potuisset.
3433 2633 3537 2701 Qui
3586 2642 3713 2704 post
3748 2642 3854 2686 ler-

2266 2745 2411 2802 μω,
2459 2739 2518 2789 ut
2559 2729 2952 2800 opinabantur,~
2990 2726 3194 2793 securi,
3243 2725 3592 2781 venientibus
3638 2724 3852 2779 obviam

2266 2821 2458 2875 armati
2482 2827 2794 2892 properant.
2821 2818 2927 2874 Sed
2959 2816 3128 2873 nostri
3152 2830 3246 2871 eos
3274 2831 3341 2871 es
3373 2813 3851 2869 latereirrueutes

2267 2909 2401 2965 alios
2448 2908 2770 2980 ellugarunt,
2821 2906 3079 2978 quosdam
3125 2915 3303 2960 autem
3346 2904 3650 2974 preeipieio
3697 2912 3755 2957 ct
3796 2902 3845 2955 in

2265 3000 2712 3058 Brcntifluminis
2764 2999 3124 3055 inundacione
3151 2996 3552 3068 compellebant
3604 2995 3847 3050 interire.

2269 3095 2467 3165 Sicque
2493 3095 2727 3151 victores
2756 3091 2937 3152 clusas
2967 3091 3059 3129 ¹⁰¹³
3089 3106 3262 3162 usque
3279 3092 3347 3144 ad
3379 3089 3523 3160 regis
3555 3089 3846 3143 adventum

2263 3185 2492 3241 sollicite
2520 3186 2824 3242 tuebantur.
2858 3183 2970 3238 lloc
2994 3198 3093 3239 rex.
3124 3183 3190 3237 ab
3221 3181 3581 3236 iuternunciis
3614 3191 3680 3233 ut
3707 3179 3853 3233 audi-

2266 3276 2362 3339 vit,
2396 3275 2602 3331 relictis
2630 3274 2889 3330 omnibus.
2904 3272 3319 3344 impedimentis,
3349 3271 3576 3341 optimis
3604 3269 3851 3326 satelliti-

2262 3367 2365 3423 bus
2390 3366 2652 3437 exceptis,
2682 3381 2804 3421 eunt
2834 3381 3033 3436 magna
3058 3362 3366 3424 dillicultate
3395 3378 3488 3420 eas
3517 3363 3847 3433 pertransit,

2265 3468 2322 3516 et
2367 3458 2523 3529 juxta
2594 3459 2723 3538 li‘tus
2781 3474 2932 3528 aqua:
3000 3465 3482 3529 supramemoratte
3531 3457 3588 3511 in
3620 3456 3849 3527 quadam

2266 3561 2416 3626 grata
2446 3551 2670 3621 planitie
2697 3561 2877 3607 castra
2910 3558 3148 3605 metatus
3172 3557 3276 3613 est,
3320 3558 3381 3605 ut
3424 3547 3633 3603 ibidem
3666 3560 3853 3602 cenam

2268 3642 2481 3701 Domini
2508 3651 2565 3699 et
2590 3642 2900 3698 chrismatis
2925 3640 3397 3709 consecracionem
3435 3653 3501 3693 ac
3547 3638 3855 3708 passionem

2268 3734 2590 3793 dominicam
2622 3743 2677 3789 et
2712 3741 2954 3788 sanctam
2998 3728 3118 3798 ejus
3158 3728 3619 3785 resurrectionem
3670 3740 3854 3782 sum

2267 3840 2397 3896 pere
2423 3835 2774 3882 veneraretur
2805 3822 2996 3897 (April.
3029 3822 3240 3891 15-16).
3285 3820 3583 3876 lnterdieta
3614 3828 3706 3876 est
3746 3833 3855 3873 orn-

2270 3921 2430 3977 nibus
2459 3937 2556 3991 per
2582 3920 2818 3977 bannum
2849 3918 3081 3989 regalem
3108 3933 3137 3970 a
3165 3915 3403 3986 palatino
3447 3914 3658 3968 comite
3710 3911 3867 3980 fuga,

2270 4019 2326 4067 et
2355 4011 2731 4067 resistentibus
2758 4008 2984 4063 viriliter
3027 4006 3359 4076 promittitur
3406 4001 3615 4057 solatio
3654 4000 3863 4054 futura.

2271 4098 2384 4157 Rex
2428 4111 2608 4156 autem
2644 4101 2695 4155 in
2726 4099 2760 4153 '5
2806 4099 2939 4153 feria
2989 4112 3185 4167 aquam
3224 4093 3494 4149 transiens
3531 4092 3864 4162 predictant.

2272 4194 2396 4248 lixis
2428 4193 2622 4247 iterum
2653 4191 2900 4248 tentoriis
2926 4189 3213 4261 requievit,
3245 4186 3620 4255 exploratores
3648 4193 3856 4253 preste-

584 4279 688 4336 sibi
719 4285 890 4354 gratia
913 4286 1340 4342 misericorditer
1366 4289 1675 4360 suscipitur.
1703 4288 1962 4359 Equidem
1985 4291 2054 4346 ab
2080 4306 2167 4344 ara
2202 4315 2248 4370 Β
2274 4288 2412 4350 lans,
2445 4284 2676 4341 sollicite
2733 4284 2800 4339 ad
2844 4282 3191 4353 quaerendam
3228 4277 3320 4310 '°“
3361 4275 3643 4344 Hardvvigi
3690 4271 3855 4329 b05tis

586 4371 931 4444 cltiepiscopo
954 4373 1228 4447 Taginoue
1257 4388 1494 4453 rogatus.
1528 4380 1595 4433 ad
1638 4379 1939 4452 predietam
1978 4379 2168 4435 civita-

590 4471 700 4517 tem
727 4465 871 4528 veni,
894 4475 950 4522 et
974 4482 1095 4522 cum
1119 4470 1308 4524 eodem
1345 4469 1406 4541 (f.
1438 4468 1546 4541 98’)
1573 4470 1706 4525 redii
1733 4470 1967 4543 (Mart).
2001 4470 2165 4527 Veni-

591 4568 710 4607 mus
742 4554 806 4607 ad
829 4555 1022 4611 saltum
1051 4558 1281 4615 Geronis
1309 4560 1482 4631 (672),
1515 4562 1695 4632 ibique
1717 4579 1841 4618 eum
1865 4562 2159 4618 venerabili

589 4639 862 4697 abbatissa
905 4643 1104 4701 llatltui
1132 4648 1340 4718 palmas
1374 4650 1708 4706 sollemniter
1735 4652 2083 4724 peregimus;
2128 4652 2165 4708 4

587 4732 721 4790 feria
744 4736 811 4790 ad
838 4735 1202 4810 Magadaburg
1231 4741 1414 4811 regina
1456 4742 1701 4810 veniens,
1730 4757 1919 4800 cenam
1951 4741 2164 4800 Domini

2273 4375 2742 4434 conversationem
2773 4374 3185 4434 clandestinam.

2344 4467 2397 4522 5.
2432 4466 2618 4538 (f.99‘)
2639 4465 3117 4537 Langobardorum
3145 4476 3272 4516 vero
3296 4475 3448 4514 mens
3477 4456 3571 4489 ’m
3595 4457 3857 4511 hactenus

2276 4558 2329 4613 in
2361 4557 2503 4613 malo
2532 4556 2823 4617 unanimis,
2855 4553 3053 4608 divinae
3087 4549 3310 4622 pietatis
3353 4547 3620 4602 instinctu
3660 4541 3855 4599 dividi-

2276 4655 2384 4713 tur,
2435 4653 2493 4701 et
2541 4647 2610 4700 ab
2656 4642 2855 4712 injusto
2888 4641 3289 4712 supplantatore
3330 4635 3628 4706 disjuncta,
3676 4647 3709 4686 a
3754 4632 3861 4685 Deo

2280 4745 2539 4790 coronato
2562 4733 2673 4806 regi
2705 4732 2798 4764 “"
2837 4731 3089 4788 lleinrico
3126 4744 3375 4787 securum
3429 4726 3551 4794 fuga
3601 4719 3858 4796 patefecit

1868 4876 2102 4934 VARle
2138 4873 2542 4932 LECTlONES.

662 4988 793 5063 ξπξὶ
826 5006 1032 5045 erasum
1047 4990 1111 5063 _l.
1169 4992 1263 5026 ¹⁰⁰⁸
1289 4992 1571 5063 daginonis
1601 4994 1679 5048 lc.
1706 4993 1916 5057 sepius.
1988 4992 2081 5024 ¹⁰⁰⁶
2106 4990 2181 5047 lbi
2217 5020 2275 5063 -έ-
2299 4987 2536 5063 cantavit
2566 4987 2693 5040 add.
2724 4986 2809 5043 1b.

2890 4986 2983 5019 ¹⁰⁶⁷
3012 4982 3246 5054 lnperi.
3305 4979 3415 5054 ᾖξ’
3440 4991 3503 5031 ea
3534 4976 3589 5031 ι·
3786 4975 3858 5028 ἕω

588 5057 615 5114 1
648 5058 701 5113 in
730 5059 846 5114 loco
876 5078 1015 5115 rasa.
1045 5061 1227 5124 Tonga
1260 5066 1323 5118 Λ.
1454 5046 1890 5124 ““a‘sperrilalis
1920 5064 1969 5117 Ι.
2016 5046 2149 5096 ²⁰¹⁰⁴⁴γ
2182 5061 2404 5115 adth.
2447 5058 2540 5090 “’“
2567 5057 2888 5112 uvcronensi
2921 5074 2948 5108 ε
2970 5046 3110 5108 corr.
3143 5053 3231 5107 ib.
3300 5050 3392 5123 ξω
3412 5046 3856 5124 cum-ﬁgite?!“
