4048 5368
200 324 335 379 1517

1426 316 1849 375 CiIRONICON.
1890 348 1959 359 —-
1986 318 2115 373 LIB.
2162 317 2249 372 Vl.

3334 322 3473 379 {513

196 434 352 492 sam'
402 439 483 489 et'
537 433 849 488 caritatem‘
901 432 1170 502 expletam
1217 429 1510 486 comitante
1563 430 1781 502 regina‘
1810 447 1859 505 Α
1888 444 1963 483 ηε
1985 444 2082 483 nos
2108 427 2490 483 commortales
2520 444 2731 493 sumus,
2760 436 2815 483 et
2848 430 3026 485 omnia
3060 439 3191 485 nutu
3216 446 3314 489 suo
3342 449 3474 503 pon-

209 525 462 581 Albiam‘
493 523 937 596 transnavigans‘
969 521 1327 592 proﬁciscitur
1362 520 1479 573 “9'.

271 615 359 669 l5.
378 615 552 669 lnhiis
578 615 666 646 ¹ο⁹¹
695 614 1186 682 diehusRicdago',
1205 614 1437 667 abbate'
1466 612 1531 666 de
1551 613 1788 666 'monte‘

196 705 406 759 sancti‘
436 703 738 758 Johannts‘
786 703 1067 772 Baptisttc‘
1098 705 1197 756 ob‘
1240 704 1447 756 crimen
1471 702 1564 733 ¹⁰⁹³
1620 702 1792 769 quod-

196 794 355 847 dam‘
388 795 481 825 ιοθδ
519 796 586 847 ab
627 795 851 847 abhacia
879 796 1077 849 suimet
1099 810 1127 848 a
1160 792 1479 863 Taginone'
1511 793 1787 862 episcopo‘

198 886 508 954 deposito‘,
575 883 885 949 Alfkerus‘,
968 885 1390 938 monachorum‘
1450 884 1504 937 in
1586 883 1787 937 Palithi

198 975 417 1029 Christo
439 973 789 1028 servientium
810 978 829 995 '
855 974 1161 1043 provisor‘,
1217 973 1296 1026 in'
1320 987 1546 1026 vacuum
1569 974 1587 993 '
1637 972 1791 1041 poni-

201 1073 336 1130 tur,
391 1075 447 1119 et
475 1066 749 1134 preposita
802 1067 1031 1119 sanctae“
1076 1066 1527 1119 convrrsationis'
1577 1065 1788 1133 religio'

202 1158 469 1212 hactenus
494 1156 725 1212 ﬁrmiter
751 1156 1078 1210 consistens‘
1099 1196 1114 1222 ,
1140 1156 1528 1209 miserabiliter
1556 1156 1790 1211 destrui-

202 1258 293 1303 tur
316 1253 334 1272 '
354 1257 409 1302 et
436 1248 488 1301 in
554 1263 745 1303 nomen
799 1248 1151 1318 prepositura:
1181 1248 1274 1282 ¹⁰⁹⁵
1307 1250 1595 1315 mulatur',
1626 1249 1785 1304 unde“

200 1339 282 1391 et‘
336 1338 585 1392 miscrize‘
644 1338 853 1392 futura!
884 1339 1056 1408 prima
1109 1340 1318 1395 exstitit
1373 1340 1591 1394 indicio.
1651 1341 1784 1395 lloc'

201 1408 410 1488 etiam',
443 1426 607 1495 quod‘
632 1442 727 1495 per
768 1427 997 1480 labentia
1045 1429 1242 1482 accidit
1272 1429 1630 1498 temporum“,
1661 1444 1693 1483 ο
1720 1430 1787 1483 si'

203 1517 412 1572 fuisset'
444 1519 666 1573 dextraf
698 1521 920 1573 mutatio
944 1519 1171 1575 excelsa:
1198 1521 1211 1573 !
1248 1519 1422 1590 (Paul.
1459 1536 1639 1583 um,
1674 1520 1785 1590 11.)

201 1609 470 1663 Auctores
522 1619 724 1664 sancta:
776 1611 1170 1676 institutionis,
1222 1611 1283 1682 (Γ.
1347 1610 1467 1681 107)
1527 1613 1580 1665 in
1638 1612 1786 1665 omni

202 1702 405 1771 pietate
440 1702 728 1755 modernos
776 1701 971 1770 oppido
1019 1702 1392 1770 precellentes,
1438 1702 1579 1770 quod
1608 1717 1787 1757 sumo-

1894 520 2022 575 dera
2051 521 2105 574 in
2136 530 2331 573 terram
2373 520 2504 575 ferri
2549 538 2654 575 non
2710 522 3031 576 nesscimus.
3084 521 3469 593 Res’piscenda

1896 610 1985 641 ¹¹⁰¹
2050 612 2420 679 respiciamus,
2477 620 2854 665 ammonentes
2906 627 3078 679 neque
3125 628 3467 681 sper..etnus,

1891 701 2154 769 promissa
2182 700 2425 756 ﬁdelibus
2454 702 2665 756 cunctis
2696 703 2899 771 prentia
2939 719 3060 756 cum
3092 706 3466 760 mandatorum

1890 790 2269 843 observatione
2300 790 2604 844 divinorum
2631 794 2994 860 acquiramus.
3044 791 3157 845 Non
3189 794 3468 848 videamur

1892 880 2092 933 nostris
2120 882 2560 936 antecessoribus
2585 883 2851 943 meliores,
2878 883 3000 951 quia
3029 884 3233 952 pariter
3259 885 3471 952 decepti

1892 968 1945 1021 in
1973 972 2118 1022 varia
2144 970 2325 1037 specie
2354 972 2485 1024 recti
2514 972 2621 1026 hiis
2646 988 2833 1026 sumus
2852 973 3013 1027 nimis
3045 974 3135 1004 ¹¹⁰²
3159 976 3471 1044 inaequales.

1890 1057 2059 1113 Nemo
2093 1060 2385 1125 irascatur,
2414 1076 2536 1115 cum
2566 1073 2783 1132 propter
2801 1064 2965 1119 Deum
3011 1066 3349 1119 familiariter
3402 1068 3474 1121 ab

1890 1151 2071 1221 aliquo
2095 1163 2379 1223 arguatur.
2408 1154 2623 1209 Caritas
2653 1156 2881 1224 benigne
2903 1174 2930 1209 a
2972 1161 3179 1211 cunctis
3200 1160 3469 1230 succipiu-

1891 1252 1998 1308 tur,
2030 1253 2085 1299 et
2111 1245 2180 1299 ob
2214 1246 2778 1315 recompensacionem
2802 1264 3089 1316 supernam
3108 1251 3306 1303 veritas
3328 1252 3471 1304 nuda

1889 1335 2198 1390 sull'eratur.
2246 1335 2404 1405 Optet
2444 1336 2701 1391 .ﬁdclium
2730 1338 2952 1407 supplex
3001 1339 3197 1408 pelicio
3228 1342 3469 1395 omnium

1889 1427 2249 1481 necessariam
2284 1428 2349 1481 de
2378 1429 2539 1483 rebus
2589 1430 2673 1483 his
2720 1439 2772 1483 et
2821 1431 2887 1483 de
2932 1430 3247 1485 criminibus
3288 1432 3408 1487 aliis
3437 1447 3471 1489 a

1887 1514 2103 1571 Christo
2135 1516 2545 1587 indulgentiam.
2577 1520 2645 1572 Et
2667 1536 2765 1589 ego
2795 1519 2952 1592 longe
2995 1523 3268 1593 digressus
3318 1539 3471 1595 repe-

1892 1618 1995 1660 tam
2029 1607 2255 1677 inceptze
2283 1610 2612 1664 narrationis
2633 1627 2845 1665 cursus.

1959 1698 2044 1752 16.
2071 1698 2347 1753 Ordinatis
2376 1698 2681 1769 legionibus
2704 1740 2719 1766 ,
2753 1718 2846 1757 rex
2878 1704 2999 1758 inde
3042 1704 3135 1735 ¹¹⁰³
3190 1705 3472 1774 progredi-

203 1808 334 1862 pere
365 1803 739 1847 construentes
761 1801 814 1847 et
838 1808 1005 1862 usque
1028 1795 1093 1847 ad
1120 1794 1557 1856 zedil‘tcationetn,
1591 1803 1648 1846 ut
1681 1793 1784 1847 sibi
1821 1796 1861 1853 Β
1892 1798 2001 1853 tur,
2053 1798 2107 1844 ct
2163 1791 2346 1861 regina
2390 1791 2643 1846 celeriter
2704 1809 2942 1861 reversa,
3001 1806 3243 1866 Optatum
3296 1798 3473 1853 dilecti

203 1884 514 1948 videbatur,
547 1884 841 1955 perfectam
874 1884 1203 1953 complentes
1251 1885 1543 1954 prudenter
1568 1885 1788 1940 ordina-

202 1990 356 2043 vcre,
402 1977 505 2031 hoc
543 1986 754 2042 nostro,
799 1992 896 2046 pro
921 1977 1105 2030 dolor!
1139 1978 1191 2031 in
1230 1986 1469 2047 tempore
1524 1979 1786 2031 malorum

205 2066 488 2135 instinctu,
513 2078 571 2124 ut
594 2085 804 2134 vereor,
846 2085 949 2124 non
977 2070 1030 2124 in
1059 2070 1273 2135 melius,
1304 2070 1398 2125 sed
1427 2070 1483 2123 in
1515 2068 1784 2139 pejus_‘°9'

205 2177 424 2219 versum
465 2174 566 2219 est.
614 2163 828 2219 Utinam
872 2174 1095 2233 propter
1128 2165 1418 2234 specialem
1451 2173 1649 2219 nostra:
1681 2163 1787 2217 titi-

206 2253 378 2308 litatis
407 2257 510 2310 hoc
536 2270 638 2309 non
664 2256 901 2309 oriretur
930 2254 1201 2310 eliectum.
1261 2255 1457 2309 Verum
1489 2265 1593 2319 est,
1641 2256 1787 2325 quod

206 2343 311 2407 hii,
338 2359 565 2413 quorum
588 2359 722 2398 nova
747 2346 1089 2399 conversatio
1113 2355 1166 2400 et
1201 2346 1252 2399 in
1275 2346 1459 2399 habitu
1490 2357 1545 2400 et
1572 2347 1623 2399 in
1644 2346 1789 2400 victu

206 2435 497 2492 laudabilis
520 2446 689 2501 extat,
723 2452 853 2491 vero
881 2437 970 2470 ¹⁰⁹⁸
998 2453 1103 2491 non
1132 2447 1255 2491 sunt
1287 2452 1412 2507 sepe
1434 2438 1576 2506 quod
1615 2437 1789 2491 simu-

207 2527 343 2582 lant.
372 2527 517 2582 Dicit
542 2544 770 2597 namque
799 2528 1071 2597 scriptura
1097 2528 1245 2598 (696)
1277 2526 1538 2582 Simulata
1588 2528 1789 2597 equitas

205 2640 314 2677 non
342 2633 417 2677 est
446 2623 663 2691 aquilas,
694 2623 782 2675 sed
813 2621 1005 2691 duplex
1050 2622 1296 2692 iniquitas
1329 2622 1441 2673 1°”.
1474 2620 1661 2675 Omnis
1694 2620 1791 2675 ho-

207 2714 417 2769 tninum
450 2715 559 2768 Deo
580 2714 923 2783 acceptabilis
951 2714 1159 2768 fructus
1190 2714 1242 2768 in
1280 2715 1443 2768 corde
1476 2713 1615 2767 bono
1648 2728 1783 2767 cou-

206 2812 430 2874 sistens,
457 2826 485 2864 a
514 2811 667 2865 bonis
696 2822 840 2864 vcstc
869 2810 1092 2879 pulchra
1118 2822 1173 2864 et
1226 2825 1395 2864 aurea
1443 2808 1548 2863 cibi
1607 2822 1792 2878 peius-

206 2915 317 2970 que
342 2901 711 2954 mediocritate
760 2915 1159 2968 nonnumquam
1209 2898 1601 2953 dissimulatur.
1636 2897 1793 2964 Qitod

204 3006 393 3049 autem
427 2994 701 3049 abstemiis
729 3004 783 3049 et
808 2994 1043 3063 diploide
1090 2994 1290 3047 iudutis
1320 2993 1677 3062 subtrahitur,I
1706 2991 1794 3047 cui

203 3086 318 3141 hoc
359 3085 704 3155 inpenditur?
745 3084 801 3138 Si
847 3084 897 3137 in
928 3100 1114 3137 earum
1148 3084 1199 3137 id
1247 3084 1444 3138 transit
1504 3092 1791 3153 augmenta

1888 1880 2125 1934 senioris
2155 1880 2235 1934 sui
2296 1881 2348 1934 in
2380 1880 2613 1936 Saxonia
2647 1885 2876 1940 sollicite
2934 1888 3333 1955 prestolahatur
3379 1889 3473 1941 ad-

1887 1983 2128 2027 ventum.
2178 1974 2521 2029 Exccrcitum
2551 1976 2643 2007 ¹¹⁰δ
2672 1991 2854 2033 autem
2905 1990 3148 2034 nostrum
3177 1996 3298 2035 cum
3322 1995 3475 2051 pros-

1885 2066 2113 2133 peritate
2140 2065 2206 2117 ad
2239 2065 2443 2126 locum,
2489 2067 2579 2136 qui
2616 2066 2885 2122 Dobraluh
2944 2070 3139 2123 dicitur
3179 2069 3352 2139 (697),
3405 2070 3460 2124 in

1887 2169 2024 2225 pago
2050 2155 2229 2209 Luzici
2273 2155 2363 2187 ““
2396 2158 2722 2224 venientem,
2777 2158 3063 2215 lleinricus
3091 2172 3145 2213 et
3179 2159 3473 2215 Jarimirus

1889 2250 2055 2305 duces
2084 2252 2150 2305 ad
2200 2253 2630 2323 supplementum
2680 2253 2919 2322 ejusdem
2958 2270 3081 2308 cum
3111 2258 3223 2309 suis
3278 2270 3474 2324 pr0pe.

1890 2352 2089 2403 rantes,
2125 2342 2422 2409 lartilicant,
2480 2344 2788 2414 majoraque
2818 2347 3025 2402 consilii
3056 2358 3110 2401 et
3138 2346 3476 2403 fortitudinis

1895 2449 1991 2503 spe
2024 2435 2296 2488 roborant.
2327 2435 2425 2491 llic
2454 2436 2681 2491 ducibus
2701 2439 2976 2508 corruptis
2993 2448 3047 2492 et
3075 2438 3478 2494 suadel‘endere

1890 2525 2265 2592 cupientibus.
2302 2542 2398 2595 per
2426 2526 2742 2581 solitudnes
2771 2529 3100 2597 paludesque
3153 2530 3467 2584 circumdu-

1890 2623 2030 2677 ctus,
2064 2615 2348 2669 admodum
2390 2616 2465 2686 (Γ.
2488 2617 2611 2685 108)
2645 2628 2919 2686 gravatur,
2953 2630 3009 2673 et
3039 2635 3104 2673 ne
3130 2624 3237 2675 cito
3286 2623 3350 2673 ad
3384 2621 3481 2675 ho-

1891 2714 2028 2760 stem
2072 2706 2356 2761 ledendum
2408 2709 2755 2776 perveniret,
2803 2711 2977 2764 invida
3009 2725 3195 2765 eorum
3230 2711 3481 2781 maligni-

1895 2804 2007 2852 tate
2039 2801 2304 2851 tardatur.
2338 2799 2464 2853 lnde
2493 2803 2822 2869 provinciam
2848 2802 2974 2857 Nice
2998 2816 3246 2857 vocatam
3280 2804 3476 2858 i.iuere

1897 2890 2226 2960 attingentes
2256 2931 2271 2955 ,
2305 2890 2459 2959 juxta
2498 2892 2777 2960 Sprewam
2808 2892 3027 2949 ﬂuviqu
3060 2906 3244 2951 castra
3295 2907 3471 2952 meta-

1898 2991 1983 3035 tus
2013 2992 2111 3036 est.
2150 2982 2299 3036 llunc
2327 2995 2448 3037 cum
2495 2985 2702 3039 hostem
2732 3000 2797 3040 ex
2835 2988 3004 3042 latere
3054 2987 3239 3043 abdito
3269 3006 3474 3045 nocen-

1898 3082 2005 3128 tem
2032 3074 2391 3139 Thiebernus,
2426 3075 2577 3130 miles
2607 3077 2825 3146 egreius
2860 3078 2974 3144 “°°,
3025 3083 3371 3149 coutperiret,
3406 3083 3477 3137 ob

203 3148 611 3237 azcclesiarum,
661 3174 945 3242 dupliciter
967 3173 1218 3241 proiicit,
1248 3182 1302 3227 et
1347 3148 1631 3225 animabus
1671 3171 1781 3225 fra-
1821 3148 1861 3207 C
1897 3166 2105 3219 laudent
2138 3167 2239 3220 sibi
2296 3168 2604 3235 specialiter
2659 3174 3021 3240 usurpandum
3062 3175 3296 3242 Optimos
3330 3175 3419 3206 “°"
3448 3190 3481 3230 e

206 3275 385 3329 trum,
414 3266 457 3319 si
490 3274 708 3334 propter
746 3264 910 3317 Dcttnt
963 3263 1062 3315 ista
1113 3262 1414 3331 paciuntur,
1446 3270 1499 3315 et
1548 3260 1600 3314 in
1633 3262 1791 3316 rebus

207 3356 527 3410 domesticis
559 3369 743 3409 eorum
788 3352 1079 3407 elemosina
1132 3351 1426 3405 lucrandis.
1482 3350 1587 3405 Sed
1618 3352 1662 3405 si
1693 3367 1789 3404 ex-

209 3448 488 3502 trinsecus
513 3462 673 3502 omne
702 3445 965 3509 defertur,
992 3460 1095 3514 qua
1121 3444 1410 3499 secmitate
1441 3443 1543 3497 hoc
1570 3448 1790 3507 crescit,

210 3539 372 3609 cujus
426 3536 669 3609 profectu
722 3536 1014 3591 multorum
1066 3536 1354 3589 diminutio
1394 3536 1600 3603 gemit?
1633 3537 1793 3591 Certe

209 3642 326 3681 non
360 3626 409 3679 id
458 3625 613 3678 ﬁrma
664 3624 953 3677 stabilitate
1008 3621 1299 3686 exaltatur,
1356 3621 1449 3673 sed
1496 3620 1795 3688 lugubriter

211 3716 541 3785 quandoque
563 3712 1017 3781 degratlatur“°°.
1047 3710 1102 3765 Si
1132 3711 1292 3765 sileat
1320 3710 1523 3764 veritas
1548 3708 1795 3764 Christus

212 3804 445 3875 ejusque
490 3819 749 3875 precoues
780 3805 1014 3872 linguam
1062 3802 1343 3858 moi-deant
1386 3820 1575 3856 omnes
1598 3843 1612 3865 ,
1643 3812 1797 3856 estne

217 3898 331 3951 hoc
379 3906 546 3949 totuut
587 3911 682 3964 per
729 3897 909 3950 omnia
958 3895 1095 3949 bene
1137 3892 1414 3947 limatum?
1457 3892 1605 3946 Tuba
1640 3903 1796 3949 sonat

216 3986 283 4059 (i'.
314 3988 456 4056 107’)
502 3988 805 4057 evangelica
831 4027 844 4051 ,
876 3986 1007 4040 nihil
1037 3997 1283 4054 opertum
1340 3984 1476 4049 fore,
1521 3985 1662 4054 quod
1691 4000 1794 4040 non

215 4079 554 4135 revelabitur
610 4078 816 4149 (Matth.
862 4093 936 4142 x,
992 4078 1106 4145 26).
1173 4077 1463 4145 Postquam
1534 4075 1797 4130 voluntati

215 4182 426 4226 nostra:
457 4170 508 4223 in
555 4172 803 4225 onmihus
850 4169 1232 4231 satisfecimus,
1292 4166 1562 4222 ineﬂ‘abile
1600 4167 1797 4221 malum

215 4262 567 4319 dissimulato
590 4262 830 4317 facinore
860 4260 1102 4332 perpessi
1154 4274 1362 4327 sumus;
1395 4258 1601 4332 fragilis
1645 4270 1802 4314 natu-

1898 3262 2165 3316 cousociis
2198 3261 2499 3315 clanculum
2533 3264 2783 3332 eligendo
2840 3281 3168 3331 convocans,
3200 3283 3324 3321 eum
3355 3269 3479 3324 doio

1897 3350 2219 3419 intercipere
2259 3361 2503 3420 temptat.
2535 3353 2634 3418 Qui
2676 3355 2809 3407 satis
2840 3356 3112 3423 providus,
3164 3366 3220 3410 ut
3257 3356 3336 3410 sic
3366 3372 3480 3411 me~

1896 3438 1999 3493 lius
2030 3450 2320 3508 sequentes
2350 3440 2399 3494 le
2422 3444 2576 3507 leret,
2635 3443 2775 3495 inter
2802 3443 3068 3514 lignorum
3115 3446 3477 3501 cottdvnsita-

1900 3538 2008 3584 tem
2036 3529 2341 3598 jaceneium
2375 3532 2529 3598 fugit,
2556 3541 2610 3585 et
2642 3516 3097 3603 sagittisaquibus
3114 3537 3348 3589 maxime
3378 3539 3476 3590 de-

1900 3621 2212 3683 fenduntur,
2240 3636 2387 3675 more
2418 3622 2576 3675 solito
2609 3623 2868 3687 remissis,
2907 3626 3080 3692 primo
3124 3626 3292 3690 hunc,
3326 3636 3481 3695 post-

1901 3724 2072 3778 eaque
2128 3710 2496 3763 Bernhardum
2535 3750 2550 3773 ,
2601 3710 2709 3763 Isin
2764 3721 2821 3765 et
2872 3712 3180 3766 Bennouem
3211 3753 3228 3778 ,
3274 3715 3481 3770 Arnulli

1902 3799 2130 3870 prcsulis
2166 3798 2377 3853 inclitos
2407 3800 2689 3865 satellites,
2723 3816 2844 3854 cum
2872 3801 2993 3855 aliis
3022 3803 3479 3860 commilitonibus

1903 3897 2085 3950 multis
2099 3896 2188 3926 ¹¹⁰¹
2205 3895 2255 3949 8.
2274 3895 2394 3947 ldus
2408 3894 2745 3961 Septembris
2759 3897 3002 3951 incautos
3014 3899 3305 3965 prostravit
3330 3898 3477 3970 (698)

1904 3998 1958 4042 et
1978 3987 2317 4057 despoliavit.
2355 3986 2436 4041 Ob
2470 3986 2561 4017 ¹¹⁰⁸
2592 3988 2693 4041 hoc
2727 4003 2821 4041 rex
2844 4005 2963 4041 cuin
2996 3991 3139 4043 omni
3171 3992 3361 4044 suimet
3390 4007 3481 4046 cu-

1906 4081 2093 4135 ntitatu
2121 4079 2305 4133 dolore
2336 4080 2676 4138 concutitur.
2713 4089 2768 4134 et
2803 4080 2873 4133 ob
2924 4081 3023 4134 hoc
3050 4080 3349 4136 Bnlizlavus
3378 4084 3477 4137 do-

1904 4172 2070 4226 luisse
2100 4190 2128 4224 a
2180 4172 2450 4225 nonnullis
2505 4172 2788 4225 veraeibus
2833 4173 3162 4241 perhibetur.
3201 4173 3323 4227 Post
3366 4175 3480 4229 ha-c

1906 4263 2109 4319 Liuzici
2135 4264 2332 4318 nostris
2359 4265 2529 4335 pridie
2554 4278 2713 4332 quam
2740 4265 2807 4318 ad
2826 4263 3057 4319 Oderam
3086 4262 3305 4319 ﬂuvium
3330 4266 3484 4322 veni-

1500 4397 1735 4454 VARIIE
1773 4399 2180 4456 LECTIONES.

344 4559 823 4636 ‘°"pr_oﬁcissitur
877 4561 945 4636 l._
1008 4560 1105 4636 mf
1161 4556 1355 4614 Diebus
1402 4561 1509 4616 hiis
1559 4562 1615 4616 2.
1692 4563 1787 4603 ¹⁰⁹³
1848 4563 2054 4636 crimen
2112 4563 2409 4636 quoddam,
2460 4579 2602 4618 none
2640 4564 2895 4636 episcopo
2935 4564 3177 4636 deposito
3239 4566 3489 4621 All‘kerns

218 4644 339 4689 mo.
400 4631 746 4700 servientium
799 4632 1043 4700 provisor
1094 4632 1144 4684 in
1204 4646 1291 4700 va,
1340 4644 1540 4685 sanctae
1586 4635 2018 4687 conversationis
2072 4631 2166 4699 rei,
2215 4644 2333 4689 tens
2384 4631 2767 4689 misrt'abiliter
2813 4631 2949 4699 dest,
3002 4631 3406 4689 inntaturmule
3434 4642 3490 4689 et

220 4700 467 4775 miseria!
496 4699 594 4775 fut,
615 4701 723 4775 Iloc
751 4704 912 4775 etiam
944 4703 1106 4769 quod,
1130 4700 1173 4775 si
1200 4699 1388 4775 fuisset
1414 4704 1616 4775 dertraz
1645 4704 1847 4757 abscisa
1878 4704 1928 4757 1.
1962 4702 2055 4737 ⁸⁵⁸⁵
2081 4705 2153 4757 itu
2177 4704 2232 4768 Ξ,
2268 4706 2455 4775 quibus
2493 4714 2663 4758 tamen
2692 4707 2744 4758 in
2770 4708 2815 4759 1.
2851 4706 2994 4759 locus
3019 4707 3161 4758 Imud
3184 4705 3487 4775 sufﬁciebat,

222 4773 298 4823 ah
323 4785 377 4822 a.
404 4785 451 4823 s.
474 4769 654 4844 desunt
812 4771 913 4844 λ⁸⁰⁹⁵Α
933 4772 1271 4844 propositure
1292 4772 1375 4844 __i.
1456 4772 1549 4844 ’_°"
1577 4789 1784 4844 erasum
1814 4775 1863 4827 1.
1947 4774 2035 4805 ¹⁰⁹⁷
2061 4789 2106 4827 s.
2136 4777 2171 4828 i.
2200 4792 2254 4844 p.
2280 4769 2415 4828 'atld.
2444 4775 2527 4827 ib.
2606 4775 2697 4806 ¹⁰⁹⁸
2721 4776 2793 4829 ita
2827 4777 2877 4828 1.
2905 4792 3078 4828 errore
3109 4775 3191 4825 ib.
3222 4769 3277 4825 in
3298 4791 3345 4826 ιε
3368 4772 3487 4839 fecit

223 4841 610 4913 conversacio,
689 4842 780 4873 "’9’
810 4842 1006 4911 iquitas
1030 4844 1081 4895 1.
1160 4839 1438 4913 ¹¹⁰⁴ζ11ωισ
1462 4842 1633 4895 locum
1663 4842 1718 4895 2.
1752 4843 1826 4913 ita
1857 4844 2060 4897 exhibet
2091 4860 2109 4898 :
2143 4839 3021 4913 ex'altabitttr—-degradabituret
3052 4852 3368 4913 sanctorum
3392 4856 3493 4913 pa-

225 4911 674 4984 truttrinstittitio
696 4910 1177 4984 redintegrabitur.
1238 4911 1404 4965 Sileat
1432 4929 1481 4966 v.
1509 4928 1613 4980 que
1642 4911 1808 4967 estC.
1848 4930 1899 4982 p.
1932 4928 1982 4966 e.
2012 4931 2065 4967 ο.
2091 4914 2126 4968 Ι.
2159 4934 2231 4970 ni.
2278 4916 2484 4984 lapides
2513 4910 2847 4979 clamabunt,
2904 4916 3004 4967 hec
3035 4911 3215 4984 omnia
3264 4928 3366 4984 non
3392 4910 3495 4962 ben

224 4979 579 5054 esselimata.
610 4981 758 5036 Tuba
788 4982 1099 5054 evangelica
1125 4991 1430 5054 sonat,_u.o.
1458 4979 1601 5054 esse,
1634 4997 1751 5050 q.tt.
1783 4999 1827 5036 r.
1851 4979 2075 5049 'Venict,
2109 4979 2350 5054 inquam,
2383 4986 2563 5037 veniet
2595 4995 2825 5051 tempus.
2853 4999 2961 5054 quo
2987 4992 3039 5035 et
3072 4982 3301 5032 istorum
3329 4982 3496 5047 hypo~

230 5049 701 5122 crisisdetegctur
727 5060 784 5105 et
814 5052 1034 5117 antiqua
1067 5060 1276 5122 patrum
1304 5052 1570 5107 institutio
1609 5049 1704 5121 pir
1734 5055 1915 5109 omnia
1948 5049 2269 5112 laudabilior
2294 5058 2381 5110 his
2422 5055 2652 5107 diversis
2684 5049 3013 5106 novitatibus
3056 5060 3177 5122 esse
3207 5059 3502 5118 cognosce-

232 5129 347 5173 tur.
394 5119 499 5173 lVos
521 5134 783 5191 peccator:
807 5118 1166 5198 spostquam.
1244 5121 1333 5151 ¹¹⁰¹
1363 5118 1729 5198 resipiscanda
1766 5125 1815 5177 1.
1838 5125 2149 5182 Omittenda
2179 5140 2405 5197 qumque
2434 5122 2834 5198 respiciamus,
2870 5118 3240 5173 admonitot‘es
3292 5127 3504 5198 nostros
