4048 5368
547 284 680 353 ista

1424 292 1806 352 TlllETMARl
1846 293 2152 354 EPISCOPI
2192 292 2818 354 MERSEBURGENSIS

3682 295 3812 350 1320

538 412 1001 478 rent,isotiantur,
1025 409 1153 465 deos
1199 408 1398 465 suimet
1430 414 1783 480 precedentes
1811 406 2127 479 subsequuti
2156 414 2209 474 Α
2233 406 2375 465 libus
2427 408 2701 474 coluntur,
2760 407 2900 464 inter
2929 419 3052 478 qua:
3099 405 3293 464 civitas
3350 402 3825 479 supramemorata

540 501 657 556 “°’.
688 501 946 569 Quamvis
971 508 1150 556 autem
1193 499 1258 555 de
1288 499 1399 553 hiis
1426 499 1627 569 aliquid
1674 499 1853 555 dicere
1902 500 2133 569 perhor-

539 605 775 652 rescant,
814 598 1084 645 tamen-ut
1111 589 1273 656 scias,
1304 587 1472 643 lector
1502 597 1702 654 amate,
1727 602 1919 643 vanam
1943 602 2131 643 eorum

541 685 1015 754 supersticioncm,
1067 683 1471 749 inanioremque
1497 679 1677 751 pepuli
1735 679 1890 736 istius
1936 694 2135 734 execu-

542 778 766 837 tionem,
797 774 888 844 qui
923 774 1055 829 sint
1085 773 1168 830 vel
1198 773 1342 828 unde
1389 772 1494 827 huc
1544 772 1797 827 venerint
1830 811 1846 837 ,
1894 771 2130 826 strictim

545 864 812 920 enodabo.

616 958 701 1012 17.
725 955 1220 1024 Εειιιι-ϋειιιιωάειηι
1249 954 1302 1008 in
1322 968 1456 1023 pago
1469 951 1816 1006 Riedirierun
1843 950 1935 983 ⁸¹¹⁰
1960 950 2130 1020 (699),

544 1048 836 1117 Riedegost
859 1047 962 1113 ll“
1003 1047 1152 1120 (700)
1187 1047 1407 1101 nomine
1426 1045 1703 1108 tricornis,
1745 1058 1810 1098 ac
1837 1055 1948 1098 tres
1986 1043 2041 1097 in
2073 1030 2138 1125 se.

545 1142 831 1194 continens
864 1149 1053 1208 portas
1085 1139 1198 1202 ιη’,
1230 1152 1391 1206 quam
1423 1136 1662 1204 undique
1691 1134 1945 1215 silva.ab
1976 1134 2130 1188 inco—

544 1236 609 1289 lis
648 1237 849 1291 intacta
872 1245 924 1290 et
952 1235 1012 1307 (Γ.
1052 1233 1194 1305 lOS‘)
1220 1236 1547 1290 venerabilis
1584 1233 1887 1289 circumdat
1912 1248 2131 1304 magna.

549 1328 678 1381 Dum
714 1326 954 1397 ejusdem
998 1338 1168 1398 ports:
1222 1321 1437 1383 eunetis
1480 1327 1886 1381 intmeuntibus
1914 1335 2130 1394 patent;

545 1421 731 1478 tertia.
759 1437 879 1490 quae
904 1422 1169 1475 orientem
1200 1423 1420 1490 respicit
1447 1430 1502 1476 et
1527 1421 1744 1475 minima
1794 1430 1899 1482 est,
1944 1420 2135 1474 trami-

545 1520 652 1566 tem
683 1514 749 1565 ad
782 1529 932 1566 mare
951 1514 1106 1584 juxta
1147 1515 1381 1583 positum
1416 1523 1469 1567 ct
1515 1514 1631 1566 visu
1666 1514 1828 1566 nimis
1873 1512 2135 1567 horribile

544 1612 810 1657 monstrat
834 1604 941 1654 “‘3.
986 1604 1040 1657 In
1077 1605 1264 1659 eadem
1295 1615 1378 1659 est
1422 1605 1498 1659 nil
1527 1605 1631 1658 nisi
1680 1603 1863 1658 fanum
1898 1605 1965 1659 de
1990 1605 2135 1673 ligno

547 1695 833 1749 artiﬁnose
868 1695 960 1727 ¹¹¹⁵
990 1697 1378 1766 compositum,
1407 1696 1548 1765 quod
1580 1710 1679 1764 pro
1710 1695 1929 1749 baslbus
1961 1692 2138 1747 diver-

2234 501 2597 572 principalem
2655 510 2803 556 tenet
2850 501 3238 557 monarchiam.
3301 501 3456 559 Hanc
3507 504 3579 558 ad
3627 504 3816 561 bellum

2234 602 2587 663 properantes
2608 588 2876 658 salutant,
2906 592 3051 647 illam
3090 592 3347 665 prospere
3371 595 3673 650 redeuntes
3705 613 3789 651 mu

2235 681 2456 738 neribus
2482 683 2679 738 debitis
2726 676 3014 747 honorant,
3048 696 3101 739 et
3122 696 3254 754 quas
3303 686 3597 756 placabilis
3655 689 3815 743 nostis

2235 772 2339 829 diis
2378 763 2557 829 oﬂerri
2589 790 2618 828 a
2679 775 2941 830 ministris
2986 776 3199 841 debeat,
3256 792 3355 847 per
3390 789 3575 834 sortes
3625 795 3695 835 ac
3734 794 3822 849 per

2236 878 2465 935 equum,-
2511 868 2651 922 sicut
2692 868 2936 938 prefatus
2974 884 3093 923 sum
3117 910 3134 936 ,
3158 869 3453 939 diligenter
3506 872 3803 940 inquiritur

2236 943 2525 1012 llominum
2556 973 2621 1013 ac
2670 959 2932 1027 sanguine
2979 961 3242 1030 pecudum
3305 960 3605 1017 iucﬂ'abilis
3638 963 3821 1018 horum

2234 1045 2388 1103 furor
2411 1049 2711 1118 mitigatur.-
2741 1049 2856 1104 Hiis
2881 1058 3060 1106 autem
3085 1050 3211 1086 “'5‘
3233 1054 3513 1117 omnibus,
3543 1056 3643 1124 qni
3685 1071 3821 1108 com-

2236 1140 2477 1193 muniter
2500 1140 2691 1195 Liutici
2747 1153 3029 1208 vocantur,
3061 1146 3313 1199 dominus
3347 1148 3675 1217 specialiter
3725 1164 3820 1202 non

2239 1228 2477 1297 presidet
2501 1229 2661 1285 ullus.
2691 1231 2940 1286 Unanimi
2966 1234 3190 1289 consilio
3221 1236 3288 1289 ad
3314 1237 3578 1304 placitum
3635 1238 3824 1292 suimet

2238 1321 2546 1375 necessaria
2575 1324 2958 1391 discucientes,
3015 1328 3066 1379 in
3111 1328 3271 1382 rebus
3300 1327 3611 1383 eﬂiciendis
3644 1345 3827 1384 omnes

2238 1410 2588 1466 concordant.
2622 1412 2678 1466 Si
2708 1414 2829 1478 quis
2862 1431 2988 1468 vero
3016 1414 3077 1486 (f.
3108 1417 3340 1487 lU9‘)'ex
3374 1421 3819 1490 comprovincia-

2239 1505 2380 1559 libus
2405 1506 2456 1558 in
2488 1506 2686 1575 placito
2711 1507 2814 1561 hiis
2839 1513 3181 1575 contradicit,
3212 1510 3447 1569 tustibus
3474 1515 3819 1577 verberatur,

2236 1599 2358 1653 etsi
2390 1597 2687 1654 forinsecus
2720 1601 2898 1669 palam
2943 1602 3169 1668 resistit,
3212 1613 3308 1657 aut
3329 1606 3521 1660 omnia
3579 1606 3827 1663 incendio

2239 1698 2293 1745 et
2321 1691 2577 1745 continua
2635 1690 3019 1757 depredatione
3047 1694 3248 1760 perdit,
3276 1706 3372 1751 aut
3397 1696 3456 1751 in
3485 1712 3684 1752 eorum
3710 1714 3831 1768 prc-

490 1820 499 1832 .
548 1798 733 1837 sarum
752 1783 1359 1837 sustentaturcomibus
1384 1784 1703 1837 bestiarum.
1722 1780 1889 1848 llujus
1903 1787 2136 1851 parietes
2168 1776 2211 1837 Β
2242 1783 2415 1837 sentia
2441 1799 2541 1852 pro
2567 1788 2827 1853 qualitate
2851 1802 2943 1838 sua
2968 1788 3210 1855 pecuniae
3238 1788 3499 1855 persolvit
3550 1801 3831 1861 quantita-

548 1875 946 1930 variaadeorum
962 1876 1292 1945 dearumque
1306 1876 1569 1944 imagines
1581 1874 1809 1929 mirifice
1827 1874 2131 1943 insculpta},

546 1970 963 2023 utcernentibus
976 1969 1204 2034 videtur,
1222 1969 1458 2023 exterius
1475 1979 1690 2031 ornant;
1707 1966 1939 2023 interius
1953 1979 2132 2022 autem

546 2058 622 2115 dii
645 2069 795 2115 stant
826 2076 984 2114 manu
1021 2060 1169 2125 facti,
1223 2061 1450 2131 singulis
1488 2062 1800 2116 nominibus
1825 2062 2132 2133 insculptis,

547 2152 718 2224 galeis
744 2162 909 2224 atque
933 2154 1117 2208 loricis
1151 2154 1472 2209 terribiliter
1498 2154 1700 2220 vcsdti,
1746 2170 1978 2224 quorum
2025 2155 2138 2224 pri-

549 2240 675 2297 mus
695 2244 975 2299 Zuarasici
1008 2243 1155 2313 i701)
1195 2244 1395 2299 dicitur
1424 2285 1439 2309 ,
1468 2254 1522 2298 et
1544 2260 1641 2314 pre
1668 2246 1879 2300 caeteris
1912 2262 1943 2298 a
1968 2256 2143 2300 cuuc-‘

550 2331 622 2388 tis
681 2333 972 2404 gentilibus
1005 2336 1304 2390 honoratur
1337 2343 1393 2389 et
1430 2336 1646 2390 colitur.
1686 2335 1892 2391 Vexiila
1920 2351 2136 2407 quoque

547 2439 737 2480 eorum
779 2427 881 2480 nisi
904 2425 970 2479 ad
1009 2427 1370 2496 expeditionis
1396 2429 1728 2491 necessaria,
1775 2437 1829 2483 et
1854 2438 1985 2484 tunc
2040 2444 2139 2499 per

549 2518 777 2586 pedites,
805 2516 933 2574 hinc
963 2518 1275 2575 nullatenus
1321 2530 1626 2574 moventur.
1653 2520 1734 2575 Ad
1766 2522 1881 2576 haec
1918 2523 2141 2578 curiose

550 2611 750 2664 tuenda
774 2610 1008 2666 ministri
1035 2622 1161 2667 sunt
1183 2613 1495 2681 specialiter
1519 2615 1586 2667 ab
1618 2614 1886 2684 indigenis
1912 2616 2124 2671 'consti.

551 2703 673 2765 tuli,
706 2704 797 2774 qui
830 2717 951 2758 cum
976 2706 1079 2759 huc
1107 2704 1267 2760 idolis
1296 2692 1579 2760 immolare
1621 2722 1716 2759 seu
1750 2707 1883 2760 iram
1943 2724 2127 2763 eorun-

552 2790 674 2848 dem
707 2792 923 2863 placare
958 2798 1305 2857 conveniunt,
1354 2796 1546 2850 sedent
1580 2796 1654 2850 hii
1685 2797 1964 2851 dumtaxat
2021 2797 2137 2865 ιη’,

551 2885 762 2940 caeteris
788 2888 1142 2948 asstantibus,
1167 2888 1462 2942 etinvicem
1487 2872 1787 2942 clant'ulum
1812 2901 2136 2956 mussantes,

552 2986 752 3032 terram
778 2992 900 3031 cum
934 2988 1169 3033 tremore
1198 2977 1487 3043 infodiunt,
1507 2993 1614 3049 quo
1636 2964 1885 3034 sortibus
1902 2981 2136 3047 emissis,
2168 2984 2214 3044 C

552 3085 736 3125 rerum
784 3064 1162 3124 certitudiuem
1219 3068 1503 3124 dubiarum
1555 3070 1889 3139 perquirunt.
1935 3070 2140 3138 Quibus

556 3163 745 3226 linitis,
789 3162 995 3232 cespite
1046 3163 1203 3216 viridi
1234 3177 1326 3217 eas
1368 3158 1491 3196 m"
1516 3161 1820 3230 operientes
1845 3202 1860 3229 ,
1908 3178 2139 3232 equum,

553 3256 645 3325 qui
672 3257 942 3309 maximus
965 3254 1109 3309 inter
1158 3255 1294 3310 alios
1326 3255 1554 3310 habetur
1586 3265 1638 3310 et
1680 3265 1734 3309 ut
1764 3270 1918 3311 sacer
1946 3258 2015 3311 ab
2058 3258 2141 3311 his

552 3356 863 3410 veneratur,
890 3346 1203 3415 superbus
1223 3348 1275 3400 in
1298 3348 1742 3401 terramduarmn
1767 3343 2018 3417 cnspides
2049 3348 2140 3379 ¹¹¹⁶

557 3437 834 3493 bastilium
889 3439 1031 3493 inter
1057 3454 1114 3493 se
1169 3438 1612 3491 transmissarum
1644 3437 1702 3509 (f.
1738 3439 1860 3507 109)
1914 3438 2138 3509 supplici

553 3527 814 3597 obsequio
872 3528 1096 3586 ducunt.
1127 3529 1486 3591 etpremissis
1536 3529 1804 3593 sortibus,
1838 3531 2036 3599 quibus
2086 3532 2137 3586 id

552 3618 644 3652 ¹¹¹⁷
698 3620 1047 3688 esploravere
1111 3623 1290 3689 prius,
1346 3634 1442 3689 per
1490 3621 1633 3674 hunc
1690 3623 1843 3690 quasi
1896 3623 2137 3677 divinum

554 3706 733 3767 denuo
762 3714 1139 3783 auguriantur.
1180 3702 1333 3766 Etsi
1384 3712 1436 3766 in
1469 3712 1677 3766 duabus
1705 3713 1810 3769 hiis
1856 3713 2015 3768 rebus
2046 3730 2144 3783 par

552 3820 714 3860 omen
739 3815 984 3874 apparet,
1017 3805 1175 3860 factis
1202 3805 1526 3874 completur;
1558 3805 1640 3858 sin
1671 3813 1876 3869 autem,
1907 3823 1935 3859 a
1976 3805 2146 3859 tristi-

551 3898 655 3953 bus
681 3898 891 3967 populis
928 3900 1033 3952 hoc
1079 3912 1301 3968 prorsus
1342 3898 1613 3951 omittitur
1662 3898 1833 3969 (702).
1880 3896 2146 3963 Testatur

554 3988 696 4045 idem
727 3991 1022 4059 antiquitas
1061 4003 1248 4044 errore
1278 3985 1461 4044 delusa
1503 3989 1653 4043 vario
1685 3991 1798 4053 ¹¹¹⁸.
1848 3989 1893 4043 si
1922 3990 2140 4059 quando

555 4082 639 4137 his
671 4098 797 4137 seva
845 4083 1012 4154 longa:
1052 4082 1359 4137 rebellionis
1384 4083 1681 4153 asspcritas
1713 4083 1807 4115 “"
1841 4084 2138 4149 immineat,

553 4184 613 4227 ut
635 4191 666 4227 e
698 4173 830 4227 mari
872 4175 1114 4243 predicto
1143 4190 1274 4237 aper
1305 4190 1532 4240 magnus
1580 4182 1633 4228 et
1671 4174 1900 4229 candido
1924 4175 2081 4229 dente
2110 4190 2141 4231 e

552 4266 759 4332 spumis
791 4264 1100 4319 luccscenie
1127 4275 1303 4326 exeat.
1335 4280 1501 4327 seque
1527 4271 1577 4319 in
1603 4267 1886 4321 volutabro
1913 4266 2145 4320 delecta-

557 4362 669 4409 tum
698 4356 922 4410 terribili
954 4361 1301 4426 quassatione
1327 4358 1511 4411 multis
1534 4357 1811 4412 ostendat.

632 4445 720 4499 18.
747 4444 887 4510 Quot
920 4447 1163 4517 regiones
1189 4457 1313 4501 sunt
1343 4447 1393 4499 in
1428 4448 1512 4505 bis
1539 4449 1801 4517 partibus,
1837 4455 1914 4503 tot
1940 4448 2139 4516 templa

555 4533 849 4602 habentur,
879 4544 933 4591 et
962 4528 1250 4592 simulacra
1293 4537 1580 4617 demonum
1612 4537 1819 4608 singula
1854 4539 1920 4593 ab
1952 4538 2146 4591 inﬂdea

2243 1885 2348 1930 tem
2394 1872 2611 1951 debitae;
2641 1876 2885 1933 [nﬁdeles
2908 1877 3008 1946 ipsi
3036 1889 3087 1932 et
3119 1879 3406 1935 mutabiles
3436 1881 3563 1950 ipsi,
3595 1883 3829 1937 inmuta-

2240 1963 2499 2022 bilitatem
2531 1966 2594 2023 ac
2626 1967 2717 1999 ¹¹¹⁰
2746 1958 3245 2041 inagnainexignnt
3271 1972 3338 2027 ab
3360 1972 3485 2026 aliis
3515 1974 3706 2029 fidem.
3738 1974 3829 2029 Pa-

2242 2046 2360 2111 cem
2394 2056 2587 2111 abraso
2616 2058 2771 2112 crine
2794 2070 3046 2127 supremo
3074 2069 3130 2115 et
3156 2061 3276 2114 cum
3303 2063 3557 2131 gramine
3582 2065 3831 2136 datisque

2244 2146 2513 2203 allirmant
2541 2149 2864 2205 dextris.Ad
2889 2150 3029 2206 hanc
3052 2164 3230 2206 autem
3254 2153 3380 2187 “‘5‘
3402 2157 3831 2224 perturbandam

2243 2228 2296 2298 et
2326 2240 2485 2297 facile
2530 2244 2754 2305 pecunia
2787 2256 3224 2309 corrumpuntur.
3254 2245 3339 2300 ﬂii
3396 2246 3627 2311 milites,
3661 2266 3831 2318 quou-

2242 2334 2365 2388 dam
2389 2342 2553 2397 servi.
2587 2340 2890 2405 nostrisque
2941 2337 3314 2406 iniquitatibus
3356 2347 3485 2395 tunc
3516 2336 3707 2403 liberi,
3744 2342 3833 2398 tali

2242 2428 2498 2481 comitatu
2523 2424 2668 2498 (703)
2697 2428 2763 2481 ad
2788 2443 2966 2498 regem
2992 2429 3360 2484 auxiliandum
3385 2434 3831 2499 proficiscuntur.

2243 2514 2588 2591 Eorumcum
2624 2519 2769 2572 cultu
2801 2519 3103 2583 consorcia,
3157 2519 3346 2585 lector,
3373 2521 3587 2591 fugias;
3632 2526 3835 2579 divina-

2243 2590 2362 2661 rum
2388 2608 2640 2662 mandata
2663 2609 3054 2677 scripturarum
3096 2611 3454 2666 anseriltando
3474 2615 3743 2685 ndimple,
3785 2618 3837 2671 εξ

2241 2699 2423 2764 ﬁdem,
2455 2715 2615 2769 qnam
2641 2702 2970 2756 Athanasius
3001 2703 3357 2773 protitebainr
3377 2708 3701 2777 episcopus,
3725 2710 3829 2762 dis-

2242 2805 2373 2845 cens
2405 2794 2825 2859 meinoriterque
2840 2796 3102 2860 retinens,
3132 2795 3262 2854 hmo.
3286 2811 3405 2863 quas
3426 2812 3599 2868 supra
3623 2815 3829 2855 metuo-

2243 2883 2380 2944 ravi,
2411 2881 2483 2935 nil
2504 2897 2643 2947 esse,
2677 2884 2930 2950 probabis
2960 2885 3224 2938 veraciter
3250 2884 3367 2939 “".
3498 2902 3505 2905 ‘
3696 2889 3701 2892 ’

2320 2972 2405 3028 19.
2435 2972 2560 3029 Inde
2593 2988 2713 3025 mox
2746 2974 3025 3043 inparibus
3057 2975 3282 3030 ducibus
3317 2976 3609 3047 inequales
3650 2989 3833 3037 turma:

2248 3078 2420 3133 usque
2452 3067 2519 3119 ad
2564 3065 2798 3122 Oderam
2850 3065 3070 3121 ﬂuvium
3122 3070 3550 3140 pervenientes,
3611 3074 3836 3130 ﬁxerunt

2253 3158 2481 3211 tentoria
2501 3158 2656 3227 juxta
2677 3173 2920 3222 amnem,
2947 3162 3036 3228 qui
3072 3159 3248 3216 Pober
3273 3162 3479 3218 dicitur
3499 3167 3833 3232 sclavonice,

2247 3247 2440 3304 Camer
2476 3250 2663 3304 latine.
2703 3250 2848 3319 Quos
2892 3250 3230 3318 Bolizlavus,
3276 3258 3514 3313 munitis
3573 3261 3838 3316 littoribus

2245 3340 2439 3411 prcfati
2464 3339 2724 3408 ﬂuminis,
2753 3359 2873 3397 cum
2900 3345 3141 3399 exercitu
3167 3348 3358 3416 grandi
3382 3349 3436 3404 in
3461 3349 3683 3407 Crosno
3702 3354 3836 3424 (701)

2247 3435 2462 3498 sedens,
2493 3434 2599 3488 ullo
2639 3437 2798 3490 modo
2841 3437 3074 3492 transire
3097 3440 3395 3507 prohibuit.
3433 3441 3546 3497 Sed
3596 3461 3723 3500 cum
3753 3461 3838 3500 rex

2246 3525 2277 3577 7
2310 3525 2424 3578 dies
2458 3524 2652 3578 ibidem
2682 3536 2947 3588 moratus,
2992 3541 3159 3582 naves
3181 3537 3344 3599 atque
3367 3544 3575 3599 pontes
3607 3544 3836 3605 pararet.

2249 3612 2461 3670 divinus
2492 3628 2773 3686 respectus
2802 3621 2983 3675 missis
3010 3622 3452 3691 speculatoribus
3480 3627 3604 3681 suis
3634 3631 3731 3661 ""
3753 3645 3836 3682 va-

2249 3708 2373 3761 dum
2399 3710 2634 3763 osxendit
2676 3711 2960 3780 optimum.
2992 3713 3161 3780 Quem
3201 3731 3295 3771 sex
3332 3716 3588 3789 legiones
3638 3722 3692 3776 in
3734 3724 3837 3792 ipso

2250 3799 2352 3854 dici
2419 3803 2736 3870 crepusculo
2787 3803 2939 3874 jussu
2994 3810 3137 3877 regis
3190 3808 3497 3876 intrantes,
3548 3812 3837 3869 incolumes

2249 3908 2315 3947 eo
2347 3888 2438 3924 ¹¹¹¹
2470 3893 2743 3948 fruuntur.
2785 3895 2937 3962 Quod
2998 3899 3212 3953 eminus
3259 3915 3634 3971 agnoscentes
3675 3906 3837 3959 Boii!-

2249 3985 2354 4039 lavi
2383 3988 2656 4051 custodes,
2702 3986 2763 4054 (t‘.
2801 3987 2921 4057 110)
2955 3989 3110 4043 triste
3141 3991 3391 4045 nuntium
3425 4008 3491 4047 ac
3524 3992 3837 4048 incredibile

2251 4076 2451 4131 seniori
2497 4078 2694 4133 suimet
2718 4078 2969 4134 colt-riter
3006 4081 3338 4136 detulerunt.
3367 4082 3468 4138 llic
3498 4087 3723 4141 tandem
3752 4100 3838 4156 per

2253 4177 2362 4224 trcs
2387 4171 2466 4223 vel
2497 4170 2726 4240 amplius
2766 4171 2972 4242 legatos
2994 4183 3175 4228 certus
3203 4173 3450 4237 eil‘ectus,
3482 4178 3689 4232 amotis
3724 4192 3837 4247 pro-

2250 4277 2379 4332 pere
2399 4264 2615 4327 castris,
2650 4264 2764 4331 ipsc
2791 4278 2912 4317 cum
2945 4264 3079 4327 suis,
3111 4264 3354 4333 pluribus
3401 4267 3612 4322 ibidem
3646 4268 3836 4323 relictis

2173 4339 2221 4399 Ι)
2250 4354 2434 4419 rebus,
2482 4352 2637 4422 fugit.
2676 4352 2733 4408 ιιι
2783 4369 2878 4408 rex
2925 4370 3047 4409 cum
3086 4355 3200 4409 ‘suis
3249 4366 3409 4410 caute
3456 4359 3832 4418 considerans

2253 4442 2471 4498 Christo
2500 4443 2687 4499 laudes
2726 4459 2848 4499 cum
2895 4445 3043 4500 clero
3075 4456 3132 4500 et
3159 4447 3308 4501 omni
3340 4449 3549 4517 populo
3572 4450 3683 4503 alta
3713 4462 3834 4503 voce

2252 4536 2475 4599 cecinit,
2505 4543 2561 4591 et
2610 4551 2732 4591 cum
2764 4532 3060 4594 securitate
3106 4534 3306 4595 ﬂumen
3360 4543 3711 4611 pertransiit.
3754 4539 3835 4595 Ilii

1844 4652 2078 4709 VARUE
2118 4650 2523 4708 LECTlONES.

628 4747 724 4787 “0'
752 4754 826 4800 ita
849 4761 988 4799 corr.
1018 4743 1330 4800 subsecnuti
1360 4744 1409 4798 1.

561 4888 616 4958 ﬁ.
649 4886 713 4957 ὁ.
738 4887 830 4919 ¹¹¹⁸
860 4886 1083 4954 cupiiles
1105 4888 1156 4940 1.
1234 4886 1324 4917 ¹¹¹⁷
1361 4902 1417 4956 q.
1444 4888 1515 4939 id.
1549 4887 1677 4939 add.
1709 4887 1791 4940 ib.

1489 4745 1581 4778 ¹³¹⁰
1606 4747 1680 4799 ila
1710 4745 1794 4798 ib.
1831 4746 2153 4799 riedirerum
2174 4746 2273 4799 .ia.
2322 4744 2573 4800 Redrriri
2593 4746 2651 4800 2.

548 4817 767 4887 singula
790 4831 989 4887 cornua
1016 4818 1142 4869 add.
1174 4815 1244 4887 '2.
1264 4886 1269 4887 γ
1290 4816 1394 4887 7⁸⁸⁸³
1417 4831 1523 4884 que
1552 4816 1685 4870 nulli
1718 4816 1874 4869 facile
1903 4826 2050 4879 patet
2081 4816 2205 4869 add.
2232 4815 2288 4869 ἓ.

2728 4747 2819 4781 ml
2858 4747 3128 4817 riedcgast
3148 4747 3202 4801 2.
3277 4747 3371 4778 "“
3395 4762 3727 4817 unaqneque
3744 4761 3833 4816 per

2365 4816 2459 4849 ““
2485 4818 2778 4872 artiﬁciose
2806 4818 2919 4872 ita?
2994 4818 3085 4849 ¹¹¹⁵
3112 4819 3374 4871 duxtaxat
3405 4821 3453 4873 l.
3534 4816 3667 4853 ¹¹¹¹¹⁵
3710 4820 3827 4871 add.

1869 4886 1959 4926 ἰιι
1984 4888 2133 4939 varia
2165 4887 2245 4941 la.
2323 4886 2416 4920 “"
2441 4889 2665 4955 primum
2690 4904 2734 4942 s.
2769 4904 2976 4942 erasum
3004 4889 3156 4942 1.¹¹⁸⁰
3188 4890 3226 4941 i.
3254 4903 3318 4942 ac
3343 4904 3373 4941 ο
3400 4905 3550 4942 corr.
3584 4891 3670 4944 ib.
3747 4888 3829 4918 ““
