4048 5368
227 248 358 306 1521

1450 255 1860 315 CllRONICUN.
1904 290 1972 300 —
2008 258 2136 316 LIB.
2172 259 2259 316 Vl.

3355 267 3493 326 lim

226 356 403 397 autem
434 342 527 413 qui
576 356 980 420 precesserunt,
1010 347 1064 404 ni
1094 348 1361 407 Liuticios
1409 350 1499 405 diu
1532 353 1811 406 tardantes
1841 354 1885 413 Α
1914 353 2130 411 intlaeio
2178 355 2437 411 adversus
2483 369 2667 428 regem
2711 357 2982 424 armavit,
3040 366 3096 415 et
3144 356 3488 418 Valentinam

225 439 826 507 exspectarent..ltostes
855 440 907 493 in
934 440 1182 493 tentoriis
1210 439 1514 509 inprovisos
1536 440 1805 509 opprime-

227 536 342 580 rent
384 528 497 581 "'3.
538 530 685 595 Quos
714 529 884 583 nostri
918 530 1172 584 alacriter
1205 530 1499 599 insequuti,
1527 532 1691 584 veluti
1728 530 1808 586 fu-

225 630 382 684 gaces
415 633 607 672 cervos
634 619 885 688 persequi
932 635 1053 673 cum
1084 635 1189 675 non
1216 620 1476 685 valerent,
1509 622 1578 675 ad
1614 635 1808 676 conso-

223 708 335 762 cios
370 720 737 763 revertuntur.

286 797 375 851 9.0.
410 796 689 854 Profectus
714 808 796 853 est
825 798 949 853 inde
976 814 1092 863 rex,
1123 809 1175 852 ct
1210 816 1379 870 usque
1408 802 1476 855 ad
1498 799 1803 864 abbaciam,

220 904 337 958 quae
385 889 633 944 Mezerici
676 890 825 961 (705)
873 891 1091 954 dicitur,
1128 892 1484 961 perveniens,
1520 892 1806 946 annualem

221 983 289 1037 ibi
319 983 608 1038 Thebaidze
652 984 879 1054 legionis
908 982 1259 1039 festivitatem
1291 983 1492 1056 (δερῶ.
1533 986 1656 1055 22),
1702 1002 1805 1055 qua

220 1073 456 1128 maxima
506 1082 633 1127 tunc
661 1073 1018 1128 veneracione
1047 1076 1257 1142 potuit,
1305 1075 1577 1145 complere
1604 1078 1807 1131 studuit

222 1166 369 1231 “"';
406 1174 461 1221 et
491 1180 558 1220 ne
586 1166 975 1221 monasterium
1009 1167 1113 1221 hoc
1141 1183 1205 1221 ac
1233 1168 1538 1222 absentium
1571 1169 1809 1223 mansio-

219 1272 312 1311 nes
353 1257 743 1311 monachorum
792 1256 1029 1327 aliquam
1076 1272 1107 1311 a
1157 1257 1271 1312 suis
1298 1266 1615 1327 paterentur
1643 1259 1809 1314 mole-

218 1349 396 1413 stiam,
448 1349 656 1404 studuit
703 1348 1016 1418 prohibere.
1063 1348 1273 1403 Dehinc
1322 1350 1617 1405 hostemin
1662 1350 1807 1405 nulla

213 1439 413 1493 suimet
455 1439 670 1492 urbium
706 1448 1030 1507 pernoctare
1076 1449 1478 1508 presumentem
1506 1482 1521 1504 ,
1562 1443 1821 1510 proxima.

214 1546 427 1602 queque
457 1532 741 1598 vastando,
768 1534 1134 1601 prosequitur,
1170 1541 1225 1586 et
1268 1549 1373 1587 non
1404 1533 1614 1605 longius
1649 1550 1806 1604 quam

216 1622 317 1673 duo
350 1619 585 1674 miliaria
619 1622 687 1675 ab
711 1623 843 1675 urbe
872 1621 1128 1688 Posnani,
1160 1632 1379 1692 rogatus
1405 1639 1432 1675 a
1458 1624 1573 1678 suis
1606 1627 1809 1693 prima-

1910 447 2099 500 urbem
2144 446 2310 517 (709)
2366 448 2645 518 possidere
2693 450 3054 521 potestatique
3107 452 3304 508 suimet
3356 457 3486 510 sub-

1910 537 2039 591 dere
2079 540 2246 593 suasit
2286 539 2452 610 (7l0).
2496 538 2648 607 Quod
2685 557 2775 594 rex
2807 542 2896 595 ubi
2942 544 3174 612 primum
3207 547 3489 614 compeit,

1910 626 2022 695 ipse
2056 642 2176 681 cum
2222 629 2389 697 signis
2425 630 2747 685 militaribus
2795 634 3088 698 accedens,
3135 634 3195 703 (Γ.
3229 635 3347 707 lll)
3389 638 3493 691 eri-

1908 730 2036 786 pere
2082 718 2307 772 eandem
2348 720 2561 774 assidua
2608 724 2933 791 pugna'iane
2984 728 3289 795 temptavit;
3336 736 3388 780 et
3419 728 3494 782 nil

1906 810 2196 878 proﬁciens
2243 814 2414 876 abiit,
2480 815 2880 882 expeditionem
2938 833 3089 870 suam
3140 818 3189 870 in
3246 819 3492 886 proxima

1910 910 2084 955 estate
2131 918 2295 971 super
2327 902 2644 957 Balduiaum
2686 905 2823 967 ﬁeri,
2876 906 3229 961 rrientalibus
3267 918 3320 962 et
3345 911 3493 967 oeci-

1909 992 2213 1047 dentalibus
2244 995 2473 1048 ﬁrmiter
2505 995 2767 1051 indicens.
2794 996 3021 1052 Advenit
3061 1008 3303 1067 optatum
3352 1010 3491 1057 tem-

1908 1099 2030 1154 pus,
2069 1087 2344 1140 exercitus
2373 1088 2595 1156 grandis
2645 1088 2917 1159 colligitur
2966 1091 3149 1160 (711),
3199 1100 3310 1146 eta
3360 1107 3490 1162 rege

1908 1192 2029 1229 cum
2087 1177 2275 1231 eodem
2325 1179 2390 1232 ad
2439 1177 2668 1233 Scellam
2721 1179 2939 1234 ﬁuvium
2991 1182 3137 1253 (712)
3179 1187 3497 1253 pervcnitur

1909 1276 2020 1334 (an.
2058 1266 2233 1337 1006).
2260 1266 2335 1321 lbi
2358 1282 2440 1339 .se
2481 1267 2810 1323 Balduvinus
2841 1280 3052 1325 armato
3082 1273 3251 1328 milite
3280 1290 3497 1344 presen-

1913 1370 2071 1423 tans,
2124 1360 2411 1414 transitum
2468 1361 2579 1431 regi
2640 1361 2929 1429 prohibere
2989 1363 3333 1420 frustratoria
3402 1382 3498 1435 spe

1910 1450 2133 1512 nititur;
2194 1452 2287 1504 sed
2350 1452 2602 1520 prudenti
2652 1453 2991 1521 quorundam
3042 1456 3270 1511 consilio
3326 1458 3496 1512 nostri

1912 1542 2139 1595 navibus
2187 1543 2292 1596 alio
2340 1542 2573 1598 latenter
2624 1546 2941 1609 transvecti,
2976 1546 3218 1616 ejusdem
3273 1547 3497 1601 nimiam

1910 1633 2369 1703 presuntptionem
2419 1649 2487 1687 ex
2519 1634 2794 1704 inproviso
2842 1637 3116 1693 irruentes
3141 1640 3499 1692 confundunt.

213 1713 356 1769 tibus
385 1754 401 1778 ,
462 1715 731 1771 consedit.
806 1716 1094 1771 Exercitus
1152 1729 1331 1772 autem
1389 1719 1441 1772 in
1494 1720 1806 1792 colligendis
1840 1715 1882 1775 Β
1913 1723 2172 1792 Fugieute
2203 1739 2294 1789 eo,
2328 1739 2419 1778 rex
2471 1724 2522 1778 in
2555 1724 2771 1780 Christo
2798 1727 3000 1781 victore
3034 1727 3268 1795 laetatur,
3302 1727 3498 1782 ﬁumen

212 1805 460 1878 frugibus
489 1809 813 1878 caeterisque
848 1810 1007 1864 rebus
1042 1811 1366 1865 necessariis
1404 1813 1645 1879 divisus,
1692 1831 1805 1869 ma-

210 1915 372 1968 gnum
404 1901 474 1955 ab
506 1900 890 1955 insidiantibus
942 1901 1177 1954 inimicis
1226 1902 1484 1955 sustinuit
1528 1904 1801 1959 damnum.

208 1988 428 2044 Interim
476 2005 571 2057 per
624 1988 758 2045 ﬁdos
806 1990 1198 2045 intercessores
1251 1992 1394 2057 regis
1435 1993 1665 2062 gratiam
1703 1993 1806 2048 Bo-

208 2079 435 2136 lizlavus
490 2082 694 2153 peciit,
749 2091 805 2138 et
851 2082 1101 2137 exaudiri
1149 2098 1274 2137 mox
1323 2084 1436 2115 “’3‘
1479 2089 1797 2155 promeruit.

208 2176 415 2247 Tugino
447 2176 890 2247 archiepiscopus
928 2192 1052 2233 cum
1092 2178 1215 2234 aliis
1258 2179 1617 2238 familiaribus
1652 2186 1804 2255 'rt-g‘s

206 2265 272 2317 ad
319 2266 594 2320 civitatem
643 2267 942 2335 predictam
983 2283 1013 2321 a
1048 2260 1320 2325 Bolizlavo
1368 2283 1590 2343 rogatus
1633 2278 1800 2337 v:-nit,

204 2366 259 2409 et
287 2355 346 2426 (Γ.
368 2357 389 2409 1
411 2357 645 2427 l0‘)cum
670 2359 996 2428 juramentis
1024 2374 1086 2415 ac
1112 2364 1595 2421 emendacionibus
1615 2368 1802 2421 condi-

204 2446 326 2516 gnis
358 2446 512 2501 ﬁrma
541 2449 689 2516 pacis
720 2447 922 2503 fmdera
956 2451 1099 2519 apud
1135 2455 1386 2508 eumdem
1417 2458 1634 2527 pepigit.
1671 2457 1804 2513 Lteti

205 2546 335 2593 tunc
365 2550 714 2594 revertuntur
735 2543 934 2607 nostri,
968 2545 1093 2612 quia
1141 2546 1353 2601 itineris
1384 2548 1719 2619 longitudine
1750 2560 1804 2607 et

206 2624 372 2682 nimia
403 2630 541 2684 fame
571 2646 693 2685 cum
718 2633 1034 2688 intermixta
1066 2634 1191 2690 belli
1219 2640 1517 2707 asperitate
1542 2657 1801 2713 magnum

200 2716 537 2772 Suﬂerebant
564 2720 831 2777 laborem.

274 2809 366 2862 21.
392 2808 521 2865 Post
548 2811 661 2865 haec
698 2827 791 2866 rex
823 2812 874 2866 in
904 2815 1106 2869 nostris
1137 2816 1403 2886 partibus,
1430 2818 1600 2872 erutis
1632 2820 1801 2875 tocius

194 2900 472 2977 gnequicia:
531 2904 870 2967 auctoribus,
930 2916 1130 2975 Optata:
1178 2910 1489 2964 securitatis
1544 2928 1799 2981 prospera

200 2989 443 3045 solidare
487 3007 774 3061 sumopere
816 2995 1027 3056 nititur,
1056 3006 1110 3050 et
1140 2997 1498 3051 Bruncionem
1538 3000 1686 3071 (700)
1720 3002 1800 3055 i2-

192 3070 392 3133 Vclitum
423 3080 731 3147 satellitem,
750 3083 801 3136 in
820 3082 1193 3150 Merseburch,
1212 3103 1240 3141 e
1262 3088 1352 3119 ¹¹²²
1384 3051 1594 3144 Sclavis
1617 3051 1798 3145 autem
1827 3051 1873 3113 Ο

197 3170 464 3239 optimos,
495 3171 723 3227 Borisen
763 3184 818 3229 et
857 3175 1268 3233 Nezemuisclcn
1303 3179 1414 3246 ωδ,
1438 3196 1562 3235 cum
1589 3186 1803 3239 caeteris

199 3260 512 3318 fautoribus
566 3266 619 3320 in
664 3266 1033 3323 Welereslevo
1083 3270 1243 3342 (707)
1295 3272 1489 3343 laqueo
1546 3278 1801 3346 suspendi

196 3355 470 3423 precepit.
505 3356 642 3427 Sepe
674 3374 794 3413 cum
836 3358 1044 3414 Sclavis
1072 3361 1125 3415 in
1158 3362 1423 3419 Wiribeni
1457 3365 1604 3436 (708)
1646 3366 1798 3435 juxta

196 3443 381 3496 Albim
430 3447 603 3515 posita
659 3449 1019 3504 conventione
1063 3452 1289 3519 habita,
1350 3455 1659 3512 nolentibus
1704 3474 1801 3512 seu

196 3532 516 3589 volentibus
566 3536 689 3601 hiis,
726 3540 1031 3593 necessaria
1090 3544 1239 3612 regni
1292 3544 1489 3600 suimet
1550 3550 1802 3603 tractavit

194 3633 370 3693 atque
416 3635 661 3692 potenter
701 3628 892 3684 ﬁnivit.
932 3633 1253 3688 Arnaburch
1285 3636 1434 3703 prius
1462 3637 1797 3693 devastatam

191 3714 271 3770 ob
302 3715 665 3772 defensionem
716 3722 907 3789 patrim
940 3724 1241 3786 renovavit,
1284 3740 1497 3796 queque
1544 3728 1633 3781 diu
1674 3729 1801 3784 hinc

194 3805 403 3877 injuste
434 3806 611 3863 ablata
644 3810 733 3841 “"
763 3821 942 3876 erant,
989 3813 1249 3868 restituit.
1306 3814 1546 3871 Sinodali
1594 3818 1799 3887 judicio

195 3896 438 3967 injustas
467 3901 584 3956 ﬁeri
638 3904 881 3973 nuptias,
912 3904 1361 3976 Christianosque
1390 3908 1680 3976 gentilibus
1708 3926 1800 3967 ve-

192 3993 435 4046 nundari
456 4034 470 4058 ,
510 3985 734 4063 presens
763 3997 877 4065 ipse
909 3998 1173 4052 canonica
1222 4007 1278 4053 et
1306 4002 1632 4058 auctoritate
1660 4019 1789 4072 apo-

190 4085 392 4140 stolica
438 4088 730 4155 prohibuit,
758 4089 957 4159 Deique
981 4091 1260 4159 justiciam
1291 4104 1610 4162 spernentes
1630 4097 1797 4167 spiri-

191 4177 334 4230 tuali
366 4193 622 4232 mucrone
648 4181 746 4221 7”"
786 4181 1017 4237 interﬁci
1047 4184 1311 4252 preeepit.

270 4271 361 4325 22.
403 4274 612 4330 Interea
657 4276 976 4330 Balduiaum
1011 4278 1203 4333 ducem
1234 4278 1672 4338 Wlandariornm
1701 4284 1793 4318 “"

1908 1815 2319 1883 transgreditur,
2354 1816 2795 1887 vicinitatemque
2833 1821 3138 1891 contiguam
3189 1822 3496 1892 popula‘ur.

1907 1904 2039 1973 Cum
2087 1916 2267 1960 autem
2305 1906 2371 1961 ad
2403 1907 2704 1971 abbaeiam,
2735 1924 2853 1978 qua:
2882 1910 3025 1965 Gent
3070 1911 3269 1965 dicitur
3290 1952 3304 1976 ,
3336 1914 3491 1966 veni-

1909 2008 1991 2052 ret
2037 1999 2151 2063 ‘m,
2200 2014 2230 2052 a
2266 1999 2636 2055 confratribus
2692 2003 2834 2057 illius
2876 2002 3135 2059 armiesia:
3187 2016 3493 2073 susceptus,

1907 2089 2027 2145 loco
2056 2093 2245 2145 eodem
2275 2092 2372 2123 “"
2408 2102 2461 2146 et
2503 2092 2658 2147 bonis
2682 2095 3145 2164 appertinentibus
3168 2097 3377 2151 cunctis
3398 2095 3493 2129 ¹¹³⁶

1908 2184 2167 2250 pepercit.
2224 2182 2462 2237 Tandem
2526 2184 2821 2239 Balduinus
2896 2200 3091 2254 magna
3167 2187 3493 2241 necessitate

1907 2282 2127 2327 coactus
2167 2272 2356 2328 humili
2410 2273 2815 2343 supplicacione
2850 2276 3067 2328 veniam
3119 2276 3394 2343 inpetrat,
3443 2283 3500 2328 et

1908 2380 2012 2417 non
2045 2364 2201 2434 longe
2247 2375 2367 2435 post
2398 2381 2494 2433 per
2521 2382 2713 2421 manus
2744 2367 2885 2436 regis
2911 2367 3001 2398 ¹¹³¹
3031 2365 3276 2432 effectus,
3315 2365 3498 2423 Wala-

1907 2468 2036 2507 corn
2051 2455 2199 2523 (713)
2222 2465 2276 2507 et
2296 2455 2384 2485 “3'
2403 2456 2833 2522 prenominatam
2859 2455 3046 2509 urbem
3079 2455 3135 2509 in
3164 2456 3489 2510 beneﬁcium

1905 2544 2244 2613 adipiscitur.

1975 2636 2065 2690 25.
2106 2636 2286 2689 Mense
2314 2633 2456 2687 Julio
2489 2644 2543 2688 et
2580 2633 2644 2686 l2
2682 2633 2802 2687 Kal.
2843 2633 3070 2703 Augusti
3115 2633 3299 2699 Gisia,
3328 2648 3495 2691 vene-

1907 2726 2094 2781 rabilis
2126 2731 2369 2777 matrona
2404 2731 2457 2775 et
2490 2731 2665 2775 mater
2694 2723 2838 2792 regis
2888 2724 3061 2777 nostri
3111 2723 3319 2790 inclita,
3357 2725 3496 2779 obiit

1905 2826 1958 2867 et
1989 2813 2283 2867 Ratisbone
2303 2810 2568 2881 sepelitur
2599 2809 2710 2862 “”.
2744 2809 3054 2866 Paciﬁcatis
3083 2820 3212 2865 tunc
3253 2811 3497 2880 partibus

1905 2906 2049 2968 hiis,
2094 2902 2346 2973 generale
2395 2900 2681 2955 concilium
2726 2900 2778 2952 in
2835 2900 3273 2955 Fronkeuevordi
3321 2900 3415 2931 ¹¹³⁶
3464 2916 3497 2955 a

1906 3011 2035 3066 rege
2072 2994 2326 3064 ponitur,
2383 3002 2434 3046 et
2483 2991 2586 3045 hoc
2627 2990 2695 3044 ab
2740 2991 2995 3046 omnibus
3032 2990 3319 3059 Cisalpinis
3349 2992 3495 3046 anti-

1906 3088 2124 3142 stitibus
2157 3086 2406 3138 visitatur
2437 3084 2551 3153 (an.
2578 3081 2757 3142 1007).
2776 3082 3008 3136 Causam
3037 3096 3168 3136 vero
3194 3082 3495 3151 preceden-

1908 3192 2035 3243 tem,
2061 3180 2247 3241 lector,
2291 3176 2518 3230 auribus
2548 3175 2767 3243 accipe!
2797 3172 2914 3228 Rex
2949 3189 2979 3227 a
3022 3188 3191 3244 puero
3220 3175 3493 3243 quandam

1904 3270 2101 3326 suimet
2127 3267 2424 3330 civitatem,
2452 3265 2764 3333 Bavanberg
2785 3264 2875 3298 ¹¹³⁵
2894 3264 3133 3329 nomine,
3164 3263 3227 3333 (Γ.
3258 3263 3401 3334 lll‘)
3434 3264 3487 3317 in

1904 3358 2155 3416 orientali
2184 3357 2411 3412 Francia
2438 3356 2619 3419 sitam,
2650 3355 2810 3409 unice
2851 3355 3104 3409 dilectam
3153 3369 3249 3424 pre
3278 3353 3493 3407 caeteris

1903 3453 2163 3516 excoluit,
2195 3460 2251 3505 et
2278 3464 2447 3505 uxore
2470 3449 2654 3513 ducta,
2684 3448 2914 3503 eandem
2945 3447 2994 3502 ei
3022 3448 3075 3500 in
3109 3447 3289 3501 dotem
3318 3445 3484 3500 dedit.

1903 3545 2197 3613 Postquam
2231 3550 2409 3595 autem
2443 3540 2508 3593 ad
2538 3540 2686 3609 regni
2716 3554 2901 3593 curam
2933 3538 3114 3592 divina
3145 3537 3495 3593 miseratione

1902 3644 2253 3708 promovetur
2277 3633 2388 3695 ¹¹³⁶,
2412 3646 2628 3701 semper
2661 3630 2824 3684 tacita
2854 3641 3033 3685 mente
3062 3630 3261 3684 ibidem
3281 3628 3491 3696 episco-

1902 3737 2088 3799 patum
2160 3732 2479 3779 construere
2527 3722 2713 3793 gestit.
2770 3719 2877 3775 Sed
2932 3721 3097 3789 quia,
3150 3730 3209 3774 ut
3263 3720 3492 3776 Flaccus

1902 3825 2134 3873 testatur
2162 3814 2287 3887 (Ep.
2321 3829 2371 3876 ι,
2403 3812 2458 3871 2,
2510 3812 2635 3880 40),
2686 3810 2965 3864 dimidium
3013 3811 3164 3880 facti,
3206 3813 3296 3879 qui
3334 3812 3490 3880 cepit,

1900 3907 2089 3971 habet;
2119 3920 2310 3959 novam
2335 3902 2408 3957 ibi
2435 3903 2651 3957 inchoat
2680 3899 2980 3954 mcclesiam
3006 3916 3127 3955 cum
3148 3900 3338 3969 eriptis
3359 3901 3494 3955 dua-

1900 4000 2022 4060 bus,
2053 4005 2109 4051 et
2134 3993 2365 4066 perﬁcit.
2390 3992 2580 4048 Omnia
2608 3999 2943 4060 autem,qute
2964 3990 3032 4045 ad
3055 3990 3293 4044 divinum
3321 3991 3489 4061 perti-

1901 4092 2019 4148 nuit
2040 4089 2340 4145 misterium
2364 4086 2623 4158 paulatim
2646 4100 2999 4158 congregans,
3020 4085 3328 4140 Heinricum
3344 4085 3492 4143 Wir-

1901 4185 2275 4253 ciburgensem
2320 4180 2628 4250 episcopum
2661 4178 2765 4232 sibi
2788 4176 3016 4231 multum
3057 4176 3402 4241 familiarem,
3429 4185 3491 4229 ut

1900 4276 2180 4349 proposito
2214 4272 2379 4327 animi
2429 4270 2626 4324 suimet
2660 4268 2930 4334 asspirare
2976 4265 3266 4331 voluisset,
3304 4280 3492 4333 parm-

183 4362 455 4432 juventus
495 4373 550 4418 et
600 4379 786 4419 rerum
840 4363 1115 4422 aﬂluentia
1170 4384 1233 4424 ac
1284 4370 1428 4427 mala
1477 4372 1785 4443 iniquorum

1908 4371 2185 4439 chiamqne
2217 4366 2273 4420 in
2303 4378 2462 4435 pago,
2492 4362 2639 4431 quia
2680 4361 2953 4416 Radinzca
3000 4358 3163 4413 ﬂuvio
3204 4358 3357 4430 (7M)
3390 4371 3487 4412 no-

1463 4559 1698 4618 VARI/[*3
1734 4561 2140 4619 LECTIONES.

275 4691 371 4722 “'3
409 4706 502 4759 pro
531 4708 551 4745 :
589 4699 1052 4759 exspectassent..
1075 4728 1089 4743 .
1130 4691 1552 4759 oppressissent.

192 4763 300 4799 ⁸⁸³⁸
330 4770 579 4815 mutrone
606 4762 657 4815 1.

190 4847 414 4884 manus.
490 4831 583 4863 ³⁸⁸⁸
613 4831 735 4885 veni
771 4839 890 4885 rent
917 4832 1001 4883 la.

191 4899 639 5024 Valentipianam
667 4902 734 4954 Α.
757 4901 819 4956 8.
897 4900 989 4932 ¹¹⁸³
1014 4914 1281 4955 mense—
1298 4901 1558 4972 sepelitur
1573 4903 1700 4957 add.
1724 4905 1808 4957 ib.

194 4980 389 5026 motur
456 5009 471 5025 .
1116 5002 1127 5013 κ

1666 4694 1779 4726 112³⁸

765 4699 1089 4745 ctassent...
1130 4692 1552 4759 oppressissent.
1666 4694 1779 4726 ¹¹²³⁶
1821 4694 1947 4748 add.
1982 4692 2089 4757 1b.,
2170 4692 2263 4723 ‘m
2314 4692 2691 4744 uezemusclen
2744 4692 2831 4768 1η..
2913 4692 3004 4726 ¹¹²⁶
3053 4692 3357 4768 εχιιιεξιοτιιιη
3404 4692 3490 4763 ta.

765 4762 854 4792 “'7
886 4759 1017 4814 Hac
1046 4776 1144 4814 vox
1172 4777 1323 4831 erasa
1351 4763 1405 4815 in
1439 4763 1490 4816 1.
1524 4762 1615 4815 sed
1655 4774 1708 4815 ut
1737 4765 1925 4831 dispici
1954 4763 2125 4816 adhuc
2151 4762 2334 4831 possit.
2369 4757 3193 4831 Flandriemqrgmiuadscrrpsu
3231 4762 3495 4831 recentior

1082 4829 1172 4861 “"
1215 4830 1390 4885 eidem
1424 4831 1525 4884 lc?
1599 4832 1690 4865 ¹¹³⁰
1732 4829 1940 4888 ("1.10.

2170 4691 2263 4723 ‘m
2314 4687 2691 4744 uezemusclen
2744 4689 2831 4743 la.
2913 4688 3004 4726 ¹¹²⁶
3053 4686 3357 4741 ablatorum
3404 4685 3490 4737 1ο.

2018 4833 2105 4863 tt“
2150 4819 2302 4885 miles
2353 4829 2481 4880 add.
2512 4828 2568 4880 2.
2602 4826 2668 4878 A.
2714 4819 2790 4882 Sf
2852 4826 2941 4858 ¹¹³¹
2973 4836 3026 4878 et
3057 4819 3414 4879 Valencinam
3437 4819 3497 4871 2-

1896 4900 1988 4934 "“
2016 4898 2400 4956 frankenuordi
2433 4898 2533 4953 lc?
2606 4896 2698 4929 “"
2728 4894 3041 4959 babanberg
3067 4894 3167 4947 te?
3241 4891 3342 4925 ““
3373 4902 3499 4957 pro-

1736 5064 1966 5122 NOTAE.
