  <div class='ocr_page' id='page_1' title='image "/cluster/home/n/w/nwhite01/storage/ocr_20150623/139/hvd.32044015471782/668.png"; bbox 0 0 4048 5368; ppageno 0'>
   <div class='ocr_carea' id='block_1_1' title="bbox 231 303 360 363">
    <p class='ocr_par' dir='ltr' id='par_1_1' title="bbox 231 303 360 363">
     <span class='ocr_line' id='line_1_1' title="bbox 231 303 360 363; baseline 0 -1"><span class='ocrx_word' id='word_1_1' title='bbox 231 303 360 363; x_wconf 65' lang='grc' dir='ltr'>ιω</span> 
     </span>
    </p>
   </div>
   <div class='ocr_carea' id='block_1_2' title="bbox 1371 291 2253 354">
    <p class='ocr_par' dir='ltr' id='par_1_2' title="bbox 1371 291 2253 354">
     <span class='ocr_line' id='line_1_2' title="bbox 1371 291 2253 354; baseline -0.008 1"><span class='ocrx_word' id='word_1_2' title='bbox 1371 330 1380 340; x_wconf 75' lang='lat'>~</span> <span class='ocrx_word' id='word_1_3' title='bbox 1453 292 1974 354; x_wconf 68' lang='grc' dir='ltr'><strong>ΕΙ111οΜΕΟΝ.’-</strong></span> <span class='ocrx_word' id='word_1_4' title='bbox 2011 294 2138 350; x_wconf 83' lang='lat' dir='ltr'><strong>LIB.</strong></span> <span class='ocrx_word' id='word_1_5' title='bbox 2187 291 2253 348; x_wconf 80' lang='lat' dir='ltr'><strong>Vl</strong></span> 
     </span>
    </p>
   </div>
   <div class='ocr_carea' id='block_1_3' title="bbox 3331 287 3467 346">
    <p class='ocr_par' dir='ltr' id='par_1_3' title="bbox 3331 287 3467 346">
     <span class='ocr_line' id='line_1_3' title="bbox 3331 287 3467 346; baseline -0.007 0"><span class='ocrx_word' id='word_1_6' title='bbox 3331 291 3353 346; x_wconf 86' lang='grc'><strong>1</strong></span> <span class='ocrx_word' id='word_1_7' title='bbox 3364 287 3467 345; x_wconf 61' lang='grc' dir='ltr'><strong>δας</strong></span> 
     </span>
    </p>
   </div>
   <div class='ocr_carea' id='block_1_4' title="bbox 225 390 3471 490">
    <p class='ocr_par' dir='ltr' id='par_1_4' title="bbox 225 390 3471 490">
     <span class='ocr_line' id='line_1_4' title="bbox 225 390 3471 490; baseline -0.004 -16"><span class='ocrx_word' id='word_1_8' title='bbox 225 417 573 490; x_wconf 78' lang='lat' dir='ltr'><strong>pientissimis</strong></span> <span class='ocrx_word' id='word_1_9' title='bbox 608 432 713 475; x_wconf 91' lang='lat' dir='ltr'><strong>non</strong></span> <span class='ocrx_word' id='word_1_10' title='bbox 761 429 882 475; x_wconf 84' lang='lat' dir='ltr'><strong>esse</strong></span> <span class='ocrx_word' id='word_1_11' title='bbox 922 414 1204 473; x_wconf 66' lang='lat' dir='ltr'><strong>consilium</strong></span> <span class='ocrx_word' id='word_1_12' title='bbox 1239 415 1423 470; x_wconf 91' lang='lat' dir='ltr'><strong>hostes</strong></span> <span class='ocrx_word' id='word_1_13' title='bbox 1469 423 1580 469; x_wconf 89' lang='lat' dir='ltr'><strong>tam</strong></span> <span class='ocrx_word' id='word_1_14' title='bbox 1624 428 1792 484; x_wconf 86' lang='lat' dir='ltr'><strong>parva</strong></span> <span class='ocrx_word' id='word_1_15' title='bbox 1821 418 1868 476; x_wconf 75' lang='grc' dir='ltr'><strong>Α</strong></span> <span class='ocrx_word' id='word_1_16' title='bbox 1894 422 1950 470; x_wconf 85' lang='lat' dir='ltr'><strong>et</strong></span> <span class='ocrx_word' id='word_1_17' title='bbox 1999 410 2395 481; x_wconf 89' lang='lat' dir='ltr'><strong>despoliacione</strong></span> <span class='ocrx_word' id='word_1_18' title='bbox 2438 423 2692 481; x_wconf 86' lang='lat' dir='ltr'><strong>gemens,</strong></span> <span class='ocrx_word' id='word_1_19' title='bbox 2730 390 2984 463; x_wconf 79' lang='lat' dir='ltr'><strong>lacrimas</strong></span> <span class='ocrx_word' id='word_1_20' title='bbox 3025 421 3056 462; x_wconf 71' lang='grc' dir='ltr'><strong>ο</strong></span> <span class='ocrx_word' id='word_1_21' title='bbox 3097 405 3329 461; x_wconf 73' lang='lat' dir='ltr'><strong>maxillis</strong></span> <span class='ocrx_word' id='word_1_22' title='bbox 3371 408 3471 462; x_wconf 85' lang='lat' dir='ltr'><strong>de-</strong></span> 
     </span>
    </p>
   </div>
   <div class='ocr_carea' id='block_1_5' title="bbox 227 504 1798 581">
    <p class='ocr_par' dir='ltr' id='par_1_5' title="bbox 227 504 1798 581">
     <span class='ocr_line' id='line_1_5' title="bbox 227 504 1798 581; baseline -0.004 -15"><span class='ocrx_word' id='word_1_23' title='bbox 227 513 565 567; x_wconf 88' lang='lat' dir='ltr'><strong>multitudine</strong></span> <span class='ocrx_word' id='word_1_24' title='bbox 587 509 1006 581; x_wconf 88' lang='lat' dir='ltr'><strong>persequendos,</strong></span> <span class='ocrx_word' id='word_1_25' title='bbox 1026 519 1081 562; x_wconf 91' lang='lat' dir='ltr'><strong>et</strong></span> <span class='ocrx_word' id='word_1_26' title='bbox 1110 507 1313 562; x_wconf 82' lang='lat' dir='ltr'><strong>reversi</strong></span> <span class='ocrx_word' id='word_1_27' title='bbox 1343 521 1545 561; x_wconf 90' lang='lat' dir='ltr'><strong>sumus.</strong></span> <span class='ocrx_word' id='word_1_28' title='bbox 1573 504 1637 575; x_wconf 80' lang='lat' dir='ltr'><strong>(f.</strong></span> <span class='ocrx_word' id='word_1_29' title='bbox 1659 505 1798 574; x_wconf 76' lang='lat' dir='ltr'><strong>ll3‘)</strong></span> 
     </span>
    </p>
   </div>
   <div class='ocr_carea' id='block_1_6' title="bbox 225 595 1800 669">
    <p class='ocr_par' dir='ltr' id='par_1_6' title="bbox 225 595 1800 669">
     <span class='ocr_line' id='line_1_6' title="bbox 225 595 1800 669; baseline -0.005 -14"><span class='ocrx_word' id='word_1_30' title='bbox 225 602 524 660; x_wconf 80' lang='lat' dir='ltr'><strong>Bulizlavus</strong></span> <span class='ocrx_word' id='word_1_31' title='bbox 547 612 726 656; x_wconf 91' lang='lat' dir='ltr'><strong>autem</strong></span> <span class='ocrx_word' id='word_1_32' title='bbox 751 601 955 664; x_wconf 70' lang='lat' dir='ltr'><strong>Lurici,</strong></span> <span class='ocrx_word' id='word_1_33' title='bbox 981 600 1116 653; x_wconf 82' lang='lat' dir='ltr'><strong>Zara</strong></span> <span class='ocrx_word' id='word_1_34' title='bbox 1140 598 1287 669; x_wconf 74' lang='lat' dir='ltr'><strong>(72l)</strong></span> <span class='ocrx_word' id='word_1_35' title='bbox 1310 607 1364 652; x_wconf 90' lang='lat' dir='ltr'><strong>et</strong></span> <span class='ocrx_word' id='word_1_36' title='bbox 1393 595 1594 666; x_wconf 78' lang='lat' dir='ltr'><strong>Selpuli</strong></span> <span class='ocrx_word' id='word_1_37' title='bbox 1624 597 1800 650; x_wconf 90' lang='lat' dir='ltr'><strong>denuo</strong></span> 
     </span>
    </p>
   </div>
   <div class='ocr_carea' id='block_1_7' title="bbox 226 686 1804 762">
    <p class='ocr_par' dir='ltr' id='par_1_7' title="bbox 226 686 1804 762">
     <span class='ocr_line' id='line_1_7' title="bbox 226 686 1804 762; baseline -0.006 -14"><span class='ocrx_word' id='word_1_38' title='bbox 226 704 468 762; x_wconf 86' lang='lat' dir='ltr'><strong>occupat.</strong></span> <span class='ocrx_word' id='word_1_39' title='bbox 491 704 546 748; x_wconf 90' lang='lat' dir='ltr'><strong>et</strong></span> <span class='ocrx_word' id='word_1_40' title='bbox 579 709 684 746; x_wconf 93' lang='lat' dir='ltr'><strong>non</strong></span> <span class='ocrx_word' id='word_1_41' title='bbox 715 693 872 762; x_wconf 88' lang='lat' dir='ltr'><strong>longe</strong></span> <span class='ocrx_word' id='word_1_42' title='bbox 905 700 1026 760; x_wconf 87' lang='lat' dir='ltr'><strong>post</strong></span> <span class='ocrx_word' id='word_1_43' title='bbox 1052 688 1291 744; x_wconf 85' lang='lat' dir='ltr'><strong>Budusin</strong></span> <span class='ocrx_word' id='word_1_44' title='bbox 1323 687 1595 742; x_wconf 90' lang='lat' dir='ltr'><strong>civitatem</strong></span> <span class='ocrx_word' id='word_1_45' title='bbox 1630 686 1804 755; x_wconf 83' lang='lat' dir='ltr'><strong>presi-</strong></span> 
     </span>
    </p>
   </div>
   <div class='ocr_carea' id='block_1_8' title="bbox 228 773 1802 839">
    <p class='ocr_par' dir='ltr' id='par_1_8' title="bbox 228 773 1802 839">
     <span class='ocr_line' id='line_1_8' title="bbox 228 773 1802 839; baseline -0.006 -1"><span class='ocrx_word' id='word_1_46' title='bbox 228 783 312 839; x_wconf 92' lang='lat' dir='ltr'><strong>dio</strong></span> <span class='ocrx_word' id='word_1_47' title='bbox 353 783 658 836; x_wconf 88' lang='lat' dir='ltr'><strong>llirintanni</strong></span> <span class='ocrx_word' id='word_1_48' title='bbox 709 781 801 812; x_wconf 78' lang='lat'><strong>““</strong></span> <span class='ocrx_word' id='word_1_49' title='bbox 846 777 1063 835; x_wconf 86' lang='lat' dir='ltr'><strong>comitis</strong></span> <span class='ocrx_word' id='word_1_50' title='bbox 1093 777 1357 831; x_wconf 77' lang='lat' dir='ltr'><strong>munitam</strong></span> <span class='ocrx_word' id='word_1_51' title='bbox 1403 789 1560 829; x_wconf 90' lang='lat' dir='ltr'><strong>socer</strong></span> <span class='ocrx_word' id='word_1_52' title='bbox 1588 773 1802 828; x_wconf 85' lang='lat' dir='ltr'><strong>invidus</strong></span> 
     </span>
    </p>
   </div>
   <div class='ocr_carea' id='block_1_9' title="bbox 225 863 1806 941">
    <p class='ocr_par' dir='ltr' id='par_1_9' title="bbox 225 863 1806 941">
     <span class='ocr_line' id='line_1_9' title="bbox 225 863 1806 941; baseline -0.005 -16"><span class='ocrx_word' id='word_1_53' title='bbox 225 872 481 941; x_wconf 77' lang='lat' dir='ltr'><strong>possedit.</strong></span> <span class='ocrx_word' id='word_1_54' title='bbox 528 871 743 926; x_wconf 82' lang='lat' dir='ltr'><strong>Mittens</strong></span> <span class='ocrx_word' id='word_1_55' title='bbox 788 877 968 922; x_wconf 88' lang='lat' dir='ltr'><strong>autem</strong></span> <span class='ocrx_word' id='word_1_56' title='bbox 1021 867 1248 921; x_wconf 90' lang='lat' dir='ltr'><strong>nuncios</strong></span> <span class='ocrx_word' id='word_1_57' title='bbox 1289 865 1524 925; x_wconf 90' lang='lat' dir='ltr'><strong>suimet,</strong></span> <span class='ocrx_word' id='word_1_58' title='bbox 1568 863 1806 918; x_wconf 89' lang='lat' dir='ltr'><strong>urbanos</strong></span> 
     </span>
    </p>
   </div>
   <div class='ocr_carea' id='block_1_10' title="bbox 227 952 1806 1029">
    <p class='ocr_par' dir='ltr' id='par_1_10' title="bbox 227 952 1806 1029">
     <span class='ocr_line' id='line_1_10' title="bbox 227 952 1806 1029; baseline -0.005 -16"><span class='ocrx_word' id='word_1_59' title='bbox 227 960 484 1029; x_wconf 76' lang='lat' dir='ltr'><strong>postulat,</strong></span> <span class='ocrx_word' id='word_1_60' title='bbox 515 967 573 1012; x_wconf 87' lang='lat' dir='ltr'><strong>ut</strong></span> <span class='ocrx_word' id='word_1_61' title='bbox 627 959 812 1012; x_wconf 81' lang='lat' dir='ltr'><strong>urbem</strong></span> <span class='ocrx_word' id='word_1_62' title='bbox 871 957 1009 1011; x_wconf 85' lang='lat' dir='ltr'><strong>hanc</strong></span> <span class='ocrx_word' id='word_1_63' title='bbox 1048 956 1164 1009; x_wconf 86' lang='lat' dir='ltr'><strong>sine</strong></span> <span class='ocrx_word' id='word_1_64' title='bbox 1213 963 1569 1022; x_wconf 82' lang='lat' dir='ltr'><strong>utrorumque</strong></span> <span class='ocrx_word' id='word_1_65' title='bbox 1624 952 1806 1005; x_wconf 81' lang='lat' dir='ltr'><strong>labore</strong></span> 
     </span>
    </p>
   </div>
   <div class='ocr_carea' id='block_1_11' title="bbox 227 1041 1804 1113">
    <p class='ocr_par' dir='ltr' id='par_1_11' title="bbox 227 1041 1804 1113">
     <span class='ocr_line' id='line_1_11' title="bbox 227 1041 1804 1113; baseline -0.005 -11"><span class='ocrx_word' id='word_1_66' title='bbox 227 1049 326 1104; x_wconf 87' lang='lat' dir='ltr'><strong>sibi</strong></span> <span class='ocrx_word' id='word_1_67' title='bbox 357 1051 664 1113; x_wconf 84' lang='lat' dir='ltr'><strong>redderent,</strong></span> <span class='ocrx_word' id='word_1_68' title='bbox 693 1056 747 1102; x_wconf 90' lang='lat' dir='ltr'><strong>et</strong></span> <span class='ocrx_word' id='word_1_69' title='bbox 778 1047 978 1100; x_wconf 85' lang='lat' dir='ltr'><strong>nullam</strong></span> <span class='ocrx_word' id='word_1_70' title='bbox 1015 1059 1045 1099; x_wconf 87' lang='lat' dir='ltr'><strong>a</strong></span> <span class='ocrx_word' id='word_1_71' title='bbox 1089 1045 1304 1099; x_wconf 85' lang='lat' dir='ltr'><strong>seniore</strong></span> <span class='ocrx_word' id='word_1_72' title='bbox 1334 1058 1431 1098; x_wconf 89' lang='lat' dir='ltr'><strong>suo</strong></span> <span class='ocrx_word' id='word_1_73' title='bbox 1471 1041 1804 1111; x_wconf 89' lang='lat' dir='ltr'><strong>ereptionem</strong></span> 
     </span>
    </p>
   </div>
   <div class='ocr_carea' id='block_1_12' title="bbox 227 1134 1808 1211">
    <p class='ocr_par' dir='ltr' id='par_1_12' title="bbox 227 1134 1808 1211">
     <span class='ocr_line' id='line_1_12' title="bbox 227 1134 1808 1211; baseline -0.005 -18"><span class='ocrx_word' id='word_1_74' title='bbox 227 1150 527 1211; x_wconf 74' lang='lat' dir='ltr'><strong>sperarent.</strong></span> <span class='ocrx_word' id='word_1_75' title='bbox 556 1138 642 1194; x_wconf 84' lang='lat' dir='ltr'><strong>Fit</strong></span> <span class='ocrx_word' id='word_1_76' title='bbox 676 1155 776 1208; x_wconf 84' lang='lat' dir='ltr'><strong>pax</strong></span> <span class='ocrx_word' id='word_1_77' title='bbox 808 1149 992 1192; x_wconf 87' lang='lat' dir='ltr'><strong>mutua</strong></span> <span class='ocrx_word' id='word_1_78' title='bbox 1023 1137 1090 1189; x_wconf 80' lang='lat' dir='ltr'><strong>ad</strong></span> <span class='ocrx_word' id='word_1_79' title='bbox 1129 1137 1158 1188; x_wconf 83' lang='grc' dir='ltr'><strong><em>Ἰ</em></strong></span> <span class='ocrx_word' id='word_1_80' title='bbox 1193 1136 1328 1190; x_wconf 89' lang='lat' dir='ltr'><strong>dies.</strong></span> <span class='ocrx_word' id='word_1_81' title='bbox 1362 1134 1466 1188; x_wconf 87' lang='lat' dir='ltr'><strong>Iste</strong></span> <span class='ocrx_word' id='word_1_82' title='bbox 1506 1143 1660 1202; x_wconf 88' lang='lat' dir='ltr'><strong>parat</strong></span> <span class='ocrx_word' id='word_1_83' title='bbox 1707 1134 1808 1186; x_wconf 82' lang='lat' dir='ltr'><strong>iui-</strong></span> 
     </span>
    </p>
   </div>
   <div class='ocr_carea' id='block_1_13' title="bbox 226 1226 1808 1302">
    <p class='ocr_par' dir='ltr' id='par_1_13' title="bbox 226 1226 1808 1302">
     <span class='ocr_line' id='line_1_13' title="bbox 226 1226 1808 1302; baseline -0.003 -20"><span class='ocrx_word' id='word_1_84' title='bbox 226 1233 628 1302; x_wconf 83' lang='lat' dir='ltr'><strong>pttgnationes;</strong></span> <span class='ocrx_word' id='word_1_85' title='bbox 685 1230 759 1284; x_wconf 89' lang='lat' dir='ltr'><strong>bii</strong></span> <span class='ocrx_word' id='word_1_86' title='bbox 809 1244 907 1300; x_wconf 87' lang='lat' dir='ltr'><strong>per</strong></span> <span class='ocrx_word' id='word_1_87' title='bbox 968 1229 1202 1299; x_wconf 80' lang='lat' dir='ltr'><strong>legatum</strong></span> <span class='ocrx_word' id='word_1_88' title='bbox 1260 1227 1457 1281; x_wconf 86' lang='lat' dir='ltr'><strong>suimet</strong></span> <span class='ocrx_word' id='word_1_89' title='bbox 1503 1240 1533 1279; x_wconf 85' lang='lat' dir='ltr'><strong>a</strong></span> <span class='ocrx_word' id='word_1_90' title='bbox 1588 1226 1808 1280; x_wconf 88' lang='lat' dir='ltr'><strong>domino</strong></span> 
     </span>
    </p>
   </div>
   <div class='ocr_carea' id='block_1_14' title="bbox 225 1318 1803 1391">
    <p class='ocr_par' dir='ltr' id='par_1_14' title="bbox 225 1318 1803 1391">
     <span class='ocr_line' id='line_1_14' title="bbox 225 1318 1803 1391; baseline -0.004 -16"><span class='ocrx_word' id='word_1_91' title='bbox 225 1331 278 1375; x_wconf 89' lang='lat' dir='ltr'><strong>et</strong></span> <span class='ocrx_word' id='word_1_92' title='bbox 311 1337 340 1373; x_wconf 88' lang='lat' dir='ltr'><strong>a</strong></span> <span class='ocrx_word' id='word_1_93' title='bbox 369 1321 708 1391; x_wconf 89' lang='lat' dir='ltr'><strong>principibus</strong></span> <span class='ocrx_word' id='word_1_94' title='bbox 739 1319 887 1390; x_wconf 82' lang='lat' dir='ltr'><strong>regni</strong></span> <span class='ocrx_word' id='word_1_95' title='bbox 919 1319 1236 1389; x_wconf 82' lang='lat' dir='ltr'><strong>suppliciter</strong></span> <span class='ocrx_word' id='word_1_96' title='bbox 1265 1318 1522 1372; x_wconf 81' lang='lat' dir='ltr'><strong>auxilium</strong></span> <span class='ocrx_word' id='word_1_97' title='bbox 1551 1325 1803 1385; x_wconf 91' lang='lat' dir='ltr'><strong>poscunt,</strong></span> 
     </span>
    </p>
   </div>
   <div class='ocr_carea' id='block_1_15' title="bbox 225 1410 1812 1480">
    <p class='ocr_par' dir='ltr' id='par_1_15' title="bbox 225 1410 1812 1480">
     <span class='ocr_line' id='line_1_15' title="bbox 225 1410 1812 1480; baseline -0.004 -12"><span class='ocrx_word' id='word_1_98' title='bbox 225 1429 283 1468; x_wconf 88' lang='lat' dir='ltr'><strong>se</strong></span> <span class='ocrx_word' id='word_1_99' title='bbox 318 1413 454 1468; x_wconf 87' lang='lat' dir='ltr'><strong>alios</strong></span> <span class='ocrx_word' id='word_1_100' title='bbox 487 1414 579 1445; x_wconf 76' lang='lat'><strong>“&quot;</strong></span> <span class='ocrx_word' id='word_1_101' title='bbox 609 1413 724 1468; x_wconf 92' lang='lat' dir='ltr'><strong>dies</strong></span> <span class='ocrx_word' id='word_1_102' title='bbox 752 1413 892 1467; x_wconf 91' lang='lat' dir='ltr'><strong>bosti</strong></span> <span class='ocrx_word' id='word_1_103' title='bbox 944 1412 1196 1467; x_wconf 84' lang='lat' dir='ltr'><strong>resistere</strong></span> <span class='ocrx_word' id='word_1_104' title='bbox 1222 1411 1618 1480; x_wconf 75' lang='lat' dir='ltr'><strong>promittentes.</strong></span> <span class='ocrx_word' id='word_1_105' title='bbox 1649 1410 1812 1463; x_wconf 71' lang='lat' dir='ltr'><strong>Venit</strong></span> 
     </span>
    </p>
   </div>
   <div class='ocr_carea' id='block_1_16' title="bbox 228 1499 1808 1570">
    <p class='ocr_par' dir='ltr' id='par_1_16' title="bbox 228 1499 1808 1570">
     <span class='ocr_line' id='line_1_16' title="bbox 228 1499 1808 1570; baseline -0.003 -14"><span class='ocrx_word' id='word_1_106' title='bbox 228 1503 838 1558; x_wconf 85' lang='lat' dir='ltr'><strong>marchiolliritnannus</strong></span> <span class='ocrx_word' id='word_1_107' title='bbox 864 1502 954 1534; x_wconf 80' lang='grc'>¹¹⁶⁶</span> <span class='ocrx_word' id='word_1_108' title='bbox 977 1501 1043 1554; x_wconf 82' lang='lat' dir='ltr'><strong>ad</strong></span> <span class='ocrx_word' id='word_1_109' title='bbox 1067 1501 1449 1570; x_wconf 79' lang='lat' dir='ltr'><strong>Magadaburg,</strong></span> <span class='ocrx_word' id='word_1_110' title='bbox 1474 1499 1808 1553; x_wconf 77' lang='lat' dir='ltr'><strong>Walterdutn</strong></span> 
     </span>
    </p>
   </div>
   <div class='ocr_carea' id='block_1_17' title="bbox 229 1588 1814 1666">
    <p class='ocr_par' dir='ltr' id='par_1_17' title="bbox 229 1588 1814 1666">
     <span class='ocr_line' id='line_1_17' title="bbox 229 1588 1814 1666; baseline -0.004 -16"><span class='ocrx_word' id='word_1_111' title='bbox 229 1605 355 1650; x_wconf 89' lang='lat' dir='ltr'><strong>tunc</strong></span> <span class='ocrx_word' id='word_1_112' title='bbox 403 1595 735 1666; x_wconf 90' lang='lat' dir='ltr'><strong>prepositum</strong></span> <span class='ocrx_word' id='word_1_113' title='bbox 770 1592 1136 1662; x_wconf 69' lang='lat' dir='ltr'><strong>interpetlans,</strong></span> <span class='ocrx_word' id='word_1_114' title='bbox 1163 1605 1459 1658; x_wconf 82' lang='lat' dir='ltr'><strong>omnesque</strong></span> <span class='ocrx_word' id='word_1_115' title='bbox 1505 1588 1814 1658; x_wconf 75' lang='lat' dir='ltr'><strong>specialiter</strong></span> 
     </span>
    </p>
   </div>
   <div class='ocr_carea' id='block_1_18' title="bbox 233 1683 1813 1761">
    <p class='ocr_par' dir='ltr' id='par_1_18' title="bbox 233 1683 1813 1761">
     <span class='ocr_line' id='line_1_18' title="bbox 233 1683 1813 1761; baseline -0.003 -22"><span class='ocrx_word' id='word_1_116' title='bbox 233 1703 332 1761; x_wconf 82' lang='lat' dir='ltr'><strong>per</strong></span> <span class='ocrx_word' id='word_1_117' title='bbox 361 1688 567 1756; x_wconf 78' lang='lat' dir='ltr'><strong>legatos</strong></span> <span class='ocrx_word' id='word_1_118' title='bbox 599 1697 789 1742; x_wconf 78' lang='lat' dir='ltr'><strong>evocat</strong></span> <span class='ocrx_word' id='word_1_119' title='bbox 822 1685 1101 1756; x_wconf 80' lang='lat' dir='ltr'><strong>primates,</strong></span> <span class='ocrx_word' id='word_1_120' title='bbox 1132 1698 1268 1753; x_wconf 90' lang='lat' dir='ltr'><strong>quos</strong></span> <span class='ocrx_word' id='word_1_121' title='bbox 1298 1683 1524 1736; x_wconf 89' lang='lat' dir='ltr'><strong>multum</strong></span> <span class='ocrx_word' id='word_1_122' title='bbox 1553 1683 1642 1737; x_wconf 88' lang='lat' dir='ltr'><strong>hic</strong></span> <span class='ocrx_word' id='word_1_123' title='bbox 1686 1692 1813 1736; x_wconf 90' lang='lat' dir='ltr'><strong>tunc</strong></span> 
     </span>
    </p>
   </div>
   <div class='ocr_carea' id='block_1_19' title="bbox 1902 490 3473 571">
    <p class='ocr_par' dir='ltr' id='par_1_19' title="bbox 1902 490 3473 571">
     <span class='ocr_line' id='line_1_19' title="bbox 1902 490 3473 571; baseline -0.006 -11"><span class='ocrx_word' id='word_1_124' title='bbox 1902 505 2224 560; x_wconf 89' lang='lat' dir='ltr'><strong>scendentes</strong></span> <span class='ocrx_word' id='word_1_125' title='bbox 2248 490 2373 556; x_wconf 91' lang='lat' dir='ltr'><strong>ante</strong></span> <span class='ocrx_word' id='word_1_126' title='bbox 2397 510 2744 571; x_wconf 90' lang='lat' dir='ltr'><strong>conspectum</strong></span> <span class='ocrx_word' id='word_1_127' title='bbox 2787 498 3110 554; x_wconf 84' lang='lat' dir='ltr'><strong>vindicantis</strong></span> <span class='ocrx_word' id='word_1_128' title='bbox 3142 497 3235 552; x_wconf 89' lang='lat' dir='ltr'><strong>Dei</strong></span> <span class='ocrx_word' id='word_1_129' title='bbox 3259 497 3473 552; x_wconf 79' lang='lat' dir='ltr'><strong>fundit?</strong></span> 
     </span>
    </p>
   </div>
   <div class='ocr_carea' id='block_1_20' title="bbox 1901 587 3476 663">
    <p class='ocr_par' dir='ltr' id='par_1_20' title="bbox 1901 587 3476 663">
     <span class='ocr_line' id='line_1_20' title="bbox 1901 587 3476 663; baseline -0.006 -14"><span class='ocrx_word' id='word_1_130' title='bbox 1901 593 2020 649; x_wconf 88' lang='lat' dir='ltr'><strong>Tali</strong></span> <span class='ocrx_word' id='word_1_131' title='bbox 2059 593 2460 663; x_wconf 89' lang='lat' dir='ltr'><strong>presutnptione</strong></span> <span class='ocrx_word' id='word_1_132' title='bbox 2492 607 2586 646; x_wconf 89' lang='lat' dir='ltr'><strong>rex</strong></span> <span class='ocrx_word' id='word_1_133' title='bbox 2617 599 2938 651; x_wconf 91' lang='lat' dir='ltr'><strong>commotus,</strong></span> <span class='ocrx_word' id='word_1_134' title='bbox 2965 587 3054 642; x_wconf 87' lang='lat' dir='ltr'><strong>illo</strong></span> <span class='ocrx_word' id='word_1_135' title='bbox 3079 603 3200 642; x_wconf 89' lang='lat' dir='ltr'><strong>cum</strong></span> <span class='ocrx_word' id='word_1_136' title='bbox 3230 587 3476 642; x_wconf 87' lang='lat' dir='ltr'><strong>exercitu</strong></span> 
     </span>
    </p>
   </div>
   <div class='ocr_carea' id='block_1_21' title="bbox 1902 681 3478 758">
    <p class='ocr_par' dir='ltr' id='par_1_21' title="bbox 1902 681 3478 758">
     <span class='ocr_line' id='line_1_21' title="bbox 1902 681 3478 758; baseline -0.003 -19"><span class='ocrx_word' id='word_1_137' title='bbox 1902 694 2180 758; x_wconf 87' lang='lat' dir='ltr'><strong>properat,</strong></span> <span class='ocrx_word' id='word_1_138' title='bbox 2203 681 3087 740; x_wconf 63' lang='lat' dir='ltr'><strong>archiantistitemintbt-nnizatum</strong></span> <span class='ocrx_word' id='word_1_139' title='bbox 3117 681 3312 736; x_wconf 84' lang='lat' dir='ltr'><strong>ibidem</strong></span> <span class='ocrx_word' id='word_1_140' title='bbox 3345 695 3478 735; x_wconf 91' lang='lat' dir='ltr'><strong>con-</strong></span> 
     </span>
    </p>
   </div>
   <div class='ocr_carea' id='block_1_22' title="bbox 1903 773 3478 845">
    <p class='ocr_par' dir='ltr' id='par_1_22' title="bbox 1903 773 3478 845">
     <span class='ocr_line' id='line_1_22' title="bbox 1903 773 3478 845; baseline -0.003 -13"><span class='ocrx_word' id='word_1_141' title='bbox 1903 779 2126 840; x_wconf 90' lang='lat' dir='ltr'><strong>secrari,</strong></span> <span class='ocrx_word' id='word_1_142' title='bbox 2160 778 2710 845; x_wconf 62' lang='lat' dir='ltr'><strong>Ethelbcronemque</strong></span> <span class='ocrx_word' id='word_1_143' title='bbox 2749 773 2844 805; x_wconf 82' lang='grc'><strong>¹¹⁸⁶</strong></span> <span class='ocrx_word' id='word_1_144' title='bbox 2868 773 3326 828; x_wconf 82' lang='lat' dir='ltr'><strong>excomntunicari</strong></span> <span class='ocrx_word' id='word_1_145' title='bbox 3356 787 3478 841; x_wconf 89' lang='lat' dir='ltr'><strong>pre-</strong></span> 
     </span>
    </p>
   </div>
   <div class='ocr_carea' id='block_1_23' title="bbox 1903 863 3482 939">
    <p class='ocr_par' dir='ltr' id='par_1_23' title="bbox 1903 863 3482 939">
     <span class='ocr_line' id='line_1_23' title="bbox 1903 863 3482 939; baseline -0.003 -15"><span class='ocrx_word' id='word_1_146' title='bbox 1903 869 2131 939; x_wconf 89' lang='lat' dir='ltr'><strong>cipiens.</strong></span> <span class='ocrx_word' id='word_1_147' title='bbox 2179 869 2471 925; x_wconf 84' lang='lat' dir='ltr'><strong>Obsidione</strong></span> <span class='ocrx_word' id='word_1_148' title='bbox 2525 869 2698 923; x_wconf 89' lang='lat' dir='ltr'><strong>eciam</strong></span> <span class='ocrx_word' id='word_1_149' title='bbox 2743 865 2996 920; x_wconf 90' lang='lat' dir='ltr'><strong>continua</strong></span> <span class='ocrx_word' id='word_1_150' title='bbox 3042 880 3156 929; x_wconf 90' lang='lat' dir='ltr'><strong>eos,</strong></span> <span class='ocrx_word' id='word_1_151' title='bbox 3187 865 3276 934; x_wconf 84' lang='lat' dir='ltr'><strong>qui</strong></span> <span class='ocrx_word' id='word_1_152' title='bbox 3321 863 3482 919; x_wconf 83' lang='lat' dir='ltr'><strong>Palas</strong></span> 
     </span>
    </p>
   </div>
   <div class='ocr_carea' id='block_1_24' title="bbox 1906 955 3479 1025">
    <p class='ocr_par' dir='ltr' id='par_1_24' title="bbox 1906 955 3479 1025">
     <span class='ocr_line' id='line_1_24' title="bbox 1906 955 3479 1025; baseline -0.001 -12"><span class='ocrx_word' id='word_1_153' title='bbox 1906 961 2214 1025; x_wconf 85' lang='lat' dir='ltr'><strong>tuebantur,</strong></span> <span class='ocrx_word' id='word_1_154' title='bbox 2246 961 2300 1014; x_wconf 89' lang='lat' dir='ltr'><strong>in</strong></span> <span class='ocrx_word' id='word_1_155' title='bbox 2345 968 2552 1014; x_wconf 89' lang='lat' dir='ltr'><strong>tantum</strong></span> <span class='ocrx_word' id='word_1_156' title='bbox 2592 957 2936 1020; x_wconf 79' lang='lat' dir='ltr'><strong>constrinxit,</strong></span> <span class='ocrx_word' id='word_1_157' title='bbox 2969 966 3026 1012; x_wconf 93' lang='lat' dir='ltr'><strong>ut</strong></span> <span class='ocrx_word' id='word_1_158' title='bbox 3064 955 3208 1011; x_wconf 90' lang='lat' dir='ltr'><strong>fame</strong></span> <span class='ocrx_word' id='word_1_159' title='bbox 3260 956 3479 1011; x_wconf 84' lang='lat' dir='ltr'><strong>assidua</strong></span> 
     </span>
    </p>
   </div>
   <div class='ocr_carea' id='block_1_25' title="bbox 1907 1048 3482 1122">
    <p class='ocr_par' dir='ltr' id='par_1_25' title="bbox 1907 1048 3482 1122">
     <span class='ocr_line' id='line_1_25' title="bbox 1907 1048 3482 1122; baseline -0.002 -17"><span class='ocrx_word' id='word_1_160' title='bbox 1907 1050 2292 1122; x_wconf 77' lang='lat' dir='ltr'><strong>inpugnatione</strong></span> <span class='ocrx_word' id='word_1_161' title='bbox 2327 1050 2627 1120; x_wconf 75' lang='lat' dir='ltr'><strong>defatigati,</strong></span> <span class='ocrx_word' id='word_1_162' title='bbox 2653 1058 2748 1104; x_wconf 84' lang='lat' dir='ltr'><strong>aut</strong></span> <span class='ocrx_word' id='word_1_163' title='bbox 2794 1049 3020 1104; x_wconf 91' lang='lat' dir='ltr'><strong>interius</strong></span> <span class='ocrx_word' id='word_1_164' title='bbox 3067 1048 3245 1118; x_wconf 76' lang='lat' dir='ltr'><strong>perire</strong></span> <span class='ocrx_word' id='word_1_165' title='bbox 3284 1056 3377 1102; x_wconf 89' lang='lat' dir='ltr'><strong>aut</strong></span> <span class='ocrx_word' id='word_1_166' title='bbox 3425 1048 3482 1102; x_wconf 89' lang='lat' dir='ltr'><strong>in</strong></span> 
     </span>
    </p>
   </div>
   <div class='ocr_carea' id='block_1_26' title="bbox 1909 1137 3482 1213">
    <p class='ocr_par' dir='ltr' id='par_1_26' title="bbox 1909 1137 3482 1213">
     <span class='ocr_line' id='line_1_26' title="bbox 1909 1137 3482 1213; baseline -0.001 -21"><span class='ocrx_word' id='word_1_167' title='bbox 1909 1149 2077 1210; x_wconf 78' lang='lat' dir='ltr'><strong>potest</strong></span> <span class='ocrx_word' id='word_1_168' title='bbox 2090 1154 2230 1197; x_wconf 87' lang='lat' dir='ltr'><strong>atem</strong></span> <span class='ocrx_word' id='word_1_169' title='bbox 2253 1143 2396 1213; x_wconf 89' lang='lat' dir='ltr'><strong>regis</strong></span> <span class='ocrx_word' id='word_1_170' title='bbox 2411 1142 2564 1196; x_wconf 81' lang='lat' dir='ltr'><strong>inviti</strong></span> <span class='ocrx_word' id='word_1_171' title='bbox 2580 1140 3089 1196; x_wconf 85' lang='lat' dir='ltr'><strong>deberentexterius</strong></span> <span class='ocrx_word' id='word_1_172' title='bbox 3103 1139 3288 1196; x_wconf 87' lang='lat' dir='ltr'><strong>venire</strong></span> <span class='ocrx_word' id='word_1_173' title='bbox 3309 1137 3482 1211; x_wconf 68' lang='grc'><strong>(721).</strong></span> 
     </span>
    </p>
   </div>
   <div class='ocr_carea' id='block_1_27' title="bbox 1910 1230 3482 1302">
    <p class='ocr_par' dir='ltr' id='par_1_27' title="bbox 1910 1230 3482 1302">
     <span class='ocr_line' id='line_1_27' title="bbox 1910 1230 3482 1302; baseline 0.001 -18"><span class='ocrx_word' id='word_1_174' title='bbox 1910 1232 2060 1298; x_wconf 86' lang='lat' dir='ltr'><strong>Quod</strong></span> <span class='ocrx_word' id='word_1_175' title='bbox 2084 1248 2151 1288; x_wconf 93' lang='lat' dir='ltr'><strong>ne</strong></span> <span class='ocrx_word' id='word_1_176' title='bbox 2179 1235 2350 1297; x_wconf 88' lang='lat' dir='ltr'><strong>lieret,</strong></span> <span class='ocrx_word' id='word_1_177' title='bbox 2391 1232 2656 1287; x_wconf 81' lang='lat' dir='ltr'><strong>Henricus</strong></span> <span class='ocrx_word' id='word_1_178' title='bbox 2697 1233 2804 1287; x_wconf 82' lang='lat' dir='ltr'><strong>dux</strong></span> <span class='ocrx_word' id='word_1_179' title='bbox 2848 1232 3138 1302; x_wconf 86' lang='lat' dir='ltr'><strong>improvisa</strong></span> <span class='ocrx_word' id='word_1_180' title='bbox 3184 1230 3482 1286; x_wconf 85' lang='lat' dir='ltr'><strong>calliditate</strong></span> 
     </span>
    </p>
   </div>
   <div class='ocr_carea' id='block_1_28' title="bbox 1912 1320 3484 1391">
    <p class='ocr_par' dir='ltr' id='par_1_28' title="bbox 1912 1320 3484 1391">
     <span class='ocr_line' id='line_1_28' title="bbox 1912 1320 3484 1391; baseline -0.002 -17"><span class='ocrx_word' id='word_1_181' title='bbox 1912 1321 2227 1391; x_wconf 90' lang='lat' dir='ltr'><strong>impediens,</strong></span> <span class='ocrx_word' id='word_1_182' title='bbox 2257 1337 2352 1377; x_wconf 92' lang='lat' dir='ltr'><strong>cos</strong></span> <span class='ocrx_word' id='word_1_183' title='bbox 2387 1322 2538 1376; x_wconf 90' lang='lat' dir='ltr'><strong>exire</strong></span> <span class='ocrx_word' id='word_1_184' title='bbox 2576 1320 2776 1376; x_wconf 87' lang='lat' dir='ltr'><strong>inlesos</strong></span> <span class='ocrx_word' id='word_1_185' title='bbox 2818 1321 2958 1390; x_wconf 90' lang='lat' dir='ltr'><strong>apud</strong></span> <span class='ocrx_word' id='word_1_186' title='bbox 3005 1335 3187 1390; x_wconf 86' lang='lat' dir='ltr'><strong>regem</strong></span> <span class='ocrx_word' id='word_1_187' title='bbox 3228 1320 3484 1375; x_wconf 88' lang='lat' dir='ltr'><strong>obtinuit.</strong></span> 
     </span>
    </p>
   </div>
   <div class='ocr_carea' id='block_1_29' title="bbox 1914 1410 3455 1480">
    <p class='ocr_par' dir='ltr' id='par_1_29' title="bbox 1914 1410 3455 1480">
     <span class='ocr_line' id='line_1_29' title="bbox 1914 1410 3455 1480; baseline -0.001 -16"><span class='ocrx_word' id='word_1_188' title='bbox 1914 1410 2206 1480; x_wconf 88' lang='lat' dir='ltr'><strong>Postquam</strong></span> <span class='ocrx_word' id='word_1_189' title='bbox 2239 1427 2368 1467; x_wconf 89' lang='lat' dir='ltr'><strong>vero</strong></span> <span class='ocrx_word' id='word_1_190' title='bbox 2397 1413 2462 1467; x_wconf 89' lang='lat' dir='ltr'><strong>de</strong></span> <span class='ocrx_word' id='word_1_191' title='bbox 2507 1411 2613 1466; x_wconf 92' lang='lat' dir='ltr'><strong>hiis</strong></span> <span class='ocrx_word' id='word_1_192' title='bbox 2642 1410 2720 1466; x_wconf 90' lang='lat' dir='ltr'><strong>rei</strong></span> <span class='ocrx_word' id='word_1_193' title='bbox 2752 1411 2947 1465; x_wconf 86' lang='lat' dir='ltr'><strong>certitu</strong></span> <span class='ocrx_word' id='word_1_194' title='bbox 2971 1411 3131 1464; x_wconf 83' lang='lat' dir='ltr'><strong>tinem</strong></span> <span class='ocrx_word' id='word_1_195' title='bbox 3162 1424 3256 1464; x_wconf 80' lang='lat' dir='ltr'><strong>rex</strong></span> <span class='ocrx_word' id='word_1_196' title='bbox 3304 1410 3455 1479; x_wconf 84' lang='lat' dir='ltr'><strong>inqui</strong></span> 
     </span>
    </p>
   </div>
   <div class='ocr_carea' id='block_1_30' title="bbox 1913 1499 3511 1571">
    <p class='ocr_par' dir='ltr' id='par_1_30' title="bbox 1913 1499 3511 1571">
     <span class='ocr_line' id='line_1_30' title="bbox 1913 1499 3511 1571; baseline 0 -15"><span class='ocrx_word' id='word_1_197' title='bbox 1913 1502 2059 1566; x_wconf 90' lang='lat' dir='ltr'><strong>sivit,</strong></span> <span class='ocrx_word' id='word_1_198' title='bbox 2093 1503 2357 1571; x_wconf 79' lang='lat' dir='ltr'><strong>gravitate</strong></span> <span class='ocrx_word' id='word_1_199' title='bbox 2382 1504 2580 1557; x_wconf 91' lang='lat' dir='ltr'><strong>mentis</strong></span> <span class='ocrx_word' id='word_1_200' title='bbox 2611 1501 2671 1570; x_wconf 89' lang='lat' dir='ltr'><strong>(f.</strong></span> <span class='ocrx_word' id='word_1_201' title='bbox 2700 1501 2840 1571; x_wconf 77' lang='lat' dir='ltr'><strong>lH‘)</strong></span> <span class='ocrx_word' id='word_1_202' title='bbox 2875 1501 2926 1554; x_wconf 90' lang='lat' dir='ltr'><strong>id</strong></span> <span class='ocrx_word' id='word_1_203' title='bbox 2954 1499 3160 1565; x_wconf 88' lang='lat' dir='ltr'><strong>ferens,</strong></span> <span class='ocrx_word' id='word_1_204' title='bbox 3192 1510 3250 1555; x_wconf 93' lang='lat' dir='ltr'><strong>ut</strong></span> <span class='ocrx_word' id='word_1_205' title='bbox 3291 1500 3346 1555; x_wconf 88' lang='lat' dir='ltr'><strong>in</strong></span> <span class='ocrx_word' id='word_1_206' title='bbox 3396 1515 3478 1556; x_wconf 52' lang='lat' dir='ltr'><strong>se.</strong></span> <span class='ocrx_word' id='word_1_207' title='bbox 3509 1563 3511 1570; x_wconf 27' lang='grc' dir='ltr'><strong><em>τ</em></strong></span> 
     </span>
    </p>
   </div>
   <div class='ocr_carea' id='block_1_31' title="bbox 1913 1594 2805 1664">
    <p class='ocr_par' dir='ltr' id='par_1_31' title="bbox 1913 1594 2805 1664">
     <span class='ocr_line' id='line_1_31' title="bbox 1913 1594 2805 1664; baseline 0.001 -19"><span class='ocrx_word' id='word_1_208' title='bbox 1913 1595 2206 1664; x_wconf 85' lang='lat' dir='ltr'><strong>quentibus</strong></span> <span class='ocrx_word' id='word_1_209' title='bbox 2236 1594 2485 1659; x_wconf 87' lang='lat' dir='ltr'><strong>referam,</strong></span> <span class='ocrx_word' id='word_1_210' title='bbox 2520 1594 2664 1649; x_wconf 90' lang='lat' dir='ltr'><strong>ultus</strong></span> <span class='ocrx_word' id='word_1_211' title='bbox 2701 1604 2805 1648; x_wconf 91' lang='lat' dir='ltr'><strong>est.</strong></span> 
     </span>
    </p>
   </div>
   <div class='ocr_carea' id='block_1_32' title="bbox 1985 1682 3492 1753">
    <p class='ocr_par' dir='ltr' id='par_1_32' title="bbox 1985 1682 3492 1753">
     <span class='ocr_line' id='line_1_32' title="bbox 1985 1682 3492 1753; baseline -0.001 -16"><span class='ocrx_word' id='word_1_212' title='bbox 1985 1683 2075 1737; x_wconf 62' lang='lat'><strong>‘26.</strong></span> <span class='ocrx_word' id='word_1_213' title='bbox 2106 1684 2328 1740; x_wconf 81' lang='lat' dir='ltr'><strong>lnteritfl</strong></span> <span class='ocrx_word' id='word_1_214' title='bbox 2363 1694 2672 1739; x_wconf 88' lang='lat' dir='ltr'><strong>antecessor</strong></span> <span class='ocrx_word' id='word_1_215' title='bbox 2698 1697 2852 1738; x_wconf 89' lang='lat' dir='ltr'><strong>meus</strong></span> <span class='ocrx_word' id='word_1_216' title='bbox 2879 1682 2968 1714; x_wconf 81' lang='lat'><strong>“&quot;</strong></span> <span class='ocrx_word' id='word_1_217' title='bbox 2987 1682 3144 1753; x_wconf 89' lang='lat' dir='ltr'><strong>longa</strong></span> <span class='ocrx_word' id='word_1_218' title='bbox 3177 1682 3492 1737; x_wconf 80' lang='lat' dir='ltr'><strong>inﬁrmitate</strong></span> 
     </span>
    </p>
   </div>
   <div class='ocr_carea' id='block_1_33' title="bbox 231 1761 3493 1846">
    <p class='ocr_par' dir='ltr' id='par_1_33' title="bbox 231 1761 3493 1846">
     <span class='ocr_line' id='line_1_33' title="bbox 231 1761 3493 1846; baseline -0 -16"><span class='ocrx_word' id='word_1_219' title='bbox 231 1777 322 1809; x_wconf 78' lang='grc'><strong>¹¹⁸⁷</strong></span> <span class='ocrx_word' id='word_1_220' title='bbox 358 1779 600 1832; x_wconf 91' lang='lat' dir='ltr'><strong>tardasse</strong></span> <span class='ocrx_word' id='word_1_221' title='bbox 627 1779 976 1832; x_wconf 76' lang='lat' dir='ltr'><strong>vehementer</strong></span> <span class='ocrx_word' id='word_1_222' title='bbox 1006 1775 1268 1843; x_wconf 85' lang='lat' dir='ltr'><strong>queritur,</strong></span> <span class='ocrx_word' id='word_1_223' title='bbox 1303 1781 1358 1827; x_wconf 88' lang='lat' dir='ltr'><strong>et</strong></span> <span class='ocrx_word' id='word_1_224' title='bbox 1406 1781 1584 1827; x_wconf 87' lang='lat' dir='ltr'><strong>tamen</strong></span> <span class='ocrx_word' id='word_1_225' title='bbox 1613 1772 1810 1827; x_wconf 82' lang='lat' dir='ltr'><strong>milites</strong></span> <span class='ocrx_word' id='word_1_226' title='bbox 1844 1761 1884 1819; x_wconf 56' lang='grc' dir='ltr'><strong>Ξ)</strong></span> <span class='ocrx_word' id='word_1_227' title='bbox 1914 1776 2184 1842; x_wconf 80' lang='lat' dir='ltr'><strong>detentus,</strong></span> <span class='ocrx_word' id='word_1_228' title='bbox 2215 1776 2355 1830; x_wconf 81' lang='lat' dir='ltr'><strong>dicm</strong></span> <span class='ocrx_word' id='word_1_229' title='bbox 2371 1777 2632 1831; x_wconf 86' lang='lat' dir='ltr'><strong>sollicitus</strong></span> <span class='ocrx_word' id='word_1_230' title='bbox 2667 1791 2975 1845; x_wconf 88' lang='lat' dir='ltr'><strong>supremum</strong></span> <span class='ocrx_word' id='word_1_231' title='bbox 3003 1776 3348 1846; x_wconf 86' lang='lat' dir='ltr'><strong>prestolatur.</strong></span> <span class='ocrx_word' id='word_1_232' title='bbox 3386 1775 3493 1830; x_wconf 88' lang='lat' dir='ltr'><strong>Sed</strong></span> 
     </span>
    </p>
   </div>
   <div class='ocr_carea' id='block_1_34' title="bbox 231 1862 1812 1936">
    <p class='ocr_par' dir='ltr' id='par_1_34' title="bbox 231 1862 1812 1936">
     <span class='ocr_line' id='line_1_34' title="bbox 231 1862 1812 1936; baseline -0.008 -13"><span class='ocrx_word' id='word_1_233' title='bbox 231 1883 362 1923; x_wconf 80' lang='lat' dir='ltr'><strong>SlIOS</strong></span> <span class='ocrx_word' id='word_1_234' title='bbox 388 1884 484 1936; x_wconf 89' lang='lat' dir='ltr'><strong>per</strong></span> <span class='ocrx_word' id='word_1_235' title='bbox 518 1867 880 1922; x_wconf 87' lang='lat' dir='ltr'><strong>internuntios</strong></span> <span class='ocrx_word' id='word_1_236' title='bbox 910 1865 1135 1920; x_wconf 81' lang='lat' dir='ltr'><strong>solatur.</strong></span> <span class='ocrx_word' id='word_1_237' title='bbox 1167 1864 1267 1930; x_wconf 83' lang='lat' dir='ltr'><strong>Qui</strong></span> <span class='ocrx_word' id='word_1_238' title='bbox 1313 1877 1435 1916; x_wconf 83' lang='lat' dir='ltr'><strong>cum</strong></span> <span class='ocrx_word' id='word_1_239' title='bbox 1465 1863 1682 1916; x_wconf 74' lang='lat' dir='ltr'><strong>ascidaa</strong></span> <span class='ocrx_word' id='word_1_240' title='bbox 1713 1862 1812 1912; x_wconf 70' lang='lat' dir='ltr'><strong>llo-</strong></span> 
     </span>
    </p>
   </div>
   <div class='ocr_carea' id='block_1_35' title="bbox 227 1954 1810 2029">
    <p class='ocr_par' dir='ltr' id='par_1_35' title="bbox 227 1954 1810 2029">
     <span class='ocr_line' id='line_1_35' title="bbox 227 1954 1810 2029; baseline -0.004 -17"><span class='ocrx_word' id='word_1_241' title='bbox 227 1960 406 2014; x_wconf 85' lang='lat' dir='ltr'><strong>lizlavi</strong></span> <span class='ocrx_word' id='word_1_242' title='bbox 437 1959 841 2029; x_wconf 84' lang='lat' dir='ltr'><strong>itnpngnatione</strong></span> <span class='ocrx_word' id='word_1_243' title='bbox 873 1958 1206 2016; x_wconf 83' lang='lat' dir='ltr'><strong>laborarent.</strong></span> <span class='ocrx_word' id='word_1_244' title='bbox 1239 1955 1577 2024; x_wconf 80' lang='lat' dir='ltr'><strong>viriliterque</strong></span> <span class='ocrx_word' id='word_1_245' title='bbox 1603 1954 1694 2007; x_wconf 90' lang='lat' dir='ltr'><strong>diu</strong></span> <span class='ocrx_word' id='word_1_246' title='bbox 1725 1966 1810 2006; x_wconf 81' lang='lat' dir='ltr'><strong>re-</strong></span> 
     </span>
    </p>
   </div>
   <div class='ocr_carea' id='block_1_36' title="bbox 228 2048 1811 2114">
    <p class='ocr_par' dir='ltr' id='par_1_36' title="bbox 228 2048 1811 2114">
     <span class='ocr_line' id='line_1_36' title="bbox 228 2048 1811 2114; baseline -0.004 -10"><span class='ocrx_word' id='word_1_247' title='bbox 228 2052 510 2114; x_wconf 86' lang='lat' dir='ltr'><strong>sisterent,</strong></span> <span class='ocrx_word' id='word_1_248' title='bbox 535 2051 782 2105; x_wconf 79' lang='lat' dir='ltr'><strong>videntes</strong></span> <span class='ocrx_word' id='word_1_249' title='bbox 808 2050 1094 2106; x_wconf 91' lang='lat' dir='ltr'><strong>nonnullos</strong></span> <span class='ocrx_word' id='word_1_250' title='bbox 1113 2065 1180 2103; x_wconf 89' lang='lat' dir='ltr'><strong>ex</strong></span> <span class='ocrx_word' id='word_1_251' title='bbox 1203 2048 1366 2104; x_wconf 89' lang='lat' dir='ltr'><strong>sociis</strong></span> <span class='ocrx_word' id='word_1_252' title='bbox 1387 2063 1574 2102; x_wconf 85' lang='lat' dir='ltr'><strong>eorum</strong></span> <span class='ocrx_word' id='word_1_253' title='bbox 1600 2056 1811 2109; x_wconf 75' lang='lat' dir='ltr'><strong>nutare,</strong></span> 
     </span>
    </p>
   </div>
   <div class='ocr_carea' id='block_1_37' title="bbox 230 2136 1816 2209">
    <p class='ocr_par' dir='ltr' id='par_1_37' title="bbox 230 2136 1816 2209">
     <span class='ocr_line' id='line_1_37' title="bbox 230 2136 1816 2209; baseline -0.004 -13"><span class='ocrx_word' id='word_1_254' title='bbox 230 2141 620 2209; x_wconf 84' lang='lat' dir='ltr'><strong>dominumque</strong></span> <span class='ocrx_word' id='word_1_255' title='bbox 659 2153 718 2194; x_wconf 86' lang='lat' dir='ltr'><strong>se</strong></span> <span class='ocrx_word' id='word_1_256' title='bbox 763 2138 830 2193; x_wconf 90' lang='lat' dir='ltr'><strong>ad</strong></span> <span class='ocrx_word' id='word_1_257' title='bbox 885 2137 1192 2192; x_wconf 85' lang='lat' dir='ltr'><strong>liberandos</strong></span> <span class='ocrx_word' id='word_1_258' title='bbox 1223 2153 1330 2190; x_wconf 90' lang='lat' dir='ltr'><strong>non</strong></span> <span class='ocrx_word' id='word_1_259' title='bbox 1358 2138 1593 2201; x_wconf 82' lang='lat' dir='ltr'><strong>venisse,</strong></span> <span class='ocrx_word' id='word_1_260' title='bbox 1650 2136 1816 2191; x_wconf 87' lang='lat' dir='ltr'><strong>licen-</strong></span> 
     </span>
    </p>
   </div>
   <div class='ocr_carea' id='block_1_38' title="bbox 233 2225 1816 2298">
    <p class='ocr_par' dir='ltr' id='par_1_38' title="bbox 233 2225 1816 2298">
     <span class='ocr_line' id='line_1_38' title="bbox 233 2225 1816 2298; baseline -0.004 -13"><span class='ocrx_word' id='word_1_261' title='bbox 233 2233 364 2285; x_wconf 81' lang='lat' dir='ltr'><strong>tiam</strong></span> <span class='ocrx_word' id='word_1_262' title='bbox 390 2232 517 2286; x_wconf 89' lang='lat' dir='ltr'><strong>hinc</strong></span> <span class='ocrx_word' id='word_1_263' title='bbox 540 2230 771 2288; x_wconf 82' lang='lat' dir='ltr'><strong>exeundi</strong></span> <span class='ocrx_word' id='word_1_264' title='bbox 796 2244 918 2285; x_wconf 92' lang='lat' dir='ltr'><strong>cum</strong></span> <span class='ocrx_word' id='word_1_265' title='bbox 936 2229 1207 2295; x_wconf 92' lang='lat' dir='ltr'><strong>omnibus,</strong></span> <span class='ocrx_word' id='word_1_266' title='bbox 1225 2243 1344 2298; x_wconf 64' lang='lat' dir='ltr'><strong>quae</strong></span> <span class='ocrx_word' id='word_1_267' title='bbox 1369 2227 1658 2290; x_wconf 89' lang='lat' dir='ltr'><strong>habebant,</strong></span> <span class='ocrx_word' id='word_1_268' title='bbox 1677 2225 1816 2295; x_wconf 88' lang='lat' dir='ltr'><strong>apud</strong></span> 
     </span>
    </p>
   </div>
   <div class='ocr_carea' id='block_1_39' title="bbox 231 2316 1820 2392">
    <p class='ocr_par' dir='ltr' id='par_1_39' title="bbox 231 2316 1820 2392">
     <span class='ocr_line' id='line_1_39' title="bbox 231 2316 1820 2392; baseline -0.002 -18"><span class='ocrx_word' id='word_1_269' title='bbox 231 2321 428 2376; x_wconf 87' lang='lat' dir='ltr'><strong>ducem</strong></span> <span class='ocrx_word' id='word_1_270' title='bbox 472 2321 742 2392; x_wconf 85' lang='lat' dir='ltr'><strong>prefatum</strong></span> <span class='ocrx_word' id='word_1_271' title='bbox 791 2321 1165 2390; x_wconf 87' lang='lat' dir='ltr'><strong>impetrantes,</strong></span> <span class='ocrx_word' id='word_1_272' title='bbox 1196 2321 1385 2374; x_wconf 89' lang='lat' dir='ltr'><strong>urbem</strong></span> <span class='ocrx_word' id='word_1_273' title='bbox 1433 2319 1482 2372; x_wconf 89' lang='lat' dir='ltr'><strong>ei</strong></span> <span class='ocrx_word' id='word_1_274' title='bbox 1517 2317 1608 2349; x_wconf 69' lang='grc'><strong>⁸³⁵⁸</strong></span> <span class='ocrx_word' id='word_1_275' title='bbox 1640 2316 1820 2372; x_wconf 85' lang='lat' dir='ltr'><strong>reddi-</strong></span> 
     </span>
    </p>
   </div>
   <div class='ocr_carea' id='block_1_40' title="bbox 232 2399 1622 2481">
    <p class='ocr_par' dir='ltr' id='par_1_40' title="bbox 232 2399 1622 2481">
     <span class='ocr_line' id='line_1_40' title="bbox 232 2399 1622 2481; baseline -0.004 -15"><span class='ocrx_word' id='word_1_276' title='bbox 232 2412 450 2475; x_wconf 89' lang='lat' dir='ltr'><strong>derunt,</strong></span> <span class='ocrx_word' id='word_1_277' title='bbox 488 2413 779 2481; x_wconf 83' lang='lat' dir='ltr'><strong>tristesque</strong></span> <span class='ocrx_word' id='word_1_278' title='bbox 807 2411 1042 2480; x_wconf 89' lang='lat' dir='ltr'><strong>patriam</strong></span> <span class='ocrx_word' id='word_1_279' title='bbox 1073 2410 1424 2480; x_wconf 87' lang='lat' dir='ltr'><strong>repedabant.</strong></span> <span class='ocrx_word' id='word_1_280' title='bbox 1595 2399 1622 2404; x_wconf 70' lang='grc'>”</span> 
     </span>
    </p>
   </div>
   <div class='ocr_carea' id='block_1_41' title="bbox 306 2500 1822 2574">
    <p class='ocr_par' dir='ltr' id='par_1_41' title="bbox 306 2500 1822 2574">
     <span class='ocr_line' id='line_1_41' title="bbox 306 2500 1822 2574; baseline -0.002 -15"><span class='ocrx_word' id='word_1_281' title='bbox 306 2505 399 2559; x_wconf 75' lang='grc'><strong>25.</strong></span> <span class='ocrx_word' id='word_1_282' title='bbox 433 2504 646 2559; x_wconf 78' lang='lat' dir='ltr'><strong>Mortuo</strong></span> <span class='ocrx_word' id='word_1_283' title='bbox 672 2514 794 2574; x_wconf 90' lang='lat' dir='ltr'><strong>post</strong></span> <span class='ocrx_word' id='word_1_284' title='bbox 823 2503 1034 2559; x_wconf 86' lang='lat' dir='ltr'><strong>Pascha</strong></span> <span class='ocrx_word' id='word_1_285' title='bbox 1063 2503 1154 2534; x_wconf 79' lang='grc'>¹¹⁸⁹</span> <span class='ocrx_word' id='word_1_286' title='bbox 1186 2501 1535 2557; x_wconf 86' lang='lat' dir='ltr'><strong>Treverensis</strong></span> <span class='ocrx_word' id='word_1_287' title='bbox 1562 2500 1822 2556; x_wconf 70' lang='lat' dir='ltr'><strong>tecclesire</strong></span> 
     </span>
    </p>
   </div>
   <div class='ocr_carea' id='block_1_42' title="bbox 233 2591 1823 2665">
    <p class='ocr_par' dir='ltr' id='par_1_42' title="bbox 233 2591 1823 2665">
     <span class='ocr_line' id='line_1_42' title="bbox 233 2591 1823 2665; baseline -0.003 -16"><span class='ocrx_word' id='word_1_288' title='bbox 233 2596 650 2665; x_wconf 82' lang='lat' dir='ltr'><strong>archiepiscopo</strong></span> <span class='ocrx_word' id='word_1_289' title='bbox 671 2594 966 2649; x_wconf 85' lang='lat' dir='ltr'><strong>venerabili</strong></span> <span class='ocrx_word' id='word_1_290' title='bbox 989 2591 1237 2647; x_wconf 87' lang='lat' dir='ltr'><strong>Liudnlfo</strong></span> <span class='ocrx_word' id='word_1_291' title='bbox 1267 2592 1378 2661; x_wconf 87' lang='lat' dir='ltr'><strong>(an.</strong></span> <span class='ocrx_word' id='word_1_292' title='bbox 1399 2591 1583 2660; x_wconf 81' lang='grc'><strong>1003),</strong></span> <span class='ocrx_word' id='word_1_293' title='bbox 1607 2591 1823 2660; x_wconf 81' lang='lat' dir='ltr'><strong>cappel-</strong></span> 
     </span>
    </p>
   </div>
   <div class='ocr_carea' id='block_1_43' title="bbox 236 2687 1826 2758">
    <p class='ocr_par' dir='ltr' id='par_1_43' title="bbox 236 2687 1826 2758">
     <span class='ocr_line' id='line_1_43' title="bbox 236 2687 1826 2758; baseline -0.001 -18"><span class='ocrx_word' id='word_1_294' title='bbox 236 2689 395 2744; x_wconf 85' lang='lat' dir='ltr'><strong>Ianus</strong></span> <span class='ocrx_word' id='word_1_295' title='bbox 427 2689 670 2758; x_wconf 88' lang='lat' dir='ltr'><strong>ejusdem</strong></span> <span class='ocrx_word' id='word_1_296' title='bbox 718 2687 1039 2744; x_wconf 62' lang='lat' dir='ltr'><strong>Ethelbert»</strong></span> <span class='ocrx_word' id='word_1_297' title='bbox 1067 2688 1182 2752; x_wconf 71' lang='lat'><strong>“’°,</strong></span> <span class='ocrx_word' id='word_1_298' title='bbox 1214 2687 1380 2742; x_wconf 81' lang='lat' dir='ltr'><strong>frater</strong></span> <span class='ocrx_word' id='word_1_299' title='bbox 1408 2687 1609 2756; x_wconf 62' lang='lat' dir='ltr'><strong>reginae</strong></span> <span class='ocrx_word' id='word_1_300' title='bbox 1639 2696 1694 2740; x_wconf 88' lang='lat' dir='ltr'><strong>et</strong></span> <span class='ocrx_word' id='word_1_301' title='bbox 1725 2688 1826 2739; x_wconf 85' lang='lat' dir='ltr'><strong>im-</strong></span> 
     </span>
    </p>
   </div>
   <div class='ocr_carea' id='block_1_44' title="bbox 236 2779 1824 2850">
    <p class='ocr_par' dir='ltr' id='par_1_44' title="bbox 236 2779 1824 2850">
     <span class='ocr_line' id='line_1_44' title="bbox 236 2779 1824 2850; baseline -0.003 -14"><span class='ocrx_word' id='word_1_302' title='bbox 236 2789 488 2836; x_wconf 88' lang='lat' dir='ltr'><strong>maturus</strong></span> <span class='ocrx_word' id='word_1_303' title='bbox 507 2779 748 2848; x_wconf 89' lang='lat' dir='ltr'><strong>juvenis,</strong></span> <span class='ocrx_word' id='word_1_304' title='bbox 775 2780 898 2850; x_wconf 88' lang='lat' dir='ltr'><strong>plus</strong></span> <span class='ocrx_word' id='word_1_305' title='bbox 929 2781 1124 2833; x_wconf 88' lang='lat' dir='ltr'><strong>timore</strong></span> <span class='ocrx_word' id='word_1_306' title='bbox 1153 2780 1296 2850; x_wconf 85' lang='lat' dir='ltr'><strong>regis</strong></span> <span class='ocrx_word' id='word_1_307' title='bbox 1320 2793 1484 2848; x_wconf 82' lang='lat' dir='ltr'><strong>quam</strong></span> <span class='ocrx_word' id='word_1_308' title='bbox 1513 2793 1698 2834; x_wconf 89' lang='lat' dir='ltr'><strong>amore</strong></span> <span class='ocrx_word' id='word_1_309' title='bbox 1740 2794 1824 2832; x_wconf 83' lang='lat' dir='ltr'><strong>re-</strong></span> 
     </span>
    </p>
   </div>
   <div class='ocr_carea' id='block_1_45' title="bbox 237 2868 1822 2940">
    <p class='ocr_par' dir='ltr' id='par_1_45' title="bbox 237 2868 1822 2940">
     <span class='ocr_line' id='line_1_45' title="bbox 237 2868 1822 2940; baseline -0.001 -19"><span class='ocrx_word' id='word_1_310' title='bbox 237 2868 458 2938; x_wconf 84' lang='lat' dir='ltr'><strong>ligionis</strong></span> <span class='ocrx_word' id='word_1_311' title='bbox 491 2870 852 2923; x_wconf 86' lang='lat' dir='ltr'><strong>communiter</strong></span> <span class='ocrx_word' id='word_1_312' title='bbox 877 2869 1114 2940; x_wconf 84' lang='lat' dir='ltr'><strong>eligitur.</strong></span> <span class='ocrx_word' id='word_1_313' title='bbox 1143 2869 1258 2922; x_wconf 78' lang='lat' dir='ltr'><strong>Rex</strong></span> <span class='ocrx_word' id='word_1_314' title='bbox 1293 2879 1473 2922; x_wconf 83' lang='lat' dir='ltr'><strong>autem</strong></span> <span class='ocrx_word' id='word_1_315' title='bbox 1503 2878 1563 2922; x_wconf 89' lang='lat' dir='ltr'><strong>ut</strong></span> <span class='ocrx_word' id='word_1_316' title='bbox 1592 2869 1694 2922; x_wconf 87' lang='lat' dir='ltr'><strong>hoc</strong></span> <span class='ocrx_word' id='word_1_317' title='bbox 1725 2883 1822 2921; x_wconf 86' lang='lat' dir='ltr'><strong>au-</strong></span> 
     </span>
    </p>
   </div>
   <div class='ocr_carea' id='block_1_46' title="bbox 238 2958 1823 3029">
    <p class='ocr_par' dir='ltr' id='par_1_46' title="bbox 238 2958 1823 3029">
     <span class='ocr_line' id='line_1_46' title="bbox 238 2958 1823 3029; baseline 0 -15"><span class='ocrx_word' id='word_1_318' title='bbox 238 2960 397 3021; x_wconf 87' lang='lat' dir='ltr'><strong>divit,</strong></span> <span class='ocrx_word' id='word_1_319' title='bbox 421 2960 479 3029; x_wconf 87' lang='lat' dir='ltr'><strong>(f.</strong></span> <span class='ocrx_word' id='word_1_320' title='bbox 516 2959 640 3028; x_wconf 71' lang='grc'><strong>114)</strong></span> <span class='ocrx_word' id='word_1_321' title='bbox 667 2961 864 3029; x_wconf 89' lang='lat' dir='ltr'><strong>prioris</strong></span> <span class='ocrx_word' id='word_1_322' title='bbox 891 2976 998 3014; x_wconf 91' lang='lat' dir='ltr'><strong>non</strong></span> <span class='ocrx_word' id='word_1_323' title='bbox 1028 2961 1292 3014; x_wconf 86' lang='lat' dir='ltr'><strong>inmemor</strong></span> <span class='ocrx_word' id='word_1_324' title='bbox 1317 2960 1370 3014; x_wconf 90' lang='lat' dir='ltr'><strong>in</strong></span> <span class='ocrx_word' id='word_1_325' title='bbox 1399 2973 1656 3029; x_wconf 80' lang='lat' dir='ltr'><strong>germano</strong></span> <span class='ocrx_word' id='word_1_326' title='bbox 1681 2958 1823 3025; x_wconf 82' lang='lat' dir='ltr'><strong>ejus-</strong></span> 
     </span>
    </p>
   </div>
   <div class='ocr_carea' id='block_1_47' title="bbox 1912 1866 3492 1936">
    <p class='ocr_par' dir='ltr' id='par_1_47' title="bbox 1912 1866 3492 1936">
     <span class='ocr_line' id='line_1_47' title="bbox 1912 1866 3492 1936; baseline 0.001 -19"><span class='ocrx_word' id='word_1_327' title='bbox 1912 1867 2156 1935; x_wconf 79' lang='lat' dir='ltr'><strong>qtnedam</strong></span> <span class='ocrx_word' id='word_1_328' title='bbox 2176 1868 2240 1920; x_wconf 82' lang='lat' dir='ltr'><strong>de</strong></span> <span class='ocrx_word' id='word_1_329' title='bbox 2265 1883 2330 1922; x_wconf 88' lang='lat' dir='ltr'><strong>eo</strong></span> <span class='ocrx_word' id='word_1_330' title='bbox 2346 1875 2469 1922; x_wconf 85' lang='lat' dir='ltr'><strong>ante</strong></span> <span class='ocrx_word' id='word_1_331' title='bbox 2493 1866 2890 1922; x_wconf 84' lang='lat' dir='ltr'><strong>conclusionem</strong></span> <span class='ocrx_word' id='word_1_332' title='bbox 2917 1866 2982 1921; x_wconf 87' lang='lat' dir='ltr'><strong>ad</strong></span> <span class='ocrx_word' id='word_1_333' title='bbox 3009 1868 3324 1921; x_wconf 85' lang='lat' dir='ltr'><strong>memoriam</strong></span> <span class='ocrx_word' id='word_1_334' title='bbox 3348 1867 3492 1936; x_wconf 81' lang='lat' dir='ltr'><strong>ejus-</strong></span> 
     </span>
    </p>
   </div>
   <div class='ocr_carea' id='block_1_48' title="bbox 1913 1955 3492 2038">
    <p class='ocr_par' dir='ltr' id='par_1_48' title="bbox 1913 1955 3492 2038">
     <span class='ocr_line' id='line_1_48' title="bbox 1913 1955 3492 2038; baseline 0.001 -30"><span class='ocrx_word' id='word_1_335' title='bbox 1913 1959 2034 2010; x_wconf 89' lang='lat' dir='ltr'><strong>dem</strong></span> <span class='ocrx_word' id='word_1_336' title='bbox 2065 1956 2319 2025; x_wconf 78' lang='lat' dir='ltr'><strong>expedire</strong></span> <span class='ocrx_word' id='word_1_337' title='bbox 2355 1957 2486 2010; x_wconf 89' lang='lat' dir='ltr'><strong>mihi</strong></span> <span class='ocrx_word' id='word_1_338' title='bbox 2524 1955 2616 1988; x_wconf 79' lang='grc'>¹¹⁶⁸</span> <span class='ocrx_word' id='word_1_339' title='bbox 2639 1957 2788 2012; x_wconf 90' lang='lat' dir='ltr'><strong>libet.</strong></span> <span class='ocrx_word' id='word_1_340' title='bbox 2815 1957 2911 2013; x_wconf 87' lang='lat' dir='ltr'><strong>llic</strong></span> <span class='ocrx_word' id='word_1_341' title='bbox 2937 1973 3004 2014; x_wconf 74' lang='lat' dir='ltr'><strong>ex</strong></span> <span class='ocrx_word' id='word_1_342' title='bbox 3043 1958 3263 2025; x_wconf 88' lang='lat' dir='ltr'><strong>optimis</strong></span> <span class='ocrx_word' id='word_1_343' title='bbox 3293 1955 3492 2038; x_wconf 57' lang='lat' dir='ltr'><strong>Turin:</strong></span> 
     </span>
    </p>
   </div>
   <div class='ocr_carea' id='block_1_49' title="bbox 1913 2046 3492 2118">
    <p class='ocr_par' dir='ltr' id='par_1_49' title="bbox 1913 2046 3492 2118">
     <span class='ocr_line' id='line_1_49' title="bbox 1913 2046 3492 2118; baseline 0 -18"><span class='ocrx_word' id='word_1_344' title='bbox 1913 2047 2012 2116; x_wconf 79' lang='lat' dir='ltr'><strong>gie</strong></span> <span class='ocrx_word' id='word_1_345' title='bbox 2053 2046 2307 2102; x_wconf 76' lang='lat' dir='ltr'><strong>australis</strong></span> <span class='ocrx_word' id='word_1_346' title='bbox 2341 2048 2650 2116; x_wconf 78' lang='lat' dir='ltr'><strong>parentibus</strong></span> <span class='ocrx_word' id='word_1_347' title='bbox 2693 2049 2978 2118; x_wconf 85' lang='lat' dir='ltr'><strong>originem.</strong></span> <span class='ocrx_word' id='word_1_348' title='bbox 3026 2048 3080 2104; x_wconf 90' lang='lat' dir='ltr'><strong>in</strong></span> <span class='ocrx_word' id='word_1_349' title='bbox 3129 2048 3492 2118; x_wconf 78' lang='lat' dir='ltr'><strong>Magadaburg</strong></span> 
     </span>
    </p>
   </div>
   <div class='ocr_carea' id='block_1_50' title="bbox 1915 2133 3492 2210">
    <p class='ocr_par' dir='ltr' id='par_1_50' title="bbox 1915 2133 3492 2210">
     <span class='ocr_line' id='line_1_50' title="bbox 1915 2133 3492 2210; baseline 0.003 -21"><span class='ocrx_word' id='word_1_350' title='bbox 1915 2145 2095 2191; x_wconf 89' lang='lat' dir='ltr'><strong>autent</strong></span> <span class='ocrx_word' id='word_1_351' title='bbox 2137 2137 2205 2191; x_wconf 78' lang='lat' dir='ltr'><strong>ab</strong></span> <span class='ocrx_word' id='word_1_352' title='bbox 2250 2133 2471 2192; x_wconf 87' lang='lat' dir='ltr'><strong>Obtrico</strong></span> <span class='ocrx_word' id='word_1_353' title='bbox 2503 2138 2592 2170; x_wconf 81' lang='grc'><strong>¹¹⁶⁹</strong></span> <span class='ocrx_word' id='word_1_354' title='bbox 2619 2139 2916 2210; x_wconf 73' lang='lat' dir='ltr'><strong>disciplina:</strong></span> <span class='ocrx_word' id='word_1_355' title='bbox 2960 2141 3197 2208; x_wconf 82' lang='lat' dir='ltr'><strong>regimen</strong></span> <span class='ocrx_word' id='word_1_356' title='bbox 3240 2140 3492 2208; x_wconf 81' lang='lat' dir='ltr'><strong>sumpsit.</strong></span> 
     </span>
    </p>
   </div>
   <div class='ocr_carea' id='block_1_51' title="bbox 1918 2225 3496 2300">
    <p class='ocr_par' dir='ltr' id='par_1_51' title="bbox 1918 2225 3496 2300">
     <span class='ocr_line' id='line_1_51' title="bbox 1918 2225 3496 2300; baseline 0.003 -20"><span class='ocrx_word' id='word_1_357' title='bbox 1918 2225 2071 2280; x_wconf 79' lang='lat' dir='ltr'><strong>Hune</strong></span> <span class='ocrx_word' id='word_1_358' title='bbox 2097 2227 2312 2297; x_wconf 80' lang='lat' dir='ltr'><strong>egregie</strong></span> <span class='ocrx_word' id='word_1_359' title='bbox 2338 2227 2427 2258; x_wconf 71' lang='lat'><strong>“7&quot;</strong></span> <span class='ocrx_word' id='word_1_360' title='bbox 2456 2230 2742 2284; x_wconf 89' lang='lat' dir='ltr'><strong>educatum</strong></span> <span class='ocrx_word' id='word_1_361' title='bbox 2769 2230 3030 2286; x_wconf 79' lang='lat' dir='ltr'><strong>Gisilerus</strong></span> <span class='ocrx_word' id='word_1_362' title='bbox 3058 2229 3496 2300; x_wconf 74' lang='lat' dir='ltr'><strong>archiepiscopus</strong></span> 
     </span>
    </p>
   </div>
   <div class='ocr_carea' id='block_1_52' title="bbox 1918 2318 3498 2381">
    <p class='ocr_par' dir='ltr' id='par_1_52' title="bbox 1918 2318 3498 2381">
     <span class='ocr_line' id='line_1_52' title="bbox 1918 2318 3498 2381; baseline 0.003 -11"><span class='ocrx_word' id='word_1_363' title='bbox 1918 2320 2019 2372; x_wconf 78' lang='lat' dir='ltr'><strong>sibi</strong></span> <span class='ocrx_word' id='word_1_364' title='bbox 2065 2318 2403 2373; x_wconf 75' lang='lat' dir='ltr'><strong>familiariter</strong></span> <span class='ocrx_word' id='word_1_365' title='bbox 2433 2319 2601 2376; x_wconf 78' lang='lat' dir='ltr'><strong>“&quot;in</strong></span> <span class='ocrx_word' id='word_1_366' title='bbox 2651 2321 2942 2377; x_wconf 87' lang='lat' dir='ltr'><strong>scrvicium</strong></span> <span class='ocrx_word' id='word_1_367' title='bbox 2985 2322 3194 2381; x_wconf 85' lang='lat' dir='ltr'><strong>ascivit,</strong></span> <span class='ocrx_word' id='word_1_368' title='bbox 3223 2331 3280 2376; x_wconf 92' lang='lat' dir='ltr'><strong>et</strong></span> <span class='ocrx_word' id='word_1_369' title='bbox 3325 2322 3498 2376; x_wconf 90' lang='lat' dir='ltr'><strong>multo</strong></span> 
     </span>
    </p>
   </div>
   <div class='ocr_carea' id='block_1_53' title="bbox 1922 2411 3499 2484">
    <p class='ocr_par' dir='ltr' id='par_1_53' title="bbox 1922 2411 3499 2484">
     <span class='ocr_line' id='line_1_53' title="bbox 1922 2411 3499 2484; baseline 0.003 -20"><span class='ocrx_word' id='word_1_370' title='bbox 1922 2418 2160 2479; x_wconf 87' lang='lat' dir='ltr'><strong>tempore</strong></span> <span class='ocrx_word' id='word_1_371' title='bbox 2197 2427 2379 2466; x_wconf 90' lang='lat' dir='ltr'><strong>secum</strong></span> <span class='ocrx_word' id='word_1_372' title='bbox 2407 2411 2612 2475; x_wconf 86' lang='lat' dir='ltr'><strong>habuit,</strong></span> <span class='ocrx_word' id='word_1_373' title='bbox 2644 2413 2895 2468; x_wconf 85' lang='lat' dir='ltr'><strong>benelitio</strong></span> <span class='ocrx_word' id='word_1_374' title='bbox 2927 2413 3186 2484; x_wconf 85' lang='lat' dir='ltr'><strong>singulari</strong></span> <span class='ocrx_word' id='word_1_375' title='bbox 3218 2419 3274 2467; x_wconf 84' lang='lat' dir='ltr'><strong>et</strong></span> <span class='ocrx_word' id='word_1_376' title='bbox 3315 2413 3499 2468; x_wconf 85' lang='lat' dir='ltr'><strong>archi-</strong></span> 
     </span>
    </p>
   </div>
   <div class='ocr_carea' id='block_1_54' title="bbox 1921 2502 3495 2572">
    <p class='ocr_par' dir='ltr' id='par_1_54' title="bbox 1921 2502 3495 2572">
     <span class='ocr_line' id='line_1_54' title="bbox 1921 2502 3495 2572; baseline 0.004 -16"><span class='ocrx_word' id='word_1_377' title='bbox 1921 2503 2310 2572; x_wconf 50' lang='lat' dir='ltr'><strong>prtshiteratus</strong></span> <span class='ocrx_word' id='word_1_378' title='bbox 2354 2502 2520 2558; x_wconf 78' lang='lat' dir='ltr'><strong>oﬂitio</strong></span> <span class='ocrx_word' id='word_1_379' title='bbox 2571 2504 2902 2560; x_wconf 84' lang='lat' dir='ltr'><strong>demulcens.</strong></span> <span class='ocrx_word' id='word_1_380' title='bbox 2953 2504 3257 2560; x_wconf 80' lang='lat' dir='ltr'><strong>Novissime</strong></span> <span class='ocrx_word' id='word_1_381' title='bbox 3312 2513 3495 2563; x_wconf 81' lang='lat' dir='ltr'><strong>autem</strong></span> 
     </span>
    </p>
   </div>
   <div class='ocr_carea' id='block_1_55' title="bbox 1921 2593 3502 2662">
    <p class='ocr_par' dir='ltr' id='par_1_55' title="bbox 1921 2593 3502 2662">
     <span class='ocr_line' id='line_1_55' title="bbox 1921 2593 3502 2662; baseline 0.004 -19"><span class='ocrx_word' id='word_1_382' title='bbox 1921 2595 2166 2662; x_wconf 84' lang='lat' dir='ltr'><strong>qutedam</strong></span> <span class='ocrx_word' id='word_1_383' title='bbox 2193 2595 2244 2648; x_wconf 89' lang='lat' dir='ltr'><strong>ei</strong></span> <span class='ocrx_word' id='word_1_384' title='bbox 2292 2593 2602 2662; x_wconf 78' lang='lat' dir='ltr'><strong>iniquorum</strong></span> <span class='ocrx_word' id='word_1_385' title='bbox 2644 2596 2861 2649; x_wconf 87' lang='lat' dir='ltr'><strong>assidua</strong></span> <span class='ocrx_word' id='word_1_386' title='bbox 2885 2594 3264 2649; x_wconf 90' lang='lat' dir='ltr'><strong>susurracioue</strong></span> <span class='ocrx_word' id='word_1_387' title='bbox 3285 2595 3502 2650; x_wconf 82' lang='lat' dir='ltr'><strong>subtra-</strong></span> 
     </span>
    </p>
   </div>
   <div class='ocr_carea' id='block_1_56' title="bbox 1927 2685 3503 2755">
    <p class='ocr_par' dir='ltr' id='par_1_56' title="bbox 1927 2685 3503 2755">
     <span class='ocr_line' id='line_1_56' title="bbox 1927 2685 3503 2755; baseline 0.001 -13"><span class='ocrx_word' id='word_1_388' title='bbox 1927 2688 2079 2750; x_wconf 76' lang='lat' dir='ltr'><strong>hens,</strong></span> <span class='ocrx_word' id='word_1_389' title='bbox 2111 2695 2346 2741; x_wconf 91' lang='lat' dir='ltr'><strong>mentem</strong></span> <span class='ocrx_word' id='word_1_390' title='bbox 2369 2685 2486 2755; x_wconf 85' lang='lat' dir='ltr'><strong>ejus</strong></span> <span class='ocrx_word' id='word_1_391' title='bbox 2513 2686 2566 2740; x_wconf 82' lang='lat' dir='ltr'><strong>in</strong></span> <span class='ocrx_word' id='word_1_392' title='bbox 2597 2694 2804 2740; x_wconf 89' lang='lat' dir='ltr'><strong>tantum</strong></span> <span class='ocrx_word' id='word_1_393' title='bbox 2830 2685 3272 2752; x_wconf 80' lang='lat' dir='ltr'><strong>abalienavit,ut,</strong></span> <span class='ocrx_word' id='word_1_394' title='bbox 3295 2687 3503 2744; x_wconf 77' lang='lat' dir='ltr'><strong>relictis</strong></span> 
     </span>
    </p>
   </div>
   <div class='ocr_carea' id='block_1_57' title="bbox 1923 2777 3503 2850">
    <p class='ocr_par' dir='ltr' id='par_1_57' title="bbox 1923 2777 3503 2850">
     <span class='ocr_line' id='line_1_57' title="bbox 1923 2777 3503 2850; baseline 0 -18"><span class='ocrx_word' id='word_1_395' title='bbox 1923 2777 2177 2833; x_wconf 83' lang='lat' dir='ltr'><strong>etnnibus</strong></span> <span class='ocrx_word' id='word_1_396' title='bbox 2229 2777 2362 2840; x_wconf 89' lang='lat' dir='ltr'><strong>suis,</strong></span> <span class='ocrx_word' id='word_1_397' title='bbox 2409 2777 2645 2832; x_wconf 85' lang='lat' dir='ltr'><strong>Henrico</strong></span> <span class='ocrx_word' id='word_1_398' title='bbox 2696 2778 2831 2848; x_wconf 82' lang='lat' dir='ltr'><strong>regi,</strong></span> <span class='ocrx_word' id='word_1_399' title='bbox 2879 2777 3019 2832; x_wconf 85' lang='lat' dir='ltr'><strong>sicut</strong></span> <span class='ocrx_word' id='word_1_400' title='bbox 3073 2778 3316 2850; x_wconf 76' lang='lat' dir='ltr'><strong>profatus</strong></span> <span class='ocrx_word' id='word_1_401' title='bbox 3357 2793 3503 2844; x_wconf 89' lang='lat' dir='ltr'><strong>sum,</strong></span> 
     </span>
    </p>
   </div>
   <div class='ocr_carea' id='block_1_58' title="bbox 1925 2867 3504 2938">
    <p class='ocr_par' dir='ltr' id='par_1_58' title="bbox 1925 2867 3504 2938">
     <span class='ocr_line' id='line_1_58' title="bbox 1925 2867 3504 2938; baseline 0.003 -16"><span class='ocrx_word' id='word_1_402' title='bbox 1925 2869 2249 2930; x_wconf 85' lang='lat' dir='ltr'><strong>adhereret,</strong></span> <span class='ocrx_word' id='word_1_403' title='bbox 2307 2870 2618 2938; x_wconf 84' lang='lat' dir='ltr'><strong>Optimcque</strong></span> <span class='ocrx_word' id='word_1_404' title='bbox 2662 2868 2712 2923; x_wconf 90' lang='lat' dir='ltr'><strong>ei</strong></span> <span class='ocrx_word' id='word_1_405' title='bbox 2778 2867 3033 2937; x_wconf 84' lang='lat' dir='ltr'><strong>placeret.</strong></span> <span class='ocrx_word' id='word_1_406' title='bbox 3095 2871 3292 2924; x_wconf 84' lang='lat' dir='ltr'><strong>Fuerat</strong></span> <span class='ocrx_word' id='word_1_407' title='bbox 3358 2872 3504 2926; x_wconf 86' lang='lat' dir='ltr'><strong>enim</strong></span> 
     </span>
    </p>
   </div>
   <div class='ocr_carea' id='block_1_59' title="bbox 1927 2959 3506 3030">
    <p class='ocr_par' dir='ltr' id='par_1_59' title="bbox 1927 2959 3506 3030">
     <span class='ocr_line' id='line_1_59' title="bbox 1927 2959 3506 3030; baseline 0.002 -16"><span class='ocrx_word' id='word_1_408' title='bbox 1927 2959 2143 3030; x_wconf 85' lang='lat' dir='ltr'><strong>egreius</strong></span> <span class='ocrx_word' id='word_1_409' title='bbox 2181 2959 2273 2990; x_wconf 65' lang='lat'><strong>“7&#39;</strong></span> <span class='ocrx_word' id='word_1_410' title='bbox 2307 2969 2363 3013; x_wconf 85' lang='lat' dir='ltr'><strong>et</strong></span> <span class='ocrx_word' id='word_1_411' title='bbox 2413 2969 2621 3015; x_wconf 81' lang='lat' dir='ltr'><strong>statura</strong></span> <span class='ocrx_word' id='word_1_412' title='bbox 2664 2968 2720 3015; x_wconf 87' lang='lat' dir='ltr'><strong>et</strong></span> <span class='ocrx_word' id='word_1_413' title='bbox 2764 2959 2924 3027; x_wconf 80' lang='lat' dir='ltr'><strong>facie,</strong></span> <span class='ocrx_word' id='word_1_414' title='bbox 2971 2961 3219 3017; x_wconf 85' lang='lat' dir='ltr'><strong>facundia</strong></span> <span class='ocrx_word' id='word_1_415' title='bbox 3267 2971 3323 3017; x_wconf 83' lang='lat' dir='ltr'><strong>et</strong></span> <span class='ocrx_word' id='word_1_416' title='bbox 3373 2979 3506 3018; x_wconf 87' lang='lat' dir='ltr'><strong>voce</strong></span> 
     </span>
    </p>
   </div>
   <div class='ocr_carea' id='block_1_60' title="bbox 238 3049 3510 3162">
    <p class='ocr_par' dir='ltr' id='par_1_60' title="bbox 238 3049 3510 3162">
     <span class='ocr_line' id='line_1_60' title="bbox 238 3049 3510 3162; baseline 0.002 -60"><span class='ocrx_word' id='word_1_417' title='bbox 238 3051 369 3104; x_wconf 89' lang='lat' dir='ltr'><strong>dem</strong></span> <span class='ocrx_word' id='word_1_418' title='bbox 403 3049 690 3106; x_wconf 83' lang='lat' dir='ltr'><strong>&#39;l‘hiedrico</strong></span> <span class='ocrx_word' id='word_1_419' title='bbox 738 3051 885 3120; x_wconf 70' lang='grc'>(722)</span> <span class='ocrx_word' id='word_1_420' title='bbox 919 3067 1024 3106; x_wconf 91' lang='lat' dir='ltr'><strong>non</strong></span> <span class='ocrx_word' id='word_1_421' title='bbox 1065 3052 1438 3121; x_wconf 69' lang='lat' dir='ltr'><strong>premeditataa</strong></span> <span class='ocrx_word' id='word_1_422' title='bbox 1482 3051 1826 3106; x_wconf 78' lang='lat' dir='ltr'><strong>constitutio-</strong></span> <span class='ocrx_word' id='word_1_423' title='bbox 1855 3099 1901 3162; x_wconf 77' lang='lat' dir='ltr'>C</span> <span class='ocrx_word' id='word_1_424' title='bbox 1928 3050 2542 3120; x_wconf 77' lang='lat' dir='ltr'><strong>pulcherrima,sapiens</strong></span> <span class='ocrx_word' id='word_1_425' title='bbox 2567 3050 2621 3104; x_wconf 91' lang='lat' dir='ltr'><strong>in</strong></span> <span class='ocrx_word' id='word_1_426' title='bbox 2644 3051 2888 3115; x_wconf 82' lang='lat' dir='ltr'><strong>consilio,</strong></span> <span class='ocrx_word' id='word_1_427' title='bbox 2907 3053 3171 3121; x_wconf 88' lang='lat' dir='ltr'><strong>jocundus</strong></span> <span class='ocrx_word' id='word_1_428' title='bbox 3196 3054 3249 3108; x_wconf 91' lang='lat' dir='ltr'><strong>in</strong></span> <span class='ocrx_word' id='word_1_429' title='bbox 3277 3055 3510 3111; x_wconf 90' lang='lat' dir='ltr'><strong>concilio</strong></span> 
     </span>
     <span class='ocr_line' id='line_1_61' title="bbox 240 3139 3503 3162; baseline 0 0"><span class='ocrx_word' id='word_1_430' title='bbox 240 3140 329 3162; x_wconf 70' lang='grc'><strong>--2-</strong></span> <span class='ocrx_word' id='word_1_431' title='bbox 397 3155 618 3162; x_wconf 49' lang='grc' dir='ltr'><strong>--ΜΔ-Α-..</strong></span> <span class='ocrx_word' id='word_1_432' title='bbox 657 3140 900 3162; x_wconf 64' lang='lat' dir='ltr'><strong>J2I-_.-_..</strong></span> <span class='ocrx_word' id='word_1_433' title='bbox 937 3151 1260 3162; x_wconf 65' lang='grc' dir='ltr'><strong>-.,.---..ρ.---</strong></span> <span class='ocrx_word' id='word_1_434' title='bbox 1296 3140 1487 3162; x_wconf 62' lang='grc' dir='ltr'><strong>,.--ξ-...ιι</strong></span> <span class='ocrx_word' id='word_1_435' title='bbox 1523 3139 1820 3162; x_wconf 65' lang='grc' dir='ltr'><strong>ιι..-..ιιε,....-</strong></span> <span class='ocrx_word' id='word_1_436' title='bbox 1937 3158 1990 3162; x_wconf 72' lang='lat'><strong>-_</strong></span> <span class='ocrx_word' id='word_1_437' title='bbox 2049 3142 2310 3162; x_wconf 59' lang='lat' dir='ltr'><strong>I-__!.-.!_</strong></span> <span class='ocrx_word' id='word_1_438' title='bbox 2374 3142 2657 3162; x_wconf 68' lang='grc' dir='ltr'><strong>ε-..,.--....-</strong></span> <span class='ocrx_word' id='word_1_439' title='bbox 2696 3143 2836 3162; x_wconf 41' lang='grc' dir='ltr'><strong>,Α-Δ-</strong></span> <span class='ocrx_word' id='word_1_440' title='bbox 2874 3144 3037 3162; x_wconf 60' lang='lat' dir='ltr'><strong>,I!_,!,,_</strong></span> <span class='ocrx_word' id='word_1_441' title='bbox 3097 3145 3396 3162; x_wconf 31' lang='lat' dir='ltr'><strong>_A!_-.,.°_,,-</strong></span> <span class='ocrx_word' id='word_1_442' title='bbox 3465 3157 3503 3162; x_wconf 63' lang='lat'><strong>,-</strong></span> 
     </span>
    </p>
   </div>
   <div class='ocr_carea' id='block_1_61' title="bbox 238 3139 1820 3211">
    <p class='ocr_par' dir='ltr' id='par_1_61' title="bbox 238 3139 1820 3211">
     <span class='ocr_line' id='line_1_62' title="bbox 238 3139 1820 3211; baseline 0.001 -18"><span class='ocrx_word' id='word_1_443' title='bbox 238 3140 356 3211; x_wconf 65' lang='lat' dir='ltr'><strong>itis,</strong></span> <span class='ocrx_word' id='word_1_444' title='bbox 397 3155 622 3195; x_wconf 79' lang='lat' dir='ltr'><strong>uxorem</strong></span> <span class='ocrx_word' id='word_1_445' title='bbox 653 3140 905 3195; x_wconf 90' lang='lat' dir='ltr'><strong>dilectam</strong></span> <span class='ocrx_word' id='word_1_446' title='bbox 933 3151 1264 3208; x_wconf 70' lang='lat' dir='ltr'><strong>cmterosque</strong></span> <span class='ocrx_word' id='word_1_447' title='bbox 1294 3140 1493 3195; x_wconf 89' lang='lat' dir='ltr'><strong>suimet</strong></span> <span class='ocrx_word' id='word_1_448' title='bbox 1520 3139 1820 3194; x_wconf 78' lang='lat' dir='ltr'><strong>familiare:</strong></span> 
     </span>
    </p>
   </div>
   <div class='ocr_carea' id='block_1_62' title="bbox 239 3228 1824 3298">
    <p class='ocr_par' dir='ltr' id='par_1_62' title="bbox 239 3228 1824 3298">
     <span class='ocr_line' id='line_1_63' title="bbox 239 3228 1824 3298; baseline 0.001 -17"><span class='ocrx_word' id='word_1_449' title='bbox 239 3230 312 3282; x_wconf 92' lang='lat' dir='ltr'><strong>de</strong></span> <span class='ocrx_word' id='word_1_450' title='bbox 339 3230 654 3298; x_wconf 85' lang='lat' dir='ltr'><strong>episcopatu</strong></span> <span class='ocrx_word' id='word_1_451' title='bbox 691 3230 878 3282; x_wconf 87' lang='lat' dir='ltr'><strong>eodem</strong></span> <span class='ocrx_word' id='word_1_452' title='bbox 929 3230 1250 3297; x_wconf 87' lang='lat' dir='ltr'><strong>inpetrando</strong></span> <span class='ocrx_word' id='word_1_453' title='bbox 1287 3228 1546 3283; x_wconf 81' lang='lat' dir='ltr'><strong>sollicitos</strong></span> <span class='ocrx_word' id='word_1_454' title='bbox 1601 3230 1824 3298; x_wconf 86' lang='lat' dir='ltr'><strong>sprevit,</strong></span> 
     </span>
    </p>
   </div>
   <div class='ocr_carea' id='block_1_63' title="bbox 238 3318 1829 3390">
    <p class='ocr_par' dir='ltr' id='par_1_63' title="bbox 238 3318 1829 3390">
     <span class='ocr_line' id='line_1_64' title="bbox 238 3318 1829 3390; baseline 0.002 -17"><span class='ocrx_word' id='word_1_455' title='bbox 238 3329 301 3374; x_wconf 88' lang='lat' dir='ltr'><strong>et</strong></span> <span class='ocrx_word' id='word_1_456' title='bbox 329 3318 648 3388; x_wconf 81' lang='lat' dir='ltr'><strong>Meingaudo</strong></span> <span class='ocrx_word' id='word_1_457' title='bbox 673 3319 782 3384; x_wconf 64' lang='grc' dir='ltr'><strong>ιω,</strong></span> <span class='ocrx_word' id='word_1_458' title='bbox 806 3319 1056 3390; x_wconf 81' lang='lat' dir='ltr'><strong>Willigisi</strong></span> <span class='ocrx_word' id='word_1_459' title='bbox 1085 3320 1176 3351; x_wconf 79' lang='lat'><strong>“&quot;</strong></span> <span class='ocrx_word' id='word_1_460' title='bbox 1221 3320 1608 3388; x_wconf 81' lang='lat' dir='ltr'><strong>archipresulis</strong></span> <span class='ocrx_word' id='word_1_461' title='bbox 1649 3335 1829 3376; x_wconf 87' lang='lat' dir='ltr'><strong>came-</strong></span> 
     </span>
    </p>
   </div>
   <div class='ocr_carea' id='block_1_64' title="bbox 242 3413 1826 3478">
    <p class='ocr_par' dir='ltr' id='par_1_64' title="bbox 242 3413 1826 3478">
     <span class='ocr_line' id='line_1_65' title="bbox 242 3413 1826 3478; baseline 0.001 -13"><span class='ocrx_word' id='word_1_462' title='bbox 242 3413 418 3478; x_wconf 87' lang='lat' dir='ltr'><strong>rario,</strong></span> <span class='ocrx_word' id='word_1_463' title='bbox 445 3413 611 3468; x_wconf 90' lang='lat' dir='ltr'><strong>nobili</strong></span> <span class='ocrx_word' id='word_1_464' title='bbox 645 3413 938 3468; x_wconf 90' lang='lat' dir='ltr'><strong>secundum</strong></span> <span class='ocrx_word' id='word_1_465' title='bbox 979 3427 1198 3467; x_wconf 87' lang='lat' dir='ltr'><strong>carnem</strong></span> <span class='ocrx_word' id='word_1_466' title='bbox 1235 3413 1370 3476; x_wconf 91' lang='lat' dir='ltr'><strong>viro,</strong></span> <span class='ocrx_word' id='word_1_467' title='bbox 1399 3414 1629 3468; x_wconf 86' lang='lat' dir='ltr'><strong>eundem</strong></span> <span class='ocrx_word' id='word_1_468' title='bbox 1658 3413 1826 3468; x_wconf 90' lang='lat' dir='ltr'><strong>dedit.</strong></span> 
     </span>
    </p>
   </div>
   <div class='ocr_carea' id='block_1_65' title="bbox 241 3493 1826 3574">
    <p class='ocr_par' dir='ltr' id='par_1_65' title="bbox 241 3493 1826 3574">
     <span class='ocr_line' id='line_1_66' title="bbox 241 3493 1826 3574; baseline 0 -16"><span class='ocrx_word' id='word_1_469' title='bbox 241 3503 482 3573; x_wconf 82' lang='lat' dir='ltr'><strong>Propter</strong></span> <span class='ocrx_word' id='word_1_470' title='bbox 514 3507 613 3558; x_wconf 91' lang='lat' dir='ltr'><strong>hoc</strong></span> <span class='ocrx_word' id='word_1_471' title='bbox 641 3493 877 3559; x_wconf 69' lang='lat' dir='ltr'><strong>subdolae</strong></span> <span class='ocrx_word' id='word_1_472' title='bbox 907 3505 1272 3574; x_wconf 79' lang='lat' dir='ltr'><strong>generationis</strong></span> <span class='ocrx_word' id='word_1_473' title='bbox 1301 3505 1454 3558; x_wconf 89' lang='lat' dir='ltr'><strong>furor</strong></span> <span class='ocrx_word' id='word_1_474' title='bbox 1492 3505 1826 3560; x_wconf 90' lang='lat' dir='ltr'><strong>accenditur.</strong></span> 
     </span>
    </p>
   </div>
   <div class='ocr_carea' id='block_1_66' title="bbox 243 3595 1830 3666">
    <p class='ocr_par' dir='ltr' id='par_1_66' title="bbox 243 3595 1830 3666">
     <span class='ocr_line' id='line_1_67' title="bbox 243 3595 1830 3666; baseline -0.001 -15"><span class='ocrx_word' id='word_1_475' title='bbox 243 3597 414 3653; x_wconf 73' lang='lat' dir='ltr'><strong>Palas</strong></span> <span class='ocrx_word' id='word_1_476' title='bbox 442 3597 591 3666; x_wconf 66' lang='lat'><strong>(725)</strong></span> <span class='ocrx_word' id='word_1_477' title='bbox 627 3613 658 3649; x_wconf 85' lang='lat' dir='ltr'><strong>a</strong></span> <span class='ocrx_word' id='word_1_478' title='bbox 688 3596 1102 3650; x_wconf 86' lang='lat' dir='ltr'><strong>Trevirensibus</strong></span> <span class='ocrx_word' id='word_1_479' title='bbox 1134 3595 1227 3626; x_wconf 79' lang='grc'>¹¹⁶³</span> <span class='ocrx_word' id='word_1_480' title='bbox 1269 3604 1463 3650; x_wconf 82' lang='lat' dir='ltr'><strong>contra</strong></span> <span class='ocrx_word' id='word_1_481' title='bbox 1511 3609 1697 3664; x_wconf 79' lang='lat' dir='ltr'><strong>regem</strong></span> <span class='ocrx_word' id='word_1_482' title='bbox 1736 3596 1830 3649; x_wconf 81' lang='lat' dir='ltr'><strong>lir-</strong></span> 
     </span>
    </p>
   </div>
   <div class='ocr_carea' id='block_1_67' title="bbox 248 3686 1829 3756">
    <p class='ocr_par' dir='ltr' id='par_1_67' title="bbox 248 3686 1829 3756">
     <span class='ocr_line' id='line_1_68' title="bbox 248 3686 1829 3756; baseline 0 -15"><span class='ocrx_word' id='word_1_483' title='bbox 248 3696 456 3751; x_wconf 84' lang='lat' dir='ltr'><strong>ntatur,</strong></span> <span class='ocrx_word' id='word_1_484' title='bbox 489 3703 553 3741; x_wconf 87' lang='lat' dir='ltr'><strong>ac</strong></span> <span class='ocrx_word' id='word_1_485' title='bbox 586 3696 728 3740; x_wconf 88' lang='lat' dir='ltr'><strong>terra</strong></span> <span class='ocrx_word' id='word_1_486' title='bbox 753 3688 869 3741; x_wconf 66' lang='lat' dir='ltr'><strong>haec</strong></span> <span class='ocrx_word' id='word_1_487' title='bbox 903 3688 1168 3741; x_wconf 89' lang='lat' dir='ltr'><strong>hactenus</strong></span> <span class='ocrx_word' id='word_1_488' title='bbox 1204 3686 1428 3756; x_wconf 74' lang='lat' dir='ltr'><strong>paciﬁca</strong></span> <span class='ocrx_word' id='word_1_489' title='bbox 1455 3686 1665 3741; x_wconf 86' lang='lat' dir='ltr'><strong>crebris</strong></span> <span class='ocrx_word' id='word_1_490' title='bbox 1696 3701 1829 3741; x_wconf 83' lang='lat' dir='ltr'><strong>eon-</strong></span> 
     </span>
    </p>
   </div>
   <div class='ocr_carea' id='block_1_68' title="bbox 245 3775 1832 3845">
    <p class='ocr_par' dir='ltr' id='par_1_68' title="bbox 245 3775 1832 3845">
     <span class='ocr_line' id='line_1_69' title="bbox 245 3775 1832 3845; baseline -0.001 -14"><span class='ocrx_word' id='word_1_491' title='bbox 245 3777 687 3831; x_wconf 88' lang='lat' dir='ltr'><strong>cretnacionibus</strong></span> <span class='ocrx_word' id='word_1_492' title='bbox 713 3777 978 3845; x_wconf 89' lang='lat' dir='ltr'><strong>quatitur,</strong></span> <span class='ocrx_word' id='word_1_493' title='bbox 1011 3784 1067 3830; x_wconf 86' lang='lat' dir='ltr'><strong>et</strong></span> <span class='ocrx_word' id='word_1_494' title='bbox 1095 3776 1345 3845; x_wconf 88' lang='lat' dir='ltr'><strong>quicquit</strong></span> <span class='ocrx_word' id='word_1_495' title='bbox 1390 3775 1467 3829; x_wconf 85' lang='lat' dir='ltr'><strong>itii</strong></span> <span class='ocrx_word' id='word_1_496' title='bbox 1507 3775 1729 3830; x_wconf 89' lang='lat' dir='ltr'><strong>inmites</strong></span> <span class='ocrx_word' id='word_1_497' title='bbox 1778 3777 1832 3830; x_wconf 91' lang='lat' dir='ltr'><strong>in</strong></span> 
     </span>
    </p>
   </div>
   <div class='ocr_carea' id='block_1_69' title="bbox 245 3865 1837 3935">
    <p class='ocr_par' dir='ltr' id='par_1_69' title="bbox 245 3865 1837 3935">
     <span class='ocr_line' id='line_1_70' title="bbox 245 3865 1837 3935; baseline 0.001 -16"><span class='ocrx_word' id='word_1_498' title='bbox 245 3866 536 3919; x_wconf 88' lang='lat' dir='ltr'><strong>dominum</strong></span> <span class='ocrx_word' id='word_1_499' title='bbox 567 3865 742 3920; x_wconf 87' lang='lat' dir='ltr'><strong>lettcm</strong></span> <span class='ocrx_word' id='word_1_500' title='bbox 767 3867 919 3935; x_wconf 91' lang='lat' dir='ltr'><strong>prius</strong></span> <span class='ocrx_word' id='word_1_501' title='bbox 946 3875 1330 3934; x_wconf 81' lang='lat' dir='ltr'><strong>peccaverunt,</strong></span> <span class='ocrx_word' id='word_1_502' title='bbox 1359 3866 1536 3934; x_wconf 88' lang='lat' dir='ltr'><strong>equali</strong></span> <span class='ocrx_word' id='word_1_503' title='bbox 1567 3866 1720 3920; x_wconf 85' lang='lat' dir='ltr'><strong>lance</strong></span> <span class='ocrx_word' id='word_1_504' title='bbox 1743 3865 1837 3898; x_wconf 55' lang='lat'><strong>5‘“</strong></span> 
     </span>
    </p>
   </div>
   <div class='ocr_carea' id='block_1_70' title="bbox 244 3955 1836 4023">
    <p class='ocr_par' dir='ltr' id='par_1_70' title="bbox 244 3955 1836 4023">
     <span class='ocr_line' id='line_1_71' title="bbox 244 3955 1836 4023; baseline 0.001 -14"><span class='ocrx_word' id='word_1_505' title='bbox 244 3965 599 4023; x_wconf 73' lang='lat' dir='ltr'><strong>receperunt.</strong></span> <span class='ocrx_word' id='word_1_506' title='bbox 642 3955 780 4023; x_wconf 87' lang='lat' dir='ltr'><strong>Quid</strong></span> <span class='ocrx_word' id='word_1_507' title='bbox 819 3956 893 4010; x_wconf 91' lang='lat' dir='ltr'><strong>hii</strong></span> <span class='ocrx_word' id='word_1_508' title='bbox 942 3971 1132 4012; x_wconf 89' lang='lat' dir='ltr'><strong>omnes</strong></span> <span class='ocrx_word' id='word_1_509' title='bbox 1164 3957 1254 4012; x_wconf 91' lang='lat' dir='ltr'><strong>hic</strong></span> <span class='ocrx_word' id='word_1_510' title='bbox 1300 3966 1356 4011; x_wconf 87' lang='lat' dir='ltr'><strong>et</strong></span> <span class='ocrx_word' id='word_1_511' title='bbox 1400 3957 1453 4010; x_wconf 92' lang='lat' dir='ltr'><strong>in</strong></span> <span class='ocrx_word' id='word_1_512' title='bbox 1485 3955 1668 4010; x_wconf 88' lang='lat' dir='ltr'><strong>futuro</strong></span> <span class='ocrx_word' id='word_1_513' title='bbox 1705 3971 1836 4011; x_wconf 77' lang='lat' dir='ltr'><strong>exa-</strong></span> 
     </span>
    </p>
   </div>
   <div class='ocr_carea' id='block_1_71' title="bbox 245 4048 1837 4120">
    <p class='ocr_par' dir='ltr' id='par_1_71' title="bbox 245 4048 1837 4120">
     <span class='ocr_line' id='line_1_72' title="bbox 245 4048 1837 4120; baseline 0.002 -17"><span class='ocrx_word' id='word_1_514' title='bbox 245 4051 405 4103; x_wconf 86' lang='lat' dir='ltr'><strong>mine</strong></span> <span class='ocrx_word' id='word_1_515' title='bbox 433 4050 626 4104; x_wconf 88' lang='lat' dir='ltr'><strong>dicturi</strong></span> <span class='ocrx_word' id='word_1_516' title='bbox 659 4058 807 4115; x_wconf 88' lang='lat' dir='ltr'><strong>sunt,</strong></span> <span class='ocrx_word' id='word_1_517' title='bbox 837 4064 1071 4120; x_wconf 90' lang='lat' dir='ltr'><strong>quorum</strong></span> <span class='ocrx_word' id='word_1_518' title='bbox 1101 4050 1256 4120; x_wconf 88' lang='lat' dir='ltr'><strong>culpa</strong></span> <span class='ocrx_word' id='word_1_519' title='bbox 1285 4048 1543 4106; x_wconf 75' lang='lat' dir='ltr'><strong>ineffabili</strong></span> <span class='ocrx_word' id='word_1_520' title='bbox 1592 4050 1837 4106; x_wconf 60' lang='lat' dir='ltr'><strong>ecclesia</strong></span> 
     </span>
    </p>
   </div>
   <div class='ocr_carea' id='block_1_72' title="bbox 248 4141 1836 4212">
    <p class='ocr_par' dir='ltr' id='par_1_72' title="bbox 248 4141 1836 4212">
     <span class='ocr_line' id='line_1_73' title="bbox 248 4141 1836 4212; baseline 0.004 -19"><span class='ocrx_word' id='word_1_521' title='bbox 248 4141 348 4172; x_wconf 65' lang='grc'><strong>³⁸⁵⁵</strong></span> <span class='ocrx_word' id='word_1_522' title='bbox 374 4153 552 4196; x_wconf 87' lang='lat' dir='ltr'><strong>mater</strong></span> <span class='ocrx_word' id='word_1_523' title='bbox 577 4143 883 4212; x_wconf 88' lang='lat' dir='ltr'><strong>incorrupta</strong></span> <span class='ocrx_word' id='word_1_524' title='bbox 925 4143 1092 4198; x_wconf 86' lang='lat' dir='ltr'><strong>tocies</strong></span> <span class='ocrx_word' id='word_1_525' title='bbox 1120 4143 1175 4197; x_wconf 92' lang='lat' dir='ltr'><strong>in</strong></span> <span class='ocrx_word' id='word_1_526' title='bbox 1207 4143 1442 4198; x_wconf 83' lang='lat' dir='ltr'><strong>ﬁliorum</strong></span> <span class='ocrx_word' id='word_1_527' title='bbox 1475 4144 1674 4199; x_wconf 87' lang='lat' dir='ltr'><strong>suimet</strong></span> <span class='ocrx_word' id='word_1_528' title='bbox 1705 4157 1836 4199; x_wconf 87' lang='lat' dir='ltr'><strong>nece</strong></span> 
     </span>
    </p>
   </div>
   <div class='ocr_carea' id='block_1_73' title="bbox 1931 3142 3512 3207">
    <p class='ocr_par' dir='ltr' id='par_1_73' title="bbox 1931 3142 3512 3207">
     <span class='ocr_line' id='line_1_74' title="bbox 1931 3142 3512 3207; baseline 0.003 -9"><span class='ocrx_word' id='word_1_529' title='bbox 1931 3158 1996 3198; x_wconf 91' lang='lat' dir='ltr'><strong>ac</strong></span> <span class='ocrx_word' id='word_1_530' title='bbox 2047 3142 2313 3196; x_wconf 63' lang='lat' dir='ltr'><strong>largitatis</strong></span> <span class='ocrx_word' id='word_1_531' title='bbox 2373 3142 2658 3207; x_wconf 67' lang='lat' dir='ltr'><strong>inmensae;</strong></span> <span class='ocrx_word' id='word_1_532' title='bbox 2696 3143 2839 3197; x_wconf 87' lang='lat' dir='ltr'><strong>unde</strong></span> <span class='ocrx_word' id='word_1_533' title='bbox 2867 3144 3046 3198; x_wconf 81' lang='lat' dir='ltr'><strong>divina</strong></span> <span class='ocrx_word' id='word_1_534' title='bbox 3097 3145 3406 3201; x_wconf 89' lang='lat' dir='ltr'><strong>visitatione</strong></span> <span class='ocrx_word' id='word_1_535' title='bbox 3452 3157 3512 3202; x_wconf 80' lang='lat' dir='ltr'><strong>et</strong></span> 
     </span>
    </p>
   </div>
   <div class='ocr_carea' id='block_1_74' title="bbox 1935 3231 3510 3304">
    <p class='ocr_par' dir='ltr' id='par_1_74' title="bbox 1935 3231 3510 3304">
     <span class='ocr_line' id='line_1_75' title="bbox 1935 3231 3510 3304; baseline 0.002 -16"><span class='ocrx_word' id='word_1_536' title='bbox 1935 3232 2027 3288; x_wconf 87' lang='lat' dir='ltr'><strong>tali</strong></span> <span class='ocrx_word' id='word_1_537' title='bbox 2060 3233 2256 3288; x_wconf 85' lang='lat' dir='ltr'><strong>virtute</strong></span> <span class='ocrx_word' id='word_1_538' title='bbox 2275 3231 2630 3288; x_wconf 81' lang='lat' dir='ltr'><strong>sacerdotalis</strong></span> <span class='ocrx_word' id='word_1_539' title='bbox 2654 3233 2744 3265; x_wconf 66' lang='grc' dir='ltr'><strong>¹¹τ³</strong></span> <span class='ocrx_word' id='word_1_540' title='bbox 2774 3233 3000 3303; x_wconf 76' lang='lat' dir='ltr'><strong>gradum</strong></span> <span class='ocrx_word' id='word_1_541' title='bbox 3031 3236 3294 3290; x_wconf 89' lang='lat' dir='ltr'><strong>ascendit.</strong></span> <span class='ocrx_word' id='word_1_542' title='bbox 3326 3237 3429 3304; x_wconf 85' lang='lat' dir='ltr'><strong>Qui</strong></span> <span class='ocrx_word' id='word_1_543' title='bbox 3453 3238 3510 3292; x_wconf 88' lang='lat' dir='ltr'><strong>in</strong></span> 
     </span>
    </p>
   </div>
   <div class='ocr_carea' id='block_1_75' title="bbox 1932 3323 3514 3397">
    <p class='ocr_par' dir='ltr' id='par_1_75' title="bbox 1932 3323 3514 3397">
     <span class='ocr_line' id='line_1_76' title="bbox 1932 3323 3514 3397; baseline 0.001 -15"><span class='ocrx_word' id='word_1_544' title='bbox 1932 3326 2122 3382; x_wconf 88' lang='lat' dir='ltr'><strong>diebus</strong></span> <span class='ocrx_word' id='word_1_545' title='bbox 2169 3325 2272 3380; x_wconf 88' lang='lat' dir='ltr'><strong>sibi</strong></span> <span class='ocrx_word' id='word_1_546' title='bbox 2317 3323 2580 3380; x_wconf 87' lang='lat' dir='ltr'><strong>divinitus</strong></span> <span class='ocrx_word' id='word_1_547' title='bbox 2624 3325 2895 3380; x_wconf 88' lang='lat' dir='ltr'><strong>concessis</strong></span> <span class='ocrx_word' id='word_1_548' title='bbox 2939 3326 3053 3381; x_wconf 68' lang='lat' dir='ltr'><strong>bare</strong></span> <span class='ocrx_word' id='word_1_549' title='bbox 3081 3341 3191 3382; x_wconf 76' lang='lat' dir='ltr'><strong>sua:</strong></span> <span class='ocrx_word' id='word_1_550' title='bbox 3228 3329 3514 3397; x_wconf 81' lang='lat' dir='ltr'><strong>acquisivit</strong></span> 
     </span>
    </p>
   </div>
   <div class='ocr_carea' id='block_1_76' title="bbox 1933 3414 3513 3487">
    <p class='ocr_par' dir='ltr' id='par_1_76' title="bbox 1933 3414 3513 3487">
     <span class='ocr_line' id='line_1_77' title="bbox 1933 3414 3513 3487; baseline 0.001 -15"><span class='ocrx_word' id='word_1_551' title='bbox 1933 3417 2197 3472; x_wconf 70' lang='lat' dir='ltr'><strong>inclesite:</strong></span> <span class='ocrx_word' id='word_1_552' title='bbox 2231 3414 2637 3486; x_wconf 78' lang='lat' dir='ltr'><strong>Sidegeshusun</strong></span> <span class='ocrx_word' id='word_1_553' title='bbox 2661 3414 2808 3487; x_wconf 72' lang='lat'><strong>(725)</strong></span> <span class='ocrx_word' id='word_1_554' title='bbox 2827 3425 2880 3469; x_wconf 92' lang='lat' dir='ltr'><strong>et</strong></span> <span class='ocrx_word' id='word_1_555' title='bbox 2907 3416 3194 3483; x_wconf 85' lang='lat' dir='ltr'><strong>Wiribeni,</strong></span> <span class='ocrx_word' id='word_1_556' title='bbox 3215 3418 3268 3472; x_wconf 94' lang='lat' dir='ltr'><strong>in</strong></span> <span class='ocrx_word' id='word_1_557' title='bbox 3298 3417 3513 3474; x_wconf 88' lang='lat' dir='ltr'><strong>Derlin-</strong></span> 
     </span>
    </p>
   </div>
   <div class='ocr_carea' id='block_1_77' title="bbox 1935 3503 3512 3578">
    <p class='ocr_par' dir='ltr' id='par_1_77' title="bbox 1935 3503 3512 3578">
     <span class='ocr_line' id='line_1_78' title="bbox 1935 3503 3512 3578; baseline 0.004 -17"><span class='ocrx_word' id='word_1_558' title='bbox 1935 3523 2044 3578; x_wconf 85' lang='lat' dir='ltr'><strong>gun</strong></span> <span class='ocrx_word' id='word_1_559' title='bbox 2081 3506 2115 3562; x_wconf 89' lang='lat'><strong>9</strong></span> <span class='ocrx_word' id='word_1_560' title='bbox 2153 3503 2392 3572; x_wconf 86' lang='lat' dir='ltr'><strong>mansos,</strong></span> <span class='ocrx_word' id='word_1_561' title='bbox 2422 3520 2488 3560; x_wconf 86' lang='lat' dir='ltr'><strong>ac</strong></span> <span class='ocrx_word' id='word_1_562' title='bbox 2513 3507 2566 3560; x_wconf 92' lang='lat' dir='ltr'><strong>in</strong></span> <span class='ocrx_word' id='word_1_563' title='bbox 2599 3506 2788 3561; x_wconf 70' lang='lat' dir='ltr'><strong>Daliwi</strong></span> <span class='ocrx_word' id='word_1_564' title='bbox 2816 3507 2866 3572; x_wconf 90' lang='lat'><strong>7,</strong></span> <span class='ocrx_word' id='word_1_565' title='bbox 2901 3510 2952 3562; x_wconf 92' lang='lat' dir='ltr'><strong>in</strong></span> <span class='ocrx_word' id='word_1_566' title='bbox 2976 3509 3205 3564; x_wconf 85' lang='lat' dir='ltr'><strong>Ninstidi</strong></span> <span class='ocrx_word' id='word_1_567' title='bbox 3230 3511 3283 3565; x_wconf 80' lang='lat'><strong>3.</strong></span> <span class='ocrx_word' id='word_1_568' title='bbox 3307 3512 3380 3565; x_wconf 90' lang='lat' dir='ltr'><strong>De</strong></span> <span class='ocrx_word' id='word_1_569' title='bbox 3411 3526 3512 3567; x_wconf 76' lang='lat' dir='ltr'><strong>sua</strong></span> 
     </span>
    </p>
   </div>
   <div class='ocr_carea' id='block_1_78' title="bbox 1937 3597 3514 3668">
    <p class='ocr_par' dir='ltr' id='par_1_78' title="bbox 1937 3597 3514 3668">
     <span class='ocr_line' id='line_1_79' title="bbox 1937 3597 3514 3668; baseline 0.001 -15"><span class='ocrx_word' id='word_1_570' title='bbox 1937 3612 2066 3653; x_wconf 86' lang='lat' dir='ltr'><strong>vero</strong></span> <span class='ocrx_word' id='word_1_571' title='bbox 2105 3597 2436 3666; x_wconf 88' lang='lat' dir='ltr'><strong>proprietate</strong></span> <span class='ocrx_word' id='word_1_572' title='bbox 2468 3597 2738 3651; x_wconf 88' lang='lat' dir='ltr'><strong>concessit</strong></span> <span class='ocrx_word' id='word_1_573' title='bbox 2781 3598 2836 3652; x_wconf 91' lang='lat' dir='ltr'><strong>in</strong></span> <span class='ocrx_word' id='word_1_574' title='bbox 2871 3598 3126 3668; x_wconf 87' lang='lat' dir='ltr'><strong>Uppusun</strong></span> <span class='ocrx_word' id='word_1_575' title='bbox 3157 3601 3189 3653; x_wconf 89' lang='lat'><strong>7</strong></span> <span class='ocrx_word' id='word_1_576' title='bbox 3218 3615 3435 3654; x_wconf 89' lang='lat' dir='ltr'><strong>mansos</strong></span> <span class='ocrx_word' id='word_1_577' title='bbox 3457 3611 3514 3655; x_wconf 88' lang='lat' dir='ltr'><strong>et</strong></span> 
     </span>
    </p>
   </div>
   <div class='ocr_carea' id='block_1_79' title="bbox 1939 3683 3516 3760">
    <p class='ocr_par' dir='ltr' id='par_1_79' title="bbox 1939 3683 3516 3760">
     <span class='ocr_line' id='line_1_80' title="bbox 1939 3683 3516 3760; baseline 0.003 -19"><span class='ocrx_word' id='word_1_578' title='bbox 1939 3685 2153 3745; x_wconf 89' lang='lat' dir='ltr'><strong>saltum,</strong></span> <span class='ocrx_word' id='word_1_579' title='bbox 2179 3686 2270 3755; x_wconf 92' lang='lat' dir='ltr'><strong>qui</strong></span> <span class='ocrx_word' id='word_1_580' title='bbox 2293 3683 2523 3739; x_wconf 84' lang='lat' dir='ltr'><strong>Pulcher</strong></span> <span class='ocrx_word' id='word_1_581' title='bbox 2551 3700 2705 3740; x_wconf 87' lang='lat' dir='ltr'><strong>mons</strong></span> <span class='ocrx_word' id='word_1_582' title='bbox 2734 3685 2952 3742; x_wconf 88' lang='lat' dir='ltr'><strong>dicitur.</strong></span> <span class='ocrx_word' id='word_1_583' title='bbox 2975 3687 3049 3742; x_wconf 91' lang='lat' dir='ltr'><strong>De</strong></span> <span class='ocrx_word' id='word_1_584' title='bbox 3074 3688 3226 3744; x_wconf 91' lang='lat' dir='ltr'><strong>libris</strong></span> <span class='ocrx_word' id='word_1_585' title='bbox 3246 3691 3516 3760; x_wconf 85' lang='lat' dir='ltr'><strong>rebusque</strong></span> 
     </span>
    </p>
   </div>
   <div class='ocr_carea' id='block_1_80' title="bbox 1939 3773 3517 3845">
    <p class='ocr_par' dir='ltr' id='par_1_80' title="bbox 1939 3773 3517 3845">
     <span class='ocr_line' id='line_1_81' title="bbox 1939 3773 3517 3845; baseline 0.003 -16"><span class='ocrx_word' id='word_1_586' title='bbox 1939 3773 2060 3829; x_wconf 82' lang='lat' dir='ltr'><strong>aliis</strong></span> <span class='ocrx_word' id='word_1_587' title='bbox 2075 3774 2252 3828; x_wconf 74' lang='lat' dir='ltr'><strong>divina</strong></span> <span class='ocrx_word' id='word_1_588' title='bbox 2270 3773 2683 3842; x_wconf 74' lang='lat' dir='ltr'><strong>respicientibus</strong></span> <span class='ocrx_word' id='word_1_589' title='bbox 2715 3774 2806 3808; x_wconf 77' lang='lat'><strong>“&quot;</strong></span> <span class='ocrx_word' id='word_1_590' title='bbox 2838 3774 3077 3829; x_wconf 82' lang='lat' dir='ltr'><strong>misteria</strong></span> <span class='ocrx_word' id='word_1_591' title='bbox 3102 3776 3269 3831; x_wconf 89' lang='lat' dir='ltr'><strong>multa</strong></span> <span class='ocrx_word' id='word_1_592' title='bbox 3299 3788 3517 3845; x_wconf 47' lang='lat' dir='ltr'><strong>contra:</strong></span> 
     </span>
    </p>
   </div>
   <div class='ocr_carea' id='block_1_81' title="bbox 1941 3865 3515 3933">
    <p class='ocr_par' dir='ltr' id='par_1_81' title="bbox 1941 3865 3515 3933">
     <span class='ocr_line' id='line_1_82' title="bbox 1941 3865 3515 3933; baseline 0.002 -12"><span class='ocrx_word' id='word_1_593' title='bbox 1941 3867 2041 3922; x_wconf 73' lang='lat' dir='ltr'><strong>xit.</strong></span> <span class='ocrx_word' id='word_1_594' title='bbox 2081 3865 2197 3920; x_wconf 81' lang='lat' dir='ltr'><strong>Non</strong></span> <span class='ocrx_word' id='word_1_595' title='bbox 2247 3865 2424 3919; x_wconf 75' lang='lat' dir='ltr'><strong>minus</strong></span> <span class='ocrx_word' id='word_1_596' title='bbox 2475 3880 2638 3933; x_wconf 90' lang='lat' dir='ltr'><strong>quam</strong></span> <span class='ocrx_word' id='word_1_597' title='bbox 2664 3865 2854 3921; x_wconf 88' lang='lat' dir='ltr'><strong>decem</strong></span> <span class='ocrx_word' id='word_1_598' title='bbox 2901 3881 3076 3922; x_wconf 88' lang='lat' dir='ltr'><strong>annos</strong></span> <span class='ocrx_word' id='word_1_599' title='bbox 3135 3870 3368 3924; x_wconf 85' lang='lat' dir='ltr'><strong>toxicata</strong></span> <span class='ocrx_word' id='word_1_600' title='bbox 3423 3872 3515 3904; x_wconf 82' lang='lat'><strong>“&quot;</strong></span> 
     </span>
    </p>
   </div>
   <div class='ocr_carea' id='block_1_82' title="bbox 1942 3955 3512 4030">
    <p class='ocr_par' dir='ltr' id='par_1_82' title="bbox 1942 3955 3512 4030">
     <span class='ocr_line' id='line_1_83' title="bbox 1942 3955 3512 4030; baseline 0.001 -17"><span class='ocrx_word' id='word_1_601' title='bbox 1942 3957 2099 4030; x_wconf 85' lang='lat' dir='ltr'><strong>(Cod.</strong></span> <span class='ocrx_word' id='word_1_602' title='bbox 2120 3956 2218 4011; x_wconf 84' lang='lat' dir='ltr'><strong>Br.</strong></span> <span class='ocrx_word' id='word_1_603' title='bbox 2259 3956 2295 4010; x_wconf 86' lang='lat' dir='ltr'><strong>f.</strong></span> <span class='ocrx_word' id='word_1_604' title='bbox 2327 3955 2451 4024; x_wconf 68' lang='grc'>248)</span> <span class='ocrx_word' id='word_1_605' title='bbox 2482 3955 2626 4010; x_wconf 89' lang='lat' dir='ltr'><strong>lesus</strong></span> <span class='ocrx_word' id='word_1_606' title='bbox 2665 3957 2905 4025; x_wconf 90' lang='lat' dir='ltr'><strong>potione,</strong></span> <span class='ocrx_word' id='word_1_607' title='bbox 2932 3957 3181 4013; x_wconf 88' lang='lat' dir='ltr'><strong>crebram</strong></span> <span class='ocrx_word' id='word_1_608' title='bbox 3208 3961 3512 4030; x_wconf 88' lang='lat' dir='ltr'><strong>passionem</strong></span> 
     </span>
    </p>
   </div>
   <div class='ocr_carea' id='block_1_83' title="bbox 1940 4045 3520 4118">
    <p class='ocr_par' dir='ltr' id='par_1_83' title="bbox 1940 4045 3520 4118">
     <span class='ocr_line' id='line_1_84' title="bbox 1940 4045 3520 4118; baseline 0.001 -15"><span class='ocrx_word' id='word_1_609' title='bbox 1940 4048 2188 4118; x_wconf 90' lang='lat' dir='ltr'><strong>corporis</strong></span> <span class='ocrx_word' id='word_1_610' title='bbox 2211 4055 2269 4102; x_wconf 89' lang='lat' dir='ltr'><strong>et</strong></span> <span class='ocrx_word' id='word_1_611' title='bbox 2302 4047 2355 4101; x_wconf 92' lang='lat' dir='ltr'><strong>in</strong></span> <span class='ocrx_word' id='word_1_612' title='bbox 2403 4060 2592 4101; x_wconf 90' lang='lat' dir='ltr'><strong>mense</strong></span> <span class='ocrx_word' id='word_1_613' title='bbox 2617 4045 2808 4100; x_wconf 77' lang='lat' dir='ltr'><strong>Martio</strong></span> <span class='ocrx_word' id='word_1_614' title='bbox 2847 4047 3140 4102; x_wconf 83' lang='lat' dir='ltr'><strong>maximum</strong></span> <span class='ocrx_word' id='word_1_615' title='bbox 3170 4050 3420 4104; x_wconf 89' lang='lat' dir='ltr'><strong>sustinuit</strong></span> <span class='ocrx_word' id='word_1_616' title='bbox 3447 4051 3520 4104; x_wconf 86' lang='lat' dir='ltr'><strong>la-</strong></span> 
     </span>
    </p>
   </div>
   <div class='ocr_carea' id='block_1_84' title="bbox 1943 4134 3522 4209">
    <p class='ocr_par' dir='ltr' id='par_1_84' title="bbox 1943 4134 3522 4209">
     <span class='ocr_line' id='line_1_85' title="bbox 1943 4134 3522 4209; baseline 0 -14"><span class='ocrx_word' id='word_1_617' title='bbox 1943 4140 2150 4196; x_wconf 86' lang='lat' dir='ltr'><strong>borem.</strong></span> <span class='ocrx_word' id='word_1_618' title='bbox 2167 4135 2222 4192; x_wconf 89' lang='lat' dir='ltr'><strong>Si</strong></span> <span class='ocrx_word' id='word_1_619' title='bbox 2245 4136 2375 4206; x_wconf 91' lang='lat' dir='ltr'><strong>quid</strong></span> <span class='ocrx_word' id='word_1_620' title='bbox 2395 4136 2449 4191; x_wconf 88' lang='lat' dir='ltr'><strong>in</strong></span> <span class='ocrx_word' id='word_1_621' title='bbox 2474 4150 2540 4191; x_wconf 86' lang='lat' dir='ltr'><strong>eo</strong></span> <span class='ocrx_word' id='word_1_622' title='bbox 2564 4134 2772 4192; x_wconf 78' lang='lat' dir='ltr'><strong>suisvel</strong></span> <span class='ocrx_word' id='word_1_623' title='bbox 2793 4135 2984 4192; x_wconf 88' lang='lat' dir='ltr'><strong>alienis</strong></span> <span class='ocrx_word' id='word_1_624' title='bbox 3005 4153 3257 4209; x_wconf 90' lang='lat' dir='ltr'><strong>umquam</strong></span> <span class='ocrx_word' id='word_1_625' title='bbox 3283 4143 3522 4196; x_wconf 86' lang='lat' dir='ltr'><strong>occurrit</strong></span> 
     </span>
    </p>
   </div>
   <div class='ocr_carea' id='block_1_85' title="bbox 1543 4271 2215 4333">
    <p class='ocr_par' dir='ltr' id='par_1_85' title="bbox 1543 4271 2215 4333">
     <span class='ocr_line' id='line_1_86' title="bbox 1543 4271 2215 4333; baseline -0.009 0"><span class='ocrx_word' id='word_1_626' title='bbox 1543 4275 1776 4333; x_wconf 77' lang='lat' dir='ltr'><strong>VARUE</strong></span> <span class='ocrx_word' id='word_1_627' title='bbox 1812 4271 2215 4331; x_wconf 75' lang='lat' dir='ltr'><strong>LECTIONES.</strong></span> 
     </span>
    </p>
   </div>
   <div class='ocr_carea' id='block_1_86' title="bbox 328 4367 1826 4426">
    <p class='ocr_par' dir='ltr' id='par_1_86' title="bbox 328 4367 1826 4426">
     <span class='ocr_line' id='line_1_87' title="bbox 328 4367 1826 4426; baseline 0 -2"><span class='ocrx_word' id='word_1_628' title='bbox 328 4371 426 4403; x_wconf 73' lang='lat'><strong>““</strong></span> <span class='ocrx_word' id='word_1_629' title='bbox 453 4371 755 4425; x_wconf 86' lang='lat' dir='ltr'><strong>lterimanni</strong></span> <span class='ocrx_word' id='word_1_630' title='bbox 786 4373 864 4425; x_wconf 79' lang='lat' dir='ltr'><strong>‘Ic.</strong></span> <span class='ocrx_word' id='word_1_631' title='bbox 941 4370 1034 4402; x_wconf 80' lang='grc'>¹¹⁸⁸</span> <span class='ocrx_word' id='word_1_632' title='bbox 1059 4367 1170 4424; x_wconf 69' lang='grc' dir='ltr'><strong>γη.</strong></span> <span class='ocrx_word' id='word_1_633' title='bbox 1221 4386 1371 4426; x_wconf 82' lang='lat' dir='ltr'><strong>eraso</strong></span> <span class='ocrx_word' id='word_1_634' title='bbox 1424 4387 1638 4425; x_wconf 79' lang='lat' dir='ltr'><strong>numero</strong></span> <span class='ocrx_word' id='word_1_635' title='bbox 1677 4369 1741 4423; x_wconf 84' lang='lat' dir='ltr'><strong>V.</strong></span> <span class='ocrx_word' id='word_1_636' title='bbox 1774 4373 1826 4424; x_wconf 80' lang='grc'><strong>1.</strong></span> 
     </span>
    </p>
   </div>
   <div class='ocr_carea' id='block_1_87' title="bbox 245 4440 976 4509">
    <p class='ocr_par' dir='ltr' id='par_1_87' title="bbox 245 4440 976 4509">
     <span class='ocr_line' id='line_1_88' title="bbox 245 4440 976 4509; baseline -0.005 -12"><span class='ocrx_word' id='word_1_637' title='bbox 245 4444 275 4497; x_wconf 77' lang='grc'><strong>1</strong></span> <span class='ocrx_word' id='word_1_638' title='bbox 313 4450 366 4496; x_wconf 85' lang='lat' dir='ltr'><strong>b.</strong></span> <span class='ocrx_word' id='word_1_639' title='bbox 447 4440 541 4472; x_wconf 81' lang='lat'>“”</span> <span class='ocrx_word' id='word_1_640' title='bbox 569 4457 620 4509; x_wconf 93' lang='lat' dir='ltr'><strong>p.</strong></span> <span class='ocrx_word' id='word_1_641' title='bbox 653 4456 701 4509; x_wconf 91' lang='lat' dir='ltr'><strong>p.</strong></span> <span class='ocrx_word' id='word_1_642' title='bbox 735 4442 860 4494; x_wconf 86' lang='lat' dir='ltr'><strong>add.</strong></span> <span class='ocrx_word' id='word_1_643' title='bbox 892 4441 976 4493; x_wconf 83' lang='lat' dir='ltr'><strong>lb.</strong></span> 
     </span>
    </p>
   </div>
   <div class='ocr_carea' id='block_1_88' title="bbox 245 4511 1479 4566">
    <p class='ocr_par' dir='ltr' id='par_1_88' title="bbox 245 4511 1479 4566">
     <span class='ocr_line' id='line_1_89' title="bbox 245 4511 1479 4566; baseline -0.002 0"><span class='ocrx_word' id='word_1_644' title='bbox 245 4528 375 4566; x_wconf 81' lang='lat' dir='ltr'><strong>ver.</strong></span> <span class='ocrx_word' id='word_1_645' title='bbox 398 4512 481 4566; x_wconf 87' lang='lat' dir='ltr'><strong>lc.</strong></span> <span class='ocrx_word' id='word_1_646' title='bbox 560 4511 650 4543; x_wconf 74' lang='lat'><strong>““</strong></span> <span class='ocrx_word' id='word_1_647' title='bbox 676 4512 865 4564; x_wconf 83' lang='lat' dir='ltr'><strong>lancea</strong></span> <span class='ocrx_word' id='word_1_648' title='bbox 894 4512 946 4564; x_wconf 89' lang='grc'><strong>1.</strong></span> <span class='ocrx_word' id='word_1_649' title='bbox 1024 4511 1116 4543; x_wconf 70' lang='grc'><strong>³³⁸⁵</strong></span> <span class='ocrx_word' id='word_1_650' title='bbox 1143 4511 1404 4566; x_wconf 75' lang='lat' dir='ltr'><strong>aecclesiae</strong></span> <span class='ocrx_word' id='word_1_651' title='bbox 1430 4513 1479 4565; x_wconf 93' lang='grc'><strong>1.</strong></span> 
     </span>
    </p>
   </div>
   <div class='ocr_carea' id='block_1_89' title="bbox 250 4581 1402 4636">
    <p class='ocr_par' dir='ltr' id='par_1_89' title="bbox 250 4581 1402 4636">
     <span class='ocr_line' id='line_1_90' title="bbox 250 4581 1402 4636; baseline -0.003 0"><span class='ocrx_word' id='word_1_652' title='bbox 250 4582 352 4614; x_wconf 74' lang='grc'><strong>⁸⁸⁸³</strong></span> <span class='ocrx_word' id='word_1_653' title='bbox 385 4581 582 4636; x_wconf 88' lang='lat' dir='ltr'><strong>oftrico</strong></span> <span class='ocrx_word' id='word_1_654' title='bbox 609 4597 697 4634; x_wconf 84' lang='lat' dir='ltr'><strong>seu</strong></span> <span class='ocrx_word' id='word_1_655' title='bbox 719 4581 922 4635; x_wconf 88' lang='lat' dir='ltr'><strong>ostrieo</strong></span> <span class='ocrx_word' id='word_1_656' title='bbox 954 4596 1090 4632; x_wconf 83' lang='lat' dir='ltr'><strong>corr.</strong></span> <span class='ocrx_word' id='word_1_657' title='bbox 1121 4581 1326 4635; x_wconf 88' lang='lat' dir='ltr'><strong>ortrico</strong></span> <span class='ocrx_word' id='word_1_658' title='bbox 1352 4581 1402 4633; x_wconf 88' lang='grc'><strong>1.</strong></span> 
     </span>
    </p>
   </div>
   <div class='ocr_carea' id='block_1_90' title="bbox 247 4649 1230 4723">
    <p class='ocr_par' dir='ltr' id='par_1_90' title="bbox 247 4649 1230 4723">
     <span class='ocr_line' id='line_1_91' title="bbox 247 4649 1230 4723; baseline -0.008 -14"><span class='ocrx_word' id='word_1_659' title='bbox 247 4653 510 4723; x_wconf 81' lang='lat' dir='ltr'><strong>gnitatis.</strong></span> <span class='ocrx_word' id='word_1_660' title='bbox 585 4651 677 4683; x_wconf 61' lang='lat'><strong>“7‘</strong></span> <span class='ocrx_word' id='word_1_661' title='bbox 705 4650 1149 4720; x_wconf 83' lang='lat' dir='ltr'><strong>respicienstibus</strong></span> <span class='ocrx_word' id='word_1_662' title='bbox 1175 4649 1230 4703; x_wconf 86' lang='grc'><strong>,1.</strong></span> 
     </span>
    </p>
   </div>
   <div class='ocr_carea' id='block_1_91' title="bbox 1906 4368 2140 4424">
    <p class='ocr_par' dir='ltr' id='par_1_91' title="bbox 1906 4368 2140 4424">
     <span class='ocr_line' id='line_1_92' title="bbox 1906 4368 2140 4424; baseline -0.009 -22"><span class='ocrx_word' id='word_1_663' title='bbox 1906 4368 1997 4402; x_wconf 73' lang='grc' dir='ltr'>ιιιο</span> <span class='ocrx_word' id='word_1_664' title='bbox 2027 4371 2061 4424; x_wconf 68' lang='lat' dir='ltr'><strong>h</strong></span> <span class='ocrx_word' id='word_1_665' title='bbox 2090 4370 2140 4424; x_wconf 56' lang='grc'><strong>1.</strong></span> 
     </span>
    </p>
   </div>
   <div class='ocr_carea' id='block_1_92' title="bbox 1017 4435 3208 4542">
    <p class='ocr_par' dir='ltr' id='par_1_92' title="bbox 1017 4435 3208 4542">
     <span class='ocr_line' id='line_1_93' title="bbox 1017 4435 3208 4542; baseline -0.001 -48"><span class='ocrx_word' id='word_1_666' title='bbox 1017 4459 1022 4465; x_wconf 93' lang='grc'>·</span> <span class='ocrx_word' id='word_1_667' title='bbox 1056 4440 1148 4472; x_wconf 77' lang='grc'><strong>¹¹⁶⁰</strong></span> <span class='ocrx_word' id='word_1_668' title='bbox 1177 4442 1490 4496; x_wconf 75' lang='lat' dir='ltr'><strong>tcthelberto</strong></span> <span class='ocrx_word' id='word_1_669' title='bbox 1526 4443 1606 4494; x_wconf 82' lang='lat' dir='ltr'><strong>lo.</strong></span> <span class='ocrx_word' id='word_1_670' title='bbox 1642 4441 1920 4495; x_wconf 74' lang='lat' dir='ltr'><strong>athel&#39;cero</strong></span> <span class='ocrx_word' id='word_1_671' title='bbox 1948 4439 2046 4494; x_wconf 73' lang='lat' dir='ltr'><strong>lc?</strong></span> <span class='ocrx_word' id='word_1_672' title='bbox 2121 4435 2211 4469; x_wconf 74' lang='grc'><strong>¹³⁶⁸</strong></span> <span class='ocrx_word' id='word_1_673' title='bbox 2240 4437 2522 4542; x_wconf 55' lang='lat' dir='ltr'><strong>meingozo</strong></span> <span class='ocrx_word' id='word_1_674' title='bbox 2549 4437 2633 4490; x_wconf 88' lang='lat' dir='ltr'><strong>la.</strong></span> <span class='ocrx_word' id='word_1_675' title='bbox 2710 4438 2804 4469; x_wconf 83' lang='lat'><strong>“&quot;</strong></span> <span class='ocrx_word' id='word_1_676' title='bbox 2827 4439 3098 4509; x_wconf 89' lang='lat' dir='ltr'><strong>uuilligiso</strong></span> <span class='ocrx_word' id='word_1_677' title='bbox 3125 4439 3208 4492; x_wconf 82' lang='lat' dir='ltr'><strong>la.</strong></span> 
     </span>
     <span class='ocr_line' id='line_1_94' title="bbox 1024 4506 3190 4542; baseline -0.001 0"><span class='ocrx_word' id='word_1_678' title='bbox 1024 4511 1116 4542; x_wconf 70' lang='lat' dir='ltr'><strong>H65</strong></span> <span class='ocrx_word' id='word_1_679' title='bbox 1145 4511 1403 4542; x_wconf 66' lang='grc' dir='ltr'><strong>ωηηιιιρίηο</strong></span> <span class='ocrx_word' id='word_1_680' title='bbox 1430 4513 1449 4542; x_wconf 79' lang='grc' dir='ltr'><strong>Ι</strong></span> <span class='ocrx_word' id='word_1_681' title='bbox 1588 4511 1680 4542; x_wconf 65' lang='grc' dir='ltr'><strong>ειη</strong></span> <span class='ocrx_word' id='word_1_682' title='bbox 1709 4513 1801 4542; x_wconf 67' lang='grc' dir='ltr'>«ιιι.</span> <span class='ocrx_word' id='word_1_683' title='bbox 1860 4512 1916 4542; x_wconf 66' lang='grc'><strong>1.·</strong></span> <span class='ocrx_word' id='word_1_684' title='bbox 1970 4510 2158 4542; x_wconf 65' lang='grc' dir='ltr'><strong>οηκεῖιη</strong></span> <span class='ocrx_word' id='word_1_685' title='bbox 2256 4506 2345 4538; x_wconf 69' lang='grc'><strong>1167</strong></span> <span class='ocrx_word' id='word_1_686' title='bbox 2423 4506 2705 4542; x_wconf 66' lang='grc' dir='ltr'><strong>νίαιπηιξηε</strong></span> <span class='ocrx_word' id='word_1_687' title='bbox 2763 4510 2867 4542; x_wconf 77' lang='grc' dir='ltr'><em>ηιΙιΙ</em></span> <span class='ocrx_word' id='word_1_688' title='bbox 2951 4508 2986 4542; x_wconf 73' lang='grc'>0</span> <span class='ocrx_word' id='word_1_689' title='bbox 3095 4509 3190 4541; x_wconf 67' lang='grc'><strong>1168</strong></span> 
     </span>
    </p>
   </div>
   <div class='ocr_carea' id='block_1_93' title="bbox 1480 4512 2073 4650">
    <p class='ocr_par' dir='ltr' id='par_1_93' title="bbox 1480 4512 2073 4650">
     <span class='ocr_line' id='line_1_95' title="bbox 1588 4512 2073 4575; baseline -0.002 -11"><span class='ocrx_word' id='word_1_690' title='bbox 1588 4512 1680 4542; x_wconf 77' lang='grc'><strong>⁸⁸⁸⁸</strong></span> <span class='ocrx_word' id='word_1_691' title='bbox 1708 4513 1824 4564; x_wconf 76' lang='lat' dir='ltr'><strong>alii.</strong></span> <span class='ocrx_word' id='word_1_692' title='bbox 1860 4512 1916 4563; x_wconf 86' lang='lat' dir='ltr'><strong>lc</strong></span> <span class='ocrx_word' id='word_1_693' title='bbox 1967 4525 2073 4575; x_wconf 70' lang='lat' dir='ltr'><strong>step</strong></span> 
     </span>
     <span class='ocr_line' id='line_1_96' title="bbox 1480 4579 2073 4650; baseline -0.003 -17"><span class='ocrx_word' id='word_1_694' title='bbox 1480 4579 1574 4612; x_wconf 71' lang='lat'><strong>“7°</strong></span> <span class='ocrx_word' id='word_1_695' title='bbox 1611 4581 1792 4650; x_wconf 83' lang='lat' dir='ltr'><strong>egrcic</strong></span> <span class='ocrx_word' id='word_1_696' title='bbox 1826 4580 1910 4633; x_wconf 82' lang='lat' dir='ltr'><strong>la.</strong></span> <span class='ocrx_word' id='word_1_697' title='bbox 1990 4580 2073 4610; x_wconf 79' lang='lat'><strong>““</strong></span> 
     </span>
    </p>
   </div>
   <div class='ocr_carea' id='block_1_94' title="bbox 1307 4645 3076 4718">
    <p class='ocr_par' dir='ltr' id='par_1_94' title="bbox 1307 4645 3076 4718">
     <span class='ocr_line' id='line_1_97' title="bbox 1307 4645 3076 4718; baseline -0.001 -15"><span class='ocrx_word' id='word_1_698' title='bbox 1307 4649 1400 4681; x_wconf 69' lang='lat'><strong>“7&#39;</strong></span> <span class='ocrx_word' id='word_1_699' title='bbox 1424 4647 1527 4703; x_wconf 86' lang='lat' dir='ltr'><strong>Hic</strong></span> <span class='ocrx_word' id='word_1_700' title='bbox 1555 4650 1609 4703; x_wconf 81' lang='lat' dir='ltr'><strong>in</strong></span> <span class='ocrx_word' id='word_1_701' title='bbox 1636 4645 1686 4703; x_wconf 72' lang='grc'><strong>1.</strong></span> <span class='ocrx_word' id='word_1_702' title='bbox 1711 4650 1896 4718; x_wconf 74' lang='lat' dir='ltr'><strong>[etiam</strong></span> <span class='ocrx_word' id='word_1_703' title='bbox 1926 4650 2154 4703; x_wconf 73' lang='lat' dir='ltr'><strong>excisum</strong></span> <span class='ocrx_word' id='word_1_704' title='bbox 2175 4656 2273 4713; x_wconf 70' lang='lat' dir='ltr'><strong>ert,</strong></span> <span class='ocrx_word' id='word_1_705' title='bbox 2298 4646 2436 4716; x_wconf 78' lang='lat' dir='ltr'><strong>quod</strong></span> <span class='ocrx_word' id='word_1_706' title='bbox 2472 4645 2823 4717; x_wconf 69' lang='lat' dir='ltr'><strong>supplevimui</strong></span> <span class='ocrx_word' id='word_1_707' title='bbox 2847 4665 2912 4705; x_wconf 77' lang='lat' dir='ltr'><strong>ea:</strong></span> <span class='ocrx_word' id='word_1_708' title='bbox 2942 4648 2997 4702; x_wconf 72' lang='grc'><strong>2.</strong></span> <span class='ocrx_word' id='word_1_709' title='bbox 3065 4663 3076 4674; x_wconf 93' lang='grc'><strong>·</strong></span> 
     </span>
    </p>
   </div>
   <div class='ocr_carea' id='block_1_95' title="bbox 2217 4366 3516 4426">
    <p class='ocr_par' dir='ltr' id='par_1_95' title="bbox 2217 4366 3516 4426">
     <span class='ocr_line' id='line_1_98' title="bbox 2217 4366 3516 4426; baseline 0.003 -5"><span class='ocrx_word' id='word_1_710' title='bbox 2217 4366 2308 4399; x_wconf 75' lang='grc' dir='ltr'><strong>¹¹δ⁷</strong></span> <span class='ocrx_word' id='word_1_711' title='bbox 2340 4366 2428 4421; x_wconf 86' lang='lat' dir='ltr'><strong>hic</strong></span> <span class='ocrx_word' id='word_1_712' title='bbox 2483 4375 2612 4421; x_wconf 89' lang='lat' dir='ltr'><strong>tunc</strong></span> <span class='ocrx_word' id='word_1_713' title='bbox 2672 4366 2866 4424; x_wconf 74' lang='lat' dir='ltr'><strong>inloco</strong></span> <span class='ocrx_word' id='word_1_714' title='bbox 2915 4385 3033 4422; x_wconf 78' lang='lat' dir='ltr'><strong>raso</strong></span> <span class='ocrx_word' id='word_1_715' title='bbox 3065 4368 3147 4423; x_wconf 85' lang='lat' dir='ltr'><strong>lb.</strong></span> <span class='ocrx_word' id='word_1_716' title='bbox 3253 4369 3344 4402; x_wconf 63' lang='lat'><strong>“‘3</strong></span> <span class='ocrx_word' id='word_1_717' title='bbox 3388 4371 3516 4426; x_wconf 85' lang='lat' dir='ltr'><strong>add.</strong></span> 
     </span>
    </p>
   </div>
   <div class='ocr_carea' id='block_1_96' title="bbox 3287 4439 3518 4494">
    <p class='ocr_par' dir='ltr' id='par_1_96' title="bbox 3287 4439 3518 4494">
     <span class='ocr_line' id='line_1_99' title="bbox 3287 4439 3518 4494; baseline 0.009 -24"><span class='ocrx_word' id='word_1_718' title='bbox 3287 4439 3302 4470; x_wconf 77' lang='grc' dir='ltr'><strong>ι</strong></span> <span class='ocrx_word' id='word_1_719' title='bbox 3313 4440 3379 4472; x_wconf 77' lang='lat' dir='ltr'><strong>iss</strong></span> <span class='ocrx_word' id='word_1_720' title='bbox 3408 4450 3518 4494; x_wconf 65' lang='lat' dir='ltr'><strong>uc-</strong></span> 
     </span>
    </p>
   </div>
   <div class='ocr_carea' id='block_1_97' title="bbox 3095 4509 3518 4565">
    <p class='ocr_par' dir='ltr' id='par_1_97' title="bbox 3095 4509 3518 4565">
     <span class='ocr_line' id='line_1_100' title="bbox 3095 4509 3518 4565; baseline 0 -3"><span class='ocrx_word' id='word_1_721' title='bbox 3095 4509 3190 4541; x_wconf 73' lang='grc'>⁸⁸⁸⁸</span> <span class='ocrx_word' id='word_1_722' title='bbox 3240 4509 3368 4565; x_wconf 85' lang='lat' dir='ltr'><strong>add.</strong></span> <span class='ocrx_word' id='word_1_723' title='bbox 3431 4511 3518 4564; x_wconf 73' lang='lat' dir='ltr'><strong>1b.</strong></span> 
     </span>
    </p>
   </div>
   <div class='ocr_carea' id='block_1_98' title="bbox 3115 4579 3524 4635">
    <p class='ocr_par' dir='ltr' id='par_1_98' title="bbox 3115 4579 3524 4635">
     <span class='ocr_line' id='line_1_101' title="bbox 3115 4579 3524 4635; baseline -0.002 -2"><span class='ocrx_word' id='word_1_724' title='bbox 3115 4579 3361 4635; x_wconf 78' lang='lat' dir='ltr'><strong>“&quot;deest</strong></span> <span class='ocrx_word' id='word_1_725' title='bbox 3386 4594 3404 4632; x_wconf 90' lang='lat'><strong><em>:</em></strong></span> <span class='ocrx_word' id='word_1_726' title='bbox 3441 4580 3524 4633; x_wconf 88' lang='lat' dir='ltr'><strong>di-</strong></span> 
     </span>
    </p>
   </div>
   <div class='ocr_carea' id='block_1_99' title="bbox 2672 4365 3147 4424">
    <p class='ocr_par' dir='ltr' id='par_1_99' title="bbox 2672 4365 3147 4424">
     <span class='ocr_line' id='line_1_102' title="bbox 2672 4365 3147 4424; baseline 0.008 -5"><span class='ocrx_word' id='word_1_727' title='bbox 2672 4369 2726 4420; x_wconf 76' lang='lat' dir='ltr'><strong>t’n</strong></span> <span class='ocrx_word' id='word_1_728' title='bbox 2754 4365 2866 4424; x_wconf 83' lang='lat' dir='ltr'><strong>loco</strong></span> <span class='ocrx_word' id='word_1_729' title='bbox 2915 4385 3033 4422; x_wconf 78' lang='lat' dir='ltr'><strong>raso</strong></span> <span class='ocrx_word' id='word_1_730' title='bbox 3065 4368 3147 4423; x_wconf 85' lang='lat' dir='ltr'><strong>lb.</strong></span> 
     </span>
    </p>
   </div>
   <div class='ocr_carea' id='block_1_100' title="bbox 2077 4506 3006 4575">
    <p class='ocr_par' dir='ltr' id='par_1_100' title="bbox 2077 4506 3006 4575">
     <span class='ocr_line' id='line_1_103' title="bbox 2077 4506 3006 4575; baseline 0.001 -14"><span class='ocrx_word' id='word_1_731' title='bbox 2077 4510 2179 4562; x_wconf 80' lang='lat' dir='ltr'><strong>ius.</strong></span> <span class='ocrx_word' id='word_1_732' title='bbox 2256 4506 2345 4538; x_wconf 69' lang='lat'><strong>“‘7</strong></span> <span class='ocrx_word' id='word_1_733' title='bbox 2399 4506 2707 4575; x_wconf 80' lang='lat' dir='ltr'><strong>Wigbertus</strong></span> <span class='ocrx_word' id='word_1_734' title='bbox 2761 4510 2886 4562; x_wconf 81' lang='lat' dir='ltr'><strong>add.</strong></span> <span class='ocrx_word' id='word_1_735' title='bbox 2951 4506 3006 4562; x_wconf 70' lang='grc' dir='ltr'><strong>Ξῖ</strong></span> 
     </span>
    </p>
   </div>
   <div class='ocr_carea' id='block_1_101' title="bbox 1990 4575 3024 4648">
    <p class='ocr_par' dir='ltr' id='par_1_101' title="bbox 1990 4575 3024 4648">
     <span class='ocr_line' id='line_1_104' title="bbox 1990 4575 3024 4648; baseline 0.001 -17"><span class='ocrx_word' id='word_1_736' title='bbox 1990 4580 2078 4610; x_wconf 77' lang='grc'>¹¹⁷¹</span> <span class='ocrx_word' id='word_1_737' title='bbox 2112 4575 2451 4648; x_wconf 80' lang='lat' dir='ltr'><strong>familiariter</strong></span> <span class='ocrx_word' id='word_1_738' title='bbox 2496 4579 2549 4628; x_wconf 90' lang='grc'><strong>1.</strong></span> <span class='ocrx_word' id='word_1_739' title='bbox 2613 4577 2718 4648; x_wconf 77' lang='lat'><strong>_“&quot;</strong></span> <span class='ocrx_word' id='word_1_740' title='bbox 2756 4580 2940 4648; x_wconf 84' lang='lat' dir='ltr'><strong>egrius</strong></span> <span class='ocrx_word' id='word_1_741' title='bbox 2973 4581 3024 4633; x_wconf 83' lang='lat' dir='ltr'><strong>l.</strong></span> 
     </span>
    </p>
   </div>
   <div class='ocr_carea' id='block_1_102' title="bbox 1793 4740 2021 4798">
    <p class='ocr_par' dir='ltr' id='par_1_102' title="bbox 1793 4740 2021 4798">
     <span class='ocr_line' id='line_1_105' title="bbox 1793 4740 2021 4798; baseline 0.004 -2"><span class='ocrx_word' id='word_1_742' title='bbox 1793 4740 2021 4798; x_wconf 62' lang='grc' dir='ltr'><strong>ΗΟΤᾹΞ.</strong></span> 
     </span>
    </p>
   </div>
   <div class='ocr_carea' id='block_1_103' title="bbox 330 4809 3536 4910">
    <p class='ocr_par' dir='ltr' id='par_1_103' title="bbox 330 4809 3536 4910">
     <span class='ocr_line' id='line_1_106' title="bbox 330 4809 3536 4910; baseline -0.002 -18"><span class='ocrx_word' id='word_1_743' title='bbox 330 4839 486 4910; x_wconf 62' lang='lat' dir='ltr'><strong>(ﬁt)</strong></span> <span class='ocrx_word' id='word_1_744' title='bbox 519 4837 692 4910; x_wconf 79' lang='lat' dir='ltr'><strong>Pagus</strong></span> <span class='ocrx_word' id='word_1_745' title='bbox 740 4835 878 4910; x_wconf 73' lang='lat' dir='ltr'><strong>situs</strong></span> <span class='ocrx_word' id='word_1_746' title='bbox 922 4834 974 4887; x_wconf 91' lang='lat' dir='ltr'><strong>in</strong></span> <span class='ocrx_word' id='word_1_747' title='bbox 1004 4833 1222 4889; x_wconf 89' lang='lat' dir='ltr'><strong>Lusatia</strong></span> <span class='ocrx_word' id='word_1_748' title='bbox 1267 4831 1506 4890; x_wconf 85' lang='lat' dir='ltr'><strong>inferiori</strong></span> <span class='ocrx_word' id='word_1_749' title='bbox 1545 4842 1599 4889; x_wconf 83' lang='lat' dir='ltr'><strong>et</strong></span> <span class='ocrx_word' id='word_1_750' title='bbox 1648 4832 1843 4889; x_wconf 82' lang='lat' dir='ltr'><strong>Silesia</strong></span> <span class='ocrx_word' id='word_1_751' title='bbox 1874 4837 1923 4896; x_wconf 85' lang='grc'><strong>1)</strong></span> <span class='ocrx_word' id='word_1_752' title='bbox 1951 4831 2276 4910; x_wconf 65' lang='lat' dir='ltr'><strong>naulgjnl’ra</strong></span> <span class='ocrx_word' id='word_1_753' title='bbox 2300 4809 2565 4888; x_wconf 82' lang='lat' dir='ltr'><strong>Trevirim</strong></span> <span class='ocrx_word' id='word_1_754' title='bbox 2591 4833 2814 4910; x_wconf 76' lang='lat' dir='ltr'><strong>urbem,</strong></span> <span class='ocrx_word' id='word_1_755' title='bbox 2846 4835 2988 4910; x_wconf 65' lang='lat' dir='ltr'><strong>quod</strong></span> <span class='ocrx_word' id='word_1_756' title='bbox 3015 4833 3174 4910; x_wconf 80' lang='lat' dir='ltr'><strong>hodie</strong></span> <span class='ocrx_word' id='word_1_757' title='bbox 3195 4833 3536 4910; x_wconf 65' lang='lat' dir='ltr'><strong>palatiolgm.</strong></span> 
     </span>
    </p>
   </div>
   <div class='ocr_carea' id='block_1_104' title="bbox 249 4907 954 4966">
    <p class='ocr_par' dir='ltr' id='par_1_104' title="bbox 249 4907 954 4966">
     <span class='ocr_line' id='line_1_107' title="bbox 249 4907 954 4966; baseline -0.011 -1"><span class='ocrx_word' id='word_1_758' title='bbox 249 4907 409 4966; x_wconf 83' lang='lat' dir='ltr'><strong>circa</strong></span> <span class='ocrx_word' id='word_1_759' title='bbox 435 4909 707 4961; x_wconf 87' lang='lat' dir='ltr'><strong>civitatem</strong></span> <span class='ocrx_word' id='word_1_760' title='bbox 739 4907 954 4960; x_wconf 82' lang='lat' dir='ltr'><strong>Soraw.</strong></span> 
     </span>
    </p>
   </div>
   <div class='ocr_carea' id='block_1_105' title="bbox 247 4973 1061 5048">
    <p class='ocr_par' dir='ltr' id='par_1_105' title="bbox 247 4973 1061 5048">
     <span class='ocr_line' id='line_1_108' title="bbox 247 4973 1061 5048; baseline -0.014 -13"><span class='ocrx_word' id='word_1_761' title='bbox 247 4977 262 4994; x_wconf 82' lang='grc'><strong>·’</strong></span> <span class='ocrx_word' id='word_1_762' title='bbox 332 4977 484 5048; x_wconf 73' lang='lat'><strong>(722)</strong></span> <span class='ocrx_word' id='word_1_763' title='bbox 517 4977 781 5048; x_wconf 80' lang='lat' dir='ltr'><strong>Episcopo</strong></span> <span class='ocrx_word' id='word_1_764' title='bbox 819 4973 1061 5048; x_wconf 78' lang='lat' dir='ltr'><strong>Metensi.</strong></span> 
     </span>
    </p>
   </div>
   <div class='ocr_carea' id='block_1_106' title="bbox 333 5041 1839 5118">
    <p class='ocr_par' dir='ltr' id='par_1_106' title="bbox 333 5041 1839 5118">
     <span class='ocr_line' id='line_1_109' title="bbox 333 5041 1839 5118; baseline -0.004 -17"><span class='ocrx_word' id='word_1_765' title='bbox 333 5041 487 5118; x_wconf 71' lang='lat'><strong>(725)</strong></span> <span class='ocrx_word' id='word_1_766' title='bbox 516 5041 628 5118; x_wconf 73' lang='lat' dir='ltr'><strong>Sub</strong></span> <span class='ocrx_word' id='word_1_767' title='bbox 647 5041 749 5118; x_wconf 81' lang='lat' dir='ltr'><strong>hoc</strong></span> <span class='ocrx_word' id='word_1_768' title='bbox 771 5043 995 5118; x_wconf 67' lang='lat' dir='ltr'><strong>nomine</strong></span> <span class='ocrx_word' id='word_1_769' title='bbox 1007 5045 1152 5118; x_wconf 71' lang='lat' dir='ltr'><strong>venit</strong></span> <span class='ocrx_word' id='word_1_770' title='bbox 1172 5041 1839 5118; x_wconf 75' lang='lat' dir='ltr'><strong>palatiumarchiepiscopi</strong></span> 
     </span>
    </p>
   </div>
   <div class='ocr_carea' id='block_1_107' title="bbox 255 5113 1840 5178">
    <p class='ocr_par' dir='ltr' id='par_1_107' title="bbox 255 5113 1840 5178">
     <span class='ocr_line' id='line_1_110' title="bbox 255 5113 1840 5178; baseline -0.006 -6"><span class='ocrx_word' id='word_1_771' title='bbox 255 5113 627 5178; x_wconf 77' lang='lat' dir='ltr'><strong>Trevirensis,</strong></span> <span class='ocrx_word' id='word_1_772' title='bbox 657 5115 743 5169; x_wconf 91' lang='lat' dir='ltr'><strong>die</strong></span> <span class='ocrx_word' id='word_1_773' title='bbox 771 5113 898 5167; x_wconf 83' lang='lat' dir='ltr'><strong>Palz</strong></span> <span class='ocrx_word' id='word_1_774' title='bbox 931 5114 1043 5168; x_wconf 88' lang='lat' dir='ltr'><strong>sive</strong></span> <span class='ocrx_word' id='word_1_775' title='bbox 1073 5114 1239 5176; x_wconf 85' lang='lat' dir='ltr'><strong>Pfalz,</strong></span> <span class='ocrx_word' id='word_1_776' title='bbox 1264 5114 1683 5167; x_wconf 85' lang='lat' dir='ltr'><strong>vetustissimum</strong></span> <span class='ocrx_word' id='word_1_777' title='bbox 1713 5113 1840 5167; x_wconf 77' lang='lat' dir='ltr'><strong>tedi-</strong></span> 
     </span>
    </p>
   </div>
   <div class='ocr_carea' id='block_1_108' title="bbox 257 5183 1837 5250">
    <p class='ocr_par' dir='ltr' id='par_1_108' title="bbox 257 5183 1837 5250">
     <span class='ocr_line' id='line_1_111' title="bbox 257 5183 1837 5250; baseline -0.004 -10"><span class='ocrx_word' id='word_1_778' title='bbox 257 5189 470 5247; x_wconf 82' lang='lat' dir='ltr'><strong>licium,</strong></span> <span class='ocrx_word' id='word_1_779' title='bbox 501 5185 621 5238; x_wconf 88' lang='lat' dir='ltr'><strong>aliis</strong></span> <span class='ocrx_word' id='word_1_780' title='bbox 645 5185 838 5244; x_wconf 86' lang='lat' dir='ltr'><strong>muris,</strong></span> <span class='ocrx_word' id='word_1_781' title='bbox 868 5183 1077 5249; x_wconf 75' lang='lat' dir='ltr'><strong>magnis</strong></span> <span class='ocrx_word' id='word_1_782' title='bbox 1097 5193 1143 5238; x_wconf 88' lang='lat' dir='ltr'><strong>et</strong></span> <span class='ocrx_word' id='word_1_783' title='bbox 1163 5183 1459 5250; x_wconf 86' lang='lat' dir='ltr'><strong>perspicuis</strong></span> <span class='ocrx_word' id='word_1_784' title='bbox 1475 5183 1747 5246; x_wconf 81' lang='lat' dir='ltr'><strong>fenestris,</strong></span> <span class='ocrx_word' id='word_1_785' title='bbox 1772 5197 1837 5234; x_wconf 73' lang='lat' dir='ltr'><strong>ex</strong></span> 
     </span>
    </p>
   </div>
   <div class='ocr_carea' id='block_1_109' title="bbox 1950 4901 3539 4971">
    <p class='ocr_par' dir='ltr' id='par_1_109' title="bbox 1950 4901 3539 4971">
     <span class='ocr_line' id='line_1_112' title="bbox 1950 4901 3539 4971; baseline -0.003 -12"><span class='ocrx_word' id='word_1_786' title='bbox 1950 4906 2047 4963; x_wconf 83' lang='lat' dir='ltr'><strong>das</strong></span> <span class='ocrx_word' id='word_1_787' title='bbox 2069 4903 2288 4968; x_wconf 82' lang='lat' dir='ltr'><strong>Pfalzel,</strong></span> <span class='ocrx_word' id='word_1_788' title='bbox 2308 4911 2552 4958; x_wconf 88' lang='lat' dir='ltr'><strong>vocatur.</strong></span> <span class='ocrx_word' id='word_1_789' title='bbox 2574 4919 2627 4956; x_wconf 91' lang='lat' dir='ltr'><strong>v.</strong></span> <span class='ocrx_word' id='word_1_790' title='bbox 2651 4901 2881 4966; x_wconf 61' lang='lat' dir='ltr'><strong>Chron:</strong></span> <span class='ocrx_word' id='word_1_791' title='bbox 2899 4901 3254 4971; x_wconf 72' lang='lat' dir='ltr'><strong>Gottwie.._t._</strong></span> <span class='ocrx_word' id='word_1_792' title='bbox 3275 4904 3314 4964; x_wconf 82' lang='grc'><strong>1,</strong></span> <span class='ocrx_word' id='word_1_793' title='bbox 3335 4919 3388 4971; x_wconf 88' lang='lat' dir='ltr'><strong>p.</strong></span> <span class='ocrx_word' id='word_1_794' title='bbox 3413 4903 3539 4965; x_wconf 80' lang='grc'><strong>501,</strong></span> 
     </span>
    </p>
   </div>
   <div class='ocr_carea' id='block_1_110' title="bbox 1949 4967 3550 5042">
    <p class='ocr_par' dir='ltr' id='par_1_110' title="bbox 1949 4967 3550 5042">
     <span class='ocr_line' id='line_1_113' title="bbox 1949 4967 3550 5042; baseline -0.004 -14"><span class='ocrx_word' id='word_1_795' title='bbox 1949 4973 2074 5029; x_wconf 77' lang='grc'><strong>515.</strong></span> <span class='ocrx_word' id='word_1_796' title='bbox 2107 4967 2424 5028; x_wconf 26' lang='grc' dir='ltr'><strong>Ρθιοείνθτο</strong></span> <span class='ocrx_word' id='word_1_797' title='bbox 2449 4986 2536 5042; x_wconf 88' lang='lat' dir='ltr'><strong>ap.</strong></span> <span class='ocrx_word' id='word_1_798' title='bbox 2562 4973 2862 5042; x_wconf 63' lang='lat' dir='ltr'><strong>Aminiam.</strong></span> <span class='ocrx_word' id='word_1_799' title='bbox 2900 4969 3157 5030; x_wconf 76' lang='lat' dir='ltr'><strong>Marcell.,</strong></span> <span class='ocrx_word' id='word_1_800' title='bbox 3185 4967 3373 5035; x_wconf 67' lang='lat' dir='ltr'><strong>XVlll&#39;,</strong></span> <span class='ocrx_word' id='word_1_801' title='bbox 3398 4971 3458 5032; x_wconf 76' lang='lat'><strong>9.,</strong></span> <span class='ocrx_word' id='word_1_802' title='bbox 3480 4971 3550 5022; x_wconf 87' lang='lat' dir='ltr'><strong>ab</strong></span> 
     </span>
    </p>
   </div>
   <div class='ocr_carea' id='block_1_111' title="bbox 1949 5039 2868 5110">
    <p class='ocr_par' dir='ltr' id='par_1_111' title="bbox 1949 5039 2868 5110">
     <span class='ocr_line' id='line_1_114' title="bbox 1949 5039 2868 5110; baseline -0.003 -10"><span class='ocrx_word' id='word_1_803' title='bbox 1949 5045 2036 5100; x_wconf 88' lang='lat' dir='ltr'><strong>his</strong></span> <span class='ocrx_word' id='word_1_804' title='bbox 2072 5044 2231 5110; x_wconf 85' lang='lat' dir='ltr'><strong>plane</strong></span> <span class='ocrx_word' id='word_1_805' title='bbox 2258 5039 2531 5096; x_wconf 83' lang='lat' dir='ltr'><strong>diversum</strong></span> <span class='ocrx_word' id='word_1_806' title='bbox 2566 5051 2669 5110; x_wconf 84' lang='lat' dir='ltr'><strong>est.</strong></span> <span class='ocrx_word' id='word_1_807' title='bbox 2705 5039 2868 5103; x_wconf 69' lang='lat' dir='ltr'><strong>Uns.</strong></span> 
     </span>
    </p>
   </div>
   <div class='ocr_carea' id='block_1_112' title="bbox 1950 5102 3565 5239">
    <p class='ocr_par' dir='ltr' id='par_1_112' title="bbox 1950 5102 3565 5239">
     <span class='ocr_line' id='line_1_115' title="bbox 2022 5102 3565 5235; baseline -0.005 -71"><span class='ocrx_word' id='word_1_808' title='bbox 2022 5102 2170 5235; x_wconf 45' lang='lat'><strong>$725)</strong></span> <span class='ocrx_word' id='word_1_809' title='bbox 2199 5111 2351 5168; x_wconf 89' lang='lat' dir='ltr'><strong>Conf.</strong></span> <span class='ocrx_word' id='word_1_810' title='bbox 2377 5110 2541 5165; x_wconf 86' lang='lat' dir='ltr'><strong>Gesta</strong></span> <span class='ocrx_word' id='word_1_811' title='bbox 2574 5102 2962 5175; x_wconf 59' lang='lat' dir='ltr'><strong>Trevirdfum</strong></span> <span class='ocrx_word' id='word_1_812' title='bbox 2985 5123 3034 5162; x_wconf 88' lang='lat' dir='ltr'><strong>e.</strong></span> <span class='ocrx_word' id='word_1_813' title='bbox 3078 5102 3166 5156; x_wconf 66' lang='lat'><strong>46.</strong></span> <span class='ocrx_word' id='word_1_814' title='bbox 3194 5103 3346 5163; x_wconf 82' lang='lat' dir='ltr'><strong>Ann.</strong></span> <span class='ocrx_word' id='word_1_815' title='bbox 3391 5103 3565 5171; x_wconf 81' lang='lat' dir='ltr'><strong>Qued-</strong></span> 
     </span>
     <span class='ocr_line' id='line_1_116' title="bbox 1950 5179 2578 5239; baseline -0.013 0"><span class='ocrx_word' id='word_1_816' title='bbox 1950 5184 2025 5239; x_wconf 91' lang='lat' dir='ltr'><strong>lin</strong></span> <span class='ocrx_word' id='word_1_817' title='bbox 2049 5198 2308 5239; x_wconf 53' lang='lat' dir='ltr'><strong>iungens&quot;</strong></span> <span class='ocrx_word' id='word_1_818' title='bbox 2340 5196 2390 5234; x_wconf 88' lang='lat' dir='ltr'><strong>a.</strong></span> <span class='ocrx_word' id='word_1_819' title='bbox 2423 5179 2578 5233; x_wconf 89' lang='grc'><strong>1008.</strong></span> 
     </span>
    </p>
   </div>
   <div class='ocr_carea' id='block_1_113' title="bbox 1973 5196 2578 5249">
    <p class='ocr_par' dir='ltr' id='par_1_113' title="bbox 1973 5196 2578 5249">
     <span class='ocr_line' id='line_1_117' title="bbox 1973 5196 2578 5249; baseline -0.012 -11"><span class='ocrx_word' id='word_1_820' title='bbox 1973 5196 2308 5248; x_wconf 79' lang='lat' dir='ltr'><strong>tnburgens..</strong></span> <span class='ocrx_word' id='word_1_821' title='bbox 2340 5196 2408 5249; x_wconf 29' lang='lat' dir='ltr'><strong>an</strong></span> <span class='ocrx_word' id='word_1_822' title='bbox 2423 5196 2578 5233; x_wconf 77' lang='grc' dir='ltr'>ιυυδ.</span> 
     </span>
    </p>
   </div>
  </div>
