4048 5368
590 370 726 426 1527

1505 337 1884 425 mimum
1916 361 2537 422 MERSEBUBGENSIS
2577 358 2883 417 EPISCOPI

3702 323 3839 410 sses

594 479 1020 546 contrarietatis,
1044 481 1146 535 hoc
1171 477 1420 534 stimulus
1440 476 1617 534 effecit
1638 479 1910 532 immensae
1940 473 2165 530 inlirmi-
2192 479 2242 536 Α
2271 472 2511 542 precepit
2539 469 2672 525 ﬁeri.
2697 469 2816 525 iam
2844 482 2972 523 vero
3028 475 3139 522 tum
3187 465 3530 538 quorundam
3588 464 3841 520 instinctu

590 573 740 628 tatis.
770 570 1140 627 Predicatione
1167 569 1380 625 assidua
1403 568 1722 624 commissos
1757 581 1786 621 a
1816 581 1950 621 vana
1975 580 2168 634 super-

592 661 812 716 stitione
847 659 1049 715 erroris
1082 658 1315 724 reduxit,
1344 657 1632 726 lucumque
1663 656 1923 710 Zutibure
1969 655 2061 686 “7°
2089 654 2169 709 di-

591 761 760 815 ctum,
791 750 858 803 ab
886 749 1084 803 accolis
1120 757 1176 802 ut
1205 749 1367 803 Deum
1393 749 1445 802 in
1478 748 1730 803 omnibus
1756 749 2080 801 honoratum
2114 754 2170 800 et

591 840 659 892 ab
684 852 799 892 aevo
821 837 1044 905 antiquo
1070 853 1362 906 numquam
1383 834 1657 902 violatum,
1673 837 1929 892 radicitus
1947 851 2166 900 eruens,

591 936 781 983 sancto
815 928 1022 981 martiri
1055 929 1296 982 Romano
1335 928 1389 981 in
1415 943 1479 982 eo
1504 927 1792 982 ecclesiam
1832 926 2164 993 construxit;

589 1025 790 1086 praiter
837 1017 978 1071 hanc
1028 1016 1241 1071 tertiam
1291 1025 1346 1071 et
1406 1024 1652 1085 quartam
1701 1015 1754 1069 in
1803 1014 2168 1088 Magadaburg

590 1109 894 1178 multasque
920 1109 1179 1178 aliasipse
1202 1109 1485 1163 dedicavit.
1514 1107 1568 1163 Si
1587 1109 1713 1178 quid
1743 1110 1794 1162 in
1817 1123 1938 1160 eum
1957 1113 2164 1162 variant

589 1198 779 1266 vulgus
812 1207 867 1252 et
899 1214 1024 1268 sepe
1075 1198 1340 1252 mentiens
1380 1198 1625 1267 garrivit,
1664 1197 1819 1254 bonis
1853 1196 2168 1251 incredibile

589 1291 723 1344 satis
752 1305 872 1345 esse
899 1289 1217 1359 persuadeo.
1248 1288 1396 1342 Multi
1422 1289 1590 1353 enim,
1616 1304 1736 1344 cum
1763 1289 1897 1342 alios
1927 1288 2164 1356 culpant,

591 1383 865 1454 ignorant,
902 1382 1157 1451 quoniam
1195 1398 1354 1436 nemo
1386 1382 1502 1436 sine
1545 1381 1771 1435 crimine
1803 1379 1936 1432 vivit
1972 1379 2164 1448 (Cuo.

587 1474 711 1527 dist.
743 1488 782 1536 ι,
807 1471 882 1542 5).
916 1471 1015 1526 Hie
1043 1472 1369 1526 venerabilis
1392 1471 1473 1524 vir
1504 1471 1743 1539 quinque
1768 1484 1936 1522 annos
1964 1470 2015 1523 iu
2049 1469 2164 1538 epi-

589 1569 811 1630 scopatu
861 1568 918 1615 et
951 1576 1046 1615 sex
1095 1560 1463 1614 hebdomadas
1504 1567 1558 1613 et
1597 1559 1712 1614 dics
1747 1560 1985 1629 quinque
2027 1557 2169 1612 sedit

587 1651 838 1706 ﬂebiliter
863 1666 990 1720 sepe
1035 1661 1252 1722 peracta
1295 1650 1652 1716 confessione,
1693 1662 1746 1705 et
1784 1652 1852 1706 ab
1897 1650 2168 1720 episcopis

588 1744 819 1814 Wigone
851 1744 996 1815 (7'26)
1027 1755 1080 1798 et
1113 1743 1302 1798 Herico
1327 1744 1472 1814 (7'27)
1508 1744 1557 1797 in
1583 1744 1840 1798 extremis
1883 1759 2006 1796 eum
2039 1741 2166 1796 visi-

2273 573 2506 618 mentem
2535 577 2688 617 suam
2720 577 2749 615 a
2777 575 2862 615 me
2893 560 2960 614 ad
2985 556 3205 613 meliora
3241 557 3633 620 convertebat;
3689 555 3846 610 voluit

2270 654 2414 707 enim
2453 651 2739 722 Ethclgero
2762 651 2975 705 cuidam
3005 648 3141 702 bene
3190 648 3382 701 merito
3410 647 3679 700 honorem
3714 645 3846 698 hunc

2271 745 2602 814 impendere.
2625 743 2776 810 Quod
2816 757 2938 797 cum
2968 740 3110 810 regis
3138 739 3416 794 familiaris
3443 737 3660 808 Tagino
3691 737 3849 790 rescio

2271 847 2374 900 ret,
2404 847 2744 903 summopere
2771 834 3009 896 rennuit,
3036 841 3089 886 et
3139 847 3258 885 cum
3313 829 3536 884 assidua
3582 828 3852 896 supplica-

2268 927 2412 981 tione
2435 917 2500 980 eo
2528 941 2612 979 me
2673 925 2734 993 (l.
2766 923 2886 993 115)
2918 939 3039 976 cum
3067 922 3160 960 ⁸¹⁸³
3184 922 3355 991 gratia
3381 921 3525 990 regis
3556 933 3660 988 per
3685 917 3856 972 Gelo-

2268 1034 2391 1072 nem
2423 1016 2754 1086 prepositum
2781 1013 3012 1068 vocavit.
3043 1013 3203 1067 Venit
3231 1012 3320 1066 ille
3341 1012 3406 1065 ad
3436 1027 3523 1065 me
3552 1012 3622 1064 ad
3644 1018 3854 1064 curtum

2269 1123 2468 1171 meam,
2499 1122 2619 1176 qua:
2655 1104 3026 1160 Retmerslevo
3053 1103 3282 1166 dicitur;
3345 1114 3398 1157 et
3428 1117 3493 1156 ea
3545 1111 3713 1155 nocte
3752 1100 3856 1153 vitii

2267 1197 2516 1253 baculum
2543 1195 2898 1264 episcopalem
2933 1195 3085 1263 juxta
3131 1193 3332 1247 lectum
3385 1207 3568 1247 meum
3595 1202 3854 1252 stantem,

2267 1297 2322 1344 et
2343 1289 2694 1357 interrogavit
2715 1302 2799 1342 me
2823 1300 2983 1350 unus,
3000 1286 3218 1339 dicens:
3256 1283 3344 1339 Vis
3367 1285 3665 1338 trcclesiam
3693 1283 3864 1336 susci-

2266 1393 2385 1448 pere
2415 1376 2470 1432 Μ
2475 1376 2932 1444 erseburhgensem
2958 1375 2982 1428 ?
3014 1373 3078 1427 Et
3107 1388 3205 1444 ego
3237 1391 3251 1427 :
3294 1372 3354 1427 Si
3390 1373 3557 1426 .Deus
3585 1371 3735 1436 vult,
3779 1371 3862 1424 in-

2268 1486 2450 1541 quam,
2479 1481 2526 1523 et
2561 1470 2651 1538 qui
2664 1468 2811 1537 jubet
2844 1468 3047 1534 venire,
3095 1467 3484 1520 archiantistes.
3519 1466 3616 1521 Ille
3673 1474 3856 1520 autem

2267 1569 2666 1630 prosequutus:
2711 1558 2864 1624 Cave,
2907 1557 3044 1624 iniit,
3112 1560 3237 1628 quia
3303 1557 3622 1627 quicumque
3674 1566 3860 1610 sancto

2267 1650 2534 1702 cerebrum
2591 1657 2759 1700 movet
2824 1645 3159 1711 Laurentio,
3223 1647 3399 1700 statim
3457 1645 3686 1698 insanit.
3759 1643 3857 1699 Cui

2270 1756 2393 1794 mox
2421 1739 2669 1808 respondi
2692 1755 2704 1791 :
2736 1736 2968 1790 Tueatur
2989 1755 3068 1790 me
3096 1747 3269 1790 custos
3296 1737 3570 1790 hominum
3585 1735 3856 1798 Christus,

590 1832 830 1886 tantibus
856 1841 1104 1902 percepta
1128 1833 1464 1897 remissione,
1492 1847 1633 1886 nouo
1660 1830 1775 1884 Kal.
1809 1831 2008 1900 Aprilis
2032 1831 2162 1884 feria
2197 1826 2241 1884 Β
2270 1847 2332 1884 ne
2359 1832 2411 1883 in
2439 1829 2535 1882 hoc
2575 1829 2650 1883 vel
2673 1830 2725 1882 in
2747 1827 2923 1896 aliquo
2955 1828 3219 1896 oﬂ'endam
3245 1826 3575 1896 majestatem
3599 1828 3856 1888 divinam,

592 1922 745 1975 tertia
771 1924 918 1992 (ann.
956 1922 1110 1992 l009)
1145 1922 1198 1975 in
1232 1921 1540 1990 Merseburg
1568 1923 1633 1976 de
1657 1921 1759 1975 hac
1778 1921 1895 1975 lucc
1919 1924 1984 1974 ad
2013 1920 2167 1976 Chri-

588 2022 751 2076 stum,
782 2019 839 2064 ut
870 2025 1049 2080 spero,
1087 2011 1216 2065 felix
1262 2011 1514 2080 migravit
1546 2010 1716 2081 (7'28).
1759 2009 2013 2080 Sepultus
2059 2018 2164 2075 est,

587 2099 677 2154 ubi
707 2115 846 2154 unus
892 2099 1185 2154 electorum
1227 2099 1453 2164 Christi,
1499 2100 1607 2154 dux
1645 2099 1761 2169 ejus
1791 2099 1916 2153 dum
1949 2099 2086 2154 vixit
2114 2107 2169 2154 et

588 2187 792 2249 socius,
823 2202 917 2257 per
941 2188 1116 2242 visum
1141 2189 1243 2243 sibi
1274 2190 1424 2258 prius
1448 2189 1789 2243 monstravit.

657 2279 747 2333 27.
777 2279 913 2334 Huic
952 2281 1203 2350 equidem
1249 2297 1368 2352 ego,
1403 2281 1492 2349 qui
1538 2282 1652 2334 haec
1682 2279 1885 2345 scribo,
1918 2279 2167 2350 indignus

585 2371 880 2425 succedere
904 2385 931 2423 a
957 2370 1044 2440 pio
1071 2379 1283 2438 pastore
1308 2369 1588 2438 Tagiuone
1611 2369 1701 2400 “"7
1732 2370 2164 2438 predestinabar.

587 2460 778 2515 Natale
809 2461 1021 2517 Damini
1046 2460 1192 2531 (729)
1231 2462 1283 2515 in
1322 2461 1516 2515 Palitlti
1543 2461 1636 2493 “"3
1680 2461 1986 2516 celebrante
2015 2477 2165 2532 rege,

585 2563 706 2602 cum
735 2541 1003 2603 simmista
1033 2548 1123 2580 “’9
1145 2563 1242 2603 suo
1273 2546 1550 2618 Taginone
1575 2547 1721 2618 (750)
1746 2548 1861 2616 ipse
1894 2550 2166 2616 tractavit,

583 2640 822 2711 qualiter
849 2648 970 2711 post
1023 2649 1250 2696 mortem
1283 2639 1550 2710 Wigberti
1599 2640 1830 2709 presulis
1867 2639 2173 2694 Mersebur—

585 2745 806 2800 gensem
835 2731 1119 2787 ecclesiam
1145 2732 1290 2787 bono
1327 2731 1594 2802 provisori
1617 2732 2039 2786 commendaret.
2068 2731 2167 2788 Cui

583 2819 676 2876 ille
702 2821 876 2890 inquit
907 2839 920 2875 :
951 2822 998 2875 Ε
1000 2832 1045 2876 st
1075 2822 1129 2876 in
1159 2838 1271 2875 meo
1312 2821 1628 2874 monasterio
1649 2819 1862 2890 quidam
1888 2821 2055 2890 frater
2075 2837 2170 2876 no-

582 2911 720 2965 mine
751 2910 1103 2976 Tltietmarus,
1126 2928 1280 2982 quem
1307 2928 1392 2965 vos
1413 2911 1512 2980 ipsi
1535 2911 1627 2942 “3°
1653 2912 1776 2966 bene
1804 2913 1999 2977 nostis;
2029 2913 2168 2967 [tunc

580 3017 678 3055 suo
693 3002 846 3055 modo
863 3003 1141 3071 prudenter
1160 3004 1514 3073 disponentem
1537 3003 1606 3056 ad
1625 3003 1742 3067 hoc,
1770 3002 2021 3074 largiente
2037 3004 2164 3069 Deo,

581 3106 728 3160 spero
744 3090 1010 3145 idoneum.
1034 3091 1113 3146 Ad
1127 3092 1240 3146 haec
1255 3108 1348 3146 rex
1365 3091 1481 3145 iniit
1500 3110 1512 3145 :
1533 3089 1744 3146 Utinam
1767 3093 1902 3146 hanc
1925 3093 2166 3148 voluisset

2267 1932 2669 1990 sanctorumque
2691 1919 3108 1974 intercessionem
3132 1931 3382 1973 avertam.
3413 1917 3666 1986 Cumque
3696 1917 3860 1985 erigi.

2268 2013 2460 2078 larem,
2489 2012 2737 2082 obstupui
2763 2010 2875 2075 ωδ,
2895 2018 2949 2064 et
2976 2011 3219 2080 protinus
3238 2009 3483 2073 exiliens,
3505 2005 3622 2076 jam
3651 2007 3862 2061 clarum

2267 2097 2705 2155 diem'lenestras
2735 2099 2938 2154 intrare
2985 2099 3094 2154 vidi
3167 2099 3350 2169 (Pass.
3407 2098 3529 2152 Sat.
3559 2113 3643 2162 Ill,
3679 2099 3732 2166 Ι)
3759 2113 3776 2160 ;
3808 2106 3860 2149 et

2268 2203 2394 2244 ecce
2421 2190 2488 2254 is,
2517 2189 2584 2243 de
2606 2199 2712 2258 quo
2735 2203 2878 2242 nune
2905 2187 3172 2251 dicebam,
3221 2187 3465 2252 intravit,
3514 2195 3572 2241 et
3619 2187 3864 2241 ostensis

2269 2279 2398 2333 mihi
2425 2279 2632 2354 duabus
2657 2278 2934 2348 epistolis,
2967 2277 3022 2332 in
3057 2277 3281 2332 sabbato
3329 2287 3519 2334 sancto
3539 2277 3742 2348 (April.
3771 2276 3858 2344 l0)

2269 2373 2335 2427 ad
2363 2371 2730 2442 Augustanam
2766 2371 2955 2424 urbem
2994 2384 3080 2424 me
3117 2369 3324 2440 rogavit
3373 2379 3428 2423 et
3461 2369 3554 2402 “"5
3613 2371 3864 2440 precepit

2268 2463 2473 2518 venire.
2505 2460 2638 2516 Veni
2671 2460 2735 2515 ad
2766 2461 3223 2531 Parthenopolim,
3264 2469 3319 2515 et
3344 2461 3398 2514 in
3429 2461 3520 2517 die
3549 2461 3860 2533 palmarum

2269 2570 2389 2610 cam
2423 2554 2640 2608 licentia
2670 2554 2927 2622 propositi
2961 2568 3025 2608 ac
3046 2552 3377 2608 confratrum
3404 2553 3528 2608 inde
3554 2552 3858 2623 profectus,

2268 2649 2302 2702 5
2349 2645 2482 2701 feria
2508 2655 2627 2715 post
2652 2647 3104 2701 resurrectionem
3158 2645 3496 2700 Dominicam
3529 2647 3740 2716 (April.
3771 2647 3860 2708 i9)

2269 2737 2383 2790 loca
2412 2737 2740 2808 attingeham
2770 2736 3158 2806 predestinata,
3205 2744 3259 2790 et
3298 2737 3364 2790 ab
3416 2737 3862 2806 archiepiscopo,

2267 2827 2516 2896 quamvis
2549 2826 2706 2891 irato,
2735 2825 2876 2896 quod
2903 2825 2984 2880 sic
3015 2825 3161 2879 tarde
3191 2826 3455 2890 venirem,
3483 2826 3863 2880 misericordi-

2269 2926 2355 2970 ter
2386 2925 2670 2984 susceptus
2701 2930 2839 2968 sum.
2869 2913 3091 2969 Postera
3141 2915 3226 2969 die
3253 2923 3496 2980 vocatus,
3551 2917 3860 2985 interroga-

2266 3004 2366 3058 bar
2387 3005 2453 3057 ab
2483 3019 2549 3058 eo
2566 3000 2717 3072 jussu
2746 3005 2909 3074 regis,
2928 3003 2969 3056 si
2994 3003 3171 3073 aliqua
3193 3011 3344 3074 parte
3366 3003 3702 3058 hereditatis
3734 3016 3864 3058 mete

2267 3094 2520 3149 eclesiam
2551 3093 2739 3148 vellem
2792 3093 3050 3162 adjuvare
3100 3109 3292 3146 meam.
3330 3093 3428 3148 Cui
3485 3094 3624 3148 talia
3659 3092 3862 3149 refere-

582 3183 862 3252 suscipere,
877 3183 966 3254 qui
978 3199 1058 3236 me
1071 3183 1330 3250 fautorem
1345 3185 1690 3237 certissimum
1704 3185 1773 3236 ad
1787 3186 2162 3254 ea,quibusin-
2191 3172 2235 3233 (ἶ
2268 3188 2388 3242 bam
2415 3204 2429 3240 :
2482 3185 2658 3240 Vestra
2690 3187 2928 3255 jussionc
2969 3185 3070 3238 huc
3101 3186 3231 3248 veni,
3283 3195 3330 3238 et
3361 3186 3426 3238 de
3453 3184 3556 3238 hoc
3589 3187 3754 3239 modo
3790 3185 3864 3237 ait

586 3271 925 3343 digeret,non
953 3274 1214 3328 dubitaret
1236 3274 1641 3344 habere.Nepos
1670 3289 1822 3330 meus
1846 3275 2164 3333 Tbidericus

585 3363 709 3418 ilico
763 3366 832 3418 ad
881 3380 966 3418 me
1024 3366 1302 3428 mittitur,
1359 3364 1452 3434 qui
1509 3365 1624 3419 haec
1690 3365 1821 3420 mihi
1885 3381 1947 3421 ex
2013 3379 2165 3437 parte

585 3453 732 3524 regis
752 3463 806 3508 et
828 3455 1062 3524 episc0pi
1089 3454 1177 3485 “3‘
1215 3454 1507 3520 intimaret,
1543 3464 1598 3510 et
1647 3457 1718 3511 ad
1761 3456 1877 3511 haec
1917 3457 2164 3515 facienda

585 3557 684 3612 pro
725 3557 882 3612 posse
928 3543 1302 3612 persuaderet.
1345 3541 1456 3613 Ego
1491 3544 1544 3598 in
1567 3545 1931 3616 Magadaburg
1961 3550 2166 3617 positus

585 3633 914 3704 legacionem
954 3635 1094 3690 hanc
1119 3635 1357 3706 percepi,
1388 3646 1444 3690 et
1470 3635 1665 3692 talibus
1696 3640 1943 3708 respondi
1978 3658 1990 3694 :
2022 3640 2163 3694 Deus

585 3727 908 3794 omnipotens
936 3726 1148 3780 domino
1183 3737 1229 3781 et
1256 3728 1396 3796 patri
1416 3739 1594 3782 nostro
1623 3730 1712 3798 pio
1756 3731 2164 3785 vicissitudinem

585 3815 860 3880 retribuat,
885 3815 1025 3886 quod
1071 3817 1386 3872 mentionem
1432 3836 1602 3873 meam
1632 3819 1826 3873 alicubi
1871 3823 1927 3875 in
1971 3823 2162 3876 bonum

586 3904 760 3974 facere
789 3906 1058 3977 dignatur.
1084 3908 1164 3961 Ad
1187 3909 1299 3964 Ittec
1319 3926 1400 3964 me
1419 3911 1740 3965 immeritum
1793 3928 1903 3967 esse
1951 3913 2161 3984 judico,

585 3996 722 4051 unde
759 4013 819 4051 ea
861 3997 1084 4054 laudare
1109 3999 1282 4055 adhuc
1317 4017 1643 4071 nequaquam
1680 4020 1941 4073 presumo.
1967 4002 2162 4060 Potens

585 4099 658 4142 est
680 4090 817 4144 enim
858 4090 999 4146 Deus
1045 4093 1343 4162 episcOpum
1369 4093 1540 4146 adhuc
1600 4094 1847 4149 viventem
1896 4098 1960 4151 de
2002 4115 2162 4153 manu

582 4179 766 4232 mortis
787 4179 1016 4248 eripere;
1041 4183 1088 4234 si
1120 4191 1292 4235 autem
1314 4198 1528 4250 prorsus
1559 4199 1763 4248 recuso,
1792 4201 1871 4237 me
1896 4186 1960 4238 ab
2006 4186 2163 4239 solita

585 4267 700 4334 ejus
721 4268 893 4336 gratia
918 4269 1183 4338 repudiari
1205 4287 1412 4336 vereor;
1435 4287 1538 4324 non
1570 4282 1643 4326 est
1675 4274 1804 4325 mihi
1832 4283 2005 4342 preter
2027 4273 2163 4327 [tunc

586 4356 801 4426 aliquod
835 4357 1116 4424 auxilium,
1142 4375 1174 4412 a
1211 4375 1313 4430 quo
1340 4358 1418 4413 vel
1448 4359 1559 4414 lucc
1585 4363 1894 4430 promereri,
1923 4365 1998 4416 vel
2048 4381 2163 4417 ma-

579 4440 704 4510 jora
749 4443 946 4497 valeam
993 4447 1273 4516 percipere.
1325 4445 1452 4501 Post
1501 4459 1716 4503 mortem
1780 4451 2002 4520 presulis
2039 4453 2162 4523 quid

585 4532 697 4587 Deo
729 4533 895 4604 placet
923 4536 974 4589 in
992 4540 1333 4606 potestatibus
1363 4541 1432 4594 ad
1451 4557 1511 4595 eo
1535 4543 1828 4602 constitutis
1858 4546 1961 4598 vita
1977 4546 2165 4599 comite

586 4621 804 4680 libenter
835 4627 1149 4695 adimplebo.
1177 4631 1290 4684 Rex
1319 4639 1498 4686 autem
1525 4633 1576 4686 in
1599 4630 2017 4690 Franconevord
2053 4637 2162 4700 ηδ’,

585 4717 766 4772 audita
810 4729 982 4775 morte
1026 4722 1284 4792 episcopi,
1329 4726 1644 4781 memoriam
1698 4743 1796 4797 pro
1831 4743 1898 4784 eo
1920 4730 2162 4784 debitam

2267 3279 2396 3331 certi
2429 3294 2519 3330 nec
2554 3293 2762 3346 possunt
2786 3277 2862 3330 vel
2896 3275 3009 3331 volo
3035 3277 3360 3340 respondere.
3395 3274 3457 3330 Si
3484 3277 3680 3330 divino
3736 3292 3859 3329 corsa

2264 3388 2419 3425 sensu
2447 3380 2494 3423 et
2521 3371 2652 3439 regis
2692 3371 2939 3438 largitate
2993 3381 3164 3424 vestra
3193 3369 3457 3434 voluntas,
3515 3370 3611 3439 pia
3660 3384 3866 3438 senaper

2263 3464 2318 3516 in
2351 3478 2452 3525 me,
2477 3462 2560 3514 hic
2586 3459 2976 3529 adimplebitur,
3009 3459 3069 3531 (ς.
3090 3459 3230 3530 115’)
3258 3459 3504 3530 quicquid
3537 3461 3597 3514 in
3643 3461 3746 3514 hoc
3770 3468 3863 3511 aut

2264 3553 2319 3605 in.
2353 3551 2506 3605 rebus
2539 3551 2660 3604 aliis
2698 3567 2792 3621 pro
2829 3551 3020 3605 anima:
3068 3552 3293 3604 remedio
3325 3565 3452 3603 mea:
3477 3559 3527 3603 et
3582 3549 3653 3602 de
3685 3550 3863 3602 debito

2265 3645 2526 3697 commissi
2564 3643 2737 3712 facere
2789 3658 3022 3711 possum,
3047 3641 3261 3694 devotus
3295 3639 3544 3709 implebo.
3583 3638 3705 3693 Hoc
3736 3653 3856 3692 ver-

2266 3736 2390 3789 bum
2451 3735 2835 3788 archiantistes
2890 3733 3122 3802 benigne
3159 3731 3460 3799 suscipiens
3502 3738 3559 3784 et
3607 3729 3862 3792 laudans,

2267 3842 2353 3879 me
2381 3826 2448 3878 ad
2469 3825 2769 3894 cappellam
2794 3823 3060 3879 Brunonis
3087 3821 3345 3892 episc0pi,
3370 3821 3461 3875 ubi
3488 3835 3591 3875 rex
3621 3821 3852 3875 eundem

2265 3915 2632 3985 exspectabat,
2667 3914 2842 3978 duxit,
2867 3923 2922 3970 et
2959 3923 3184 3985 paratus
3208 3912 3300 3945 ‘m
3328 3913 3396 3967 ad
3435 3911 3698 3975 missam,
3747 3911 3854 3980 regi

2263 4022 2352 4060 me
2381 4019 2475 4074 per
2507 4019 2700 4059 manus
2731 4003 2973 4059 tradidit.
2999 4003 3103 4071 Qui
3132 4011 3194 4057 ut
3235 4017 3360 4058 cum
3406 4001 3687 4056 electione
3737 4017 3862 4070 pre.

2264 4095 2493 4153 sentium
2521 4094 2847 4165 pastoralem
2871 4093 3001 4148 mihi
3027 4107 3214 4148 curam
3243 4091 3518 4146 immerito
3549 4089 3860 4146 mmmissit

2263 4204 2385 4244 cum
2406 4187 2622 4254 baculo,
2661 4194 2715 4241 et
2743 4193 3050 4256 prostratus
3078 4200 3290 4240 veniam
3326 4183 3480 4252 petii,
3519 4191 3724 4236 cantor
3774 4179 3860 4232 in.

2268 4279 2487 4341 troitum
2517 4279 2718 4349 incepit
2749 4297 2763 4334 :
2805 4276 3005 4344 Venite,
3047 4276 3301 4330 benedicti
3339 4271 3524 4326 Patris
3552 4273 3681 4325 mei.
3704 4270 3774 4324 Et
3801 4270 3854 4322 in

2268 4371 2456 4438 majori
2484 4371 2710 4426 ecclesia
2742 4384 2929 4425 omnes
2955 4368 3171 4423 interim
3198 4367 3266 4420 ad
3314 4365 3538 4419 missam
3569 4373 3860 4429 campana.-

2267 4459 2597 4515 sonabantur
2627 4477 2644 4525 ;
2671 4460 2814 4528 quod
2843 4458 2944 4512 etsi
2993 4473 3124 4512 casu
3169 4464 3226 4510 et
3265 4469 3370 4510 non
3423 4452 3584 4522 jussu
3620 4448 3854 4518 alicujus

2268 4564 2360 4605 seu
2389 4548 2653 4616 dignitate
2675 4562 2790 4600 mea
2816 4547 3106 4610 evenisset,
3162 4555 3340 4600 tamen
3375 4559 3471 4599 rex
3492 4544 3702 4598 bonum
3750 4542 3861 4595 hoc

2265 4655 2383 4694 esse
2408 4654 2567 4693 omen
2596 4646 2844 4692 testatur.
2881 4636 3110 4691 Peracto
3135 4644 3265 4691 tunc
3292 4635 3364 4690 ibi
3406 4648 3608 4704 magno
3665 4631 3758 4663 ¹¹⁸⁷
3814 4645 3848 4682 a

2266 4729 2518 4784 Brunoue
2540 4730 2834 4785 venerabili
2866 4716 3082 4800 presule
3112 4728 3388 4809 convivio,
3423 4726 3682 4797 proximo
3717 4722 3850 4779 sab-

1870 4859 2106 4914 VARIA‘J
2145 4860 2550 4918 LECTIONES.

593 4949 614 4966 θ
656 4963 755 5004 ³³⁷⁸
779 4964 1054 5012 anihnm
1078 4966 1138 5012 Α.
1164 4964 1220 5012 ς.
1257 4983 1306 5012 Ω.
1335 4966 1491 5012 4⁵009-
1532 4969 1824 5012 Ῐιρηροιιίηνη
1859 4972 2062 5012 ονῖιΙοΙιη·
2091 4974 2377 5012 ςιιιιιῖιιηνο
2405 4975 2556 5012 ruisse
2579 4976 2715 5012 ..δηι-
2739 4975 3003 5012 ιΛρΙοοὸηοη
3034 4973 3101 5012 uls
3137 4971 3368 5012 "pinv-iri
3401 4968 3477 5012 11-
3509 4968 3850 5012 immraloris
