4048 5368
243 337 375 396 1399

1460 341 1969 399 ειιιιοΝιεοΝί-
1999 344 2124 400 LIB.
2168 345 2256 401 Vl.

3354 346 3377 401 1
3388 347 3489 402 530

237 454 365 508 hato
390 450 460 506 ad
486 448 689 505 Novam
721 448 920 506 Urbem
958 450 1107 523 (7‘5I)
1151 452 1418 508 venimus.
1470 453 1547 509 lbi
1584 463 1711 509 tunc
1755 454 1806 508 in
1838 459 1888 515 Α
1915 455 2150 511 divinam
2223 464 2561 526 promeretur
2647 456 2715 512 ad
2779 457 3057 513 dexteram
3130 458 3488 514 vocationem.

235 553 427 599 octavo
455 543 745 598 Dominicm
762 542 1177 613 sollempnitatis
1199 544 1284 599 die
1314 560 1343 599 a
1372 546 1615 615 predicto
1636 545 1817 600 archi-

235 634 812 706 presule,Hilliwardo
842 636 1119 691 confratre
1168 646 1357 692 nostro
1406 637 1711 705 adiuvante,
1762 645 1819 691 et

236 728 571 799 coepiscopis
602 743 709 784 non
738 729 915 783 minus
944 744 1105 797 quain
1132 729 1163 783 4
1193 730 1606 800 asspirantibus,
1637 729 1691 783 in
1732 744 1818 783 re-

236 820 319 891 gis
348 821 619 891 presentia
652 820 906 874 crismate
934 821 984 873 in
1008 822 1346 877 sacerdotem
1377 830 1670 891 perunctus
1696 834 1814 873 sum

236 915 269 969 8
287 912 557 968 Kalendas
590 912 713 967 Mai.
737 912 866 969 lude
889 913 1242 969 Ratisbonam
1269 914 1322 969 in
1341 914 1583 969 Danubio
1599 912 1818 966 ﬂumine

235 1005 456 1075 navigio
481 1006 834 1075 perducimur
864 1005 978 1058 “".

250 1119 261 1125 -
304 1095 394 1151 28.
434 1094 495 1150 In
551 1096 741 1151 diebus
767 1096 870 1150 illis
902 1095 1063 1151 famis
1094 1111 1289 1166 magna
1339 1096 1392 1150 in
1444 1096 1546 1150 hac
1600 1096 1820 1164 regione

237 1188 334 1243 fuit
370 1188 723 1244 “".lnterea
778 1187 1065 1243 Heinricus
1118 1189 1222 1242 dux
1278 1188 1589 1243 rebellionis
1646 1188 1819 1259 gratia

236 1278 544 1336 Bawariam
608 1279 909 1336 clanculum
938 1281 1144 1335 intrare
1169 1295 1509 1349 presumens,
1566 1278 1821 1333 interclu-

236 1387 358 1427 sum
411 1372 513 1427 sibi
543 1372 749 1427 aditum
794 1387 822 1424 a
855 1372 1078 1440 provida
1109 1372 1251 1441 regis
1274 1371 1523 1426 sollercia
1562 1380 1618 1425 ut
1646 1371 1822 1441 primo

235 1464 531 1533 persensit,
563 1480 685 1518 mox
717 1462 969 1533 fugiendo
1000 1466 1311 1517 revertitur.
1342 1464 1605 1531 Quocirca
1630 1462 1822 1532 optimi

235 1553 609 1610 Bavvariorum
659 1555 955 1609 Ratisbone
1011 1554 1175 1626 regali
1217 1556 1395 1611 edicto
1446 1556 1819 1619 conveniunt;

233 1656 295 1700 et
316 1647 568 1719 quamvis
594 1647 656 1717 (f.
674 1647 814 1718 116‘)
843 1647 964 1701 duci
993 1647 1189 1701 suimet
1208 1648 1273 1701 ad
1298 1655 1409 1702 tres
1431 1662 1671 1702 annosse
1692 1645 1825 1700 alte—

238 1755 360 1794 rum
393 1754 501 1793 non
529 1738 732 1810 eligere
757 1754 946 1795 omnes
995 1749 1186 1810 sponte
1230 1739 1502 1809 iurarent,
1536 1747 1715 1793 tamen
1754 1736 1823 1792 ob

1988 547 2078 603 29.
2125 548 2239 601 llex
2282 549 2409 602 dum
2466 550 2604 613 haec,
2655 564 2775 618 quae
2806 564 2948 605 nunc
2995 549 3151 621 longe
3175 566 3492 621 progressus

1918 637 2149 703 aiebam,
2179 639 2419 704 discutit,
2446 640 2513 694 ad
2538 640 2895 695 invadendam
2920 640 3277 710 episcopalem
3304 644 3494 696 cathe-

1921 729 2074 784 dram
2108 728 2265 797 jussu
2318 732 2463 801 regis
2497 746 2596 801 ego
2653 731 3030 801 precedebam.
3086 732 3376 802 Primoque
3428 735 3495 787 ad

1918 830 2130 877 curtem
2165 838 2363 886 meam,
2389 822 2702 877 Sclavonice
2734 822 2960 877 Malacin
2990 824 3081 856 ¹¹⁹⁵
3109 824 3329 889 dictam,
3360 824 3497 878 Teu-

1924 914 2102 969 tonice
2125 925 2304 969 autem
2332 914 2640 986 Egisvillam
2670 915 2840 986 (735),
2872 917 3018 982 veni,
3067 926 3124 971 et
3145 918 3493 986 subsequenti

1920 1003 2040 1061 luce
2075 1005 2230 1075 juxta
2273 1007 2506 1061 Elstram
2535 1005 2755 1061 ﬂuvium
2804 1019 2857 1063 et
2892 1008 3016 1063 lteri
3047 1010 3299 1079 oppidum
3324 1009 3493 1079 (734),

1922 1111 2045 1150 cum
2071 1099 2384 1153 convocatis
2431 1097 2692 1153 tecclesiae
2732 1100 2951 1154 meimet
2994 1098 3207 1155 famulis
3256 1100 3370 1163 “",
3430 1100 3497 1154 ad

1922 1188 2311 1243 consolandum
2356 1196 2635 1259 presentes
2672 1200 2727 1243 et
2772 1192 2839 1245 ad
2886 1192 3496 1246 vocandum‘absentes

1923 1276 2204 1349 loquebar.
2221 1280 2618 1351 Fugeratenim
2643 1282 2878 1336 maxima
2896 1283 3086 1337 horum
3105 1283 3194 1314 ¹¹⁹⁷
3214 1281 3511 1336 multitudo

1926 1373 2123 1426 suimet
2147 1373 2518 1428 inconstancia
2540 1380 2595 1427 et
2626 1374 2990 1428 antecessoris
3033 1374 3136 1428 mei
3186 1373 3507 1427 inﬁrmitate

1923 1465 2223 1535 prevaiida.
2276 1465 2403 1520 Inde
2448 1466 2515 1520 ad
2564 1465 2915 1535 Merseburhg
2966 1466 3343 1535 proﬁciscens,
3405 1480 3507 1533 per

1925 1555 2144 1610 Ericum
2172 1556 2470 1611 antistitem
2496 1556 2667 1628 (755),
2698 1572 2728 1610 a
2750 1556 3114 1612 confratribus
3135 1558 3307 1627 primo
3333 1557 3502 1611 hono—

1926 1648 2077 1702 riﬁce
2104 1659 2408 1718 susceptus,
2447 1648 2873 1703 inthronizabar.
2905 1648 3026 1702 Dies
3062 1648 3337 1702 Dominica
3375 1662 3499 1701 cra—

1928 1740 2290 1805 stinoilluxit,
2323 1749 2378 1795 et
2419 1755 2521 1811 ego
2580 1750 2930 1809 peccatorum
2985 1741 3204 1796 missam
3254 1747 3501 1803 cantans,

214 1832 335 1869 α¹¹⁹⁶
366 1832 469 1885 hoc
515 1847 546 1885 a
593 1847 724 1902 rege
763 1831 989 1903 jurgati,
1021 1832 1306 1887 blandiciis
1357 1841 1517 1901 atque
1561 1831 1721 1886 minis
1751 1831 1820 1885 ab
1849 1810 1897 1873 Β
1927 1832 2152 1902 p0pulos
2184 1810 2540 1888 advenientes
2576 1833 2935 1887 amonicionis
2968 1842 3190 1902 egentes
3224 1831 3317 1864 ⁸¹⁹⁸
3348 1831 3504 1885 insti-

240 1924 361 1989 ejus
387 1923 651 1978 famulatu
684 1934 736 1979 et
772 1924 977 1980 auxilio
1000 1924 1358 1987 deducuntur,
1382 1924 1593 1992 sibique
1618 1922 1827 1992 specia-

237 2016 369 2071 liter
399 2026 772 2072 assumuntur.
801 2018 875 2073 lbi
913 2028 1040 2074 tunc
1064 2016 1373 2073 confratres
1400 2018 1466 2073 de
1495 2016 1829 2072 monasterio

232 2106 448 2162 Christi
482 2108 727 2162 martiris
752 2109 1157 2177 Emmerammi,
1200 2110 1344 2179 quod
1374 2109 1636 2164 Arnulfus
1661 2110 1831 2178 impe-

242 2208 397 2252 rator
421 2199 473 2252 in
507 2200 764 2255 honorem
804 2201 919 2271 ejus
950 2203 1280 2269 construxit,
1314 2202 1511 2272 hicque
1537 2204 1603 2257 ad
1636 2217 1832 2272 corpo-

244 2290 437 2344 raliter
465 2290 555 2322 ¹⁶⁹¹
586 2293 924 2361 pausandum
958 2294 1147 2364 elegit,
1182 2294 1515 2348 unanimiter
1546 2294 1688 2364 regis
1738 2309 1833 2363 pe-

235 2380 405 2437 dibus
430 2383 720 2452 provoluti,
759 2400 826 2437 ex
856 2395 1012 2454 parte
1035 2386 1267 2455 presulis
1298 2388 1496 2441 suimet
1525 2385 1832 2441 Gcbehardi

244 2474 419 2527 multa
450 2475 697 2530 ﬂebiliter
731 2476 845 2542 ω’,
874 2492 962 2531 me
989 2479 1180 2532 eadem
1210 2478 1483 2543 audiente,
1507 2486 1829 2547 queruntur,

241 2575 301 2619 et.
329 2565 454 2619 laici
482 2576 765 2636 presentes
782 2570 993 2638 magnis
1021 2570 1501 2625 lamentationibus
1518 2572 1624 2625 hiis
1647 2571 1835 2626 subse-

238 2665 514 2727 quuntur.
534 2657 757 2714 DilIicile
775 2670 859 2715 est
884 2662 1015 2715 mihi
1044 2677 1303 2717 enarrare
1318 2671 1371 2716 et
1399 2663 1560 2717 alicui
1586 2662 1832 2727 credere,

243 2760 460 2818 quanta
488 2750 552 2806 de
580 2753 683 2807 hoc
712 2753 940 2823 populus
979 2754 1085 2810 sibi
1116 2756 1363 2810 subditus
1399 2756 1466 2809 ad
1487 2770 1683 2808 vanam
1712 2770 1837 2823 per-

245 2842 481 2896 tinentia
510 2845 948 2915 superstitionem
976 2848 1280 2918 anim-«eque
1315 2847 1699 2902 detrimentum
1725 2863 1837 2901 suae

245 2934 570 2989 dissereret.
601 2935 715 2994 Hoc.
751 2938 925 2992 solum
951 2938 1086 3002 scio,
1140 2939 1283 3008 quod
1330 2939 1577 2993 moribus
1616 2948 1671 2994 et
1700 2940 1838 2993 raris

247 3025 611 3093 apparatibus
650 3027 774 3082 huic
804 3028 1033 3083 similem
1067 3043 1362 3098 numquam
1390 3030 1519 3096 vidi,
1547 3044 1723 3099 neque
1747 3028 1838 3060 “”

1930 1924 2100 1988 tui,et
2122 1933 2338 1994 peccata
2362 1923 2758 1977 conlidentibus
2781 1923 2957 1976 divina
2980 1930 3269 1991 potestate,
3294 1921 3354 1991 (f.
3383 1920 3506 1989 H7)

1931 2026 2109 2073 tamen
2148 2017 2463 2071 inﬁrmitate
2494 2031 2635 2081 mea,
2660 2016 2870 2071 resolvi.
2901 2016 2958 2069 2.
3004 2014 3136 2069 feria
3170 2011 3505 2083 rogationum

1933 2112 2025 2144 “9’
2052 2113 2166 2166 dies
2196 2110 2461 2180 incipiunt
2492 2108 2649 2179 (Mai.
2669 2109 2853 2175 25),et
2875 2110 3001 2164 hinc
3021 2108 3088 2163 ad
3113 2104 3509 2176 Hagadaburhg

1933 2204 2203 2275 peticione
2235 2202 2651 2257 archiantistitis
2675 2202 2778 2256 mei
2803 2216 3056 2270 pergens,
3084 2200 3117 2253 4
3164 2198 3299 2252 feria
3329 2212 3359 2251 a
3403 2198 3510 2266 spi-

1935 2295 2219 2349 ritualibus
2242 2296 2463 2349 meimet
2485 2293 2886 2354 fratribus,non
2910 2308 3007 2363 pro
3033 2291 3291 2362 qualitate
3312 2288 3509 2353 meriti,

1934 2396 2018 2440 set
2062 2403 2158 2457 pro
2201 2387 2503 2456 quantitate
2555 2386 2758 2439 amoris
2802 2385 3091 2447 inmensis,
3150 2380 3509 2449 succipiebar.

1933 2478 2548 2534 Ascensionisinclitum
2572 2486 2626 2530 et
2654 2475 2833 2545 regale
2875 2475 3177 2529 misterium
3216 2471 3373 2541 (Μαί.
3420 2469 3512 2541 26)

1936 2572 2205 2625 communi
2237 2571 2523 2626 devotione
2549 2582 2647 2638 pro
2681 2577 2867 2622 nostra
2898 2564 3259 2637 possibilitate
3301 2561 3515 2633 peregi-

1938 2680 2079 2719 IDUS.

2009 2755 2098 2809 50.
2137 2753 2263 2808 lude
2292 2754 2358 2806 ad
2381 2750 2674 2813 Wallibizi,
2702 2749 2791 2803 ubi
2813 2756 2943 2803 tunc
2972 2746 3274 2816 prepositus
3303 2741 3517 2798 confra-

1940 2855 2053 2901 tres
2084 2845 2195 2899 Deo
2223 2856 2543 2912 semperque
2566 2841 2757 2911 virgini
2791 2839 2973 2894 Mariae
2994 2837 3189 2893 ibidem
3219 2835 3519 2890 servientes

1941 2938 1972 2991 7
2002 2951 2175 2992 annos
2221 2952 2285 2989 ac
2330 2944 2442 2989 tres
2487 2932 2818 2987 ebdomadas
2847 2931 2938 2962 ¹¹⁰⁰
2987 2939 3041 2984 et
3072 2938 3182 2983 tres
3212 2927 3327 2982 dies
3376 2927 3518 2991 rexi,

1942 3039 2152 3085 tantum
2184 3044 2320 3082 onus
2353 3025 2686 3087 Simouiaco,
2724 3038 2823 3093 pro
2862 3022 3053 3077 dolor!
3087 3019 3308 3074 subiens
3337 3032 3521 3072 exem-

246 3116 322 3169 de
380 3116 772 3185 antiquioribus
826 3119 1028 3174 audivi.
1079 3118 1135 3174 Si
1188 3120 1448 3175 interiora
1479 3121 1839 3175 exterioribus
1869 3162 1913 3221 Ο
1942 3122 2030 3192 plo
2054 3135 2159 3174 non
2182 3120 2233 3173 in
2256 3116 2690 3188 pecunia,sedin
2714 3115 2900 3185 predio
2920 3124 3112 3183 patruo
3135 3111 3352 3165 meimet
3374 3110 3519 3162 dato.

481 3208 492 3221 ι
575 3218 584 3221 -
720 3220 725 3221 ,
847 3210 877 3221 ι.
1042 3220 1045 3221 ,
1253 3212 1263 3221 .
1500 3211 1631 3221 ι--ιι
1686 3211 1698 3221 ι
1946 3215 1961 3221 -
2035 3214 2047 3221 .
2258 3211 2270 3221 1
2493 3208 2504 3221 ι
2583 3208 2592 3221 ι
2619 3207 2669 3221 ιι·
2959 3205 2988 3221 ιο
3030 3213 3040 3221 .
3068 3202 3167 3221 ,'_.!
3206 3199 3263 3221 1--
3290 3200 3401 3221 12⁸2..
3432 3212 3495 3221 -.Α

243 3208 611 3271 concordant,
642 3220 734 3263 aut
756 3210 949 3266 melior
971 3220 1055 3265 est
1082 3212 1318 3277 caateris,
1375 3221 1466 3266 aut
1491 3211 1638 3282 (732)
1686 3211 1842 3279 longe

247 3303 509 3359 inferior.
546 3306 758 3374 Optime
784 3309 935 3377 prius
957 3308 1102 3362 culta
1141 3309 1385 3371 diruens,
1412 3308 1567 3362 novis
1627 3308 1845 3361 insudat

249 3397 518 3451 maximis
559 3397 851 3454 laboribus.
870 3398 1112 3454 Patriam
1141 3415 1262 3454 cum
1292 3399 1600 3455 commissis
1622 3399 1843 3463 deserit,

252 3488 463 3551 aliena,
493 3498 548 3544 et
579 3492 824 3559 quamvis
848 3492 1005 3561 longe
1036 3502 1179 3553 sunt,
1213 3492 1565 3561 supervacuis
1589 3491 1842 3557 cultibus,

254 3578 415 3632 colit.
440 3578 609 3634 Deum
642 3591 827 3645 testor,
851 3583 996 3653 quod
1029 3598 1134 3636 non
1164 3583 1234 3637 ob
1263 3583 1732 3651 reprehensionem
1765 3582 1847 3636 sui

254 3678 471 3733 tantum
501 3671 619 3725 haec
645 3672 834 3741 loquor
855 3705 926 3715 -—
946 3676 1067 3743 quia
1096 3683 1278 3729 nostra
1304 3673 1567 3743 fragilitas
1586 3674 1637 3727 in
1668 3674 1849 3742 proxi-

256 3761 369 3815 mis
400 3761 808 3829 dissimulanda,
836 3774 891 3819 et
916 3767 986 3820 ob
1011 3765 1448 3821 melioracionem
1474 3774 1556 3819 est
1575 3766 1860 3835 castigan4

255 3851 719 3922 da-—-quantum
776 3857 1012 3911 veritate
1068 3857 1132 3910 ad
1188 3858 1291 3911 hoc
1342 3871 1428 3909 me
1492 3857 1851 3925 persuadente

258 3942 623 3999 vehementer
680 3947 781 4003 hoc
827 3963 948 4001 cum
991 3948 1174 4002 multis
1225 3948 1509 4002 ammiror.
1568 3948 1852 4019 Pr0picius

260 4032 328 4100 (f.
360 4033 501 4101 li6‘)
538 4036 611 4089 illi
646 4038 805 4103 Deus,
831 4049 889 4092 ut
916 4039 961 4093 si
1004 4041 1118 4094 haec
1147 4040 1618 4110 hona‘intentione
1663 4041 1850 4105 faciat,

259 4124 320 4179 in
346 4126 825 4192 justifieatiouibus
858 4132 951 4186 Dei
979 4132 1099 4186 sine
1149 4132 1370 4201 querela
1428 4147 1647 4187 cursum
1695 4131 1855 4201 hujus

256 4218 722 4287 peregrinationis
749 4220 983 4275 incedat.
1031 4220 1088 4275 Si
1116 4231 1294 4275 autem
1339 4232 1551 4276 tumore
1596 4221 1855 4276 elacionis

258 4308 459 4376 aliquo
490 4311 660 4380 magis
711 4309 925 4365 inflatus
951 4327 1112 4380 quam
1138 4312 1229 4343 “9‘
1259 4312 1461 4365 amoris
1483 4310 1671 4365 fomite
1693 4312 1854 4380 spiri-

254 4398 435 4451 tualis
467 4407 611 4452 tanta
636 4411 916 4468 operatur,
952 4402 1020 4455 ad
1056 4401 1469 4469 vituperandam
1509 4401 1682 4454 solum
1732 4416 1857 4469 pre-

1944 3215 2001 3269 lu
2035 3214 2140 3267 hoc
2164 3211 2391 3264 multum
2421 3207 2723 3276 culpabilis,
2757 3220 2916 3275 spero
2940 3202 3169 3259 distriCIi
3200 3199 3405 3254 Iudicis
3432 3212 3523 3252 ve-

1947 3305 2115 3370 niam,
2148 3303 2273 3373 quia
2302 3303 2370 3355 ob
2401 3298 2796 3354 defendendum
2839 3310 3056 3366 gregem
3101 3294 3440 3348 Dominicum
3470 3298 3533 3343 et.

1948 3397 2195 3452 instituta
2228 3403 2514 3465 parentum
2544 3390 2883 3445 observanda
2924 3386 3091 3441 multo
3117 3385 3288 3454 magis
3340 3382 3389 3436 id
3417 3382 3525 3451 egi.

1947 3490 2089 3560 Ergo
2134 3499 2184 3543 te
2227 3488 2484 3542 lectorem
2516 3498 2612 3553 per
2636 3482 2802 3537 Deum
2837 3490 3024 3545 testor,
3052 3491 3110 3533 ut
3140 3487 3342 3532 textum
3368 3478 3528 3542 hujus

1950 3578 2285 3635 narrationis
2309 3574 2584 3645 inspicias,
2611 3582 2665 3627 et
2688 3586 2787 3641 pro
2816 3570 3075 3639 qualitate
3118 3566 3296 3622 meriti
3323 3566 3530 3619 discor-

1952 3687 2069 3736 nas,
2099 3666 2596 3733 examinatorisque
2632 3662 2847 3717 venturi
2894 3659 3168 3715 horridam
3230 3656 3421 3709 faciem
3453 3653 3532 3705 la—

1952 3760 2219 3818 crimabili
2252 3755 2645 3827 supplicatione
2676 3765 3029 3823 preoccupes.
3070 3749 3218 3803 Avus
3260 3759 3434 3807 meos,
3466 3745 3543 3796 de

1953 3870 2062 3925 quo
2088 3852 2294 3923 predixi
2324 3848 2497 3920 (756),
2526 3845 3155 3911 Liulharius,postquam
3181 3840 3232 3892 in
3250 3836 3538 3891 dominum.

1954 3946 2151 4001 suimet
2176 3952 2230 3998 et
2256 3955 2434 4010 regem
2463 3936 2721 4006 deliquid,
2763 3949 2953 3989 nevam
2994 3934 3134 3987 hanc
3170 3928 3390 3983 abluere
3444 3939 3532 3977 se—

1956 4034 2079 4090 dulo
2114 4032 2386 4104 cogitavit.
2418 4030 2567 4085 Unde
2590 4026 2982 4081 monasterium
3007 4024 3058 4077 in
3083 4022 3224 4085 loco,
3248 4018 3337 4087 qui
3365 4015 3535 4069 Rivus

1959 4127 2047 4158 ⁸³⁸³
2076 4127 2273 4180 dicitur
2293 4123 2591 4183 silvaticus,
2620 4120 2673 4173 in
2692 4121 2896 4172 honore
2916 4124 3117 4171 sancta:
3142 4112 3234 4167 Dei
3257 4106 3539 4179 genitricis

1959 4218 2283 4280 construxit,
2300 4216 2607 4281 ibidemque
2618 4211 2945 4281 Willigisum
2974 4206 3160 4262 statuit
3178 4200 3533 4273 prepositum,

1957 4307 2261 4365 concedens
2284 4304 2543 4358 fratribus
2572 4301 2674 4354 hiis
2697 4300 2764 4352 ad
2797 4300 2972 4352 victus
2992 4296 3328 4362 vestitusque
3348 4302 3537 4344 neces-

1962 4401 2103 4453 saria
2134 4397 2398 4453 decimam
2431 4391 2751 4446 hereditatis
2782 4402 2893 4444 sua:
2929 4398 3158 4458 partem.
3192 4384 3310 4451 Quo
3365 4381 3539 4436 disce-

256 4490 509 4545 sentium
535 4494 1028 4557 conversationem,
1078 4502 1430 4549 convertatur
1450 4494 1518 4548 ab
1550 4494 1853 4563 iniquitati-
1887 4505 1934 4563 ι)
1960 4490 2138 4556 dente,
2175 4504 2309 4542 uxor
2331 4503 2425 4541 sua
2451 4482 2722 4537 Mahtildis
2751 4491 2930 4536 votum
2958 4478 3138 4534 dilecti
3166 4473 3400 4531 senioris
3428 4470 3533 4530 sui.

259 4579 377 4633 bus
406 4580 538 4643 suis,
586 4597 649 4636 ac
671 4598 766 4652 per
799 4584 1159 4640 lucraeionem
1185 4585 1511 4639 secularium
1537 4586 1855 4640 aediﬁcatio—

256 4685 401 4725 nem
453 4672 686 4729 ﬁdelium
715 4686 979 4745 sequutus
1017 4678 1343 4740 animarum,
1382 4677 1529 4731 nullo
1578 4685 1859 4746 prematur

258 4761 604 4819 detrimento
648 4769 751 4822 sui.
815 4769 962 4823 Felix
995 4778 1078 4823 est
1122 4770 1173 4822 in
1209 4767 1450 4832 Christo,
1477 4769 1568 4839 qui
1597 4777 1858 4822 reternam

255 4853 507 4926 iusticie:
525 4858 670 4914 cultu
694 4863 1032 4929 memoriam,
1050 4869 1104 4916 et
1123 4876 1153 4915 a
1175 4859 1317 4916 malo
1332 4876 1625 4932 suspensus
1647 4857 1859 4924 auditu,

1962 4581 2267 4636 faventibus
2299 4579 2364 4632 ad
2405 4579 2520 4630 hasc
2549 4574 2759 4629 duobus
2814 4573 3007 4628 suimet
3058 4570 3185 4624 ﬁliis
3210 4609 3225 4633 ,
3275 4564 3542 4638 perﬁcere

1963 4672 2257 4734 nnhelavit,
2290 4669 2351 4740 (f.
2380 4668 2520 4736 HT)
2548 4676 2603 4720 et
2654 4675 2778 4736 post
2818 4666 3026 4720 obitum
3067 4661 3324 4732 Willigisi
3368 4651 3551 4723 patris

1963 4764 2161 4835 egregii
2197 4763 2289 4793 “°'
2320 4759 2701 4830 chinbertum
2728 4759 2793 4812 de
2823 4755 3070 4812 orientali
3096 4752 3335 4808 Francia
3362 4750 3555 4799 natum

1966 4855 2259 4912 succedere
2283 4853 2429 4908 fecit.
2458 4850 2557 4904 llic
2586 4850 2817 4905 decurso
2838 4846 3128 4903 multorum
3163 4844 3368 4911 spacio
3402 4839 3571 4884 anne-

1590 5014 1826 5076 VARL/E
1871 5014 2277 5073 LECTIONES.

362 5156 454 5191 ⁸⁸⁸⁸
482 5157 780 5204 ηρνιῖιιηῖηι’
808 5157 857 5204 1.
966 5154 1056 5189 ⁸⁸⁸9
1081 5155 1137 5204 In
1164 5184 1232 5194 —-
1253 5151 1353 5204 fuit
1384 5157 1508 5204 ηΑτι.
1537 5153 1620 5204 Η).

1752 5146 1848 5179 ¹¹⁹⁸
1878 5152 1951 5203 ab
1986 5150 2065 5203 la.

3143 5120 3285 5146 σε--
3341 5128 3356 5139 ι

2168 5148 2254 5181 ¹¹⁹¹
2293 5139 2650 5204 corparaliter
2692 5133 2783 5187 la.
2818 5127 3013 5180 mni"!
