4048 5368
1897 331 1961 344 O-n-

551 423 682 484 αδδς
1445 431 1818 492 THIETMARI
1857 410 2477 492 usaseauacassm
2516 433 2819 492 EPISCOPI
3670 377 3795 485 ista

552 555 694 600 rum,
744 549 956 599 mortuo
985 543 1077 584 “‘1'
1134 552 1258 603 tunc
1301 559 1454 616 patre
1495 565 1615 605 meo
1667 559 1722 606 et
1774 559 1944 605 matre
1977 551 2114 620 ejus,
2151 563 2193 614 Α
2225 546 2384 620 plevi.
2417 549 2729 606 Presbiterii
2781 561 2908 604 vero
2951 545 3264 618 dignitatem
3308 545 3371 600 i9.
3405 543 3679 600 Kalendas
3715 543 3800 596 Ja-

553 633 756 689 auxilio
800 637 974 704 patrui
1023 637 1534 695 meimetLiutharii
1579 643 1829 711 Antiquae
1886 643 2124 697 civitatis
2227 644 2404 697 nuarii
2457 657 2486 695 a
2532 641 2742 712 prefato
2798 639 3225 708 archiepiscopo,
3268 647 3530 711 presente
3557 635 3806 689 Heinrico

506 744 509 745 '
559 725 704 793 (757)
735 727 960 781 antistes
993 743 1022 782 a
1055 728 1222 784 ternio
1245 729 1445 786 Ottone
1474 731 1697 788 effectus
1722 744 1824 787 est.
1851 733 1974 786 Fuit
2001 741 2127 788 tunc
2230 749 2356 804 rege
2389 743 2443 788 et
2492 733 2728 788 casulam
2759 733 2887 786 mihi
2923 733 3180 802 optimam
3229 731 3520 800 largiente,
3565 729 3811 795 indignus

554 819 614 871 in
636 830 819 874 nostra
850 823 1126 878 vicinitate
1152 825 1383 880 clericus
1413 827 1608 882 nobilis
1630 843 1849 897 genere,
1882 828 2129 882 Thiedri-
2232 823 2443 894 percepi
2475 823 2584 893 (αιι.
2617 821 2770 876 1008.
2807 819 2923 874 Oct.
2959 821 3065 890 ll).
3108 820 3410 888 Antequam
3443 832 3582 872 vero
3612 816 3815 885 episco-

559 924 657 964 cus
670 913 1006 985 nomine,qui
1025 932 1186 972 suasu
1211 917 1402 987 prefuit
1429 923 1641 975 comitis
1662 920 1958 975 (ιρεθιηηοι
1981 915 2130 975 man.
2231 928 2332 983 pas
2360 913 2645 967 ordinarer
2675 913 2727 966 in
2769 928 2832 966 ea
2883 913 3178 966 ebdomada
3209 928 3315 981 qua
3349 909 3682 966 recordacio
3711 907 3817 960 fra-

560 1006 638 1058 sis
662 1008 1052 1076 prepmituram
1072 1010 1212 1066 hanc
1238 1014 1592 1082 comparavit.
1638 1013 1754 1080 Quo
1772 1022 1848 1067 tot
1868 1014 2024 1068 annis
2051 1014 2133 1068 vel
2236 1014 2375 1058 trum
2407 1021 2436 1058 a
2479 1005 2692 1060 cunctis
2747 1004 2994 1059 fidelibus
3041 1004 3416 1058 universaliter
3472 1000 3825 1057 celebratu‘.

563 1097 680 1166 plus
711 1100 951 1163 sedente,
984 1101 1236 1158 defuncta
1266 1114 1438 1159 matre
1467 1120 1606 1168 mea,
1632 1121 1730 1175 ego
1752 1105 1911 1160 heres
1936 1106 2135 1160 tercius
2237 1098 2359 1151 talia
2387 1113 2482 1168 per
2510 1113 2757 1152 somnum
2785 1098 3000 1166 quidam
3027 1097 3155 1151 mihi
3181 1097 3402 1151 nunciat
3433 1095 3495 1166 (f.
3534 1093 3696 1162 HS')
3723 1111 3740 1145 :
3766 1089 3826 1144 In

563 1189 824 1255 successi,
851 1199 905 1245 et
932 1193 1102 1262 predii
1137 1196 1478 1250 medietatem
1513 1196 1630 1260 ¹²⁰⁸,
1681 1211 1801 1265 qua:
1850 1196 2135 1252 ccnobium
2236 1191 2354 1254 hoc,
2389 1190 2658 1258 inquiens,
2689 1205 2826 1241 anno
2867 1187 3042 1256 presul
3069 1186 3352 1241 flillericus
3374 1197 3424 1240 et
3473 1184 3711 1238 Meinn’c
3740 1182 3828 1234 dc-

565 1283 2136 1358 respiciehatpreratum,acontratribus"°°meissusccpi.
2237 1295 2400 1332 canus
2431 1295 2492 1332 ac
2521 1290 2577 1332 tu
2624 1280 2933 1332 mandatum
2973 1276 3066 1330 Dei
3111 1277 3306 1346 inplere
3351 1277 3575 1329 debetis.
3612 1273 3714 1328 Cui
3761 1273 3833 1326 sic

563 1374 703 1428 Exin
733 1385 980 1444 patruum
1005 1393 1130 1447 sepe
1154 1379 1468 1448 alloquebar
1489 1396 1690 1444 meum,
1717 1389 1982 1450 quatenus
2007 1379 2139 1432 mihi

565 1466 754 1522 liceret
773 1483 958 1522 curam
989 1471 1168 1524 subire
1198 1472 1494 1540 predictam
1521 1490 1534 1538 ;
1587 1482 1640 1527 et
1671 1474 1713 1526 si
1749 1488 1853 1527 non
1877 1471 2141 1538 potuisset

568 1559 622 1613 id
662 1559 780 1614 fieri
807 1561 966 1627 dono,
1001 1561 1192 1616 saltem
1226 1564 1667 1638 fierct‘mcdiocri
1700 1564 1900 1632 precio.
1936 1561 2032 1616 llic
2050 1563 2141 1594 ¹²⁰⁷

566 1659 689 1718 post
736 1651 949 1721 longam
997 1654 1163 1708 animi
1223 1657 1522 1710 constantis
1553 1656 1994 1715 deliberationem
2027 1656 2144 1720 “".

568 1743 876 1812 posthabito
911 1746 1156 1801 caritatis
1189 1759 1240 1800 et
1273 1747 1550 1802 affinitatis
1595 1748 1807 1814 debito,
1858 1763 2050 1818 magna
2080 1763 2145 1801 ex

570 1846 725 1905 parte
750 1852 866 1890 mea
889 1838 1164 1907 poposcit;
1194 1848 1249 1894 et
1278 1841 1402 1908 quia
1440 1840 1494 1894 in
1529 1839 1790 1896 fratribus
1839 1841 1976 1895 meis
2003 1839 2148 1893 nullo

2241 1370 2631 1438 respondebam
2662 1387 2675 1422 :
2709 1366 2774 1421 Ut
2798 1368 2863 1420 sit
2891 1366 3127 1420 voluntas
3163 1367 3216 1420 in
3256 1367 3404 1427 cwlo,
3430 1369 3509 1420 sic
3535 1366 3658 1432 ﬁat.
3692 1363 3758 1418 Et
3784 1364 3834 1432 in

2243 1458 2358 1526 ipso
2405 1471 2588 1512 mense
2632 1466 2684 1511 et
2738 1457 2789 1511 in
2851 1457 3004 1510 tertia
3032 1455 3124 1486 ““
3170 1454 3438 1510 Kalendas
3485 1454 3835 1512 Novembris,

2243 1566 2361 1618 qua:
2410 1561 2534 1602 tunc
2576 1549 2818 1618 proxima
2867 1547 2986 1612 fuit,
3038 1547 3266 1600 antistes
3299 1548 3598 1617 predictus,
3637 1555 3696 1596 ut
3740 1545 3836 1598 sibi

2246 1647 2395 1711 prius
2429 1641 2721 1695 revelatum
2749 1647 2852 1702 est,
2886 1639 2936 1692 in
2971 1637 3184 1692 Christo
3210 1638 3484 1692 exhalavit
3515 1636 3693 1708 (735).
3737 1634 3840 1687 Sed

2247 1734 2368 1801 quia
2405 1733 2546 1786 Deus
2596 1731 2936 1800 omnipotens
2986 1732 3276 1784 humanam
3322 1728 3683 1798 fragilitatem
3720 1741 3840 1795 sepe

2249 1825 2504 1895 dignatur
2545 1824 2635 1856 ""
2683 1808 2901 1877 visitare
2939 1832 2992 1875 et
3031 1819 3337 1885 consulari,
3393 1833 3704 1887 congruum
3763 1826 3843 1872 εει

573 1927 797 1982 fruebar
816 1929 1183 1994 amminiculo,
1214 1931 1483 1986 desiderio
1520 1931 1788 2000 ejusdem,
1819 1946 1917 2001 pro
1963 1931 2142 1986 dolor!

2271 1915 2499 1970 audibus
2533 1923 2588 1968 et
2615 1913 2833 1984 scriptis
2882 1915 2983 1966 hoc
3009 1913 3238 1981 posteris
3270 1913 3646 1971 innotescere,
3675 1919 3733 1961 ut
3753 1907 3841 1938 ““

571 2023 844 2089 consensi,
868 2036 932 2076 ac
955 2022 1193 2092 ejusdem
1229 2024 1509 2092 azcclesite,
1537 2027 1690 2096 cujus
1715 2035 1841 2079 tunc
1869 2024 1943 2078 fui
1969 2033 2150 2094 pater-

572 2130 641 2169 na
680 2118 979 2173 tradicione
1025 2132 1233 2180 servus,
1266 2118 1562 2173 Dominicte
1615 2119 1707 2152 ¹²⁰⁶
1762 2115 2154 2172 incarnationis

577 2223 721 2264 anno
764 2211 1048 2267 millesimo
1085 2211 1120 2263 2
1168 2210 1346 2266 Nonas
1386 2211 1487 2265 Mai
1529 2220 1716 2266 custos
1755 2208 1980 2265 effectus
2009 2223 2153 2273 sum,

582 2315 854 2361 annuente
881 2307 931 2360 id
957 2316 1306 2362 antecessore
1331 2319 1450 2360 meo
1479 2305 1548 2358 ob
1594 2312 1871 2372 acceptam
1917 2317 2157 2356 commu-

579 2399 840 2453 tationem
869 2397 970 2452 sibi
999 2398 1272 2468 placitam.
1298 2396 1355 2450 ln
1385 2397 1488 2451 hoc
1522 2395 1688 2450 oflitio
1715 2396 1832 2464 plus
1860 2395 2160 2463 iniquitatis

580 2507 744 2563 quam
769 2492 961 2546 divinae
981 2491 1248 2562 aequitatis
1276 2491 1489 2545 ociosus
1515 2498 1764 2559 operator
1785 2487 1962 2556 exegi.
1992 2497 2044 2540 et
2062 2501 2160 2554 pro

580 2586 688 2639 hoc
719 2585 909 2654 dignos
932 2583 1244 2654 penitentiae
1292 2582 1499 2637 fructus
1552 2597 1846 2650 numquam
1903 2594 2161 2635 exercere

585 2675 842 2730 conabar.
898 2673 1013 2731 Non
1062 2675 1226 2728 ullum
1279 2671 1764 2744 consanguinitatis
1829 2673 1966 2726 linea
2031 2670 2162 2724 mihi

586 2765 683 2836 (Li
696 2766 1132 2837 l8)conjunctum
1154 2779 1368 2830 accuso,
1384 2764 1625 2820 sedbona
1641 2779 1738 2833 pro
1752 2761 2165 2816 maliscnmibus

585 2855 674 2910 his
695 2854 969 2926 exflagito.
1001 2855 1204 2910 Mortua
1237 2870 1406 2909 uxore
1445 2853 1628 2908 fratris
1652 2854 1776 2916 mei,
1809 2859 2024 2921 rogatus
2047 2864 2165 2902 sum

588 2949 658 3003 ab
683 2963 771 3012 eo,
823 2959 882 3004 ut
934 2949 1028 2982 ⁸³⁸⁸
1070 2949 1400 3019 sepulturam
1437 2947 1485 3001 ei
1542 2959 1829 3014 preparare
1878 2943 2167 2997 voluissem

597 3047 862 3109 optatam.
899 3037 1006 3094 Sed
1039 3051 1160 3092 cum
1193 3039 1386 3093 scirem
1430 3036 1759 3106 Willigisum
1807 3032 2170 3088 venerabilem

594 3129 671 3184 ibi
716 3143 836 3184 esse
885 3128 1232 3194 tumulatum,
1281 3128 1456 3197 primo
1499 3126 1719 3189 rennui,
1777 3139 1842 3179 ac
1895 3133 2172 3194 postremo

594 3230 807 3276 rectum
854 3231 910 3276 et
946 3222 1204 3291 pudorem
1259 3220 1523 3274 voluntati
1575 3220 1815 3289 ejusdem
1873 3216 2170 3286 supposui,

598 3313 873 3383 miserque
896 3327 1180 3383 aggressus
1205 3328 1344 3376 sum,
1370 3311 1511 3380 quod
1537 3312 1738 3364 utinam
1762 3324 1865 3362 non
1894 3307 2173 3370 fecissem;

605 3412 663 3457 et
693 3405 834 3472 quod
869 3403 1121 3472 gentibus
1153 3402 1305 3457 nefas
1353 3401 1659 3464 videbatur,
1691 3401 2030 3454 Christianus
2081 3411 2180 3466 ego

604 3495 661 3547 in
685 3494 988 3564 dejectione
1013 3493 1244 3561 sepulcri
1277 3499 1330 3547 et
1384 3493 1584 3546 ossium
1614 3491 1703 3522 "‘i
1733 3489 2025 3544 confratris
2074 3487 2178 3540 mei

606 3585 899 3653 operabar,
929 3594 984 3638 et
1006 3585 1228 3639 calicem
1262 3591 1603 3649 argenteum,
1646 3597 1804 3650 quem
1839 3580 1910 3634 ibi
1941 3579 2183 3632 invenie-

607 3678 764 3741 bam,
817 3676 1142 3746 pauperibus
1189 3675 1254 3727 ad
1301 3673 1644 3729 dividendum
1700 3669 1964 3726 reservari
2005 3667 2183 3737 preci-

609 3767 860 3836 piebam,
944 3781 1102 3836 quem
1158 3775 1340 3836 postea
1401 3764 1706 3818 nullatenus
1764 3761 2184 3830 comperiebam.

610 3855 818 3922 Agnovi
871 3866 995 3927 post
1058 3857 1148 3887 “"
1201 3857 1252 3910 in
1286 3855 1602 3910 infirmitate
1656 3853 1924 3922 sequenti,
1975 3851 2098 3920 quia
2133 3851 2187 3903 in

616 3945 784 4000 Deum
814 3947 977 4001 nimis
1013 3947 1248 4016 peccavi.
1275 3945 1380 4000 Sed
1421 3959 1544 3999 cum
1587 3945 1726 3998 hanc
1753 3942 1934 3996 divino
1971 3954 2192 4008 supera-

616 4057 733 4095 rem
763 4041 986 4106 auxilio,
1029 4027 1190 4096 causa
1246 4041 1508 4095 orationis
1551 4038 1826 4094 Coloniam
1858 4032 2195 4108 pecii.‘Qua-

618 4132 742 4186 dam
772 4143 952 4186 autem
980 4139 1136 4186 nocte
1166 4133 1390 4186 audiens
1412 4129 1703 4185 clamorem
1726 4130 2050 4191 inmensum,
2068 4125 2195 4194 quid

619 4225 724 4278 hoc
750 4235 892 4280 esset
918 4233 1264 4296 percontatus
1285 4239 1424 4279 sum.
1476 4221 1544 4276 Et
1575 4223 1656 4275 hic
1680 4239 1770 4292 ego
1811 4237 1947 4284 sum,
1986 4218 2195 4287 inquid,

627 4314 942 4387 Willigisus,
972 4320 1060 4388 qui
1091 4317 1244 4386 culpa
1267 4319 1344 4370 tui
1364 4334 1544 4371 errans
1569 4332 1746 4384 vagor.
1777 4310 2198 4381 Expergefactus

628 4423 752 4460 mox
786 4410 1038 4478 obstupui
1069 4409 1180 4472 ω’,
1213 4420 1267 4462 et
1298 4423 1467 4478 usque
1493 4409 1619 4472 huc,
1669 4417 1722 4460 et
1769 4403 2022 4475 quamdiu
2056 4401 2196 4462 vivo,

626 4497 911 4563 culpabilis
951 4501 1050 4553 hoc
1077 4501 1390 4570 ingemisco.

2255 2009 2693 2082 giorificctur""
2743 2022 2936 2060 nomen
2978 2006 3210 2070 Domini,
3261 2015 3316 2057 et
3351 2003 3656 2074 prospiciat
3690 2003 3845 2054 homo

2257 2101 2520 2157 instabilis
2553 2101 2673 2154 sibi.
2718 2099 2917 2153 Praesul
2955 2104 3472 2164 supramemoratus,
3513 2096 3566 2148 in
3597 2094 3848 2162 Magada-

2255 2195 2395 2264 burg
2421 2191 2782 2246 invalescente
2807 2190 3062 2260 priusum
3106 2188 3272 2242 nimia
3303 2185 3550 2254 corporis
3586 2169 3848 2253 egritudi-

2259 2300 2349 2348 ne,
2374 2300 2402 2337 a
2431 2284 2661 2352 quodam
2694 2282 2881 2350 egreio
2919 2279 3034 2332 viro
3091 2279 3141 2331 in
3183 2277 3389 2330 somnis
3419 2275 3522 2328 sibi
3554 2283 3851 2342 apparente

2260 2378 2338 2432 sic
2369 2375 2696 2432 atnmoui’tus
2739 2379 2822 2427 est
2848 2391 2859 2424 :
2893 2369 2974 2424 Ne
2997 2371 3068 2423 sis
3103 2369 3257 2421 maria
3296 2368 3358 2420 de
3385 2368 3492 2434 ﬁne
3539 2377 3633 2418 tuo
3658 2363 3856 2426 semei-

2265 2483 2366 2525 tus.
2401 2470 2641 2534 Quatuor
2669 2483 2832 2519 amics
2858 2475 2904 2518 et
2929 2466 3062 2516 duas
3089 2461 3404 2514 ebdomadas
3434 2460 3509 2511 vel
3541 2467 3650 2510 (res
3679 2445 3853 2521 exspe-

2266 2564 2448 2624 ctabis,
2483 2572 2527 2613 ει
2561 2560 2692 2612 bona
2724 2571 3064 2627 quotcumque
3111 2551 3275 2621 passis
3302 2550 3536 2617 operari.
3574 2563 3681 2599 non
3719 2545 3854 2596 desi-

2265 2663 2372 2706 stas
2399 2651 2510 2701 ω’.
2539 2648 2664 2712 ζῖειξο
2709 2648 2916 2702 locutus
2946 2643 3163 2698 evanuit
3187 2641 3301 2707 “",
3331 2651 3384 2692 et
3417 2642 3562 2692 sicut
3596 2637 3702 2688 iste
3745 2649 3859 2703 pre-

2269 2743 2425 2805 dixit,
2489 2741 2775 2808 episcopus
2837 2746 3034 2795 mente,
3090 2742 3148 2787 tit
3190 2747 3367 2802 spero,
3394 2728 3639 2796 vigilanti
3677 2739 3859 2793 super-

2271 2833 2426 2896 viztit,
2460 2839 2655 2894 marte,
2701 2841 2797 2896 pro
2841 2823 3138 2879 dolor‘m!
3181 2822 3462 2875 subitauca
3504 2817 3713 2869 lineam
3743 2813 3861 2864 vita:

2272 2923 2432 2992 hujus
2462 2919 2789 2976 concludens
2834 2928 3163 2984 supremam.
3201 2911 3255 2965 ln
3294 2907 3548 2978 sequenti
3591 2901 3861 2958 noctein;

2275 3031 2468 3087 magna
2515 3023 2569 3068 et
2615 3027 2644 3066 a
2679 3011 2861 3065 multis
2899 3009 3014 3061 visa
3044 3003 3293 3074 apparuit
3319 3003 3430 3054 "“.
3460 2999 3594 3052 Post
3625 2993 3863 3051 omnium

2277 3101 2592 3163 memoriam
2643 3111 2954 3158 Sanctorum
2993 3096 3153 3168 (Nov.
3193 3095 3248 3164 2)
3278 3107 3378 3161 ego
3420 3092 3489 3145 de
3521 3105 3612 3143 me
3641 3087 3864 3143 multum

2279 3199 2506 3268 pavidus
2554 3195 2825 3250 licentiam
2879 3187 3110 3243 abeundi
3156 3201 3184 3238 a
3235 3185 3438 3238 decano
3481 3179 3780 3249 postulavi,
3819 3185 3868 3227 et

2203 3269 2248 3330 δ
2282 3294 2536 3352 eundem,
2567 3301 2626 3344 ut
2661 3305 2719 3342 se
2759 3285 3083 3356 provideret,
3108 3277 3404 3334 ammonui.
3435 3277 3516 3330 Ad
3543 3284 3763 3329 Cllllent
3785 3272 3867 3301 ¹³¹¹

2284 3398 2481 3448 meam,
2539 3395 2658 3450 quae
2709 3371 3190 3432 f‘tctmerslevo‘m
3243 3370 3461 3429 dicitur,
3515 3366 3672 3431 veni,
3714 3374 3768 3414 et
3822 3359 3869 3411 in

2288 3482 2444 3528 nocte
2470 3472 2717 3543 proxima
2755 3466 3073 3538 suppliciter
3101 3461 3265 3516 Deum
3298 3458 3511 3524 rogavi,
3543 3469 3605 3508 ut
3642 3457 3712 3506 ali
3740 3467 3870 3520 itum:

2285 3563 2350 3618 de
2389 3577 2472 3619 me
2512 3558 2887 3616 certitudinetn
2940 3557 3252 3626 dignaretur
3302 3551 3541 3619 aperire.
3580 3548 3641 3600 In
3706 3547 3872 3615 primo

2287 3651 2668 3718 subsequentis
2701 3648 2803 3703 diei
2843 3643 3178 3716 crepusculo,
3211 3643 3261 3696 id
3288 3653 3367 3695 est
3403 3641 3455 3693 in
3486 3639 3682 3707 vigilia
3712 3652 3819 3688 5-”?!
3840 3635 3872 3683 ti

2289 3741 2502 3796 Martini
2555 3741 2721 3811 (Non.
2774 3738 2880 3807 10),
2925 3743 2984 3789 ut
3050 3733 3320 3804 paululum
3371 3728 3756 3799 quiescebant,
3806 3724 3876 3776 sic

2293 3844 2440 3894 tunc,
2490 3840 2547 3885 ut
2595 3830 2725 3884 mihi
2776 3828 3082 3890 videbatur,
3123 3823 3456 3885 Walterdus,
3518 3829 3655 3872 tunc
3701 3824 3879 3868 noster

2293 3939 2618 3996 preposmts,
2670 3923 2782 3975 haec
2830 3921 3014 3973 dicens
3069 3913 3282 3988 (£119)
3323 3911 3580 3981 apparuit
3615 3927 3630 3961 :
3677 3907 3767 3960 Vis
3798 3905 3878 3957 tibi

2293 4018 2567 4088 profutura
2597 4015 2729 4068 scire
2753 4013 2777 4065 7
2797 4011 2861 4065 Et
2886 4019 2940 4063 ut
2967 4009 3294 4062 voluntatem
3323 4019 3500 4058 meam
3522 4003 3582 4056 in
3636 4003 3744 4055 huc
3768 4014 3878 4052 sen-

2296 4108 2387 4170 sit,
2420 4121 2541 4160 mox
2590 4105 2838 4158 volumen
2879 4099 3035 4154 unius
3073 4093 3566 4166 martyrologii‘m
3597 4092 3882 4158 diligenter

2299 4199 2610 4269 inspiciens,
2661 4192 3077 4265 plumbum‘m,
3146 4205 3252 4258 qtto
3308 4201 3496 4240 murus
3540 4190 3884 4237 mensnratus

2299 4268 2570 4359 dirigitur,
2605 4287 2830 4341 tacendo
2877 4281 3106 4345 inmisit,
3134 4288 3188 4333 et
3217 4287 3336 4347 post
3370 4278 3590 4344 longum
3630 4268 3885 4338 temporis

2303 4356 2645 4436 intervallum
2696 4377 2798 4430 hoc
2835 4370 3098 4427 substitit.
3137 4367 3206 4421 Et
3231 4365 3358 4438 quid
3391 4380 3531 4417 nunc
3563 4373 3640 4415 est
3669 4361 3696 4412 2
3720 4359 3808 4410 aio
3829 4356 3885 4405 ad

2305 4479 2539 4534 eum;et
2572 4468 2659 4522 ille
2692 4483 2705 4521 :
2743 4464 3001 4532 Quinque,
3067 4458 3284 4528 inquid;
3331 4465 3384 4510 et
3435 4453 3542 4507 vidi
3603 4449 3888 4503 manifeste

701 4541 911 4563 .,...υ....,
952 4541 1050 4553 ..νυ
1078 4541 1390 4570 ...δνηηυνω

699 4589 788 4641 51.
841 4587 918 4641 Ad
958 4589 1356 4658 percipiendum
1406 4587 1794 4657 preshi'teratns
1830 4585 2075 4639 ordinem
2133 4597 2160 4635 a

2306 4574 2590 4617 numerum
2667 4557 2812 4608 hunc
2879 4558 3183 4604 atramento
3229 4547 3555 4615 'signatum,
3629 4541 3884 4594 incertus.

2270 4631 2279 4673 ⁵
2309 4661 2488 4680 ..ι-...η
2522 4647 2635 4680 ,ιὶοε
2688 4659 2754 4680 nn
2781 4639 3129 4680 ohtlnmmlng
3165 4651 3259 4680 seu
3286 4646 3520 4680 menses-
3546 4645 3616 4680 an
3651 4629 3884 4680 signant!

627 4676 820 4732 Alstidi
847 4679 1116 4732 civitatem
1167 4695 1194 4730 a
1229 4679 1444 4732 domino
1472 4677 1745 4746 Taginone
1774 4676 2027 4735 vocabar,
2059 4682 2111 4727 et
2143 4671 2195 4727 itt

629 4770 714 4822 via
748 4770 849 4824 hac
873 4771 1075 4839 peracti
1105 4769 1362 4824 facinoris
1388 4769 1778 4824 confessionem
1823 4768 1945 4830 feci,
1976 4776 2031 4820 et
2060 4764 2201 4834 quod

633 4864 699 4916 ad
721 4865 1150 4919 emendationem
1183 4864 1298 4934 ejus
1321 4863 1567 4932 promisi,
1594 4878 1688 4933 pro
1719 4861 1898 4915 debito
1920 4875 2023 4912 non
2049 4872 2201 4912 com-

1905 4996 2136 5053 VARIA‘J
2174 4985 2573 5048 LECTIONES.

2309 4661 2491 4706 utrum
2522 4647 2658 4708 dies,
2688 4659 2754 4696 au
2781 4639 3132 4699 ebdomadas,
3165 4651 3259 4690 seu
3286 4646 3521 4693 menses,
3546 4645 3616 4682 an
3651 4629 3888 4695 signari-1

2308 4758 2499 4801 annos.
2555 4740 2620 4793 Et
2662 4735 2910 4807 protinus
2961 4727 3352 4799 respondebam
3391 4724 3464 4784 ei,
3513 4729 3702 4772 utrum
3743 4715 3889 4783 prius

2309 4833 2592 4896 indictum,
2627 4802 2694 4881 an
2726 4821 2997 4884 posterius
3043 4812 3402 4872 innotesceret
3445 4821 3695 4878 tempus;
3727 4817 3780 4858 et
3811 4802 3889 4855 ille

3605 5092 3625 5098 -
3703 5073 3863 5098 ,ΙΑΙΖΙιΑ
