4048 5368
313 320 419 379 333

1502 319 1914 378 CllRONlCON.
1942 349 2011 360 --
2047 317 2175 374 LIB.
2218 317 2305 373 Vl.

3400 305 3553 361 BSt

277 430 506 489 tacendo
552 431 737 488 exivit.
770 431 1027 503 Equidem
1061 441 1489 502 premonstratas
1525 435 1656 489 mihi
1698 434 1849 487 indn-
1881 438 1926 495 Α
1956 428 2402 500 corruptibilibus
2456 422 2783 495 accipiendis
2834 434 3046 489 semper
3083 418 3409 481 laboramus.
3439 434 3538 473 cur

276 542 388 580 cias
416 540 547 581 cura
583 540 687 577 non
728 525 846 579 sine
883 524 1116 579 maxima
1157 525 1356 588 notavi,
1412 526 1504 579 sed
1536 526 1692 579 bonis
1723 540 1850 595 ope-

276 616 428 667 ribus
497 612 801 667 nullatenus
825 613 917 644 ¹²²⁶
967 616 1207 681 preveni.
1278 615 1615 669 Adveniente
1660 616 1849 684 quinto

276 719 481 767 mense,
531 706 779 773 quamvis
831 706 949 774 plus
978 715 1204 761 mortem
1236 721 1395 775 quam
1428 707 1531 761 hoc
1550 720 1845 777 Sperarem,

271 795 576 864 completur
597 807 885 866 utrumque
912 798 965 851 in
992 809 1214 868 accepto
1229 799 1541 869 episcopatu
1556 800 1845 865 somnium,

270 887 398 952 quia
463 888 515 940 in
560 902 625 941 eo
656 888 924 957 preceptis
958 890 1166 944 obedivi
1207 890 1428 951 divinis.
1475 900 1528 944 et
1565 905 1847 944 numerum

270 974 536 1042 complevi
588 976 880 1045 signatum.
930 977 1080 1032 Unde
1134 978 1519 1032 inconveniens
1559 992 1679 1032 esse
1716 977 1846 1031 mihi

275 1067 584 1133 videbatur,
615 1078 672 1121 ut
716 1068 833 1122 sine
862 1069 1081 1138 speciali
1121 1080 1332 1125 rectore
1366 1068 1635 1131 :ecclesia,
1683 1084 1845 1137 quam

270 1172 494 1215 actenus
529 1162 804 1230 regebam,
850 1172 1011 1221 esset.
1047 1177 1108 1215 ac
1146 1162 1320 1217 eidem
1354 1161 1701 1231 Willigisum,
1733 1160 1846 1214 fra-

271 1261 407 1305 trem
456 1266 633 1306 meum
690 1260 767 1305 ex‘
800 1260 974 1319 patre,
1024 1251 1184 1319 hujus
1217 1251 1407 1304 altaris
1433 1266 1670 1316 servum,
1702 1266 1847 1305 com-

272 1342 419 1394 muni
451 1342 677 1394 fratrum
708 1340 935 1395 consilio
974 1341 1221 1409 proposui
1250 1358 1264 1403 ;
1295 1351 1351 1393 et
1378 1340 1501 1393 inde
1528 1340 1593 1392 ad
1624 1339 1850 1393 Mersse—

272 1437 408 1506 burg
439 1436 680 1497 veniens.
719 1451 843 1489 cum
888 1435 1107 1488 domino
1142 1436 1361 1488 meimet
1391 1447 1516 1504 rege
1539 1433 1845 1502 proximum

270 1527 629 1582 Pentecosten
662 1528 928 1582 celebravi
962 1528 1110 1597 (759)
1153 1528 1301 1593 (Jun.
1328 1528 1406 1597 5).

338 1620 426 1673 32.
474 1620 676 1673 Dehinc
720 1620 784 1672 ad
839 1619 1225 1688 Magathaburg
1262 1633 1452 1673 omnes
1477 1618 1742 1672 venimus.
1772 1616 1848 1671 lbi

269 1721 380 1764 tum
423 1726 589 1780 nepos
634 1726 789 1765 meus
848 1712 1093 1764 marcbio
1132 1710 1500 1764 Wirinharius
1549 1726 1577 1765 a
1627 1726 1752 1779 rege
1794 1709 1847 1763 in

1952 536 2060 575 non
2111 520 2178 574 ad
2215 517 2575 573 indelicientis
2610 528 2869 570 coronam
2912 509 2973 581 (f.
3005 510 3127 577 120)
3158 509 3377 564 honoris
3403 508 3534 563 sub-

1950 610 2058 665 lato
2131 612 2328 665 timore
2395 606 2787 677 aliquantulum
2834 602 3225 673 properamus?
3271 600 3421 655 Ilanc
3468 602 3535 654 ad
3608 676 3615 685 ι

1950 704 2270 772 capiendam
2314 717 2409 755 rex
2459 710 2663 763 noster,
2692 706 2750 753 ut
2800 697 3034 767 predixi,
3069 693 3433 749 initineribus
3483 701 3538 745 et

1956 794 2081 848 aliis
2112 791 2525 847 necessitatibus
2576 789 2811 843 maxime
2851 786 3126 849 laborans,
3175 783 3380 837 amicos
3408 780 3538 835 fecit

1949 885 2049 939 sibi
2082 883 2352 944 inimicos,
2382 882 2528 951 juste
2565 879 2783 934 eosdem
2816 892 3033 933 exosus.

2016 978 2104 1033 53.
2140 976 2357 1032 Interim
2393 974 2536 1028 Dtedi
2561 987 2744 1029 eomes
2782 986 3040 1041 magnum
3074 968 3310 1024 dedecus
3340 966 3392 1019 in
3415 980 3537 1019 ver-

1947 1070 2031 1123 bis
2081 1078 2135 1122 et
2187 1067 2237 1121 in
2288 1065 2542 1134 operibus
2579 1064 2823 1134 predicto
2876 1062 3059 1131 nepoti
3118 1073 3238 1114 meo
3276 1057 3547 1117 inferens..

1946 1160 2203 1215 excitavit
2247 1158 2469 1221 malum,
2494 1157 2637 1225 quod
2663 1156 2778 1210 fore
2809 1154 3016 1225 putavit
3060 1152 3306 1207 oblitum.
3339 1149 3533 1204 Consi-

1948 1251 2018 1304 lio
2039 1251 2182 1305 enim
2228 1248 2343 1317 ejus
2389 1258 2444 1303 et
2485 1248 2687 1302 auxilio
2737 1246 2867 1300 urbs
2896 1245 3065 1316 patris
3102 1245 3219 1314 ejus
3261 1252 3315 1297 et
3346 1252 3543 1297 nostra

1948 1341 2313 1396 Walmerstidi
2346 1340 2515 1409 (7H),
2535 1338 2821 1393 Slavonice
2844 1347 3027 1392 autem
3055 1336 3289 1399 Ustiure,
3314 1335 3541 1403 ecquod

1946 1436 2051 1487 Ara
2084 1442 2135 1488 et
2164 1432 2315 1486 Albis
2335 1430 2479 1485 fluvii
2514 1431 2604 1485 hic
2639 1430 2987 1491 conveniunt.
3012 1436 3223 1492 vocata,
3254 1427 3534 1482 combusta

1948 1534 2030 1579 est
2076 1533 2131 1578 et
2180 1522 2522 1592 depopulata.
2551 1521 2855 1575 Commovit
2887 1521 2986 1574 hoc
3026 1534 3189 1573 omne
3229 1521 3532 1573 animosum

1943 1614 2166 1683 juvenis
2194 1614 2395 1684 egregii
2439 1624 2650 1681 pectus,
2699 1622 2752 1667 et
2805 1628 2926 1667 cum
2981 1613 3189 1667 hostem
3220 1611 3286 1665 de
3311 1610 3547 1665 civitate-

1948 1704 2372 1776 Tongeremuthi
2422 1703 2571 1774 (742)
2629 1704 2795 1769 dicta,
2858 1704 2983 1773 quia
3048 1702 3293 1772 Tongera
3341 1699 3535 1755 ﬂuvius

268 1800 454 1853 multis
475 1812 785 1861 accusatus,
813 1802 1040 1870 gratiam
1072 1802 1187 1869 ejus
1215 1810 1269 1853 et
1305 1801 1626 1854 beneficium
1650 1801 1847 1855 suimet
1874 1784 1920 1843 Β
1950 1798 2147 1852 ibidem
2198 1797 2250 1850 in
2287 1796 2501 1849 Albiam
2530 1796 2695 1859 cadit,
2748 1796 2997 1863 equitare
3029 1795 3294 1848 veraciter
3316 1807 3534 1860 compe-

268 1890 528 1944 instinctu
563 1890 703 1943 Daedi
731 1890 822 1921 ¹¹²⁷
857 1890 1071 1945 comitis
1099 1890 1367 1959 perderet,
1407 1890 1511 1943 nisi
1556 1889 1845 1945 infirmitas

267 1976 387 2045 ejus
410 1978 689 2033 subitanea
714 1979 767 2033 id
792 1980 884 2010 ¹²²⁸
916 1979 1200 2049 inpediret,
1232 1989 1288 2036 et
1331 1980 1385 2034 ni
1435 1980 1537 2036 hoc
1575 1980 1846 2034 Burchar-

266 2073 365 2125 dus
391 2086 572 2126 comes
595 2072 861 2141 palatinus
888 2072 955 2141 (Γ.
980 2073 1120 2142 119’)
1168 2073 1416 2143 prudenti
1446 2071 1670 2127 consilio
1691 2070 1846 2126 diffe-

266 2169 369 2213 ret.
424 2162 533 2215 Rex
576 2162 707 2215 inde
768 2176 1127 2232 progressus,
1184 2163 1364 2218 varias
1430 2162 1842 2217 occidentalium

266 2260 476 2306 mentes
506 2253 758 2321 probare.
785 2262 841 2307 et
866 2268 931 2307 ne
956 2253 1112 2308 solito
1136 2263 1625 2317 commoverentur,
1655 2254 1845 2307 sedare

266 2341 551 2409 temptavit
575 2341 745 2411 (740).
777 2342 923 2409 Quos
953 2342 1194 2396 nonnulli
1246 2341 1570 2412 injusticiam
1603 2342 1845 2396 domino-

264 2445 383 2483 rum
409 2446 631 2485 suorum
659 2432 764 2501 pati
804 2432 1047 2488 nolentes
1074 2433 1314 2499 laudant,
1348 2450 1445 2488 nos
1473 2444 1653 2487 autem
1687 2434 1842 2503 quasi

267 2521 494 2588 ignavos
523 2536 554 2576 e
586 2532 771 2577 contra
799 2523 1121 2592 vituperant.
1157 2522 1292 2578 Sunt
1318 2525 1409 2556 “’9
1448 2524 1712 2594 plerique,
1751 2524 1841 2593 qui

263 2616 509 2684 corporis
530 2615 893 2684 voluptatibus
919 2616 1127 2670 cunctis
1156 2616 1476 2680 servientes,
1509 2616 1663 2670 freno
1682 2617 1840 2685 equi-

265 2707 395 2760 tatis
432 2722 460 2761 a
489 2707 598 2762 Deo
624 2708 865 2776 inpositte
894 2707 1003 2776 regi
1034 2708 1338 2761 nullatenus
1362 2716 1572 2765 curant,
1600 2708 1692 2761 sed
1720 2708 1841 2771 hoc,

262 2794 467 2849 virtute
497 2808 591 2850 seu
621 2793 737 2851 fieri
759 2794 1049 2859 valetarle,
1083 2794 1147 2850 de
1173 2795 1354 2849 futuro
1386 2795 1459 2847 nil
1488 2794 1699 2848 solliciti
1730 2795 1841 2859 "3°,

263 2884 581 2947 defendunt,
634 2896 686 2939 et
711 2901 899 2940 omnes
936 2887 987 2939 in
1038 2885 1141 2940 hoc
1171 2886 1270 2941 sibi
1304 2901 1411 2940 non
1444 2886 1845 2940 consentientes

263 2978 603 3033 detractione
655 2988 710 3033 et
755 2979 882 3033 odio
936 2978 1234 3031 insaciabili
1287 2988 1700 3047 persequuntur.
1739 2978 1843 3032 Sed

262 3084 367 3139 ego
400 3070 504 3125 hiis
547 3086 719 3139 neque
772 3073 967 3125 suimet
1010 3070 1310 3125 fautoribus
1359 3070 1673 3135 consentio;
1715 3070 1841 3139 quin

264 3162 446 3230 potius
476 3162 599 3225 illis,
622 3163 715 3231 qui
760 3163 867 3218 Deo
909 3178 965 3218 se
1003 3164 1467 3232 potestatibusque
1505 3160 1573 3215 ab
1619 3176 1684 3215 eo
1710 3177 1839 3216 con-

265 3251 475 3304 stitutis
504 3251 788 3305 bumiliant
813 3262 866 3306 et
901 3252 1120 3317 cedunt,
1152 3253 1382 3321 aSSpiro,
1414 3253 1610 3320 quibus
1635 3253 1844 3306 videtur

261 3356 386 3398 esse
432 3343 631 3408 socius,
678 3343 857 3398 omnia
890 3353 1108 3411 propter
1156 3344 1319 3397 Deum
1363 3344 1497 3413 pati,
1546 3358 1708 3411 quam
1740 3341 1843 3395 liti-

263 3432 356 3499 gio
385 3431 474 3464 ¹¹³¹
505 3440 562 3485 et
613 3432 901 3489 execrabili
942 3430 1175 3500 perjurio
1226 3430 1459 3484 divinam
1510 3428 1839 3497 majestatem

261 3520 559 3577 oﬂendere.
627 3521 807 3576 ilostri
874 3524 1305 3590 predecessores,
1378 3522 1492 3576 suis
1538 3521 1842 3575 senioribus

261 3624 484 3680 semper
534 3610 739 3674 fideles,
787 3611 841 3664 in
894 3621 1183 3664 extraneas
1233 3610 1500 3673 nationes,
1546 3623 1609 3662 ac
1638 3624 1741 3662 non
1784 3610 1836 3662 in

259 3702 493 3764 viscera,
550 3702 736 3771 optimi
780 3702 1060 3755 seviebant
1110 3701 1327 3755 milites.
1379 3699 1492 3755 lloc
1548 3700 1839 3768 posteritas

260 3790 440 3848 discat
482 3798 537 3846 et
561 3791 664 3845 alia
695 3790 883 3859 fugiat,
932 3802 987 3844 et
1020 3806 1139 3859 qua:
1169 3789 1423 3844 mutanda
1473 3798 1618 3863 sunt,
1650 3803 1754 3843 non
1784 3788 1837 3843 in

260 3880 439 3948 pejus,
483 3880 575 3934 sed
617 3895 830 3949 semper
879 3881 930 3933 in
960 3880 1151 3935 melius
1178 3878 1476 3934 transferre
1506 3880 1835 3945 contendat;

257 3969 654 4025 beatitudinem
692 3979 780 4025 oc;
815 3986 937 4025 nam
987 3970 1217 4025 libenter
1260 3970 1521 4033 attendat,
1547 3985 1840 4040 eorumque

257 4062 509 4130 opposita
560 4061 790 4132 fugiens,
838 4077 957 4116 eam
1001 4064 1406 4131 apprehendere
1444 4064 1677 4117 studeat.
1701 4064 1839 4130 Quid

260 4151 387 4205 illos
417 4151 643 4221 amplius
688 4152 960 4221 corripere
990 4154 1070 4207 vel
1101 4155 1199 4208 hos
1256 4154 1503 4208 attoliere
1543 4154 1683 4219 volo,
1715 4171 1837 4209 cum

260 4240 632 4309 unusquisque
665 4256 759 4308 pro
784 4242 1043 4308 qualitate
1088 4243 1167 4296 sui
1189 4242 1413 4296 seminis
1441 4259 1535 4311 pro
1563 4252 1710 4297 certo
1750 4259 1837 4297 re-

258 4327 429 4397 cipiat
467 4329 695 4384 fructum
728 4328 923 4384 futurae
954 4330 1144 4385 messis
1172 4331 1193 4383 ?
1225 4329 1436 4402 (Matth.
1473 4331 1551 4403 v.)
1579 4330 1709 4386 Cum
1741 4348 1837 4402 pro

1947 1888 2103 1949 riret,
2133 1888 2355 1941 fratrem
2387 1901 2567 1941 meum
2625 1886 2986 1941 Frithericum
3034 1901 3158 1940 cum
3206 1884 3279 1939 20
3325 1893 3543 1939 tantum

1945 1979 2208 2035 militibus
2260 1978 2485 2032 armatis
2547 1992 2729 2032 secum
2783 1992 3021 2041 sumens,
3071 1992 3100 2030 a
3155 1976 3532 2031 sumitate“"

1943 2072 2103 2125 unius
2130 2070 2305 2140 campi
2340 2070 2408 2123 ad
2462 2068 2669 2124 Mosum
2709 2068 2892 2123 villam
2943 2068 3089 2138 (743)
3142 2067 3521 2138 pertingentis.

1944 2178 2049 2233 qua
2083 2162 2297 2217 eminus
2334 2161 2529 2231 asspici
2555 2160 2647 2193 ¹⁸³³
2694 2161 2889 2229 potuit,
2942 2160 3171 2215 viriliter
3201 2160 3543 2229 aggreditur,

1943 2263 1999 2308 et
2043 2254 2299 2315 eundem,
2358 2251 2689 2322 fugientibus
2734 2265 2858 2305 mox
2902 2250 3021 2319 plus
3048 2264 3207 2319 quam
3235 2248 3303 2302 40
3346 2248 3539 2309 sociis,

1944 2344 2158 2399 fortiter
2200 2343 2565 2407 resistentem,
2615 2356 2737 2395 cum
2781 2340 3070 2411 Egilhardo
3116 2340 3315 2394 suimet
3362 2337 3538 2392 milite

1942 2436 2142 2491 occidit
2173 2436 2344 2506 (7M),
2375 2448 2429 2491 et
2455 2446 2575 2507 post
2604 2437 2705 2491 hoc
2727 2437 2873 2505 juste
2906 2436 3157 2507 perdidit,
3194 2434 3335 2504 quod
3364 2433 3516 2503 prius

1943 2541 2080 2596 pene
2107 2526 2198 2558 ἠδ
2234 2527 2699 2581 inracionabiliter
2729 2527 2844 2594 ejus
2872 2542 3133 2596 persuasu
3178 2525 3375 2578 amisit.

2017 2616 2107 2670 54.
2151 2615 2256 2671 Sed
2292 2618 2336 2671 si
2376 2627 2426 2672 te
2473 2617 2727 2673 lectorem
2776 2618 2961 2673 audire
3004 2617 3257 2680 delectat,
3298 2616 3447 2671 unde
3485 2614 3532 2669 is

1943 2709 2129 2774 fuerit,
2156 2710 2222 2764 de
2252 2711 2416 2775 tribu,
2438 2725 2557 2779 qum
2580 2709 2760 2765 Buzici
2788 2710 2938 2781 (745)
2979 2710 3195 2773 dicitur,
3234 2716 3289 2762 et
3333 2707 3533 2775 de"pa-.

1944 2809 2029 2854 tre
2062 2799 2349 2854 Thiedrico
2392 2799 2656 2869 originem
2687 2800 2907 2854 duxisse
2949 2798 3204 2868 accipies.
3248 2796 3348 2851 Hic
3392 2794 3530 2866 Rig-

1947 2888 2086 2958 dago
2114 2888 2436 2951 marchioui,
2467 2896 2665 2957 agnato
2693 2886 2908 2948 suimet,
2947 2889 3015 2942 ab
3059 2886 3295 2941 infancia
3326 2885 3530 2940 servie-

1946 2976 2057 3040 bat,
2085 2986 2139 3030 et
2184 2976 2395 3046 gemina
2434 2976 2616 3030 cordis
2646 2991 2709 3029 ac
2746 2976 2991 3044 corporis
3021 2975 3221 3029 virtute
3250 2973 3527 3044 pollebat;
3568 3040 3571 3043 Α

1945 3073 2016 3129 et,
2039 3074 2098 3118 ut
2124 3065 2329 3135 predixi
2359 3064 2530 3134 (746),
2571 3064 2821 3120 Boemios
2858 3064 2917 3134 (f.
2953 3064 3095 3135 120⁸)
3122 3065 3406 3120 adversum
3434 3080 3533 3119 nos

1948 3156 2289 3226 insurgentes
2334 3157 2399 3211 ad
2430 3156 2756 3212 Cilicensem
2806 3158 3171 3228 perduxit‘m
3199 3159 3526 3214 terclesiant.

1952 3248 2052 3305 Ubi
2082 3265 2203 3304 cum
2242 3249 2345 3303 hiis
2394 3249 2656 3305 vastando
2695 3250 3120 3321 circumquaque
3171 3250 3530 3319 perlustrans.

1948 3339 2016 3393 ad
2067 3339 2310 3394 ultimum
2363 3340 2634 3409 captivam
2682 3351 2911 3396 matrem
2962 3356 3134 3405 suam,
3181 3343 3371 3403 hostis,
3422 3358 3531 3399 non

1950 3430 2112 3496 filius,
2142 3448 2264 3488 cum
2290 3444 2482 3489 caetera
2512 3436 2811 3489 adduxerat
2833 3435 3017 3505 preda.
3041 3434 3168 3489 Post
3194 3438 3305 3491 hanc
3332 3451 3526 3491 recon-

1949 3524 2184 3587 ciliatus,
2236 3525 2376 3593 regis
2409 3523 2639 3579 efﬁcitur
2679 3525 2824 3579 tertii
2874 3524 3106 3588 Ottonis,
3152 3535 3205 3579 et
3254 3525 3309 3579 in
3360 3541 3528 3592 parvo

1946 3621 2188 3682 tempore
2235 3614 2465 3684 gratiam
2511 3613 2627 3683 ejus
2676 3622 2730 3667 et
2761 3615 3180 3669 familiaritatem
3211 3616 3524 3683 promeruit.

1943 3701 2160 3757 lnterim
2194 3702 2312 3781 Bio,
2341 3719 2525 3759 comes
2574 3704 3056 3775 Llerseburgensis,
3090 3706 3141 3759 in
3187 3706 3528 3774 expeditione

1944 3793 2096 3858 obiit;
2138 3804 2192 3848 et
2212 3794 2474 3851 Gisilerus
2504 3798 2836 3863 archipresul
2867 3798 3025 3867 hujus
3073 3798 3409 3860 comitatum,
3436 3800 3527 3867 qui

1944 3883 2085 3937 inter
2103 3884 2435 3954 Wipperam,
2457 3896 2511 3942 et
2528 3886 2730 3950 Salam.
2749 3898 2802 3942 et
2828 3886 3029 3944 Saltatn
3050 3887 3217 3959 (747).
3246 3903 3309 3941 ac
3339 3887 3522 3942 Viller-

1942 3974 2049 4027 bizi
2075 3973 2243 4043 (748),
2270 3975 2459 4032 fluvios
2495 3976 2661 4047 jacet,
2707 3978 2809 4034 isto
2853 3979 3275 4048 acquisivit‘m.
3308 3980 3521 4049 Insuper

1947 4062 2275 4117 Zurbizi‘m
2309 4065 2456 4135 (749)
2506 4068 2909 4136 burgwardum,
2960 4084 3117 4137 quem
3155 4077 3525 4122 antecessores

1944 4154 2023 4207 sui
2057 4154 2108 4207 in
2142 4154 2451 4209 benefitium
2502 4156 2863 4224 possiderunt,
2903 4157 3003 4211 sibi
3040 4167 3095 4211 et
3120 4156 3379 4211 confratri
3415 4158 3522 4213 δυίτ

1944 4253 2053 4297 met
2098 4244 2397 4299 Fritberico
2461 4245 2785 4301 vendicavit.
2839 4246 3064 4315 insuper
3098 4245 3521 4317 Thiedhurgam,

1943 4332 2215 4389 Thiedrici
2259 4335 2584 4390 marchionis
2635 4335 2825 4401 tiliam,
2878 4336 3033 4391 duxit
3060 4336 3171 4400 ¹²³⁸,
3226 4344 3280 4390 et
3323 4337 3393 4391 ob
3422 4337 3527 4396 hoc

1538 4441 1771 4496 VARle
1806 4442 2205 4500 LECTIONES.

335 4552 427 4584 ¹¹¹⁸
452 4551 696 4606 Nulfatus
734 4555 783 4607 1.

256 4622 348 4673 ia.
399 4621 489 4674 sed
538 4623 739 4676 duobus
775 4639 801 4677 s
847 4625 1030 4678 erasis.

250 4701 411 4741 eraso
441 4692 491 4744 1.
570 4692 661 4723 ⁸³³⁸
692 4695 899 4761 perdux
924 4695 974 4748 1.

867 4554 958 4586 ¹²¹⁷
988 4570 1196 4607 crasso:
1226 4555 1275 4608 1.
1356 4554 1446 4585 ’³⁵³
1472 4554 1597 4606 add.
1626 4555 1711 4607 ib.

1111 4624 1199 4654 ⁸³³³
1231 4623 1603 4678 assnmmitate
1632 4625 1716 4677 1α.

1817 4557 1906 4586 ⁸³⁸³
1934 4556 2038 4610 Sed
2066 4574 2202 4610 corr.
2242 4558 2379 4613 Sunt
2410 4559 2462 4612 1.

1797 4626 1889 4657 ⁸³³³
1917 4628 2141 4687 primunt
2173 4644 2198 4680 s
2230 4644 2436 4683 erasum
2471 4629 2519 4682 1.

1054 4694 1149 4727 ηδε
1180 4695 1283 4749 isto
1307 4709 1367 4747 ac
1392 4692 1679 4761 acquisivit
1710 4695 1756 4746 1.
1836 4696 1927 4728 ¹¹³⁷
1960 4696 2162 4751 curbizi
2204 4700 2290 4754 la.

2541 4559 2632 4592 ηιο
2662 4559 2867 4615 solum;
2899 4562 2952 4615 ι,
3031 4561 3126 4593 Im
3156 4576 3290 4628 quas
3321 4559 3528 4629 ligitios

2601 4629 2693 4662 ²²³δ
2721 4646 2861 4701 pene
2898 4648 3038 4687 corr.
3069 4644 3226 4702 poene
3250 4630 3391 4687 sedo
3415 4642 3563 4694 post...

2370 4698 2460 4730 ⁸³³⁸
2491 4700 2597 4756 dux
2624 4705 2678 4763 1,

1764 4803 1999 4861 ΝΟΤᾹῘ.

330 4902 482 4973 (739)
519 4903 725 4979 Jun._9
780 4920 873 4960 rex
922 4910 1096 4979 adhuc
1147 4908 1201 4963 in
1255 4908 1565 4979 Merseburg

244 4974 503 5046 chartam
527 4975 766 5043 ejusdem
800 4978 937 5046 apud
979 4980 1141 5034 Hofer
1167 4980 1200 5031 l.
1232 4996 1269 5040 ι.
1314 4987 1351 5033 t.
1382 4980 1423 5044 Ι,
1449 4995 1500 5046 p.
1536 4974 1658 5034 159.

329 5044 476 5110 (740)
518 5046 589 5097 De
615 5044 885 5101 Lothariis
911 5049 1052 5105 conf.
1086 5048 1394 5105 \i’idultindi
1428 5044 1463 5102 1.
1492 5064 1527 5112 l,
1559 5065 1609 5104 c.
1640 5050 1725 5106 50.

328 5111 479 5181 (7H)
522 5114 713 5169 Wolmi
726 5119 912 5171 rsted‘t.

326 5182 475 5246 (742)
517 5183 944 5251 Tangcmnﬁndc.

325 5252 472 5332 (μείς)
509 5252 671 5334 ἔραξε,
695 5254 827 5334 _vil_l_a
856 5256 907 5310 in
933 5256 1133 5334 vicinia
1158 5255 1311 5336 urbis
1332 5256 1629 5336 praedicnt}.

324 5337 468 5368 HA4)
512 5337 731 5368 nali-nn-
764 5337 1065 5368 mercphnra
1087 5337 1208 5368 .IIIIII
1237 5337 1283 5368 Si.
1326 5337 1472 5368 "mm
1496 5337 1617 5368 nhtrl
1647 5344 1819 5368 rnmn.

1612 4910 1733 4988 fuit.
1758 4913 1822 4969 V.
1863 4923 1907 4977 ι)
1936 4915 2121 4988 tradit,
2158 4917 2288 4971 Dedi
2325 4916 2473 4988 illum
2512 4914 2681 4988 fuisse
2712 4924 2898 4988 ortum
2927 4931 2965 4971 e
3002 4920 3182 4988 gente.
3214 4924 3331 4988 quat
3352 4920 3558 4988 pomeri

1929 4976 2157 5039 traxit'a
2210 4989 2331 5040 villa
2384 4984 2562 5047 Busci,
2606 4986 2767 5040 hodie
2808 4976 3082 5045 Pausii’z.
3110 4980 3212 5032 sila
3246 4976 3568 5047 inﬁditgccsi

1932 5072 2050 5118 sua,
2112 5058 2252 5110 haud
2284 5056 2472 5126 procul
2520 5043 2813 5126 a;__ci_vitate
2854 5043 3136 5126 Leipzig;
3160 5046 3239 5126 De
3264 5043 3579 5126 villaIBusei

1929 5141 1983 5178 v.
2018 5111 2514 5184 chartam'Ottouis
2544 5121 2608 5175 lli
2636 5122 2792 5191 imp.,
2835 5138 2892 5175 a.
2923 5111 3257 5188 991,'Scpt.
3295 5113 3358 5168 18
3382 5111 3582 5175 datam

1930 5192 2079 5265 apud
2106 5194 2290 5265 llofer.
2322 5197 2361 5265 lg
2388 5210 2427 5258 1,
2457 5205 2493 5247 t.
2517 5194 2561 5258 Ι,
2593 5206 2645 5259 p.
2677 5191 2802 5247 551.

1998 5263 2146 5331 (746)
2188 5264 2275 5328 ιιι,
2310 5264 2395 5319 ιο.

2000 5329 2147 5368 171⁸7⁷)
2193 5337 2349 5368 Col-um
2376 5332 2489 5368 civn
2513 5329 2735 5368 qu'lcno
