4048 5368
529 415 668 473 1535

1439 410 1816 468 ΤΗΙΕΤΜΑΚΙ
1851 409 2472 468 ΜΕΒΒΕΒΟΒΟΕΝΞΙΞ
2508 395 2822 467 ΕΡΙΞΟΟΡῘ

3647 402 3781 458 1536

524 541 688 584 omne
737 523 871 581 adeo
899 524 1178 590 intumuit,
1204 531 1262 579 ut
1283 525 1395 596 regi
1421 526 1727 583 moiestiam
1756 525 1809 581 in
1837 525 2017 580 oeuito
2045 531 2101 579 et
2130 526 2179 586 Α
2205 538 2510 594 expugnare
2541 533 2822 593 temptans,
2854 529 2908 575 et
2958 518 3031 573 nil
3077 517 3387 588 proficiens,
3449 517 3782 574 Rechab-mi

525 619 711 674 multis
736 615 953 672 offerret
979 615 1070 648 ¹¹³⁹
1103 615 1156 670 in
1187 625 1404 687 aperto.
1430 617 1740 672 Proximum
1793 616 1971 672 natale
2001 619 2107 670 Do-

530 709 661 764 mini
689 723 782 764 rex
817 708 866 762 in
899 706 1106 761 Palethi
1131 707 1448 774 celebravit,
1480 715 1533 762 et
1561 707 1760 762 ibidem
1793 707 2107 772 Thiedrico,

527 799 752 869 predicti
785 799 998 853 comitis
1030 797 1158 862 ﬁlio,
1193 798 1511 854 comitatum
1538 813 1602 853 ac
1624 798 1715 830 ““
1763 813 1922 852 omne
1953 799 2111 851 bene-

526 892 706 946 fitium
753 891 876 961 jure
926 899 982 946 et
1019 899 1200 946 ortatu
1223 891 1311 923 ¹ι⁵¹
1354 891 1562 961 reginae
1599 905 1662 945 ac
1690 890 1992 960 principum
2019 889 2109 921 ηδ’

527 984 725 1040 suimet
769 983 937 1038 dedit.
979 984 1204 1052 Insuper
1239 998 1480 1038 marcam
1502 991 1556 1037 et
1581 982 1843 1052 quidquid
1873 981 1964 1013 ηδ’
1995 979 2117 1058 Ὓίσ

524 1074 678 1129 rinzo
716 1088 781 1128 ex
820 1083 980 1144 parte
1013 1075 1158 1143 regis
1203 1075 1398 1140 tenuit,
1437 1075 1542 1130 hoc
1583 1082 1756 1128 totum
1793 1072 2110 1128 Bernhardo

522 1162 708 1218 comiti
736 1178 1054 1218 concessum
1083 1173 1187 1219 est.

595 1254 685 1309 35.
717 1254 775 1309 In
800 1255 988 1310 diebus
1016 1256 1122 1312 illis
1158 1255 1510 1321 Thiedricus,
1550 1254 1803 1310 Metensis
1856 1255 1947 1288 ““
1997 1257 2113 1326 epi-

526 1359 754 1414 scopus,
779 1354 832 1399 et
856 1345 959 1399 dux
991 1345 1301 1411 Heinricus,
1330 1344 1502 1400 frater
1523 1346 1640 1416 ejus
1663 1344 1836 1417 (750),
1863 1362 1984 1401 cum
2006 1362 2112 1402 caa-

523 1437 658 1490 teris
684 1435 1154 1505 conspiratoribus
1184 1451 1432 1506 magnam
1467 1438 1576 1507 regi
1606 1445 1661 1491 et
1687 1439 1801 1492 suis
1827 1437 2112 1494 familiari-

521 1525 944 1580 busmotet‘am
988 1525 1251 1592 inferens,
1305 1528 1406 1582 sibi
1437 1527 1952 1598 succcssoribusque
1996 1529 2112 1584 suis

521 1617 957 1685 inexsuperabile
985 1617 1365 1673 detrimentum
1391 1620 1694 1687 promeruit
1723 1620 1894 1690 (751).
1923 1620 2112 1676 Εεοῗθ-

521 1707 602 1762 sia
629 1724 862 1778 namque
885 1724 1017 1774 una,
1044 1723 1163 1778 qua:
1189 1718 1342 1764 extra
1371 1709 1666 1765 Mctensem
1697 1711 1876 1765 stabat
1919 1711 2111 1766 civita-

522 1807 657 1863 tem,
686 1808 741 1852 et
773 1802 1119 1869 congregatio
1152 1801 1354 1855 ibidem
1387 1801 1634 1855 serviens
1658 1816 1690 1854 a
1723 1801 1932 1855 Sclavis
1956 1799 2107 1873 (7-52)

523 1891 692 1946 Deum
735 1907 843 1946 non
893 1893 1208 1948 timentibus
1258 1903 1525 1947 vastatur.
1586 1892 1691 1949 Sed
1721 1894 1824 1949 hoc
1853 1871 2112 1950 damnum
2142 1871 2185 1930 Β

523 1995 718 2051 ηιεεηα
751 1979 810 2051 (f.
851 1981 973 2051 12f)
1004 1999 1072 2036 ex
1102 1992 1254 2051 parte
1279 1998 1373 2037 rex
1403 1997 1524 2038 cum
1567 1981 1898 2051 jurament‘is
1942 1995 1999 2038 et
2041 1999 2111 2039 ex

523 2089 618 2130 sua
653 2073 981 2142 proprietate
1005 2076 1316 2140 restituens,
1351 2089 1420 2129 ne
1439 2075 1568 2145 quid
1607 2076 1702 2107 1””
1754 2076 1881 2131 huic
1932 2077 2116 2131 simile

525 2163 836 2231 accidisset,
866 2173 1064 2220 cuncto
1093 2166 1358 2220 exercitui
1387 2180 1581 2220 cavere
1610 2165 1869 2236 precepit.
1915 2167 2113 2221 Vincas

523 2264 579 2308 et
609 2255 820 2310 cdiﬁcia
851 2272 973 2311 cum
1009 2256 1281 2312 frumento
1323 2258 1642 2327 exterisque
1687 2258 2009 2312 utilitatibus
2036 2257 2110 2311 lc-

524 2345 615 2399 sit.
659 2345 783 2400 Vidi
806 2347 1088 2416 epistolam
1124 2362 1229 2400 non
1253 2347 1408 2415 longe
1438 2357 1576 2416 post,
1635 2349 1724 2401 ubi
1773 2350 2112 2418 octingento-

526 2452 650 2490 rum
684 2453 946 2493 muneras
971 2439 1364 2508 mancipiorum
1399 2441 1572 2492 sancti
1605 2439 1864 2510 Stephani
1921 2442 2114 2495 inscri-

525 2537 652 2599 ptus
677 2528 798 2595 fuit,
828 2545 948 2600 qua:
982 2541 1202 2601 propter
1228 2531 1427 2585 famem
1451 2531 1544 2563 ’³⁸⁸
1571 2541 1624 2586 et
1660 2533 1820 2586 aliam
1879 2534 2116 2589 necessi-

530 2627 698 2674 tatem
728 2636 755 2673 a
774 2621 962 2690 patriis
979 2621 1173 2677 finibus
1188 2637 1406 2692 egressa
1427 2631 1552 2676 sunt
1566 2623 1768 2693 absque
1783 2624 2114 2680 conscientia

527 2710 950 2781 prepositorum,
975 2714 1214 2783 exceptis
1245 2713 1515 2774 omnibus,
1547 2712 1638 2782 qui
1665 2729 1786 2768 cum
1846 2729 2114 2771 consensu

527 2817 716 2858 eorum
745 2803 1012 2858 abierant.
1046 2804 1238 2859 Sacius
1263 2812 1410 2858 esset
1464 2804 1590 2858 huic
1637 2803 1912 2868 tecclesiaa,
1971 2806 2115 2874 quod

533 2909 826 2964 numquam
861 2905 1019 2950 natus
1050 2897 1242 2950 fuisset
1270 2895 1433 2951 homo
1475 2895 1583 2950 ille.
1621 2895 1934 2950 Describam
1983 2913 2117 2967 quo-

527 3003 633 3058 que
654 3003 817 3042 unum
843 2987 1052 3043 facinus
1080 3004 1290 3054 eorum,
1323 2989 1466 3058 quod
1512 2989 1562 3042 in
1593 2987 1794 3042 Adram
1846 2989 1992 3058 (755)
2033 2989 2118 3043 lu-

535 3079 703 3145 gubre
730 3077 821 3108 1'"
851 3087 1202 3146 peregerunt.
1233 3078 1347 3131 Rex
1391 3086 1570 3130 autem
1603 3077 1791 3131 habuit
1829 3078 2116 3133 concilium

530 3170 586 3225 ia
620 3169 892 3240 Magontia
917 3171 1164 3234 civitate,
1191 3179 1244 3226 et
1272 3170 1346 3225 hii
1379 3179 1509 3224 tunc
1539 3169 1858 3225 interfuere.
1892 3171 1958 3225 Et
1994 3187 2116 3225 cum

461 3311 469 3316 .
529 3261 714 3317 omnia
758 3261 955 3316 ibidem
987 3262 1283 3316 secundum
1335 3261 1535 3316 suimet
1587 3260 1843 3331 placitum
1888 3277 2114 3331 respon-

533 3356 665 3408 dere
693 3370 800 3410 non
824 3355 1144 3424 potuissent,
1168 3354 1374 3409 reversi
1403 3362 1531 3408 sunt
1554 3354 1700 3418 irati,
1748 3369 1882 3424 pace
1933 3363 2115 3409 tamen

535 3444 605 3498 ad
631 3451 840 3513 tempus
873 3444 1043 3509 facta;
1071 3454 1126 3497 et
1152 3459 1273 3499 cum
1320 3458 1413 3497 eos
1456 3451 1813 3511 sequerentur
1864 3443 1939 3496 nil
1991 3442 2116 3497 mali

536 3545 822 3606 sperantes
842 3536 1032 3591 Heimo
1047 3537 1429 3592 Wirdunensis
1444 3536 1726 3606 episcopus
1751 3545 1806 3590 et
1833 3537 1937 3590 dux
1968 3535 2116 3607 (754)

537 3629 877 3694 'l‘hiedricus,
908 3631 1142 3685 latentes
1170 3630 1392 3685 insidias
1437 3629 1530 3662 ⁸³³⁸
1582 3629 1855 3698 iuproxiso
1882 3629 2117 3691 irrnunt,

537 3731 593 3776 ct
618 3721 808 3791 paucis
836 3719 1194 3790 eliugentibus
1222 3735 1345 3773 cum
1368 3719 1656 3789 episcopis,
1685 3719 1954 3773 interfecti
1993 3725 2120 3772 sunt

537 3812 958 3868 innumerabiles
984 3812 1104 3864 viri.
1165 3811 1284 3865 Dux
1327 3810 1416 3864 ille
1471 3809 1631 3863 nimis
1687 3809 2016 3872 vulneratus,
2067 3817 2122 3862 et

537 3907 629 3944 m’
658 3906 785 3975 quia
824 3909 1029 3959 amicus
1080 3919 1268 3958 eorum
1317 3902 1439 3965 fuit,
1481 3913 1669 3968 captus
1723 3901 2032 3965 abducitur,
2068 3907 2123 3953 et

537 3999 739 4053 multos
772 3998 888 4052 dies
930 3995 1253 4052 custoditur.
1323 3993 1450 4048 Post
1504 3995 1616 4048 haec
1662 3993 1803 4046 datis
1844 3993 2122 4046 obsidibus

535 4091 785 4156 solvitur,
813 4099 867 4144 et
895 4105 923 4142 a
959 4089 1096 4158 regis
1116 4088 1289 4157 gratia
1320 4087 1388 4140 ob
1415 4087 1518 4140 hoc
1541 4101 1645 4138 non
1677 4095 1942 4140 movetur.
1969 4086 2124 4138 Anno

541 4180 838 4235 Dominicae
859 4179 1248 4234 incarnationis
1271 4177 1624 4231 millesimo...
1652 4175 2000 4230 Bernhardus
2015 4175 2121 4229 dux

537 4273 765 4328 Corbeia
804 4272 937 4326 obiit
977 4273 1068 4304 "5°
1100 4271 1210 4343 (an.
1244 4270 1426 4339 1011).

610 4363 700 4418 56.
755 4364 964 4418 Interea
1019 4365 1384 4419 Herimannus
1457 4375 1636 4416 comes
1684 4368 1738 4414 et
1791 4358 2124 4414 Guncelinus

539 4456 785 4509 marchio
806 4456 1034 4510 invicem
1063 4463 1354 4517 certantes,
1384 4454 1640 4506 inusitato
1669 4453 1720 4505 in
1754 4452 1840 4505 his
1891 4449 2128 4518 regioni-

2210 617 2301 648 m‘
2331 615 2516 670 urbem
2540 614 2690 684 juxta
2713 613 2927 668 Mildam
2955 610 3148 665 flumen
3178 610 3407 679 positam
3435 620 3625 664 etnon
3654 612 3790 665 bene

2209 709 2480 779 provisam
2505 708 2750 762 incendio
2772 719 3089 762 concinuere
3120 702 3178 771 (ε.
3210 698 3360 768 121⁷)
3387 703 3656 772 precepit.
3712 702 3795 756 In-

2210 817 2376 870 super
2435 801 2692 871 quicquid
2759 795 3218 853 incommoditatis
3277 795 3524 863 predicto
3582 787 3844 860 comiti,‘l-

2210 893 2336 964 quia
2355 905 2568 960 semper
2588 890 2762 961 patrui
2795 889 2846 943 in
2879 887 3107 942 fratrum
3139 885 3276 940 filios
3303 886 3522 941 seviunt
3567 886 3688 947 "",
3713 883 3796 938 fa-

2210 1000 2333 1040 cere
2363 984 2569 1054 potuit,
2612 983 2664 1037 id
2712 981 3020 1036 nullatenus
3059 978 3285 1032 distulit.
3331 977 3704 1033 Herimannus
3747 985 3803 1030 et

2212 1077 2551 1134 Ekltihardus
2597 1075 2902 1131 confratres
2973 1073 3260 1129 castellum
3317 1071 3594 1141 quoddam
3647 1071 3802 1139 juxta

2213 1170 2394 1226 Solam
2420 1169 2605 1233 situm,
2633 1168 2774 1238 quod
2798 1166 3130 1223 Guncelinus
3167 1165 3333 1218 unice
3382 1164 3484 1219 sibi
3534 1163 3804 1219 dilectam

2210 1261 2383 1316 muris
2410 1269 2464 1313 et
2486 1258 2724 1329 presidio
2749 1257 2984 1312 firmavit
3003 1253 3153 1326 (755)
3181 1254 3446 1323 bunisque
3479 1253 3810 1308 innumera-

2211 1351 2410 1406 bilibns
2432 1349 2680 1420 replevit,
2709 1365 2774 1403 ex
2826 1345 3119 1416 improviso
3148 1360 3312 1400 manu
3350 1344 3527 1397 valida
3561 1343 3805 1398 circum—

2212 1440 2404 1496 dantes
2425 1443 2771 1509 expugnant,‘
2794 1445 2851 1492 et
2877 1436 3050 1492 divisa
3091 1435 3237 1490 omni
3279 1434 3558 1502 congerie,
3608 1433 3812 1486 radici-

2215 1542 2300 1588 tus
2331 1531 2460 1587 illud
2489 1531 2586 1564 ¹²⁵⁹
2613 1528 2875 1599 dejiciunt
2905 1543 2969 1583 ac
2994 1525 3244 1581 incendio
3273 1534 3628 1580 consumunt.
3672 1524 3805 1577 Per-

2213 1626 2360 1678 venit
2383 1625 2485 1679 boc
2514 1623 2606 1656 “‘9
2627 1624 2693 1678 ad
2725 1636 2886 1677 aures
2917 1619 3078 1690 regis,
3110 1626 3165 1672 et
3190 1616 3480 1672 confestim
3526 1614 3679 1669 idem
3715 1615 3808 1645 ¹²⁸³

2213 1717 2284 1771 ad
2313 1717 2624 1786 Merseburg
2672 1715 2788 1770 haec
2841 1713 2908 1768 ad
2956 1709 3297 1768 discutienda
3349 1707 3445 1741 "5‘
3489 1707 3806 1776 properavit

2215 1809 2384 1880 (756).
2412 1808 2518 1863 Sed
2547 1823 2671 1863 cum
2703 1806 2902 1860 ibidem
2946 1803 3315 1874 pre‘dictorum
3356 1802 3666 1854 sententias
3715 1812 3808 1852 co-

2214 1901 2408 1957 mitum
2435 1899 2928 1961 animadvertisset,
2953 1895 3165 1965 cuipam
3217 1907 3434 1947 onmem
3490 1890 3801 1945 Gunceliuo

2213 1996 2461 2063 imputat,
2496 1994 2620 2064 quia
2645 2008 2704 2048 se
2730 1993 2782 2046 in
2813 1990 2997 2045 multis
3017 1987 3166 2058 prius
3191 1993 3473 2056 sperneret
3493 1994 3556 2039 et
3583 1984 3639 2037 in
3657 1983 3812 2037 illato

2214 2092 2315 2146 sibi
2343 2090 2606 2146 dedecore
2631 2087 2860 2143 ultorem
2891 2099 2996 2138 non
3017 2088 3380 2153 exspectaret.
3411 2079 3633 2146 Adiecit
3685 2091 3783 2130 au-

2215 2194 2346 2248 tem,
2379 2183 2521 2252 quod
2559 2180 2794 2236 familias
2826 2178 3120 2232 multorum
3145 2189 3272 2244 sepe
3305 2173 3358 2228 id
3407 2173 3510 2228 sibi
3565 2185 3807 2240 queren-

2215 2277 2348 2330 tium
2377 2275 2560 2332 Judeis
2593 2272 2852 2336 vendidit,
2888 2281 2940 2326 et
2963 2284 3060 2324 nec
3087 2267 3236 2338 jussu
3270 2280 3370 2320 suo
3395 2265 3498 2318 has
3555 2262 3807 2325 reddere,

2215 2387 2315 2427 nec
2343 2368 2625 2424 latrocinia
2662 2365 2846 2421 multis
2877 2378 2907 2417 a
2928 2377 3027 2417 sua
3055 2368 3324 2430 potestate
3375 2356 3631 2411 nocentia
3679 2371 3803 2406 utn-

2215 2480 2381 2536 quam
2443 2460 2653 2517 curavit
2717 2469 3084 2526 compescere.
3151 2452 3376 2519 Insuper
3445 2457 3680 2518 questus
3726 2457 3811 2500 (st

2217 2557 2474 2626 majorem
2502 2551 2641 2622 apud
2668 2548 2994 2603 Bolizlavum
3019 2545 3239 2598 fratrem
3262 2542 3491 2613 gratiam
3541 2539 3816 2594 hactenus

2218 2646 2490 2707 habuisse,
2532 2657 2690 2712 quam
2712 2641 2761 2694 ei
2789 2638 2884 2671 ⁸³³⁸
2904 2639 3118 2692 decere.
3157 2642 3249 2688 aut
3290 2633 3391 2687 sibi
3442 2632 3667 2700 placere
3707 2630 3810 2684 de-

2217 2740 2386 2793 beret.
2422 2734 2503 2789 l‘lii
2528 2740 2804 2803 presentes
2827 2736 2998 2792 erant,
3022 2728 3112 2796 qui
3143 2740 3266 2780 cum
3313 2723 3629 2790 semetipsis
3653 2736 3809 2776 reum

2217 2845 2337 2885 esse
2366 2825 2664 2897 majestatis
2687 2835 2946 2878 accusare
2973 2818 3278 2873 voluerunt.
3313 2815 3459 2868 l‘nter
3484 2822 3563 2867 tot
3595 2813 3813 2866 lamen-

2222 2921 2451 2976 tationes
2472 2925 2527 2972 et
2554 2915 2792 2983 ejusdem
2819 2923 3147 2979 suorumque
3172 2906 3575 2968 excusationes,
3608 2903 3812 2974 princi-

2219 3028 2346 3084 pum
2377 3007 2737 3065 communiter
2766 3005 2860 3037 ⁸⁸⁸⁸
2881 3003 3162 3059 consilium
3186 3016 3212 3053 a
3245 3015 3368 3069 rege
3409 2997 3705 3066 qtraeritur,
3756 3002 3811 3048 et

2223 3104 2290 3158 ab
2319 3102 2422 3157 hiis
2451 3099 2540 3154 diu
2565 3098 2668 3152 hoc
2695 3095 2787 3131 ¹²⁸τ
2813 3101 3022 3149 secrete
3079 3090 3437 3151 volventibus,
3490 3086 3678 3140 taliter
3728 3098 3814 3137 re—

2144 3219 2189 3282 ρ
2225 3193 2554 3263 spondetur:
2582 3187 2790 3250 Scimus
2821 3185 2959 3237 hunc
2987 3198 3109 3251 erga
3137 3196 3220 3234 vos
3244 3176 3662 3232 inexcusabilem
3710 3189 3811 3226 non

2218 3302 2356 3350 esse;
2383 3293 2429 3336 et
2457 3293 2513 3335 at
2537 3289 2716 3335 vestra:
2747 3276 2840 3308 ¹⁹⁸⁸
2865 3274 3047 3344 pietati
3069 3287 3123 3325 se
3151 3269 3290 3324 οηιηὶ
3337 3267 3691 3320 reluctatioae
3729 3281 3814 3316 re-

2218 3388 2356 3433 mota
2384 3372 2580 3433 tradat,
2608 3368 2754 3423 nobis
2780 3367 2966 3420 bonum
2995 3363 3220 3418 videtur.
3252 3362 3562 3412 Ammoneo:
3588 3356 3653 3425 (f.
3686 3356 3809 3424 4‘22)

2219 3485 2305 3522 vos
2336 3463 2626 3518 misericors
2649 3458 2813 3523 Deus,
2838 3465 2893 3510 ut
2931 3472 3033 3509 non
3077 3453 3329 3524 qualitate
3366 3451 3561 3503 suimet
3613 3448 3808 3508 meriti,

2219 3556 2310 3611 sed
2335 3570 2429 3624 pro
2461 3551 2752 3622 quantitate
2778 3545 3059 3616 ine/I’abilis
3089 3542 3372 3598 clementia:
3390 3541 3690 3603 eestrimet,
3743 3537 3808 3590 ad

2220 3645 2508 3713 exemplum
2531 3640 2768 3695 omnibus
2796 3638 2864 3691 ad
2893 3654 2979 3692 vos
3007 3634 3266 3689 conversis
3294 3671 3310 3696 ,
3367 3632 3424 3684 in
3480 3647 3545 3684 eo
3602 3629 3816 3697 faciatis

2223 3736 2334 3787 ηδε.
2363 3734 2564 3787 fin-um
2596 3728 2842 3783 consultu
2876 3741 2968 3780 rex
2992 3724 3292 3793 asspirans,
3315 3719 3556 3786 suscepit
3580 3718 3808 3772 curulem

2223 3835 2276 3881 et
2303 3821 2526 3878 Arnulfo
2555 3819 2784 3873 antistiti
2813 3816 3040 3870 firmiter
3087 3810 3506 3868 custodiendum
3561 3808 3814 3872 tradidit,

2225 3915 2441 3987 prcsidii
2471 3909 2879 3966 continuatione
2903 3907 2971 3960 ab
3019 3905 3266 3959 hostibus
3324 3900 3482 3954 Misni
3536 3899 3811 3958 muniens.

2224 4018 2472 4070 eamque,
2500 4001 2566 4053 ad
2618 4006 2830 4065 tempus
2885 3992 3277 4065 providendum
3327 3988 3643 4042 Fritherico
3670 4002 3814 4041 com-

2226 4093 2446 4147 mittens
2471 4090 2582 4142 “5°.
2622 4087 2875 4140 Proxima
2905 4098 3034 4138 vero
3061 4096 3253 4145 messe,
3281 4080 3590 4133 interventu
3616 4077 3819 4146 regina:

2224 4194 2277 4240 et
2309 4185 2563 4238 instinctu
2594 4179 2705 4234 cari
2737 4175 3050 4246 Tagiuonis,
3081 4172 3413 4226 llerimanno
3443 4167 3635 4223 comiti
3670 4182 3820 4222 mar.

2225 4275 2380 4329 cham
2405 4269 2550 4324 dedit
2575 4277 2631 4323 et
2657 4265 2885 4321 consilio
2917 4273 2971 4318 et
3001 4263 3160 4316 laude
3217 4259 3306 4291 ¹¹⁶¹
3357 4258 3672 4328 principum
3724 4271 3818 4310 eo-

2226 4361 2471 4418 rundcm.

2297 4451 2383 4503 '57.
2411 4449 2616 4501 lnterea
2649 4444 2945 4515 predictam
2977 4443 3164 4497 urbem
3190 4440 3332 4494 Brun
3379 4453 3584 4504 comes,
3644 4437 3820 4492 frater

538 4544 641 4599 bus
669 4559 818 4600 more
842 4545 1132 4599 conﬂixere
1162 4545 1278 4615 ((ιη.
1306 4543 1485 4614 1009).
1524 4543 1767 4612 Namque
1791 4541 2122 4596 Guncelinus
2153 4568 2199 4627 υ
2227 4539 2528 4602 Guncclini,
2568 4537 2757 4591 ordine
2808 4535 2942 4590 vicis
2984 4549 3096 4590 sua:
3147 4532 3514 4594 custodiebat;
3578 4541 3635 4585 et
3689 4545 3820 4584 ecce

541 4637 776 4694 Streiam
805 4638 1079 4693 civitatem
1104 4653 1134 4691 a
1167 4636 1426 4691 militibus
1450 4635 1760 4690 llerimanni
1795 4633 2118 4688 custoditam
2153 4622 2392 4701 ipriori
2424 4629 2531 4692 die,
2596 4641 2761 4698 quam
2809 4623 3172 4681 Herimannus
3228 4622 3569 4685 adventaret,
3616 4633 3818 4689 magna

1783 4745 2018 4801 VARle
2060 4742 2465 4802 LECTIONES.

1533 4864 1628 4896 "‘1'
1666 4863 1968 4916 interuentu
2003 4863 2086 4915 la.

1508 4943 1600 4974 "*3
1637 4935 1743 4994 fait.)
1780 4942 1829 4995 1.

1137 4869 1234 4902 ίΐιο
1275 4876 1327 4921 δι
1352 4868 1402 4920 1.

1155 4948 1247 4980 ut:
1277 4948 1344 5016 qd
1378 4947 1427 4999 ί.

672 4870 725 4902 ³⁸·
744 4867 932 4922 offeret
984 4869 1034 4922 1.

549 4947 644 4982 ωδ
678 4949 958 5002 mettensis
988 4950 1073 5002 ia.

2190 4859 2282 4891 ηδ’
2315 4855 2638 4927 principium
2683 4853 2768 4906 1η.
2801 4851 3011 4922 smpius.

1908 4941 1998 4974 ³³⁵⁷
2037 4939 2198 5007 lugt’lb
2232 4939 2279 5007 1.

3119 4847 3212 4881 1³⁸³
3254 4845 3469 4916 qicquid
3507 4845 3558 4898 1.
3596 4844 3814 4913 swpiss.‘

2358 4934 2454 4967 “‘3
2492 4934 2813 4986 insidiantes
2843 4933 2928 4984 ia.
3009 4928 3101 4961 ¹²¹¹⁵⁹
3133 4927 3257 4980 add.
3290 4925 3371 4979 ib.
3453 4924 3547 4954 ¹²⁸⁰
3578 4938 3818 4976 anno—

546 5019 683 5073 obiit
726 5018 850 5070 add.
885 4992 1070 5070 invii-na
1116 4992 1346 5080 margine
1373 5017 1456 5071 lb.
1493 5014 1758 5068 Omissum
1795 5022 1869 5064 est
1905 5011 2044 5064 Χηιο
2078 4992 2188 5079 sive
2221 5006 2404 5080 leo,
2434 5019 2536 5080 quo
2564 5019 2717 5080 anno
2749 5003 2933 5080 durem
2961 4999 3334 5080 Bernhqardum
3368 4992 3679 5080 tif-(unctum
3706 5010 3819 5080 esse
