4048 5368
235 312 369 372 1337

1459 301 1870 363 CHRONIGON.
1910 333 1979 344 --
2009 300 2135 358 LIB.
2176 300 2262 357 Vl.

3332 288 3468 343 l338

230 432 566 488 Polenlormn
590 437 815 487 Lcatcrva
846 426 898 484 in
933 427 1107 499 primo
1131 426 1235 483 diei
1270 424 1589 499 crepusculo
1615 425 1791 480 Albim
1818 425 1869 485 Α
1898 423 2123 479 titudine
2150 420 2375 484 rediret;
2401 416 2655 492 Arnull‘us
2675 422 2858 469 autem
2877 420 2932 466 et
2951 410 3298 466 Meiuwereus
3320 411 3468 479 (iul)

229 534 588 592 transgressa,
618 536 785 591 usque
807 520 873 575 ad
909 528 1115 591 portam
1132 518 1370 575 civitatis
1396 518 1499 574 sibi
1519 517 1797 588 promissa:

227 611 449 666 silenter
481 611 748 666 veniebat.
783 610 887 665 Sed
910 624 1033 665 eum
1064 610 1249 679 positis
1289 608 1492 664 ibidem
1539 607 1798 663 militibus

227 699 403 756 facilis
426 700 474 755 ei
501 715 604 753 non
630 700 1129 769 pateretintroitus,
1173 709 1258 756 est
1308 715 1547 765 reversa,
1601 699 1795 764 tristis,

226 806 324 860 pro
352 791 531 845 dolor!
561 792 732 857 illesa,
764 802 818 847 et
848 793 1043 846 nemini
1071 808 1285 849 nocens.
1320 793 1487 863 Hujus
1517 792 1591 846 rei
1615 792 1797 847 ducto-

228 899 312 937 res
331 884 619 939 eranth
646 883 950 939 Wethenici
984 885 1076 917 ιη’
1125 901 1187 940 es
1236 885 1517 950 subnrbio,
1564 893 1622 939 ut
1671 891 1795 956 post

227 973 516 1027 revelatum
528 983 630 1029 est.
645 974 889 1045 Namque
915 976 990 1029 bii
1018 977 1278 1047 sanguine
1300 992 1399 1032 suo
1427 977 1589 1031 talem
1604 978 1796 1032 merito

228 1067 683 1135 presumptionem
742 1067 1074 1136 persolvunt.
1107 1067 1407 1124 Bolizlavus
1436 1080 1615 1123 autem
1658 1070 1797 1123 inter

226 1170 372 1227 spem
386 1165 698 1228 metumque
709 1158 1141 1214 sollicitus“"in
1158 1161 1269 1191 ’κν
1291 1160 1529 1215 Budusin
1544 1160 1634 1191 ¹²⁸⁸
1648 1158 1794 1230 (757)

225 1247 323 1301 bos
345 1246 457 1278 ¹¹⁶³⁶
484 1250 822 1316 expectabat,
839 1257 892 1302 et
918 1256 975 1301 ut
999 1246 1284 1305 adventare
1312 1250 1488 1305 socios
1512 1250 1792 1318 comperit,

223 1338 466 1393 delusum
497 1353 556 1393 se
577 1339 816 1408 graviter
849 1348 1049 1409 portat.
1074 1339 1202 1395 Post
1243 1342 1359 1395 haec
1392 1341 1482 1372 ¹¹⁶⁸
1514 1340 1796 1397 Heriman-

224 1442 323 1482 nus
352 1442 534 1483 comes
564 1443 660 1499 per
690 1430 922 1501 regalem
968 1430 1223 1485 nuncium
1268 1431 1361 1463 ““
1414 1432 1794 1490 introducitur.

222 1534 286 1572 ac
312 1520 648 1574 debitoribus
670 1520 803 1585 suis,
852 1521 1105 1590 quicquid
1153 1521 1206 1575 in
1256 1537 1379 1576 eum
1436 1522 1793 1593 deliquerant,

220 1608 439 1662 dextera
471 1610 575 1664 hoc
605 1609 923 1671 alIirmante.
958 1612 1026 1663 ab
1053 1625 1117 1665 eo
1172 1612 1483 1667 remittitur.
1538 1612 1648 1666 Res
1702 1627 1796 1663 au-

222 1709 350 1763 tem,
377 1699 431 1753 in
461 1699 562 1755 hac
591 1708 763 1754 estate
783 1711 836 1755 et
858 1701 1101 1767 proxima
1142 1700 1336 1766 hieme,
1363 1701 1595 1756 consilio
1609 1710 1662 1755 et
1691 1700 1796 1753 vir-

1895 514 2129 581 episcopi
2156 528 2275 567 cum
2305 512 2440 566 duce
2467 507 2720 563 Jarimiro
2748 515 2803 559 et
2835 502 3232 558 marcbionibus
3258 502 3469 556 Gerone

1895 612 1947 658 et
1977 604 2293 658 llirimauno
2330 600 2649 667 exterisque
2681 595 3048 664 compluribus
3074 593 3271 648 Cilensi
3322 592 3468 661 (762)

1894 704 1948 751 et
1972 694 2181 749 Diedesi
2210 700 2505 747 vastarent.
2534 690 2732 759 Sicque
2762 687 2967 741 factum
2987 695 3068 740 est
3092 684 3259 756 (763).
3290 682 3471 736 Prodi-

1895 789 1969 843 (είί
1998 787 2240 842 seniores
2262 802 2384 841 cum
2409 785 2595 838 urbem
2628 781 2834 851 Glogua
2866 780 3085 841 dictam,
3121 778 3210 833 ubi
3240 777 3469 831 Bolizla-

1895 893 1994 931 vus
2024 877 2137 945 ipse
2162 876 2339 930 fuerat
2361 890 2423 927 ac
2445 887 2538 927 eos
2567 870 2875 941 perspicere
2926 876 3155 938 poterat,
3210 868 3470 937 gregatim

1895 977 1948 1021 et
1980 967 2187 1021 loricati
2222 965 2535 1027 transirent,
2569 961 2799 1015 militum
2826 960 2938 1013 base
2964 975 2991 1011 a
3027 958 3196 1011 muris
3246 972 3474 1010 cernen-

1896 1058 2029 1109 timn
2061 1057 2272 1109 animos
2304 1060 2619 1122 provocant,
2641 1059 2693 1102 et
2726 1048 2799 1101 bii
2855 1048 3045 1102 ducem
3098 1046 3317 1110 suimet,
3377 1062 3475 1097 cur

1894 1148 1997 1203 hoc
2021 1154 2315 1216 pateretur,
2355 1142 2712 1210 alloquentes,
2762 1139 2861 1193 sibi
2916 1138 3134 1209 (12125)
3188 1152 3282 1191 eos
3335 1147 3473 1190 tem-

1895 1238 2079 1307 piandi
2114 1235 2381 1290 licentiam
2405 1242 2651 1303 poscunt.
2676 1230 2880 1296 Quibus
2908 1230 3033 1284 talia
3067 1229 3235 1283 relert
3267 1248 3278 1282 :
3307 1228 3475 1283 Exer—

1894 1333 2045 1392 citus,
2073 1345 2223 1398 quem
2248 1327 2426 1380 videtis
2451 1323 2780 1378 multitudine
2801 1338 3038 1391 parvum,
3062 1322 3247 1377 virtute
3259 1337 3477 1389 magna

1894 1432 1966 1475 cst
2000 1432 2045 1474 et
2076 1419 2168 1451 “7‘
2198 1418 2405 1472 milibus
2434 1417 2633 1470 cwteris
2662 1415 2869 1468 electus.
2897 1412 3054 1467 Hunc
3078 1414 3122 1466 si
3176 1413 3474 1482 aggrediar,

1894 1512 1999 1565 sive
2042 1511 2242 1563 vincam
2292 1525 2382 1561 seu
2433 1506 2737 1575 superabor,
2794 1504 2847 1557 in
2897 1513 3158 1572 posterum
3206 1504 3477 1572 depressus

1895 1618 2030 1654 sum.
2068 1600 2193 1670 Regi
2220 1598 2461 1669 possibile
2490 1610 2563 1651 est
2620 1596 2784 1651 alium
2809 1595 2927 1647 ilico
2955 1597 3235 1647 exercitum
3266 1610 3479 1663 congre-

1897 1708 2019 1761 gare
2050 1693 2162 1743 ⁸³⁷⁵.
2192 1690 2361 1744 Multo
2386 1689 2569 1743 melius
2599 1698 2671 1741 est
2727 1704 2820 1739 nos
2875 1686 2971 1738 Itoc
3014 1686 3166 1738 modo
3215 1686 3480 1753 pucicuter

221 1800 352 1855 tute,
380 1792 681 1860 paciﬁcatis
709 1792 971 1856 hostibus,
998 1791 1374 1847 contumeliam
1405 1801 1459 1846 et
1506 1793 1797 1861 dampnum
1827 1779 1872 1836 Β
1901 1781 2057 1849 ferre,
2082 1790 2131 1833 et
2159 1780 2314 1845 alias,
2339 1781 2384 1832 si
2407 1778 2565 1851 possit
2598 1777 2735 1844 fieri,
2768 1776 2959 1845 absque
2986 1792 3171 1843 magno
3199 1776 3362 1827 nostri
3391 1776 3481 1827 de-

219 1896 247 1933 a
275 1880 548 1936 Bolizlavo
574 1883 676 1937 sibi
712 1883 916 1937 illatum
940 1883 1130 1935 crebra
1179 1883 1529 1937 meditatione
1574 1881 1800 1935 revolvit

219 1968 307 2002 ““
331 1978 388 2025 et
418 1980 537 2040 post
567 1971 775 2027 Pascha
820 1972 1228 2042 expedicioncm
1270 1988 1422 2028 suam
1472 1972 1642 2027 atroci
1681 1972 1799 2041 jus-

217 2062 372 2117 sione
394 2062 487 2100 ¹¹⁶⁸
514 2062 728 2117 indixit.
1557 2073 1561 2077 '

285 2152 377 2206 '58.
417 2152 505 2207 Fit
544 2164 840 2209 conventus
871 2156 923 2207 in
955 2152 1197 2224 Belegori
1250 2155 1361 2223 (an.
1412 2155 1596 2222 1010),
1654 2153 1798 2225 quod

216 2244 439 2314 pulcher
466 2244 526 2315 (f.
561 2245 714 2314 122‘)
745 2260 899 2299 mons
922 2244 1302 2315 dicitur(758),
1338 2246 1390 2300 in
1421 2245 1653 2301 Gel-onis
1679 2262 1802 2315 pre-

217 2338 306 2390 dio
332 2338 679 2391 marcltionis.
705 2337 853 2392 Tunc
877 2337 1224 2393 Bernhardus
1254 2338 1361 2392 dux
1410 2348 1467 2392 et
1518 2338 1797 2393 Waltber-

216 2430 319 2482 dus
342 2430 650 2499 prepositns
674 2431 848 2499 gratia
900 2429 1229 2484 Bolizlavum
1274 2433 1623 2486 convertendi
1672 2446 1798 2500 pre-

216 2529 525 2583 cesserunt,
548 2535 612 2574 ac
637 2521 711 2573 nil
739 2520 810 2575 ibi
845 2520 987 2590 quod
1015 2521 1113 2573 sibi
1170 2520 1405 2589 placeret
1439 2522 1796 2585 invenientes,

219 2607 428 2661 reversi
455 2619 601 2663 sunt.
635 2610 794 2663 Venit
813 2611 978 2664 etiam
1004 2611 1107 2663 huc
1123 2609 1424 2670 .larimirus,
1452 2611 1796 2665 Boemiorum

216 2696 321 2751 dux
354 2696 570 2752 inclitus
591 2708 647 2753 et
681 2699 791 2769 regi
817 2714 913 2767 per
935 2698 1026 2733 ¹²⁶⁹
1070 2700 1249 2753 omnia
1286 2701 1474 2755 ﬁdelis.
1523 2701 1631 2757 Nec
1678 2718 1799 2772 pre-

216 2786 386 2841 terire
412 2802 654 2857 possum,
679 2790 818 2857 quod
844 2790 1145 2846 miserabile
1169 2792 1329 2847 nimis
1352 2794 1593 2862 predieto
1614 2794 1798 2848 comiti

217 2876 417 2931 ibidem
446 2880 659 2933 accidit.
693 2880 801 2936 Nos
830 2896 1216 2937 omnes—nee
1261 2884 1495 2953 aliquem
1549 2888 1800 2955 excipere

212 2967 579 3024 valeo—vice
618 2972 915 3026 amicorum
969 2974 1153 3028 hostes
1199 2976 1323 3030 huic
1368 2976 1584 3042 fuimus,
1635 2993 1797 3032 exce-

213 3060 434 3128 ptisque
460 3060 739 3116 dumtaxat
768 3064 1075 3133 mancipiis,
1113 3067 1292 3119 omnia
1345 3070 1795 3136 consumpsimus,
1826 3110 1870 3165 Γ

1851 3148 1872 3170 δ

212 3158 271 3204 et
307 3152 552 3217 quaedam
583 3152 724 3222 igne.
759 3153 926 3223 Hujus
959 3156 1034 3209 rei
1073 3170 1171 3209 nec
1198 3172 1288 3209 rex
1321 3157 1464 3211 ultor
1492 3174 1584 3212 seu
1623 3160 1802 3213 defen-

213 3241 429 3294 sormo
459 3240 582 3294 fuit.
613 3242 737 3297 Inde
782 3245 847 3298 ad
896 3243 1078 3299 Luziei
1131 3245 1219 3276 ¹¹⁷¹
1272 3263 1487 3317 pagum,
1543 3249 1595 3302 in
1651 3249 1804 3318 cujus

152 3406 159 3411 θ
216 3328 401 3385 fronte
430 3333 558 3385 urbs
585 3336 826 3402 quaedam
851 3334 1035 3390 Jarina
1082 3337 1229 3408 (759)
1253 3347 1384 3403 stat,
1418 3355 1446 3393 a
1478 3339 1693 3395 Geroue
1722 3342 1804 3395 di-

214 3430 307 3475 cta
335 3423 665 3488 marchione,
699 3427 788 3495 qui
820 3443 1049 3499 magnus
1077 3429 1177 3484 fuit
1204 3440 1259 3485 et
1285 3432 1362 3486 sic
1387 3434 1804 3500 nuncupabatur

217 3514 391 3581 (760).
417 3515 492 3569 lbi
516 3526 641 3571 tunc
667 3521 808 3588 capti
834 3530 959 3574 sunt
1008 3523 1112 3576 duo
1165 3523 1364 3579 fratres
1412 3540 1475 3577 ex
1524 3526 1800 3594 provincia

216 3606 495 3661 llevellum
519 3618 573 3663 et
602 3625 667 3663 ex
695 3614 827 3667 urbe
846 3612 1343 3684 Brandeburgensi,
1390 3617 1480 3684 qui
1537 3618 1602 3670 ad
1635 3617 1805 3671 Boliz-

216 3697 402 3751 lavum
424 3712 583 3752 causa
611 3715 730 3754 eum
756 3711 945 3755 contra
985 3719 1167 3771 regem
1214 3707 1460 3759 vertendi
1519 3716 1802 3772 venerunt,

214 3795 277 3841 et
313 3776 435 3841 inde
460 3786 687 3856 digressi
740 3791 1044 3845 inciderunt
1093 3792 1268 3861 palam
1324 3794 1595 3863 laqueum,
1645 3811 1804 3862 quem

215 3876 436 3931 occulte
469 3880 828 3933 tetenderunt.
864 3881 946 3935 llii
973 3882 1038 3936 de
1062 3883 1244 3937 multis
1276 3883 1586 3954 interrogati
1618 3885 1727 3949 "7’,
1752 3892 1807 3937 et

218 3967 361 4020 nihil
390 3968 456 4021 de
486 3968 591 4022 biis
620 3972 869 4025 omnibus
899 3971 1142 4027 volentes
1168 3973 1430 4042 proﬁteri,
1464 3975 1515 4028 in
1546 3991 1650 4029 uno
1671 3975 1806 4029 colle

217 4055 429 4123 pariter
448 4058 764 4126 susspendio
789 4060 1017 4127 periere.
1050 4061 1430 4116 lnﬁrmabatur
1456 4074 1580 4118 tunc
1609 4065 1803 4119 ibidem

220 4159 321 4198 rex
343 4154 399 4198 et
422 4146 520 4200 sibi
547 4148 775 4204 dilectus
806 4149 1027 4219 Tagiuo.
1057 4150 1209 4207 Tunc
1256 4155 1527 4224 principes
1575 4167 1805 4226 augusto

218 4244 448 4289 versant
484 4237 535 4291 in
591 4248 807 4307 pectore
848 4242 979 4310 quid
1026 4243 1247 4297 deberet
1300 4244 1415 4298 ﬁeri
1470 4246 1537 4301 de
1594 4247 1804 4315 incepta

214 4325 570 4392 expeditione
596 4328 709 4381 “7’.
740 4329 979 4383 Tandem
1005 4332 1072 4384 ab
1098 4331 1200 4384 hiis
1229 4333 1505 4387 inventum
1534 4344 1636 4401 est,
1663 4337 1804 4405 quod

1900 1874 2144 1925 trimento
2166 1871 2267 1923 hiis
2296 1868 2708 1935 superbientibtts
2739 1881 2920 1919 nocere
2946 1865 3059 1917 ¹¹⁷⁶.
3096 1865 3185 1917 Sit:
3237 1863 3480 1917 insolens

1900 1965 2129 2018 militum
2176 1963 2386 2016 animus
2433 1962 2683 2021 sedatur,
2738 1967 2791 2012 et
2834 1959 2885 2010 in
2937 1959 3037 2012 hoc
3096 1957 3287 2009 itinere
3336 1955 3479 2008 nulla

1901 2056 2143 2125 ejusdem
2174 2056 2422 2110 voluntas
2452 2054 2505 2107 in
2530 2052 2731 2106 nostris
2773 2050 3189 2104 adversitatibus
3223 2047 3480 2101 saciatur.

1902 2149 2162 2217 Quamvis
2215 2150 2407 2203 crebra
2454 2147 2708 2201 imbrium
2772 2145 3121 2212 inundatione
3172 2142 3261 2174 "7"
3312 2140 3482 2195 nostri

1902 2239 2269 2300 tardarentur,
2298 2247 2475 2290 tamen
2510 2236 2617 2289 late
2646 2250 2899 2305 magnum
2933 2232 3179 2288 hostibus
3223 2231 3480 2284 damnum

1900 2327 2218 2382 intulerunt.
2259 2325 2501 2380 Tandem
2534 2324 2761 2378 vastatis
2794 2323 3045 2376 onmibus
3066 2321 3487 2387 circumquaque

1894 2421 2217 2491 iacentibus,
2245 2418 2445 2473 Boemii
2483 2418 2568 2485 ad}
2593 2432 2709 2478 sua,
2742 2416 2910 2470 nostri
2942 2422 3121 2467 autem
3155 2426 3252 2481 per
3290 2408 3486 2462 Milzie-

1900 2526 2000 2567 nos
2028 2512 2159 2564 lines
2183 2510 2286 2563 laeti
2311 2508 2376 2561 ad
2411 2507 2589 2561 Albim
2620 2507 2970 2569 remeabant;
3035 2499 3316 2570 premissis
3360 2497 3487 2550 ilico

1900 2603 1966 2656 ad
1994 2616 2172 2671 regem
2204 2600 2416 2653 nunciis
2444 2598 2557 2662 "7°,
2589 2612 2645 2649 se
2667 2611 2785 2649 cum
2812 2596 2947 2649 bona
2980 2590 3338 2661 prosperitate
3365 2603 3488 2642 ven-

1903 2700 2051 2747 turos
2081 2691 2342 2745 indicant.
2367 2689 2465 2743 llic
2494 2688 2585 2741 Dei
2611 2686 2783 2757 gratia
2797 2684 2907 2752 jam
2927 2685 3063 2737 bene
3078 2680 3484 2743 convalescens,

1903 2782 2222 2852 legationem
2256 2781 2411 2834 istam
2435 2787 2488 2833 et
2517 2794 2656 2847 pone
2681 2783 2971 2844 sequentes
3024 2771 3385 2826 arnicabiliter
3432 2772 3485 2823 in

1902 2876 2179 2945 Mersburg
2225 2873 2512 2942 suscepit,
2577 2876 2630 2924 et
2682 2868 3119 2937 archiepiscopus
3176 2864 3379 2935 Tagino
3422 2863 3488 2914 de

1904 2966 2075 3020 Strela
2109 2967 2259 3035 prius
2285 2966 2378 2996 ¹²⁷⁸
2405 2980 2434 3017 a
2466 2978 2590 3033 rege
2620 2961 2846 3023 divisus,
2878 2969 3118 3013 sanctam
3143 2957 3485 3011 'l'hebeorum

1902 3057 2345 3127 sollempnitatem
2375 3038 2660 3124 (Septa‘lﬂ)
2688 3052 2739 3103 in
2768 3048 3128 3119 Magadaburg
3171 3044 3488 3109 celebravit,

1904 3158 1957 3202 et
1989 3149 2055 3201 ad
2093 3162 2268 3216 regem
2296 3147 2437 3199 hunc
2476 3142 2759 3197 incolumis
2786 3141 2948 3193 venit.

1974 3240 2067 3293 59.
2095 3237 2365 3291 'l‘ractatis
2388 3245 2513 3289 tunc
2541 3234 2729 3303 patria:
2754 3230 3051 3286 laborantis
3077 3228 3490 3283 necessitatibus

1904 3329 2147 3398 plurimis
2168 3368 2180 3391 ,
2212 3342 2304 3381 rex
2339 3327 2531 3379 iterum
2577 3323 2942 3377 occidentales
2989 3322 3173 3375 invisit
3205 3320 3486 3387 regiones,

1905 3430 1957 3475 et
2009 3418 2326 3485 ﬂuctivagos
2372 3416 2739 3469 habitatorum
2774 3414 2985 3467 animos
3029 3411 3306 3480 sapientia:
3340 3410 3492 3462 l'reno

1905 3517 2194 3579 edomans,
2229 3513 2410 3567 natale
2439 3510 2651 3563 Domini
2682 3509 2874 3563 festiva
2898 3508 3236 3576 jucuuditate
3265 3505 3315 3557 in
3349 3502 3491 3555 Pali-

1906 3607 1980 3662 tlti
2008 3606 2300 3661 celebravit
2322 3602 2491 3674 (761).
2519 3602 2669 3653 Tunc
2697 3601 2892 3653 iterum
2921 3598 3021 3651 sibi
3050 3610 3327 3663 percaram
3357 3592 3491 3644 Mer-

1905 3698 2101 3766 seburg
2138 3696 2349 3759 invisit,
2397 3703 2452 3748 et
2500 3692 2713 3746 ﬁrmata
2766 3690 2837 3743 ibi
2892 3689 2957 3742 ad
3009 3688 3042 3740 5
3093 3700 3265 3738 annos
3302 3690 3488 3737 mutua

1904 3789 2161 3861 pacem”,
2197 3800 2317 3840 cum
2348 3783 2571 3839 consilio
2601 3794 2894 3851 paucorum
2925 3779 3114 3831 urbem
3156 3774 3488 3828 Liubusnam

1907 3881 2104 3935 dictam
2157 3875 2305 3946 (765)
2354 3874 2610 3929 ediﬁcare
2658 3879 2712 3924 et
2756 3868 3077 3923 conﬁrmare
3124 3863 3392 3934 precepit;
3425 3861 3491 3912 de.

1909 3986 2010 4039 qua
2043 3969 2192 4022 multi
2229 3967 2516 4037 predixcre
2550 3970 2865 4022 venturum,
2899 3957 3040 4026 quod
3075 3958 3126 4010 in
3165 3956 3264 4007 hoc
3313 3967 3453 4005 anno
3475 3990 3491 4012 ,

1909 4077 2007 4131 pro
2036 4061 2216 4115 dolor!
2251 4065 2574 4129 agnoscunt,
2602 4069 2709 4107 non
2746 4066 2865 4105 esse
2896 4049 3109 4103 falsum.
3152 4046 3211 4116 (l‘.
3239 4045 3339 4098 125
3366 4042 3385 4111 )
3410 4040 3492 4093 Ad

1912 4156 2051 4210 hanc
2080 4155 2324 4207 venimus
2376 4151 2429 4203 in
2476 4149 2579 4200 line
2627 4143 2827 4199 mensis
2872 4141 3141 4200 Januarii,
3189 4148 3242 4193 et
3292 4135 3491 4190 ibidem

1909 4254 2113 4300 sanctze
2169 4244 2264 4298 Dei
2318 4236 2597 4311 genitricis
2656 4232 3090 4303 puriﬁcationem
3147 4226 3499 4282 veneratione

1904 4334 2050 4403 justa
2078 4340 2394 4403 peragentes
2424 4332 2532 4395 (an.
2585 4324 2711 4378 1011
2739 4364 2753 4385 ,
2799 4320 2957 4375 Febr.
2992 4319 3083 4388 2),
3116 4318 3168 4373 in
3204 4317 3266 4371 14
3302 4313 3503 4368 diebus

216 4430 321 4468 rex
349 4430 470 4470 cum
490 4419 755 4489 episcopis
785 4421 1105 4490 quibusdam
1136 4423 1228 4453 ¹²⁸⁸
1256 4430 1311 4478 et
1352 4424 1636 4481 inﬁrmiori
1666 4427 1804 4481 mulo
1842 4451 1888 4505 Β
1912 4440 2046 4495 opus
2095 4424 2383 4495 inpositum
2431 4415 2821 4487 complevimus
2842 4453 2856 4478 ,
2911 4420 2966 4465 et
3019 4410 3255 4481 presidio
3304 4405 3502 4459 urbem

1526 4564 1761 4619 VARIAS
1804 4560 2205 4622 LECTlONES.

300 4687 392 4718 ""
421 4688 669 4744 uuetheni
703 4693 754 4744 1.

211 4766 444 4826 postera
471 4758 572 4812 die.
651 4762 743 4792 ““
771 4762 1014 4815 noccium
1046 4764 1129 4816 la.
1162 4763 1403 4816 norcium
1436 4765 1519 4816 lb.

212 4828 351 4894 quis
396 4827 628 4883 reddilor
650 4831 776 4884 add.
814 4832 869 4884 2.
949 4832 1036 4863 ¹²⁷¹
1087 4833 1270 4886 lttziti?
1300 4833 1348 4884 1.

211 4961 383 5023 Αᾳε.

830 4691 921 4722 ¹¹⁸³
953 4691 1148 4748 sollicit
1177 4694 1228 4747 1.
1291 4692 1542 4749 “"‘add.
1575 4696 1658 4749 ib.
1728 4696 1821 4727 “5“
1854 4696 2008 4751 busin
2038 4695 2090 4748 1.
2126 4689 2347 4745 Butlizin
2388 4688 2445 4741 Α.
2492 4685 2553 4740 S.

830 4762 1014 4797 mnium
1046 4764 1108 4797 ιη
1162 4763 1403 4797 munt...“
1436 4765 1497 4797 υ.
1596 4766 1686 4797 uer
1724 4767 1987 4797 .n...mt..:.
2027 4766 2089 4797 ιη
2192 4758 2541 4797 nuit-echini:

212 4906 479 4968 ειριιριετε
520 4901 643 4956 add.
673 4902 707 4954 2
779 4900 872 4932 ¹²⁷⁸
909 4910 962 4955 et
1014 4912 1226 4956 nostras
1277 4900 1500 4968 injurias
1550 4900 1831 4960 vindicare
1879 4909 2000 4962 add.
2033 4905 2067 4957 2
2121 4903 2183 4953 Α.
2226 4900 2283 4955 S.

2632 4683 2725 4715 uel
2750 4685 2821 4734 iga
2866 4682 2944 4733 Ib.
2979 4682 3098 4732 r’ttsl
3132 4689 3257 4731 aute
3280 4677 3360 4728 ία-
3397 4684 3512 4745 Pro

2704 4752 2794 4784 uso
2827 4767 2923 4816 pro
2948 4751 2997 4801 ι,
3101 4750 3194 4781 mo
3237 4756 3334 4797 nec
3364 4738 3507 4789 alius

2742 4820 2836 4852 ωτι
2862 4820 2984 4870 (κίκι,
3024 4818 3043 4867 ί
3078 4818 3104 4867 b
3188 4816 3281 4850 ut:
3313 4818 3367 4862 ει
3403 4820 3510 4855 nas

3029 4886 3120 4917 isis
3145 4874 3440 4944 Vercdariis
3470 4871 3525 4923 2

2192 4761 2282 4792 ¹²⁶⁸
2298 4758 2541 4825 jussioné
2572 4754 2621 4807 1.

2024 4834 2118 4866 ¹¹⁷³
2143 4828 2513 4886 exsneditione
2549 4826 2635 4877 la.

2361 4898 2450 4929 “77
2482 4893 2851 4951 imundatione
2886 4890 2928 4942 l.

484 4969 573 5011 “7’
600 4986 735 5041 pace
766 4971 904 5040 quod
927 4984 1040 5040 post
1066 4987 1360 5043 paucorum
1393 4972 1477 5025 1α.
1506 4977 1789 5043 scripserat
1828 4980 1911 5033 hic
1936 4976 2105 5051 posuit
2130 4971 2213 5024 ib.

1712 5108 1961 5175 NOTAE.

292 5239 436 5368 5257)
474 5242 748 5317 Bautzena
1023 5313 1034 5324 .
1230 5308 1241 5319 .

330 5311 434 5368 158)
462 5310 703 5368 Bclaern.
726 5311 880 5368 Jllxla
912 5308 1092 5368 Albim
1120 5308 1241 5361 ﬂuvr

330 5309 434 5368 758)
462 5310 703 5368 Bclaern.
726 5308 880 5368 iuxta
912 5308 1092 5368 Albim
1120 5308 1357 5361 ﬂuvium.

1987 5240 2132 5315 (761)
2172 5227 2789 5315 ξιξᾱριυιιιινῃεηείεᾷκη
2826 5290 3046 5315 mnu“
3109 5311 3137 5315 Δ)
3204 5301 3214 5311 ,
3256 5292 3293 5315 ηε

2174 5288 2382 5360 bicitur
2420 5302 2585 5355 etiam
2626 5312 2795 5368 pagus
2826 5290 3070 5368 Silensjs,
3097 5301 3215 5368 nui
3251 5292 3390 5345 9ίιηε
3418 5288 3534 5335 ρηη
