4048 5368
320 376 448 440 1341

1498 397 1942 475 ,ειίηοΝιεοπι
1981 427 2052 442 -
2091 399 2219 456 LIB.
2259 368 2383 455 vr.

3429 394 3567 449 lli-ii

311 495 638 563 agnita““;
673 504 720 550 el
747 499 1068 568 presnwium
1095 499 1153 570 (Γ.
1198 503 1318 577 1'25)
1362 518 1583 563 mentem
1624 525 1759 564 nunc
1785 510 1894 564 δίη·
1919 514 1969 572 Α
1997 528 2185 583 aspere
2233 501 2519 582 carpebat,
2569 509 2706 564 bona
2755 525 2980 580 qtta'qtte
3012 509 3095 562 latt
3120 507 3258 561 lans.
3304 505 3414 560 Non
3467 508 3570 562 fuit

312 585 563 654 gulariler
587 589 716 641 scire
743 590 999 644 ιιι-πόρνη.
1027 593 1069 645 Α
1111 595 1305 664 quibus
1349 597 1449 652 hoc
1475 615 1638 654 unum
1673 603 1888 672 percepi

310 690 676 744 responsum:
728 680 1052 736 Wolterdnm
1095 688 1238 740 nobis
1275 689 1327 740 in
1373 690 1644 744 dominum
1697 701 1746 744 et
1792 709 1880 744 ar-

308 766 679 823 chianlistilem
728 770 988 841 eligimus.
1047 774 1142 830 llis
1207 787 1333 832 tunc
1381 780 1750 845 confirmatis,
1804 783 1892 836 ille

309 858 564 914 surrexit.
592 869 648 912 et
671 873 851 914 coram
880 873 1183 932 prostratus
1207 867 1417 920 veniam
1447 869 1629 938 petiit,
1655 871 1888 924 divinam

309 944 662 1014 interpellans
693 950 982 1019 pietatem,
1019 965 1076 1006 ut
1108 956 1221 1010 hare
1251 957 1404 1012 nobis
1447 960 1699 1014 omnibus
1732 962 1891 1015 retri-

307 1034 473 1089 liuere
504 1036 836 1106 dignaretur,
866 1049 921 1095 et
945 1058 972 1094 a
1005 1059 1097 1097 sua
1131 1056 1281 1113 parte
1309 1048 1446 1102 bona
1481 1051 1728 1117 promisit
1772 1067 1888 1105 om-

307 1125 419 1178 nia.
453 1125 605 1183 Tunc
636 1145 734 1198 ego
759 1147 842 1185 me
877 1132 1144 1188 inclinans
1178 1138 1356 1206 rogavi
1403 1154 1524 1192 eum
1568 1155 1662 1210 per
1694 1157 1888 1197 nomen

307 1215 518 1273 Domini
548 1233 600 1274 et
628 1238 724 1292 per
748 1240 886 1279 vera:
917 1225 1279 1284 fraternitatis
1315 1245 1586 1296 amorem,
1609 1241 1667 1285 ut
1699 1232 1888 1288 mccle-

307 1307 401 1361 sia:
450 1311 669 1367 meitnet
714 1314 1003 1370 admodum
1054 1317 1366 1388 despoliatw
1407 1322 1741 1391 parrochiam
1786 1323 1885 1378 sibi

300 1399 446 1468 jtste
478 1405 834 1472 pertinentem
879 1409 924 1462 si
967 1410 1032 1465 ad
1069 1411 1212 1466 hunc
1248 1414 1550 1481 perveniret
1595 1416 1886 1480 honorem,

304 1497 622 1561 restituere,
647 1507 704 1551 at
728 1499 827 1553 sibi
853 1500 989 1554 hanc
1018 1518 1138 1557 cum
1180 1504 1301 1559 aliis
1335 1506 1496 1562 rebus
1525 1507 1648 1562 inde
1676 1506 1891 1561 abstra-

302 1585 404 1639 etis
435 1587 692 1642 voluisset
722 1595 1078 1650 sacramentis
1113 1596 1350 1652 firmare.
1385 1597 1496 1654 Hoc
1527 1601 1654 1655 mihi
1685 1601 1735 1655 in
1766 1617 1890 1670 pre-

301 1679 477 1732 sentia
505 1682 746 1736 omnium
773 1683 999 1740 ﬁrmiter
1022 1691 1294 1756 promisit.
1324 1691 1542 1748 Interim
1569 1693 1800 1748 lassatus
1821 1695 1889 1748 ab

303 1769 499 1824 itinere
527 1774 706 1850 presul
739 1775 966 1831 llericus
1014 1781 1267 1836 dormivit
1286 1823 1305 1848 ,
1330 1793 1384 1838 et
1411 1785 1694 1855 episcopus
1725 1788 1883 1858 Wigo

1992 606 2131 670 apud
2164 605 2453 659 modernos
2500 601 2636 657 ullus
2689 614 2896 673 pastor,
2930 603 3020 673 qui
3069 602 3428 692 confratrihus
3457 603 3570 655 suis

1991 692 2307 747 familiarior
2336 703 2499 749 esset.
2549 692 2660 747 llos
2706 693 2908 748 amavit
2956 703 3118 762 atque
3148 691 3339 747 coram
3363 691 3573 764 populis

1989 782 2358 837 laudavitm‘.
2411 786 2464 839 ln
2512 786 2687 854 primo
2721 786 3078 840 ordinationis
3124 799 3234 839 sua:
3263 800 3403 840 anno
3433 794 3574 839 tem-

1992 875 2138 943 plum
2171 875 2397 929 Domino
2426 877 2681 931 edificare
2714 877 2874 945 cepit.
2909 876 3236 931 Presbitcris
3282 871 3337 930 et
3384 877 3570 930 diaco-

1990 965 2147 1019 nibus
2169 966 2421 1019 vestitum
2445 967 2640 1020 suimet
2667 966 2698 1020 8
2726 968 2896 1028 siclis,
2927 967 3355 1022 sulnliacouihus
3387 977 3568 1020 autem

1987 1066 2040 1108 et
2072 1054 2368 1110 infantibus
2391 1056 2538 1127 (770)
2562 1057 2593 1110 4
2615 1059 2859 1112 adauxit.
2889 1058 3000 1113 Nisi
3028 1059 3316 1113 infirmitas
3343 1059 3575 1112 obsiste-

1990 1154 2097 1207 ret,
2131 1146 2277 1200 omni
2303 1146 2389 1200 die
2412 1147 2631 1202 missam
2659 1158 2710 1202 et
2731 1150 3048 1220 psalterium
3073 1149 3305 1203 cantavit
3329 1165 3343 1212 ;
3371 1157 3424 1202 et
3447 1148 3572 1216 quia

1977 1233 2229 1308 iejuuare
2260 1238 2328 1294 ob
2358 1239 2727 1295 lassitudinem
2757 1258 2861 1296 non
2908 1241 3116 1312 potuit,
3149 1240 3570 1295 elemosinarum

1989 1333 2332 1388 multitudine
2361 1333 2611 1387 redemit.
2649 1331 2705 1386 In
2746 1333 2943 1402 vigiliis
2990 1349 3150 1403 supra
3183 1333 3398 1386 modum
3431 1329 3576 1382 labo-

1988 1435 2107 1489 rat,
2141 1433 2195 1478 et
2221 1425 2342 1493 quia
2372 1440 2568 1494 parum
2607 1426 2935 1480 manducare
2973 1424 3035 1494 (Γ.
3078 1424 3201 1494 1⁸26)
3233 1424 3303 1478 ob
3344 1421 3575 1476 infirmi-

1989 1522 2156 1567 tatem
2185 1513 2424 1567 dentium
2456 1515 2665 1584 potuit,
2700 1525 2826 1584 potu
2850 1513 3098 1583 quamvis
3128 1511 3384 1567 mediocri
3416 1509 3575 1564 facile

1988 1603 2244 1657 saciatur.
2279 1602 2496 1658 Nobiles
2525 1620 2728 1676 genere
2776 1614 2830 1658 et
2878 1604 3119 1658 moribus
3154 1603 3394 1667 amavit,
3424 1601 3574 1670 igno-

1989 1694 2121 1749 biles
2151 1704 2330 1748 autem
2361 1709 2467 1749 non
2495 1696 2823 1764 contempsit
2842 1736 2858 1757 ,
2883 1695 2974 1751 sed
3002 1695 3052 1747 in
3081 1709 3176 1747 sua
3203 1691 3574 1746 familiaritate

1991 1801 2099 1840 non
2124 1785 2219 1816 ¹⁸⁰¹
2247 1786 2453 1840 habuit.
2483 1787 2729 1842 Cultores
2754 1786 2956 1842 Christi
2987 1785 3210 1850 dilexit,
3236 1794 3577 1854 contempto-

300 1860 554 1950 \'eniens,
582 1864 900 1921 electionem
947 1880 1186 1926 nostram
1225 1875 1605 1933 consolidavit.
1653 1855 1884 1931 Mittitur
1916 1855 1958 1914 Β
1991 1893 2077 1933 res
2107 1887 2288 1932 autem
2322 1875 2439 1946 ejus
2465 1880 2615 1949 justo
2651 1880 3002 1950 persequitur
3047 1881 3195 1936 odio.
3247 1879 3440 1936 Omnia
3471 1879 3575 1934 sibi

301 1963 330 2000 a
360 1949 516 2004 nobis
547 1953 797 2008 onmibus
830 1966 956 2011 tunc
991 1969 1172 2015 custos
1205 1963 1463 2019 aecclesia:
1497 1964 1884 2037 Redingus‘m

300 2039 366 2092 ad
401 2055 616 2111 regem,
651 2059 704 2097 nt
739 2062 947 2104 ntetnor
979 2049 1188 2106 Domini
1221 2064 1274 2108 et
1304 2057 1540 2126 antiqua:
1571 2059 1885 2128 promissio-

299 2130 406 2196 nis,
435 2133 479 2186 si
508 2150 763 2206 umquam
795 2138 874 2192 sic
902 2142 1214 2210 accidisset,
1246 2145 1502 2201 familiam
1531 2149 1706 2204 sancti
1732 2149 1882 2206 Mau-

301 2223 417 2276 ricii
453 2224 698 2280 orbatam
727 2239 782 2283 et
812 2231 973 2286 nimis
998 2235 1227 2302 gtrislcm
1261 2245 1409 2292 tanto
1438 2247 1592 2309 patre
1616 2241 1883 2297 consolari

301 2315 576 2369 voluisset.

371 2407 460 2458 4³5.
502 2407 706 2463 Sonata
734 2411 845 2480 jam
874 2415 1047 2482 prima
1079 2417 1268 2473 Ericus
1307 2421 1536 2477 antistes
1558 2422 1883 2494 evigilat.et

300 2495 523 2550 missam
569 2515 668 2567 pro
719 2502 984 2558 defunctis
1029 2509 1286 2560 cantavit.
1340 2508 1462 2564 Post
1509 2514 1882 2582 euvangelium

296 2593 516 2649 autem,
547 2589 612 2642 ad
647 2589 880 2658 quidm"
912 2609 1004 2647 rex
1046 2611 1167 2650 eum
1206 2597 1310 2652 huc
1362 2600 1634 2664 mitteret,
1663 2617 1886 2670 presen—

299 2673 445 2730 tihus
475 2677 734 2745 innotuit,
763 2692 818 2736 et
845 2683 1100 2740 defuncto
1148 2690 1545 2758 archipresule,
1587 2693 1876 2748 absolutio-

295 2782 422 2820 nem
452 2769 728 2826 nobiscum
760 2773 890 2829 fecit
909 2815 926 2840 ,
958 2785 1016 2831 et
1041 2777 1108 2833 ab
1136 2780 1389 2836 omnibus
1415 2782 1531 2836 fieri
1563 2785 1882 2852 postulavit.

294 2852 484 2914 Tertia
509 2860 650 2915 enim
683 2871 809 2920 tunc
837 2865 953 2920 dies
977 2879 1098 2923 erat
1116 2909 1133 2933 ,
1174 2886 1279 2940 qua
1328 2873 1583 2930 sacerdos
1612 2877 1887 2944 predictus

297 2946 551 3014 obierat,
575 2968 695 3022 qua:
718 2971 840 3010 cum
870 2960 1098 3028 septima
1130 2973 1293 3032 atque
1323 2965 1595 3021 tricesima
1618 2968 1672 3022 in
1701 2969 1887 3026 unius-

295 3039 558 3109 cujusque
591 3045 761 3100 lidelis
781 3049 896 3082 ³³³³⁸⁸
924 3052 1072 3105 exitu
1101 3064 1185 3109 est
1214 3057 1530 3114 memoriter
1577 3059 1648 3114 ob
1704 3061 1884 3117 miste-

297 3127 439 3181 rium
493 3129 545 3185 in
590 3148 650 3188 se
690 3136 974 3195 continens
1021 3141 1340 3199 celebranda
1365 3186 1382 3211 ,
1413 3147 1465 3200 id
1493 3157 1577 3203 est
1618 3149 1688 3204 ob
1725 3149 1884 3206 fidem

294 3230 500 3312 sanctae
549 3225 808 3285 trinitatis
853 3239 907 3284 et
952 3233 1322 3302 septiformem
1372 3239 1647 3309 spiritum.
1689 3243 1768 3298 Ac
1819 3243 1883 3312 (f.

215 3350 223 3356 .
294 3311 454 3384 125’)
487 3315 682 3373 dehinc
735 3335 932 3392 corpus
974 3325 1320 3384 benedictum
1373 3347 1545 3402 usque
1592 3334 1660 3390 ad
1708 3311 1886 3390 locum

292 3405 566 3473 sepulchri
597 3412 840 3467 carmine
867 3423 922 3469 et
949 3416 1276 3486 planctum"
1325 3421 1596 3489 defertur,
1648 3443 1714 3481 ac
1744 3428 1886 3495 posi-

295 3503 410 3547 tum
443 3505 527 3550 est
552 3499 872 3556 occidentali
923 3515 1076 3573 parte
1121 3507 1176 3562 in
1225 3510 1394 3564 choro
1441 3522 1566 3568 ante
1609 3515 1840 3583 criptam
1869 3557 1884 3582 ,

297 3597 460 3650 quam
493 3585 607 3654 ipse
640 3585 770 3642 fecit
793 3601 847 3643 et
875 3595 1251 3660 consecravit,
1285 3606 1340 3650 et
1367 3599 1418 3650 in
1449 3615 1551 3668 qua
1578 3616 1656 3664 se,
1686 3618 1883 3670 quam-

296 3672 391 3725 diu
435 3674 597 3738 vixit,
630 3692 814 3733 coratn
865 3680 1026 3736 altati
1071 3685 1279 3755 rogavit
1310 3688 1560 3755 sepeliri;
1611 3691 1697 3742 ubi
1742 3680 1884 3746 idem

294 3755 664 3824 |acrimabiles
690 3787 815 3840 sepe.
838 3771 1025 3828 effudit
1050 3778 1344 3832 orationes.
1387 3778 1491 3833 Sed
1523 3779 1884 3840 Waitherdus

298 3856 482 3911 locum
515 3859 686 3923 hunc,
721 3863 772 3916 in
801 3877 909 3932 quo
937 3880 1079 3919 nunc
1107 3877 1332 3936 pausat,
1364 3870 1489 3936 quia
1523 3871 1738 3923 non"98
1763 3883 1882 3926 erat

292 3947 598 4013 dedicatus,
626 3953 822 4010 animae
848 3955 1117 4012 salubrem
1147 3968 1202 4014 et
1226 3958 1634 4018 introeuntibus
1663 3967 1881 4021 cunctis

297 4041 716 4107 conspicabilem
764 4047 963 4102 dilecto
992 4049 1190 4105 suimet
1227 4052 1426 4106 seniori
1474 4054 1728 4122 providit.
1773 4056 1880 4112 Sed

293 4130 421 4195 quia
449 4131 592 4187 beati
641 4150 830 4192 omnes
876 4139 1171 4195 virtutibus
1217 4142 1330 4196 suis
1379 4145 1612 4197 cnm‘m
1659 4144 1880 4202 Christo

293 4219 512 4286 vivunt,
539 4231 591 4277 et
627 4224 680 4278 in
715 4225 818 4281 hoc
870 4229 1053 4283 seculo
1095 4231 1340 4301 scriptis,
1383 4244 1499 4287 ‘non
1533 4245 1618 4289 est
1665 4236 1860 4292 bonum

291 4310 426 4362 tanti
451 4313 622 4380 patris
645 4315 884 4372 inclitam
909 4323 1386 4378 conversacionem
1419 4323 1637 4380 silentio
1663 4334 1870 4397 tegere,

292 4399 390 4452 sed
415 4402 658 4458 veritatis
686 4405 806 4461 luce
848 4411 1098 4466 omnibus
1126 4413 1381 4482 proﬁcuis
1409 4415 1751 4473 innotescere
1769 4462 1784 4483 ,
1807 4453 1878 4463 —

1987 1965 2248 2021 divinitus
2300 1967 2592 2022 commissa
2641 1968 2875 2024 excoluit
2922 1979 2975 2024 et
3025 1969 3224 2024 lucrari
3275 1965 3572 2025 contendit.

1986 2057 2287 2127 Antequam
2313 2058 2552 2114 divinum
2577 2069 2855 2129 perageret
2879 2061 3179 2115 misterium
3197 2059 3315 2124 ¹³⁰³,
3339 2073 3564 2114 severus

1986 2148 2118 2214 fuit;
2149 2159 2202 2204 et
2232 2158 2354 2220 post
2380 2151 2630 2206 omnibus
2656 2151 2842 2206 hilaris
2869 2153 3092 2216 arrisit,
3116 2161 3163 2206 et
3199 2167 3425 2221 persepe
3448 2165 3573 2204 cum

1986 2240 2100 2294 suis
2129 2239 2408 2296 kirielison
2436 2243 2696 2296 cantavit.
2729 2240 2948 2311 Nequeo
2971 2257 3036 2297 ex
3060 2251 3212 2310 parte
3246 2257 3362 2298 mea
3396 2255 3578 2296 ntune«

1988 2347 2144 2397 rare,
2173 2343 2436 2402 quantum
2470 2333 2689 2403 pietatis
2711 2349 2907 2389 munus
2937 2334 3068 2389 mihi
3095 2334 3314 2402 indigno
3337 2333 3578 2388 studuis-

1986 2431 2072 2476 sct
2103 2423 2449 2493 impendere;
2498 2423 2600 2477 hoc
2644 2432 2852 2478 tantum
2887 2424 3039 2487 scio,
3089 2424 3234 2494 quod
3281 2411 3575 2492 numquam

1987 2513 2061 2567 illi
2093 2514 2254 2584 digna
2290 2515 2732 2568 remuneratione
2759 2515 2825 2569 de
2863 2515 2964 2569 hiis
3007 2515 3280 2584 respondi.
3312 2514 3576 2568 Ohedien-

1989 2607 2117 2659 tiant
2137 2646 2152 2670 ,
2185 2619 2348 2674 quam
2395 2606 2570 2660 eum"
2600 2607 2819 2674 suisque
2849 2607 3255 2660 successoribus
3285 2603 3338 2658 in
3370 2605 3576 2656 exami-

1988 2697 2218 2752 nacione
2258 2697 2522 2766 promisi,
2555 2698 2779 2751 minime
2825 2698 3134 2770 adimplevi.
3176 2697 3494 2768 llarnahurg
3520 2711 3577 2752 et

1988 2787 2214 2841 Frasam
2242 2803 2306 2852 ac
2341 2786 2546 2841 Pretini
2580 2788 2728 2858 (771)
2756 2789 2916 2842 urbes
2939 2805 3060 2842 eum
3089 2799 3241 2843 curte
3270 2803 3375 2842 una
3398 2829 3413 2852 ,
3454 2803 3575 2856 qua:

1988 2880 2250 2935 Eseconis
2281 2879 2384 2934 fuit
2405 2880 2644 2942 comitis,
2670 2897 2780 2935 suae
2801 2882 3090 2951 acquisivit
3117 2880 3374 2936 tecclesia:
3400 2879 3572 2950 (772).

1987 2972 2320 3044 Apparatum
2350 2971 2708 3042 episcopalem
2741 2973 2872 3028 satis
2903 2972 3142 3042 cgrejum
3173 2980 3225 3025 et
3262 2969 3572 3025 afﬂuentem

1989 3064 2359 3134 congregavit.
2393 3065 2424 3118 8
2455 3078 2630 3118 annos
2658 3071 2712 3117 et
2741 3077 2958 3117 menses
2983 3061 3016 3116 4
3043 3071 3098 3116 et
3126 3063 3158 3117 8
3188 3062 3301 3117 dies
3326 3061 3571 3117 columna

1989 3157 2235 3214 ecclesiae
2258 3157 2508 3220 sedebat,
2543 3156 2764 3220 cadens,
2792 3167 2850 3210 ut
2873 3157 3081 3226 predixi
3102 3197 3116 3219 ,
3141 3155 3568 3225 presentialiter;

1991 3249 2084 3304 sed
2114 3247 2364 3302 invisibili
2400 3247 2597 3316 templo
2626 3247 2837 3302 Domini
2877 3249 3136 3303 translata
3171 3257 3352 3303 manet
3379 3263 3571 3316 perpe-

1992 3337 2228 3393 tualiter.
2259 3337 2454 3392 Eodem
2485 3337 2571 3392 die
2595 3335 2877 3406 Vunuerus
2899 3379 2912 3401 ,
2947 3337 3331 3393 Posnaniensis
3358 3336 3571 3391 cenohii

1990 3437 2199 3500 pastor,
2234 3429 2598 3483 consacerdos
2628 3445 2758 3483 suus
2789 3438 2842 3483 et
2885 3427 3254 3500 suﬂraganeus
3275 3470 3289 3494 ,
3322 3429 3391 3484 50
3426 3431 3572 3484 ordi~

1988 3523 2226 3576 nationis
2273 3522 2492 3576 suaz‘m
2523 3537 2668 3575 anno
2704 3522 2858 3576 obiit.
2898 3521 3049 3576 Nunc
3091 3523 3205 3576 haec
3235 3521 3375 3576 dicta
3421 3519 3568 3575 suilli-

1992 3612 2159 3673 tiant,
2209 3620 2264 3665 et
2311 3611 2377 3665 de
2424 3626 2532 3681 quo
2586 3611 2718 3664 mihi
2767 3627 2908 3665 nunc
2949 3625 3130 3664 sermo
3176 3620 3293 3673 est,
3340 3611 3570 3678 amplius

1987 3700 2198 3772 loquar.

2055 3792 2147 3850 44.
2179 3791 2449 3863 Rettingus
2475 3792 2540 3848 ad
2565 3807 2743 3863 regem
2774 3793 3010 3857 veniens,
3043 3799 3364 3866 legationem
3405 3809 3560 3852 suam

1985 3882 2299 3952 suppliciter
2337 3881 2584 3951 profert;
2614 3891 2668 3939 et
2698 3885 2944 3953 quamvis
2994 3884 3184 3950 ardue,
3217 3894 3396 3938 tamen
3427 3883 3566 3938 desi-

1984 3973 2171 4028 derata
2196 3971 2256 4043 (Γ.
2285 3973 2432 4043 126,)
2489 3974 2808 4043 impetrans,
2863 3989 2960 4044 per
2991 3974 3382 4029 internuntium
3413 3973 3567 4028 Wal-

1986 4063 2219 4127 terdutn,
2271 4063 2325 4117 in
2377 4065 2630 4134 exequiis
2707 4065 2890 4120 dilecti
2949 4065 3179 4120 senioris
3236 4065 3560 4129 studiosum,

1968 4142 2144 4208 etiam
2167 4154 2238 4209 20
2273 4155 2470 4210 talenta
2499 4157 2710 4227 argenti
2764 4156 3075 4221 Thiedrico,
3110 4156 3288 4226 nepoti
3340 4172 3479 4219 tneo,
3506 4157 3559 4210 in

1982 4244 2330 4301 elemosinam
2390 4256 2616 4316 excepto
2687 4248 2828 4302 victu
2880 4248 3220 4319 largientem.
3273 4259 3448 4302 vocat.
3491 4248 3561 4302 Et

1981 4353 2080 4408 ego
2099 4336 2286 4405 jussus
2330 4339 2516 4393 venire
2574 4339 2961 4409 proficiscebar
2990 4356 3111 4396 cum
3144 4355 3229 4404 eo,
3257 4356 3319 4395 ac
3349 4342 3400 4394 in
3432 4341 3561 4394 sab-

1982 4427 2111 4482 bato
2138 4426 2378 4483 Gronam
2441 4429 2590 4500 (775)
2618 4445 2742 4485 sero
2785 4431 3051 4486 venimus.
3085 4431 3204 4486 Mox
3243 4431 3296 4485 in
3336 4445 3558 4501 presen-

287 4497 410 4593 εξτξξ
536 4489 714 4559 Ῑυδιιιε
738 4504 792 4550 ει
817 4497 1103 4593 ῑίιηοΐεξιξιε
1124 4517 1188 4556 ac
1211 4503 1363 4559 mira?
1389 4506 1658 4574 carilalis.
1689 4508 1872 4582 largus
1903 4523 1952 4582 ι)
1982 4521 2112 4573 tiam
2148 4521 2290 4592 regis
2317 4521 2616 4590 venientes,
2644 4524 3072 4579 misericorditer
3095 4524 3558 4593 suscipiebantur,
3624 4536 3626 4538 '

285 4588 341 4629 et
370 4576 576 4645 fidelis,
609 4592 790 4641 castus
832 4601 897 4642 ac
940 4590 1120 4654 mitis,
1167 4594 1401 4662 prudens
1428 4604 1483 4650 et
1509 4597 1750 4666 stabilis,
1775 4576 1870 4658 ca-

285 4669 620 4726 nonicus‘m
664 4675 882 4742 habitu,
918 4681 1011 4736 sed
1043 4684 1340 4740 monachus
1366 4687 1418 4740 in
1449 4688 1596 4742 omni
1631 4705 1867 4749 conver-

248 4758 500 4817 ..satione
543 4779 660 4820 sua.
717 4765 866 4823 Vicia
930 4769 986 4826 in
1041 4774 1253 4829 cunctis
1305 4776 1374 4830 ob
1425 4777 1864 4840 melioracionem

1979 4617 2034 4661 et
2062 4623 2235 4677 pauca
2291 4609 2506 4664 locutus
2547 4626 2661 4676 rex,
2694 4627 2793 4667 nos
2821 4613 2889 4668 ad
2921 4613 3218 4682 hospicium
3248 4613 3326 4667 ire
3352 4611 3560 4680 permi-

1978 4698 2067 4752 sit.
2113 4697 2495 4756 Castrametati
2522 4702 2668 4758 enim
2699 4711 2831 4758 tunc
2855 4719 3044 4760 sumus
3090 4711 3244 4759 extra
3281 4703 3468 4757 urbem
3503 4711 3564 4757 et

1968 4785 2123 4854 juxta
2164 4788 2367 4854 lucum,
2392 4790 2483 4846 ubi
2536 4794 2695 4850 modo
2717 4793 2890 4852 sancti
2927 4803 3012 4850 est
3037 4794 3282 4850 ecclesia
3329 4791 3568 4848 Alexan-

1563 4936 1798 4996 VARLE
1839 4941 2249 5000 LECTIONES.

354 5069 448 5106 "ﬂ
472 5071 507 5116 ί-
527 5079 561 5116 ι-
581 5089 606 5116 ει
653 5075 759 5116 add
809 5076 870 5116 ΙΙ»

969 5078 1058 5115 tl"
1074 5078 1353 5116 pnnﬂianne
1388 5082 1404 5116 Ι
1440 5080 1605 5116 ΙΙΙΙΔυΛ
1633 5099 1664 5116 Δ
1693 5104 1838 5116 λιιι.--

1874 5088 1972 5116 «σοι
2045 5091 2170 5116 ρης)
2200 5096 2215 5116 ι

2322 5092 2437 5116 Iahn.
2463 5093 2558 5116 -JJ
2611 5096 2666 5116 ιι
2773 5094 2864 5116 ηας
2897 5095 3084 5116 ..1---.--
3121 5097 3140 5116 ι
3251 5093 3344 5116 ιι..
3380 5092 3547 5116 ;-::n
