4048 5368
508 363 649 422 1543

1425 357 1806 441 mmmam
1847 322 2466 413 nensmunceusis
2501 354 2806 415 EPISCOPI

3615 352 3752 407 13M

498 477 611 533 dri.
633 474 886 532 Crastino
912 472 1012 530 fuit
1054 474 1332 531 Dominica
1381 473 1498 529 dies
1534 483 1590 528 et
1625 470 1890 527 festivitas
1923 454 2082 524 Chri-
2106 469 2155 528 Α
2184 442 2309 521 όεηί
2333 468 2615 539 magnifice
2639 476 2948 540 succeptus,
2997 465 3131 522 duas
3173 463 3245 521 ibi
3291 463 3387 497 ⁸⁸⁸⁸
3417 471 3629 519 tantum
3657 480 3756 518 no-

500 567 576 622 sti
605 565 860 633 martyris
899 564 1007 621 Viti
1030 564 1125 597 ¹³⁹⁶
1155 562 1309 637 (Jun.
1351 562 1438 635 15)
1471 581 1486 630 ;
1513 571 1569 619 et
1597 577 1697 632 ego
1726 560 1882 616 valde
1920 574 2081 615 mane

503 660 732 710 missam
759 655 1134 711 cont'ratribus
1168 654 1306 711 meis
1329 653 1566 719 cantavi,
1605 662 1662 708 et
1696 660 1821 723 post
1856 651 2001 706 hanc
2026 651 2081 704 in

506 746 696 801 urbem
731 744 907 801 vocati
957 745 1153 801 ivimus
1204 759 1378 815 usque
1426 745 1494 800 ad
1540 743 1866 799 caminatam
1895 740 2079 812 regis;

505 843 563 890 et
608 834 684 889 ibi
726 833 875 891 solus
913 833 1298 891 intromittitur
1344 832 1683 898 Walterdus,
1720 826 1775 887 et
1813 830 1885 885 ibi
1911 843 2085 899 usque

505 923 574 978 ad
602 924 822 979 tereiam
863 924 960 979 soli
1029 924 1498 994 eolloquebantur,
1548 930 1604 978 et
1651 937 1903 994 egressus
1957 929 2087 975 tunc

515 1015 833 1073 Walterdus
883 1017 1103 1071 anulum
1173 1023 1358 1088 portat
1401 1015 1455 1069 in
1488 1030 1649 1069 manu
1681 1029 1802 1078 sua,
1824 1020 1880 1068 et
1908 1019 2089 1066 osten-

509 1104 646 1160 dens
668 1103 826 1159 nobis
850 1121 863 1157 :
894 1104 1029 1158 Ecce
1050 1104 1270 1168 habetis,
1297 1103 1503 1172 inquid,
1524 1105 1711 1173 pignus
1735 1101 2088 1156 subsecutum

508 1196 772 1265 pietatis!
820 1197 912 1230 ¹³⁰⁷
952 1197 1018 1252 Et
1071 1207 1197 1252 tunc
1240 1211 1432 1251 omnes
1477 1210 1576 1251 nos
1627 1195 1681 1249 in
1742 1192 2087 1265 praesentiam

414 1322 421 1329 ι
507 1288 807 1353 venientes,
850 1288 1253 1343 examinatione
1302 1300 1467 1356 regis,
1517 1286 1634 1356 ipso
1666 1285 1919 1356 primitus
1962 1297 2086 1337 eum

485 1378 782 1448 laudante,
852 1380 1154 1451 prcdietum
1213 1392 1422 1449 patrem
1485 1379 1767 1447 elegimus,
1812 1386 1868 1432 et
1899 1376 2089 1448 optimi

509 1473 714 1545 quique
737 1472 1053 1543 aspirabant
1086 1489 1102 1539 ;
1143 1481 1199 1528 et
1224 1488 1349 1527 mox
1375 1487 1405 1526 a
1447 1486 1574 1543 rege
1600 1471 1811 1539 accepit
1837 1468 2090 1524 baculum

509 1564 847 1634 pastoralem
886 1563 1002 1618 “°'.
1040 1563 1171 1619 Post
1198 1570 1599 1620 sacramentum
1643 1562 1804 1633 regite
1838 1560 2091 1631 potestati

508 1657 816 1712 exhibitum
864 1656 1207 1711 introductus
1232 1656 1406 1711 estad
1438 1654 1766 1719 :eeelesiam,
1818 1664 1990 1722 quam
2017 1649 2093 1707 ibi

514 1761 545 1800 a
583 1761 710 1817 rege
745 1753 1112 1801 constructam
1154 1754 1470 1800 antecessor
1526 1757 1658 1811 suus
1710 1739 2004 1804 benedixit,
2033 1745 2091 1794 et

2183 567 2300 612 etes
2351 559 2571 625 mansit,
2619 574 2682 614 ac
2732 559 2807 613 nil
2844 557 3041 613 ibidem
3073 554 3386 627 proficiens,
3435 554 3757 609 muneribus

2183 649 2396 720 magnis
2443 650 2757 707 revertitur.
2788 648 2958 705 Aﬂ‘uit
2994 663 3117 703 mox
3148 646 3509 718 expeditionis
3538 646 3761 702 indicta

2184 737 2246 809 (Γ.
2278 739 2417 810 127‘)
2452 748 2651 795 statuta
2686 741 2803 796 dies
2858 739 2912 795 id
2953 746 3036 796 est
3080 738 3114 791 9
3150 736 3420 792 Kalendas
3480 737 3757 805 Augusti;

2178 827 2333 899 juxta
2363 828 2538 886 locum
2570 829 2663 863 ¹³¹⁰
2691 830 2783 900 qui
2809 829 3006 885 dicitur
3054 826 3285 881 Zribenz
3308 826 3457 897 (776)
3488 826 3765 881 conveni-

2186 932 2334 982 mus,
2359 927 2415 973 et
2459 919 2540 973 sic
2592 933 2805 973 sursum
2850 931 3020 986 usque
3067 928 3234 986 prope
3274 913 3517 985 Belegori
3543 912 3764 967 ⁸³⁸³εά-

2186 1009 2487 1063 eendimus.
2543 1008 2694 1063 Tunc
2742 1008 2916 1061 visum
2967 1014 3050 1061 est
3119 1003 3452 1075 principibus
3499 1003 3593 1036 ¹³¹¹
3655 1019 3764 1058 non

2175 1102 2307 1153 esse
2333 1098 2529 1153 bonum
2574 1096 2759 1169 perﬁci
2787 1096 2892 1151 iter
2913 1104 3179 1160 nostrum,
3212 1094 3306 1149 sed
3347 1094 3570 1165 optimis
3618 1110 3766 1148 mar-

2187 1188 2344 1242 cham
2400 1188 2607 1242 ﬁrmari
2644 1186 2937 1257 'presidiis.
2997 1184 3066 1240 Et
3111 1184 3167 1239 iu
3213 1184 3567 1253 consequenti
3602 1193 3767 1238 nocte

2176 1276 2633 1346 "archiepiscopus
2656 1277 2835 1346 capite
2859 1275 3021 1330 nimis
3048 1273 3361 1328 infirmatur
3384 1289 3401 1339 ;
3429 1287 3677 1343 cumque
3697 1271 3771 1326 ad

2187 1385 2310 1426 eum
2335 1386 2493 1425 mane
2519 1370 2805 1435 venissem,
2837 1368 2927 1423 diu
2948 1383 3073 1423 eum
3111 1367 3163 1421 in
3191 1366 3425 1421 tentorio
3452 1365 3769 1419 tardantem

2174 1459 2493 1531 expectari.
2523 1458 2786 1529 Egressus
2813 1456 3028 1511 tandem
3059 1455 3309 1525 queritur
3354 1453 3512 1518 mihi,
3545 1468 3607 1509 se
3631 1452 3774 1507 mul-

2172 1556 2302 1607 ‘tum
2343 1559 2643 1627 egrotasse.
2696 1548 2953 1604 Promisit
2993 1555 3176 1601 autem
3225 1559 3285 1601 se
3331 1545 3400 1600 ad
3427 1544 3682 1615 reginam
3709 1541 3770 1597 in

2193 1641 2508 1713 Merseburg
2557 1650 2684 1696 tunc
2733 1647 3044 1695 manentem
3097 1645 3409 1699 venturum,
3449 1643 3506 1689 et
3555 1633 3635 1689 ibi
3685 1646 3777 1687 me

2194 1732 2578 1787 allocuturum.
2617 1729 2771 1784 Tunc
2821 1742 2921 1798 ego
2955 1726 3186 1791 abcessi,
3214 1733 3270 1780 et
3299 1724 3373 1778 illi
3416 1724 3574 1794 prius
3609 1722 3774 1777 recu-

528 1850 630 1890 aus
692 1836 919 1891 Domino
974 1850 1004 1890 a
1056 1836 1399 1906 presentibus
1448 1833 1681 1889 canitur.
1758 1828 1966 1889 Deinde
2012 1846 2094 1886 re-

2200 1834 2350 1885 sans,
2398 1830 2576 1875 tamen
2628 1819 2758 1890 quia
2826 1817 3068 1873 inventio
3112 1815 3315 1871 Christi
3366 1812 3776 1884 protomartiris

510 1924 658 1995 giam
689 1924 1097 1996 interpellabant
1126 1924 1418 1996 pietatem,l
1444 1933 1503 1978 ut
1530 1923 1595 1978 de
1617 1922 1876 1978 acclcsite
1905 1935 2092 1978 ncces-

514 2015 766 2070 sitatibus
800 2031 933 2070 meae
965 2015 1168 2086 aliquid
1194 2015 1338 2084 loqui
1372 2030 1494 2073 cum
1519 2029 1584 2069 eo
1614 2013 1706 2046 ¹³⁰⁹
1733 2013 2089 2083 dignaretur;

515 2115 571 2160 et
594 2115 653 2160 ut
675 2118 776 2174 ego
825 2106 1187 2176 postulabam,
1242 2106 1411 2160 firmae
1454 2104 1654 2160 suimet
1702 2104 1973 2159 commisit
2007 2119 2096 2160 me

517 2196 665 2267 fidei.
694 2196 1044 2251 Thiedricum
1105 2211 1321 2267 quoque
1364 2205 1616 2265 nepotem
1660 2209 1864 2259 meum,
1897 2200 1954 2248 ut
1979 2193 2095 2265 ipse

504 2263 863 2353 ,‘lesideravit,
923 2285 983 2356 (τ.
1022 2263 1160 2356 η-ιῖ)
1191 2263 1290 2340 rex
1333 2263 1450 2354 μετ’
1476 2298 1670 2339 manus
1717 2283 1793 2337 illi
1837 2263 2013 2339 dedit.
2035 2282 2101 2337 Et

516 2390 641 2430 cum
696 2389 924 2446 generos
975 2376 1123 2448 (ΤΗ)
1171 2377 1371 2443 suimet
1426 2384 1554 2430 tunc
1606 2375 1803 2429 iterum
1854 2376 2099 2430 exercitu

516 2475 703 2538 petere
730 2469 1012 2534 voluisset,
1063 2483 1185 2524 cum
1226 2467 1575 2539 presentibus
1598 2469 1797 2524 suimet
1838 2469 2105 2540 principi-

490 2558 618 2613 bus
641 2558 755 2624 ¹³¹⁰,
812 2559 1049 2628 qualiter
1099 2558 1408 2616 Bolizlavus
1440 2561 1509 2612 ab
1541 2559 1633 2591 “'°
1672 2559 1758 2613 his
1808 2558 2095 2614 invadere-

528 2656 639 2712 tur,
683 2648 943 2705 tractavit
976 2648 1090 2702 ιω.
1120 2647 1236 2702 Hoc
1280 2661 1441 2701 omne
1500 2647 1914 2718 archiepiscopo
1951 2649 2109 2703 novi~

524 2746 611 2793 ter
647 2739 899 2794 instituto
929 2749 983 2793 et.
1007 2755 1133 2794 suas
1154 2748 1338 2797 eurtes
1384 2739 1436 2793 in
1477 2736 1714 2793 Saxonia
1771 2740 1976 2809 positas
2012 2739 2102 2773 ¹³¹²

526 2829 950 2884 commendavit.
972 2829 1173 2885 Eodem
1198 2830 1285 2884 die
1309 2843 1499 2883 omnes
1523 2829 1918 2885 declinavimus
1943 2846 2110 2886 unus-

526 2918 763 2987 quisque
787 2919 853 2972 ad
878 2934 993 2973 sua.
1019 2918 1076 2972 In
1103 2919 1354 2988 proximo
1378 2929 1558 2972 autem
1583 2920 1808 2974 sabbato
1833 2921 1986 2991 (Jun.
2012 2923 2108 2993 2i)

527 3014 957 3083 archipresulem
988 3013 1323 3071 Walterdum
1350 3013 1608 3069 Arnolqu
1631 3016 1811 3086 presul
1843 3018 1935 3050 ¹³¹³
1953 3018 2111 3087 jussu

2201 1919 2330 1966 tunc
2354 1909 2456 1965 fuit
2479 1920 2531 1966 et
2550 1910 2826 1965 Dominica
2852 1908 2968 1964 dies
2998 1905 3093 1939 ¹⁸²³
3117 1907 3275 1976 (Aug.
3298 1904 3374 1975 5),
3402 1905 3628 1958 missam
3649 1917 3778 1956 cau-

2181 2001 2356 2066 'ta‘vit,
2406 2016 2526 2071 pro
2555 2000 2744 2055 dolor!
2778 1999 3045 2054 ultimam.
3098 1993 3133 2050 5
3179 1995 3311 2050 feria
3362 1994 3521 2064 (Aug.
3561 1992 3619 2062 7)
3675 2008 3779 2061 ego

2198 2091 2265 2148 ad
2292 2092 2607 2162 Merseburg
2629 2089 2872 2154 veniens,
2921 2088 3050 2143 dum
3102 2100 3190 2142 me
3234 2100 3357 2140 cum
3406 2083 3780 2139 eoufratribus

2201 2186 2338 2241 meis
2365 2184 2432 2238 ad
2462 2184 2752 2238 adventum
2804 2182 2922 2252 ejus
2965 2193 3335 2250 prepararem,
3388 2175 3572 2229 audivi
3599 2174 3670 2227 ab
3696 2173 3781 2226 iu-

2180 2275 2491 2330 ternuntiis
2552 2273 2698 2343 quod
2753 2272 2845 2327 ille
2893 2270 2960 2325 ad
2996 2269 3301 2325 lvicansten
3359 2280 3474 2335 non.
3514 2264 3661 2319 bene
3686 2278 3781 2316 va-

2203 2367 2320 2421 lens
2362 2380 2525 2420 curru
2554 2363 2786 2420 veniret.
2861 2359 3117 2414 Proxima
3192 2356 3280 2411 die
3338 2354 3445 2409 huc
3497 2353 3779 2422 equitans,

2204 2454 2592 2510 Bernvvardum
2622 2451 2736 2516 mi,
2769 2446 3311 2506 Hillinissemmensis
3348 2443 3619 2500 tecclesiae
3666 2442 3781 2512 epi-

2182 2552 2426 2616 scopum
2454 2554 2615 2599 causa
2641 2540 3031 2597 benedictionis
3050 2547 3129 2603 et,
3156 2550 3319 2607 quam
3345 2534 3439 2568 ““
3460 2533 3601 2588 bene
3630 2532 3781 2587 scie—

2206 2638 2325 2698 hat,
2351 2633 2652 2690 curationis
2681 2632 2859 2703 gratia
2886 2639 3161 2694 vocatum,
3206 2626 3402 2681 ibidem
3456 2623 3704 2693 repperi,
3729 2630 3785 2676 et

2204 2727 2568 2782 Frithericnm
2597 2725 2877 2787 comitem,
2900 2722 3054 2793 cujus
3085 2719 3253 2774 frater
3271 2727 3392 2773 erat
3416 2716 3551 2770 Dedi
3575 2728 3781 2771 eomes.

2210 2819 2423 2872 Etcum
2451 2817 2751 2880 introirem,
2780 2814 3004 2869 sedebat
3030 2811 3471 2879 archiepiscopus
3509 2807 3565 2861 in
3621 2805 3782 2868 solio,

2209 2918 2264 2962 et
2296 2922 2383 2962 me
2409 2906 2741 2976 suscipiebat
2774 2918 2935 2974 quam
2958 2901 3263 2965 earitative,
3289 2908 3339 2954 et
3372 2898 3574 2953 suimet
3620 2896 3783 2965 pedes

2213 3016 2341 3062 tunc
2364 3022 2393 3059 a
2410 3015 2624 3060 tumore
2649 3003 2741 3036 ³⁸⁸⁸
2767 3002 2927 3058 solito
2953 3000 3224 3055 relaxatos
3246 2997 3510 3058 intuetur,
3535 3000 3595 3048 et
3616 2992 3780 3054 dolet,

526 3107 672 3177 regis
732 3108 1142 3176 iuthronizavit,
1192 3118 1249 3164 et
1289 3109 1507 3178 utrique
1565 3109 1773 3166 honore
1822 3126 1885 3167 ac
1910 3129 2100 3183 magna

2213 3100 2360 3168 quia,
2427 3097 2551 3151 dum
2612 3094 2689 3150 hii
2729 3093 3040 3162 turgebaut,
3082 3099 3274 3144 venter
3313 3085 3487 3141 levius
3551 3082 3787 3137 habebat

2213 3186 2322 3210 Α..-
2377 3182 2473 3210 ma
2522 3183 2865 3210 l...:..............
2916 3180 2958 3210 ει.
2991 3192 3116 3210 mm.
3152 3176 3279 3210 msh:
3351 3175 3395 3210 ei
3430 3174 3533 3210 hnn
3567 3172 3787 3210 mrirn.

522 3197 861 3267 iucunditate
897 3201 970 3256 ibi
1005 3203 1241 3271 suscepti
1288 3212 1433 3256 sunt.
1461 3201 1685 3259 Postera
1713 3204 1802 3259 die
1828 3202 1981 3275 (Jun.
2008 3204 2103 3275 22)

528 3295 728 3342 unctus
759 3298 843 3343 est
873 3287 1188 3346 Walterdus
1224 3292 1292 3346 ab
1340 3294 1497 3357 Eido,
1565 3290 1851 3347 blisuensis
1876 3292 1970 3324 ¹⁸¹⁸
2000 3308 2108 3348 aec-

526 3376 709 3432 clesize
761 3380 1057 3434 venerabili
1110 3383 1366 3452 episcopo
1424 3384 1607 3448 tertio,
1673 3399 1796 3437 eum
1840 3382 2108 3451 adiutorio

534 3469 1091 3526 suimcteonfratrum
1154 3472 1423 3544 Wigonis,
1480 3474 1776 3546 Ililliwardi
1809 3489 1873 3529 ac
1901 3475 2106 3541 llerici,

530 3568 591 3613 et
621 3573 650 3613 a
684 3576 771 3616 me
796 3559 902 3616 hiis
930 3563 1155 3617 multum
1212 3564 1480 3619 inferiori.
1528 3564 1747 3635 Adjuvit
1788 3571 1969 3619 autem
2012 3580 2109 3620 nos

534 3648 795 3704 Arnulfus
840 3650 1042 3720 presul.
1072 3652 1107 3706 2
1138 3652 1273 3708 feria
1301 3669 1492 3710 omnes
1549 3667 1647 3709 nos
1704 3669 1826 3708 eum
1876 3655 2109 3710 caritate

533 3736 674 3792 bona
712 3749 766 3793 et
790 3756 1015 3797 munere
1070 3758 1266 3814 magno
1297 3745 1389 3781 ¹³¹⁸
1416 3745 1704 3801 abivimus.
1730 3744 1931 3800 Fuerat
1966 3746 2109 3799 enim

535 3831 714 3900 vigilia
753 3832 846 3867 ““
893 3836 1064 3889 sancti
1100 3835 1365 3892 Johannis
1405 3836 1676 3907 baptism,
1712 3845 1768 3892 et
1827 3845 1960 3891 tunc
2007 3837 2113 3891 Re-

539 3920 732 3993 dingus
753 3923 820 3977 ab
851 3925 1261 3996 archiepiscopo
1310 3929 1638 3983 constitutus
1688 3937 1773 3983 est
1808 3929 1874 3983 ad
1912 3941 2113 3998 prepo-

537 4010 701 4067 situm
744 4026 867 4066 eum
909 4017 1182 4069 communi
1241 4015 1505 4071 electione
1547 4016 1906 4072 eonfratrum.
1938 4015 1994 4070 ln
2027 4015 2115 4070 die

544 4112 737 4157 saneto
767 4107 832 4158 ad
865 4103 1099 4160 Montem
1130 4119 1252 4161 cum
1277 4106 1439 4185 solito
1469 4108 1674 4162 honore
1702 4108 1749 4162 is
1772 4107 1866 4139 ¹⁸¹³
1896 4096 2111 4173 ductus,

541 4208 571 4246 a
597 4210 681 4248 me
709 4203 763 4250 et
798 4211 826 4248 a
854 4194 1023 4251 fratre
1072 4213 1196 4254 meo
1242 4197 1503 4269 Sigifrido
1554 4199 1645 4231 m"
1679 4199 1992 4269 suceipitur.
2036 4199 2114 4254 lbi

542 4294 676 4340 tunc
711 4286 929 4342 missam
972 4299 1220 4356 cantans,
1262 4292 1489 4361 populos
1545 4291 1722 4361 primo
1776 4290 2034 4356 instituit,
2060 4290 2117 4345 et

542 4384 663 4444 post
694 4378 764 4432 ab
802 4378 894 4411 ³³⁸³
918 4381 1116 4436 abbate
1166 4383 1394 4437 multum
1449 4392 1692 4452 rogatus,
1731 4392 1791 4438 ut
1818 4383 1888 4437 ibi
1917 4383 2118 4437 carita-

2209 3186 2325 3253 ejus
2377 3182 2492 3238 "".
2521 3183 2870 3237 lnlimaverat
2915 3180 2961 3234 is
2991 3192 3118 3234 tunc
3152 3176 3302 3242 mihi,
3351 3175 3395 3230 si
3427 3174 3535 3228 hoc
3567 3172 3787 3242 pericu-

2208 3276 2318 3331 lum
2351 3290 2515 3330 sanus
2539 3274 2815 3338 evaderet,
2847 3270 3033 3328 nullus
3068 3267 3365 3323 amicorum
3411 3264 3546 3318 mihi
3574 3262 3787 3317 fidelior

2210 3383 2333 3425 esse
2360 3367 2643 3439 potuisset.
2672 3364 2772 3420 Fui
2806 3374 2932 3418 tunc
2962 3360 3158 3416 ibidem
3181 3371 3350 3427 usque
3379 3355 3448 3409 ad
3470 3368 3785 3423 vesperam,

2211 3470 2268 3517 et
2323 3471 2433 3515 tum
2480 3459 2683 3513 invitus
2726 3456 2884 3519 redii,
2938 3454 3066 3524 quia
3122 3449 3364 3506 crastino
3427 3454 3547 3502 erat
3606 3443 3787 3514 vigilia

2213 3549 2659 3624 (f.128)Christi
2709 3546 2900 3603 adletze
2956 3540 3258 3603 Laurentii,
3309 3537 3463 3609 cujus
3519 3534 3788 3591 festivitas

2188 3643 2493 3699 ’Dominiea
2536 3639 2770 3694 instabat
2798 3637 2883 3691 die
2911 3635 3070 3705 (Aug.
3101 3632 3210 3700 l0).
3241 3628 3354 3696 Qua
3400 3643 3524 3682 eum
3575 3639 3679 3695 ego
3701 3638 3789 3694 po-

2214 3731 2355 3803 pulis
2394 3727 2734 3782 venientibus
2788 3738 2959 3795 pauca
3017 3720 3375 3790 prediearem,
3425 3714 3793 3770 communiter

2214 3800 2390 3875 abhis
2438 3833 2538 3887 pro
2583 3816 2800 3870 infirmo
2850 3810 3250 3868 archiantistite
3308 3805 3619 3862 orationem
3676 3800 3789 3856 ﬁeri

2214 3911 2437 3982 supplex
2492 3908 2780 3979 postulavi.
2823 3907 2857 3960 3
2921 3902 3057 3959 feria
3107 3900 3265 3970 (Aug.
3293 3898 3380 3967 ιε)
3403 3905 3536 3950 ante
3561 3893 3789 3965 primam

2215 4002 2306 4058 ubi
2340 4002 2429 4056 ille
2467 4000 2640 4053 fuerat
2671 3996 2955 4052 veniebam
2981 4010 2996 4059 ;
3031 4001 3084 4046 et
3108 3999 3236 4044 tunc
3284 3989 3372 4043 hic
3392 3994 3513 4041 erat
3542 3985 3645 4039 Eid
3676 3982 3789 4052 epi-

2216 4111 2431 4166 scopus,
2465 4092 2690 4147 multum
2725 4105 2821 4160 pro
2851 4103 2916 4142 eo
2942 4088 2995 4140 in
3022 4084 3271 4139 oratione
3329 4080 3593 4137 continua
3640 4074 3792 4129 labo-

2221 4204 2370 4243 rans.
2434 4186 2502 4240 Et.
2549 4199 2673 4239 cum
2723 4181 3073 4244 caminatam,
3134 4174 3227 4230 ubi
3289 4172 3380 4227 ille
3429 4170 3556 4240 pius
3600 4166 3790 4236 iacuit,

2220 4279 2498 4349 ingressus
2518 4288 2717 4337 essem,
2751 4285 2850 4326 nec
2879 4269 3186 4339 loquentem
3243 4262 3447 4327 audivi,
3498 4275 3605 4314 nec
3658 4259 3794 4314 bene

2220 4375 2638 4441 cognoscentem
2674 4362 2766 4397 ¹³¹⁶
2814 4361 2961 4416 hunc
2989 4357 3083 4389 ⁸³³³
3112 4356 3242 4410 vidi.
3293 4353 3580 4408 Advenere
3631 4350 3793 4403 etiam

542 4472 654 4518 tem
694 4464 894 4522 faceret
932 4471 1001 4525 ob
1061 4472 1275 4526 turbam
1325 4471 1427 4526 sibi
1484 4437 1851 4527 adhaerentem
1907 4472 2100 4526 omisit

2222 4437 2523 4516 eovvivente
2550 4449 2812 4507 Arnulfus
2834 4456 2889 4503 et
2916 4443 3285 4505 Hilliwardus,
3316 4455 3436 4494 cum
3470 4437 3796 4491 Meinwereo

546 4554 673 4613 Fuit
723 4556 777 4611 in
831 4559 925 4592 ³³¹³
969 4562 1132 4616 natali
1189 4564 1559 4632 apostolorum
1590 4562 1744 4635 (Jun.
1774 4562 1867 4633 29)
1905 4562 1957 4617 in
1991 4564 2120 4618 sede

549 4661 670 4712 sua,
691 4662 755 4704 ac
787 4657 915 4705 tunc
954 4653 1272 4707 commissos
1298 4652 1589 4709 salubriter
1610 4653 1933 4707 ammonuit.

2228 4558 2285 4605 et
2319 4532 2501 4610 Erieo,
2529 4540 2853 4612 coepiscopi,
2884 4550 3075 4593 omnes
3123 4533 3268 4587 hunc
3325 4529 3534 4600 pariter
3573 4524 3799 4582 benedi-

2228 4638 2412 4698 eeutes
2457 4644 2513 4692 et
2560 4629 2948 4702 indulgentiam
2997 4626 3046 4681 ei
3100 4622 3383 4678 facientes.
3433 4618 3549 4688 Ego
3618 4624 3797 4668 autem

622 4740 713 4794 45.
743 4740 1022 4797 Ιηιει-ἰιὴα
1059 4742 1312 4798 Bolizlavi
1340 4743 1434 4775 ιη’
1471 4744 1685 4798 nunciis
1725 4753 1971 4815 rogatus,
2002 4744 2100 4798 Sci

2226 4739 2484 4802 peccator
2533 4725 2663 4782 unxi
2715 4722 2807 4755 ¹⁹¹⁷
2857 4733 2980 4775 eum
3010 4716 3129 4771 oleo
3182 4710 3520 4769 sanctificata
3562 4708 3621 4762 in
3670 4705 3798 4759 locis

2848 4810 2870 4815 ‘
2996 4809 3009 4815 ‘
3394 4803 3407 4815 ι
3566 4798 3612 4815 In
3647 4798 3683 4815 α-
3714 4795 3798 4815 ειη

544 4832 693 4887 ciani
734 4831 884 4905 (775)
908 4848 1073 4888 causa
1120 4846 1309 4905 pacem
1334 4832 1570 4890 faciendi
1602 4833 1696 4866 ⁸³⁸⁸
1731 4834 1902 4900 venit,
1935 4842 1990 4888 et
2016 4833 2116 4888 ibi-

2231 4795 2469 4882 maxime
2500 4816 2825 4877 dolentibus.
2842 4809 3108 4869 Jarmirus
3131 4819 3349 4877 quoque
3376 4803 3484 4857 dux
3513 4798 3689 4854 adfuit
3714 4795 3801 4827 ’³⁸³

1830 4945 2064 5002 VARle
2094 4935 2492 5001 LECTIONES.

622 5041 724 5134 aqua;
770 5041 1065 5124 solennitas
1114 5038 1648 5134 plretiosipmartyris
1677 5037 1787 5093 Viti
1852 5038 2005 5108 pueri
2061 5035 2300 5134 saxouic
2358 5021 2614 5134 ,ραυξηἰά

705 5126 820 5134 ’“⁴
856 5111 1324 5134 “””·Α“-²-’²“²··-ι·
1379 5119 1533 5134 --·---Α
1601 5107 1841 5134 εαηεολιε..
1908 5108 1996 5134 -.ιη
2034 5108 2105 5134 ...ς
2153 5106 2466 5134 “nmmum
2519 5130 2525 5134 η

558 5109 651 5134 un
683 5110 820 5134 ﬂ---
856 5112 1045 5134 ..ζ-.-.η-
1069 5109 1324 5134 2.-“..Ιῑ-2--.--
1357 5109 1742 5134 Ρ..ι--....“.ιεη...ζοῑ

1908 5108 1996 5134 νιξΔ

2663 5018 2755 5090 qui
2820 5016 2873 5071 in
2929 5027 3070 5068 nova
3116 5007 3372 5090 μοι-δεῖθ’
3397 4998 3729 5090 requiescit.

2196 5068 2755 5134 ἱὶἳ.ῒ,η;¹ἐέιζ’ἕ’”ἰὶοο“ἆξ
2783 5068 2931 5134 ὦζε.
2963 5099 3014 5134 ι·.
3037 5096 3089 5134 a.
3122 5080 3176 5134 b.
3219 5092 3272 5134 υ.
3303 5075 3433 5129 add.
3466 5068 3552 5128 ib.
3632 5068 3729 5100 ’κ’
3752 5082 3797 5118 r.
