  <div class='ocr_page' id='page_1' title='image "/cluster/home/n/w/nwhite01/storage/ocr_20150623/139/hvd.32044015471782/679.png"; bbox 0 0 4048 5368; ppageno 0'>
   <div class='ocr_carea' id='block_1_1' title="bbox 491 196 628 254">
    <p class='ocr_par' dir='ltr' id='par_1_1' title="bbox 491 196 628 254">
     <span class='ocr_line' id='line_1_1' title="bbox 491 196 628 254; baseline 0.007 -3"><span class='ocrx_word' id='word_1_1' title='bbox 491 196 628 254; x_wconf 72' lang='grc' dir='ltr'><strong>15ιῖ</strong></span> 
     </span>
    </p>
   </div>
   <div class='ocr_carea' id='block_1_2' title="bbox 1414 191 2793 252">
    <p class='ocr_par' dir='ltr' id='par_1_2' title="bbox 1414 191 2793 252">
     <span class='ocr_line' id='line_1_2' title="bbox 1414 191 2793 252; baseline -0.001 -3"><span class='ocrx_word' id='word_1_2' title='bbox 1414 194 1786 251; x_wconf 77' lang='lat' dir='ltr'><strong>THIETMARI</strong></span> <span class='ocrx_word' id='word_1_3' title='bbox 1826 191 2146 247; x_wconf 72' lang='lat' dir='ltr'><strong>ﬂEltSEBU</strong></span> <span class='ocrx_word' id='word_1_4' title='bbox 2159 192 2448 248; x_wconf 77' lang='lat' dir='ltr'><strong>RGENSIS</strong></span> <span class='ocrx_word' id='word_1_5' title='bbox 2490 193 2793 252; x_wconf 83' lang='lat' dir='ltr'><strong>EPISCOPI</strong></span> 
     </span>
    </p>
   </div>
   <div class='ocr_carea' id='block_1_3' title="bbox 3604 195 3736 250">
    <p class='ocr_par' dir='ltr' id='par_1_3' title="bbox 3604 195 3736 250">
     <span class='ocr_line' id='line_1_3' title="bbox 3604 195 3736 250; baseline 0 0"><span class='ocrx_word' id='word_1_6' title='bbox 3604 195 3736 250; x_wconf 63' lang='lat' dir='ltr'><strong>Hi3</strong></span> 
     </span>
    </p>
   </div>
   <div class='ocr_carea' id='block_1_4' title="bbox 489 293 3744 386">
    <p class='ocr_par' dir='ltr' id='par_1_4' title="bbox 489 293 3744 386">
     <span class='ocr_line' id='line_1_4' title="bbox 489 293 3744 386; baseline -0.002 -18"><span class='ocrx_word' id='word_1_7' title='bbox 489 331 579 369; x_wconf 84' lang='lat' dir='ltr'><strong>rus</strong></span> <span class='ocrx_word' id='word_1_8' title='bbox 607 324 662 368; x_wconf 90' lang='lat' dir='ltr'><strong>et</strong></span> <span class='ocrx_word' id='word_1_9' title='bbox 688 313 1028 380; x_wconf 86' lang='lat' dir='ltr'><strong>compaclens</strong></span> <span class='ocrx_word' id='word_1_10' title='bbox 1050 352 1066 378; x_wconf 93' lang='lat'><strong>,</strong></span> <span class='ocrx_word' id='word_1_11' title='bbox 1099 323 1163 386; x_wconf 88' lang='lat' dir='ltr'><strong>ac</strong></span> <span class='ocrx_word' id='word_1_12' title='bbox 1188 308 1416 386; x_wconf 69' lang='lat' dir='ltr'><strong>aclesia:</strong></span> <span class='ocrx_word' id='word_1_13' title='bbox 1451 310 1648 364; x_wconf 86' lang='lat' dir='ltr'><strong>suimet</strong></span> <span class='ocrx_word' id='word_1_14' title='bbox 1678 307 1834 363; x_wconf 80' lang='lat' dir='ltr'><strong>fortis</strong></span> <span class='ocrx_word' id='word_1_15' title='bbox 1865 322 2058 376; x_wconf 86' lang='lat' dir='ltr'><strong>propu-</strong></span> <span class='ocrx_word' id='word_1_16' title='bbox 2086 312 2134 369; x_wconf 80' lang='grc' dir='ltr'>Α</span> <span class='ocrx_word' id='word_1_17' title='bbox 2163 305 2230 361; x_wconf 90' lang='lat' dir='ltr'><strong>de</strong></span> <span class='ocrx_word' id='word_1_18' title='bbox 2275 293 2498 376; x_wconf 78' lang='lat' dir='ltr'><strong>argento</strong></span> <span class='ocrx_word' id='word_1_19' title='bbox 2553 305 2647 338; x_wconf 78' lang='grc'><strong>⁸³⁸⁸</strong></span> <span class='ocrx_word' id='word_1_20' title='bbox 2691 306 2839 362; x_wconf 81' lang='lat' dir='ltr'><strong>fecit.</strong></span> <span class='ocrx_word' id='word_1_21' title='bbox 2897 303 3193 362; x_wconf 85' lang='lat' dir='ltr'><strong>Ecclesiam</strong></span> <span class='ocrx_word' id='word_1_22' title='bbox 3245 305 3530 363; x_wconf 77' lang='lat' dir='ltr'><strong>rotundam</strong></span> <span class='ocrx_word' id='word_1_23' title='bbox 3555 347 3574 373; x_wconf 89' lang='lat'><strong>,</strong></span> <span class='ocrx_word' id='word_1_24' title='bbox 3625 302 3744 377; x_wconf 60' lang='lat' dir='ltr'><strong>post</strong></span> 
     </span>
    </p>
   </div>
   <div class='ocr_carea' id='block_1_5' title="bbox 485 398 2060 476">
    <p class='ocr_par' dir='ltr' id='par_1_5' title="bbox 485 398 2060 476">
     <span class='ocr_line' id='line_1_5' title="bbox 485 398 2060 476; baseline -0.005 -16"><span class='ocrx_word' id='word_1_25' title='bbox 485 404 679 476; x_wconf 81' lang='lat' dir='ltr'><strong>gnator</strong></span> <span class='ocrx_word' id='word_1_26' title='bbox 707 412 843 459; x_wconf 86' lang='lat' dir='ltr'><strong>erat.</strong></span> <span class='ocrx_word' id='word_1_27' title='bbox 877 403 1004 458; x_wconf 87' lang='lat' dir='ltr'><strong>Sine</strong></span> <span class='ocrx_word' id='word_1_28' title='bbox 1043 401 1186 457; x_wconf 91' lang='lat' dir='ltr'><strong>omni</strong></span> <span class='ocrx_word' id='word_1_29' title='bbox 1211 401 1474 471; x_wconf 86' lang='lat' dir='ltr'><strong>jactantia</strong></span> <span class='ocrx_word' id='word_1_30' title='bbox 1507 399 1802 455; x_wconf 80' lang='lat' dir='ltr'><strong>convicinis</strong></span> <span class='ocrx_word' id='word_1_31' title='bbox 1830 398 2060 467; x_wconf 88' lang='lat' dir='ltr'><strong>plurima</strong></span> 
     </span>
    </p>
   </div>
   <div class='ocr_carea' id='block_1_6' title="bbox 484 491 2058 572">
    <p class='ocr_par' dir='ltr' id='par_1_6' title="bbox 484 491 2058 572">
     <span class='ocr_line' id='line_1_6' title="bbox 484 491 2058 572; baseline -0.008 -16"><span class='ocrx_word' id='word_1_32' title='bbox 484 501 779 572; x_wconf 88' lang='lat' dir='ltr'><strong>impendit;</strong></span> <span class='ocrx_word' id='word_1_33' title='bbox 813 499 900 554; x_wconf 90' lang='lat' dir='ltr'><strong>ille</strong></span> <span class='ocrx_word' id='word_1_34' title='bbox 931 497 1075 553; x_wconf 91' lang='lat' dir='ltr'><strong>solus</strong></span> <span class='ocrx_word' id='word_1_35' title='bbox 1107 496 1208 551; x_wconf 88' lang='lat' dir='ltr'><strong>sibi</strong></span> <span class='ocrx_word' id='word_1_36' title='bbox 1241 494 1517 550; x_wconf 74' lang='lat' dir='ltr'><strong>suffecisse</strong></span> <span class='ocrx_word' id='word_1_37' title='bbox 1556 494 1769 549; x_wconf 90' lang='lat' dir='ltr'><strong>cunctis</strong></span> <span class='ocrx_word' id='word_1_38' title='bbox 1804 491 2058 546; x_wconf 74' lang='lat' dir='ltr'><strong>innotuit.</strong></span> 
     </span>
    </p>
   </div>
   <div class='ocr_carea' id='block_1_7' title="bbox 483 583 2058 656">
    <p class='ocr_par' dir='ltr' id='par_1_7' title="bbox 483 583 2058 656">
     <span class='ocr_line' id='line_1_7' title="bbox 483 583 2058 656; baseline -0.008 -8"><span class='ocrx_word' id='word_1_39' title='bbox 483 593 678 648; x_wconf 81' lang='lat' dir='ltr'><strong>Audivi</strong></span> <span class='ocrx_word' id='word_1_40' title='bbox 708 591 934 647; x_wconf 91' lang='lat' dir='ltr'><strong>eundem</strong></span> <span class='ocrx_word' id='word_1_41' title='bbox 963 589 1185 643; x_wconf 89' lang='lat' dir='ltr'><strong>multum</strong></span> <span class='ocrx_word' id='word_1_42' title='bbox 1212 587 1398 656; x_wconf 87' lang='lat' dir='ltr'><strong>jurare</strong></span> <span class='ocrx_word' id='word_1_43' title='bbox 1427 626 1440 651; x_wconf 91' lang='lat'><strong>,</strong></span> <span class='ocrx_word' id='word_1_44' title='bbox 1474 587 1615 655; x_wconf 89' lang='lat' dir='ltr'><strong>quod</strong></span> <span class='ocrx_word' id='word_1_45' title='bbox 1649 600 1753 639; x_wconf 90' lang='lat' dir='ltr'><strong>non</strong></span> <span class='ocrx_word' id='word_1_46' title='bbox 1783 586 1852 638; x_wconf 89' lang='lat' dir='ltr'><strong>ob</strong></span> <span class='ocrx_word' id='word_1_47' title='bbox 1884 583 2058 637; x_wconf 89' lang='lat' dir='ltr'><strong>ambi-</strong></span> 
     </span>
    </p>
   </div>
   <div class='ocr_carea' id='block_1_8' title="bbox 484 673 2062 744">
    <p class='ocr_par' dir='ltr' id='par_1_8' title="bbox 484 673 2062 744">
     <span class='ocr_line' id='line_1_8' title="bbox 484 673 2062 744; baseline -0.006 -8"><span class='ocrx_word' id='word_1_48' title='bbox 484 683 694 737; x_wconf 89' lang='lat' dir='ltr'><strong>cionem</strong></span> <span class='ocrx_word' id='word_1_49' title='bbox 727 682 819 736; x_wconf 89' lang='lat' dir='ltr'><strong>sed</strong></span> <span class='ocrx_word' id='word_1_50' title='bbox 861 679 1152 744; x_wconf 86' lang='lat' dir='ltr'><strong>laborantis</strong></span> <span class='ocrx_word' id='word_1_51' title='bbox 1183 677 1437 732; x_wconf 66' lang='lat' dir='ltr'><strong>aecclesia:</strong></span> <span class='ocrx_word' id='word_1_52' title='bbox 1486 685 1540 730; x_wconf 92' lang='lat' dir='ltr'><strong>et</strong></span> <span class='ocrx_word' id='word_1_53' title='bbox 1586 675 1720 744; x_wconf 73' lang='lat' dir='ltr'><strong>pene</strong></span> <span class='ocrx_word' id='word_1_54' title='bbox 1764 673 2062 728; x_wconf 80' lang='lat' dir='ltr'><strong>deﬁcientis</strong></span> 
     </span>
    </p>
   </div>
   <div class='ocr_carea' id='block_1_9' title="bbox 484 761 2061 837">
    <p class='ocr_par' dir='ltr' id='par_1_9' title="bbox 484 761 2061 837">
     <span class='ocr_line' id='line_1_9' title="bbox 484 761 2061 837; baseline -0.005 -13"><span class='ocrx_word' id='word_1_55' title='bbox 484 771 770 824; x_wconf 73' lang='lat' dir='ltr'><strong>utilitatem</strong></span> <span class='ocrx_word' id='word_1_56' title='bbox 799 771 941 824; x_wconf 90' lang='lat' dir='ltr'><strong>hunc</strong></span> <span class='ocrx_word' id='word_1_57' title='bbox 969 776 1244 837; x_wconf 76' lang='lat' dir='ltr'><strong>expeteret</strong></span> <span class='ocrx_word' id='word_1_58' title='bbox 1275 767 1555 822; x_wconf 85' lang='lat' dir='ltr'><strong>honorem.</strong></span> <span class='ocrx_word' id='word_1_59' title='bbox 1596 764 1676 818; x_wconf 84' lang='lat' dir='ltr'><strong>Ad</strong></span> <span class='ocrx_word' id='word_1_60' title='bbox 1706 765 1808 818; x_wconf 93' lang='lat' dir='ltr'><strong>hoc</strong></span> <span class='ocrx_word' id='word_1_61' title='bbox 1838 778 1894 818; x_wconf 88' lang='lat' dir='ltr'><strong>se</strong></span> <span class='ocrx_word' id='word_1_62' title='bbox 1924 761 2061 816; x_wconf 85' lang='lat' dir='ltr'><strong>dixit</strong></span> 
     </span>
    </p>
   </div>
   <div class='ocr_carea' id='block_1_10' title="bbox 485 853 2060 926">
    <p class='ocr_par' dir='ltr' id='par_1_10' title="bbox 485 853 2060 926">
     <span class='ocr_line' id='line_1_10' title="bbox 485 853 2060 926; baseline -0.007 -10"><span class='ocrx_word' id='word_1_63' title='bbox 485 862 842 926; x_wconf 82' lang='lat' dir='ltr'><strong>immeritem,</strong></span> <span class='ocrx_word' id='word_1_64' title='bbox 870 870 924 914; x_wconf 89' lang='lat' dir='ltr'><strong>et</strong></span> <span class='ocrx_word' id='word_1_65' title='bbox 949 861 1019 914; x_wconf 87' lang='lat' dir='ltr'><strong>ibi</strong></span> <span class='ocrx_word' id='word_1_66' title='bbox 1051 860 1183 912; x_wconf 89' lang='lat' dir='ltr'><strong>duos</strong></span> <span class='ocrx_word' id='word_1_67' title='bbox 1215 872 1332 913; x_wconf 89' lang='lat' dir='ltr'><strong>esse</strong></span> <span class='ocrx_word' id='word_1_68' title='bbox 1369 856 1701 918; x_wconf 89' lang='lat' dir='ltr'><strong>coul&#39;ratres,</strong></span> <span class='ocrx_word' id='word_1_69' title='bbox 1731 869 1868 923; x_wconf 89' lang='lat' dir='ltr'><strong>quos</strong></span> <span class='ocrx_word' id='word_1_70' title='bbox 1895 853 2060 907; x_wconf 88' lang='lat' dir='ltr'><strong>liben-</strong></span> 
     </span>
    </p>
   </div>
   <div class='ocr_carea' id='block_1_11' title="bbox 485 946 2056 1020">
    <p class='ocr_par' dir='ltr' id='par_1_11' title="bbox 485 946 2056 1020">
     <span class='ocr_line' id='line_1_11' title="bbox 485 946 2056 1020; baseline -0.005 -16"><span class='ocrx_word' id='word_1_71' title='bbox 485 963 566 1005; x_wconf 91' lang='lat' dir='ltr'><strong>ter</strong></span> <span class='ocrx_word' id='word_1_72' title='bbox 593 952 843 1020; x_wconf 85' lang='lat' dir='ltr'><strong>eligeret,</strong></span> <span class='ocrx_word' id='word_1_73' title='bbox 877 951 921 1004; x_wconf 89' lang='lat' dir='ltr'><strong>si</strong></span> <span class='ocrx_word' id='word_1_74' title='bbox 953 951 1056 1003; x_wconf 93' lang='lat' dir='ltr'><strong>hoc</strong></span> <span class='ocrx_word' id='word_1_75' title='bbox 1085 948 1190 1002; x_wconf 92' lang='lat' dir='ltr'><strong>ullo</strong></span> <span class='ocrx_word' id='word_1_76' title='bbox 1230 950 1387 1001; x_wconf 88' lang='lat' dir='ltr'><strong>modo</strong></span> <span class='ocrx_word' id='word_1_77' title='bbox 1427 946 1542 1000; x_wconf 82' lang='lat' dir='ltr'><strong>ﬁeri</strong></span> <span class='ocrx_word' id='word_1_78' title='bbox 1588 961 1746 1015; x_wconf 83' lang='lat' dir='ltr'><strong>posse</strong></span> <span class='ocrx_word' id='word_1_79' title='bbox 1794 952 2056 1014; x_wconf 88' lang='lat' dir='ltr'><strong>speraret.</strong></span> 
     </span>
    </p>
   </div>
   <div class='ocr_carea' id='block_1_12' title="bbox 481 1034 2054 1108">
    <p class='ocr_par' dir='ltr' id='par_1_12' title="bbox 481 1034 2054 1108">
     <span class='ocr_line' id='line_1_12' title="bbox 481 1034 2054 1108; baseline -0.005 -13"><span class='ocrx_word' id='word_1_80' title='bbox 481 1041 660 1095; x_wconf 83' lang='lat' dir='ltr'><strong>Justus</strong></span> <span class='ocrx_word' id='word_1_81' title='bbox 686 1049 741 1094; x_wconf 92' lang='lat' dir='ltr'><strong>et</strong></span> <span class='ocrx_word' id='word_1_82' title='bbox 771 1051 927 1094; x_wconf 81' lang='lat' dir='ltr'><strong>tenax</strong></span> <span class='ocrx_word' id='word_1_83' title='bbox 958 1038 1215 1108; x_wconf 85' lang='lat' dir='ltr'><strong>prepositi</strong></span> <span class='ocrx_word' id='word_1_84' title='bbox 1247 1038 1443 1092; x_wconf 86' lang='lat' dir='ltr'><strong>suimet</strong></span> <span class='ocrx_word' id='word_1_85' title='bbox 1464 1037 1546 1089; x_wconf 90' lang='lat' dir='ltr'><strong>vir</strong></span> <span class='ocrx_word' id='word_1_86' title='bbox 1573 1037 1673 1091; x_wconf 92' lang='lat' dir='ltr'><strong>iste</strong></span> <span class='ocrx_word' id='word_1_87' title='bbox 1705 1035 1801 1089; x_wconf 83' lang='lat' dir='ltr'><strong>fuit</strong></span> <span class='ocrx_word' id='word_1_88' title='bbox 1823 1034 2054 1105; x_wconf 71' lang='lat' dir='ltr'><strong>(lion/tr.</strong></span> 
     </span>
    </p>
   </div>
   <div class='ocr_carea' id='block_1_13' title="bbox 481 1124 2054 1200">
    <p class='ocr_par' dir='ltr' id='par_1_13' title="bbox 481 1124 2054 1200">
     <span class='ocr_line' id='line_1_13' title="bbox 481 1124 2054 1200; baseline -0.005 -14"><span class='ocrx_word' id='word_1_89' title='bbox 481 1139 560 1193; x_wconf 83' lang='lat' dir='ltr'><strong>ut,</strong></span> <span class='ocrx_word' id='word_1_90' title='bbox 593 1132 644 1192; x_wconf 78' lang='lat'><strong>5,</strong></span> <span class='ocrx_word' id='word_1_91' title='bbox 668 1132 738 1200; x_wconf 90' lang='lat' dir='ltr'><strong>l).</strong></span> <span class='ocrx_word' id='word_1_92' title='bbox 773 1128 1006 1183; x_wconf 81' lang='lat' dir='ltr'><strong>Laudari</strong></span> <span class='ocrx_word' id='word_1_93' title='bbox 1037 1143 1094 1182; x_wconf 91' lang='lat' dir='ltr'><strong>se</strong></span> <span class='ocrx_word' id='word_1_94' title='bbox 1118 1144 1221 1182; x_wconf 91' lang='lat' dir='ltr'><strong>non</strong></span> <span class='ocrx_word' id='word_1_95' title='bbox 1257 1125 1317 1197; x_wconf 73' lang='grc' dir='ltr'><strong>(Γ.</strong></span> <span class='ocrx_word' id='word_1_96' title='bbox 1351 1125 1794 1197; x_wconf 69' lang='lat' dir='ltr'><strong>429‘)appetebat</strong></span> <span class='ocrx_word' id='word_1_97' title='bbox 1827 1125 1894 1177; x_wconf 89' lang='lat' dir='ltr'><strong>ab</strong></span> <span class='ocrx_word' id='word_1_98' title='bbox 1915 1124 2054 1190; x_wconf 89' lang='lat' dir='ltr'><strong>aliis,</strong></span> 
     </span>
    </p>
   </div>
   <div class='ocr_carea' id='block_1_14' title="bbox 480 1214 2059 1290">
    <p class='ocr_par' dir='ltr' id='par_1_14' title="bbox 480 1214 2059 1290">
     <span class='ocr_line' id='line_1_14' title="bbox 480 1214 2059 1290; baseline -0.006 -16"><span class='ocrx_word' id='word_1_99' title='bbox 480 1236 579 1275; x_wconf 91' lang='lat' dir='ltr'><strong>nec</strong></span> <span class='ocrx_word' id='word_1_100' title='bbox 610 1221 728 1274; x_wconf 92' lang='lat' dir='ltr'><strong>aliis</strong></span> <span class='ocrx_word' id='word_1_101' title='bbox 754 1220 866 1290; x_wconf 90' lang='lat' dir='ltr'><strong>ipse</strong></span> <span class='ocrx_word' id='word_1_102' title='bbox 895 1220 1238 1273; x_wconf 87' lang='lat' dir='ltr'><strong>detrahebat.</strong></span> <span class='ocrx_word' id='word_1_103' title='bbox 1275 1217 1351 1271; x_wconf 86' lang='lat' dir='ltr'><strong>Ex</strong></span> <span class='ocrx_word' id='word_1_104' title='bbox 1384 1215 1731 1270; x_wconf 83' lang='lat' dir='ltr'><strong>nobilissimis</strong></span> <span class='ocrx_word' id='word_1_105' title='bbox 1783 1214 1872 1246; x_wconf 76' lang='grc'>’³³⁷</span> <span class='ocrx_word' id='word_1_106' title='bbox 1909 1223 2059 1267; x_wconf 80' lang='lat' dir='ltr'><strong>nata-</strong></span> 
     </span>
    </p>
   </div>
   <div class='ocr_carea' id='block_1_15' title="bbox 481 1307 2055 1382">
    <p class='ocr_par' dir='ltr' id='par_1_15' title="bbox 481 1307 2055 1382">
     <span class='ocr_line' id='line_1_15' title="bbox 481 1307 2055 1382; baseline -0.004 -18"><span class='ocrx_word' id='word_1_107' title='bbox 481 1312 620 1365; x_wconf 86' lang='lat' dir='ltr'><strong>libus</strong></span> <span class='ocrx_word' id='word_1_108' title='bbox 669 1310 1030 1382; x_wconf 78' lang='lat' dir='ltr'><strong>genealogiam</strong></span> <span class='ocrx_word' id='word_1_109' title='bbox 1086 1309 1309 1373; x_wconf 87' lang='lat' dir='ltr'><strong>dueens,</strong></span> <span class='ocrx_word' id='word_1_110' title='bbox 1350 1317 1621 1377; x_wconf 87' lang='lat' dir='ltr'><strong>acceptam</strong></span> <span class='ocrx_word' id='word_1_111' title='bbox 1673 1307 2055 1376; x_wconf 80' lang='lat' dir='ltr'><strong>ingenuitatem</strong></span> 
     </span>
    </p>
   </div>
   <div class='ocr_carea' id='block_1_16' title="bbox 479 1397 2057 1468">
    <p class='ocr_par' dir='ltr' id='par_1_16' title="bbox 479 1397 2057 1468">
     <span class='ocr_line' id='line_1_16' title="bbox 479 1397 2057 1468; baseline -0.005 -11"><span class='ocrx_word' id='word_1_112' title='bbox 479 1405 784 1459; x_wconf 84' lang='lat' dir='ltr'><strong>nullatenus</strong></span> <span class='ocrx_word' id='word_1_113' title='bbox 837 1402 1202 1456; x_wconf 89' lang='lat' dir='ltr'><strong>inhonestavit</strong></span> <span class='ocrx_word' id='word_1_114' title='bbox 1232 1401 1360 1465; x_wconf 61' lang='lat'><strong>&quot;3&#39;,</strong></span> <span class='ocrx_word' id='word_1_115' title='bbox 1391 1401 1484 1454; x_wconf 84' lang='lat' dir='ltr'><strong>sed</strong></span> <span class='ocrx_word' id='word_1_116' title='bbox 1535 1398 1852 1468; x_wconf 88' lang='lat' dir='ltr'><strong>provectiori</strong></span> <span class='ocrx_word' id='word_1_117' title='bbox 1905 1397 2057 1451; x_wconf 79' lang='lat' dir='ltr'><strong>indu-</strong></span> 
     </span>
    </p>
   </div>
   <div class='ocr_carea' id='block_1_17' title="bbox 478 1487 2054 1558">
    <p class='ocr_par' dir='ltr' id='par_1_17' title="bbox 478 1487 2054 1558">
     <span class='ocr_line' id='line_1_17' title="bbox 478 1487 2054 1558; baseline -0.006 -9"><span class='ocrx_word' id='word_1_118' title='bbox 478 1497 608 1548; x_wconf 90' lang='lat' dir='ltr'><strong>stria</strong></span> <span class='ocrx_word' id='word_1_119' title='bbox 643 1487 937 1549; x_wconf 75' lang='lat' dir='ltr'><strong>decoravit.</strong></span> <span class='ocrx_word' id='word_1_120' title='bbox 973 1493 1100 1546; x_wconf 86' lang='lat' dir='ltr'><strong>Erat</strong></span> <span class='ocrx_word' id='word_1_121' title='bbox 1129 1491 1366 1558; x_wconf 88' lang='lat' dir='ltr'><strong>ejusdem</strong></span> <span class='ocrx_word' id='word_1_122' title='bbox 1395 1499 1548 1557; x_wconf 90' lang='lat' dir='ltr'><strong>pater</strong></span> <span class='ocrx_word' id='word_1_123' title='bbox 1576 1489 1684 1557; x_wconf 86' lang='lat' dir='ltr'><strong>Erp</strong></span> <span class='ocrx_word' id='word_1_124' title='bbox 1713 1487 1915 1549; x_wconf 85' lang='lat' dir='ltr'><strong>senior,</strong></span> <span class='ocrx_word' id='word_1_125' title='bbox 1950 1488 2054 1540; x_wconf 76' lang='lat' dir='ltr'><strong>vita</strong></span> 
     </span>
    </p>
   </div>
   <div class='ocr_carea' id='block_1_18' title="bbox 478 1579 2049 1649">
    <p class='ocr_par' dir='ltr' id='par_1_18' title="bbox 478 1579 2049 1649">
     <span class='ocr_line' id='line_1_18' title="bbox 478 1579 2049 1649; baseline -0.006 -9"><span class='ocrx_word' id='word_1_126' title='bbox 478 1587 743 1649; x_wconf 74' lang='lat' dir='ltr'><strong>laudibili,</strong></span> <span class='ocrx_word' id='word_1_127' title='bbox 801 1601 960 1640; x_wconf 88' lang='lat' dir='ltr'><strong>carus</strong></span> <span class='ocrx_word' id='word_1_128' title='bbox 1010 1585 1220 1638; x_wconf 90' lang='lat' dir='ltr'><strong>cunctis</strong></span> <span class='ocrx_word' id='word_1_129' title='bbox 1274 1583 1472 1637; x_wconf 88' lang='lat' dir='ltr'><strong>suimet</strong></span> <span class='ocrx_word' id='word_1_130' title='bbox 1528 1579 2049 1649; x_wconf 88' lang='lat' dir='ltr'><strong>contemporalibus;</strong></span> 
     </span>
    </p>
   </div>
   <div class='ocr_carea' id='block_1_19' title="bbox 477 1672 2051 1745">
    <p class='ocr_par' dir='ltr' id='par_1_19' title="bbox 477 1672 2051 1745">
     <span class='ocr_line' id='line_1_19' title="bbox 477 1672 2051 1745; baseline -0.008 -11"><span class='ocrx_word' id='word_1_131' title='bbox 477 1690 652 1734; x_wconf 80' lang='lat' dir='ltr'><strong>mater</strong></span> <span class='ocrx_word' id='word_1_132' title='bbox 695 1687 874 1732; x_wconf 85' lang='lat' dir='ltr'><strong>autem</strong></span> <span class='ocrx_word' id='word_1_133' title='bbox 906 1677 1019 1745; x_wconf 87' lang='lat' dir='ltr'><strong>ejus</strong></span> <span class='ocrx_word' id='word_1_134' title='bbox 1066 1675 1319 1729; x_wconf 83' lang='lat' dir='ltr'><strong>Amulred</strong></span> <span class='ocrx_word' id='word_1_135' title='bbox 1369 1673 1586 1727; x_wconf 84' lang='lat' dir='ltr'><strong>nomine</strong></span> <span class='ocrx_word' id='word_1_136' title='bbox 1616 1672 1784 1741; x_wconf 68' lang='lat'><strong>(782),</strong></span> <span class='ocrx_word' id='word_1_137' title='bbox 1817 1685 1936 1739; x_wconf 73' lang='lat' dir='ltr'><strong>qttte</strong></span> <span class='ocrx_word' id='word_1_138' title='bbox 1965 1684 2051 1721; x_wconf 79' lang='lat' dir='ltr'><strong>ca-</strong></span> 
     </span>
    </p>
   </div>
   <div class='ocr_carea' id='block_1_20' title="bbox 477 1761 2057 1840">
    <p class='ocr_par' dir='ltr' id='par_1_20' title="bbox 477 1761 2057 1840">
     <span class='ocr_line' id='line_1_20' title="bbox 477 1761 2057 1840; baseline -0.008 -16"><span class='ocrx_word' id='word_1_139' title='bbox 477 1772 658 1824; x_wconf 68' lang='lat' dir='ltr'><strong>mitate</strong></span> <span class='ocrx_word' id='word_1_140' title='bbox 684 1770 769 1840; x_wconf 89' lang='lat' dir='ltr'><strong>pia</strong></span> <span class='ocrx_word' id='word_1_141' title='bbox 799 1779 853 1823; x_wconf 93' lang='lat' dir='ltr'><strong>et</strong></span> <span class='ocrx_word' id='word_1_142' title='bbox 881 1783 1043 1838; x_wconf 88' lang='lat' dir='ltr'><strong>opere</strong></span> <span class='ocrx_word' id='word_1_143' title='bbox 1074 1765 1228 1820; x_wconf 88' lang='lat' dir='ltr'><strong>herili</strong></span> <span class='ocrx_word' id='word_1_144' title='bbox 1261 1765 1403 1818; x_wconf 86' lang='lat' dir='ltr'><strong>inter</strong></span> <span class='ocrx_word' id='word_1_145' title='bbox 1433 1763 1567 1816; x_wconf 87' lang='lat' dir='ltr'><strong>alias</strong></span> <span class='ocrx_word' id='word_1_146' title='bbox 1611 1761 1826 1814; x_wconf 84' lang='lat' dir='ltr'><strong>lucebat</strong></span> <span class='ocrx_word' id='word_1_147' title='bbox 1856 1769 2057 1813; x_wconf 90' lang='lat' dir='ltr'><strong>matro-</strong></span> 
     </span>
    </p>
   </div>
   <div class='ocr_carea' id='block_1_21' title="bbox 479 1851 2056 1924">
    <p class='ocr_par' dir='ltr' id='par_1_21' title="bbox 479 1851 2056 1924">
     <span class='ocr_line' id='line_1_21' title="bbox 479 1851 2056 1924; baseline -0.006 -12"><span class='ocrx_word' id='word_1_148' title='bbox 479 1876 593 1914; x_wconf 92' lang='lat' dir='ltr'><strong>nas.</strong></span> <span class='ocrx_word' id='word_1_149' title='bbox 629 1860 750 1914; x_wconf 63' lang='lat' dir='ltr'><strong>llaec</strong></span> <span class='ocrx_word' id='word_1_150' title='bbox 781 1874 909 1914; x_wconf 80' lang='lat' dir='ltr'><strong>vero</strong></span> <span class='ocrx_word' id='word_1_151' title='bbox 937 1857 1142 1921; x_wconf 88' lang='lat' dir='ltr'><strong>omnia,</strong></span> <span class='ocrx_word' id='word_1_152' title='bbox 1173 1868 1524 1924; x_wconf 62' lang='lat' dir='ltr'><strong>quaecumque</strong></span> <span class='ocrx_word' id='word_1_153' title='bbox 1555 1851 1728 1922; x_wconf 89' lang='lat' dir='ltr'><strong>potuit</strong></span> <span class='ocrx_word' id='word_1_154' title='bbox 1756 1851 1893 1904; x_wconf 89' lang='lat' dir='ltr'><strong>bona</strong></span> <span class='ocrx_word' id='word_1_155' title='bbox 1915 1889 1930 1913; x_wconf 94' lang='lat'><strong>,</strong></span> <span class='ocrx_word' id='word_1_156' title='bbox 1959 1863 2056 1918; x_wconf 91' lang='lat' dir='ltr'><strong>pro</strong></span> 
     </span>
    </p>
   </div>
   <div class='ocr_carea' id='block_1_22' title="bbox 477 1942 2059 2018">
    <p class='ocr_par' dir='ltr' id='par_1_22' title="bbox 477 1942 2059 2018">
     <span class='ocr_line' id='line_1_22' title="bbox 477 1942 2059 2018; baseline -0.008 -12"><span class='ocrx_word' id='word_1_157' title='bbox 477 1951 712 2018; x_wconf 80' lang='lat' dir='ltr'><strong>ejusdem</strong></span> <span class='ocrx_word' id='word_1_158' title='bbox 745 1950 1003 2006; x_wconf 88' lang='lat' dir='ltr'><strong>memoria</strong></span> <span class='ocrx_word' id='word_1_159' title='bbox 1035 1948 1321 2014; x_wconf 78' lang='lat' dir='ltr'><strong>diligenter</strong></span> <span class='ocrx_word' id='word_1_160' title='bbox 1368 1943 1626 2014; x_wconf 89' lang='lat' dir='ltr'><strong>inpendit.</strong></span> <span class='ocrx_word' id='word_1_161' title='bbox 1680 1942 1928 1996; x_wconf 86' lang='lat' dir='ltr'><strong>Predicto</strong></span> <span class='ocrx_word' id='word_1_162' title='bbox 1965 1955 2059 1994; x_wconf 82' lang='lat' dir='ltr'><strong>au-</strong></span> 
     </span>
    </p>
   </div>
   <div class='ocr_carea' id='block_1_23' title="bbox 479 2029 2055 2105">
    <p class='ocr_par' dir='ltr' id='par_1_23' title="bbox 479 2029 2055 2105">
     <span class='ocr_line' id='line_1_23' title="bbox 479 2029 2055 2105; baseline -0.007 -10"><span class='ocrx_word' id='word_1_163' title='bbox 479 2051 585 2097; x_wconf 92' lang='lat' dir='ltr'><strong>tem</strong></span> <span class='ocrx_word' id='word_1_164' title='bbox 617 2041 892 2096; x_wconf 83' lang='lat' dir='ltr'><strong>Walterdo</strong></span> <span class='ocrx_word' id='word_1_165' title='bbox 921 2041 972 2093; x_wconf 93' lang='lat' dir='ltr'><strong>in</strong></span> <span class='ocrx_word' id='word_1_166' title='bbox 1001 2039 1204 2093; x_wconf 89' lang='lat' dir='ltr'><strong>somnis</strong></span> <span class='ocrx_word' id='word_1_167' title='bbox 1225 2036 1375 2105; x_wconf 92' lang='lat' dir='ltr'><strong>prius</strong></span> <span class='ocrx_word' id='word_1_168' title='bbox 1405 2035 1495 2068; x_wconf 76' lang='grc'><strong>⁸⁸³⁵</strong></span> <span class='ocrx_word' id='word_1_169' title='bbox 1525 2035 1725 2089; x_wconf 90' lang='lat' dir='ltr'><strong>dictum</strong></span> <span class='ocrx_word' id='word_1_170' title='bbox 1771 2043 1881 2092; x_wconf 91' lang='lat' dir='ltr'><strong>est,</strong></span> <span class='ocrx_word' id='word_1_171' title='bbox 1913 2029 2055 2100; x_wconf 87' lang='lat' dir='ltr'><strong>quod</strong></span> 
     </span>
    </p>
   </div>
   <div class='ocr_carea' id='block_1_24' title="bbox 480 2123 2058 2202">
    <p class='ocr_par' dir='ltr' id='par_1_24' title="bbox 480 2123 2058 2202">
     <span class='ocr_line' id='line_1_24' title="bbox 480 2123 2058 2202; baseline -0.006 -15"><span class='ocrx_word' id='word_1_172' title='bbox 480 2133 998 2202; x_wconf 89' lang='lat' dir='ltr'><strong>archiepisc0patum</strong></span> <span class='ocrx_word' id='word_1_173' title='bbox 1030 2129 1575 2200; x_wconf 82' lang='lat' dir='ltr'><strong>Magadaburgensem</strong></span> <span class='ocrx_word' id='word_1_174' title='bbox 1598 2125 1867 2194; x_wconf 89' lang='lat' dir='ltr'><strong>accipere,</strong></span> <span class='ocrx_word' id='word_1_175' title='bbox 1909 2132 1965 2176; x_wconf 90' lang='lat' dir='ltr'><strong>et</strong></span> <span class='ocrx_word' id='word_1_176' title='bbox 1991 2123 2058 2177; x_wconf 89' lang='lat' dir='ltr'><strong>ad</strong></span> 
     </span>
    </p>
   </div>
   <div class='ocr_carea' id='block_1_25' title="bbox 479 2211 2056 2289">
    <p class='ocr_par' dir='ltr' id='par_1_25' title="bbox 479 2211 2056 2289">
     <span class='ocr_line' id='line_1_25' title="bbox 479 2211 2056 2289; baseline -0.006 -15"><span class='ocrx_word' id='word_1_177' title='bbox 479 2223 748 2276; x_wconf 89' lang='lat' dir='ltr'><strong>modicum</strong></span> <span class='ocrx_word' id='word_1_178' title='bbox 782 2230 990 2289; x_wconf 88' lang='lat' dir='ltr'><strong>tempus</strong></span> <span class='ocrx_word' id='word_1_179' title='bbox 1015 2233 1138 2273; x_wconf 92' lang='lat' dir='ltr'><strong>eum</strong></span> <span class='ocrx_word' id='word_1_180' title='bbox 1172 2217 1263 2250; x_wconf 70' lang='lat' dir='ltr'><strong>‘m</strong></span> <span class='ocrx_word' id='word_1_181' title='bbox 1294 2215 1570 2286; x_wconf 90' lang='lat' dir='ltr'><strong>possidere</strong></span> <span class='ocrx_word' id='word_1_182' title='bbox 1599 2215 1837 2270; x_wconf 87' lang='lat' dir='ltr'><strong>deberet.</strong></span> <span class='ocrx_word' id='word_1_183' title='bbox 1893 2211 1961 2266; x_wconf 86' lang='lat' dir='ltr'><strong>Et</strong></span> <span class='ocrx_word' id='word_1_184' title='bbox 2003 2212 2056 2265; x_wconf 93' lang='lat' dir='ltr'><strong>in</strong></span> 
     </span>
    </p>
   </div>
   <div class='ocr_carea' id='block_1_26' title="bbox 480 2306 2060 2380">
    <p class='ocr_par' dir='ltr' id='par_1_26' title="bbox 480 2306 2060 2380">
     <span class='ocr_line' id='line_1_26' title="bbox 480 2306 2060 2380; baseline -0.006 -15"><span class='ocrx_word' id='word_1_185' title='bbox 480 2311 583 2365; x_wconf 86' lang='lat' dir='ltr'><strong>hoc</strong></span> <span class='ocrx_word' id='word_1_186' title='bbox 612 2327 776 2373; x_wconf 83' lang='lat' dir='ltr'><strong>anno,</strong></span> <span class='ocrx_word' id='word_1_187' title='bbox 808 2326 914 2380; x_wconf 86' lang='lat' dir='ltr'><strong>quo</strong></span> <span class='ocrx_word' id='word_1_188' title='bbox 946 2310 1050 2364; x_wconf 86' lang='lat' dir='ltr'><strong>hoc</strong></span> <span class='ocrx_word' id='word_1_189' title='bbox 1082 2307 1293 2377; x_wconf 89' lang='lat' dir='ltr'><strong>impleri</strong></span> <span class='ocrx_word' id='word_1_190' title='bbox 1324 2306 1526 2370; x_wconf 89' lang='lat' dir='ltr'><strong>debuit,</strong></span> <span class='ocrx_word' id='word_1_191' title='bbox 1555 2306 1768 2360; x_wconf 87' lang='lat' dir='ltr'><strong>cuidam</strong></span> <span class='ocrx_word' id='word_1_192' title='bbox 1799 2311 2060 2358; x_wconf 68' lang='lat' dir='ltr'><strong>matronae</strong></span> 
     </span>
    </p>
   </div>
   <div class='ocr_carea' id='block_1_27' title="bbox 479 2395 2060 2467">
    <p class='ocr_par' dir='ltr' id='par_1_27' title="bbox 479 2395 2060 2467">
     <span class='ocr_line' id='line_1_27' title="bbox 479 2395 2060 2467; baseline -0.006 -14"><span class='ocrx_word' id='word_1_193' title='bbox 479 2399 772 2455; x_wconf 75' lang='lat' dir='ltr'><strong>venerabili</strong></span> <span class='ocrx_word' id='word_1_194' title='bbox 814 2410 983 2454; x_wconf 87' lang='lat' dir='ltr'><strong>mater</strong></span> <span class='ocrx_word' id='word_1_195' title='bbox 1016 2413 1112 2453; x_wconf 90' lang='lat' dir='ltr'><strong>sua</strong></span> <span class='ocrx_word' id='word_1_196' title='bbox 1141 2398 1253 2467; x_wconf 92' lang='lat' dir='ltr'><strong>jam</strong></span> <span class='ocrx_word' id='word_1_197' title='bbox 1282 2396 1533 2451; x_wconf 78' lang='lat' dir='ltr'><strong>defuncta</strong></span> <span class='ocrx_word' id='word_1_198' title='bbox 1565 2410 1662 2464; x_wconf 89' lang='lat' dir='ltr'><strong>per</strong></span> <span class='ocrx_word' id='word_1_199' title='bbox 1695 2395 1870 2448; x_wconf 87' lang='lat' dir='ltr'><strong>visum</strong></span> <span class='ocrx_word' id='word_1_200' title='bbox 1899 2407 2060 2462; x_wconf 88' lang='lat' dir='ltr'><strong>appa-</strong></span> 
     </span>
    </p>
   </div>
   <div class='ocr_carea' id='block_1_28' title="bbox 478 2486 2061 2560">
    <p class='ocr_par' dir='ltr' id='par_1_28' title="bbox 478 2486 2061 2560">
     <span class='ocr_line' id='line_1_28' title="bbox 478 2486 2061 2560; baseline -0.005 -13"><span class='ocrx_word' id='word_1_201' title='bbox 478 2493 605 2548; x_wconf 83' lang='lat' dir='ltr'><strong>ruit.</strong></span> <span class='ocrx_word' id='word_1_202' title='bbox 641 2493 772 2560; x_wconf 76' lang='lat' dir='ltr'><strong>Quze</strong></span> <span class='ocrx_word' id='word_1_203' title='bbox 805 2506 927 2546; x_wconf 93' lang='lat' dir='ltr'><strong>cum</strong></span> <span class='ocrx_word' id='word_1_204' title='bbox 968 2491 1036 2544; x_wconf 89' lang='lat' dir='ltr'><strong>ab</strong></span> <span class='ocrx_word' id='word_1_205' title='bbox 1070 2504 1132 2543; x_wconf 92' lang='lat' dir='ltr'><strong>ea</strong></span> <span class='ocrx_word' id='word_1_206' title='bbox 1167 2488 1517 2550; x_wconf 86' lang='lat' dir='ltr'><strong>salutaretur,</strong></span> <span class='ocrx_word' id='word_1_207' title='bbox 1551 2495 1605 2541; x_wconf 90' lang='lat' dir='ltr'><strong>et</strong></span> <span class='ocrx_word' id='word_1_208' title='bbox 1631 2486 1901 2555; x_wconf 89' lang='lat' dir='ltr'><strong>quomodo</strong></span> <span class='ocrx_word' id='word_1_209' title='bbox 1933 2493 2061 2539; x_wconf 90' lang='lat' dir='ltr'><strong>tunc</strong></span> 
     </span>
    </p>
   </div>
   <div class='ocr_carea' id='block_1_29' title="bbox 479 2573 2057 2651">
    <p class='ocr_par' dir='ltr' id='par_1_29' title="bbox 479 2573 2057 2651">
     <span class='ocr_line' id='line_1_29' title="bbox 479 2573 2057 2651; baseline -0.006 -14"><span class='ocrx_word' id='word_1_210' title='bbox 479 2585 704 2647; x_wconf 87' lang='lat' dir='ltr'><strong>valeret,</strong></span> <span class='ocrx_word' id='word_1_211' title='bbox 734 2583 1182 2651; x_wconf 77' lang='lat' dir='ltr'><strong>interrogaretur,</strong></span> <span class='ocrx_word' id='word_1_212' title='bbox 1210 2578 1489 2649; x_wconf 77' lang='lat' dir='ltr'><strong>respondit</strong></span> <span class='ocrx_word' id='word_1_213' title='bbox 1518 2576 1728 2630; x_wconf 82' lang='lat' dir='ltr'><strong>:Bene.’</strong></span> <span class='ocrx_word' id='word_1_214' title='bbox 1750 2573 2016 2642; x_wconf 65' lang='lat' dir='ltr'><strong>et‘at‘jecit</strong></span> <span class='ocrx_word' id='word_1_215' title='bbox 2041 2590 2057 2627; x_wconf 85' lang='lat'><strong>:</strong></span> 
     </span>
    </p>
   </div>
   <div class='ocr_carea' id='block_1_30' title="bbox 481 2664 2060 2743">
    <p class='ocr_par' dir='ltr' id='par_1_30' title="bbox 481 2664 2060 2743">
     <span class='ocr_line' id='line_1_30' title="bbox 481 2664 2060 2743; baseline -0.007 -14"><span class='ocrx_word' id='word_1_216' title='bbox 481 2675 687 2739; x_wconf 82' lang='lat' dir='ltr'><strong>Scisne,</strong></span> <span class='ocrx_word' id='word_1_217' title='bbox 731 2673 1000 2743; x_wconf 87' lang='lat' dir='ltr'><strong>inquiens,</strong></span> <span class='ocrx_word' id='word_1_218' title='bbox 1032 2671 1169 2741; x_wconf 88' lang='lat' dir='ltr'><strong>quod</strong></span> <span class='ocrx_word' id='word_1_219' title='bbox 1207 2670 1626 2738; x_wconf 79' lang='lat' dir='ltr'><strong>archiepiswpus</strong></span> <span class='ocrx_word' id='word_1_220' title='bbox 1654 2676 1826 2721; x_wconf 84' lang='lat' dir='ltr'><strong>noster</strong></span> <span class='ocrx_word' id='word_1_221' title='bbox 1862 2664 2060 2734; x_wconf 75' lang='lat' dir='ltr'><strong>Tagino</strong></span> 
     </span>
    </p>
   </div>
   <div class='ocr_carea' id='block_1_31' title="bbox 463 2755 2062 2833">
    <p class='ocr_par' dir='ltr' id='par_1_31' title="bbox 463 2755 2062 2833">
     <span class='ocr_line' id='line_1_31' title="bbox 463 2755 2062 2833; baseline -0.008 -14"><span class='ocrx_word' id='word_1_222' title='bbox 463 2767 544 2820; x_wconf 81' lang='lat' dir='ltr'><strong>-de</strong></span> <span class='ocrx_word' id='word_1_223' title='bbox 570 2767 668 2818; x_wconf 86' lang='lat' dir='ltr'><strong>hoc</strong></span> <span class='ocrx_word' id='word_1_224' title='bbox 703 2764 878 2818; x_wconf 88' lang='lat' dir='ltr'><strong>seculo</strong></span> <span class='ocrx_word' id='word_1_225' title='bbox 928 2763 1155 2833; x_wconf 83' lang='lat' dir='ltr'><strong>migrare</strong></span> <span class='ocrx_word' id='word_1_226' title='bbox 1188 2770 1235 2815; x_wconf 87' lang='lat' dir='ltr'><strong>et</strong></span> <span class='ocrx_word' id='word_1_227' title='bbox 1263 2759 1568 2815; x_wconf 85' lang='lat' dir='ltr'><strong>Walterdus</strong></span> <span class='ocrx_word' id='word_1_228' title='bbox 1610 2757 1708 2812; x_wconf 96' lang='lat' dir='ltr'><strong>sibi</strong></span> <span class='ocrx_word' id='word_1_229' title='bbox 1749 2755 1896 2810; x_wconf 82' lang='lat' dir='ltr'><strong>debet</strong></span> <span class='ocrx_word' id='word_1_230' title='bbox 1943 2770 2062 2807; x_wconf 85' lang='lat' dir='ltr'><strong>suc-</strong></span> 
     </span>
    </p>
   </div>
   <div class='ocr_carea' id='block_1_32' title="bbox 479 2841 2061 2920">
    <p class='ocr_par' dir='ltr' id='par_1_32' title="bbox 479 2841 2061 2920">
     <span class='ocr_line' id='line_1_32' title="bbox 479 2841 2061 2920; baseline -0.008 -11"><span class='ocrx_word' id='word_1_231' title='bbox 479 2855 700 2909; x_wconf 82' lang='lat' dir='ltr'><strong>cedere?</strong></span> <span class='ocrx_word' id='word_1_232' title='bbox 726 2870 829 2906; x_wconf 87' lang='lat' dir='ltr'><strong>non</strong></span> <span class='ocrx_word' id='word_1_233' title='bbox 868 2862 922 2906; x_wconf 88' lang='lat' dir='ltr'><strong>ut</strong></span> <span class='ocrx_word' id='word_1_234' title='bbox 963 2853 1046 2905; x_wconf 86' lang='lat' dir='ltr'><strong>hic</strong></span> <span class='ocrx_word' id='word_1_235' title='bbox 1076 2852 1141 2905; x_wconf 86' lang='lat' dir='ltr'><strong>sit</strong></span> <span class='ocrx_word' id='word_1_236' title='bbox 1185 2846 1571 2920; x_wconf 84' lang='lat' dir='ltr'><strong>aliquantulum</strong></span> <span class='ocrx_word' id='word_1_237' title='bbox 1602 2855 1912 2916; x_wconf 80' lang='lat' dir='ltr'><strong>regnaturus</strong></span> <span class='ocrx_word' id='word_1_238' title='bbox 1931 2882 1944 2906; x_wconf 94' lang='lat'><strong>,</strong></span> <span class='ocrx_word' id='word_1_239' title='bbox 1971 2841 2061 2897; x_wconf 83' lang='lat' dir='ltr'><strong>sed</strong></span> 
     </span>
    </p>
   </div>
   <div class='ocr_carea' id='block_1_33' title="bbox 2164 395 3738 468">
    <p class='ocr_par' dir='ltr' id='par_1_33' title="bbox 2164 395 3738 468">
     <span class='ocr_line' id='line_1_33' title="bbox 2164 395 3738 468; baseline 0.003 -19"><span class='ocrx_word' id='word_1_240' title='bbox 2164 395 2467 451; x_wconf 87' lang='lat' dir='ltr'><strong>incendium</strong></span> <span class='ocrx_word' id='word_1_241' title='bbox 2497 395 2657 464; x_wconf 84' lang='lat' dir='ltr'><strong>hujus</strong></span> <span class='ocrx_word' id='word_1_242' title='bbox 2681 395 2912 452; x_wconf 82' lang='lat' dir='ltr'><strong>civitatis</strong></span> <span class='ocrx_word' id='word_1_243' title='bbox 2935 411 3192 468; x_wconf 78' lang='lat' dir='ltr'><strong>magnum</strong></span> <span class='ocrx_word' id='word_1_244' title='bbox 3223 397 3509 467; x_wconf 82' lang='lat' dir='ltr'><strong>dilapsam,</strong></span> <span class='ocrx_word' id='word_1_245' title='bbox 3541 413 3575 452; x_wconf 89' lang='lat' dir='ltr'><strong>a</strong></span> <span class='ocrx_word' id='word_1_246' title='bbox 3617 398 3738 454; x_wconf 75' lang='grc' dir='ltr'>ιἰιιιο</span> 
     </span>
    </p>
   </div>
   <div class='ocr_carea' id='block_1_34' title="bbox 2163 485 3744 560">
    <p class='ocr_par' dir='ltr' id='par_1_34' title="bbox 2163 485 3744 560">
     <span class='ocr_line' id='line_1_34' title="bbox 2163 485 3744 560; baseline 0.002 -20"><span class='ocrx_word' id='word_1_247' title='bbox 2163 485 2414 543; x_wconf 86' lang='lat' dir='ltr'><strong>damento</strong></span> <span class='ocrx_word' id='word_1_248' title='bbox 2446 489 2644 552; x_wconf 83' lang='lat' dir='ltr'><strong>erexit,</strong></span> <span class='ocrx_word' id='word_1_249' title='bbox 2681 496 2736 542; x_wconf 91' lang='lat' dir='ltr'><strong>et</strong></span> <span class='ocrx_word' id='word_1_250' title='bbox 2775 489 2972 543; x_wconf 89' lang='lat' dir='ltr'><strong>ibidem</strong></span> <span class='ocrx_word' id='word_1_251' title='bbox 3021 489 3406 544; x_wconf 86' lang='lat' dir='ltr'><strong>canonicorum</strong></span> <span class='ocrx_word' id='word_1_252' title='bbox 3447 505 3744 560; x_wconf 80' lang='lat' dir='ltr'><strong>congrega-</strong></span> 
     </span>
    </p>
   </div>
   <div class='ocr_carea' id='block_1_35' title="bbox 2162 577 3747 650">
    <p class='ocr_par' dir='ltr' id='par_1_35' title="bbox 2162 577 3747 650">
     <span class='ocr_line' id='line_1_35' title="bbox 2162 577 3747 650; baseline 0.004 -20"><span class='ocrx_word' id='word_1_253' title='bbox 2162 577 2362 634; x_wconf 91' lang='lat' dir='ltr'><strong>tionem</strong></span> <span class='ocrx_word' id='word_1_254' title='bbox 2395 578 2572 633; x_wconf 83' lang='lat' dir='ltr'><strong>facere</strong></span> <span class='ocrx_word' id='word_1_255' title='bbox 2614 579 2908 648; x_wconf 86' lang='lat' dir='ltr'><strong>proposuit,</strong></span> <span class='ocrx_word' id='word_1_256' title='bbox 2941 587 2997 633; x_wconf 91' lang='lat' dir='ltr'><strong>et</strong></span> <span class='ocrx_word' id='word_1_257' title='bbox 3038 578 3142 634; x_wconf 86' lang='lat' dir='ltr'><strong>hiis</strong></span> <span class='ocrx_word' id='word_1_258' title='bbox 3182 581 3248 634; x_wconf 90' lang='lat' dir='ltr'><strong>de</strong></span> <span class='ocrx_word' id='word_1_259' title='bbox 3275 594 3371 635; x_wconf 86' lang='lat' dir='ltr'><strong>sua</strong></span> <span class='ocrx_word' id='word_1_260' title='bbox 3410 584 3747 650; x_wconf 75' lang='lat' dir='ltr'><strong>proprietate</strong></span> 
     </span>
    </p>
   </div>
   <div class='ocr_carea' id='block_1_36' title="bbox 2161 670 3747 746">
    <p class='ocr_par' dir='ltr' id='par_1_36' title="bbox 2161 670 3747 746">
     <span class='ocr_line' id='line_1_36' title="bbox 2161 670 3747 746; baseline 0.003 -25"><span class='ocrx_word' id='word_1_261' title='bbox 2161 671 2408 738; x_wconf 88' lang='lat' dir='ltr'><strong>predium</strong></span> <span class='ocrx_word' id='word_1_262' title='bbox 2441 670 2609 746; x_wconf 85' lang='lat' dir='ltr'><strong>voluit</strong></span> <span class='ocrx_word' id='word_1_263' title='bbox 2637 671 2770 724; x_wconf 90' lang='lat' dir='ltr'><strong>dare</strong></span> <span class='ocrx_word' id='word_1_264' title='bbox 2796 670 3165 738; x_wconf 86' lang='lat' dir='ltr'><strong>supradictum</strong></span> <span class='ocrx_word' id='word_1_265' title='bbox 3227 671 3342 724; x_wconf 84' lang='lat' dir='ltr'><strong>Non</strong></span> <span class='ocrx_word' id='word_1_266' title='bbox 3403 671 3506 725; x_wconf 83' lang='lat' dir='ltr'><strong>fuit</strong></span> <span class='ocrx_word' id='word_1_267' title='bbox 3555 673 3606 726; x_wconf 84' lang='lat' dir='ltr'><strong>is</strong></span> <span class='ocrx_word' id='word_1_268' title='bbox 3659 673 3747 704; x_wconf 64' lang='grc'><strong>’³⁸</strong></span> 
     </span>
    </p>
   </div>
   <div class='ocr_carea' id='block_1_37' title="bbox 2162 761 3751 832">
    <p class='ocr_par' dir='ltr' id='par_1_37' title="bbox 2162 761 3751 832">
     <span class='ocr_line' id='line_1_37' title="bbox 2162 761 3751 832; baseline 0.003 -19"><span class='ocrx_word' id='word_1_269' title='bbox 2162 762 2444 824; x_wconf 83' lang='lat' dir='ltr'><strong>verbosus,</strong></span> <span class='ocrx_word' id='word_1_270' title='bbox 2471 761 2564 817; x_wconf 90' lang='lat' dir='ltr'><strong>sed</strong></span> <span class='ocrx_word' id='word_1_271' title='bbox 2591 762 2946 816; x_wconf 86' lang='lat' dir='ltr'><strong>conscienciae</strong></span> <span class='ocrx_word' id='word_1_272' title='bbox 2970 773 3182 816; x_wconf 89' lang='lat' dir='ltr'><strong>secreto</strong></span> <span class='ocrx_word' id='word_1_273' title='bbox 3203 763 3460 832; x_wconf 81' lang='lat' dir='ltr'><strong>congruis</strong></span> <span class='ocrx_word' id='word_1_274' title='bbox 3489 764 3751 832; x_wconf 80' lang='lat' dir='ltr'><strong>tempori-</strong></span> 
     </span>
    </p>
   </div>
   <div class='ocr_carea' id='block_1_38' title="bbox 2159 852 3747 924">
    <p class='ocr_par' dir='ltr' id='par_1_38' title="bbox 2159 852 3747 924">
     <span class='ocr_line' id='line_1_38' title="bbox 2159 852 3747 924; baseline 0.001 -18"><span class='ocrx_word' id='word_1_275' title='bbox 2159 852 2260 906; x_wconf 86' lang='lat' dir='ltr'><strong>bus</strong></span> <span class='ocrx_word' id='word_1_276' title='bbox 2292 853 2684 907; x_wconf 86' lang='lat' dir='ltr'><strong>manilestanda</strong></span> <span class='ocrx_word' id='word_1_277' title='bbox 2714 853 2954 923; x_wconf 86' lang='lat' dir='ltr'><strong>contegit</strong></span> <span class='ocrx_word' id='word_1_278' title='bbox 2987 852 3100 906; x_wconf 74' lang='lat'><strong>“&quot;.</strong></span> <span class='ocrx_word' id='word_1_279' title='bbox 3133 852 3248 908; x_wconf 78' lang='lat' dir='ltr'><strong>Hoc</strong></span> <span class='ocrx_word' id='word_1_280' title='bbox 3293 854 3468 909; x_wconf 88' lang='lat' dir='ltr'><strong>solum</strong></span> <span class='ocrx_word' id='word_1_281' title='bbox 3497 869 3600 924; x_wconf 87' lang='lat' dir='ltr'><strong>pre</strong></span> <span class='ocrx_word' id='word_1_282' title='bbox 3629 870 3747 908; x_wconf 88' lang='lat' dir='ltr'><strong>om-</strong></span> 
     </span>
    </p>
   </div>
   <div class='ocr_carea' id='block_1_39' title="bbox 2159 943 3750 1013">
    <p class='ocr_par' dir='ltr' id='par_1_39' title="bbox 2159 943 3750 1013">
     <span class='ocr_line' id='line_1_39' title="bbox 2159 943 3750 1013; baseline 0.003 -18"><span class='ocrx_word' id='word_1_283' title='bbox 2159 944 2318 998; x_wconf 89' lang='lat' dir='ltr'><strong>nibus</strong></span> <span class='ocrx_word' id='word_1_284' title='bbox 2347 943 2618 1011; x_wconf 86' lang='lat' dir='ltr'><strong>queritur,</strong></span> <span class='ocrx_word' id='word_1_285' title='bbox 2652 944 2794 1013; x_wconf 91' lang='lat' dir='ltr'><strong>quod</strong></span> <span class='ocrx_word' id='word_1_286' title='bbox 2822 943 3094 998; x_wconf 79' lang='lat' dir='ltr'><strong>accclesias</strong></span> <span class='ocrx_word' id='word_1_287' title='bbox 3121 953 3180 998; x_wconf 92' lang='lat' dir='ltr'><strong>et</strong></span> <span class='ocrx_word' id='word_1_288' title='bbox 3211 943 3412 997; x_wconf 90' lang='lat' dir='ltr'><strong>clerum</strong></span> <span class='ocrx_word' id='word_1_289' title='bbox 3442 961 3552 998; x_wconf 93' lang='lat' dir='ltr'><strong>non</strong></span> <span class='ocrx_word' id='word_1_290' title='bbox 3583 944 3750 1000; x_wconf 85' lang='lat' dir='ltr'><strong>bene-</strong></span> 
     </span>
    </p>
   </div>
   <div class='ocr_carea' id='block_1_40' title="bbox 2159 1033 3748 1104">
    <p class='ocr_par' dir='ltr' id='par_1_40' title="bbox 2159 1033 3748 1104">
     <span class='ocr_line' id='line_1_40' title="bbox 2159 1033 3748 1104; baseline 0.004 -18"><span class='ocrx_word' id='word_1_291' title='bbox 2159 1033 2322 1099; x_wconf 80' lang='lat' dir='ltr'><strong>dixit;</strong></span> <span class='ocrx_word' id='word_1_292' title='bbox 2353 1035 2421 1089; x_wconf 89' lang='lat' dir='ltr'><strong>de</strong></span> <span class='ocrx_word' id='word_1_293' title='bbox 2447 1035 2609 1104; x_wconf 91' lang='lat' dir='ltr'><strong>pallio</strong></span> <span class='ocrx_word' id='word_1_294' title='bbox 2641 1044 2818 1090; x_wconf 89' lang='lat' dir='ltr'><strong>autem</strong></span> <span class='ocrx_word' id='word_1_295' title='bbox 2862 1034 2935 1088; x_wconf 88' lang='lat' dir='ltr'><strong>nil</strong></span> <span class='ocrx_word' id='word_1_296' title='bbox 2971 1034 3141 1089; x_wconf 85' lang='lat' dir='ltr'><strong>doluit</strong></span> <span class='ocrx_word' id='word_1_297' title='bbox 3172 1035 3263 1067; x_wconf 73' lang='grc'><strong>¹³⁸³</strong></span> <span class='ocrx_word' id='word_1_298' title='bbox 3291 1035 3462 1104; x_wconf 84' lang='grc'><strong>(785).</strong></span> <span class='ocrx_word' id='word_1_299' title='bbox 3496 1036 3748 1092; x_wconf 73' lang='lat' dir='ltr'><strong>lnelhhi-</strong></span> 
     </span>
    </p>
   </div>
   <div class='ocr_carea' id='block_1_41' title="bbox 2158 1123 3749 1196">
    <p class='ocr_par' dir='ltr' id='par_1_41' title="bbox 2158 1123 3749 1196">
     <span class='ocr_line' id='line_1_41' title="bbox 2158 1123 3749 1196; baseline 0.002 -19"><span class='ocrx_word' id='word_1_300' title='bbox 2158 1123 2261 1180; x_wconf 85' lang='lat' dir='ltr'><strong>lem</strong></span> <span class='ocrx_word' id='word_1_301' title='bbox 2297 1125 2553 1180; x_wconf 90' lang='lat' dir='ltr'><strong>librorum</strong></span> <span class='ocrx_word' id='word_1_302' title='bbox 2585 1126 2793 1196; x_wconf 80' lang='lat' dir='ltr'><strong>cupiam</strong></span> <span class='ocrx_word' id='word_1_303' title='bbox 2839 1133 2892 1179; x_wconf 90' lang='lat' dir='ltr'><strong>et</strong></span> <span class='ocrx_word' id='word_1_304' title='bbox 2923 1125 3319 1180; x_wconf 72' lang='lat' dir='ltr'><strong>saeerdozalem</strong></span> <span class='ocrx_word' id='word_1_305' title='bbox 3369 1126 3465 1158; x_wconf 71' lang='lat'><strong>&quot;“</strong></span> <span class='ocrx_word' id='word_1_306' title='bbox 3513 1143 3749 1196; x_wconf 55' lang='lat' dir='ltr'><strong>appara-</strong></span> 
     </span>
    </p>
   </div>
   <div class='ocr_carea' id='block_1_42' title="bbox 2161 1216 3748 1286">
    <p class='ocr_par' dir='ltr' id='par_1_42' title="bbox 2161 1216 3748 1286">
     <span class='ocr_line' id='line_1_42' title="bbox 2161 1216 3748 1286; baseline 0.001 -16"><span class='ocrx_word' id='word_1_307' title='bbox 2161 1226 2268 1270; x_wconf 89' lang='lat' dir='ltr'><strong>tum</strong></span> <span class='ocrx_word' id='word_1_308' title='bbox 2295 1233 2414 1271; x_wconf 90' lang='lat' dir='ltr'><strong>cum</strong></span> <span class='ocrx_word' id='word_1_309' title='bbox 2443 1217 2688 1286; x_wconf 77' lang='lat' dir='ltr'><strong>plurimis</strong></span> <span class='ocrx_word' id='word_1_310' title='bbox 2708 1217 2974 1272; x_wconf 89' lang='lat' dir='ltr'><strong>secularia</strong></span> <span class='ocrx_word' id='word_1_311' title='bbox 3005 1216 3420 1285; x_wconf 87' lang='lat' dir='ltr'><strong>respicientibus</strong></span> <span class='ocrx_word' id='word_1_312' title='bbox 3445 1220 3748 1273; x_wconf 44' lang='lat' dir='ltr'><strong>eont‘axit.</strong></span> 
     </span>
    </p>
   </div>
   <div class='ocr_carea' id='block_1_43' title="bbox 2158 1308 3750 1376">
    <p class='ocr_par' dir='ltr' id='par_1_43' title="bbox 2158 1308 3750 1376">
     <span class='ocr_line' id='line_1_43' title="bbox 2158 1308 3750 1376; baseline 0.001 -16"><span class='ocrx_word' id='word_1_313' title='bbox 2158 1308 2288 1375; x_wconf 83' lang='lat' dir='ltr'><strong>Quae</strong></span> <span class='ocrx_word' id='word_1_314' title='bbox 2321 1311 2502 1364; x_wconf 88' lang='lat' dir='ltr'><strong>omnia</strong></span> <span class='ocrx_word' id='word_1_315' title='bbox 2559 1309 2611 1361; x_wconf 92' lang='lat' dir='ltr'><strong>in</strong></span> <span class='ocrx_word' id='word_1_316' title='bbox 2669 1308 2955 1363; x_wconf 90' lang='lat' dir='ltr'><strong>subitaneo</strong></span> <span class='ocrx_word' id='word_1_317' title='bbox 2997 1308 3115 1376; x_wconf 88' lang='lat' dir='ltr'><strong>ejus</strong></span> <span class='ocrx_word' id='word_1_318' title='bbox 3160 1309 3266 1364; x_wconf 84' lang='lat' dir='ltr'><strong>ﬁne</strong></span> <span class='ocrx_word' id='word_1_319' title='bbox 3314 1308 3615 1364; x_wconf 89' lang='lat' dir='ltr'><strong>multorum</strong></span> <span class='ocrx_word' id='word_1_320' title='bbox 3665 1311 3750 1362; x_wconf 57' lang='lat' dir='ltr'><strong>in.</strong></span> 
     </span>
    </p>
   </div>
   <div class='ocr_carea' id='block_1_44' title="bbox 2158 1400 3749 1471">
    <p class='ocr_par' dir='ltr' id='par_1_44' title="bbox 2158 1400 3749 1471">
     <span class='ocr_line' id='line_1_44' title="bbox 2158 1400 3749 1471; baseline 0 -17"><span class='ocrx_word' id='word_1_321' title='bbox 2158 1402 2317 1457; x_wconf 90' lang='lat' dir='ltr'><strong>utiles</strong></span> <span class='ocrx_word' id='word_1_322' title='bbox 2357 1418 2545 1455; x_wconf 89' lang='lat' dir='ltr'><strong>manus</strong></span> <span class='ocrx_word' id='word_1_323' title='bbox 2573 1402 2943 1455; x_wconf 82' lang='lat' dir='ltr'><strong>distraxerunt</strong></span> <span class='ocrx_word' id='word_1_324' title='bbox 2967 1401 3080 1454; x_wconf 70' lang='grc'><strong>¹³*⁸.</strong></span> <span class='ocrx_word' id='word_1_325' title='bbox 3107 1400 3341 1457; x_wconf 88' lang='lat' dir='ltr'><strong>Sedebat</strong></span> <span class='ocrx_word' id='word_1_326' title='bbox 3392 1414 3638 1470; x_wconf 82' lang='lat' dir='ltr'><strong>namque</strong></span> <span class='ocrx_word' id='word_1_327' title='bbox 3688 1404 3749 1471; x_wconf 69' lang='grc' dir='ltr'><strong>(Γ.</strong></span> 
     </span>
    </p>
   </div>
   <div class='ocr_carea' id='block_1_45' title="bbox 2158 1492 3254 1562">
    <p class='ocr_par' dir='ltr' id='par_1_45' title="bbox 2158 1492 3254 1562">
     <span class='ocr_line' id='line_1_45' title="bbox 2158 1492 3254 1562; baseline -0.002 -16"><span class='ocrx_word' id='word_1_328' title='bbox 2158 1493 2310 1562; x_wconf 76' lang='grc'>150“)</span> <span class='ocrx_word' id='word_1_329' title='bbox 2341 1503 2547 1547; x_wconf 88' lang='lat' dir='ltr'><strong>tantum</strong></span> <span class='ocrx_word' id='word_1_330' title='bbox 2572 1493 2603 1545; x_wconf 88' lang='lat'><strong>7</strong></span> <span class='ocrx_word' id='word_1_331' title='bbox 2627 1492 2953 1547; x_wconf 84' lang='lat' dir='ltr'><strong>ebdomadas</strong></span> <span class='ocrx_word' id='word_1_332' title='bbox 2975 1501 3032 1546; x_wconf 92' lang='lat' dir='ltr'><strong>et</strong></span> <span class='ocrx_word' id='word_1_333' title='bbox 3055 1492 3090 1545; x_wconf 70' lang='grc'><strong>2</strong></span> <span class='ocrx_word' id='word_1_334' title='bbox 3119 1493 3254 1547; x_wconf 88' lang='lat' dir='ltr'><strong>dies.</strong></span> 
     </span>
    </p>
   </div>
   <div class='ocr_carea' id='block_1_46' title="bbox 2227 1583 3749 1652">
    <p class='ocr_par' dir='ltr' id='par_1_46' title="bbox 2227 1583 3749 1652">
     <span class='ocr_line' id='line_1_46' title="bbox 2227 1583 3749 1652; baseline -0.001 -16"><span class='ocrx_word' id='word_1_335' title='bbox 2227 1585 2315 1637; x_wconf 76' lang='grc'><strong>47.</strong></span> <span class='ocrx_word' id='word_1_336' title='bbox 2358 1584 2470 1638; x_wconf 84' lang='lat' dir='ltr'><strong>Hoc</strong></span> <span class='ocrx_word' id='word_1_337' title='bbox 2502 1593 2670 1639; x_wconf 90' lang='lat' dir='ltr'><strong>totum</strong></span> <span class='ocrx_word' id='word_1_338' title='bbox 2709 1583 2828 1638; x_wconf 90' lang='lat' dir='ltr'><strong>ideo</strong></span> <span class='ocrx_word' id='word_1_339' title='bbox 2855 1583 2990 1649; x_wconf 82' lang='lat' dir='ltr'><strong>dixi,</strong></span> <span class='ocrx_word' id='word_1_340' title='bbox 3026 1592 3083 1637; x_wconf 92' lang='lat' dir='ltr'><strong>ut</strong></span> <span class='ocrx_word' id='word_1_341' title='bbox 3125 1584 3193 1639; x_wconf 91' lang='lat' dir='ltr'><strong>de</strong></span> <span class='ocrx_word' id='word_1_342' title='bbox 3224 1583 3340 1652; x_wconf 84' lang='lat' dir='ltr'><strong>ejus</strong></span> <span class='ocrx_word' id='word_1_343' title='bbox 3375 1583 3547 1639; x_wconf 87' lang='lat' dir='ltr'><strong>celeri</strong></span> <span class='ocrx_word' id='word_1_344' title='bbox 3596 1583 3749 1638; x_wconf 89' lang='lat' dir='ltr'><strong>obitu</strong></span> 
     </span>
    </p>
   </div>
   <div class='ocr_carea' id='block_1_47' title="bbox 2158 1675 3750 1746">
    <p class='ocr_par' dir='ltr' id='par_1_47' title="bbox 2158 1675 3750 1746">
     <span class='ocr_line' id='line_1_47' title="bbox 2158 1675 3750 1746; baseline -0.003 -16"><span class='ocrx_word' id='word_1_345' title='bbox 2158 1692 2256 1731; x_wconf 92' lang='lat' dir='ltr'><strong>nec</strong></span> <span class='ocrx_word' id='word_1_346' title='bbox 2302 1676 2478 1746; x_wconf 89' lang='lat' dir='ltr'><strong>palam</strong></span> <span class='ocrx_word' id='word_1_347' title='bbox 2525 1691 2626 1730; x_wconf 89' lang='lat' dir='ltr'><strong>nec</strong></span> <span class='ocrx_word' id='word_1_348' title='bbox 2672 1676 2723 1729; x_wconf 91' lang='lat' dir='ltr'><strong>in</strong></span> <span class='ocrx_word' id='word_1_349' title='bbox 2771 1675 2984 1730; x_wconf 82' lang='lat' dir='ltr'><strong>occulto</strong></span> <span class='ocrx_word' id='word_1_350' title='bbox 3031 1675 3172 1728; x_wconf 90' lang='lat' dir='ltr'><strong>ullus</strong></span> <span class='ocrx_word' id='word_1_351' title='bbox 3223 1676 3480 1740; x_wconf 88' lang='lat' dir='ltr'><strong>miretur,</strong></span> <span class='ocrx_word' id='word_1_352' title='bbox 3517 1675 3606 1729; x_wconf 77' lang='lat' dir='ltr'><strong>vel</strong></span> <span class='ocrx_word' id='word_1_353' title='bbox 3654 1690 3750 1728; x_wconf 84' lang='lat' dir='ltr'><strong>sua</strong></span> 
     </span>
    </p>
   </div>
   <div class='ocr_carea' id='block_1_48' title="bbox 2159 1767 3752 1836">
    <p class='ocr_par' dir='ltr' id='par_1_48' title="bbox 2159 1767 3752 1836">
     <span class='ocr_line' id='line_1_48' title="bbox 2159 1767 3752 1836; baseline -0.002 -14"><span class='ocrx_word' id='word_1_354' title='bbox 2159 1767 2377 1836; x_wconf 89' lang='lat' dir='ltr'><strong>speciali</strong></span> <span class='ocrx_word' id='word_1_355' title='bbox 2415 1767 2568 1836; x_wconf 83' lang='lat' dir='ltr'><strong>Culpa</strong></span> <span class='ocrx_word' id='word_1_356' title='bbox 2619 1767 2734 1821; x_wconf 74' lang='lat' dir='ltr'><strong>hzee</strong></span> <span class='ocrx_word' id='word_1_357' title='bbox 2762 1767 3007 1822; x_wconf 74' lang='lat' dir='ltr'><strong>evenisse</strong></span> <span class='ocrx_word' id='word_1_358' title='bbox 3050 1767 3374 1831; x_wconf 87' lang='lat' dir='ltr'><strong>arbitretur;</strong></span> <span class='ocrx_word' id='word_1_359' title='bbox 3429 1769 3560 1836; x_wconf 85' lang='lat' dir='ltr'><strong>quia</strong></span> <span class='ocrx_word' id='word_1_360' title='bbox 3591 1767 3752 1819; x_wconf 66' lang='lat' dir='ltr'><strong>multi</strong></span> 
     </span>
    </p>
   </div>
   <div class='ocr_carea' id='block_1_49' title="bbox 2159 1858 3753 1928">
    <p class='ocr_par' dir='ltr' id='par_1_49' title="bbox 2159 1858 3753 1928">
     <span class='ocr_line' id='line_1_49' title="bbox 2159 1858 3753 1928; baseline -0.001 -16"><span class='ocrx_word' id='word_1_361' title='bbox 2159 1869 2286 1913; x_wconf 89' lang='lat' dir='ltr'><strong>ante</strong></span> <span class='ocrx_word' id='word_1_362' title='bbox 2311 1874 2432 1912; x_wconf 93' lang='lat' dir='ltr'><strong>eum</strong></span> <span class='ocrx_word' id='word_1_363' title='bbox 2463 1859 2578 1928; x_wconf 93' lang='lat' dir='ltr'><strong>plus</strong></span> <span class='ocrx_word' id='word_1_364' title='bbox 2610 1871 2772 1926; x_wconf 89' lang='lat' dir='ltr'><strong>quam</strong></span> <span class='ocrx_word' id='word_1_365' title='bbox 2803 1858 2873 1911; x_wconf 73' lang='lat'><strong>30</strong></span> <span class='ocrx_word' id='word_1_366' title='bbox 2899 1859 3158 1912; x_wconf 90' lang='lat' dir='ltr'><strong>sedebant</strong></span> <span class='ocrx_word' id='word_1_367' title='bbox 3181 1873 3371 1923; x_wconf 90' lang='lat' dir='ltr'><strong>annos,</strong></span> <span class='ocrx_word' id='word_1_368' title='bbox 3401 1859 3493 1926; x_wconf 91' lang='lat' dir='ltr'><strong>qui</strong></span> <span class='ocrx_word' id='word_1_369' title='bbox 3527 1873 3633 1912; x_wconf 88' lang='lat' dir='ltr'><strong>nec</strong></span> <span class='ocrx_word' id='word_1_370' title='bbox 3663 1859 3753 1910; x_wconf 82' lang='lat' dir='ltr'><strong>hic</strong></span> 
     </span>
    </p>
   </div>
   <div class='ocr_carea' id='block_1_50' title="bbox 2158 1949 3748 2018">
    <p class='ocr_par' dir='ltr' id='par_1_50' title="bbox 2158 1949 3748 2018">
     <span class='ocr_line' id='line_1_50' title="bbox 2158 1949 3748 2018; baseline -0.001 -14"><span class='ocrx_word' id='word_1_371' title='bbox 2158 1966 2258 2005; x_wconf 91' lang='lat' dir='ltr'><strong>nec</strong></span> <span class='ocrx_word' id='word_1_372' title='bbox 2286 1952 2338 2004; x_wconf 93' lang='lat' dir='ltr'><strong>in</strong></span> <span class='ocrx_word' id='word_1_373' title='bbox 2367 1950 2550 2005; x_wconf 78' lang='lat' dir='ltr'><strong>futuro</strong></span> <span class='ocrx_word' id='word_1_374' title='bbox 2590 1949 2810 2018; x_wconf 88' lang='lat' dir='ltr'><strong>majoris</strong></span> <span class='ocrx_word' id='word_1_375' title='bbox 2841 1949 3019 2003; x_wconf 89' lang='lat' dir='ltr'><strong>meriti</strong></span> <span class='ocrx_word' id='word_1_376' title='bbox 3044 1958 3221 2004; x_wconf 86' lang='lat' dir='ltr'><strong>erant.</strong></span> <span class='ocrx_word' id='word_1_377' title='bbox 3263 1949 3337 2004; x_wconf 78' lang='lat' dir='ltr'><strong>Ve</strong></span> <span class='ocrx_word' id='word_1_378' title='bbox 3391 1950 3496 2003; x_wconf 86' lang='lat' dir='ltr'><strong>hiis</strong></span> <span class='ocrx_word' id='word_1_379' title='bbox 3549 1951 3648 2018; x_wconf 89' lang='lat' dir='ltr'><strong>qui</strong></span> <span class='ocrx_word' id='word_1_380' title='bbox 3698 1952 3748 2002; x_wconf 87' lang='lat' dir='ltr'><strong>in</strong></span> 
     </span>
    </p>
   </div>
   <div class='ocr_carea' id='block_1_51' title="bbox 2158 2038 3752 2110">
    <p class='ocr_par' dir='ltr' id='par_1_51' title="bbox 2158 2038 3752 2110">
     <span class='ocr_line' id='line_1_51' title="bbox 2158 2038 3752 2110; baseline -0.003 -15"><span class='ocrx_word' id='word_1_381' title='bbox 2158 2043 2259 2096; x_wconf 86' lang='lat' dir='ltr'><strong>hac</strong></span> <span class='ocrx_word' id='word_1_382' title='bbox 2287 2040 2719 2110; x_wconf 79' lang='lat' dir='ltr'><strong>peregrinatione</strong></span> <span class='ocrx_word' id='word_1_383' title='bbox 2749 2038 2838 2092; x_wconf 90' lang='lat' dir='ltr'><strong>diu</strong></span> <span class='ocrx_word' id='word_1_384' title='bbox 2871 2040 3089 2104; x_wconf 77' lang='lat' dir='ltr'><strong>vivunt,</strong></span> <span class='ocrx_word' id='word_1_385' title='bbox 3133 2048 3187 2094; x_wconf 91' lang='lat' dir='ltr'><strong>et</strong></span> <span class='ocrx_word' id='word_1_386' title='bbox 3228 2039 3279 2092; x_wconf 90' lang='lat' dir='ltr'><strong>id</strong></span> <span class='ocrx_word' id='word_1_387' title='bbox 3326 2040 3574 2108; x_wconf 83' lang='lat' dir='ltr'><strong>spacium</strong></span> <span class='ocrx_word' id='word_1_388' title='bbox 3608 2039 3752 2092; x_wconf 86' lang='lat' dir='ltr'><strong>male</strong></span> 
     </span>
    </p>
   </div>
   <div class='ocr_carea' id='block_1_52' title="bbox 2159 2131 3751 2202">
    <p class='ocr_par' dir='ltr' id='par_1_52' title="bbox 2159 2131 3751 2202">
     <span class='ocr_line' id='line_1_52' title="bbox 2159 2131 3751 2202; baseline -0.003 -15"><span class='ocrx_word' id='word_1_389' title='bbox 2159 2132 2430 2202; x_wconf 89' lang='lat' dir='ltr'><strong>operando</strong></span> <span class='ocrx_word' id='word_1_390' title='bbox 2454 2133 2715 2202; x_wconf 89' lang='lat' dir='ltr'><strong>perdunt;</strong></span> <span class='ocrx_word' id='word_1_391' title='bbox 2759 2139 2814 2185; x_wconf 88' lang='lat' dir='ltr'><strong>et</strong></span> <span class='ocrx_word' id='word_1_392' title='bbox 2864 2132 3001 2193; x_wconf 89' lang='lat' dir='ltr'><strong>bene</strong></span> <span class='ocrx_word' id='word_1_393' title='bbox 3051 2131 3156 2185; x_wconf 89' lang='lat' dir='ltr'><strong>illis</strong></span> <span class='ocrx_word' id='word_1_394' title='bbox 3208 2141 3312 2196; x_wconf 86' lang='lat' dir='ltr'><strong>est,</strong></span> <span class='ocrx_word' id='word_1_395' title='bbox 3340 2131 3432 2199; x_wconf 92' lang='lat' dir='ltr'><strong>qui</strong></span> <span class='ocrx_word' id='word_1_396' title='bbox 3478 2131 3599 2185; x_wconf 85' lang='lat' dir='ltr'><strong>dies</strong></span> <span class='ocrx_word' id='word_1_397' title='bbox 3646 2131 3751 2184; x_wconf 81' lang='lat' dir='ltr'><strong>sibi</strong></span> 
     </span>
    </p>
   </div>
   <div class='ocr_carea' id='block_1_53' title="bbox 2160 2221 3751 2280">
    <p class='ocr_par' dir='ltr' id='par_1_53' title="bbox 2160 2221 3751 2280">
     <span class='ocr_line' id='line_1_53' title="bbox 2160 2221 3751 2280; baseline -0.002 -1"><span class='ocrx_word' id='word_1_398' title='bbox 2160 2237 2452 2280; x_wconf 89' lang='lat' dir='ltr'><strong>concessos</strong></span> <span class='ocrx_word' id='word_1_399' title='bbox 2479 2239 2601 2278; x_wconf 91' lang='lat' dir='ltr'><strong>eum</strong></span> <span class='ocrx_word' id='word_1_400' title='bbox 2625 2231 2780 2276; x_wconf 90' lang='lat' dir='ltr'><strong>cauta</strong></span> <span class='ocrx_word' id='word_1_401' title='bbox 2811 2223 3172 2278; x_wconf 85' lang='lat' dir='ltr'><strong>sollicitudine</strong></span> <span class='ocrx_word' id='word_1_402' title='bbox 3197 2224 3248 2276; x_wconf 91' lang='lat' dir='ltr'><strong>in</strong></span> <span class='ocrx_word' id='word_1_403' title='bbox 3277 2222 3479 2278; x_wconf 86' lang='lat' dir='ltr'><strong>Christi</strong></span> <span class='ocrx_word' id='word_1_404' title='bbox 3512 2221 3751 2276; x_wconf 69' lang='lat' dir='ltr'><strong>servicio</strong></span> 
     </span>
    </p>
   </div>
   <div class='ocr_carea' id='block_1_54' title="bbox 2160 2313 3752 2385">
    <p class='ocr_par' dir='ltr' id='par_1_54' title="bbox 2160 2313 3752 2385">
     <span class='ocr_line' id='line_1_54' title="bbox 2160 2313 3752 2385; baseline -0.003 -16"><span class='ocrx_word' id='word_1_405' title='bbox 2160 2319 2382 2370; x_wconf 87' lang='lat' dir='ltr'><strong>ducunt.</strong></span> <span class='ocrx_word' id='word_1_406' title='bbox 2418 2314 2554 2369; x_wconf 83' lang='lat' dir='ltr'><strong>Male</strong></span> <span class='ocrx_word' id='word_1_407' title='bbox 2582 2324 2871 2385; x_wconf 85' lang='lat' dir='ltr'><strong>operantes</strong></span> <span class='ocrx_word' id='word_1_408' title='bbox 2916 2315 3115 2385; x_wconf 86' lang='lat' dir='ltr'><strong>quique</strong></span> <span class='ocrx_word' id='word_1_409' title='bbox 3147 2315 3237 2346; x_wconf 69' lang='grc'>¹³⁴⁶</span> <span class='ocrx_word' id='word_1_410' title='bbox 3266 2328 3457 2385; x_wconf 69' lang='lat' dir='ltr'><strong>pinnas</strong></span> <span class='ocrx_word' id='word_1_411' title='bbox 3502 2313 3609 2369; x_wconf 89' lang='lat' dir='ltr'><strong>sibi</strong></span> <span class='ocrx_word' id='word_1_412' title='bbox 3656 2329 3752 2366; x_wconf 85' lang='lat' dir='ltr'><strong>au-</strong></span> 
     </span>
    </p>
   </div>
   <div class='ocr_carea' id='block_1_55' title="bbox 2161 2407 3752 2476">
    <p class='ocr_par' dir='ltr' id='par_1_55' title="bbox 2161 2407 3752 2476">
     <span class='ocr_line' id='line_1_55' title="bbox 2161 2407 3752 2476; baseline -0.001 -15"><span class='ocrx_word' id='word_1_413' title='bbox 2161 2418 2320 2476; x_wconf 83' lang='lat' dir='ltr'><strong>gent;</strong></span> <span class='ocrx_word' id='word_1_414' title='bbox 2352 2415 2571 2462; x_wconf 89' lang='lat' dir='ltr'><strong>econtra</strong></span> <span class='ocrx_word' id='word_1_415' title='bbox 2601 2415 2801 2465; x_wconf 87' lang='lat' dir='ltr'><strong>autem.</strong></span> <span class='ocrx_word' id='word_1_416' title='bbox 2846 2407 3043 2476; x_wconf 88' lang='lat' dir='ltr'><strong>quibus</strong></span> <span class='ocrx_word' id='word_1_417' title='bbox 3086 2407 3433 2460; x_wconf 86' lang='lat' dir='ltr'><strong>abbreviatur</strong></span> <span class='ocrx_word' id='word_1_418' title='bbox 3477 2407 3588 2458; x_wconf 83' lang='lat' dir='ltr'><strong>vita</strong></span> <span class='ocrx_word' id='word_1_419' title='bbox 3622 2419 3752 2474; x_wconf 84' lang='lat' dir='ltr'><strong>pre-</strong></span> 
     </span>
    </p>
   </div>
   <div class='ocr_carea' id='block_1_56' title="bbox 2161 2495 3750 2569">
    <p class='ocr_par' dir='ltr' id='par_1_56' title="bbox 2161 2495 3750 2569">
     <span class='ocr_line' id='line_1_56' title="bbox 2161 2495 3750 2569; baseline -0.001 -17"><span class='ocrx_word' id='word_1_420' title='bbox 2161 2513 2306 2563; x_wconf 90' lang='lat' dir='ltr'><strong>sens,</strong></span> <span class='ocrx_word' id='word_1_421' title='bbox 2339 2498 2385 2553; x_wconf 91' lang='lat' dir='ltr'><strong>si</strong></span> <span class='ocrx_word' id='word_1_422' title='bbox 2433 2507 2561 2553; x_wconf 91' lang='lat' dir='ltr'><strong>sunt</strong></span> <span class='ocrx_word' id='word_1_423' title='bbox 2593 2496 2908 2568; x_wconf 89' lang='lat' dir='ltr'><strong>culpabiles,</strong></span> <span class='ocrx_word' id='word_1_424' title='bbox 2955 2497 3064 2554; x_wconf 92' lang='lat' dir='ltr'><strong>cito</strong></span> <span class='ocrx_word' id='word_1_425' title='bbox 3091 2498 3343 2569; x_wconf 79' lang='lat' dir='ltr'><strong>admyssa</strong></span> <span class='ocrx_word' id='word_1_426' title='bbox 3384 2496 3562 2550; x_wconf 91' lang='lat' dir='ltr'><strong>luunt.</strong></span> <span class='ocrx_word' id='word_1_427' title='bbox 3613 2495 3750 2550; x_wconf 84' lang='lat' dir='ltr'><strong>Boni</strong></span> 
     </span>
    </p>
   </div>
   <div class='ocr_carea' id='block_1_57' title="bbox 2161 2589 3747 2659">
    <p class='ocr_par' dir='ltr' id='par_1_57' title="bbox 2161 2589 3747 2659">
     <span class='ocr_line' id='line_1_57' title="bbox 2161 2589 3747 2659; baseline -0.002 -16"><span class='ocrx_word' id='word_1_428' title='bbox 2161 2600 2339 2644; x_wconf 89' lang='lat' dir='ltr'><strong>autem</strong></span> <span class='ocrx_word' id='word_1_429' title='bbox 2398 2602 2586 2646; x_wconf 89' lang='lat' dir='ltr'><strong>omnes</strong></span> <span class='ocrx_word' id='word_1_430' title='bbox 2624 2589 2726 2644; x_wconf 87' lang='lat' dir='ltr'><strong>etsi</strong></span> <span class='ocrx_word' id='word_1_431' title='bbox 2781 2590 3134 2659; x_wconf 84' lang='lat' dir='ltr'><strong>corporaliter</strong></span> <span class='ocrx_word' id='word_1_432' title='bbox 3181 2605 3288 2644; x_wconf 84' lang='lat' dir='ltr'><strong>non</strong></span> <span class='ocrx_word' id='word_1_433' title='bbox 3344 2603 3483 2658; x_wconf 90' lang='lat' dir='ltr'><strong>eque</strong></span> <span class='ocrx_word' id='word_1_434' title='bbox 3529 2589 3747 2659; x_wconf 74' lang='lat' dir='ltr'><strong>drgant.</strong></span> 
     </span>
    </p>
   </div>
   <div class='ocr_carea' id='block_1_58' title="bbox 2162 2679 3752 2750">
    <p class='ocr_par' dir='ltr' id='par_1_58' title="bbox 2162 2679 3752 2750">
     <span class='ocr_line' id='line_1_58' title="bbox 2162 2679 3752 2750; baseline 0 -16"><span class='ocrx_word' id='word_1_435' title='bbox 2162 2696 2267 2734; x_wconf 90' lang='lat' dir='ltr'><strong>una</strong></span> <span class='ocrx_word' id='word_1_436' title='bbox 2300 2691 2479 2735; x_wconf 76' lang='lat' dir='ltr'><strong>tamen</strong></span> <span class='ocrx_word' id='word_1_437' title='bbox 2529 2681 2801 2736; x_wconf 76' lang='lat' dir='ltr'><strong>felicitatis</strong></span> <span class='ocrx_word' id='word_1_438' title='bbox 2850 2682 3154 2735; x_wconf 63' lang='lat' dir='ltr'><strong>aeternitate</strong></span> <span class='ocrx_word' id='word_1_439' title='bbox 3206 2680 3461 2750; x_wconf 82' lang='lat' dir='ltr'><strong>gaudent.</strong></span> <span class='ocrx_word' id='word_1_440' title='bbox 3512 2679 3634 2734; x_wconf 77' lang='lat' dir='ltr'><strong>Non</strong></span> <span class='ocrx_word' id='word_1_441' title='bbox 3664 2679 3752 2734; x_wconf 85' lang='lat' dir='ltr'><strong>il!e</strong></span> 
     </span>
    </p>
   </div>
   <div class='ocr_carea' id='block_1_59' title="bbox 2163 2771 3748 2843">
    <p class='ocr_par' dir='ltr' id='par_1_59' title="bbox 2163 2771 3748 2843">
     <span class='ocr_line' id='line_1_59' title="bbox 2163 2771 3748 2843; baseline 0 -17"><span class='ocrx_word' id='word_1_442' title='bbox 2163 2772 2307 2826; x_wconf 82' lang='lat' dir='ltr'><strong>solus</strong></span> <span class='ocrx_word' id='word_1_443' title='bbox 2335 2781 2441 2825; x_wconf 88' lang='lat' dir='ltr'><strong>tam</strong></span> <span class='ocrx_word' id='word_1_444' title='bbox 2477 2788 2645 2842; x_wconf 86' lang='lat' dir='ltr'><strong>parvo</strong></span> <span class='ocrx_word' id='word_1_445' title='bbox 2667 2779 2909 2841; x_wconf 89' lang='lat' dir='ltr'><strong>tempore</strong></span> <span class='ocrx_word' id='word_1_446' title='bbox 2949 2771 3105 2826; x_wconf 89' lang='lat' dir='ltr'><strong>sedit.</strong></span> <span class='ocrx_word' id='word_1_447' title='bbox 3135 2771 3386 2843; x_wconf 85' lang='lat' dir='ltr'><strong>Legimus</strong></span> <span class='ocrx_word' id='word_1_448' title='bbox 3407 2771 3748 2826; x_wconf 83' lang='lat' dir='ltr'><strong>Tertulinum</strong></span> 
     </span>
    </p>
   </div>
   <div class='ocr_carea' id='block_1_60' title="bbox 2163 2864 3704 2935">
    <p class='ocr_par' dir='ltr' id='par_1_60' title="bbox 2163 2864 3704 2935">
     <span class='ocr_line' id='line_1_60' title="bbox 2163 2864 3704 2935; baseline -0.001 -17"><span class='ocrx_word' id='word_1_449' title='bbox 2163 2879 2195 2918; x_wconf 90' lang='lat' dir='ltr'><strong>a</strong></span> <span class='ocrx_word' id='word_1_450' title='bbox 2250 2871 2438 2919; x_wconf 88' lang='lat' dir='ltr'><strong>sancto</strong></span> <span class='ocrx_word' id='word_1_451' title='bbox 2505 2864 2779 2933; x_wconf 89' lang='lat' dir='ltr'><strong>Stephano</strong></span> <span class='ocrx_word' id='word_1_452' title='bbox 2827 2878 2962 2934; x_wconf 84' lang='lat' dir='ltr'><strong>papa</strong></span> <span class='ocrx_word' id='word_1_453' title='bbox 3027 2864 3333 2934; x_wconf 90' lang='lat' dir='ltr'><strong>presbiterii</strong></span> <span class='ocrx_word' id='word_1_454' title='bbox 3380 2864 3704 2935; x_wconf 85' lang='lat' dir='ltr'><strong>dignitatem</strong></span> 
     </span>
    </p>
   </div>
   <div class='ocr_carea' id='block_1_61' title="bbox 479 2936 3754 3036">
    <p class='ocr_par' dir='ltr' id='par_1_61' title="bbox 479 2936 3754 3036">
     <span class='ocr_line' id='line_1_61' title="bbox 479 2936 3754 3036; baseline -0.001 -25"><span class='ocrx_word' id='word_1_455' title='bbox 479 2949 534 3000; x_wconf 74' lang='grc' dir='ltr'><strong>ίη</strong></span> <span class='ocrx_word' id='word_1_456' title='bbox 574 2946 756 2999; x_wconf 57' lang='lat' dir='ltr'><strong>ultimo</strong></span> <span class='ocrx_word' id='word_1_457' title='bbox 786 2945 1022 2999; x_wconf 64' lang='grc' dir='ltr'><strong>επαηιίηε</strong></span> <span class='ocrx_word' id='word_1_458' title='bbox 1065 2944 1198 2996; x_wconf 69' lang='lat' dir='ltr'><strong>We&quot;</strong></span> <span class='ocrx_word' id='word_1_459' title='bbox 1219 2941 1518 3036; x_wconf 43' lang='lat' dir='ltr'><strong>iudicant“</strong></span> <span class='ocrx_word' id='word_1_460' title='bbox 1563 2954 1820 2993; x_wconf 69' lang='grc' dir='ltr'><strong>δεδδυναεο</strong></span> <span class='ocrx_word' id='word_1_461' title='bbox 1861 2936 1937 3036; x_wconf 32' lang='grc' dir='ltr'><strong>Αηδ</strong></span> <span class='ocrx_word' id='word_1_462' title='bbox 1979 2951 2061 2990; x_wconf 73' lang='grc'><strong>⁸0⁸</strong></span> <span class='ocrx_word' id='word_1_463' title='bbox 2096 2974 2142 3036; x_wconf 68' lang='grc' dir='ltr'>ρ</span> <span class='ocrx_word' id='word_1_464' title='bbox 2171 2962 2225 3008; x_wconf 92' lang='lat' dir='ltr'><strong>et</strong></span> <span class='ocrx_word' id='word_1_465' title='bbox 2250 2963 2371 3024; x_wconf 93' lang='lat' dir='ltr'><strong>post</strong></span> <span class='ocrx_word' id='word_1_466' title='bbox 2406 2954 2441 3006; x_wconf 71' lang='grc'><strong>4</strong></span> <span class='ocrx_word' id='word_1_467' title='bbox 2467 2953 2581 3007; x_wconf 90' lang='lat' dir='ltr'><strong>dies</strong></span> <span class='ocrx_word' id='word_1_468' title='bbox 2623 2954 2692 3007; x_wconf 93' lang='lat' dir='ltr'><strong>ob</strong></span> <span class='ocrx_word' id='word_1_469' title='bbox 2722 2969 2974 3008; x_wconf 64' lang='lat' dir='ltr'><strong>amorem,</strong></span> <span class='ocrx_word' id='word_1_470' title='bbox 3019 2954 3218 3008; x_wconf 85' lang='lat' dir='ltr'><strong>Christi</strong></span> <span class='ocrx_word' id='word_1_471' title='bbox 3277 2956 3754 3022; x_wconf 81' lang='lat' dir='ltr'><strong>constantiamque</strong></span> 
     </span>
    </p>
   </div>
   <div class='ocr_carea' id='block_1_62' title="bbox 479 3028 2063 3101">
    <p class='ocr_par' dir='ltr' id='par_1_62' title="bbox 479 3028 2063 3101">
     <span class='ocr_line' id='line_1_62' title="bbox 479 3028 2063 3101; baseline -0.008 -10"><span class='ocrx_word' id='word_1_472' title='bbox 479 3039 597 3091; x_wconf 88' lang='lat' dir='ltr'><strong>dem</strong></span> <span class='ocrx_word' id='word_1_473' title='bbox 633 3039 688 3091; x_wconf 86' lang='lat' dir='ltr'><strong>in</strong></span> <span class='ocrx_word' id='word_1_474' title='bbox 728 3036 851 3090; x_wconf 68' lang='lat' dir='ltr'><strong>caelo</strong></span> <span class='ocrx_word' id='word_1_475' title='bbox 877 3045 950 3090; x_wconf 89' lang='lat' dir='ltr'><strong>est</strong></span> <span class='ocrx_word' id='word_1_476' title='bbox 977 3034 1154 3088; x_wconf 83' lang='lat' dir='ltr'><strong>tabula</strong></span> <span class='ocrx_word' id='word_1_477' title='bbox 1186 3049 1251 3087; x_wconf 77' lang='lat' dir='ltr'><strong>ex</strong></span> <span class='ocrx_word' id='word_1_478' title='bbox 1281 3032 1372 3066; x_wconf 73' lang='lat' dir='ltr'><strong>‘m</strong></span> <span class='ocrx_word' id='word_1_479' title='bbox 1403 3042 1618 3101; x_wconf 86' lang='lat' dir='ltr'><strong>argento</strong></span> <span class='ocrx_word' id='word_1_480' title='bbox 1650 3047 1776 3100; x_wconf 73' lang='lat' dir='ltr'><strong>pene</strong></span> <span class='ocrx_word' id='word_1_481' title='bbox 1796 3028 2063 3097; x_wconf 75' lang='lat' dir='ltr'><strong>perfecta;</strong></span> 
     </span>
    </p>
   </div>
   <div class='ocr_carea' id='block_1_63' title="bbox 481 3120 2064 3193">
    <p class='ocr_par' dir='ltr' id='par_1_63' title="bbox 481 3120 2064 3193">
     <span class='ocr_line' id='line_1_63' title="bbox 481 3120 2064 3193; baseline -0.006 -11"><span class='ocrx_word' id='word_1_482' title='bbox 481 3140 530 3182; x_wconf 86' lang='lat' dir='ltr'><strong>et</strong></span> <span class='ocrx_word' id='word_1_483' title='bbox 563 3143 680 3181; x_wconf 86' lang='lat' dir='ltr'><strong>cum</strong></span> <span class='ocrx_word' id='word_1_484' title='bbox 711 3129 819 3181; x_wconf 76' lang='lat' dir='ltr'><strong>Iure</strong></span> <span class='ocrx_word' id='word_1_485' title='bbox 860 3127 1020 3179; x_wconf 86' lang='lat' dir='ltr'><strong>cicius</strong></span> <span class='ocrx_word' id='word_1_486' title='bbox 1067 3123 1369 3193; x_wconf 85' lang='lat' dir='ltr'><strong>completur,</strong></span> <span class='ocrx_word' id='word_1_487' title='bbox 1426 3123 1489 3175; x_wconf 84' lang='lat' dir='ltr'><strong>ab</strong></span> <span class='ocrx_word' id='word_1_488' title='bbox 1538 3129 1746 3191; x_wconf 88' lang='lat' dir='ltr'><strong>aspectu</strong></span> <span class='ocrx_word' id='word_1_489' title='bbox 1796 3120 2064 3172; x_wconf 66' lang='lat' dir='ltr'><strong>[taurinum</strong></span> 
     </span>
    </p>
   </div>
   <div class='ocr_carea' id='block_1_64' title="bbox 481 3211 2063 3287">
    <p class='ocr_par' dir='ltr' id='par_1_64' title="bbox 481 3211 2063 3287">
     <span class='ocr_line' id='line_1_64' title="bbox 481 3211 2063 3287; baseline -0.007 -17"><span class='ocrx_word' id='word_1_490' title='bbox 481 3220 527 3272; x_wconf 89' lang='lat' dir='ltr'><strong>is</strong></span> <span class='ocrx_word' id='word_1_491' title='bbox 578 3218 776 3287; x_wconf 84' lang='lat' dir='ltr'><strong>premia</strong></span> <span class='ocrx_word' id='word_1_492' title='bbox 816 3226 1115 3285; x_wconf 85' lang='lat' dir='ltr'><strong>recepturus</strong></span> <span class='ocrx_word' id='word_1_493' title='bbox 1174 3214 1264 3245; x_wconf 64' lang='lat'><strong>‘3“</strong></span> <span class='ocrx_word' id='word_1_494' title='bbox 1303 3211 1564 3279; x_wconf 76' lang='lat' dir='ltr'><strong>aufertur.</strong></span> <span class='ocrx_word' id='word_1_495' title='bbox 1617 3212 1736 3279; x_wconf 84' lang='lat' dir='ltr'><strong>lpse</strong></span> <span class='ocrx_word' id='word_1_496' title='bbox 1779 3225 1906 3263; x_wconf 88' lang='lat' dir='ltr'><strong>vero</strong></span> <span class='ocrx_word' id='word_1_497' title='bbox 1936 3248 1950 3269; x_wconf 90' lang='lat'><strong>,</strong></span> <span class='ocrx_word' id='word_1_498' title='bbox 2005 3215 2063 3260; x_wconf 89' lang='lat' dir='ltr'><strong>ut</strong></span> 
     </span>
    </p>
   </div>
   <div class='ocr_carea' id='block_1_65' title="bbox 480 3304 2056 3365">
    <p class='ocr_par' dir='ltr' id='par_1_65' title="bbox 480 3304 2056 3365">
     <span class='ocr_line' id='line_1_65' title="bbox 480 3304 2056 3365; baseline -0.006 0"><span class='ocrx_word' id='word_1_499' title='bbox 480 3326 639 3365; x_wconf 83' lang='lat' dir='ltr'><strong>soror</strong></span> <span class='ocrx_word' id='word_1_500' title='bbox 672 3325 766 3364; x_wconf 88' lang='lat' dir='ltr'><strong>sua</strong></span> <span class='ocrx_word' id='word_1_501' title='bbox 799 3310 930 3362; x_wconf 90' lang='lat' dir='ltr'><strong>mihi</strong></span> <span class='ocrx_word' id='word_1_502' title='bbox 963 3307 1233 3361; x_wconf 87' lang='lat' dir='ltr'><strong>intimavit</strong></span> <span class='ocrx_word' id='word_1_503' title='bbox 1269 3307 1402 3359; x_wconf 89' lang='lat' dir='ltr'><strong>laica</strong></span> <span class='ocrx_word' id='word_1_504' title='bbox 1430 3334 1499 3344; x_wconf 87' lang='lat'><strong>-—</strong></span> <span class='ocrx_word' id='word_1_505' title='bbox 1527 3305 1751 3358; x_wconf 87' lang='lat' dir='ltr'><strong>alteram</strong></span> <span class='ocrx_word' id='word_1_506' title='bbox 1781 3305 1923 3358; x_wconf 88' lang='lat' dir='ltr'><strong>enim</strong></span> <span class='ocrx_word' id='word_1_507' title='bbox 1957 3304 2056 3357; x_wconf 83' lang='lat' dir='ltr'><strong>ha-</strong></span> 
     </span>
    </p>
   </div>
   <div class='ocr_carea' id='block_1_66' title="bbox 483 3394 2063 3464">
    <p class='ocr_par' dir='ltr' id='par_1_66' title="bbox 483 3394 2063 3464">
     <span class='ocr_line' id='line_1_66' title="bbox 483 3394 2063 3464; baseline -0.006 -8"><span class='ocrx_word' id='word_1_508' title='bbox 483 3401 602 3456; x_wconf 70' lang='lat' dir='ltr'><strong>tuit</strong></span> <span class='ocrx_word' id='word_1_509' title='bbox 646 3397 1108 3454; x_wconf 87' lang='lat' dir='ltr'><strong>sanctimonialem</strong></span> <span class='ocrx_word' id='word_1_510' title='bbox 1136 3427 1206 3437; x_wconf 86' lang='lat'><strong>——</strong></span> <span class='ocrx_word' id='word_1_511' title='bbox 1236 3397 1288 3450; x_wconf 90' lang='lat' dir='ltr'><strong>id</strong></span> <span class='ocrx_word' id='word_1_512' title='bbox 1324 3397 1498 3464; x_wconf 90' lang='lat' dir='ltr'><strong>ipsum</strong></span> <span class='ocrx_word' id='word_1_513' title='bbox 1530 3395 1820 3464; x_wconf 89' lang='lat' dir='ltr'><strong>presciens,</strong></span> <span class='ocrx_word' id='word_1_514' title='bbox 1853 3394 2063 3447; x_wconf 87' lang='lat' dir='ltr'><strong>vocavit</strong></span> 
     </span>
    </p>
   </div>
   <div class='ocr_carea' id='block_1_67' title="bbox 479 3485 2059 3556">
    <p class='ocr_par' dir='ltr' id='par_1_67' title="bbox 479 3485 2059 3556">
     <span class='ocr_line' id='line_1_67' title="bbox 479 3485 2059 3556; baseline -0.008 -9"><span class='ocrx_word' id='word_1_515' title='bbox 479 3507 603 3547; x_wconf 80' lang='lat' dir='ltr'><strong>eam</strong></span> <span class='ocrx_word' id='word_1_516' title='bbox 631 3493 696 3546; x_wconf 91' lang='lat' dir='ltr'><strong>ad</strong></span> <span class='ocrx_word' id='word_1_517' title='bbox 718 3507 796 3555; x_wconf 91' lang='lat' dir='ltr'><strong>se,</strong></span> <span class='ocrx_word' id='word_1_518' title='bbox 829 3492 1010 3546; x_wconf 90' lang='lat' dir='ltr'><strong>dicens</strong></span> <span class='ocrx_word' id='word_1_519' title='bbox 1041 3508 1054 3542; x_wconf 90' lang='lat'><strong>:</strong></span> <span class='ocrx_word' id='word_1_520' title='bbox 1085 3489 1400 3543; x_wconf 80' lang='lat' dir='ltr'><strong>Recordaris</strong></span> <span class='ocrx_word' id='word_1_521' title='bbox 1429 3487 1490 3556; x_wconf 81' lang='lat' dir='ltr'><strong>(f.</strong></span> <span class='ocrx_word' id='word_1_522' title='bbox 1530 3487 1652 3554; x_wconf 77' lang='grc'><strong>130)</strong></span> <span class='ocrx_word' id='word_1_523' title='bbox 1683 3485 1858 3550; x_wconf 84' lang='lat' dir='ltr'><strong>modo,</strong></span> <span class='ocrx_word' id='word_1_524' title='bbox 1886 3485 2059 3553; x_wconf 87' lang='lat' dir='ltr'><strong>quali-</strong></span> 
     </span>
    </p>
   </div>
   <div class='ocr_carea' id='block_1_68' title="bbox 483 3577 2061 3650">
    <p class='ocr_par' dir='ltr' id='par_1_68' title="bbox 483 3577 2061 3650">
     <span class='ocr_line' id='line_1_68' title="bbox 483 3577 2061 3650; baseline -0.006 -14"><span class='ocrx_word' id='word_1_525' title='bbox 483 3594 562 3638; x_wconf 90' lang='lat' dir='ltr'><strong>ter</strong></span> <span class='ocrx_word' id='word_1_526' title='bbox 590 3583 714 3637; x_wconf 80' lang='lat' dir='ltr'><strong>milii</strong></span> <span class='ocrx_word' id='word_1_527' title='bbox 742 3582 865 3636; x_wconf 82' lang='lat' dir='ltr'><strong>olim</strong></span> <span class='ocrx_word' id='word_1_528' title='bbox 904 3581 1209 3650; x_wconf 81' lang='lat' dir='ltr'><strong>promisisti,</strong></span> <span class='ocrx_word' id='word_1_529' title='bbox 1255 3579 1298 3632; x_wconf 88' lang='lat' dir='ltr'><strong>si</strong></span> <span class='ocrx_word' id='word_1_530' title='bbox 1330 3577 1605 3631; x_wconf 85' lang='lat' dir='ltr'><strong>hereditati</strong></span> <span class='ocrx_word' id='word_1_531' title='bbox 1649 3591 1776 3629; x_wconf 74' lang='lat' dir='ltr'><strong>mea:</strong></span> <span class='ocrx_word' id='word_1_532' title='bbox 1816 3591 2061 3644; x_wconf 80' lang='lat' dir='ltr'><strong>umquam</strong></span> 
     </span>
    </p>
   </div>
   <div class='ocr_carea' id='block_1_69' title="bbox 481 3665 2059 3741">
    <p class='ocr_par' dir='ltr' id='par_1_69' title="bbox 481 3665 2059 3741">
     <span class='ocr_line' id='line_1_69' title="bbox 481 3665 2059 3741; baseline -0.008 -11"><span class='ocrx_word' id='word_1_533' title='bbox 481 3676 782 3730; x_wconf 79' lang='lat' dir='ltr'><strong>succederes</strong></span> <span class='ocrx_word' id='word_1_534' title='bbox 814 3715 828 3738; x_wconf 95' lang='lat'><strong>,</strong></span> <span class='ocrx_word' id='word_1_535' title='bbox 871 3684 930 3726; x_wconf 85' lang='lat' dir='ltr'><strong>ut</strong></span> <span class='ocrx_word' id='word_1_536' title='bbox 983 3672 1246 3741; x_wconf 85' lang='lat' dir='ltr'><strong>predium,</strong></span> <span class='ocrx_word' id='word_1_537' title='bbox 1290 3670 1430 3734; x_wconf 89' lang='lat' dir='ltr'><strong>quod</strong></span> <span class='ocrx_word' id='word_1_538' title='bbox 1479 3671 1532 3723; x_wconf 84' lang='lat' dir='ltr'><strong>in</strong></span> <span class='ocrx_word' id='word_1_539' title='bbox 1581 3667 1858 3736; x_wconf 78' lang='lat' dir='ltr'><strong>Osulfstidi</strong></span> <span class='ocrx_word' id='word_1_540' title='bbox 1915 3665 2059 3736; x_wconf 76' lang='lat'><strong>(783)</strong></span> 
     </span>
    </p>
   </div>
   <div class='ocr_carea' id='block_1_70' title="bbox 484 3760 2059 3835">
    <p class='ocr_par' dir='ltr' id='par_1_70' title="bbox 484 3760 2059 3835">
     <span class='ocr_line' id='line_1_70' title="bbox 484 3760 2059 3835; baseline -0.006 -15"><span class='ocrx_word' id='word_1_541' title='bbox 484 3769 668 3832; x_wconf 82' lang='lat' dir='ltr'><strong>habeo,</strong></span> <span class='ocrx_word' id='word_1_542' title='bbox 696 3782 786 3835; x_wconf 81' lang='lat' dir='ltr'><strong>pro</strong></span> <span class='ocrx_word' id='word_1_543' title='bbox 817 3767 1007 3819; x_wconf 76' lang='lat' dir='ltr'><strong>anima:</strong></span> <span class='ocrx_word' id='word_1_544' title='bbox 1045 3766 1270 3818; x_wconf 85' lang='lat' dir='ltr'><strong>remedio</strong></span> <span class='ocrx_word' id='word_1_545' title='bbox 1296 3779 1421 3816; x_wconf 71' lang='lat' dir='ltr'><strong>mea:</strong></span> <span class='ocrx_word' id='word_1_546' title='bbox 1451 3772 1630 3816; x_wconf 83' lang='lat' dir='ltr'><strong>sancto</strong></span> <span class='ocrx_word' id='word_1_547' title='bbox 1664 3760 1920 3813; x_wconf 80' lang='lat' dir='ltr'><strong>Mauricio</strong></span> <span class='ocrx_word' id='word_1_548' title='bbox 1949 3772 2059 3811; x_wconf 87' lang='lat' dir='ltr'><strong>tra-</strong></span> 
     </span>
    </p>
   </div>
   <div class='ocr_carea' id='block_1_71' title="bbox 484 3851 2063 3925">
    <p class='ocr_par' dir='ltr' id='par_1_71' title="bbox 484 3851 2063 3925">
     <span class='ocr_line' id='line_1_71' title="bbox 484 3851 2063 3925; baseline -0.004 -15"><span class='ocrx_word' id='word_1_549' title='bbox 484 3859 668 3912; x_wconf 84' lang='lat' dir='ltr'><strong>deres?</strong></span> <span class='ocrx_word' id='word_1_550' title='bbox 693 3858 788 3914; x_wconf 87' lang='lat' dir='ltr'><strong>Cui</strong></span> <span class='ocrx_word' id='word_1_551' title='bbox 825 3859 937 3911; x_wconf 62' lang='lat' dir='ltr'><strong>haec</strong></span> <span class='ocrx_word' id='word_1_552' title='bbox 976 3857 1155 3911; x_wconf 90' lang='lat' dir='ltr'><strong>omnia</strong></span> <span class='ocrx_word' id='word_1_553' title='bbox 1189 3856 1460 3925; x_wconf 77' lang='lat' dir='ltr'><strong>profitenti</strong></span> <span class='ocrx_word' id='word_1_554' title='bbox 1506 3864 1558 3908; x_wconf 90' lang='lat' dir='ltr'><strong>et</strong></span> <span class='ocrx_word' id='word_1_555' title='bbox 1607 3853 1771 3923; x_wconf 79' lang='lat' dir='ltr'><strong>digito</strong></span> <span class='ocrx_word' id='word_1_556' title='bbox 1803 3851 1972 3920; x_wconf 74' lang='grc'><strong>(784),</strong></span> <span class='ocrx_word' id='word_1_557' title='bbox 2004 3860 2063 3904; x_wconf 87' lang='lat' dir='ltr'><strong>ttt</strong></span> 
     </span>
    </p>
   </div>
   <div class='ocr_carea' id='block_1_72' title="bbox 485 3942 2060 4018">
    <p class='ocr_par' dir='ltr' id='par_1_72' title="bbox 485 3942 2060 4018">
     <span class='ocr_line' id='line_1_72' title="bbox 485 3942 2060 4018; baseline -0.006 -17"><span class='ocrx_word' id='word_1_558' title='bbox 485 3947 600 4017; x_wconf 90' lang='lat' dir='ltr'><strong>ipse</strong></span> <span class='ocrx_word' id='word_1_559' title='bbox 644 3949 824 4018; x_wconf 89' lang='lat' dir='ltr'><strong>peciit,</strong></span> <span class='ocrx_word' id='word_1_560' title='bbox 869 3947 1233 4010; x_wconf 86' lang='lat' dir='ltr'><strong>conlirmanti,</strong></span> <span class='ocrx_word' id='word_1_561' title='bbox 1264 3945 1398 4000; x_wconf 82' lang='lat' dir='ltr'><strong>ﬂens</strong></span> <span class='ocrx_word' id='word_1_562' title='bbox 1429 3945 1700 4012; x_wconf 88' lang='lat' dir='ltr'><strong>respondit</strong></span> <span class='ocrx_word' id='word_1_563' title='bbox 1733 3961 1745 3995; x_wconf 93' lang='lat'><strong>:</strong></span> <span class='ocrx_word' id='word_1_564' title='bbox 1779 3942 1911 3994; x_wconf 83' lang='lat' dir='ltr'><strong>Mihi</strong></span> <span class='ocrx_word' id='word_1_565' title='bbox 1961 3958 2060 3993; x_wconf 89' lang='lat' dir='ltr'><strong>non</strong></span> 
     </span>
    </p>
   </div>
   <div class='ocr_carea' id='block_1_73' title="bbox 479 4034 2060 4106">
    <p class='ocr_par' dir='ltr' id='par_1_73' title="bbox 479 4034 2060 4106">
     <span class='ocr_line' id='line_1_73' title="bbox 479 4034 2060 4106; baseline -0.007 -12"><span class='ocrx_word' id='word_1_566' title='bbox 479 4041 602 4094; x_wconf 83' lang='lat' dir='ltr'><strong>licet</strong></span> <span class='ocrx_word' id='word_1_567' title='bbox 655 4041 852 4104; x_wconf 82' lang='lat' dir='ltr'><strong>vivere;</strong></span> <span class='ocrx_word' id='word_1_568' title='bbox 903 4048 1168 4092; x_wconf 86' lang='lat' dir='ltr'><strong>tu.autem</strong></span> <span class='ocrx_word' id='word_1_569' title='bbox 1218 4037 1302 4106; x_wconf 79' lang='lat' dir='ltr'><strong>[ac</strong></span> <span class='ocrx_word' id='word_1_570' title='bbox 1348 4046 1403 4088; x_wconf 88' lang='lat' dir='ltr'><strong>ut</strong></span> <span class='ocrx_word' id='word_1_571' title='bbox 1460 4034 1661 4098; x_wconf 73' lang='lat' dir='ltr'><strong>dixisti,</strong></span> <span class='ocrx_word' id='word_1_572' title='bbox 1707 4043 1752 4086; x_wconf 88' lang='lat' dir='ltr'><strong>et</strong></span> <span class='ocrx_word' id='word_1_573' title='bbox 1782 4049 1873 4101; x_wconf 84' lang='lat' dir='ltr'><strong>pro</strong></span> <span class='ocrx_word' id='word_1_574' title='bbox 1923 4041 2060 4085; x_wconf 82' lang='lat' dir='ltr'><strong>certo</strong></span> 
     </span>
    </p>
   </div>
   <div class='ocr_carea' id='block_1_74' title="bbox 487 4125 2061 4201">
    <p class='ocr_par' dir='ltr' id='par_1_74' title="bbox 487 4125 2061 4201">
     <span class='ocr_line' id='line_1_74' title="bbox 487 4125 2061 4201; baseline -0.006 -17"><span class='ocrx_word' id='word_1_575' title='bbox 487 4134 643 4193; x_wconf 87' lang='lat' dir='ltr'><strong>scias,</strong></span> <span class='ocrx_word' id='word_1_576' title='bbox 668 4133 806 4201; x_wconf 88' lang='lat' dir='ltr'><strong>quod</strong></span> <span class='ocrx_word' id='word_1_577' title='bbox 835 4131 898 4184; x_wconf 91' lang='lat' dir='ltr'><strong>de</strong></span> <span class='ocrx_word' id='word_1_578' title='bbox 936 4131 1157 4184; x_wconf 86' lang='lat' dir='ltr'><strong>residuis</strong></span> <span class='ocrx_word' id='word_1_579' title='bbox 1182 4129 1256 4181; x_wconf 84' lang='lat' dir='ltr'><strong>nil</strong></span> <span class='ocrx_word' id='word_1_580' title='bbox 1283 4127 1593 4180; x_wconf 84' lang='lat' dir='ltr'><strong>abalienabo</strong></span> <span class='ocrx_word' id='word_1_581' title='bbox 1633 4125 1772 4179; x_wconf 83' lang='lat' dir='ltr'><strong>vobis</strong></span> <span class='ocrx_word' id='word_1_582' title='bbox 1815 4140 2061 4178; x_wconf 83' lang='lat' dir='ltr'><strong>consero-</strong></span> 
     </span>
    </p>
   </div>
   <div class='ocr_carea' id='block_1_75' title="bbox 483 4214 2054 4292">
    <p class='ocr_par' dir='ltr' id='par_1_75' title="bbox 483 4214 2054 4292">
     <span class='ocr_line' id='line_1_75' title="bbox 483 4214 2054 4292; baseline -0.004 -19"><span class='ocrx_word' id='word_1_583' title='bbox 483 4220 631 4292; x_wconf 80' lang='lat' dir='ltr'><strong>ribus</strong></span> <span class='ocrx_word' id='word_1_584' title='bbox 676 4223 821 4276; x_wconf 86' lang='lat' dir='ltr'><strong>meis.</strong></span> <span class='ocrx_word' id='word_1_585' title='bbox 870 4221 1087 4276; x_wconf 87' lang='lat' dir='ltr'><strong>Sciebat</strong></span> <span class='ocrx_word' id='word_1_586' title='bbox 1136 4221 1251 4274; x_wconf 85' lang='lat' dir='ltr'><strong>haec</strong></span> <span class='ocrx_word' id='word_1_587' title='bbox 1310 4219 1489 4273; x_wconf 87' lang='lat' dir='ltr'><strong>omnia</strong></span> <span class='ocrx_word' id='word_1_588' title='bbox 1534 4216 1775 4284; x_wconf 90' lang='lat' dir='ltr'><strong>conpleri</strong></span> <span class='ocrx_word' id='word_1_589' title='bbox 1823 4214 2054 4277; x_wconf 90' lang='lat' dir='ltr'><strong>debere;</strong></span> 
     </span>
    </p>
   </div>
   <div class='ocr_carea' id='block_1_76' title="bbox 2167 3044 3752 3116">
    <p class='ocr_par' dir='ltr' id='par_1_76' title="bbox 2167 3044 3752 3116">
     <span class='ocr_line' id='line_1_76' title="bbox 2167 3044 3752 3116; baseline -0.001 -18"><span class='ocrx_word' id='word_1_590' title='bbox 2167 3044 2289 3098; x_wconf 78' lang='lat' dir='ltr'><strong>fidei</strong></span> <span class='ocrx_word' id='word_1_591' title='bbox 2341 3045 2657 3114; x_wconf 86' lang='lat' dir='ltr'><strong>martyrium</strong></span> <span class='ocrx_word' id='word_1_592' title='bbox 2689 3059 2718 3098; x_wconf 91' lang='lat' dir='ltr'><strong>a</strong></span> <span class='ocrx_word' id='word_1_593' title='bbox 2773 3045 2987 3099; x_wconf 92' lang='lat' dir='ltr'><strong>tiranno</strong></span> <span class='ocrx_word' id='word_1_594' title='bbox 3015 3045 3317 3114; x_wconf 88' lang='lat' dir='ltr'><strong>suscepisse</strong></span> <span class='ocrx_word' id='word_1_595' title='bbox 3371 3045 3561 3116; x_wconf 84' lang='lat'><strong>(786);</strong></span> <span class='ocrx_word' id='word_1_596' title='bbox 3609 3045 3752 3098; x_wconf 88' lang='lat' dir='ltr'><strong>etin</strong></span> 
     </span>
    </p>
   </div>
   <div class='ocr_carea' id='block_1_77' title="bbox 2166 3125 3752 3205">
    <p class='ocr_par' dir='ltr' id='par_1_77' title="bbox 2166 3125 3752 3205">
     <span class='ocr_line' id='line_1_77' title="bbox 2166 3125 3752 3205; baseline -0.003 -12"><span class='ocrx_word' id='word_1_597' title='bbox 2166 3145 2394 3204; x_wconf 83' lang='lat' dir='ltr'><strong>utroque</strong></span> <span class='ocrx_word' id='word_1_598' title='bbox 2421 3135 2610 3191; x_wconf 90' lang='lat' dir='ltr'><strong>ordine</strong></span> <span class='ocrx_word' id='word_1_599' title='bbox 2662 3136 2706 3189; x_wconf 92' lang='lat' dir='ltr'><strong>is</strong></span> <span class='ocrx_word' id='word_1_600' title='bbox 2741 3125 2953 3203; x_wconf 72' lang='lat' dir='ltr'><strong>sempei-</strong></span> <span class='ocrx_word' id='word_1_601' title='bbox 2991 3144 3190 3190; x_wconf 89' lang='lat' dir='ltr'><strong>manet.</strong></span> <span class='ocrx_word' id='word_1_602' title='bbox 3232 3136 3336 3190; x_wconf 91' lang='lat' dir='ltr'><strong>lste</strong></span> <span class='ocrx_word' id='word_1_603' title='bbox 3368 3136 3594 3205; x_wconf 89' lang='lat' dir='ltr'><strong>quidem</strong></span> <span class='ocrx_word' id='word_1_604' title='bbox 3625 3150 3752 3204; x_wconf 81' lang='lat' dir='ltr'><strong>pec-</strong></span> 
     </span>
    </p>
   </div>
   <div class='ocr_carea' id='block_1_78' title="bbox 2165 3226 3752 3295">
    <p class='ocr_par' dir='ltr' id='par_1_78' title="bbox 2165 3226 3752 3295">
     <span class='ocr_line' id='line_1_78' title="bbox 2165 3226 3752 3295; baseline -0.001 -14"><span class='ocrx_word' id='word_1_605' title='bbox 2165 3237 2283 3281; x_wconf 88' lang='lat' dir='ltr'><strong>cata</strong></span> <span class='ocrx_word' id='word_1_606' title='bbox 2313 3226 2429 3289; x_wconf 90' lang='lat' dir='ltr'><strong>luit,</strong></span> <span class='ocrx_word' id='word_1_607' title='bbox 2453 3237 2508 3280; x_wconf 88' lang='lat' dir='ltr'><strong>et</strong></span> <span class='ocrx_word' id='word_1_608' title='bbox 2537 3226 2590 3280; x_wconf 90' lang='lat' dir='ltr'><strong>in</strong></span> <span class='ocrx_word' id='word_1_609' title='bbox 2617 3226 2766 3281; x_wconf 89' lang='lat' dir='ltr'><strong>brevi</strong></span> <span class='ocrx_word' id='word_1_610' title='bbox 2793 3240 2890 3295; x_wconf 85' lang='lat' dir='ltr'><strong>pro</strong></span> <span class='ocrx_word' id='word_1_611' title='bbox 2912 3226 3184 3281; x_wconf 88' lang='lat' dir='ltr'><strong>laboribus</strong></span> <span class='ocrx_word' id='word_1_612' title='bbox 3195 3227 3359 3295; x_wconf 87' lang='lat' dir='ltr'><strong>justis</strong></span> <span class='ocrx_word' id='word_1_613' title='bbox 3381 3227 3634 3281; x_wconf 84' lang='lat' dir='ltr'><strong>bravium</strong></span> <span class='ocrx_word' id='word_1_614' title='bbox 3663 3226 3752 3258; x_wconf 68' lang='grc' dir='ltr'><strong>ί⁸⁴¹</strong></span> 
     </span>
    </p>
   </div>
   <div class='ocr_carea' id='block_1_79' title="bbox 2163 3317 3746 3385">
    <p class='ocr_par' dir='ltr' id='par_1_79' title="bbox 2163 3317 3746 3385">
     <span class='ocr_line' id='line_1_79' title="bbox 2163 3317 3746 3385; baseline 0.001 -15"><span class='ocrx_word' id='word_1_615' title='bbox 2163 3332 2193 3370; x_wconf 89' lang='lat' dir='ltr'><strong>a</strong></span> <span class='ocrx_word' id='word_1_616' title='bbox 2222 3317 2329 3371; x_wconf 86' lang='lat' dir='ltr'><strong>Deo</strong></span> <span class='ocrx_word' id='word_1_617' title='bbox 2357 3318 2579 3385; x_wconf 88' lang='lat' dir='ltr'><strong>recepit,</strong></span> <span class='ocrx_word' id='word_1_618' title='bbox 2608 3325 2665 3371; x_wconf 90' lang='lat' dir='ltr'><strong>et</strong></span> <span class='ocrx_word' id='word_1_619' title='bbox 2708 3318 2811 3371; x_wconf 88' lang='lat' dir='ltr'><strong>hoc</strong></span> <span class='ocrx_word' id='word_1_620' title='bbox 2859 3317 2951 3348; x_wconf 70' lang='grc'><strong>¹³⁸⁸</strong></span> <span class='ocrx_word' id='word_1_621' title='bbox 2981 3319 3162 3372; x_wconf 87' lang='lat' dir='ltr'><strong>multis</strong></span> <span class='ocrx_word' id='word_1_622' title='bbox 3187 3319 3309 3372; x_wconf 90' lang='lat' dir='ltr'><strong>ilico</strong></span> <span class='ocrx_word' id='word_1_623' title='bbox 3342 3317 3746 3372; x_wconf 78' lang='lat' dir='ltr'><strong>manifestatum</strong></span> 
     </span>
    </p>
   </div>
   <div class='ocr_carea' id='block_1_80' title="bbox 2161 3407 3748 3480">
    <p class='ocr_par' dir='ltr' id='par_1_80' title="bbox 2161 3407 3748 3480">
     <span class='ocr_line' id='line_1_80' title="bbox 2161 3407 3748 3480; baseline 0.001 -18"><span class='ocrx_word' id='word_1_624' title='bbox 2161 3408 2284 3462; x_wconf 79' lang='lat' dir='ltr'><strong>fuit.</strong></span> <span class='ocrx_word' id='word_1_625' title='bbox 2341 3409 2466 3462; x_wconf 71' lang='lat' dir='ltr'><strong>llaec</strong></span> <span class='ocrx_word' id='word_1_626' title='bbox 2512 3416 2690 3463; x_wconf 90' lang='lat' dir='ltr'><strong>autem</strong></span> <span class='ocrx_word' id='word_1_627' title='bbox 2739 3407 2918 3462; x_wconf 90' lang='lat' dir='ltr'><strong>omnia</strong></span> <span class='ocrx_word' id='word_1_628' title='bbox 2965 3423 3222 3463; x_wconf 89' lang='lat' dir='ltr'><strong>enarrare</strong></span> <span class='ocrx_word' id='word_1_629' title='bbox 3268 3409 3591 3480; x_wconf 76' lang='lat' dir='ltr'><strong>perlongum</strong></span> <span class='ocrx_word' id='word_1_630' title='bbox 3631 3418 3748 3475; x_wconf 83' lang='lat' dir='ltr'><strong>est;</strong></span> 
     </span>
    </p>
   </div>
   <div class='ocr_carea' id='block_1_81' title="bbox 2163 3499 3748 3570">
    <p class='ocr_par' dir='ltr' id='par_1_81' title="bbox 2163 3499 3748 3570">
     <span class='ocr_line' id='line_1_81' title="bbox 2163 3499 3748 3570; baseline 0 -18"><span class='ocrx_word' id='word_1_631' title='bbox 2163 3501 2398 3570; x_wconf 89' lang='lat' dir='ltr'><strong>qualiter</strong></span> <span class='ocrx_word' id='word_1_632' title='bbox 2427 3515 2554 3554; x_wconf 78' lang='lat' dir='ltr'><strong>vero</strong></span> <span class='ocrx_word' id='word_1_633' title='bbox 2584 3501 2650 3553; x_wconf 92' lang='lat' dir='ltr'><strong>de</strong></span> <span class='ocrx_word' id='word_1_634' title='bbox 2679 3499 2784 3552; x_wconf 82' lang='lat' dir='ltr'><strong>hiis</strong></span> <span class='ocrx_word' id='word_1_635' title='bbox 2814 3499 2944 3553; x_wconf 91' lang='lat' dir='ltr'><strong>mihi</strong></span> <span class='ocrx_word' id='word_1_636' title='bbox 2973 3500 3254 3563; x_wconf 85' lang='lat' dir='ltr'><strong>acciderit,</strong></span> <span class='ocrx_word' id='word_1_637' title='bbox 3290 3501 3401 3555; x_wconf 87' lang='lat' dir='ltr'><strong>Deo</strong></span> <span class='ocrx_word' id='word_1_638' title='bbox 3433 3510 3597 3562; x_wconf 85' lang='lat' dir='ltr'><strong>teste,</strong></span> <span class='ocrx_word' id='word_1_639' title='bbox 3627 3503 3748 3568; x_wconf 83' lang='lat' dir='ltr'><strong>quia</strong></span> 
     </span>
    </p>
   </div>
   <div class='ocr_carea' id='block_1_82' title="bbox 2165 3589 3750 3662">
    <p class='ocr_par' dir='ltr' id='par_1_82' title="bbox 2165 3589 3750 3662">
     <span class='ocr_line' id='line_1_82' title="bbox 2165 3589 3750 3662; baseline 0 -16"><span class='ocrx_word' id='word_1_640' title='bbox 2165 3607 2270 3646; x_wconf 92' lang='lat' dir='ltr'><strong>non</strong></span> <span class='ocrx_word' id='word_1_641' title='bbox 2325 3591 2576 3657; x_wconf 88' lang='lat' dir='ltr'><strong>mentior,</strong></span> <span class='ocrx_word' id='word_1_642' title='bbox 2627 3591 2931 3659; x_wconf 86' lang='lat' dir='ltr'><strong>explicabo.</strong></span> <span class='ocrx_word' id='word_1_643' title='bbox 2983 3589 3044 3660; x_wconf 84' lang='lat' dir='ltr'><strong>(f.</strong></span> <span class='ocrx_word' id='word_1_644' title='bbox 3078 3592 3203 3662; x_wconf 76' lang='lat' dir='ltr'><strong>l3!)</strong></span> <span class='ocrx_word' id='word_1_645' title='bbox 3242 3591 3367 3645; x_wconf 85' lang='lat' dir='ltr'><strong>Fuit</strong></span> <span class='ocrx_word' id='word_1_646' title='bbox 3414 3592 3467 3645; x_wconf 88' lang='lat' dir='ltr'><strong>in</strong></span> <span class='ocrx_word' id='word_1_647' title='bbox 3517 3593 3750 3661; x_wconf 81' lang='lat' dir='ltr'><strong>presidiu</strong></span> 
     </span>
    </p>
   </div>
   <div class='ocr_carea' id='block_1_83' title="bbox 2163 3681 3748 3752">
    <p class='ocr_par' dir='ltr' id='par_1_83' title="bbox 2163 3681 3748 3752">
     <span class='ocr_line' id='line_1_83' title="bbox 2163 3681 3748 3752; baseline 0 -16"><span class='ocrx_word' id='word_1_648' title='bbox 2163 3683 2228 3736; x_wconf 90' lang='lat' dir='ltr'><strong>ad</strong></span> <span class='ocrx_word' id='word_1_649' title='bbox 2261 3681 2439 3747; x_wconf 87' lang='lat' dir='ltr'><strong>Misni,</strong></span> <span class='ocrx_word' id='word_1_650' title='bbox 2467 3691 2522 3736; x_wconf 88' lang='lat' dir='ltr'><strong>et</strong></span> <span class='ocrx_word' id='word_1_651' title='bbox 2560 3683 2612 3736; x_wconf 91' lang='lat' dir='ltr'><strong>in</strong></span> <span class='ocrx_word' id='word_1_652' title='bbox 2644 3682 2901 3736; x_wconf 88' lang='lat' dir='ltr'><strong>natalicio</strong></span> <span class='ocrx_word' id='word_1_653' title='bbox 2943 3683 3031 3736; x_wconf 87' lang='lat' dir='ltr'><strong>die</strong></span> <span class='ocrx_word' id='word_1_654' title='bbox 3059 3691 3178 3752; x_wconf 81' lang='lat' dir='ltr'><strong>post</strong></span> <span class='ocrx_word' id='word_1_655' title='bbox 3225 3682 3597 3752; x_wconf 86' lang='lat' dir='ltr'><strong>apostolorum</strong></span> <span class='ocrx_word' id='word_1_656' title='bbox 3647 3683 3748 3752; x_wconf 82' lang='lat' dir='ltr'><strong>Sy-</strong></span> 
     </span>
    </p>
   </div>
   <div class='ocr_carea' id='block_1_84' title="bbox 2163 3771 3752 3842">
    <p class='ocr_par' dir='ltr' id='par_1_84' title="bbox 2163 3771 3752 3842">
     <span class='ocr_line' id='line_1_84' title="bbox 2163 3771 3752 3842; baseline 0 -18"><span class='ocrx_word' id='word_1_657' title='bbox 2163 3772 2337 3825; x_wconf 90' lang='lat' dir='ltr'><strong>monis</strong></span> <span class='ocrx_word' id='word_1_658' title='bbox 2368 3781 2420 3824; x_wconf 93' lang='lat' dir='ltr'><strong>et</strong></span> <span class='ocrx_word' id='word_1_659' title='bbox 2445 3771 2595 3825; x_wconf 76' lang='lat' dir='ltr'><strong>Judte</strong></span> <span class='ocrx_word' id='word_1_660' title='bbox 2625 3771 2768 3842; x_wconf 86' lang='lat' dir='ltr'><strong>(Oct.</strong></span> <span class='ocrx_word' id='word_1_661' title='bbox 2811 3772 2902 3840; x_wconf 75' lang='lat'><strong>28)</strong></span> <span class='ocrx_word' id='word_1_662' title='bbox 2956 3782 3077 3841; x_wconf 92' lang='lat' dir='ltr'><strong>post</strong></span> <span class='ocrx_word' id='word_1_663' title='bbox 3127 3773 3448 3826; x_wconf 84' lang='lat' dir='ltr'><strong>matutinam</strong></span> <span class='ocrx_word' id='word_1_664' title='bbox 3499 3775 3752 3842; x_wconf 86' lang='lat' dir='ltr'><strong>apparuit</strong></span> 
     </span>
    </p>
   </div>
   <div class='ocr_carea' id='block_1_85' title="bbox 2164 3862 3750 3929">
    <p class='ocr_par' dir='ltr' id='par_1_85' title="bbox 2164 3862 3750 3929">
     <span class='ocr_line' id='line_1_85' title="bbox 2164 3862 3750 3929; baseline 0.003 -15"><span class='ocrx_word' id='word_1_665' title='bbox 2164 3864 2294 3915; x_wconf 89' lang='lat' dir='ltr'><strong>mihi</strong></span> <span class='ocrx_word' id='word_1_666' title='bbox 2329 3862 2415 3917; x_wconf 90' lang='lat' dir='ltr'><strong>ille</strong></span> <span class='ocrx_word' id='word_1_667' title='bbox 2443 3865 2806 3929; x_wconf 89' lang='lat' dir='ltr'><strong>venerandus,</strong></span> <span class='ocrx_word' id='word_1_668' title='bbox 2853 3873 2910 3919; x_wconf 90' lang='lat' dir='ltr'><strong>et</strong></span> <span class='ocrx_word' id='word_1_669' title='bbox 2955 3881 3076 3920; x_wconf 89' lang='lat' dir='ltr'><strong>cum</strong></span> <span class='ocrx_word' id='word_1_670' title='bbox 3109 3865 3251 3920; x_wconf 89' lang='lat' dir='ltr'><strong>hunc</strong></span> <span class='ocrx_word' id='word_1_671' title='bbox 3300 3873 3576 3919; x_wconf 87' lang='lat' dir='ltr'><strong>mortuum</strong></span> <span class='ocrx_word' id='word_1_672' title='bbox 3619 3868 3750 3919; x_wconf 86' lang='lat' dir='ltr'><strong>bene</strong></span> 
     </span>
    </p>
   </div>
   <div class='ocr_carea' id='block_1_86' title="bbox 2163 3957 3749 4029">
    <p class='ocr_par' dir='ltr' id='par_1_86' title="bbox 2163 3957 3749 4029">
     <span class='ocr_line' id='line_1_86' title="bbox 2163 3957 3749 4029; baseline 0.002 -21"><span class='ocrx_word' id='word_1_673' title='bbox 2163 3969 2566 4024; x_wconf 87' lang='lat' dir='ltr'><strong>cognoscerem,</strong></span> <span class='ocrx_word' id='word_1_674' title='bbox 2596 3957 2863 4025; x_wconf 90' lang='lat' dir='ltr'><strong>quomodo</strong></span> <span class='ocrx_word' id='word_1_675' title='bbox 2909 3973 2967 4012; x_wconf 91' lang='lat' dir='ltr'><strong>se</strong></span> <span class='ocrx_word' id='word_1_676' title='bbox 3002 3973 3089 4015; x_wconf 89' lang='lat' dir='ltr'><strong>res</strong></span> <span class='ocrx_word' id='word_1_677' title='bbox 3116 3958 3233 4026; x_wconf 82' lang='lat' dir='ltr'><strong>ejus</strong></span> <span class='ocrx_word' id='word_1_678' title='bbox 3267 3959 3555 4023; x_wconf 89' lang='lat' dir='ltr'><strong>haberent,</strong></span> <span class='ocrx_word' id='word_1_679' title='bbox 3588 3963 3749 4029; x_wconf 88' lang='lat' dir='ltr'><strong>proti-</strong></span> 
     </span>
    </p>
   </div>
   <div class='ocr_carea' id='block_1_87' title="bbox 2163 4043 3748 4117">
    <p class='ocr_par' dir='ltr' id='par_1_87' title="bbox 2163 4043 3748 4117">
     <span class='ocr_line' id='line_1_87' title="bbox 2163 4043 3748 4117; baseline 0.004 -23"><span class='ocrx_word' id='word_1_680' title='bbox 2163 4057 2263 4095; x_wconf 90' lang='lat' dir='ltr'><strong>nus</strong></span> <span class='ocrx_word' id='word_1_681' title='bbox 2312 4043 2734 4114; x_wconf 84' lang='lat' dir='ltr'><strong>interrogabam.</strong></span> <span class='ocrx_word' id='word_1_682' title='bbox 2781 4046 2845 4099; x_wconf 87' lang='lat' dir='ltr'><strong>Et</strong></span> <span class='ocrx_word' id='word_1_683' title='bbox 2889 4046 3026 4102; x_wconf 90' lang='lat' dir='ltr'><strong>ille:</strong></span> <span class='ocrx_word' id='word_1_684' title='bbox 3069 4047 3137 4101; x_wconf 84' lang='lat' dir='ltr'><strong>In</strong></span> <span class='ocrx_word' id='word_1_685' title='bbox 3183 4051 3368 4117; x_wconf 70' lang='lat' dir='ltr'><strong>pinnis,</strong></span> <span class='ocrx_word' id='word_1_686' title='bbox 3418 4050 3632 4117; x_wconf 88' lang='lat' dir='ltr'><strong>inquid,</strong></span> <span class='ocrx_word' id='word_1_687' title='bbox 3658 4066 3748 4117; x_wconf 82' lang='lat' dir='ltr'><strong>pro</strong></span> 
     </span>
    </p>
   </div>
   <div class='ocr_carea' id='block_1_88' title="bbox 2162 4134 3746 4210">
    <p class='ocr_par' dir='ltr' id='par_1_88' title="bbox 2162 4134 3746 4210">
     <span class='ocr_line' id='line_1_88' title="bbox 2162 4134 3746 4210; baseline 0.004 -24"><span class='ocrx_word' id='word_1_688' title='bbox 2162 4134 2604 4203; x_wconf 49' lang='lat' dir='ltr'><strong>qualitatqmeriti</strong></span> <span class='ocrx_word' id='word_1_689' title='bbox 2631 4136 2854 4204; x_wconf 80' lang='lat' dir='ltr'><strong>fueram,</strong></span> <span class='ocrx_word' id='word_1_690' title='bbox 2887 4153 3017 4207; x_wconf 85' lang='lat' dir='ltr'><strong>quas</strong></span> <span class='ocrx_word' id='word_1_691' title='bbox 3062 4156 3238 4194; x_wconf 86' lang='lat' dir='ltr'><strong>omnes</strong></span> <span class='ocrx_word' id='word_1_692' title='bbox 3268 4156 3486 4209; x_wconf 84' lang='lat' dir='ltr'><strong>prorsus</strong></span> <span class='ocrx_word' id='word_1_693' title='bbox 3509 4143 3631 4210; x_wconf 73' lang='lat' dir='ltr'><strong>jam</strong></span> <span class='ocrx_word' id='word_1_694' title='bbox 3661 4159 3746 4195; x_wconf 83' lang='lat' dir='ltr'><strong>su-</strong></span> 
     </span>
    </p>
   </div>
   <div class='ocr_carea' id='block_1_89' title="bbox 2162 4224 3747 4300">
    <p class='ocr_par' dir='ltr' id='par_1_89' title="bbox 2162 4224 3747 4300">
     <span class='ocr_line' id='line_1_89' title="bbox 2162 4224 3747 4300; baseline 0.006 -27"><span class='ocrx_word' id='word_1_695' title='bbox 2162 4224 2446 4289; x_wconf 61' lang='lat' dir='ltr'><strong>ierabam;</strong></span> <span class='ocrx_word' id='word_1_696' title='bbox 2496 4235 2552 4278; x_wconf 90' lang='lat' dir='ltr'><strong>et</strong></span> <span class='ocrx_word' id='word_1_697' title='bbox 2598 4240 2697 4296; x_wconf 86' lang='lat' dir='ltr'><strong>ego</strong></span> <span class='ocrx_word' id='word_1_698' title='bbox 2751 4243 2874 4281; x_wconf 87' lang='lat' dir='ltr'><strong>mox</strong></span> <span class='ocrx_word' id='word_1_699' title='bbox 2918 4230 3206 4284; x_wconf 89' lang='lat' dir='ltr'><strong>admodum</strong></span> <span class='ocrx_word' id='word_1_700' title='bbox 3262 4232 3485 4300; x_wconf 80' lang='lat' dir='ltr'><strong>gavisus</strong></span> <span class='ocrx_word' id='word_1_701' title='bbox 3535 4250 3551 4284; x_wconf 90' lang='lat'><strong>:</strong></span> <span class='ocrx_word' id='word_1_702' title='bbox 3611 4231 3747 4284; x_wconf 75' lang='lat' dir='ltr'><strong>Licet</strong></span> 
     </span>
    </p>
   </div>
   <div class='ocr_carea' id='block_1_90' title="bbox 491 4304 3744 4390">
    <p class='ocr_par' dir='ltr' id='par_1_90' title="bbox 491 4304 3744 4390">
     <span class='ocr_line' id='line_1_90' title="bbox 491 4304 3744 4390; baseline 0.002 -26"><span class='ocrx_word' id='word_1_703' title='bbox 491 4313 582 4364; x_wconf 90' lang='lat' dir='ltr'><strong>sed</strong></span> <span class='ocrx_word' id='word_1_704' title='bbox 614 4314 847 4380; x_wconf 87' lang='lat' dir='ltr'><strong>speravit</strong></span> <span class='ocrx_word' id='word_1_705' title='bbox 875 4313 927 4366; x_wconf 92' lang='lat' dir='ltr'><strong>iu</strong></span> <span class='ocrx_word' id='word_1_706' title='bbox 956 4311 1144 4380; x_wconf 88' lang='lat' dir='ltr'><strong>majori</strong></span> <span class='ocrx_word' id='word_1_707' title='bbox 1174 4319 1435 4379; x_wconf 87' lang='lat' dir='ltr'><strong>tempore.</strong></span> <span class='ocrx_word' id='word_1_708' title='bbox 1463 4310 1532 4363; x_wconf 76' lang='lat'><strong>28</strong></span> <span class='ocrx_word' id='word_1_709' title='bbox 1563 4324 1732 4362; x_wconf 88' lang='lat' dir='ltr'><strong>annos</strong></span> <span class='ocrx_word' id='word_1_710' title='bbox 1763 4307 2062 4376; x_wconf 85' lang='lat' dir='ltr'><strong>prepositus</strong></span> <span class='ocrx_word' id='word_1_711' title='bbox 2092 4304 2138 4362; x_wconf 91' lang='lat' dir='ltr'>D</span> <span class='ocrx_word' id='word_1_712' title='bbox 2165 4313 2313 4378; x_wconf 78' lang='lat' dir='ltr'><strong>mihi,</strong></span> <span class='ocrx_word' id='word_1_713' title='bbox 2340 4314 2580 4383; x_wconf 89' lang='lat' dir='ltr'><strong>inquam,</strong></span> <span class='ocrx_word' id='word_1_714' title='bbox 2605 4332 2885 4385; x_wconf 83' lang='lat' dir='ltr'><strong>campanas</strong></span> <span class='ocrx_word' id='word_1_715' title='bbox 2910 4336 3099 4374; x_wconf 85' lang='lat' dir='ltr'><strong>sonare</strong></span> <span class='ocrx_word' id='word_1_716' title='bbox 3121 4332 3168 4376; x_wconf 88' lang='lat' dir='ltr'><strong>et</strong></span> <span class='ocrx_word' id='word_1_717' title='bbox 3191 4321 3410 4390; x_wconf 75' lang='lat' dir='ltr'><strong>populos</strong></span> <span class='ocrx_word' id='word_1_718' title='bbox 3433 4323 3505 4374; x_wconf 82' lang='lat' dir='ltr'><strong>ad</strong></span> <span class='ocrx_word' id='word_1_719' title='bbox 3535 4323 3744 4374; x_wconf 74' lang='lat' dir='ltr'><strong>laudm</strong></span> 
     </span>
    </p>
   </div>
   <div class='ocr_carea' id='block_1_91' title="bbox 490 4401 3749 4481">
    <p class='ocr_par' dir='ltr' id='par_1_91' title="bbox 490 4401 3749 4481">
     <span class='ocr_line' id='line_1_91' title="bbox 490 4401 3749 4481; baseline 0.002 -26"><span class='ocrx_word' id='word_1_720' title='bbox 490 4411 633 4465; x_wconf 88' lang='lat' dir='ltr'><strong>erat,</strong></span> <span class='ocrx_word' id='word_1_721' title='bbox 660 4413 712 4455; x_wconf 90' lang='lat' dir='ltr'><strong>et</strong></span> <span class='ocrx_word' id='word_1_722' title='bbox 746 4405 846 4456; x_wconf 89' lang='lat' dir='ltr'><strong>hoc</strong></span> <span class='ocrx_word' id='word_1_723' title='bbox 871 4419 1065 4458; x_wconf 89' lang='lat' dir='ltr'><strong>nomen</strong></span> <span class='ocrx_word' id='word_1_724' title='bbox 1095 4412 1149 4456; x_wconf 93' lang='lat' dir='ltr'><strong>et</strong></span> <span class='ocrx_word' id='word_1_725' title='bbox 1174 4403 1406 4458; x_wconf 73' lang='lat' dir='ltr'><strong>ofﬁcium</strong></span> <span class='ocrx_word' id='word_1_726' title='bbox 1440 4417 1533 4471; x_wconf 89' lang='lat' dir='ltr'><strong>pre</strong></span> <span class='ocrx_word' id='word_1_727' title='bbox 1569 4401 1782 4455; x_wconf 80' lang='lat' dir='ltr'><strong>caeteris</strong></span> <span class='ocrx_word' id='word_1_728' title='bbox 1825 4408 2068 4452; x_wconf 87' lang='lat' dir='ltr'><strong>contem-</strong></span> <span class='ocrx_word' id='word_1_729' title='bbox 2165 4402 2262 4455; x_wconf 86' lang='lat' dir='ltr'><strong>Dei</strong></span> <span class='ocrx_word' id='word_1_730' title='bbox 2283 4405 2600 4457; x_wconf 72' lang='lat' dir='ltr'><strong>accendeie?</strong></span> <span class='ocrx_word' id='word_1_731' title='bbox 2622 4405 2687 4458; x_wconf 86' lang='lat' dir='ltr'><strong>Et</strong></span> <span class='ocrx_word' id='word_1_732' title='bbox 2725 4406 2813 4460; x_wconf 89' lang='lat' dir='ltr'><strong>ille</strong></span> <span class='ocrx_word' id='word_1_733' title='bbox 2841 4412 3119 4476; x_wconf 77' lang='lat' dir='ltr'><strong>respondit</strong></span> <span class='ocrx_word' id='word_1_734' title='bbox 3160 4429 3174 4463; x_wconf 89' lang='lat'>:</span> <span class='ocrx_word' id='word_1_735' title='bbox 3206 4410 3379 4475; x_wconf 85' lang='lat' dir='ltr'><strong>Bene,</strong></span> <span class='ocrx_word' id='word_1_736' title='bbox 3413 4413 3542 4481; x_wconf 81' lang='lat' dir='ltr'><strong>quia</strong></span> <span class='ocrx_word' id='word_1_737' title='bbox 3572 4429 3749 4465; x_wconf 72' lang='lat' dir='ltr'><strong>rerum</strong></span> 
     </span>
    </p>
   </div>
   <div class='ocr_carea' id='block_1_92' title="bbox 481 4489 2063 4560">
    <p class='ocr_par' dir='ltr' id='par_1_92' title="bbox 481 4489 2063 4560">
     <span class='ocr_line' id='line_1_92' title="bbox 481 4489 2063 4560; baseline 0.001 -18"><span class='ocrx_word' id='word_1_738' title='bbox 481 4493 764 4560; x_wconf 74' lang='lat' dir='ltr'><strong>‘puralihus</strong></span> <span class='ocrx_word' id='word_1_739' title='bbox 811 4496 1021 4548; x_wconf 87' lang='lat' dir='ltr'><strong>cunctis</strong></span> <span class='ocrx_word' id='word_1_740' title='bbox 1069 4495 1161 4533; x_wconf 71' lang='grc'><strong>’³³⁸</strong></span> <span class='ocrx_word' id='word_1_741' title='bbox 1226 4494 1522 4548; x_wconf 72' lang='lat' dir='ltr'><strong>honor-ilice</strong></span> <span class='ocrx_word' id='word_1_742' title='bbox 1578 4493 1814 4548; x_wconf 85' lang='lat' dir='ltr'><strong>tenebat.</strong></span> <span class='ocrx_word' id='word_1_743' title='bbox 1867 4489 2063 4543; x_wconf 85' lang='lat' dir='ltr'><strong>Sarco-</strong></span> 
     </span>
    </p>
   </div>
   <div class='ocr_carea' id='block_1_93' title="bbox 479 4581 2064 4658">
    <p class='ocr_par' dir='ltr' id='par_1_93' title="bbox 479 4581 2064 4658">
     <span class='ocr_line' id='line_1_93' title="bbox 479 4581 2064 4658; baseline 0.001 -23"><span class='ocrx_word' id='word_1_744' title='bbox 479 4583 724 4658; x_wconf 16' lang='lat' dir='ltr'><strong>{phagum</strong></span> <span class='ocrx_word' id='word_1_745' title='bbox 757 4587 943 4656; x_wconf 82' lang='lat' dir='ltr'><strong>ingens</strong></span> <span class='ocrx_word' id='word_1_746' title='bbox 973 4589 1039 4641; x_wconf 87' lang='lat' dir='ltr'><strong>ad</strong></span> <span class='ocrx_word' id='word_1_747' title='bbox 1072 4587 1418 4641; x_wconf 87' lang='lat' dir='ltr'><strong>includendas</strong></span> <span class='ocrx_word' id='word_1_748' title='bbox 1465 4592 1774 4638; x_wconf 86' lang='lat' dir='ltr'><strong>sanctorum</strong></span> <span class='ocrx_word' id='word_1_749' title='bbox 1807 4581 2064 4650; x_wconf 87' lang='lat' dir='ltr'><strong>reliquias</strong></span> 
     </span>
    </p>
   </div>
   <div class='ocr_carea' id='block_1_94' title="bbox 2165 4491 3748 4572">
    <p class='ocr_par' dir='ltr' id='par_1_94' title="bbox 2165 4491 3748 4572">
     <span class='ocr_line' id='line_1_94' title="bbox 2165 4491 3748 4572; baseline 0.005 -28"><span class='ocrx_word' id='word_1_750' title='bbox 2165 4501 2262 4544; x_wconf 83' lang='lat' dir='ltr'><strong>est.</strong></span> <span class='ocrx_word' id='word_1_751' title='bbox 2313 4491 2378 4545; x_wconf 87' lang='lat' dir='ltr'><strong>Et</strong></span> <span class='ocrx_word' id='word_1_752' title='bbox 2425 4503 2550 4547; x_wconf 88' lang='lat' dir='ltr'><strong>tunc</strong></span> <span class='ocrx_word' id='word_1_753' title='bbox 2598 4495 2829 4562; x_wconf 88' lang='lat' dir='ltr'><strong>amplius</strong></span> <span class='ocrx_word' id='word_1_754' title='bbox 2880 4497 2930 4548; x_wconf 89' lang='lat' dir='ltr'><strong>in</strong></span> <span class='ocrx_word' id='word_1_755' title='bbox 2982 4497 3334 4568; x_wconf 89' lang='lat' dir='ltr'><strong>colloquendo</strong></span> <span class='ocrx_word' id='word_1_756' title='bbox 3379 4517 3748 4572; x_wconf 75' lang='lat' dir='ltr'><strong>prongSsus:</strong></span> 
     </span>
    </p>
   </div>
   <div class='ocr_carea' id='block_1_95' title="bbox 2167 4583 3754 4661">
    <p class='ocr_par' dir='ltr' id='par_1_95' title="bbox 2167 4583 3754 4661">
     <span class='ocr_line' id='line_1_95' title="bbox 2167 4583 3754 4661; baseline 0.004 -24"><span class='ocrx_word' id='word_1_757' title='bbox 2167 4583 2348 4650; x_wconf 85' lang='lat' dir='ltr'><strong>Estne,</strong></span> <span class='ocrx_word' id='word_1_758' title='bbox 2373 4586 2506 4654; x_wconf 89' lang='lat' dir='ltr'><strong>dixi,</strong></span> <span class='ocrx_word' id='word_1_759' title='bbox 2528 4590 2624 4642; x_wconf 80' lang='lat' dir='ltr'><strong>hoc</strong></span> <span class='ocrx_word' id='word_1_760' title='bbox 2662 4591 2803 4644; x_wconf 74' lang='lat' dir='ltr'><strong>vobis</strong></span> <span class='ocrx_word' id='word_1_761' title='bbox 2833 4600 3034 4660; x_wconf 84' lang='lat' dir='ltr'><strong>notum,</strong></span> <span class='ocrx_word' id='word_1_762' title='bbox 3064 4595 3204 4661; x_wconf 86' lang='lat' dir='ltr'><strong>quod</strong></span> <span class='ocrx_word' id='word_1_763' title='bbox 3245 4594 3532 4647; x_wconf 78' lang='lat' dir='ltr'><strong>multorum</strong></span> <span class='ocrx_word' id='word_1_764' title='bbox 3568 4612 3754 4648; x_wconf 54' lang='lat' dir='ltr'><strong>suus»</strong></span> 
     </span>
    </p>
   </div>
   <div class='ocr_carea' id='block_1_96' title="bbox 1769 4692 2444 4752">
    <p class='ocr_par' dir='ltr' id='par_1_96' title="bbox 1769 4692 2444 4752">
     <span class='ocr_line' id='line_1_96' title="bbox 1769 4692 2444 4752; baseline 0.01 -7"><span class='ocrx_word' id='word_1_765' title='bbox 1769 4692 2002 4748; x_wconf 66' lang='lat' dir='ltr'><strong>VABIE</strong></span> <span class='ocrx_word' id='word_1_766' title='bbox 2042 4695 2444 4752; x_wconf 83' lang='lat' dir='ltr'><strong>LECTIONES.</strong></span> 
     </span>
    </p>
   </div>
   <div class='ocr_carea' id='block_1_97' title="bbox 485 4785 3758 4866">
    <p class='ocr_par' dir='ltr' id='par_1_97' title="bbox 485 4785 3758 4866">
     <span class='ocr_line' id='line_1_97' title="bbox 485 4785 3758 4866; baseline 0.004 -30"><span class='ocrx_word' id='word_1_767' title='bbox 485 4797 508 4866; x_wconf 43' lang='grc' dir='ltr'><strong>λ-</strong></span> <span class='ocrx_word' id='word_1_768' title='bbox 565 4788 657 4821; x_wconf 70' lang='grc'><strong>’³³⁷</strong></span> <span class='ocrx_word' id='word_1_769' title='bbox 693 4791 1063 4866; x_wconf 64' lang='lat' dir='ltr'><strong>appetebat—</strong></span> <span class='ocrx_word' id='word_1_770' title='bbox 1081 4789 1449 4866; x_wconf 80' lang='lat' dir='ltr'><strong>nobilissimis,</strong></span> <span class='ocrx_word' id='word_1_771' title='bbox 1479 4787 1682 4866; x_wconf 73' lang='lat' dir='ltr'><strong>abscisa</strong></span> <span class='ocrx_word' id='word_1_772' title='bbox 1714 4786 1769 4838; x_wconf 90' lang='lat' dir='ltr'><strong>in</strong></span> <span class='ocrx_word' id='word_1_773' title='bbox 1800 4785 1848 4838; x_wconf 89' lang='lat' dir='ltr'><strong>l.</strong></span> <span class='ocrx_word' id='word_1_774' title='bbox 1877 4787 2320 4866; x_wconf 75' lang='lat' dir='ltr'><strong>suppleuiniits_e_x</strong></span> <span class='ocrx_word' id='word_1_775' title='bbox 2343 4786 2655 4866; x_wconf 72' lang='lat' dir='ltr'><strong>2._ubt_lurc</strong></span> <span class='ocrx_word' id='word_1_776' title='bbox 2678 4795 2752 4866; x_wconf 84' lang='lat' dir='ltr'><strong>ita</strong></span> <span class='ocrx_word' id='word_1_777' title='bbox 2784 4795 3027 4864; x_wconf 85' lang='lat' dir='ltr'><strong>leguntur</strong></span> <span class='ocrx_word' id='word_1_778' title='bbox 3053 4809 3079 4866; x_wconf 11' lang='grc' dir='ltr'><strong>εξ</strong></span> <span class='ocrx_word' id='word_1_779' title='bbox 3103 4798 3172 4851; x_wconf 91' lang='lat' dir='ltr'><strong>ab</strong></span> <span class='ocrx_word' id='word_1_780' title='bbox 3221 4797 3342 4852; x_wconf 89' lang='lat' dir='ltr'><strong>aliis</strong></span> <span class='ocrx_word' id='word_1_781' title='bbox 3378 4813 3492 4851; x_wconf 90' lang='lat' dir='ltr'><strong>non</strong></span> <span class='ocrx_word' id='word_1_782' title='bbox 3539 4805 3758 4866; x_wconf 82' lang='lat' dir='ltr'><strong>appete—</strong></span> 
     </span>
    </p>
   </div>
   <div class='ocr_carea' id='block_1_98' title="bbox 486 4856 2878 4950">
    <p class='ocr_par' dir='ltr' id='par_1_98' title="bbox 486 4856 2878 4950">
     <span class='ocr_line' id='line_1_98' title="bbox 486 4856 2878 4950; baseline 0.003 -40"><span class='ocrx_word' id='word_1_783' title='bbox 624 4856 836 4950; x_wconf 33' lang='grc' dir='ltr'><strong>ιιᾍιξξιὶἰ</strong></span> <span class='ocrx_word' id='word_1_784' title='bbox 869 4862 919 4915; x_wconf 92' lang='lat' dir='ltr'><strong>d.</strong></span> <span class='ocrx_word' id='word_1_785' title='bbox 951 4860 1329 4950; x_wconf 46' lang='lat' dir='ltr'><strong>(genealogiam</strong></span> <span class='ocrx_word' id='word_1_786' title='bbox 1369 4860 1522 4950; x_wconf 61' lang='lat' dir='ltr'><strong>duxit</strong></span> <span class='ocrx_word' id='word_1_787' title='bbox 1565 4872 1714 4950; x_wconf 59' lang='lat' dir='ltr'><strong>exun.</strong></span> <span class='ocrx_word' id='word_1_788' title='bbox 1869 4871 2028 4950; x_wconf 59' lang='lat' dir='ltr'><strong>quam</strong></span> <span class='ocrx_word' id='word_1_789' title='bbox 2062 4857 2593 4950; x_wconf 35' lang='lat' dir='ltr'><strong>lefttol&#39;l&#39;eba‘t&#39;bonis.</strong></span> <span class='ocrx_word' id='word_1_790' title='bbox 2619 4856 2878 4950; x_wconf 68' lang='lat' dir='ltr'><strong>tutoribus.</strong></span> 
     </span>
    </p>
   </div>
   <div class='ocr_carea' id='block_1_99' title="bbox 497 4927 1971 4986">
    <p class='ocr_par' dir='ltr' id='par_1_99' title="bbox 497 4927 1971 4986">
     <span class='ocr_line' id='line_1_99' title="bbox 497 4927 1971 4986; baseline 0.005 -8"><span class='ocrx_word' id='word_1_791' title='bbox 497 4927 588 4958; x_wconf 73' lang='grc'><strong>’³³⁸</strong></span> <span class='ocrx_word' id='word_1_792' title='bbox 629 4930 750 4980; x_wconf 59' lang='lat' dir='ltr'><strong>Md.</strong></span> <span class='ocrx_word' id='word_1_793' title='bbox 784 4932 874 4985; x_wconf 77' lang='grc' dir='ltr'><strong>Η).</strong></span> <span class='ocrx_word' id='word_1_794' title='bbox 965 4931 1057 4963; x_wconf 61' lang='grc' dir='ltr'><strong>¹³δ⁰</strong></span> <span class='ocrx_word' id='word_1_795' title='bbox 1098 4927 1458 4986; x_wconf 62' lang='lat' dir='ltr'><strong>recepturos1</strong></span> <span class='ocrx_word' id='word_1_796' title='bbox 1582 4927 1670 4958; x_wconf 71' lang='grc'>⁸⁸⁸⁸</span> <span class='ocrx_word' id='word_1_797' title='bbox 1713 4935 1919 4966; x_wconf 69' lang='grc' dir='ltr'><strong>ε’ν¹ι³””“</strong></span> <span class='ocrx_word' id='word_1_798' title='bbox 1954 4929 1971 4952; x_wconf 90' lang='grc'><strong><em>¹</em></strong></span> 
     </span>
    </p>
   </div>
   <div class='ocr_carea' id='block_1_100' title="bbox 2994 4864 3754 4921">
    <p class='ocr_par' dir='ltr' id='par_1_100' title="bbox 2994 4864 3754 4921">
     <span class='ocr_line' id='line_1_100' title="bbox 2994 4864 3754 4921; baseline -0.005 -1"><span class='ocrx_word' id='word_1_799' title='bbox 2994 4864 3086 4897; x_wconf 77' lang='grc'>⁸³³⁸</span> <span class='ocrx_word' id='word_1_800' title='bbox 3126 4871 3234 4921; x_wconf 88' lang='lat' dir='ltr'><strong>nho</strong></span> <span class='ocrx_word' id='word_1_801' title='bbox 3279 4868 3487 4921; x_wconf 81' lang='lat' dir='ltr'><strong>abscisa</strong></span> <span class='ocrx_word' id='word_1_802' title='bbox 3536 4864 3659 4920; x_wconf 69' lang='lat' dir='ltr'><strong>sunt</strong></span> <span class='ocrx_word' id='word_1_803' title='bbox 3705 4867 3754 4918; x_wconf 84' lang='grc' dir='ltr'><strong>Ι.</strong></span> 
     </span>
    </p>
   </div>
   <div class='ocr_carea' id='block_1_101' title="bbox 2238 4929 3750 5024">
    <p class='ocr_par' dir='ltr' id='par_1_101' title="bbox 2238 4929 3750 5018">
     <span class='ocr_line' id='line_1_101' title="bbox 2238 4929 3750 5018; baseline 0.013 -43"><span class='ocrx_word' id='word_1_804' title='bbox 2238 4939 2283 4950; x_wconf 47' lang='grc' dir='ltr'><strong>’κ</strong></span> <span class='ocrx_word' id='word_1_805' title='bbox 2341 4929 2447 4962; x_wconf 68' lang='grc' dir='ltr'><strong>¹¹ν⁹</strong></span> <span class='ocrx_word' id='word_1_806' title='bbox 2485 4941 2531 4962; x_wconf 70' lang='grc' dir='ltr'><strong>η·</strong></span> <span class='ocrx_word' id='word_1_807' title='bbox 2577 4931 2628 4974; x_wconf 79' lang='lat' dir='ltr'><strong>in</strong></span> <span class='ocrx_word' id='word_1_808' title='bbox 2668 4931 2780 4985; x_wconf 87' lang='lat' dir='ltr'><strong>loco</strong></span> <span class='ocrx_word' id='word_1_809' title='bbox 2822 4950 2996 5016; x_wconf 48' lang='lat' dir='ltr'><strong>raso.“</strong></span> <span class='ocrx_word' id='word_1_810' title='bbox 3034 4937 3134 5018; x_wconf 59' lang='lat'><strong>&quot;3“</strong></span> <span class='ocrx_word' id='word_1_811' title='bbox 3171 4939 3274 5016; x_wconf 77' lang='lat' dir='ltr'><strong>huc</strong></span> <span class='ocrx_word' id='word_1_812' title='bbox 3301 4967 3375 4976; x_wconf 92' lang='lat'><strong>—</strong></span> <span class='ocrx_word' id='word_1_813' title='bbox 3407 4937 3582 4993; x_wconf 91' lang='lat' dir='ltr'><strong>doluit</strong></span> <span class='ocrx_word' id='word_1_814' title='bbox 3627 4937 3750 4988; x_wconf 73' lang='lat' dir='ltr'><strong>add-</strong></span> 
     </span>
    </p>
   </div>
  </div>
