4048 5368
257 166 279 219 1
290 165 391 221 349

1456 158 1866 217 CHRONICON.
1908 189 1977 201 —-
2016 159 2141 215 LIB.
2192 160 2271 215 Vl.

3380 166 3516 223 13ῖό

256 282 457 334 ratione
485 294 626 333 mens
658 294 785 349 regis
814 275 1042 330 atienata
1082 286 1155 331 est
1196 295 1226 331 a
1267 276 1432 336 vobis,
1462 292 1521 328 eo
1550 276 1687 343 quod
1714 284 1824 341 post
1856 279 1902 333 Α
1932 286 2115 327 carem
2143 274 2410 342 indigum.
2442 274 2496 329 in
2522 273 2885 349 Magadaburg
2910 277 3169 349 Ρΐίῐηΐιυδ
3194 275 3246 331 id
3275 280 3470 335 7050M
3495 321 3511 347 ν

255 372 637 425 ordinationem
694 379 909 425 vestram
967 380 1148 422 contra
1204 384 1319 421 eum
1383 366 1552 419 multa
1621 367 1828 431 aperari

254 462 624 516 studuissetis?
653 462 715 515 Et
742 459 827 515 ille
858 477 873 515 :
909 459 1117 513 Credite
1155 460 1281 512 mihi
1312 498 1327 523 ,
1359 458 1588 518 obstcro,
1618 457 1829 515 credite,

252 553 615 620 ingeminans,
651 552 774 620 quia
820 552 875 603 in
922 556 1016 603 hoc
1053 549 1329 617 culpabili:
1374 564 1480 601 non
1529 563 1664 600 sum.
1697 545 1830 601 Cum

252 651 432 695 autem
485 642 794 710 percontari
852 640 995 695 hunc
1050 641 1291 704 vellem,
1341 654 1439 693 cur
1498 648 1649 691 tanto
1724 639 1831 691 cito

252 730 468 797 abierit,
512 732 778 803 evigilavi,
806 741 861 786 et
895 733 997 787 hoc
1043 733 1183 787 seire
1229 748 1330 785 non
1367 732 1515 784 licuit
1545 731 1695 784 mihi.
1727 731 1831 783 Ac—

253 827 368 894 cepi
401 833 518 895 post
561 839 589 877 a
624 826 906 879 veracibus
936 824 1048 889 "",
1076 825 1217 893 quod
1270 825 1313 877 is
1347 823 1439 854 ⁸³⁵⁰
1490 823 1542 875 in
1592 822 1828 875 omnium

253 914 764 968 commemoratione
800 923 1105 967 sanctorum
1152 912 1347 965 divinis
1386 912 1679 965 clementer
1707 925 1830 979 pre-

253 1004 451 1059 sentari
504 1016 803 1059 mereretur
848 1005 1140 1057 obtutibus.
1202 1003 1372 1056 Omne
1424 1004 1565 1070 quod
1629 1002 1693 1055 de
1740 1001 1830 1053 illo

252 1094 383 1157 dixi,
417 1108 521 1147 non
560 1094 625 1146 de
670 1094 885 1161 speciali
911 1094 1088 1162 aliqua
1119 1092 1315 1147 suimet
1355 1094 1581 1146 caritate
1608 1090 1828 1159 protuli,

251 1184 374 1253 quia
406 1198 589 1238 verum
619 1194 720 1245 est,
751 1184 891 1251 quod
925 1193 1050 1238 ante
1077 1183 1507 1237 benedictionem
1539 1198 1689 1237 Suam
1736 1180 1827 1213 ¹³³⁰

251 1274 597 1329 mediocriter
626 1274 814 1327 dilexit
854 1288 957 1335 me,
1005 1285 1058 1329 et
1107 1275 1175 1330 ob
1223 1275 1589 1329 defensionem
1632 1273 1830 1328 suimet

248 1365 507 1420 ecclesia:
578 1366 782 1436 inpedit
829 1368 995 1420 multa
1053 1381 1205 1421 meae.
1247 1365 1503 1420 Veritatis
1562 1368 1730 1436 gratia
1775 1374 1829 1420 et

248 1456 523 1525 obprobrii
556 1458 625 1511 ob
664 1458 1016 1512 mutationem
1044 1458 1427 1525 subsequuturi
1464 1457 1579 1510 haec
1617 1458 1827 1511 locutus

250 1558 393 1607 sum,
442 1546 647 1599 minora
696 1560 857 1613 quam
910 1544 966 1613 (f.
1012 1544 1166 1613 151‘)
1202 1545 1423 1609 fuerint,
1464 1545 1588 1613 quia
1625 1554 1744 1613 post
1771 1560 1828 1598 se

1932 372 1987 416 et
2023 379 2148 416 mox
2176 364 2243 418 ad
2271 367 2507 434 reginam
2546 369 2802 423 velociter
2840 371 2969 425 abii.
3000 370 3210 427 Ontnes
3251 386 3350 425 nos
3386 389 3513 426 eon-

1931 454 2291 520 provinciales
2325 455 2479 525 juxta
2511 457 2726 513 Mildam
2772 462 2962 516 sedere
3001 474 3056 518 et
3095 460 3169 518 ad
3216 461 3509 518 adventum

1932 545 2079 612 regis
2122 545 2237 600 haec
2280 550 2461 602 omnia
2494 551 2806 619 providere,
2838 554 2906 608 ab
2933 570 2995 609 ea
3021 550 3164 625 jussi
3193 566 3395 608 Sumus.
3428 554 3513 611 ln-

1934 632 2090 685 terim
2124 649 2219 687 rex
2255 637 2321 688 ab
2350 639 2695 707 expeditione
2735 643 3052 697 occidentali
3099 642 3418 708 revertitur,
3460 654 3516 699 et

1931 718 2271 775 Gerenouem
2306 724 2455 793 (789)
2487 728 2686 781 suimet
2715 730 3052 794 eapellanum
3082 745 3286 802 ponere
3317 731 3371 786 in
3414 747 3514 786 va-

1933 826 2094 864 cuum
2127 813 2218 844 “"
2249 827 2495 872 conatur.
2543 820 2677 874 Huic
2715 824 2895 891 presul
2939 823 3164 881 Herieus
3207 840 3512 885 oceuﬂ'ens

1930 908 1986 954 et
2014 900 2105 932 ⁸³⁸⁸
2132 902 2455 971 legationem
2486 907 2575 939 ’⁸⁵⁷
2605 924 2755 963 suam
2785 912 2874 943 ¹⁸⁸⁰
2907 916 3184 982 aperiens,
3210 933 3314 972 non
3342 930 3512 975 exauc

1934 990 2102 1043 ditur.
2141 994 2462 1050 Thiedricus
2492 997 2583 1030 ¹⁸⁵⁰
2614 1015 2779 1069 nepos
2810 1019 2961 1058 meus
2992 1015 3118 1061 tunc
3158 1010 3224 1063 ad
3266 1010 3507 1067 Gronam

1932 1090 2157 1134 vocatus
2186 1083 2365 1150 venit,
2397 1094 2450 1139 et
2478 1102 2506 1140 a
2537 1102 2661 1157 rege
2689 1107 2785 1158 per
2810 1108 3001 1149 manus
3030 1100 3341 1168 suscipitur,
3370 1112 3424 1155 et
3452 1104 3505 1156 in

1933 1170 2053 1224 vice
2083 1172 2313 1229 Geronis
2343 1178 2598 1248 deinceps
2627 1182 2873 1237 habetur.
2908 1187 2963 1239 In
3000 1190 3164 1242 natali
3194 1194 3366 1246 sancti
3400 1193 3510 1247 Ma-

1933 1262 2043 1317 thei
2089 1268 2316 1334 apostoli
2363 1268 2540 1339 (Sept.
2575 1272 2677 1341 2f)
2721 1274 2837 1327 rex
2861 1278 2925 1328 ad
2956 1278 3203 1334 Seliusun
3237 1286 3418 1344 venit;
3452 1297 3507 1339 et

1932 1366 2033 1419 ego
2065 1357 2417 1422 accedebam,
2449 1368 2502 1413 et
2531 1374 2651 1414 cum
2691 1363 2802 1431 jam
2852 1372 3060 1434 tempus
3098 1379 3272 1437 esset,
3304 1389 3510 1428 ammo-

1932 1442 2027 1494 nui
2057 1444 2200 1497 hunc
2226 1462 2408 1500 coram
2435 1454 2646 1506 cunctis
2672 1455 3066 1521 residentibus,
3098 1469 3154 1511 ut
3186 1463 3385 1530 aliquid
3415 1464 3508 1499 ¹⁸⁸⁸

1932 1528 2000 1583 de
2030 1536 2315 1600 parrochia
2347 1538 2567 1593 meimet
2594 1543 2917 1612 exterisque
2949 1547 3110 1600 rebus
3143 1528 3336 1615 injuste
3365 1552 3509 1607 abla~

246 1634 529 1688 meliorem
586 1634 788 1687 nullum
836 1634 1072 1703 reliquit.
1120 1633 1250 1688 Post
1294 1634 1452 1704 hujus
1499 1634 1819 1702 sepulturam

1934 1622 2001 1675 tis
2037 1635 2163 1677 ante
2190 1628 2639 1684 constitucionem
2672 1633 2752 1702 (f.
2785 1635 2938 1705 152‘)
2978 1639 3362 1708 archipresulis
3385 1659 3507 1698 cum

246 1723 477 1778 Herieus
521 1726 745 1778 antistes
791 1738 856 1777 ex
904 1732 1089 1777 nostra
1138 1734 1291 1794 parte
1347 1725 1413 1778 ad
1474 1739 1653 1794 regem
1707 1739 1831 1777 cum

245 1812 511 1869 electione
542 1815 789 1874 mittitur,
843 1813 928 1867 cui
975 1829 1098 1869 mox
1146 1814 1425 1885 epistolam
1469 1815 1534 1868 de
1574 1815 1830 1869 :ceclesite

245 1904 571 1961 detrimento
600 1921 728 1960 meae
758 1906 850 1937 ³³⁸⁸
876 1906 1187 1976 inscriptam
1216 1916 1269 1962 et
1314 1908 1455 1977 regis
1486 1908 1825 1962 clementiam

246 2006 646 2049 ammonentem
674 1996 940 2050 commisi.

316 2087 405 2140 48.
445 2086 662 2141 interim
690 2089 993 2143 Bolizlavus
1018 2088 1165 2159 (787)
1190 2090 1256 2143 de
1286 2104 1414 2146 nece
1440 2092 1825 2160 archipresulis

246 2186 454 2239 certus,
485 2189 807 2246 congregato
836 2180 1101 2243 exercitu,
1129 2179 1419 2236 Libusuam
1444 2223 1457 2246 ,
1484 2184 1548 2237 de
1574 2199 1674 2251 qua
1705 2200 1825 2252 pre-

248 2266 361 2319 dixi
381 2306 396 2329 ,
426 2269 625 2335 peciit;
655 2280 707 2323 et
733 2271 857 2338 quia
888 2272 1121 2337 sciebat,
1148 2274 1217 2327 ob
1242 2273 1555 2329 effusionem
1584 2276 1729 2330 Albis
1757 2294 1824 2331 ex

246 2367 437 2409 nostra
468 2367 619 2426 parte
653 2360 858 2413 nullum
892 2362 1114 2416 urbanis
1149 2378 1303 2432 posse
1338 2367 1402 2419 ad
1440 2367 1697 2420 auxilium
1733 2383 1826 2421 ve-

246 2445 371 2498 nire
404 2455 822 2504 castrametatus
850 2459 932 2505 est
960 2452 1053 2505 ibi.
1088 2452 1238 2507 Miles
1269 2452 1384 2521 ejus
1412 2455 1502 2486 ¹³⁸⁰
1530 2458 1595 2509 ad
1623 2455 1822 2510 bellum

247 2534 502 2590 hortatus
540 2539 795 2603 accessit,
831 2550 883 2595 et
914 2540 1166 2596 defensor
1197 2544 1263 2596 ad
1294 2546 1563 2607 modicum
1596 2549 1815 2601 resistit.

244 2626 500 2697 Magnam
543 2631 682 2684 enim
726 2630 869 2687 hanc
915 2635 1102 2688 urbem
1147 2634 1220 2689 nil
1253 2636 1355 2689 nisi
1384 2636 1528 2689 mille
1571 2637 1819 2692 homines

166 2718 169 2719 ⁷
242 2719 564 2784 tuebantur,
596 2721 681 2774 eui
718 2721 805 2774 vix
839 2731 922 2775 ter
951 2724 1167 2778 totidem
1198 2735 1547 2795 suppeterent
1575 2727 1687 2780 ³³⁸⁸.
1717 2728 1819 2781 Bo-

240 2805 476 2862 lizlavus
501 2809 565 2861 ad
591 2810 873 2878 prandium
902 2812 1157 2877 sedebat,
1189 2823 1244 2868 et
1270 2816 1527 2871 satellites
1557 2832 1681 2871 suos
1706 2816 1815 2885 jam

238 2895 485 2951 victores
511 2898 697 2952 urbem
720 2901 922 2970 ingredi
944 2905 1185 2971 gaudens
1201 2905 1475 2959 cernebat.
1503 2905 1661 2959 Porta
1695 2922 1815 2975 ape-

239 2984 391 3037 ritur
419 2995 470 3039 et
498 2985 788 3043 multorum
822 2993 1041 3061 sanguis
1071 2992 1381 3047 effunditur.
1423 2993 1721 3064 Capiuntur
1748 3012 1815 3050 ex

238 3074 354 3127 hiis
384 3074 474 3110 ⁸³⁸²
500 3078 689 3145 optimi
717 3079 1043 3136 Guuceliuus
1068 3098 1131 3137 ac
1158 3083 1308 3138 Wiso
1342 3084 1456 3149 "",
1489 3095 1544 3140 et
1573 3087 1812 3155 ejusdem

240 3162 435 3217 infelix
470 3170 657 3221 eustos
694 3168 822 3222 Scih
854 3170 1307 3228 m“vulneratus.
1350 3173 1396 3227 ls
1439 3190 1669 3243 namque
1722 3193 1811 3230 ur-

238 3253 403 3317 bem,
444 3270 842 3328 quamcumque
886 3275 1139 3330 umquam
1174 3263 1239 3315 ad
1272 3264 1530 3317 tuendum
1566 3267 1812 3336 accepit,

238 3360 354 3398 non
387 3345 476 3377 “5°
507 3349 715 3417 ignavia
746 3353 860 3412 sui.
887 3353 979 3407 sed
1008 3353 1302 3409 infortunio
1330 3357 1650 3422 miserabili,
1673 3374 1813 3412 sem-

235 3447 344 3501 per
372 3436 575 3490 amisit.
610 3438 692 3491 [lii
724 3455 912 3496 omnes
939 3445 1085 3498 ducti
1117 3455 1239 3498 sunt
1275 3446 1325 3498 in
1361 3449 1689 3513 presentiam
1723 3466 1813 3503 su-

231 3523 392 3590 perbi
439 3525 882 3597 triumphatoris,
929 3534 1080 3602 cujus
1126 3534 1300 3588 edictu
1350 3550 1473 3589 mox
1520 3538 1585 3590 ad
1634 3548 1811 3593 custo-

233 3610 497 3666 diendum
546 3616 759 3672 abducti
811 3628 956 3673 sunt.
1010 3621 1088 3675 Ex
1138 3624 1300 3677 sociis
1348 3633 1526 3678 autem
1581 3629 1810 3696 predicti

225 3698 391 3755 ducis
421 3718 526 3757 non
570 3707 745 3763 minus
783 3725 945 3778 quam
981 3714 1258 3783 quingenti
1305 3714 1387 3785 (f.
1420 3717 1562 3785 152)
1611 3719 1807 3774 ibidem

233 3804 644 3850 remanserunt.
682 3797 843 3855 Facta
877 3810 956 3855 est
982 3818 1110 3857 vero
1142 3804 1257 3858 hme
1288 3807 1616 3863 miserabilis
1646 3810 1809 3866 cedes

233 3883 311 3937 15
338 3884 607 3944 Kalendas
634 3889 970 3961 Septembris
1000 3896 1165 3965 (788),
1204 3899 1385 3952 Divisa
1432 3910 1558 3955 tunc
1601 3904 1806 3958 inmani

226 3975 401 4041 preda
446 3993 510 4033 ac
551 3982 682 4035 urbe
726 3984 981 4053 incensa,
1012 3988 1205 4042 victrix
1251 3993 1402 4045 turba
1435 4007 1557 4048 cum
1594 3997 1808 4052 seniore

225 4079 339 4120 suo
366 4067 487 4122 laeta
518 4072 697 4127 rediit.

305 4155 397 4211 49.
435 4158 518 4214 Ab
548 4161 893 4219 internuntiis
925 4166 1312 4225 festinantibus
1356 4173 1470 4229 baac
1514 4176 1700 4245 regina
1752 4178 1804 4232 in

1932 1726 1997 1766 eo
2020 1715 2284 1771 voluisset
2310 1728 2566 1775 tractare.
2597 1723 2669 1777 lbi
2702 1738 2789 1777 me
2818 1735 2944 1781 tunc
2970 1728 3138 1783 firma:
3162 1731 3357 1787 suimet
3383 1733 3509 1788 fidei

1931 1810 2238 1875 commisit,
2271 1823 2332 1865 ut
2358 1828 2480 1867 cum
2504 1815 2723 1885 justicia
2752 1831 2847 1874 aut
2876 1821 2979 1876 alio
3010 1822 3211 1877 salubri
3244 1826 3358 1881 haec
3387 1827 3511 1881 ﬁni-

1928 1914 2139 1957 rentur.
2169 1905 2395 1962 Postera
2422 1909 2510 1964 die
2541 1926 2633 1966 rex
2665 1914 2733 1967 ad
2774 1912 3135 1985 Magadaburg
3167 1918 3414 1983 veniens,
3450 1919 3506 1975 in

1929 1991 2219 2049 refectorio
2263 1995 2493 2052 fratrum
2536 2015 2725 2057 omnes
2769 2018 2867 2058 nos
2907 2008 3200 2059 convenire
3239 2011 3505 2077 preeepit.

1929 2082 2003 2136 lbi
2041 2094 2167 2139 tunc
2192 2088 2359 2157 regali
2390 2090 2694 2158 peticione,
2723 2102 2779 2147 et
2811 2086 2904 2125 "”
2932 2094 3079 2147 salvi
3128 2096 3179 2148 in
3224 2107 3506 2165 posterum

1925 2176 2227 2242 electione,
2259 2180 2404 2236 Gero
2428 2185 2790 2240 communiter
2815 2184 3032 2256 eligitur
3058 2186 3238 2257 (Sept.
3267 2188 3371 2259 22)
3399 2205 3414 2254 ;
3447 2199 3502 2244 et

1926 2267 1978 2319 in
2007 2268 2250 2324 mcelesia
2278 2285 2337 2325 se
2367 2274 2620 2341 primitus
2659 2276 2818 2330 altari
2863 2279 3112 2343 tradens,
3160 2288 3216 2334 et
3256 2296 3504 2336 commu-

1924 2358 2142 2413 nionem
2182 2360 2409 2416 fratrum
2443 2365 2511 2418 10
2542 2367 2745 2421 mansis
2787 2370 3076 2437 acquirens
3105 2370 3219 2435 ¹³⁸⁰,
3252 2372 3503 2429 baculum

1927 2461 1957 2500 a
1991 2465 2117 2519 rege
2156 2454 2365 2521 accepit
2404 2457 2769 2524 pastoralem;
2804 2469 2858 2513 et
2896 2476 3023 2514 mox
3061 2462 3499 2529 inthronizatus,

1923 2541 1991 2594 ab
2043 2542 2179 2596 Eido
2231 2553 2430 2599 unctus
2477 2557 2561 2601 est
2610 2551 2889 2620 episcopo,
2940 2555 3095 2609 nobis
3140 2558 3503 2613 confratribus

1922 2632 2181 2698 prcdictis
2224 2650 2347 2688 eum
2395 2637 2485 2670 "'9
2531 2639 2929 2708 adjuvantibus.
2964 2646 3303 2703 Thebeorum
3344 2649 3501 2705 festi-

1918 2722 2058 2775 vitas
2086 2735 2385 2795 martyrum
2418 2744 2447 2782 a
2480 2746 2604 2801 rege
2634 2733 2703 2787 ibi
2751 2736 2964 2792 celebre
3005 2740 3243 2805 ducitur,
3284 2751 3338 2796 et
3377 2750 3505 2812 post

1923 2812 2041 2867 haec
2084 2816 2151 2868 ab
2196 2819 2606 2891 archiepiscopo
2651 2826 2953 2895 magnificis
3006 2830 3322 2885 muneribus
3358 2832 3500 2886 idem

1921 2919 2044 2957 cum
2079 2907 2192 2960 suis
2230 2911 2482 2966 omnibus
2512 2915 2830 2972 honoratur.
2866 2919 2991 2975 Inde
3030 2923 3105 2976 hii
3134 2923 3225 2955 ‘m
3254 2928 3321 2979 ad
3355 2924 3498 2981 Mer-

1921 3000 2086 3070 sburg
2123 3016 2477 3073 properantes
2515 3009 2604 3061 ditt
2649 3011 2717 3065 ibi
2762 3016 3083 3080 manebant,
3128 3026 3185 3071 et
3232 3032 3499 3086 procura-

1921 3088 2117 3143 tionem
2147 3095 2293 3161 regni
2322 3110 2442 3148 cmn
2470 3097 2556 3129 ⁸³⁸³
2580 3104 2807 3156 summis
2833 3108 3160 3161 tractabant.
3199 3108 3496 3167 Erluvinus

1917 3176 2335 3235 Camaracensis
2369 3183 2459 3214 ¹³⁶²
2490 3187 2773 3257 episc0pus
2808 3192 2859 3244 iu
2898 3194 3002 3247 hoc
3041 3210 3213 3262 anno,
3253 3214 3316 3251 ac
3348 3196 3494 3253 Con-

1916 3272 2078 3325 radus
2121 3283 2175 3327 et
2216 3274 2580 3334 Ilerimannus
2626 3298 2757 3351 puer
2788 3284 2952 3340 duces
2981 3289 3219 3358 egregii,
3245 3291 3504 3348 obierunt

1916 3359 2090 3430 (790).
2144 3363 2372 3428 Quidam
2426 3383 2554 3423 vero
2599 3376 2894 3429 monachus
2939 3376 3259 3436 infirmitate
3302 3399 3498 3453 magna

1915 3450 2243 3520 depressus,
2294 3458 2458 3512 multa
2511 3477 2608 3530 per
2654 3464 2824 3518 visum
2880 3468 2982 3521 sibi
3039 3472 3271 3526 revelata
3327 3474 3495 3541 vidit,

1913 3555 2034 3608 qua:
2068 3543 2322 3612 interim,
2360 3550 2483 3603 dum
2518 3552 2631 3620 ipse
2671 3570 2732 3608 ea
2774 3572 2959 3612 secum
3003 3562 3260 3630 loquitur,
3298 3581 3325 3618 a
3367 3581 3493 3633 pre—

1913 3636 2165 3691 sentibus
2210 3641 2427 3711 scriptis
2471 3654 2651 3699 notata
2687 3648 2782 3680 ”°’
2812 3660 2966 3715 sunt,
3015 3663 3069 3707 et
3112 3670 3208 3723 pro
3257 3658 3495 3711 maximo

1914 3725 2183 3782 habentur
2219 3733 2481 3789 miraculo
2517 3737 2689 3809 (791).
2736 3739 2864 3795 Nati
2901 3752 3027 3797 sunt
3068 3754 3248 3799 autem
3291 3747 3342 3800 in
3384 3748 3490 3802 hiis

1860 3797 2101 3883 _'diebus
2141 3822 2245 3877 duo
2286 3824 2488 3881 fratres
2528 3844 2650 3882 cum
2698 3832 2989 3896 dentibus,
3037 3836 3094 3888 1n
3142 3852 3235 3890 ore
3281 3838 3490 3893 similes

1912 3923 2097 3974 aucte,
2130 3926 2359 3980 quorum
2390 3916 2529 3972 alter
2560 3920 2733 3974 dextri
2760 3922 3038 3976 dimidium
3078 3925 3317 3991 brachii,
3349 3928 3493 3984 sicut

1910 3998 1993 4051 ala
2047 4015 2231 4067 aucte,
2278 4005 2517 4062 habebat
2547 4008 2673 4073 m’;
2708 4011 2798 4079 qui
2850 4012 3017 4065 tercia
3070 4014 3154 4067 die
3188 4017 3490 4071 nativitatis

1910 4106 2021 4144 suae
2059 4091 2291 4149 invicem
2330 4097 2571 4154 ridentes
2605 4141 2617 4163 ,
2657 4101 2739 4171 (f.
2784 4102 2923 4173 155)
2965 4105 3107 4158 civili
3150 4108 3489 4164 dissensione

1912 4184 2228 4239 moriuntur
2261 4188 2430 4257 (792).
2483 4192 2709 4257 Quidam
2758 4209 2886 4250 vero
2934 4197 3120 4263 miles,
3174 4216 3295 4253 cum
3349 4202 3487 4257 bona

1585 4243 1600 4245 ,
2265 4243 2277 4257 κ
2329 4243 2333 4244 ,
2390 4243 2403 4257 ,
2492 4243 2708 4257 Vm-.-"
2771 4243 2882 4250 .-η
2937 4243 3120 4263 -.-..--,
3177 4243 3295 4253 ......
3350 4243 3487 4257 ψη...

224 4243 551 4348 Merseburg
595 4260 719 4306 tunc
767 4270 991 4310 manens
1032 4261 1299 4327 conperit.
1334 4262 1444 4330 Ego
1472 4274 1650 4319 autem
1680 4283 1803 4335 pre-
1835 4286 1886 4345 ι)
1913 4279 2084 4332 sancti
2124 4280 2417 4337 Clementis
2444 4285 2494 4338 vi
2526 4285 2772 4351 tolleret,
2805 4298 2860 4342 et
2890 4289 3015 4343 inde
3058 4301 3263 4347 rectum
3304 4292 3489 4349 facere

223 4335 399 4404 positi
443 4339 565 4391 dum
608 4350 781 4397 ortatu
824 4345 1049 4417 Redingi
1082 4350 1188 4404 duo
1220 4350 1411 4407 altaria
1436 4395 1448 4418 ,
1482 4372 1677 4420 unum,
1710 4360 1796 4413 ubi

221 4428 673 4502 archiepiscopus
701 4437 988 4505 requiescit
1009 4480 1022 4503 ,
1046 4448 1100 4494 et
1127 4442 1269 4495 aliud
1298 4444 1348 4496 in
1376 4448 1800 4514 septemtrionali

221 4516 476 4585 ejusdem
504 4526 678 4594 templi
708 4537 859 4597 parte
892 4530 948 4583 ίι
982 4529 1252 4586 Kalendas
1285 4534 1619 4603 Septembris
1644 4539 1800 4595 dedi-

1915 4369 2209 4436 noluisset,
2250 4374 2300 4427 in
2340 4391 2441 4427 una
2486 4376 2694 4430 dierum
2736 4395 2764 4431 a
2806 4380 3051 4434 muribus
3088 4383 3490 4439 intractthicu-

1913 4455 2021 4509 lum
2052 4459 2397 4530 impugnatur
2435 4463 2810 4522 ineffabilibus.
2863 4469 2962 4534 Qui
3002 4470 3179 4538 primo
3219 4472 3360 4525 fuste
3400 4489 3489 4524 ar-

1911 4556 2064 4615 repto
2094 4563 2188 4602 eos
2216 4552 2505 4618 prohibere
2540 4562 2810 4624 temptans
2834 4597 2848 4623 ,
2882 4570 3175 4627 posteaque
3205 4565 3490 4628 evaglnalo

1519 4687 1746 4744 νΑΒιΑΞ
1785 4693 2186 4754 LECTIONES.

304 4788 400 4820 '3”
420 4794 684 4847 veratibus
706 4795 751 4845 Ι.
830 4793 920 4825 ¹³⁸⁰
945 4796 1068 4848 add.
1107 4797 1184 4850 lb.

216 4859 326 4892 ³³⁸⁸
357 4860 441 4911 cih
465 4861 527 4912 ia
554 4861 687 4917 lsich
722 4866 786 4917 Α.
819 4862 876 4916 S.
955 4866 1044 4899 ηδε
1073 4882 1136 4918 na
1166 4866 1301 4920 deest
1333 4859 1564 4922 excisum
1596 4869 1644 4922 1.

212 4944 361 4983 cun.
440 4929 527 5000 ¹³ε³
555 4932 705 5000 aliqit
740 4933 789 4986 1.
866 4931 954 4964 ⁸³⁵⁸
986 4939 1110 4990 add.
1142 4937 1224 4989 ib.

211 5001 460 5052 excisum
492 4999 537 5052 1.
612 4999 704 5036 ¹³⁶³
732 5010 856 5055 nota
890 5002 936 5053 Ι.

1262 4797 1353 4829 un
1384 4809 1636 4868 superent
1658 4800 1739 4853 ία-
1819 4803 1911 4838 ¹³⁸²
1929 4823 1980 4862 e.
2003 4810 2056 4862 lt.
2089 4811 2212 4862 add.
2244 4814 2321 4867 ib.
2405 4813 2494 4846 ³³³³
2515 4798 2683 4869 πέίςεο
2716 4820 2795 4871 ia.
2826 4819 2994 4886 primo
3023 4835 3046 4871 s
3071 4836 3279 4884 pundo
3309 4827 3510 4870 notato.

1262 4877 1301 4904 cl
1335 4871 1562 4904 nar-nicum
1596 4869 1613 4904 ι
1740 4870 1834 4904 1310
1884 4890 1931 4904 Δ.
1973 4880 2107 4904 .1----
2148 4885 2365 4904 -.μίμνω
2411 4886 2427 4904 ι
2548 4886 2636 4904 un
2912 4887 2950 4904 ιΔ
3338 4887 3446 4904 ιμμξ.

1307 4938 1400 4972 tm
1433 4938 1727 4993 acouirans
1751 4958 1890 5000 corr.
1920 4950 2203 5017 acquit‘ens
2232 4953 2281 5007 L

2548 4886 2636 4916 1³³7

1882 4890 1935 4933 et
1969 4880 2107 4954 deest
2140 4885 2369 4954 excisum
2407 4886 2456 4937 1.
2548 4886 2636 4916 ¹³³⁷
2690 4880 2846 4954 supr
2912 4880 3260 4954 legationem
3336 4887 3521 4954 “HV”

2690 4905 2785 4954 sup
2820 4904 2846 4937 r

3358 4952 3442 4982 ηει
3472 4966 3534 5005 ra

2394 4954 2479 4984 ms
2510 4957 2583 5008 ειη
2609 4956 2683 5008 Α,
2714 4960 2770 5011 s,
2807 4956 3035 5009 excisum
3065 4957 3124 5010 itt
3162 4967 3201 5020 1
3223 5010 3236 5022 ,

1749 5139 1985 5204 ΝΟΤΛΕ.

299 5231 445 5297 (787)
475 5231 581 5289 Dux
614 5234 869 5291 Polonim.

301 5300 445 5368 (788)
482 5302 685 5361 Necrol.
713 5304 974 5368 Merseb.,
1006 5312 1149 5368 Aug.
1180 5308 1266 5363 20.
1302 5313 1616 5368 Liubuzatm
1642 5317 1798 5368 multi

1983 5260 2126 5332 (790)
2164 5262 2240 5318 Ex
2274 5264 2413 5318 Ann.
2445 5259 2759 5329 Quedliub.,
2790 5275 2843 5313 τι.
2881 5258 3037 5315 101⁸2.

1981 5332 2126 5368 ΙἻἾΙΧ
2163 5333 2312 5368 ΙηΛῖιι
