4048 5368
573 273 701 327 1351

1476 267 1853 322 THlETMARl
1898 263 2523 321 MERSEBURGENSlS
2565 263 2866 320 El’lSCOPl

3659 264 3793 320 {33!

568 396 662 436 eos
690 378 1217 451 aggressus'gladio,
1248 389 1303 435 et
1330 380 1407 435 sic
1437 380 1528 410 ““
1558 379 1627 433 nil
1655 379 1946 449 proticiens
1967 420 1981 443 ,
2007 394 2131 433 arca
2163 384 2208 441 Α
2237 393 2355 431 eam
2390 378 2549 432 nimis
2568 377 2897 431 laborantem
2927 375 3067 431 etob
3098 374 3199 430 hoc
3229 391 3257 429 a
3287 376 3509 447 spalmis
3540 393 3649 431 non
3682 380 3808 433 deﬂ-

570 475 838 543 quadam,
867 482 927 527 ut
965 474 1076 542 ipse
1104 473 1350 541 rogavit,
1381 472 1693 536 includitur,
1724 487 1784 524 ac
1816 471 1867 524 in
1904 472 2137 524 medium

571 565 702 619 fune
730 564 1112 633 suspenditur;
1146 572 1200 616 et
1232 578 1355 617 cum
1386 563 1627 614 exterius
1659 562 1771 614 lucc
1802 560 1952 629 plaga
1986 562 2140 614 seda-

573 664 679 718 ret,
703 654 898 723 liicque
928 653 1062 707 liber
1089 652 1222 706 solvi
1251 652 1521 705 debuisset
1545 690 1559 714 ,
1588 650 1654 703 al)
1682 650 1802 704 aliis
1833 651 1940 681 ’³⁸³⁸
1973 665 2141 718 usque

572 749 641 801 ad
671 757 898 801 mortem
930 761 1184 800 corrosus
1212 744 1487 799 invenitur
1518 742 1692 814 (795).
1737 742 1888 795 Tunc
1931 742 2141 796 cunctis

570 836 914 908 prescntibus
934 844 988 889 et
1007 845 1192 905 postea
1216 833 1550 888 venientibus
1576 830 1920 885 manifestum
1946 831 2005 885 ﬁt
2028 831 2138 893 ⁸³⁸⁸,

569 928 715 997 quod
744 928 890 981 hunc
917 926 995 980 ira
1022 927 1147 993 Dei,
1186 927 1382 980 vindex
1424 922 1652 994 predicti
1690 921 1981 990 facinoris,
2020 924 2133 979 sola

568 1017 926 1086 consumpsit.

639 1108 728 1162 50.
771 1108 978 1161 Interea
1004 1104 1302 1159 Jaremirus
1320 1145 1334 1169 ,
1360 1104 1427 1159 de
1455 1121 1559 1174 quo
1587 1105 1796 1175 predixi
1814 1146 1828 1169 ,
1856 1104 1998 1174 regis
2026 1120 2142 1174 gra-

569 1198 699 1252 tiam
728 1196 1042 1265 suppliciter
1070 1206 1292 1263 petens,
1335 1211 1431 1264 pro
1470 1195 1843 1249 misericordia
1885 1206 1939 1248 et
1982 1197 2136 1249 resti-

578 1289 797 1344 tucione
836 1286 1054 1341 exilium
1092 1302 1160 1339 ac
1198 1286 1497 1339 custodiam
1560 1285 1827 1338 Etlicllioli
1878 1284 2140 1352 presulis,

578 1378 818 1434 Ansfridi
853 1377 1187 1431 successoris
1216 1376 1453 1444 episcopi
1480 1416 1495 1441 ,
1522 1378 1795 1445 suscepit,
1840 1377 1929 1444 qui
1974 1377 2024 1429 in
2071 1377 2145 1429 in-

577 1485 763 1525 mensa
809 1469 939 1522 cede
987 1467 1375 1521 Bawariorium
1423 1468 1489 1520 ad
1530 1467 1859 1520 Bolizlavum
1897 1468 2014 1521 sine
2054 1468 2144 1499 ¹³⁶⁶

572 1561 719 1629 regis
749 1575 811 1614 ac
840 1559 919 1612 sui
948 1558 1175 1612 licencia
1201 1575 1323 1613 cum
1356 1560 1671 1614 muneribus
1700 1562 1803 1613 iter
1830 1567 2108 1630 agencium
2127 1603 2141 1625 ,

571 1660 629 1705 et
678 1651 1048 1704 trucidacione
1093 1650 1193 1703 sibi
1245 1652 1659 1705 commissorum
1710 1661 1763 1705 et
1808 1668 1913 1706 non
1963 1655 2140 1721 aliqua

2242 469 2495 521 cientem.
2518 468 2658 520 Inter
2675 482 2811 535 quos
2830 466 2929 519 hoc
2946 464 3118 520 solum
3138 479 3233 519 ore
3255 467 3503 521 volvebat
3519 478 3575 521 et
3592 478 3805 521 mente:

2243 560 2357 626 Me,
2411 562 2694 630 inquiens,
2746 562 2970 629 suscepit
3023 561 3235 614 dextera
3266 570 3375 622 tua,
3423 561 3684 623 Domine,
3717 561 3807 628 ipsi

2240 670 2358 706 vero
2382 654 2435 704 in
2459 670 2645 706 vanum
2670 653 2967 722 quesieruut
2996 653 3225 704 animam
3252 668 3417 703 meam
3443 651 3619 717 (Psat.
3646 667 3806 713 mit,

2241 746 2305 808 9,
2337 743 2402 797 11ὶ
2428 744 2466 811 ).
2498 743 2623 798 llaec
2657 744 2860 797 nullum
2894 743 3118 797 omnino
3148 742 3215 795 ad
3248 756 3332 794 me
3369 742 3656 811 proferens
3693 758 3811 795 ver-

2242 837 2369 888 bum
2411 851 2532 888 cum
2565 851 2592 887 a
2628 850 2714 889 me
2755 836 3204 903 interrogaretur,
3247 833 3290 886 si
3332 844 3521 885 sancto
3559 833 3817 886 voluisset

2243 928 2367 996 ungi
2401 928 2543 991 oleo,
2579 928 2855 996 respondit
2885 942 2899 979 :
2932 925 3192 987 Libenter,
3216 925 3338 993 quia
3362 936 3473 991 post
3499 926 3598 979 hoc
3622 921 3819 979 Christi

2246 1018 2484 1071 voluntas
2522 1019 2622 1070 cito
2657 1017 2926 1086 perﬁcitur
2963 1018 3015 1068 in
3046 1032 3145 1067 me.
3180 1014 3260 1083 (f.
3294 1015 3434 1083 154)
3468 1015 3821 1070 Vestimentis

2246 1120 2373 1162 tunc
2400 1118 2586 1177 parata
2621 1108 2773 1161 novis
2804 1124 2887 1160 tne
2917 1106 3168 1169 vocavit;
3198 1114 3252 1158 et
3282 1105 3542 1173 perfectis
3571 1108 3821 1160 omnibus

2244 1200 2309 1250 ad
2339 1198 2645 1250 iunctionem
2680 1195 2827 1264 juste
2856 1195 3252 1263 pertinentibus
3280 1208 3294 1245 :
3338 1192 3509 1258 Quam
3553 1196 3743 1262 pulcra
3772 1212 3823 1247 es

2246 1288 2414 1339 nunc!
2453 1286 2559 1339 dixi
2602 1286 2668 1339 ad
2706 1301 2825 1338 eam
2852 1327 2865 1349 ,
2908 1293 2965 1337 ct
2996 1284 3127 1337 illa:
3180 1283 3345 1347 Vide,
3392 1284 3548 1347 infit,
3578 1286 3825 1351 jurenem

2246 1379 2530 1446 formosum
2581 1378 2649 1430 ad
2697 1378 2999 1442 dexteram,
3054 1377 3223 1430 oculis
3260 1376 3552 1444 designans
3590 1376 3646 1429 in
3688 1390 3825 1428 eam.

2245 1470 2368 1523 Post
2400 1472 2510 1523 h:cc
2551 1470 2856 1539 digressus,
2899 1470 2967 1523 ob
3010 1468 3389 1539 farigationem
3435 1470 3702 1523 intiueris
3741 1468 3827 1521 diu

2246 1561 2502 1621 dormivi.
2542 1570 2595 1613 et
2634 1570 2761 1614 tunc
2802 1561 3190 1630 cxpergisccns
3231 1560 3411 1613 audivi
3450 1575 3575 1613 eam
3618 1576 3718 1629 pre
3752 1560 3830 1614 ni-

2250 1654 2356 1707 mio
2389 1651 2573 1706 dolore
2604 1654 2847 1720 graviter
2882 1652 3325 1721 ingemiscentem
3352 1667 3366 1714 ;
3397 1661 3453 1705 et
3482 1652 3717 1719 propius
3745 1666 3833 1704 ac-

547 1744 714 1812 ,regis
742 1742 1055 1795 inﬁdelitate
1076 1782 1089 1803 ,
1122 1742 1281 1794 taiem
1310 1743 1609 1809 promeruit
1636 1742 1924 1797 nlcionem.
1958 1744 2140 1798 Nostri
2176 1716 2217 1774 Β
2247 1744 2449 1797 cedens
2471 1784 2484 1807 ,
2519 1744 2735 1796 cantavi
2768 1743 3080 1813 spalterium
3102 1783 3115 1803 ,
3150 1757 3318 1809 usque
3345 1743 3469 1796 dum
3498 1758 3625 1794 eam
3662 1742 3714 1793 in
3745 1757 3835 1796 ex-

576 1836 679 1887 lioc
706 1834 985 1888 audientes
1011 1832 1213 1887 inimici
1242 1833 1565 1898 irriserunt;
1598 1840 1769 1888 nostri
1799 1844 1979 1889 autem
2013 1851 2144 1889 con-

570 1925 719 1979 cives
749 1923 841 1956 ί³⁶¹⁵
866 1934 925 1978 ιιι
952 1924 1052 1978 sibi
1095 1924 1432 1993 profuturum
1473 1924 1785 1979 timuerunt.
1832 1926 1899 1979 Et
1937 1927 2043 1981 hiis
2082 1927 2145 1980 li-

570 2025 691 2069 ceat
730 2017 780 2069 in
821 2016 1127 2085 semetipsis
1164 2017 1266 2069 hoc
1314 2014 1519 2069 factum
1573 2031 1932 2086 cognoscere,
1972 2019 2063 2087 qui
2094 2018 2144 2072 id

570 2107 853 2161 consilium
889 2107 997 2177 regi
1046 2116 1231 2161 nostro
1282 2122 1536 2174 umquam
1593 2108 1809 2163 dedere.
1850 2109 1981 2164 Post
2032 2111 2147 2164 haec

572 2197 909 2263 Othelricus,
953 2198 1121 2252 frater
1152 2198 1239 2228 ¹³⁸⁷
1280 2198 1432 2267 ejus,
1475 2200 1542 2254 ad
1588 2200 1899 2271 Merseburg
1939 2216 1968 2253 a
2019 2215 2145 2271 rege

570 2298 793 2341 vocatus
822 2290 995 2351 venit,
1037 2297 1091 2341 et
1124 2303 1386 2357 regnum,
1423 2289 1565 2359 quod
1599 2290 1700 2344 sibi
1744 2290 1943 2357 injuste
1992 2292 2145 2360 prius

550 2380 883 2449 .usurpavit,
917 2380 1152 2448 gratuito
1194 2395 1417 2435 munere
1456 2382 1713 2450 suscepit.
1758 2382 1957 2437 Eadem
2011 2393 2144 2437 tem-

569 2480 779 2540 pestate
820 2472 1145 2526 inundantes
1181 2472 1374 2542 pluvia:
1412 2487 1475 2526 ac
1514 2488 1572 2527 se
1613 2472 1690 2541 (f.
1722 2474 1875 2543 135’)
1916 2490 2145 2545 surgen-

574 2575 655 2621 tes
695 2567 882 2636 pirata:
924 2566 1184 2630 multum,
1226 2580 1325 2635 pro
1364 2566 1555 2621 dolor!
1600 2582 1836 2622 nocuere
1882 2569 2051 2639 (796).
2090 2569 2145 2622 1η

544 2658 663 2712 ΔηῘΙΙο
723 2667 963 2727 tempore
1022 2657 1322 2710 inundante
1386 2656 1626 2709 Danubio
1683 2657 1735 2710 in
1784 2658 2048 2711 Bawariis
2094 2667 2149 2711 et

568 2759 851 2821 stagnante
892 2747 1075 2813 Reno,
1118 2748 1191 2802 ita
1223 2748 1314 2778 ⁸³⁸³
1345 2746 1629 2802 inell'abilis
1672 2749 1849 2819 populi
1891 2764 1954 2803 ac
1984 2764 2146 2818 peco-

569 2842 674 2903 ris,
726 2841 1058 2895 ediﬁciorum
1112 2855 1329 2908 quoque
1378 2850 1432 2894 et
1481 2840 1740 2895 silvarum
1799 2841 1886 2895 tali
1944 2843 2147 2911 impetu

568 2941 848 2984 erutarum
886 2930 1172 2985 multitudo
1204 2931 1399 2999 periit,
1428 2936 1571 3000 quod
1600 2947 1790 2987 omnes
1820 2935 2010 2987 harum
2049 2935 2147 2987 ha-

567 3022 830 3076 bitatores
870 3024 1112 3091 parcium
1155 3038 1248 3075 sna
1300 3023 1385 3077 vel
1426 3033 1832 3079 antecessorum
1877 3028 2139 3081 memoria
2175 3052 2219 3111 ρ

569 3112 620 3166 id
653 3128 946 3181 numquam
984 3115 1248 3166 accidisse
1280 3112 1600 3179 ﬁrmabant,
1636 3117 1737 3169 hoc
1768 3125 2047 3186 gementes
2076 3133 2143 3171 ex

568 3202 737 3255 variis
772 3202 1091 3255 criminibus
1130 3204 1243 3256 suis
1283 3212 1412 3258 tunc
1449 3206 1696 3261 evenisse
1726 3247 1740 3271 ,
1782 3217 1836 3261 et
1873 3218 1992 3277 post
2031 3211 2145 3263 lunc

570 3292 771 3361 aliquid
803 3308 1052 3362 magnum
1088 3294 1341 3349 timentes
1370 3297 1472 3350 sibi
1496 3312 1618 3352 esse
1646 3308 1951 3353 venturum.
1984 3303 2145 3371 Equi-

569 3384 690 3436 dem
723 3381 878 3451 longe
909 3382 1184 3452 digressus
1215 3383 1309 3415 ³³⁸⁸
1343 3385 1586 3438 redeam.

639 3471 729 3525 5|.
768 3470 880 3525 Rex
918 3488 947 3525 a
986 3472 1264 3542 Mersburg
1298 3474 1612 3541 discedens,
1651 3479 1862 3549 navigio
1901 3482 1967 3535 ad
2004 3481 2145 3537 Har-

570 3562 775 3631 nebnrg
806 3563 1065 3618 venit.lbi
1098 3580 1222 3617 cum
1251 3564 1460 3621 Sclavis
1488 3566 1883 3629 continentibus
1912 3572 2141 3642 plurima

569 3655 902 3720 discucicus,
956 3674 1089 3727 pace
1139 3674 1267 3715 vero
1307 3660 1403 3693 ““
1440 3663 1510 3717 ibi
1550 3664 1761 3720 ﬁrmata
1786 3662 1823 3732 ,⁸
1858 3669 2047 3732 rediit,
2087 3679 2141 3725 et

567 3747 811 3800 omnium
832 3746 967 3802 festa
1001 3760 1309 3804 sanctorum
1342 3751 1394 3805 in
1423 3751 1777 3812 Helmanstidi
1811 3758 2140 3825 celebravit;

572 3836 871 3908 deindeun
910 3840 1275 3895 occidentales
1308 3854 1566 3913 preperat
1599 3846 1833 3904 invisere
1870 3851 2141 3917 regiones.

570 3923 779 3979 Interea
822 3928 1015 3980 domna
1046 3927 1292 3999 Ludgcrd
1344 3932 1506 3986 nimis
1544 3935 1853 4004 inﬁrmata,
1894 3955 1979 3994 me
2016 3922 2170 4010 quia.

571 4016 727 4068 unice
758 4016 967 4079 dilexit,
990 4026 1065 4079 et,
1090 4027 1148 4070 nt
1170 4034 1330 4087 supra
1386 4026 1703 4089 memoravi,
1736 4026 1875 4081 linea
1908 4044 2140 4083 consan-

570 4107 850 4175 guinitatis
884 4110 1009 4163 mihi
1041 4109 1256 4165 fuerant
1300 4111 1577 4179 conjunta,
1608 4130 1705 4184 per
1746 4118 2143 4174 internuncium

573 4199 802 4251 vocavit.
827 4198 931 4253 Sed
952 4218 1072 4254 cum
1104 4204 1615 4272 postcrepusculum
1644 4209 1710 4261 ad
1740 4206 2107 4263 Walmerstidi
2128 4249 2143 4273 ,

2250 1834 2437 1886 tremis
2463 1848 2582 1887 esse
2612 1843 2890 1901 presentcs
2922 1841 3290 1894 testarentur;
3321 1841 3375 1885 et
3403 1841 3532 1885 tunc
3562 1832 3833 1899 conpletis

2246 1938 2363 1991 qum
2393 1924 2457 1975 ad
2488 1924 2603 1976 lucc
2633 1923 2857 1976 dicenda
2888 1932 3076 1986 erant,
3107 1938 3227 1975 cum
3260 1922 3371 1990 ipsa
3403 1932 3727 1976 sanctorum
3758 1924 3833 1975 in-

2248 2013 2518 2066 vitacione
2556 2013 2771 2066 transiit
2806 2011 2931 2065 felix
2962 2012 3140 2065 anima
3171 2011 3290 2078 ejus
3319 2012 3499 2065 Idibus
3531 2011 3831 2066 Novembr.

2249 2105 2315 2158 ad
2358 2104 2537 2174 sponsi
2572 2103 2811 2157 cmlestis
2848 2104 3143 2157 thalamum
3186 2103 3353 2171 (795).
3406 2101 3580 2169 Hujus
3623 2104 3834 2157 obitum

2250 2195 2469 2264 quidam
2513 2194 2714 2257 laicus,
2756 2194 2889 2247 civis
2926 2193 3464 2262 Partenopolitanns,
3504 2210 3635 2247 cum
3668 2195 3721 2245 in
3754 2195 3835 2246 in-

2256 2286 2514 2338 ﬁrmitate
2546 2282 2759 2351 jaceret
2786 2323 2799 2345 ,
2842 2283 3126 2352 prcdicens
3156 2300 3170 2335 :
3216 2283 3305 2335 Est
3333 2322 3348 2345 ,
3384 2283 3561 2351 inquit
3588 2323 3603 2346 ,
3640 2284 3837 2335 damna

2255 2373 2517 2443 Liudgerd
2558 2374 2621 2427 de
2656 2377 2751 2426 hoc
2791 2373 2965 2426 seculo
3005 2374 3335 2435 transitura;
3386 2385 3431 2425 et
3484 2389 3604 2425 rere
3653 2373 3837 2425 beata

2249 2477 2323 2520 est
2379 2467 2465 2519 itte
2517 2467 2603 2535 qui
2642 2483 2755 2519 eam
2792 2474 3019 2518 uteretur
3056 2465 3291 2517 incedere
3342 2466 3499 2517 viam.
3554 2463 3695 2518 Cum
3724 2463 3838 2530 jam

2250 2558 2424 2625 primo
2461 2557 2822 2618 illucesccret,
2868 2570 3063 2624 corpus
3102 2556 3169 2608 ad
3208 2554 3483 2609 Wallibizi
3524 2556 3688 2609 nobis
3744 2571 3838 2609 co-

2252 2647 2569 2700 mitantibus
2598 2644 2857 2709 defertur,
2890 2654 2945 2698 et
2974 2645 3026 2699 in
3055 2646 3302 2714 proxima
3347 2646 3431 2699 die
3453 2644 3613 2713 juxta
3647 2661 3839 2699 mona-

2252 2738 2478 2790 sterium
2521 2738 2571 2790 in
2610 2735 2913 2804 aquilonari
2953 2746 3144 2805 parte,
3175 2736 3264 2789 ubi
3310 2736 3641 2791 Liutlierdus
3682 2748 3839 2802 pater

2255 2827 2402 2898 (796)
2426 2827 2495 2881 26
2519 2842 2691 2882 annos
2720 2826 3074 2882 inclusus““
3104 2829 3505 2896 requiescebat,
3533 2829 3831 2898 deponitur

2252 2932 2305 2974 et
2353 2938 2381 2972 a
2420 2921 2539 2973 viro
2575 2920 2776 2975 suimet
2816 2919 3156 2974 Wirinliario
3195 2919 3543 2975 iuell‘abiliter
3579 2920 3835 2975 deﬂetur.

2253 3012 2453 3065 Fuerat
2481 3012 2626 3066 enim
2660 3013 2776 3067 haec
2800 3010 2911 3065 vite
2938 3011 3055 3081 ejus
3082 3020 3138 3065 et
3162 3012 3357 3065 animm
3387 3012 3619 3081 diligens
3650 3022 3837 3065 custo-

2252 3102 2369 3164 dia,
2400 3108 2457 3155 et
2487 3102 2539 3154 in
2570 3100 2753 3155 divino
2784 3101 3019 3154 maxime
3048 3102 3249 3154 sudans
3278 3100 3578 3164 famulatu,
3611 3116 3716 3169 pro
3746 3102 3839 3154 illo

2252 3192 2374 3262 plus
2424 3207 2585 3262 quam
2636 3206 2735 3261 pro
2773 3206 2867 3256 se,
2900 3189 3121 3258 jejuniis
3160 3189 3211 3244 in
3250 3190 3449 3260 frigore
3485 3200 3541 3245 et
3577 3192 3841 3245 oracione

2250 3284 2509 3336 continua
2560 3282 2796 3352 peractis
2845 3290 2898 3336 et
2946 3282 3289 3343 elemosinis,
3338 3282 3408 3335 ab
3454 3282 3686 3336 omniun
3737 3283 3840 3335 huc

2251 3387 2421 3443 usque
2450 3374 2699 3426 tuebatur
2729 3372 2940 3427 insidiis
2968 3371 3224 3425 hostium.
3255 3370 3386 3425 Dico
3412 3380 3597 3425 autem
3625 3370 3840 3424 cunctis

2250 3466 2591 3535 prescntibus
2622 3476 2782 3534 atque
2812 3465 3040 3528 futuris,
3069 3463 3323 3533 quicquid
3353 3463 3477 3516 boni
3507 3463 3561 3515 in
3593 3463 3699 3517 hoc
3725 3461 3835 3525 ⁸³⁷³.

2251 3558 2432 3613 seculo
2470 3573 2568 3625 pro
2607 3557 2834 3627 alicujus
2870 3557 3130 3611 memoria
3171 3571 3199 3608 a
3239 3554 3487 3609 ﬁdelibus
3525 3555 3835 3616 exhibetur,

2252 3648 2328 3719 (f.
2356 3648 2505 3717 ω’)
2530 3650 2573 3703 si
2603 3664 2707 3703 non
2736 3648 2864 3703 licet
2889 3649 2936 3701 ei
2966 3648 3223 3717 prodeSse
3246 3647 3357 3709 "7‘,
3385 3660 3485 3715 pro
3507 3661 3621 3714 quo
3638 3646 3835 3715 agitur.

2250 3753 2543 3807 numquam
2573 3753 2603 3791 a
2632 3738 2743 3791 Deo
2776 3738 2825 3791 ei
2863 3737 3112 3789 irritatur
3146 3735 3329 3805 (797),
3369 3735 3461 3804 qui
3505 3736 3616 3789 hoc
3654 3735 3837 3789 lacere

2251 3828 2529 3883 studiosus
2577 3818 2955 3883 conatur’m’.
2997 3828 3052 3880 In
3102 3828 3276 3895 primo
3319 3826 3413 3857 ³³⁷³
3452 3825 3704 3880 lleinrici
3756 3840 3837 3879 re-

2251 3922 2467 3992 gnantis
2498 3937 2641 3976 anno
2673 3919 2917 3990 predicta
2947 3919 3216 3989 Liudgcrd
3248 3927 3369 3988 post
3404 3928 3639 3971 mortem
3671 3917 3837 3987 patris

2252 4014 2333 4067 sui
2364 4015 2431 4068 ad
2460 4014 2632 4067 virum
2660 4027 2849 4074 suum,
2880 4026 2909 4063 a
2941 4026 3049 4078 quo
3082 4009 3278 4077 injuste
3314 4010 3523 4064 tamdiu
3558 4010 3834 4079 disiuncta

2250 4102 2458 4168 fuerat,
2489 4119 2675 4158 mense
2700 4101 2959 4157 Januario
2984 4101 3145 4154 rediit
3175 4100 3344 4171 (798).

2323 4196 2411 4251 59..
2454 4196 2519 4250 Ει
2565 4205 2686 4265 post
2736 4193 2953 4262 nuptias
2991 4192 3232 4245 marcbio
3266 4189 3583 4244 Liutliarius
3617 4190 3672 4244 in
3697 4188 3833 4243 occi-

573 4288 663 4343 ubi
698 4289 785 4343 illa
808 4289 1017 4359 jacuit,
1049 4293 1318 4359 venirem,
1347 4296 1670 4350 caminatain
1700 4298 1999 4369 ingressus,
2027 4302 2137 4355 vidi

2254 4294 2415 4348 dente
2442 4291 2748 4345 inﬁrmatus
2772 4298 2829 4344 et
2850 4289 3078 4358 pocione
3100 4284 3320 4341 Paulina
3339 4284 3488 4357 (799)
3515 4284 3830 4348 inebriatus,

1840 4451 2074 4507 VARIA‘I
2114 4446 2515 4508 LECTIONES.

648 4535 740 4617 "ff
768 4536 893 4617 add.
930 4539 1010 4596 lb.
1105 4539 1217 4571 ²⁸⁶δθ
1246 4539 1365 4617 illis
1383 4551 1471 4593 aut
1498 4541 1723 4617 sttis‘la.

574 4612 746 4687 ceptis
767 4615 981 4687 tempus
1006 4619 1089 4663 est
1115 4619 1171 4663 ut
1191 4612 1315 4663 add.
1336 4612 1390 4664 2.

577 4677 671 4709 ⁸³⁷³
696 4678 869 4747 prima
900 4681 980 4731 la.

1803 4542 2030 4598 m“fecit
2061 4546 2083 4599 1
2105 4561 2154 4598 a.

1500 4610 1590 4642 “"
1615 4611 1852 4668 incuisus
1872 4631 2010 4667 corr.
2042 4615 2281 4669 incuisus
2306 4612 2356 4665 1.

3066 4530 3153 4562 ¹³⁶¹¹
3185 4528 3221 4582 f.
3253 4543 3303 4583 e.
3332 4528 3459 4581 add.
3496 4529 3521 4582 1
3552 4529 3604 4581 b.
3686 4528 3777 4560 'm
3800 4542 3827 4579 ι

3398 4598 3492 4629 ¹³¹²
3528 4599 3822 4654 canaturl.

2248 4542 2337 4574 ⁸³⁸⁸
2356 4556 2401 4595 s.
2436 4555 2481 4592 r.
2503 4552 2554 4589 a.
2579 4549 2627 4590 s.
2662 4534 2698 4587 Ι.
2729 4533 2855 4586 add.
2890 4531 2972 4585 lb.

2452 4607 2545 4640 "7°
2574 4605 2700 4660 add.
2728 4604 2812 4657 lb.
2891 4602 2981 4632 ¹³⁷¹
3012 4601 3243 4671 prodere
3268 4601 3317 4653 1.

2072 4795 2302 4852 NOTAE.

647 4883 795 4951 (795)
831 4884 907 4938 Ex
936 4885 1071 4939 Ann.
1105 4886 1414 4952 Quedlinb.,
1444 4888 1501 4944 lt.
1534 4903 1585 4942 a.

645 4954 793 5020 (791)
834 4956 910 5009 Ex
938 4957 1076 5011 Ann.
1104 4957 1413 5023 Quedlinb.,
1444 4959 1499 5011 h.
1533 4976 1583 5010 a.

647 5024 793 5091 (795)
835 5024 1055 5079 Kalend.
1112 5028 1364 5093 Merseb.,
1422 5027 1716 5080 Novembr.
1767 5028 1853 5080 13.
1907 5024 2143 5079 Livkierd

575 5095 846 5151 cornelissen
864 5097 1009 5147 obiit.

651 5160 794 5240 (796)
826 5164 1053 5242 Denotat
1088 5174 1292 5245 patrem
1340 5166 1513 5221 soceri
1566 5165 1910 5245 Liudgerdis,
1963 5163 2149 5217 funda-

579 5236 747 5282 toreiu
775 5232 938 5298 ipsius
966 5237 1295 5287 monasterii.

650 5298 794 5364 (797)
824 5300 859 5350 l.
896 5315 945 5351 e.
975 5302 1180 5355 irritum
1211 5306 1288 5355 tit.

2248 4886 2535 4955 pharmaca
2563 4898 2616 4951 p.
2642 4878 2838 4955 629_ibi
2866 4876 3129 4955 occurrit,
3153 4884 3215 4955 ut
3244 4873 3320 4929 ill.
3348 4870 3688 4942 Adelungius
3713 4870 3792 4941 pri

2251 4944 2372 5009 inus
2400 4944 2625 5011 notavit,
2657 4950 2805 5018 potio
2834 4949 3005 5001 sancti
3033 4944 3186 5018 Pauli
3221 4962 3233 4996 :

2358 5023 2495 5087 Quos
2516 5010 2804 5091 apopiexia:
2830 5018 2985 5091 pestis
3014 5016 3239 5091 violenta
3273 5010 3547 5091 procellat,
3636 5079 3649 5090 .

2358 5084 2499 5155 Quos
2523 5084 2675 5159 furor
2698 5088 2893 5159 invadit
2917 5087 3131 5159 manias,
3162 5099 3293 5159 quos
3321 5084 3479 5159 insita
3502 5084 3673 5133 nervis

2360 5151 2599 5229 Sensi/iri
2623 5168 2792 5229 motus
2815 5157 2887 5208 vis
2910 5154 3131 5229 sopitira
3160 5151 3385 5229 resotvit,

2364 5216 2522 5283 Potio
2546 5228 2769 5281 restituit
2792 5216 3024 5293 gaudens
3054 5226 3359 5297 cognomine
3384 5216 3546 5269 Pauli
3563 5232 3583 5297 ς
3623 5288 3634 5297 .

2358 5300 2646 5351 Asmaticos
2671 5290 2855 5346 cantus
2879 5294 3174 5368 compescit,
3209 5299 3479 5368 menstrua.
3500 5290 3679 5348 solt-it,
