4048 5368
565 370 712 425 15ὕό

566 485 723 539 tistes
774 482 887 534 ⁸³⁸³.

551 575 827 631 .Boltzlavi
884 573 1045 639 ﬁlius,
1091 588 1212 626 cum
1266 571 1476 640 magnis
1527 568 1750 624 veniens
1808 566 2142 627 muneribus,

569 668 713 736 regis
767 665 998 720 etlieitur
1048 672 1104 718 et
1157 663 1314 717 fidem
1367 676 1488 716 cum
1543 667 1884 714 sacramento
1942 657 2144 709 lirmat.

570 757 778 812 Dehinc
810 771 932 811 cum
963 755 1166 808 honore
1196 767 1389 822 magno
1446 749 1758 811 remittitur,
1787 756 1839 802 et
1867 757 1918 800 ut
1952 747 2143 799 iterum

555 848 776 901 veniret
837 845 1155 900 delectatur.
1184 843 1240 897 In
1268 841 1374 895 hiis
1406 839 1594 894 diebus
1625 846 1914 906 tetnpestas
1955 848 2146 904 magna

569 949 694 1010 post
724 938 856 993 solis
880 951 1132 991 occasum
1161 933 1409 1004 contigit,
1429 947 1492 985 ac
1517 945 1704 984 omnes
1737 943 1834 982 nos
1859 927 2144 980 admodum

576 1030 833 1085 turbavit.
889 1028 1064 1084 Diruit
1116 1041 1348 1096 namque
1395 1023 1695 1079 (ecclesiam
1748 1029 1901 1074 extra
1959 1019 2146 1071 urbem

576 1123 824 1193 positam,
860 1136 980 1190 qua:
1023 1119 1089 1173 de
1135 1118 1299 1172 rubro
1351 1116 1489 1170 facta
1539 1122 1625 1167 est
1669 1111 1834 1182 ligno,
1886 1117 2146 1177 regnante

572 1215 748 1284 printo
794 1211 1014 1268 Ottoue.
1066 1209 1375 1264 Incendium
1422 1220 1637 1276 quoque
1693 1203 1916 1272 plurima
1968 1201 2145 1255 archi-

577 1304 805 1376 presulis
838 1304 973 1357 bona
1000 1298 1350 1369 consumpsit.
1403 1297 1625 1364 Insuper
1677 1293 1852 1362 regias
1893 1293 2149 1360 .jcrvenit

532 1460 534 1463 ι
575 1395 644 1448 ad
676 1409 835 1448 aures
866 1392 1007 1462 quod
1034 1408 1081 1443 ηι
1103 1405 1198 1460 pos
1250 1403 1401 1442 meus
1443 1384 1808 1440 Wirinltarins
1837 1398 1956 1436 cum
1985 1379 2146 1434 Μικί-

565 1485 776 1548 -.hardo,
835 1482 898 1553 (f.
959 1480 1092 1548 l36‘)
1125 1477 1426 1533 lliritnanni
1479 1473 1810 1530 ntarehionis
1849 1473 2041 1538 fratre,
2083 1471 2148 1525 ad

566 1574 912 1629 .Bolizlavum
947 1572 1064 1626 sine
1093 1570 1319 1624 licencia
1354 1577 1620 1638 pergeret
1674 1566 1785 1628 ²³⁹⁰,
1844 1564 2150 1634 ihidea-que

561 1665 746 1720 anulta
761 1663 950 1734 gratia-
969 1661 1157 1715 suimet
1173 1658 1450 1713 contraria
1466 1657 1776 1724 loqueretur
1798 1654 1910 1715 “9°,
1929 1651 2150 1721 ejusque

557 1755 806 1810 .nuncios
833 1754 922 1807 hic
949 1764 1074 1819 sepe
1122 1750 1172 1802 in
1203 1755 1411 1802 secreto
1453 1747 1677 1800 haberet
1705 1744 1815 1797 "9°.
1850 1742 1961 1797 lloc
1991 1755 2150 1794 omne

535 1829 538 1832 i
579 1863 674 1902 rex
722 1847 958 1916 graviter
1009 1843 1330 1912 suscipiens,
1377 1853 1635 1909 utrosque
1686 1839 1738 1894 in
1781 1853 1933 1892 suam
1966 1837 2146 1890 vetere
2179 1819 2219 1876 Β

537 1936 895 2008 ,ρι’θδρηιὶειηι
918 1933 1096 2004 jussit.
1122 1931 1174 1986 Id
1197 1947 1320 1986 eum
1349 1929 1529 1984 facere
1556 1944 1661 1983 non
1691 1928 1971 1987 auderent,
1999 1940 2146 1980 com-

566 2026 859 2096 prehensis
899 2024 1151 2081 omnibus
1191 2022 1391 2077 suimet
1421 2019 1596 2084 bonis,
1621 2027 1678 2073 ut
1704 2019 1864 2089 regiae
1891 2015 2146 2086 potestati

566 2117 909 2180 resisterent,
935 2114 1299 2169 diﬂ'amantur.
1326 2111 1565 2166 Tandem
1612 2125 1778 2180 nepos
1830 2123 1980 2163 meus
2025 2122 2148 2177 gra-

571 2208 703 2261 tiam
737 2217 791 2260 et
836 2205 1126 2260 incolatum
1155 2219 1278 2257 eum
1327 2201 1514 2272 predio
1537 2201 1733 2255 suimet
1762 2209 1817 2254 et
1848 2215 1979 2254 auro
2001 2214 2146 2253 com-

570 2298 798 2366 paravit.
833 2295 980 2349 Allcr
1011 2310 1140 2349 vero
1164 2294 1319 2362 longe
1348 2301 1469 2362 post
1500 2307 1622 2346 cum
1670 2291 1808 2345 ﬁdeli
1840 2291 2142 2343 interventu

571 2390 892 2445 restituitur.
921 2387 1120 2442 Eodem
1167 2401 1310 2440 anno
1341 2383 1573 2447 Wonlef,
1613 2383 1876 2438 heremita
1913 2393 1967 2438 et
1990 2396 2146 2436 verus

570 2479 874 2544 Israhelita,
906 2479 969 2533 l5
1003 2478 1122 2532 Kal.
1156 2477 1358 2548 Aprilis
1386 2477 1519 2531 obiit
1544 2476 1633 2506 1m
1660 2474 1830 2545 (804).

630 2566 732 2624 55.
771 2570 826 2624 In
871 2570 1116 2640 proxima
1165 2567 1579 2638 quadragesima
1617 2581 1706 2620 rex
1742 2566 1807 2618 ad
1839 2563 2023 2618 Wet-lu
2056 2579 2145 2618 ve.

572 2666 749 2730 niens,
775 2665 863 2720 ditt
893 2665 1062 2720 colica
1087 2663 1338 2734 passione
1369 2662 1442 2717 ibi
1475 2661 1564 2692 ¹³⁹³
1597 2659 1901 2734 inﬁrmatur
1923 2656 2068 2728 (805)
2094 2666 2149 2711 et

569 2757 736 2814 multa
784 2757 875 2790 “"
921 2772 1018 2826 per
1048 2758 1307 2812 visionem
1337 2755 1439 2811 sibi
1474 2754 1708 2810 revelata
1737 2763 1881 2810 sunt.
1915 2753 1996 2808 Ad
2021 2752 2146 2806 ulti-

571 2865 715 2905 mum
747 2849 984 2904 lacrimis
1014 2856 1066 2902 et
1093 2848 1348 2903 oracione
1396 2847 1688 2902 multorum
1739 2845 2142 2911 convalescens,

569 2940 699 3009 quia
753 2940 805 2994 in
838 2949 945 2994 tam
995 2941 1142 2994 brevi
1176 2939 1456 2994 intervallo
1488 2939 1553 2994 ad
1583 2939 2008 3009 predestinatutu
2039 2952 2143 2991 non

573 3033 738 3087 valuit
774 3033 1060 3104 pervenire
1106 3033 1277 3086 locum
1309 3031 1479 3101 (806).
1515 3030 1772 3086 Paschale
1804 3029 1997 3084 festum
2024 3045 2148 3085 cum

570 3124 877 3180 Meinverco
907 3125 969 3180 sil
994 3125 1007 3178 i
1037 3125 1324 3179 admodum
1373 3123 1625 3178 familiari
1652 3124 1705 3177 in
1728 3123 2144 3178 Pathebrnnnan

570 3215 733 3286 digna
767 3216 1127 3271 veneracione
1171 3219 1376 3284 peregit
1425 3216 1572 3287 (807)
1617 3217 1768 3287 (Apr.
1820 3217 1910 3285 5);
1948 3217 2144 3271 Pente-

538 3309 542 3314 ’
569 3317 754 3360 eosten
783 3315 960 3360 autem
989 3307 1145 3374 (Mai.
1177 3307 1270 3373 Ἡ)
1303 3308 1608 3362 nobiseum.
1660 3308 1712 3360 In
1762 3307 1914 3376 cujus
1965 3308 2146 3380 vigilia

569 3394 872 3451 Bolizlavus
894 3412 1016 3452 cum
1049 3398 1344 3452 securitate
1391 3397 1640 3451 obsidum
1672 3398 1810 3466 apud
1839 3412 1897 3451 se
1927 3398 2146 3452 relicto-

575 3503 691 3540 rum
719 3488 885 3550 venit,
916 3499 970 3542 et
997 3489 1200 3558 optime
1227 3489 1543 3558 suscipitur.
1569 3487 1625 3542 ln
1651 3488 1736 3542 die
1759 3497 1947 3543 sancto
1978 3490 2149 3543 mani-

573 3577 675 3631 bus
717 3577 1002 3646 applicatis
1054 3579 1205 3633 miles
1237 3578 1487 3644 ellicitur,
1541 3586 1595 3634 et
1641 3587 1761 3648 post
1804 3587 2147 3633 sacramenta

572 3667 684 3737 regi
708 3669 774 3721 ad
797 3667 1098 3722 ancelesiam
1119 3678 1314 3724 ornato
1342 3669 1609 3724 incedenti
1635 3669 1870 3738 armiger
1894 3669 2142 3724 habetur.

573 3759 626 3811 In
659 3758 694 3810 2
735 3758 869 3813 feria
901 3757 1057 3829 (Mai.
1081 3759 1173 3827 25)
1204 3775 1383 3829 regem
1419 3760 1627 3831 magnis
1658 3760 1974 3814 muneribus
2014 3774 2043 3813 a
2089 3773 2148 3813 sc

571 3860 626 3910 et
651 3865 682 3903 a
711 3849 1001 3905 contectali
1034 3865 1127 3904 sua
1156 3850 1352 3905 oblatis
1381 3850 1630 3920 placavit,
1674 3849 1977 3920 deindeque
1999 3850 2145 3920 regia

574 3934 825 4009 largitate
857 3939 942 3994 his
973 3939 1194 3994 meliora
1245 3954 1308 3994 ac
1356 3941 1524 3994 multa
1572 3940 1775 4009 majora
1819 3953 1942 3996 cum
1987 3941 2150 3995 bene-

561 4032 691 4091 ,titio
720 4031 810 4086 diu
843 4027 1152 4088 desiderato
1181 4033 1416 4102 suscepit
1453 4033 1566 4097 "9’,
1595 4033 1656 4102 (l‘.
1696 4033 1820 4101 157)
1845 4041 1900 4086 et
1929 4033 2144 4087 obsides

572 4137 698 4176 suos
731 4139 850 4177 cum
890 4125 1094 4180 honore
1123 4135 1176 4178 et
1228 4124 1421 4178 lmticia
1455 4125 1685 4180 remisit.
1719 4120 1848 4179 Post
1879 4125 1991 4178 hare
2015 4139 2144 4180 vero

577 4213 821 4277 lluciam,
879 4215 1080 4270 nostris
1138 4213 1206 4269 ad
1250 4215 1354 4269 hoc
1402 4215 1810 4280 auxiliantibus,
1849 4215 2032 4284 petiit;
2091 4223 2146 4268 et

491 4329 493 4331 ι
537 4305 764 4373 ‘tnagna
830 4304 1065 4374 regionis
1107 4305 1273 4360 illius
1313 4313 1464 4375 parte
1530 4313 1761 4370 vastata,
1812 4320 1935 4360 cum
1993 4320 2145 4359 cont-

575 4392 741 4445 motio
773 4392 916 4450 inter
943 4409 1070 4448 suos
1121 4402 1174 4448 et
1206 4395 1444 4466 hospites
1491 4393 1805 4465 Pezineigos
1859 4395 2006 4465 (808)
2059 4398 2146 4447 tie-

1449 362 1824 421 TlllETMAl‘tl
1866 359 2486 420 MERSEBURGENSIS
2530 363 2838 422 EPISCOPI

945 481 1011 535 Et
1064 477 1400 549 interpositis
1449 477 1641 533 diebus
1679 477 1884 546 paucis,
1923 475 2138 537 Μίθρου,
2174 484 2218 541 Α
2250 477 2467 544 ponitur
2490 475 2662 547 (809),
2691 487 2745 532 et
2769 475 3091 531 succedente
3119 475 3218 530 sibi
3243 474 3466 544 Popone
3481 488 3745 530 converso
3771 488 3821 530 et

3691 365 3712 417 Ι
3723 365 3818 419 53‘}

2254 577 2380 620 tunc
2408 566 2812 620 Laressetnensi
2857 565 2948 597 “9‘
2988 574 3234 634 pastore,
3277 565 3380 619 hoc
3415 566 3808 620 monasterium

2249 655 2614 711 contratribus
2652 656 2758 709 late
2793 654 3222 720 discedentibus,
3255 670 3284 709 a
3312 656 3478 724 priori
3519 664 3665 708 statu
3711 672 3822 709 mu.

2252 758 2396 802 tatur
2441 747 2608 817 (810).
2657 746 2713 799 In
2759 747 2975 801 civitate
3002 747 3300 801 Bernhardi
3340 747 3525 810 ducis,
3560 745 3821 817 Liunbcrg

2248 836 2414 897 diota.
2469 836 2657 890 eodem
2709 850 2852 889 anno
2883 837 3026 890 aeris
3084 838 3141 890 lit
3200 837 3334 890 mira
3381 837 3624 892 mutaeio
3671 847 3762 907 atq
3796 854 3825 893 e

2251 927 2438 987 motio.
2475 936 2530 980 et
2560 928 2834 981 inmensus
2865 937 3021 982 terra:
3064 929 3247 982 hiatus
3285 928 3458 996 (8H).
3496 927 3613 983 Hoc
3649 937 3826 998 stupet

2248 1016 2430 1071 accola
2460 1026 2514 1071 et
2561 1031 2619 1071 se
2664 1017 2814 1086 prius
2855 1033 3145 1088 numquam
3180 1018 3378 1073 vidisse
3419 1027 3677 1073 testatur.
3720 1020 3826 1073 Rex

2251 1117 2430 1159 autem
2469 1106 2534 1160 ad
2577 1106 2943 1161 occidentales
2966 1122 3191 1178 pergens
3226 1107 3493 1178 regiones,
3540 1107 3648 1162 iter
3676 1123 3828 1161 suum

2250 1196 2314 1250 ad
2343 1195 2769 1266 Longabardiam
2801 1196 3092 1265 disposuit,
3122 1207 3172 1252 et
3205 1197 3397 1252 iterum
3426 1196 3494 1252 ad
3541 1213 3646 1252 nos
3680 1213 3830 1267 repe-

2251 1288 2428 1355 davit;
2453 1298 2508 1344 et
2539 1290 2740 1345 inde“
2779 1292 3045 1346 Kalendas
3097 1292 3346 1348 Octobris
3385 1293 3708 1357 discedens,
3741 1308 3835 1364 per

2251 1381 2624 1437 Bawariorum
2649 1383 2782 1439 lines
2810 1396 2973 1455 atque
2999 1385 3314 1440 Swevorum
3342 1401 3516 1456 usque
3559 1387 3630 1439 ad
3656 1385 3834 1440 locum

2251 1475 2342 1544 qui
2366 1476 2656 1529 dicitur....
2695 1476 2806 1540 "’5,
2850 1479 3176 1546 properavit.
3209 1477 3322 1532 llue
3365 1479 3646 1532 exercitus
3684 1477 3836 1530 undi-

2251 1581 2355 1635 que
2390 1567 2636 1634 conﬂuit,
2666 1579 2718 1622 et
2757 1570 2892 1623 bene
2924 1568 3292 1636 a'ljuvantiunt
3338 1570 3596 1625 voluntas
3637 1571 3832 1639 patuit.

2255 1655 2314 1709 Et
2347 1657 2470 1710 h'nc
2503 1672 2671 1726 usque
2712 1659 2780 1713 ad
2827 1659 3052 1713 Romam
3097 1675 3188 1714 rex
3234 1661 3354 1715 sine
3394 1662 3544 1715 omni
3574 1660 3837 1730 scrupulo

2253 1745 2432 1816 regina
2472 1748 2767 1802 comitante
2819 1750 2982 1802 venit.
3043 1745 3122 1802 Ad
3184 1751 3622 1820 supplementum
3679 1750 3836 1821 hujus

2250 1836 2458 1890 itineris
2491 1836 2792 1894 Bolixlavus
2828 1849 2983 1893 antea
3014 1840 3273 1895 invitatus
3303 1843 3377 1896 ait
3410 1845 3680 1912 :spiravit
3703 1886 3723 1910 ,
3783 1855 3836 1898 et

2249 1925 2301 1979 in
2327 1924 2463 1980 bene
2501 1929 2780 1996 promissis
2803 1945 2951 1984 more
2977 1931 3136 1987 solito
3179 1933 3406 1986 mendax
3440 1934 3723 2004 apparuit.
3756 1934 3830 1988 ln~

2248 2032 2412 2086 super
2447 2029 2605 2073 antea
2649 2021 2850 2075 domno
2895 2037 3047 2092 papa:
3081 2034 3302 2093 questus
3330 2035 3413 2080 est
3459 2042 3559 2096 per
3595 2028 3839 2096 epistola:

2247 2113 2590 2181 portitorem,
2610 2126 2668 2169 ut
2698 2131 2801 2170 non
2829 2116 3017 2173 liceret
3052 2121 3152 2174 sibi
3181 2131 3400 2191 propter
3424 2123 3664 2178 latentes
3697 2126 3840 2194 regis

2249 2201 2309 2272 (ι’.
2347 2201 2485 2273 157)
2517 2205 2772 2272 insidias,
2816 2208 3142 2276 promissum
3183 2210 3412 2281 principi
3457 2215 3832 2282 aposteloru-n

2248 2292 2410 2349 Petro
2434 2295 2742 2365 persolvere
2771 2312 3016 2352 censum.
3044 2299 3194 2355 Tunc
3219 2316 3347 2356 vero
3376 2302 3560 2358 missis
3586 2304 3680 2360 illo
3700 2323 3834 2358 nun-

2249 2382 2342 2436 tiis
2366 2384 2530 2438 tacite
2562 2383 2816 2451 rimatur,
2849 2387 3081 2456 qualiter
3113 2404 3205 2444 rex
3247 2391 3299 2444 in
3331 2391 3437 2446 hiis
3467 2393 3562 2424 “"
3587 2395 3835 2464 partibus

2248 2471 2566 2537 haberetur;
2590 2488 2960 2544 quoscumque
2988 2479 3160 2546 potuit
3183 2481 3251 2533 ab
3271 2479 3387 2549 ejus
3409 2483 3586 2549 gratia
3610 2497 3713 2550 per
3734 2482 3834 2536 hos

2248 2576 2498 2617 amovere
2526 2575 2768 2619 conatus.
2804 2565 3008 2621 Tantus
3034 2566 3134 2622 fuit
3163 2569 3287 2625 huic
3312 2582 3597 2640 respectus
3633 2573 3753 2639 Dei,
3778 2585 3830 2625 et

2246 2656 2325 2711 sic
2352 2655 2562 2726 piorum
2591 2659 2822 2727 quesivit
2854 2659 3243 2726 interventum,
3273 2678 3337 2717 ac
3374 2664 3448 2717 ita
3481 2664 3704 2719 cluebat
3731 2665 3833 2720 mi-

2248 2746 2356 2800 litis
2407 2747 2572 2801 ineliti
2634 2747 2788 2803 firma
2844 2750 2998 2816 fides,
3049 2762 3104 2806 et
3149 2753 3216 2806 de
3261 2757 3623 2810 sacramentis
3673 2757 3833 2810 terri-

2245 2835 2442 2891 bilibus
2492 2836 2627 2891 adeo
2678 2841 2913 2894 curavit!
2977 2841 3230 2907 Attende,
3260 2843 3453 2907 lector,
3507 2845 3640 2914 quid
3695 2847 3832 2899 inter

2247 2936 2326 2982 tot
2356 2927 2562 2998 ﬂagicia
2609 2929 2654 2983 is
2687 2929 2873 2985 faciat.
2903 2934 3035 2986 Cum
3082 2948 3140 2988 se
3168 2935 3392 2990 multum
3428 2952 3692 3006 peccasse
3738 2949 3833 2991 aut

2249 3019 2362 3088 ipse
2421 3021 2585 3074 sentit
2626 3032 2718 3075 aut
2762 3022 2942 3092 aliqua
2997 3025 3136 3079 lideli
3191 3028 3550 3098 castigatioae
3599 3045 3832 3099 perper»

2250 3109 2349 3176 dit,
2379 3125 2613 3165 canones
2645 3126 2826 3166 coram
2859 3129 2918 3168 se
2955 3115 3112 3183 poni,
3151 3117 3489 3186 qualiterque
3537 3118 3592 3173 id
3638 3121 3833 3174 debeat

2175 3181 2219 3242 ο
2251 3201 2547 3266 emendari,
2585 3211 2642 3256 ut
2666 3181 2966 3272 quaeratur,
2997 3181 3244 3277 precipit,
3285 3222 3348 3262 ac
3375 3181 3681 3262 secundum
3719 3212 3833 3265 lucc

2248 3292 2446 3362 scripta
2499 3309 2621 3347 mox
2683 3295 2860 3350 scelus
2912 3307 3190 3366 peractum
3241 3313 3477 3370 purgare
3528 3303 3827 3355 contendit.

2248 3381 2418 3451 Major
2472 3390 2649 3437 tamen
2699 3393 2788 3438 est
2826 3385 2874 3438 ei
2918 3387 3253 3441 consuetudo
3293 3389 3604 3457 periculose
3651 3391 3826 3444 dtliu-

2248 3475 2445 3544 quendi
2475 3490 2634 3543 quam
2658 3474 2714 3531 in
2746 3475 2968 3530 salutari
2997 3479 3286 3548 penitentia
3320 3483 3704 3548 permanendi.

2319 3564 2407 3620 57.
2450 3564 2622 3635 Hujus
2647 3583 2852 3637 conpar
2879 3579 2936 3623 el.
2977 3571 3137 3638 quasi
3163 3571 3365 3642 collega
3408 3571 3764 3639 llardwigus,
3799 3592 3831 3628 a

2250 3659 2622 3731 Longabarrlis
2655 3664 2789 3716 falso
2831 3679 2924 3717 rex
2956 3665 3284 3734 appellatus.
3315 3667 3611 3722 adventum
3656 3670 3829 3738 magni

2250 3753 2391 3822 regis
2433 3761 2486 3805 et
2528 3755 2818 3823 potentiam
2868 3758 3172 3812 excercitus
3212 3757 3419 3822 doluit;
3459 3769 3517 3814 et
3550 3761 3678 3830 quia
3725 3763 3833 3816 suis

2248 3845 2455 3898 viribus
2488 3845 2612 3900 huic
2650 3847 2716 3899 ad
2746 3849 3044 3902 nocendum
3073 3847 3282 3910 diuidit.
3319 3850 3376 3904 in
3405 3852 3621 3905 castelli
3661 3853 3830 3904 muni-

2250 3936 2445 3990 tionem
2484 3950 2543 3990 se
2574 3937 2819 4006 protinus
2843 3939 3065 4008 recepit,
3099 3940 3199 3996 hoc
3226 3941 3396 3994 solum
3436 3941 3830 4011 ingemiscens,

2248 4027 2389 4095 quod
2426 4042 2522 4082 rex
2564 4028 2628 4082 ad
2666 4027 2924 4096 majorem
2958 4040 3085 4085 tunc
3119 4041 3340 4087 vocatus
3375 4035 3616 4088 accessit
3665 4035 3826 4087 hono-

2247 4133 2378 4172 rem.
2423 4118 2550 4173 Post
2585 4119 2798 4189 longam
2845 4123 3011 4176 animi
3057 4123 3146 4154 ‘3”
3193 4119 3536 4179 exestuautis
3565 4125 3830 4180 delibera-

2251 4210 2460 4264 cionem
2494 4209 2695 4280 legatos
2718 4211 2783 4264 ad
2810 4227 2987 4282 regem
3012 4213 3177 4280 misit,
3199 4215 3290 4284 qui
3319 4215 3645 4270 comitatum
3667 4231 3831 4284 quen-

2249 4305 2372 4359 dam
2407 4303 2506 4358 sibi
2533 4305 2646 4358 dari
2680 4305 2742 4376 (l.
2782 4305 2904 4370 158)
2935 4316 3206 4377 peterent,
3237 4317 3292 4364 et
3329 4323 3596 4363 coronam
3641 4311 3828 4363 suimet

2247 4412 2368 4452 cum
2404 4395 2529 4450 [iliis
2557 4396 2605 4450 ci
2643 4397 2971 4452 redditurum
2997 4401 3261 4453 veraciter
3291 4401 3697 4469 promitterent.
3724 4400 3828 4454 nec

572 4489 678 4544 ret,
707 4483 922 4537 eosdem
945 4485 1191 4554 quamvis
1211 4486 1407 4540 suimet
1441 4483 1679 4539 fautores
1710 4483 1870 4551 jussit
1909 4486 2140 4540 interlici
2173 4529 2220 4587 Β
2247 4502 2370 4542 cum
2395 4488 2621 4541 consilio
2643 4491 2978 4557 quorundam
3014 4491 3366 4559 acquieseens
3399 4493 3582 4547 facere
3615 4508 3709 4546 rex
3737 4508 3825 4545 no-

580 4587 784 4628 outnes.

769 4667 824 4722 In
854 4666 1038 4724 diebus
1064 4668 1164 4725 illis
1203 4669 1473 4742 Bronhag,
1505 4670 1671 4726 abbas
1706 4667 2018 4731 Vuldensis,
2053 4669 2144 4723 de-

2251 4578 2458 4640 luisset,
2508 4589 2566 4632 ut
2619 4581 2669 4633 iu
2723 4581 3070 4648 sequentibus
3107 4581 3417 4646 euueleaho,
3469 4583 3538 4636 ad
3581 4599 3826 4655 magnum

2253 4671 2365 4726 suis
2392 4670 2744 4727 familiaribus
2779 4675 3059 4744 provenire
3087 4674 3374 4745 datnpnum
3405 4677 3457 4729 id
3488 4687 3681 4747 postea
3707 4692 3826 4746 per-

1848 4821 2078 4879 νΑιιιίΕ
2119 4819 2522 4878 LECTIONES.

644 4956 735 4990 ¹³⁶⁹
766 4957 1075 5015 arehiantes
1099 4974 1237 5014 corr.
1271 4957 1623 5012 archiantites
1650 4957 1702 5012 1.
1774 4957 1864 4988 ¹³⁹⁰

574 5028 866 5082 ---haberct
908 5029 954 5081 l.
1032 5029 1120 5062 “9'
1164 5027 1572 5082 Eodem—obiit
1621 5025 1749 5079 add.
1802 5025 1882 5076 Η).

1913 4953 2954 5028 perget-eut—loquerentur—haberent
2996 4973 3143 5028 corr.
3169 4965 3420 5028 pergeret
3431 4957 3827 5028 —loqtteretnr

1963 5024 2054 5054 '3"
2080 5025 2447 5077 multa—sunt
2485 5026 2536 5075 in
2585 5025 2697 5076 loco
2737 5041 2856 5076 raso
2891 5025 2976 5078 ib.

3056 5026 3149 5057 “"
3186 5026 3310 5080 add.
3346 5029 3367 5082 Ι
3401 5027 3453 5082 b.
3535 5026 3633 5060 "9‘
3664 5031 3823 5082 lares-

576 5098 893 5152 hirsemensi
925 5098 948 5152 ~l
986 5115 1037 5152 a.
1116 5098 1209 5132 ¹³⁹⁸
1241 5096 1447 5152 Nomen
1478 5097 1632 5166 hujus
1667 5094 1766 5153 loci
1798 5092 2003 5148 librarii
2028 5093 2337 5163 negligentia
2369 5094 2615 5145 omissum
2641 5109 2749 5147 esse
2777 5094 2996 5149 videtur.

2083 5189 2310 5283 norm.
