4048 5368
292 284 427 343 1357

1544 295 1954 358 CHRONICON.
1986 333 2053 345 -
2088 303 2214 359 LIB.
2258 304 2345 361 Vl.

289 403 475 455 sensit.
511 400 615 456 Sed
644 402 950 473 priurqnam
987 407 1095 461 lnec
1126 409 1425 478 aggrediar,
1457 427 1578 481 qua:
1613 418 1858 483 superius
1891 430 1933 481 Α

289 493 589 548 indiscussa
610 496 879 551 oblivione
914 501 1155 567 preterii,
1184 503 1495 571 prcscriptis
1523 505 1864 575 interponere

288 597 472 637 001101⁵.

357 694 445 751 58.
483 698 605 753 Fuit
648 702 861 771 quidam
899 703 1038 757 Brun
1075 706 1317 770 nomine,
1358 710 1775 778 conteiuporalis
1810 723 1866 767 et

286 790 710 847 conscolasticus
756 810 924 857 meus,
973 811 1033 848 ex
1078 812 1272 864 genere
1317 798 1616 853 clarissimo
1660 803 1859 866 editus,

286 880 377 932 sed
412 882 587 934 divina
621 884 969 940 miseratione
1008 903 1100 955 pre
1130 889 1342 943 cmtcris
1372 892 1684 958 parentibus
1725 894 1864 947 inter

286 972 425 1027 ﬁlios
452 973 541 1027 Dei
578 974 799 1029 electus.
844 976 940 1032 llic
968 979 1034 1031 ab
1062 980 1146 1032 Ida
1170 1022 1183 1044 ,
1224 983 1515 1036 venerabili
1545 992 1715 1037 matre
1743 1000 1856 1046 sua,

285 1066 441 1117 unice
468 1066 713 1129 uilectus,
752 1069 1062 1138 magisterio
1084 1070 1356 1126 Geldonis
1383 1074 1685 1144 philosophi
1713 1076 1859 1147 (8l2)

284 1156 535 1220 traditur,
566 1166 619 1211 et
648 1173 807 1213 omne
842 1161 984 1228 quod
1017 1161 1217 1217 habere
1260 1165 1350 1195 ⁸³³⁸
1380 1167 1582 1230 debuit,
1612 1184 1731 1220 cuin
1762 1169 1860 1220 ha-

282 1246 587 1302 bundancia
608 1250 696 1289 ην
712 1254 1034 1321 suggeritur.
1053 1252 1220 1323 llujus
1234 1265 1383 1324 pater
1399 1258 1670 1312 eratBrun
1688 1261 1856 1331 (813),

280 1340 463 1393 senior
510 1342 757 1411 egregius
804 1353 858 1397 et
912 1360 1007 1413 per
1056 1357 1251 1400 cuncta
1300 1346 1608 1414 laudabilis,
1652 1354 1859 1409 amicus

278 1430 410 1483 mihi
448 1434 914 1502 consanguinitate
943 1445 997 1490 et
1029 1438 1280 1492 omnibus
1313 1448 1428 1493 erat
1462 1444 1742 1511 proximus
1780 1444 1857 1499 fa-

277 1521 612 1577 miliaritate.
645 1524 811 1580 Filius
842 1535 1018 1580 autem
1051 1526 1166 1595 ejus
1200 1538 1252 1582 et
1285 1532 1577 1598 equivocus
1610 1534 1700 1566 ¹³⁹⁸
1734 1551 1854 1589 cum

278 1627 436 1668 mane
457 1614 523 1667 ad
555 1615 755 1669 scolam
795 1618 873 1671 ire
904 1620 1176 1673 debuisset
1202 1620 1314 1685 "9’,
1345 1633 1631 1691 antequam
1664 1627 1729 1680 ab
1763 1628 1857 1681 ho-

275 1704 446 1772 spicio
476 1707 666 1769 exiret,
709 1710 919 1763 veniam
965 1712 1149 1779 petiit,
1186 1722 1241 1767 et
1282 1713 1587 1770 ludentibus
1615 1718 1767 1773 nobis
1800 1720 1851 1774 in

272 1799 521 1851 oratione
547 1799 592 1852 is
626 1800 717 1831 ¹³⁹³
746 1800 864 1855 fuit.
893 1801 1022 1858 Ocio
1049 1804 1329 1874 negocium
1355 1809 1628 1876 proposuit
1647 1852 1659 1871 ,
1690 1820 1740 1865 et
1774 1811 1853 1867 sic

271 1887 610 1946 frnctilicans
638 1894 702 1947 ad
737 1896 1097 1951 maturitatem
1131 1901 1395 1968 pervenit.
1427 1902 1471 1956 Α
1512 1904 1669 1957 tertio
1708 1906 1852 1960 desi-

273 1981 501 2035 deratur
523 1982 720 2039 Ottone
755 1996 809 2039 et
841 1989 1156 2058 succipitur,
1199 2007 1358 2061 quem
1400 2010 1504 2048 non
1546 1994 1701 2061 longe
1732 2007 1851 2067 post

269 2072 551 2137 deserens,
583 2076 877 2132 solitariam
909 2082 1143 2148 quesivit
1168 2085 1330 2137 vitam
1353 2127 1366 2150 ,
1396 2096 1448 2141 et
1477 2087 1567 2118 ¹⁸⁰⁰
1596 2089 1661 2141 de
1688 2104 1851 2159 opere

267 2176 370 2215 suo
396 2164 543 2217 vixit.
578 2167 624 2221 Is
649 2183 774 2222 vero
801 2182 921 2237 post
946 2182 1172 2227 mortem
1205 2176 1578 2245 gloriosissitni
1620 2180 1850 2251 impera-

267 2258 425 2320 toris,
454 2270 709 2330 reguante
736 2262 823 2294 ¹⁸⁰¹
851 2274 977 2320 tunc
1002 2269 1239 2322 secundo
1269 2270 1356 2323 Dei
1382 2272 1550 2340 gratia
1576 2271 1844 2337 Heinrico,

264 2350 332 2403 ad
376 2350 655 2424 Mersburg
690 2356 940 2421 veniens,
973 2358 1407 2415 benediceionem
1452 2377 1571 2416 cum
1621 2363 1845 2421 licencia

265 2442 451 2496 domui
491 2462 637 2515 papa:
679 2447 1037 2519 episc0palein
1084 2449 1146 2515 (f.
1186 2452 1321 2517 158⁸)
1364 2452 1431 2507 ab
1469 2468 1533 2508 eo
1568 2456 1761 2525 peciit,
1793 2466 1847 2511 et

261 2532 385 2600 ejus
416 2534 664 2603 jussione
696 2540 761 2593 ab
802 2541 1210 2612 archiepiscopo
1247 2542 1521 2610 Taginonc
1562 2561 1849 2601 consecra-

260 2627 503 2690 cionein,
526 2638 577 2683 et
603 2632 743 2700 quod
773 2632 884 2701 ipse
907 2632 1096 2686 detulit
1124 2635 1227 2687 huc
1254 2633 1470 2703 pallium
1505 2636 1700 2691 ibidem
1728 2653 1846 2692 sus-

258 2720 439 2787 cepit.
483 2721 682 2776 Deliiuc
714 2724 783 2777 ob
812 2723 1017 2778 lucrum
1062 2724 1251 2778 anima:
1286 2725 1520 2780 laborem
1560 2728 1724 2781 subiit
1762 2730 1845 2783 di-

254 2824 441 2865 versae
481 2826 544 2865 ac
590 2814 805 2882 grandis
850 2815 976 2879 vite,
1021 2821 1289 2885 cast'gans
1330 2832 1525 2887 corpus
1577 2819 1751 2873 inedia
1792 2830 1845 2874 et

254 2902 520 2956 crucians
549 2903 744 2972 vigilia.
783 2904 945 2959 Multa
977 2920 1004 2957 a
1045 2905 1318 2960 Bolizlavo
1356 2908 1674 2978 cazterisque
1709 2910 1842 2964 divi-

254 2992 412 3045 tibus
435 2992 577 3045 bona
609 2994 869 3061 suscepit,
898 3008 1016 3061 qua:
1052 3009 1175 3047 mox
1217 2994 1473 3049 :ecclesiis
1514 3012 1577 3050 ac
1610 2995 1839 3052 familia-

1886 1758 1928 1817 Β

3409 316 3542 373 I558

2032 420 2119 473 59.
2160 420 2269 476 Nec
2291 421 2722 491 ﬂoccipendenda
2756 425 2846 455 “°'
2879 431 2961 479 est
2985 424 3211 481 Ceronis
3246 429 3535 488 satellitum
3570 480 3571 483 η

1968 513 2295 566 marcliionis
2330 513 2389 581 (f.
2428 514 2546 581 159)
2580 529 2769 586 magna
2799 519 3113 585 presuintio,
3140 534 3300 589 quam
3329 533 3541 593 stupeat

1968 600 2143 655 fidelis
2164 612 2218 655 ct
2249 604 2415 672 fugiat
2454 621 2637 660 amore
2669 608 2905 676 pietatis.
2941 610 3110 663 Causa
3154 612 3454 679 proferatur
3484 617 3538 669 in

1967 693 2223 755 medium,
2252 705 2307 748 et
2330 705 2451 748 tunc
2478 698 2839 765 perpendatur
2867 701 3091 764 factum,
3115 704 3158 755 si
3177 704 3247 757 sit
3273 704 3540 761 laudabile

1965 798 2031 835 an
2067 784 2219 839 bonis
2252 787 2501 840 omnibus
2537 789 2887 844 detestabile?
2920 793 3175 847 Ainulfus
3207 797 3433 852 antistes
3470 800 3537 852 ad

1965 874 2159 928 saltum
2187 876 2416 930 Geronis
2438 920 2451 941 ,
2481 895 2510 933 a
2538 882 2826 935 venerabili
2854 882 3091 950 ejusdem
3130 886 3231 942 loci
3264 890 3540 947 abbatissa

1965 965 2212 1020 llatbawi
2256 970 2321 1022 ad
2357 969 2702 1025 festivitatem
2732 974 2930 1027 Christi
2965 977 3201 1031 martiris
3240 977 3435 1035 Ciriaci
3468 985 3534 1035 ad

1946 1060 2265 1112 'conviviuiu
2293 1060 2573 1127 invitatus,
2600 1065 2775 1128 venit;
2800 1075 2853 1118 et
2884 1067 2934 1118 in
2959 1066 3045 1121 die.
3070 1078 3280 1133 sancto,
3306 1087 3427 1125 cum
3446 1074 3538 1105 ‘W

1961 1158 2084 1216 post
2129 1151 2349 1206 missam
2387 1154 2452 1206 de
2481 1153 2725 1208 azcclesia
2754 1159 3083 1223 ambularet,
3119 1162 3249 1214 vidit
3277 1162 3536 1219 clericum

1962 1242 2271 1309 accipitrem
2306 1245 2356 1297 in
2382 1261 2541 1299 manu
2572 1261 2666 1299 sua
2694 1256 2988 1314 tenentem;
3021 1262 3073 1305 et
3100 1253 3216 1307 ze'o
3237 1266 3539 1310 commotus

1962 1332 2105 1387 hunc
2146 1350 2266 1387 cum
2307 1336 2531 1389 brachio
2573 1338 2771 1391 suimet
2804 1344 3217 1415 comprehendit
3247 1361 3310 1401 ac
3349 1364 3533 1402 secum

1961 1424 2133 1486 duxit.
2163 1440 2265 1479 non
2292 1436 2349 1479 ut
2377 1428 2679 1496 puniretur.
2716 1431 2810 1485 sed
2839 1432 2919 1485 sic
2956 1435 3135 1489 verbis
3175 1437 3537 1495 mediocribus

1960 1517 2346 1586 corriperetur.
2395 1519 2560 1573 Fama
2608 1520 2797 1574 volans
2848 1523 3043 1578 milites
3093 1530 3363 1597 predictos
3405 1548 3538 1585 (on-

1959 1619 2167 1679 gregat,
2222 1625 2449 1678 quorum
2478 1615 2683 1681 primus
2731 1612 2900 1683 llugal
2938 1616 3029 1647 "‘°‘
3058 1626 3274 1675 nomine
3318 1628 3382 1675 ad
3422 1630 3537 1692 epi-

1958 1715 2180 1768 scopum
2229 1702 2472 1769 veniens,
2528 1719 2625 1757 cur
2671 1706 2938 1760 seniorem
2986 1724 3139 1763 suum
3190 1712 3268 1766 sic
3309 1713 3537 1769 inhono-

1958 1806 2078 1845 rare
2119 1794 2374 1848 voluisset
2423 1795 2737 1864 interrogat.
2783 1798 2848 1851 Et
2884 1800 3148 1856 antistes:
3218 1803 3358 1868 Quid
3396 1809 3536 1874 teri?

1953 1882 2158 1952 inquid.
2231 1885 2349 1939 Vidi
2410 1887 2847 1942 abominationem
2914 1890 3143 1957 Christi,
3194 1906 3241 1947 et
3295 1898 3419 1967 quia
3476 1898 3533 1951 in

1952 1998 2064 2035 utea
2101 1983 2294 2050 factam
2322 1984 2619 2053 episcopatu
2660 1986 2965 2049 cernebam,
3007 1988 3263 2040 sustinere
3306 2003 3419 2059 non
3441 2005 3535 2057 po-

1951 2073 2046 2126 tui.
2092 2074 2185 2127 Nil
2217 2075 2342 2128 mali
2372 2076 2569 2144 factum
2607 2088 2700 2131 est.
2741 2076 3010 2132 Ponamus
3040 2079 3175 2132 diem
3208 2080 3348 2133 vobis
3391 2098 3537 2145 com;

1949 2164 2232 2234 placitam;
2276 2176 2325 2219 et
2374 2167 2463 2220 ubi
2508 2168 2779 2237 culpabilt's
2826 2187 2859 2224 a
2901 2171 3258 2224 communibus
3295 2172 3533 2226 incertior

1952 2260 2161 2323 amicis,
2193 2260 2354 2330 digna
2389 2261 2747 2316 emendatione
2784 2264 3019 2316 restituo.
3047 2263 3112 2316 Et
3141 2263 3228 2318 ille
3256 2265 3533 2334 prosequi-

1951 2358 2075 2403 tur:
2103 2350 2214 2404 Nec
2234 2352 2334 2417 sic,
2356 2350 2625 2420 inquiens,
2651 2370 2761 2407 esse
2794 2354 2973 2419 debet,
3008 2371 3099 2408 nec
3133 2355 3206 2408 ita
3235 2355 3352 2423 ﬁeri
3375 2355 3527 2409 ualet.

1948 2440 2122 2497 Hodie
2144 2455 2235 2497 aut
2262 2456 2587 2498 sacramento
2621 2462 2707 2499 vos
2741 2456 3017 2508 excusate,
3061 2457 3149 2499 aut
3186 2448 3377 2500 seniori
3410 2464 3523 2500 utea

1946 2544 1993 2587 et
2027 2536 2172 2588 nobis
2207 2536 2275 2588 ad
2309 2536 2687 2590 emendandum
2714 2538 3019 2596 promittite.
3053 2537 3131 2592 Ad
3156 2538 3268 2592 lucc
3302 2540 3478 2606 presul
3510 2560 3522 2593 :

1948 2623 2142 2679 Sancta
2172 2642 2271 2688 me,
2304 2627 2441 2692 infit,
2476 2626 2830 2685 sollemunitas
2856 2630 3088 2695 prohibet
3110 2628 3319 2697 jnrare,
3357 2639 3402 2681 et
3440 2646 3526 2682 νος

1945 2717 2079 2770 illud
2121 2720 2401 2787 suscipere.
2462 2718 2530 2771 Et
2565 2725 2782 2772 multum
2824 2720 3118 2773 miserabile
3153 2721 3280 2773 milii
3326 2722 3528 2774 videtur

1941 2809 2082 2877 quod
2097 2810 2317 2879 justicia
2351 2827 2381 2862 a
2407 2810 2549 2863 vobis
2572 2810 2697 2862 mihi
2722 2810 2891 2863 solum
2922 2810 3225 2881 denegatur.
3253 2811 3381 2866 Post
3410 2813 3523 2866 haec

1944 2900 2006 2971 (f.
2033 2897 2167 2967 159')
2202 2900 2287 2955 ille
2317 2902 2485 2955 iratus
2516 2901 2817 2971 egreditur,
2842 2910 2896 2955 et
2922 2902 3077 2956 miles
3106 2912 3346 2957 armatus
3374 2904 3523 2973 igno-

1936 2992 2119 3046 rantia
2168 2992 2383 3046 comitis
2416 2992 2505 3023 1”"
2533 2993 2900 3062 glomeratur;
2947 3002 3001 3047 et
3045 3008 3167 3048 cum
3210 2993 3321 3062 jam
3365 2996 3527 3048 vcllct

252 3083 413 3137 ribus
446 3085 557 3138 suis
582 3096 632 3139 et
663 3088 1015 3154 pauperibus,
1051 3086 1123 3140 nil
1158 3087 1257 3142 sibi
1289 3089 1599 3154 retinendo,
1632 3091 1833 3145 divisit.
1867 3098 1909 3158 ρ
1942 3086 2226 3155 episcopus
2254 3100 2482 3147 cenare.
2522 3084 2668 3139 videt
2698 3099 2883 3140 omnes
2908 3086 3246 3155 appropiare.
3282 3087 3480 3141 Domus
3506 3128 3518 3144 .

247 3174 308 3229 In
340 3176 668 3231 duodecimo
696 3179 1065 3233 conversionis
1095 3195 1157 3233 ac
1188 3179 1383 3234 inclita:
1409 3184 1837 3239 conversationis

246 3283 367 3323 Suae
402 3285 548 3322 anno
572 3270 636 3322 ad
667 3268 912 3323 Pruciam
937 3286 1183 3341 pergens,
1210 3272 1421 3327 steriles
1444 3274 1543 3327 bos
1571 3289 1729 3343 agros
1749 3292 1835 3331 se-

244 3360 403 3415 mine
428 3360 611 3414 diviuo
634 3361 837 3415 studuit
862 3361 1180 3426 fecundare;
1214 3362 1330 3427 sed,
1353 3362 1833 3432 spinis’pululanti-

242 3450 369 3513 bus,
402 3452 621 3505 horrida
662 3469 765 3507 non
796 3454 965 3521 potuit
1005 3452 1160 3505 facile
1191 3454 1407 3506 molliri.
1435 3453 1584 3508 Tunc
1625 3455 1675 3508 in
1710 3471 1837 3510 con-

243 3541 382 3595 finio
428 3543 684 3611 predicta:
726 3544 959 3613 regionis
1001 3555 1053 3598 et
1097 3544 1304 3597 “nscia:
1334 3559 1453 3597 cum
1508 3547 1833 3614 prcdicaret,

239 3632 435 3701 primo
478 3633 545 3687 ab
589 3635 779 3689 incolis
819 3636 1131 3704 prohibetur
1183 3636 1305 3698 Μ’,
1349 3644 1403 3690 et
1445 3637 1561 3707 plus
1600 3654 1833 3709 evange-

237 3724 426 3778 lizans
451 3727 680 3795 capitur,
706 3728 1001 3796 deindi-qne
1024 3744 1206 3783 amore
1226 3728 1445 3793 Christi,
1464 3732 1554 3799 qui
1578 3733 1835 3791 mcelcsia:

232 3828 413 3887 Caput
464 3828 568 3880 est,
602 3819 683 3883 16,
718 3820 837 3873 Kal.
870 3820 1041 3873 Martii
1085 3820 1194 3885 (an.
1236 3821 1393 3890 1009';
1428 3822 1572 3891 (8H)
1604 3824 1746 3878 mitis
1779 3837 1836 3881 ut.

230 3925 421 3981 agnus
452 3912 745 3966 decollatur
773 3928 893 3967 cum
922 3914 1084 3967 sociis
1120 3913 1209 3945 W”
1237 3915 1434 3969 suimet
1474 3914 1558 3970 18.
1592 3916 1831 3987 Corpora

229 4012 315 4057 tot
349 4004 645 4057 inartiruin
679 4006 941 4073 insepulta
974 4004 1295 4072 jacuerunt,
1326 4010 1500 4076 quoad
1536 4009 1834 4066 Bolizlavus

228 4096 284 4148 id
316 4096 673 4163 comperiens
712 4096 896 4149 eadem
936 4106 1207 4150 mercatur
1235 4114 1299 4152 ac
1341 4098 1520 4152 domui
1556 4116 1666 4154 sure
1697 4102 1836 4155 finu-

227 4204 357 4241 rum
394 4189 689 4256 acquisivit
719 4188 991 4242 solatium.
1033 4187 1195 4241 Facta
1238 4199 1363 4243 sunt
1405 4199 1580 4243 autem
1629 4193 1740 4246 lucc
1780 4194 1830 4247 in

224 4289 493 4350 tempore
530 4281 855 4335 serenissitni
889 4281 1030 4350 regis
1070 4280 1315 4344 llenrici,
1355 4298 1513 4351 quem
1552 4283 1689 4337 Deus
1718 4300 1827 4337 out-

220 4376 498 4440 nipotcns
531 4374 799 4441 triumpho
831 4374 961 4426 tanti
993 4374 1222 4441 presulis
1254 4364 1747 4439 honorificavit,et,
1776 4390 1829 4433 ut

1945 3180 1997 3233 in
2021 3193 2124 3247 qua
2156 3177 2274 3241 fuit,
2308 3194 2335 3231 a
2360 3179 2474 3233 suis
2503 3178 2731 3231 firmiter
2757 3179 3066 3239 obscratur,
3096 3187 3151 3233 et
3180 3194 3247 3233 ne
3279 3178 3523 3233 hostibus

1941 3271 2114 3327 facilis
2128 3281 2332 3341 pateret
2351 3272 2638 3343 ingressus,
2652 3275 2797 3326 omni
2822 3273 2977 3326 modo
2999 3273 3259 3327 munitur.
3276 3274 3381 3329 Sed
3395 3291 3516 3328 cuni

1942 3379 2061 3419 eam
2081 3364 2191 3434 jam
2216 3365 2528 3435 impugnare
2551 3364 2865 3428 voluissent,
2892 3364 3094 3419 dictum
3129 3366 3233 3420 biis
3258 3377 3339 3420 est
3366 3381 3522 3420 vera—

1942 3456 2097 3518 citer,
2126 3456 2266 3524 quod
2296 3455 2549 3510 sacerdos
2579 3455 2685 3507 alio
2708 3455 2982 3509 declinans
3011 3456 3205 3511 ibidem
3231 3472 3333 3511 non
3365 3458 3515 3511 inve-

1939 3547 2167 3599 niretur.
2201 3545 2351 3599 Tunc
2382 3546 2426 3599 is
2454 3546 2504 3598 in
2528 3545 2763 3598 claustro
2786 3552 2841 3597 et
2872 3546 3083 3598 tandem
3109 3546 3159 3598 in
3188 3547 3518 3600 monasterio

1938 3634 2206 3705 queritur,
2233 3644 2287 3687 et
2315 3634 2405 3688 Dei
2440 3634 2613 3701 gratia
2657 3648 2763 3705 non
2794 3633 2900 3687 ullo
2926 3635 3007 3687 sui
3042 3633 3304 3688 dedecore
3341 3634 3517 3688 latens

1937 3735 1993 3780 et
2013 3726 2128 3779 litec
2148 3726 2328 3779 omnia
2362 3740 2624 3793 cernens,
2656 3723 2962 3777 nullatenus
3000 3724 3090 3757 ¹δ⁰⁸
3116 3725 3406 3779 invenitur.
3432 3728 3512 3779 Ad

1935 3817 2184 3871 ultimum
2226 3816 2414 3871 sedato
2457 3814 2657 3876 lurore,
2692 3814 2762 3868 bii
2809 3816 2876 3869 ad
2917 3814 3215 3883 hospicium
3253 3814 3343 3845 ¹⁰³⁹
3388 3831 3512 3885 per-

1938 3925 2103 3981 gunt,
2146 3920 2199 3964 ct
2248 3909 2437 3962 domos
2473 3922 2601 3961 suas
2646 3908 2830 3960 tristes
2877 3908 3137 3960 revisunt.
3188 3906 3513 3962 COuvocatis

1936 4015 2149 4074 postera
2178 4002 2291 4055 luce
2320 4002 2580 4055 militibus
2610 4000 2741 4061 suis,
2768 3999 3023 4053 Arnult‘us
3044 4004 3110 4053 ad
3131 4001 3511 4068 propriarum“

1937 4094 2197 4149 remeavit
2224 4094 2403 4147 sedem
2425 4133 2439 4157 ,
2468 4093 2905 4158 abbatissatuqne
2944 4092 3101 4144 nimis
3129 4093 3342 4146 ﬂentem
3370 4094 3511 4148 sola-

1916 4199 2040 4242 tur.
2082 4187 2194 4240 Hoc
2237 4196 2403 4238 totum
2449 4180 2539 4237 res
2574 4183 2942 4251 comperiens,
2984 4184 3381 4251 ionspiratores
3409 4185 3508 4240 bos

1935 4281 2035 4335 sibi
2062 4281 2295 4350 pret-epit
2334 4276 2655 4346 prescntari.
2690 4276 2858 4341 Quem
2901 4292 3021 4327 ('lllll
3058 4276 3300 4330 inarcliio
3327 4279 3507 4346 predi-

1933 4382 2052 4427 ctus
2074 4372 2236 4425 nimis
2266 4370 2460 4423 iratum
2504 4376 2769 4426 cerneret.
2799 4382 2893 4435 per
2921 4368 3278 4423 inrernuutios
3321 4370 3506 4423 fideles

219 4465 475 4517 multum
513 4479 703 4532 spero,
737 4464 982 4517 salvavit.
1015 4464 1176 4517 Pater
1206 4474 1385 4518 autem
1419 4468 1644 4535 preilicti
1687 4471 1822 4521 anti-
1858 4444 1909 4504 θ
1931 4478 2052 4516 eum
2090 4461 2305 4530 placare
2349 4459 2555 4511 ηίιίιιπ-
2594 4457 2702 4510 “05
2730 4472 2821 4509 τοι
2848 4471 2909 4508 εει
2950 4458 3164 4511 Γέλοίοιιθ
3191 4460 3414 4521 ειιιάῖνίῑν
3447 4473 3507 4514 ιιι

214 4556 377 4609 stitis
410 4556 573 4625 longe
603 4566 722 4624 post
752 4556 1075 4617 infirmatus,
1100 4566 1156 4608 et
1188 4555 1278 4586 ‘W’
1302 4566 1358 4610 ut
1389 4557 1502 4624 ipse
1534 4560 1664 4612 mibi
1700 4578 1823 4613 nar-

212 4649 396 4709 ravit,
431 4655 689 4717 precepto
719 4646 808 4698 lilii
845 4646 959 4709 "‘°*,
996 4646 1371 4699 monachicum
1409 4650 1645 4717 suscepit
1676 4651 1705 4702 b
1748 4651 1825 4704 bi-

214 4750 375 4801 tum,
436 4748 495 4791 ct
548 4739 611 4791 Ην
678 4736 945 4792 Kalendas
998 4736 1316 4791 Novembris
1372 4740 1422 4791 in
1486 4755 1616 4807 pace
1670 4743 1812 4810 quie-

209 4834 294 4887 vit
329 4832 517 4903 (815).

1930 4551 2079 4621 prius
2132 4556 2493 4603 trecentorum
2549 4547 2781 4616 pondera
2840 4545 3157 4598 Lalentorum
3212 4548 3504 4617 episcopali

1927 4642 2202 4697 solverent
2229 4638 2451 4695 dicioni.
2480 4647 2535 4691 et
2562 4638 2650 4706 qui
2684 4637 2735 4690 in
2765 4636 2867 4689 hoc
2899 4635 3039 4689 facto
3064 4636 3357 4705 cu'pabiles
3382 4652 3505 4691 esse

1926 4736 2336 4801 deputarentur,
2366 4738 2457 4780 aut
2488 4735 2832 4780 sacramento
2855 4740 3076 4779 suorum
3116 4726 3174 4777 11
3208 4727 3503 4778 amicorum

1923 4832 2308 4895 expurgarent,
2358 4829 2453 4873 aut
2498 4820 2795 4873 secundum
2849 4815 3172 4869 canonicam
3215 4813 3514 4868 auctorita.

1540 4961 1770 5016 VARIA‘}
1816 4958 2217 5017 LECTIONES.

288 5055 392 5087 “"
434 5052 591 5107 abire
627 5054 649 5107 1
693 5070 745 5105 a.
824 5052 912 5083 "9'
950 5050 1214 5126 babuncia
1504 5055 1892 5136 et_equivocus
1936 5051 2122 5139 adtigi}

2834 5035 2928 5066 ιἰοο
2954 5032 3228 5088 et—vixit
3248 5033 3371 5085 add.
3406 5031 3427 5082 1
3464 5031 3518 5089 ί).

2285 5045 2378 5079 “‘9’
2420 5043 2666 5095 debuiset
2701 5043 2747 5093 I.
2834 5043 2928 5066 “W
2954 5043 3228 5088 et—vixit
3248 5043 3371 5085 add.
3406 5043 3427 5082 ι
3464 5043 3486 5083 tJ

2290 5114 2389 5140 «καί
2433 5115 2532 5140 ,ΑΛ
2597 5113 2616 5140 ι
2669 5113 2693 5140 ι.
2822 5105 2919 5135 μοι
2962 5103 3419 5140 ﬂnnninnnd-nniln
3467 5101 3486 5129 ⁸

2290 5114 2389 5140 e'JI's
2433 5115 2532 5140 -.ΑΛ
2597 5113 2616 5140 Ι
2669 5113 2693 5140 ι.
