4048 5368
274 263 397 319 1381

266 468 489 535 b.buit,
542 471 678 527 duas
714 476 871 531 nobis
918 480 1143 535 tradidit
1186 480 1419 536 familias
1465 484 1637 553 (825).
1684 484 1860 540 Evan-

263 560 463 629 gelium
494 577 629 618 auro
663 575 720 621 et
756 566 937 622 tabula
976 582 1232 627 ornatum
1268 573 1507 629 eburnea
1552 585 1607 631 et
1635 576 1858 631 calicem

267 670 496 712 aureum
556 668 717 728 atque
772 676 1104 731 gemmatum
1163 682 1283 721 cum
1338 670 1521 738 patina
1590 670 1739 727 dedit
1804 680 1860 726 et

264 749 443 802 ﬁstula
502 750 681 821 (828).
729 769 922 810 cruces
973 757 1106 812 duas
1144 768 1199 813 et
1234 761 1483 830 ampulas
1518 776 1584 816 ex
1629 772 1857 832 argento

266 834 439 893 factas
486 848 540 893 et
583 857 835 912 magnum
875 844 1099 901 calicem
1136 863 1201 902 ex
1244 850 1431 904 eodem
1474 850 1690 905 metallo
1733 868 1856 907 cum

263 928 445 996 patina
470 930 631 984 simul
653 931 725 986 ac
756 932 933 988 fistula
964 936 1131 991 dedit.
1168 938 1433 1008 Quicquid
1472 941 1524 995 in
1553 942 1757 1012 prediis
1785 944 1853 998 ab

274 1022 711 1077 antt'cessoribus
741 1025 877 1080 meis
912 1027 1214 1099 neglectum
1242 1039 1382 1096 erat,
1408 1042 1661 1102 precepto
1694 1048 1853 1089 reno-

265 1120 439 1163 varat.

328 1198 390 1271 (f.
421 1200 554 1275 141⁸)
591 1203 762 1272 Quem
785 1207 1008 1263 laudant
1028 1211 1233 1281 superi,
1258 1227 1580 1269 veneremur
1599 1231 1698 1271 nos
1718 1233 1855 1286 quo-

1460 1306 1588 1377 [qne
1618 1310 1781 1372 servi,

336 1387 658 1445 Promentes
686 1392 875 1463 dignas
898 1394 1100 1450 nostris
1125 1410 1191 1451 ex
1221 1398 1476 1453 cordibus
1498 1400 1654 1457 edas.

333 1480 432 1535 Est
471 1482 818 1566 biecnamque
843 1485 982 1541 Deus
1020 1488 1221 1553 trinus,
1255 1489 1307 1543 in
1340 1490 1536 1546 deitate
1570 1494 1662 1549 sed
1689 1509 1849 1559 unus,

331 1570 400 1626 Et
424 1573 540 1627 sine
569 1588 677 1643 quo
706 1574 886 1633 nullus
920 1587 1133 1649 regnat,
1168 1580 1308 1637 Dens
1338 1582 1425 1638 ille
1459 1583 1742 1656 benignus.

323 1669 501 1732 Atque
523 1663 723 1720 bonum
754 1682 1049 1735 summum,
1082 1670 1356 1743 depellens
1381 1691 1546 1731 omne
1572 1656 1848 1746 nocivum,

326 1752 584 1825 Largitur
600 1758 745 1815 emlo
765 1774 885 1831 qua.-
911 1773 1137 1832 prosunt
1160 1766 1411 1822 omnibus
1433 1767 1581 1823 alto-

326 1843 499 1906 Verus
527 1850 817 1910 mendaces
843 1853 1165 1912 confuderat
1184 1856 1275 1914 hic
1312 1860 1476 1917 modo
1514 1870 1701 1928 testes,

1458 276 1961 337 CliliONlCUN.-—
1996 284 2119 342 ΜΒ.
2163 286 2270 343 Yll.

264 376 515 433 onmibus
555 380 728 437 curtis
774 397 912 452 quas
956 386 1009 441 in
1058 387 1355 460 Thuringia
1400 399 1456 445 et
1521 391 1573 445 in
1619 392 1858 448 Saxonia
1886 406 1934 464 Α

3411 286 3559 341 1362

2035 398 2348 455 llcinricum
2380 415 2558 471 regem
2590 400 2834 454 dicentes
2861 397 3174 467 inperialem

2032 490 2231 545 Curam
2262 506 2368 546 non
2401 500 2805 561 suscepturum,
2846 505 2943 544 nec
2965 490 3195 559 denique
3223 489 3381 559 longo

2034 582 2302 653 Tempore
2330 583 2683 654 regnandum,
2706 582 2801 637 sed
2823 598 2948 636 seva
2974 594 3148 635 morte
3171 582 3565 650 premendum-

2031 673 2184 729 Nunc
2210 686 2336 729 sunt
2362 676 2586 741 bisseni,
2614 675 2755 744 quod
2782 689 2944 743 regno
2972 671 3191 743 prefuit,
3217 673 3369 737 anni,

2032 765 2314 822 Scandens
2343 784 2623 823 cesaream
2652 776 2777 838 post.
2800 777 2980 823 rector
3010 766 3190 822 clarus
3218 768 3269 821 in
3309 767 3514 831 aulam,

2029 856 2124 913 lllo
2153 872 2357 921 mense,
2391 875 2566 914 meam
2597 876 2705 929 quo
2734 859 2971 915 solverat
3001 858 3114 928 ipse
3139 857 3471 913 cathedram.
3588 850 3597 911 ζ

2028 946 2135 1003 lsta
2194 948 2311 1005 dies
2361 950 2588 1019 putt-lno
2640 950 2881 1020 signetur
2930 948 3074 1004 clara
3133 949 3315 1017 lapillo
3362 947 3559 1011 (ΗΜ-ς

3082 1038 3221 1110 μὶαι.
3253 1055 3330 1104 ix,
3360 1034 3473 1109 53).

2028 1128 2145 1197 Qua
2173 1130 2286 1200 regi
2311 1141 2496 1187 nostro
2528 1146 2586 1186 se
2612 1131 2796 1185 subdit
2830 1130 3001 1186 Roma
3033 1130 3288 1199 benigno,

2032 1221 2209 1291 Atque
2242 1221 2453 1292 liquore
2479 1237 2636 1277 sacro
2662 1220 2913 1291 perfusus
2943 1221 3160 1293 gaudet,
3185 1230 3240 1277 et
3265 1221 3409 1276 almo

2027 1309 2155 1365 Fert
2176 1320 2361 1382 grates
2389 1310 2637 1377 Domino,
2666 1312 2763 1381 qui
2790 1327 2849 1366 se
2880 1312 3118 1367 visitavit
3144 1312 3213 1367 ab
3232 1311 3362 1375 alto,

2026 1403 2107 1458 Ae
2132 1402 2505 1471 Cuuiguudam
2528 1401 2883 1458 contectalem
2915 1402 3015 1458 sibi
3052 1417 3259 1457 caram.

2028 1496 2287 1553 Summus
2305 1507 2490 1568 pastor
2502 1508 2631 1554 ovat
2646 1494 2760 1564 ¹⁸³¹,
2780 1497 2982 1552 chorus
3004 1504 3169 1567 atque
3179 1512 3311 1551 suus
3330 1507 3561 1566 quoque:

3244 1586 3470 1659 [cantat,

2023 1677 2178 1745 Quod
2206 1687 2331 1732 sunt
2356 1679 2554 1741 securi,
2578 1687 2728 1733 tanto
2755 1689 2969 1734 rectore
2996 1677 3171 1747 potiti.

1880 1750 1927 1810 Β
2026 1765 2360 1836 Merseburg,
2383 1778 2439 1823 et
2469 1778 2522 1822 tu
2549 1768 2845 1825 conciones
2864 1768 3123 1823 omnibus
3146 1773 3271 1823 actu
3300 1766 3413 1820 “".

1382 2073 1747 2161 LIBER
1816 2068 2443 2161 SEPTIMUS.

319 2263 374 2318 1.
413 2262 474 2332 (1.
513 2263 636 2333 ME.)
675 2264 929 2322 Decursis
956 2284 985 2321 a
1018 2268 1298 2323 Dominica
1330 2269 1715 2327 incarnacione
1751 2270 1844 2302 ‘m

248 2364 365 2425 post
410 2354 699 2410 millenarii
737 2346 1127 2426 plenitudinem
1166 2361 1376 2415 numeri
1422 2360 1513 2393 N‘
1545 2361 1701 2415 annis
1739 2371 1844 2416 tre.

248 2447 463 2510 det-im,
498 2456 552 2502 et
592 2448 643 2502 in
687 2450 1071 2521 subsequentis
1107 2454 1233 2508 anni
1280 2457 1523 2511 secundo
1560 2472 1745 2512 mense
1782 2472 1845 2512 ac

249 2539 556 2593 ebdomada
606 2542 813 2608 tercia,
866 2557 1010 2598 anno
1067 2553 1246 2600 autem
1298 2549 1450 2619 regni
1503 2548 1621 2617 ejus
1677 2550 1843 2605 tercio

246 2628 463 2683 decima
515 2628 699 2701 (825),
748 2641 804 2687 et
864 2633 956 2689 die
996 2636 1311 2701 Dominica,
1369 2656 1431 2694 ac
1487 2641 1553 2695 16
1591 2641 1681 2672 ⁸⁸³⁸
1720 2640 1841 2695 Kil.

252 2720 446 2774 Marcii
486 2721 597 2791 (an.
640 2723 808 2788 1014,
848 2724 1010 2780 Febr.
1044 2727 1155 2799 14),
1190 2726 1501 2797 Heiiu-ieus,
1538 2733 1628 2787 Dei
1670 2734 1841 2804 gratia

254 2825 350 2863 rex
395 2809 644 2873 inclitus.
672 2827 703 2866 a
742 2817 1085 2872 senatoribus
1119 2818 1406 2876 duodecim
1452 2822 1682 2878 vallatus
1729 2822 1837 2886 Μ’.

250 2917 488 2971 quorum
519 2902 551 2957 6
576 2904 681 2958 rasi
712 2905 903 2970 barba,
927 2907 1016 2963 alii
1047 2910 1252 2978 prolixa
1289 2914 1500 2968 mistice
1522 2914 1843 2970 incedebant

246 3008 377 3047 cum
415 2991 622 3049 baculis
660 2995 778 3063 “",
814 3013 936 3052 cum
976 2999 1168 3056 dilecta
1234 3005 1433 3059 suimet
1472 3004 1698 3077 conjuge
1739 3008 1845 3061 Cu-

251 3085 489 3152 uigunda
514 3087 580 3139 ad
611 3088 911 3144 (ecclesiam
936 3093 1111 3145 sancti
1136 3093 1308 3159 Petri,
1337 3111 1468 3167 papa
1499 3108 1840 3168 expectante,

250 3176 403 3229 venit
444 3175 569 3243 “‘3‘;
608 3188 659 3234 et
701 3190 992 3250 antequam
1029 3183 1489 3251 introduceretur,
1533 3191 1599 3245 ab
1650 3192 1841 3245 eodem

252 3268 625 3339 interrogatus
671 3272 717 3326 si
759 3272 932 3327 ﬁdelis
952 3273 1109 3329 vellet
1144 3275 1403 3333 ltotnante
1437 3273 1694 3348 pati'onus
1721 3295 1842 3336 esse

248 3366 307 3410 et
335 3357 589 3413 defensor
626 3362 907 3427 tecelesite,
942 3364 1041 3417 sibi
1074 3376 1257 3421 autem
1292 3369 1513 3439 suisque
1552 3384 1838 3424 successo-

253 3448 407 3501 ribus
429 3464 524 3518 per
544 3454 726 3505 omn'a
752 3452 1155 3519 lidelis,drvota
1184 3457 1514 3527 professione
1542 3459 1837 3527 respondit,

1950 2270 2091 2323 mani
2132 2278 2241 2323 tres
2276 2268 2506 2323 extitere
2532 2269 2701 2337 (827).
2744 2267 2881 2339 llug,
2922 2268 3069 2324 llecil
3116 2285 3176 2324 ac
3212 2269 3383 2325 Ecilin
3414 2268 3556 2335 “W,

1947 2363 2037 2432 qni
2071 2370 2255 2431 postea
2287 2361 2428 2431 capti
2458 2370 2583 2415 sunt
2608 2370 2662 2415 et
2693 2362 2744 2414 in
2775 2362 3017 2415 custodia
3051 2361 3252 2417 delenti
3277 2378 3291 2426 ;
3321 2378 3385 2417 ex
3416 2362 3539 2430 qui-

1948 2453 2046 2506 bus
2075 2466 2214 2505 unus
2249 2451 2337 2482 '“‘
2381 2451 2433 2504 in
2476 2451 2581 2505 biis
2621 2451 2864 2519 partibus
2908 2452 3109 2513 evasit,
3139 2451 3407 2506 secundus
3441 2449 3537 2484 ¹⁶⁵¹

1945 2554 2126 2597 autem
2173 2544 2239 2596 ad
2288 2541 2460 2596 Fuldu
2510 2541 2771 2596 deductus
2810 2548 2894 2594 est
2938 2541 3047 2605 ω’,
3095 2542 3146 2594 in
3195 2541 3535 2595 lvicanstene

1946 2642 2127 2687 autem
2160 2631 2254 2667 ⁸⁸⁸³
2285 2631 2507 2687 castello
2531 2632 2721 2684 tertius
2751 2630 2843 2662 M'
2868 2630 2958 2685 diu
2988 2640 3255 2684 servatur.

2017 2721 2073 2775 2.
2102 2719 2388 2775 Arnulfum
2432 2720 2654 2773 fratrem
2710 2733 2894 2779 suum,
2926 2733 3083 2788 quem
3115 2717 3415 2772 Ravennati
3444 2718 3537 2751 W“

1945 2820 2100 2869 antea
2126 2810 2352 2883 prefecit
2376 2810 2657 2873 «sceleste,
2690 2824 2847 2865 cesar
2885 2810 3061 2864 denuo
3106 2809 3533 2873 intbrouizatum

1948 2907 2015 2961 ab
2044 2904 2339 2976 apostolico
2370 2904 2569 2958 ibidem
2612 2903 2702 2939 tt“
2742 2902 3051 2957 consecrari
3092 2902 3355 2971 precepit.
3392 2898 3532 2955 Sub-

1943 2998 2303 3069 plantatorem
2333 2995 2731 3051 Etbelbertum
2761 2994 2850 3026 ¹³δ⁵
2877 3002 3056 3048 autem
3109 2992 3227 3060 ejus
3276 2993 3336 3060 (f.
3388 2990 3542 3061 N2)

1947 3091 2147 3160 injuste
2179 3088 2249 3144 ibi
2302 3088 2393 3142 diu
2428 3088 2728 3151 sedentem,
2770 3087 2949 3157 primo
2995 3085 3163 3140 voluit
3205 3086 3532 3156 degradare,

1945 3182 2037 3236 sed
2083 3181 2302 3235 assidua
2352 3181 2563 3250 piormn
2611 3179 2856 3234 devictus
2907 3179 3316 3241 intercessione,
3376 3180 3536 3233 alteri

1944 3272 2169 3341 prefecit
2210 3272 2482 3333 :ecelesite.
2513 3272 2734 3327 nomine
2766 3271 2970 3325 Aricia.
3002 3269 3057 3324 In
3099 3269 3364 3324 Ravenna
3392 3268 3549 3324 duos.

1944 3376 2001 3420 et
2030 3366 2213 3419 Romae
2243 3365 2463 3420 totidem
2490 3364 2719 3418 sinodali
2744 3363 2950 3432 judicio
2987 3377 3122 3432 papa
3154 3361 3423 3431 deposuit,
3466 3364 3559 3415 ab
3590 3392 3595 3397 ν

1944 3457 2353 3527 archiepiscopo
2399 3455 2577 3511 Leone
2601 3455 2716 3525 jam
2766 3463 2914 3509 mulo
2971 3454 3116 3525 (8‘28)
3165 3464 3531 3508 consecratos.

250 3546 311 3590 et
353 3548 481 3593 tunc
521 3538 588 3593 ab
615 3544 803 3596 eodem
848 3543 1160 3615 unctionem
1194 3546 1283 3578 ⁸⁸⁵³⁸
1312 3557 1367 3600 et
1402 3562 1659 3601 coronam
1693 3547 1840 3617 (826)
1869 3541 1915 3603 C
1948 3548 2272 3603 Sanctorum
2322 3548 2568 3602 instituta
2620 3556 2867 3616 patrum,
2929 3546 2982 3599 in
3032 3546 3205 3599 sacris
3255 3544 3536 3597 ordinibus

249 3644 379 3684 cum
420 3632 707 3687 contectali
753 3650 849 3689 sua
885 3639 1161 3710 suscepit;
1203 3639 1437 3711 priorem
1472 3650 1652 3695 autem
1691 3655 1846 3695 coro-

253 3734 384 3772 nam
434 3735 596 3790 super
647 3724 817 3779 altare
868 3726 1135 3798 principis
1184 3729 1542 3800 apostolorum
1591 3730 1843 3801 5t15pendi

250 3811 520 3883 precepit.
557 3813 757 3872 Eodem
793 3818 879 3873 die
922 3829 1061 3892 papa
1095 3821 1174 3877 eis
1206 3837 1394 3877 cenam
1446 3821 1512 3876 ad
1565 3823 1845 3881 Lateranis

252 3901 386 3958 facit
423 3905 714 3975 copiosam.
754 3908 812 3962 lu
846 3919 1043 3968 octava
1067 3930 1197 3969 vero
1234 3914 1319 3968 die
1352 3913 1535 3985 (Febr.
1574 3914 1669 3987 21)
1701 3916 1845 3972 inter

250 3993 533 4050 Romanos
572 4007 625 4051 et
665 4010 941 4056 nostrates
984 4020 1178 4075 magna
1222 4006 1396 4058 oritur
1433 4006 1735 4062 eommocio
1784 4008 1839 4063 in

252 4092 423 4150 ponte
447 4082 721 4151 Tiberino,
744 4096 799 4141 et
823 4090 1099 4163 utrimque
1125 4094 1275 4147 multi
1308 4108 1653 4161 corruerunt,
1683 4109 1842 4153 nocte

248 4190 351 4251 (ξοδ
381 4178 453 4257 at!
481 4179 730 4241 ultimum
766 4183 1079 4243 dirimente.
1113 4187 1280 4251 lluins
1320 4189 1393 4243 rei
1434 4197 1685 4244 auctores
1719 4204 1839 4260 ger-

1945 3640 2144 3694 ibidem
2192 3647 2247 3693 et
2292 3639 2431 3708 apud
2466 3654 2563 3694 nos
2592 3638 2708 3701 diu,
2748 3651 2845 3705 pro
2886 3635 3072 3689 dolori
3110 3636 3377 3705 neglecta,
3405 3649 3530 3688 cum

1945 3730 2507 3785 excommunicatiune
2544 3730 2912 3795 redintegrata
2945 3726 3037 3759 ¹⁸⁴⁶
3066 3725 3362 3780 renovavit.
3402 3724 3531 3778 Pro-

1946 3802 2130 3879 liibent
2170 3837 2402 3891 namque
2432 3836 2688 3884 canones,
2715 3829 2773 3873 ut
2802 3828 2928 3873 ante
2949 3817 3019 3872 25
3047 3831 3220 3871 annos
3247 3815 3541 3878 diaconus,

1944 3914 2213 3985 presbiter
2234 3923 2413 3968 autem
2446 3924 2499 3969 et
2528 3914 2813 3983 episcopus
2858 3919 2983 3966 ante
3011 3908 3080 3965 50
3107 3923 3278 3963 annos
3327 3921 3531 3975 nequa-

1947 4022 2110 4077 quam
2137 4006 2441 4061 ordinetur.
2471 4003 2585 4060 lloc
2618 4005 2745 4075 quia
2792 4019 2899 4058 non
2941 4001 3298 4067 servavimus,
3346 3998 3535 4053 miseri

1947 4099 2382 4169 prevaricatores
2409 4112 2614 4161 sumus,
2648 4093 3379 4162 excommunicationemque
3400 4089 3551 4145 inci-

1946 4191 2126 4246 dimus
2158 4190 2268 4245 ηδ’.

1565 4343 1800 4399 νΑΒΙιλΕ
1840 4344 2247 4402 LECTIONES.

331 4449 420 4482 "‘"
456 4452 617 4506 bm'at
660 4455 744 4509 la.

254 4522 588 4595 {leutnftfum
632 4526 853 4577 carmini
893 4527 1233 4595 praemittitur
1288 4527 1446 4577 rubra
1494 4526 1770 4595 Prologus.

255 4659 351 4730 ίδχτ
401 4677 629 4730 quorum
657 4693 726 4705 --
756 4659 1137 4719 baculis-"add.
1176 4663 1256 4717 lb.

257 4729 353 4763 IN
400 4729 461 4785 Η,
518 4731 582 4786 ll,
636 4750 698 4789 at:
742 4733 801 4787 Ε.
853 4734 981 4789 add.
1028 4736 1118 4789 .lb.

257 4801 501 4857 "'“add.
536 4804 613 4857 lb.
674 4804 766 4835 ωδ
805 4807 1064 4861 raventati
1099 4806 1150 4859 1.
1230 4802 1323 4834 ¹⁴⁵¹⁵⁵
1351 4804 1475 4857 at“.
1513 4804 1592 4857 “’-

893 4453 985 4486 "”'
1021 4454 1370 4558 Dir'iubilnml
1401 4455 1659 4558 Dorlninp,
1726 4470 1823 4521 per
1859 4471 2018 4558 (ιιιιεῧιὲ
2054 4458 2260 4540 pollere
2315 4458 2520 4558 videris
2557 4458 2704 4558 misit.1
2725 4457 2782 4511 2.
2827 4458 2913 4558 ubi
2962 4457 3154 4527 legitur
3179 4472 3287 4540 {ac
3312 4470 3401 4558 Ity.

259 4531 375 4573 rtem
431 4531 588 4573 t‘lfum
632 4531 853 4577 carmini
893 4531 1233 4592 praemittitur
1288 4531 1446 4577 rubra
1494 4531 1770 4595 Prologus.
1922 4531 2014 4558 “"
2053 4531 2366 4583 iucarcioue
2410 4531 2460 4582 1.
2612 4531 2704 4560 ⁸⁵³⁸
2743 4538 2863 4597 post

259 4591 357 4622 ⁸³⁸⁸
388 4590 499 4645 XVI
524 4594 690 4658 primo
718 4595 897 4648 [inbuit
928 4596 946 4647 1
976 4610 995 4661 3
1024 4596 1113 4648 sed
1146 4594 1187 4647 Χ
1223 4611 1428 4647 erasum
1459 4605 1554 4648 est.
1585 4595 1667 4648 Vl.
1704 4595 1819 4649 Kal.
1859 4594 2015 4650 Mart.
2043 4599 2198 4651 etiam
2232 4600 2420 4652 habent
2451 4598 2588 4651 Ann.
2621 4596 2865 4651 Hildeslt.

259 4659 351 4693 “"’
401 4677 629 4723 quorum
657 4693 726 4705 --
756 4664 961 4718 baculis
1013 4666 1137 4719 add.
1176 4663 1256 4717 lb.
1408 4664 1502 4697 'm
1520 4681 1642 4719 eum
1669 4664 1818 4719 clero
1848 4666 1974 4719 add.
2015 4667 2049 4720 2
2081 4667 2144 4720 Α.
2180 4666 2237 4723 S.
2263 4686 2315 4721 α.
2345 4669 2503 4722 1014.
2652 4668 2749 4699 ’⁸³³
2784 4668 2865 4722 inn

1209 4681 1256 4717 ο.
1410 4681 1502 4697 ’πο
1520 4681 1642 4719 cum
1669 4681 1818 4719 etero
1848 4681 1974 4719 naa.
2015 4681 2049 4720 2
2081 4681 2144 4720 Α.
2180 4681 2237 4723 δ.
2263 4686 2315 4721 α.
2345 4681 2503 4722 tu”.

1200 4733 1286 4765 ¹“¹
1312 4734 1385 4786 ita
1423 4734 1502 4788 ib.
1540 4735 1645 4803 lmg
1670 4745 1759 4785 (ml
1791 4736 1928 4789 llecil
1970 4735 2057 4789 1η.
2108 4740 2377 4808 scripsisse
2410 4738 2635 4792 videtur.

1230 4802 1323 4834 “"5
1351 4804 1475 4857 adt.
1513 4804 1592 4857 lb.
1673 4805 1764 4835 ’διδ
1788 4807 2096 4861 redinarata
2138 4808 2189 4861 1.
2268 4810 2355 4841 ⁸³³⁷
2386 4808 2607 4861 nomine

1788 4821 2096 4875 reumgrata
2138 4821 2158 4861 1
2175 4849 2189 4861 .

2612 4527 2704 4597 if“
2743 4538 2863 4597 post
2903 4557 2973 4570 —
3010 4530 3217 4582 numeri
3258 4529 3383 4582 add.
3445 4533 3529 4581 tb.

3015 4597 3110 4628 ⁸⁵³⁸
3139 4599 3408 4651 uuallaltts
3445 4601 3531 4652 1η.

2652 4668 2749 4699 ’⁸³³
2784 4668 3169 4738 imtnctionem
3204 4670 3435 4738 regalem
3472 4667 3529 4719 2.

2789 4737 2880 4769 im
2909 4740 2983 4791 ita
3024 4737 3109 4791 lb.
3155 4736 3209 4789 in
3242 4736 3354 4790 loco
3391 4753 3531 4789 raso.

2268 4810 2355 4841 ⁸³³⁷
2386 4808 2607 4863 nomine
2635 4807 2815 4863 Aricia
2846 4836 2917 4847 —
2945 4805 3234 4861 incidimus
3283 4804 3409 4859 add.
3449 4805 3532 4859 tb.

1741 4957 1973 5014 ΝΟΤᾸΞ.

328 5075 474 5147 (8⁵23)
510 5076 571 5131 ν.
596 5075 1209 5147 οῐιτιτιτιηιλῖηψθττιιοτῑε
1236 5075 1293 5147 d.
1325 5078 1379 5130 d.
1423 5076 1752 5147 Merseburg,
1782 5092 1834 5132 a.

255 5147 412 5208 1010,
438 5145 544 5199 Jul.
572 5150 640 5201 28
668 5147 804 5215 apud
838 5144 1065 5207 "(ili-r1,
1096 5166 1135 5210 ι,
1169 5156 1211 5199 t.
1234 5145 1275 5205 Ι,
1305 5147 1509 5215 p.160.

324 5216 480 5288 (824)
520 5217 718 5288 Fistula
752 5214 817 5266 al.
865 5216 1114 5280 calamus
1151 5217 1443 5288 suctorins,
1484 5219 1637 5284 cujus
1674 5231 1837 5285 opera

248 5286 433 5338 vinum
488 5302 521 5338 e
564 5287 727 5338 calice
772 5298 798 5334 a
849 5286 1393 5338 eonmmnicantihus
1448 5288 1834 5338 baurielmtur.

1941 5074 2238 5134 Gobelinns
2280 5073 2516 5136 Persona
2567 5075 2625 5128 in
2657 5074 3034 5133 Cosmodmm.
3088 5069 3253 5134 Apud
3296 5067 3546 5124 Meibom.

1945 5156 1985 5218 t.
2020 5146 2057 5210 Ι,
2096 5163 2153 5216 p.
2194 5152 2317 5208 259.
2373 5150 2499 5205 Uas.
2539 5144 2837 5218 _|_gno_rasse
2870 5148 3088 5218 videtur
3118 5137 3358 5218 Ursinus
3384 5152 3551 5218 pecu-

1944 5211 2139 5275 liarem
2186 5222 2381 5276 librum
2425 5220 2497 5272 lo.
2538 5211 2718 5289 Vogtii
2760 5217 2897 5271 Ilist.
2933 5211 3127 5289 fistula;
3169 5211 3551 5289 eucltarislica

1941 5316 2012 5327 ⁸·-
2038 5301 2105 5338 ex
2157 5293 2479 5338 mitinnitate
2513 5279 2711 5338 ερειέε.
2754 5296 2806 5338 61
2845 5279 3217 5338 Scrinlnriltns‘
3263 5300 3270 5312 -
3367 5279 3377 5294 '
