4048 5368
509 266 648 324 i563

1442 268 1730 334 FlilETSiA
1743 281 1806 336 iii
1846 281 2469 346 MERSEBURGENSIS
2510 286 2811 351 EPISCOPI

3624 293 3761 353 ιπι

571 388 622 438 5.
658 386 989 441 Dominicam
1017 391 1468 446 resurrectionem
1502 405 1794 463 imperator
1830 399 1881 452 iu
1911 399 2072 467 Papia
2108 407 2151 463 Α
2179 404 2254 455 sis
2305 405 2566 460 decorans
2612 408 2705 439 ‘m
2753 406 3055 463 crnatibns.
3127 409 3295 479 llujus
3343 392 3554 465 obitum
3609 406 3757 481 signa

499 479 718 533 civitate
746 480 1026 534 celebrans
1076 480 1221 550 (Apr.
1268 482 1383 554 26),
1430 485 1732 542 instabilem
1771 487 2077 558 Langobar-

499 573 692 628 dorum
727 559 820 609 ίδδέ
853 584 1086 630 mentem
1116 578 1345 632 caritate
1370 580 1580 635 cunctis
1606 581 1847 636 exhibita
1899 584 2078 638 ﬁrma-

498 666 594 719 vit.
642 665 850 722 Dehinc
877 667 1082 721 sedatis
1131 668 1447 725 tumultibus
1492 671 1778 739 universis,
1834 690 2082 730 reversus

443 802 447 808 .
496 766 582 810 rst
619 756 686 811 ab
710 756 861 812 italia
887 772 1045 812 cesar
1076 758 1200 825 ¹⁴¹⁵⁹;
1224 769 1279 814 et
1307 759 1608 832 Hardvigus
1632 765 1701 817 ob
1746 766 1847 819 hoc
1896 767 2082 820 admo-

417 833 430 893 ἶ
497 848 624 900 dum
653 848 891 917 gavisus,
924 848 1315 906 Fercellensem
1349 852 1544 907 invasit
1573 853 1873 920 civitatem,
1902 855 2081 912 Leone

497 937 738 1005 ejusdem
777 940 1031 1012 episcopo
1081 943 1167 996 vix
1224 942 1533 1013 effugiente.
1591 945 1817 1001 Omnem
1866 963 2080 1016 quoque

498 1029 641 1085 banc
687 1031 964 1087 civitatem
1015 1035 1500 1104 comprehendens,
1554 1038 1746 1091 iterum
1799 1040 2081 1108 sup’rbire

495 1122 674 1200 cepit;
703 1138 862 1193 quem
891 1125 1025 1178 utin
1056 1127 1408 1194 sequentibus
1437 1142 1668 1198 expono,
1696 1129 1875 1184 divina
1908 1131 2079 1200 maje-

495 1198 609 1269 stas
653 1216 815 1270 nimis
868 1217 1207 1273 humiliatqu
1260 1233 1321 1272 se
1371 1218 1692 1288 culpabilem
1755 1236 2080 1293 cognoscere

495 1306 671 1376 coegit
707 1307 819 1360 Μ’.
859 1308 917 1363 in
950 1309 1053 1363 biis
1095 1310 1339 1379 partibus
1367 1326 1521 1366 cesar
1563 1312 1648 1344 ⁸³⁵⁸
1687 1313 2077 1382 episcopatum,

494 1398 638 1466 quod
688 1408 808 1453 erat
841 1400 1064 1467 tertium
1100 1396 1278 1456 devoti
1325 1404 1505 1471 operis
1539 1403 1620 1457 sui
1676 1416 2074 1472 ornamentum,

494 1489 552 1543 in
582 1488 748 1544 Bobia
777 1491 925 1560 (829)
949 1492 1188 1557 civitate,
1208 1495 1294 1548 ubi
1320 1494 1655 1550 Christicolae
1680 1497 1850 1550 sancti
1873 1507 1926 1551 et
1950 1512 2081 1552 cou-

496 1581 729 1638 fessores
762 1582 929 1637 incliti
975 1581 1340 1649 Columbanus
1386 1596 1441 1641 et
1488 1586 1665 1641 Attala
1721 1585 2094 1657 corporaliter

495 1675 864 1742 requiescunt,
898 1677 1169 1730 communi
1200 1678 1427 1732 consilio
1472 1690 1528 1733 et
1562 1679 1773 1747 licrutia
1823 1695 2074 1749 compro-

2183 498 2598 565 prenuutiabant
2632 500 2753 555 ista.
2791 500 3064 557 Vivarium
3096 501 3208 569 “’9,
3236 503 3377 572 quod
3409 505 3465 557 in
3507 503 3758 559 orientali

2179 598 2333 658 parte
2358 591 2505 645 urbis
2530 601 2614 647 est
2638 594 2894 663 positum,
2927 610 3095 665 usque
3131 596 3184 650 in
3234 597 3465 650 mediam
3491 596 3639 650 diem
3670 609 3759 665 ap-

2179 680 2360 747 paruit
2384 683 2762 753 sauguineum,
2785 694 2841 739 ct
2863 696 2984 755 post
3006 687 3165 741 viridi
3204 686 3297 718 ‘“'
3318 687 3513 741 colore
3549 695 3638 741 est
3661 701 3760 739 va-

2182 770 2397 825 riatum.
2452 771 2634 828 Multis
2683 785 2767 831 est
2808 777 2981 831 visum
3026 778 3117 812 ¹⁸⁸⁸
3170 780 3312 849 quod
3349 779 3563 836 meritis
3606 780 3763 834 istius

2181 865 2356 932 neptis
2389 880 2506 919 mea
2546 881 2606 921 se
2652 881 2776 921 cum
2818 868 2994 938 palma
3041 870 3389 942 virginitatis
3418 870 3759 939 precederet.

2181 954 2401 1024 Sepulta
2424 968 2504 1010 est
2535 964 2715 1011 autem
2739 959 2921 1031 egreia
2961 959 3162 1016 Christi
3194 962 3256 1030 (ι.
3309 961 3470 1033 145'),
3507 974 3707 1031 sponsa
3733 975 3761 1013 a

2177 1045 2357 1100 Bcrnh
2378 1048 2494 1107 ‘rdo
2520 1046 2769 1119 Antiquae
2793 1052 3032 1107 civitatis
3056 1052 3205 1124 (835)
3225 1055 3505 1125 episcopo,
3534 1070 3643 1108 non
3675 1054 3763 1108 ubi

2179 1136 2351 1205 petiit,
2386 1137 2479 1192 sed
2515 1140 2603 1193 ubi
2631 1155 2852 1209 gemens
2886 1144 3232 1214 congregatio
3276 1161 3372 1200 sua
3429 1145 3665 1214 rogavit.
3712 1145 3766 1198 ῖιι

2180 1229 2358 1282 medio
2392 1230 2653 1286 mcclesire
2694 1248 2879 1289 coram
2929 1245 3131 1291 sancta:
3155 1238 3336 1292 crucis
3361 1237 3523 1292 altari
3553 1237 3649 1270 “‘“
3679 1236 3767 1290 ubi

2177 1319 2519 1387 postmodum
2559 1322 2656 1389 per
2697 1322 2816 1391 ejus
2864 1326 3045 1381 nobile
3096 1328 3347 1383 meritum
3397 1329 3639 1397 quodam
3678 1330 3768 1362 ⁸⁸⁸¹

2146 1410 2296 1463 ‘viro
2326 1412 2414 1465 diu
2442 1412 2604 1467 debili
2633 1423 2688 1469 et
2723 1431 2844 1471 cum
2893 1417 3142 1475 scabellis
3187 1422 3277 1477 diu
3325 1421 3419 1455 ⁸⁸⁸⁸
3463 1424 3783 1501 ambulanti

2181 1504 2369 1557 tribuit
2394 1507 2741 1575 ortutipoteus
2762 1508 2906 1566 Deus
2931 1509 3144 1566 facilem
3176 1528 3445 1585 gressum.

2248 1596 2301 1650 5.
2340 1597 2617 1668 inperator
2653 1609 2851 1664 autem,
2884 1605 3218 1661 trauscensis
3254 1606 3499 1679 Alpibus,
3522 1607 3770 1663 caeteris-

2179 1700 2283 1756 que
2311 1687 2681 1757 adjaceutihus
2733 1684 3025 1762 provinciis
3066 1698 3301 1768 regendo
3332 1699 3618 1765 decursis,
3671 1712 3771 1752 na-

494 1765 807 1820 vincialium
861 1768 1237 1838 episcoporqu
1300 1772 1636 1835 construxit;
1691 1774 1817 1841 quia
1865 1787 2076 1827 summa
2109 1757 2153 1815 Β
2185 1780 2289 1835 tale
2325 1778 2533 1837 Domini
2582 1757 2879 1840 celebravit
2921 1786 2975 1840 in
3020 1757 3260 1842 Palitbir‘
3289 1788 3354 1843 Et
3406 1799 3531 1859 post
3562 1757 3687 1845 hmo
3707 1788 3781 1843 ad

496 1858 816 1919 necessitas,
839 1870 912 1924 et,
941 1876 1061 1930 qua
1094 1876 1214 1916 eam
1252 1863 1516 1932 precellit,
1549 1864 1747 1919 Christi
1779 1866 1982 1920 caritas
2011 1865 2079 1920 ad

496 1951 606 2004 hoc
658 1951 952 2021 instigavit.
1011 1953 1111 2009 llic
1162 1969 1285 2010 cum
1337 1957 1570 2009 maxima
1620 1959 1980 2027 prosperitate
2026 1968 2083 2013 ct

497 2041 665 2110 gloria
699 2043 921 2113 Alpinas
962 2056 1183 2115 superat
1210 2044 1549 2101 tlillicultates
1578 2064 1640 2102 ac
1667 2061 1866 2103 nostra:
1901 2063 2078 2121 regio-

495 2133 582 2188 nis
606 2134 739 2188 adiit
766 2140 1109 2203 serenitates,
1131 2138 1257 2207 quia
1283 2141 1430 2194 aeris
1452 2140 1608 2209 hujus
1629 2151 1683 2195 et
1712 2142 2079 2197 habitatorum

497 2224 793 2294 qualitates
820 2229 1021 2283 nostris
1069 2245 1173 2283 non
1221 2232 1552 2286 concordant
1605 2233 1869 2301 partibus.
1902 2232 2081 2289 Multae

495 2326 642 2379 sunt,
668 2334 767 2388 pro
799 2318 989 2375 dolor!
1022 2320 1075 2375 in
1110 2319 1376 2375 Bouiania
1412 2333 1575 2391 atque
1608 2324 1661 2377 in
1708 2323 2078 2395 Longobardia

396 2478 399 2481 ν
495 2408 738 2476 insidiae;
792 2411 1001 2467 cunctis
1047 2412 1151 2467 huc
1200 2412 1610 2469 advenientibus
1678 2417 1870 2486 exigua
1936 2425 2085 2486 patet

497 2500 733 2566 caritas;
780 2517 940 2558 omne
965 2504 1184 2574 quodibi
1221 2505 1460 2574 hospites
1508 2507 1737 2578 exigunt
1761 2509 1949 2564 venale
1976 2518 2079 2574 est,

495 2592 679 2649 ethoc
699 2609 821 2649 cum
855 2595 1001 2663 dolo,
1049 2595 1315 2667 multique
1368 2599 1547 2654 toxico
1598 2598 1691 2631 ⁸⁸⁸³³
1723 2600 1808 2655 hic
1856 2610 2085 2669 pereunt

499 2685 763 2742 adhibito.
830 2726 831 2729 η
910 2710 915 2713 ·

570 2778 717 2845 4.(ῖ.
765 2782 890 2853 145)
940 2780 1144 2840 Eodem
1186 2800 1329 2840 anno
1362 2785 1397 2840 4
1459 2783 1732 2840 Kalendas
1773 2783 1900 2840 Mai.
1951 2785 2085 2841 obiit

499 2869 730 2927 Karolus
782 2888 966 2931 comes
1014 2876 1205 2947 (850),
1264 2877 1487 2948 Ricdagi
1537 2878 1870 2933 marcbionis
1918 2878 2081 2943 titius,

496 2964 589 3031 qui
637 2980 798 3021 omne
846 2968 1044 3022 suimet
1101 2968 1410 3024 benefitium
1465 2969 1662 3040 injuste
1711 2970 2083 3025 accusantium

422 3047 426 3050 ⁴
497 3055 711 3125 turgida
745 3056 1019 3114 inﬂatione
1042 3069 1098 3115 et
1118 3060 1260 3115 nulla
1292 3061 1375 3116 sui
1425 3060 1516 3092 ¹⁴⁵³
1565 3060 1721 3132 culpa
1766 3062 1916 3131 prius
1955 3077 2053 3132 per

499 3147 655 3212 didit,
694 3160 748 3203 et
775 3150 979 3205 illatum
1026 3149 1233 3207 facinus
1262 3152 1636 3222 :equanimiter
1669 3154 1924 3222 portavit.
1972 3153 2078 3207 Eo-

497 3237 622 3292 dem
646 3241 732 3294 die
770 3242 947 3311 neptis
983 3257 1100 3297 mea
1126 3242 1397 3298 Matbildis
1419 3243 1587 3317 (851),
1616 3259 1737 3314 quae
1767 3247 1819 3300 in
1847 3247 2079 3301 Gerouis

497 3329 637 3382 saltu
672 3345 794 3385 cum
825 3333 1019 3386 domua
1049 3333 1246 3389 Hatbni
1283 3335 1558 3390 abbatissa
1593 3336 1719 3406 jure
1749 3338 2075 3406 consangui-

502 3421 688 3477 uitatis
757 3423 848 3478 ditt
907 3425 1265 3495 nutriebatur,
1321 3425 1560 3481 animam
1615 3426 1711 3473 «³⁵⁵⁵
1773 3428 2073 3494 exhalavit;

499 3527 661 3579 qumn
712 3515 837 3582 quia
870 3516 969 3571 sibi
1023 3531 1402 3572 successuram
1454 3519 1777 3573 venerabilis
1828 3528 2074 3578 matrona

498 3622 713 3673 semper
735 3610 962 3677 optavit,
997 3608 1260 3666 insolabili
1294 3626 1505 3666 merere
1537 3620 1802 3666 mortuam
1826 3610 1993 3678 flevit,
2022 3622 2079 3667 et

499 3698 637 3752 hanc
670 3698 721 3752 in
746 3700 993 3765 proximo
1017 3717 1199 3757 mense
1226 3700 1368 3757 Jullo
1415 3702 1466 3755 4.
1519 3692 1699 3757 Nonas
1747 3704 1936 3759 eadem
1984 3701 2076 3735 ¹⁴⁸⁶

497 3790 860 3859 subsequitur.
895 3792 969 3846 Dc
1006 3794 1161 3862 cujus
1191 3793 1446 3851 laudabili
1479 3795 1587 3847 vita
1618 3794 1872 3869 quaedam
1893 3794 2074 3849 brevi“-

497 3889 583 3935 ter
634 3896 913 3951 percurro.
975 3884 1095 3939 Fuit
1143 3885 1259 3939 hsce
1316 3887 1513 3956 reginae
1566 3885 1839 3941 Mabtildis
1890 3885 2074 3941 inclita

494 3976 693 4046 neptis,
727 3991 791 4030 ac
822 3974 914 4006 ‘m
940 3976 993 4030 in
1028 3978 1090 4031 l5
1119 3977 1292 4031 anatis
1339 3992 1450 4031 sua:
1501 3992 1643 4031 anno
1687 3975 1916 4033 Gerouis
1967 3977 2074 4034 tilio

496 4071 827 4126 mar-chionis
877 4070 1132 4141 Sigifrido
1180 4080 1458 4141 nupserat.
1486 4081 1542 4126 et
1589 4072 1679 4103 ’W
1706 4087 1828 4127 cum
1857 4086 1923 4127 eo
1958 4079 2075 4125 tau-

498 4171 609 4213 tum
641 4162 671 4214 7
702 4178 872 4218 annos
909 4162 1195 4231 conjuncta
1236 4173 1375 4218 erat.
1427 4163 1556 4218 Post
1594 4164 1747 4234 cujus
1789 4178 2072 4219 excessum

495 4251 566 4303 ob
590 4251 679 4306 Dei
710 4269 946 4311 amorem
990 4265 1045 4308 et
1077 4256 1243 4310 tristis
1276 4255 1526 4310 solatium
1578 4255 1807 4310 senioris
1859 4271 2071 4311 sacrum

499 4357 530 4395 a
562 4341 869 4401 lieruhardo
896 4348 1136 4402 antistite
1166 4349 1311 4416 (832)
1350 4348 1589 4403 velamen
1630 4355 1685 4400 et
1715 4362 1838 4401 mox
1877 4362 2074 4402 conse-

2182 1873 2495 1945 Itlersehurg
2520 1877 2760 1942 veniens,
2788 1879 3045 1936 Bolizlavi
3075 1882 3232 1938 fidem
3261 1892 3315 1938 et
3360 1882 3631 1937 auxilium
3660 1883 3773 1936 suis

2184 1966 2420 2023 innotuit
2460 1969 2727 2036 fidelibus,
2754 1980 2809 2026 et
2840 1981 2898 2027 ut
2924 1973 2994 2028 ab
3018 1974 3099 2029 eis
3129 1975 3197 2029 ad
3229 1975 3651 2030 excusationem
3680 1981 3776 2027 aut

2184 2060 2400 2115 indicta:
2443 2062 2518 2116 rei
2548 2064 2979 2120 emendationem
3036 2065 3083 2120 is
3133 2075 3442 2129 vocaretur,
3477 2066 3775 2120 unanimes

2183 2150 2373 2219 poscit.
2432 2151 2652 2207 Interim
2706 2168 2874 2224 nepos
2917 2169 3093 2217 meus,
3142 2169 3327 2209 comes
3369 2153 3774 2217 Wirinbarius,

2184 2240 2442 2297 instinctu
2494 2242 2586 2274 ¹⁸⁶³
2642 2243 2959 2301 malesuasa:
2997 2245 3298 2316 juveutntis
3348 2253 3404 2298 et
3456 2243 3775 2299 doiosarum

2186 2332 2621 2389 machinamento
2646 2335 2928 2391 mulierum
2959 2352 3081 2390 cum
3110 2336 3297 2404 paucis
3328 2334 3431 2379 ¹⁸⁶⁸ι
3465 2335 3539 2389 ad
3583 2334 3775 2387 urbem

2186 2422 2450 2495 Birhlingi
2494 2435 2740 2480 vocatam
2770 2427 3046 2482 Dominica
3091 2426 3177 2482 die
3205 2426 3351 2482 venit
3395 2424 3562 2498 (Nec.
3613 2425 3694 2494 Ἰ),
3718 2434 3776 2479 ct

2184 2510 2439 2566 domuum
2478 2510 2718 2581 ejusdem
2752 2514 3051 2569 Reinildam
3076 2518 3224 2585 prius
3244 2530 3275 2569 a
3312 2530 3372 2569 se
3401 2515 3775 2570 desideratam

2185 2598 2448 2659 fraudatis
2478 2607 2789 2661 custodibus
2818 2605 2997 2677 rapuit
3044 2607 3287 2661 invitam.
3333 2605 3587 2676 Namque
3617 2606 3772 2676 iupe-

2185 2689 2374 2758 ratori,
2408 2704 2465 2748 ttt
2506 2696 2653 2751 nullo
2684 2696 2774 2729 “‘5
2802 2697 3005 2767 absque
3046 2697 3273 2753 scientia
3310 2707 3365 2750 et
3403 2697 3638 2751 consilio
3664 2696 3774 2749 sui-

2185 2794 2295 2840 met
2326 2802 2580 2856 umquam
2614 2789 2918 2844 sociaretur
2942 2789 3158 2854 marito,
3186 2789 3301 2843 haec
3327 2796 3488 2841 antea
3540 2786 3773 2840 firmiter

2184 2875 2461 2944 promisit;
2492 2886 2548 2931 et
2574 2878 2643 2932 ob
2672 2879 2772 2933 hoc
2800 2893 2923 2932 cum
2949 2878 3187 2933 clamore
3222 2886 3278 2931 et
3305 2876 3511 2947 ejulatu
3550 2874 3772 2930 deduci-

2188 2974 2293 3021 tur.
2326 2966 2437 3023 lloc
2472 2968 2753 3024 audientes
2783 2985 2906 3023 cum
2937 2968 3223 3025 clientibus
3252 2968 3541 3034 satellites,
3571 2966 3770 3021 armati

2185 3042 2536 3121 conv'euiuut,
2574 3068 2630 3113 et
2672 3075 2736 3113 ex
2780 3060 2866 3114 his
2903 3075 3064 3124 unus,
3109 3057 3321 3115 Vullerd
3371 3058 3615 3124 nomine,
3650 3055 3770 3111 vul-

2184 3148 2313 3205 nere
2338 3150 2456 3205 diro
2485 3151 2747 3205 tardatur.
2775 3151 2879 3208 Sed
2926 3168 3027 3206 una
3057 3167 3122 3205 ex
3161 3150 3374 3204 ancillis
3410 3164 3538 3205 cum
3570 3164 3633 3205 se
3675 3164 3770 3221 pa-

2184 3238 2316 3296 riter
2349 3243 2541 3301 abduci
2574 3244 2664 3276 "“
2688 3254 2923 3315 rogaret,
2949 3253 3005 3298 et
3027 3243 3181 3313 jussu
3208 3244 3443 3299 senioris
3491 3244 3577 3298 sui
3629 3244 3771 3299 hanc

2180 3348 2394 3389 sumere
2422 3334 2663 3391 Alwinus
2692 3334 2886 3391 nobilis
2911 3334 3194 3400 voluisset,
3224 3334 3457 3388 vallatur
3502 3334 3762 3405 undique.

2179 3436 2232 3483 et
2260 3437 2505 3498 nepotem
2534 3444 2709 3483 meum
2736 3427 2796 3500 (f.
2826 3427 2946 3497 144)
2961 3428 3072 3497 jam
3098 3428 3224 3481 tunc
3244 3441 3525 3497 egressum
3550 3436 3770 3482 revocat

2180 3519 2232 3573 in
2260 3521 2536 3574 auxilium.
2568 3520 2703 3575 llinc
2729 3530 3013 3590 antequam
3035 3520 3084 3575 ei
3106 3519 3195 3552 ‘W
3224 3527 3639 3574 succurreretur
3656 3519 3765 3579 “5‘.

2180 3626 2279 3681 pro
2310 3611 2491 3665 dolor!
2532 3610 2774 3682 appetiit.
2806 3611 2872 3665 Et
2894 3610 3146 3665 dominus
3180 3608 3298 3680 ejus
3323 3609 3651 3674 adveniens,
3689 3608 3765 3661 in-

2178 3700 2260 3755 fra
2298 3693 2585 3770 clauditur,
2614 3712 2669 3757 et
2702 3704 2768 3758 ab
2821 3718 2927 3757 uno
2966 3717 3247 3757 servorum
3300 3699 3396 3732 ““
3444 3699 3763 3763 sauciatur;

2177 3809 2339 3863 quem
2391 3795 2639 3864 protinus
2682 3794 2869 3849 lancea
2917 3791 3219 3864 perfossum
3256 3807 3411 3846 muro
3463 3790 3666 3854 indixit,
3713 3799 3767 3845 et

2179 3896 2427 3952 ca-tcros,
2476 3899 2534 3941 ut
2588 3886 2688 3941 sibi
2742 3886 2964 3957 propius
3015 3877 3276 3941 accedere
3329 3899 3436 3937 non
3477 3882 3763 3947 auderent,

2180 3981 2400 4036 terruit:
2428 3988 2483 4035 et
2527 3978 2618 4010 “7°
2654 3993 2776 4032 cum
2828 3993 2956 4033 suos
2984 3978 3139 4048 longe
3177 3993 3298 4032 cum
3356 3988 3613 4032 matrona
3655 3973 3765 4044 iam

2178 4075 2268 4135 ii"
2296 4074 2493 4135 exisse,
2525 4070 2625 4125 sibi
2658 4080 2835 4124 autem
2863 4069 3063 4123 nullum
3089 4067 3346 4123 evadendi
3369 4066 3552 4121 locum
3569 4077 3752 4137 patere

2176 4168 2427 4229 vidisset,
2465 4164 2653 4219 relicto
2699 4164 2944 4234 protinus
2973 4177 3133 4231 equo,
3171 4176 3229 4215 se
3272 4159 3481 4214 dimisit
3525 4174 3559 4213 a
3590 4171 3762 4224 mtuo,

2175 4268 2230 4311 et
2260 4275 2287 4310 a
2319 4256 2495 4323 lapide
2524 4253 2770 4321 sequenti
2798 4252 3083 4306 admodum
3114 4251 3423 4320 depressus,
3458 4250 3647 4304 tristes
3677 4248 3761 4301 vix

2176 4350 2424 4420 pervenit
2451 4348 2517 4401 ad
2546 4348 2740 4403 socios.
2774 4344 2815 4400 Α
2844 4345 3038 4414 quibus
3068 4358 3238 4412 usque
3259 4341 3345 4396 Wi
3387 4342 3481 4373 "7’
3512 4341 3584 4396 ad
3607 4339 3760 4395 villici

501 4436 817 4499 orationem,
842 4447 900 4492 ut
942 4440 1169 4507 predixi,
1201 4440 1456 4510 suscepit.
1513 4441 1708 4494 sedens
1763 4438 1832 4493 55
1887 4454 2077 4507 annos,
2114 4447 2158 4505 ι)
2185 4441 2387 4496 cesaris
2416 4442 2634 4494 domum
2685 4446 2947 4508 portatus,
2985 4434 3057 4489 ibi
3096 4450 3218 4490 cum
3246 4432 3435 4502 paucis
3462 4432 3560 4464 ¹⁸⁷²
3582 4429 3760 4487 εειάὶ·

493 4539 608 4580 tam
637 4528 849 4583 assidua
881 4529 933 4584 in
960 4532 1161 4585 Christi
1183 4532 1404 4585 servitio
1430 4542 1486 4585 ttt
1514 4532 1666 4585 Anna
1695 4529 1807 4593 ⁸⁵⁸⁸,
1836 4538 1891 4584 et
1918 4539 2081 4586 tanta:

495 4619 762 4689 largitatis
788 4620 1222 4692 utSareptltena,
1258 4624 1309 4678 in
1351 4624 1601 4677 castitate
1645 4632 1699 4678 et
1751 4621 2077 4679 abstinentia

496 4712 688 4770 similis
716 4711 902 4771 Judith
932 4715 1046 4782 ‘W,
1076 4714 1359 4772 ecclesiam
1390 4715 1491 4769 sibi
1516 4714 1862 4770 commissam
1898 4713 2078 4769 diver-

2185 4531 2409 4596 missus;
2438 4539 2493 4584 et
2520 4529 2791 4584 dominam
2826 4542 2947 4581 cum
2975 4541 3165 4604 magna
3200 4522 3554 4578 festinatione
3578 4535 3760 4577 avexe-

2183 4634 2332 4689 runt,
2368 4639 2511 4678 nunc
2541 4623 2628 4678 hic
2660 4636 2799 4674 nunc.
2825 4619 2935 4674 illic
2956 4634 3078 4673 cum
3108 4632 3170 4672 ea
3224 4616 3529 4678 latitantes,
3560 4615 3755 4668 adven.

2182 4722 2293 4770 tum
2319 4713 2521 4770 domini
2547 4710 2758 4769 solliciti
2783 4708 3160 4781 prestolantes.
3203 4704 3308 4761 Sed
3332 4700 3758 4775 villicusiuiqui-

1816 4847 2045 4903 VARI/1‘3
2084 4846 2486 4904 LECTlONES.

567 4942 661 4976 ⁸⁵⁸⁸
688 4944 1038 5014 laugobarum
1071 4959 1208 4998 corr.
1224 4943 1593 5012 .longobarum
1621 4941 1675 5024 la.
1730 4939 2045 5024 “ff-erasnm
2072 4941 2124 4993 1.
2180 4938 2695 5024 ¹⁸¹ί⁰ημθωττρροεῖι
2725 4938 2781 4991 in
2811 4950 2998 5024 ζαειξζα
3025 4926 3758 5024 ξςτὶρξὶξρξῇεςῖξιξητίειξ

3673 4994 3757 5024 ιηι

3363 5007 3509 5024 ηιμ...
3542 4998 3565 5024 Ι
