4048 5368
256 258 394 316 1365

1530 274 1943 336 CHRONICON.
1964 308 2034 320 —
2063 276 2191 334 LIB.
2229 277 2339 333 νη.

3391 273 3526 330 1566

253 372 663 446 tatislmspitent
693 375 966 436 inftrmunt
992 381 1287 455 inperatori
1314 402 1436 442 mox
1465 388 1553 421 “7°
1578 390 1831 459 prodidit,
1863 403 1908 455 Α
1941 391 2248 446 invincibile
2287 391 2576 462 dantpnum
2610 390 2938 460 relinquens.
2967 388 3048 446 0b
3086 389 3190 444 hoc
3216 403 3306 442 rex
3339 389 3544 458 trista-I

251 476 308 522 et
337 467 458 538 ejus
503 480 736 526 mentem
766 472 889 527 fecit
929 475 1090 531 nimis
1137 476 1385 533 hilarem.
1422 480 1670 549 Speravit
1695 483 1840 536 e::itn

253 570 378 609 eum
427 557 478 611 in
512 573 663 612 suam
723 562 1027 618 venientem
1066 573 1385 634 potestatem
1433 569 1486 622 in
1538 571 1840 642 exemplum

253 646 348 678 ⁸⁵⁷³
371 648 494 704 aliis
528 649 620 681 ’δ”
641 652 961 722 periturum,
998 667 1089 710 aut
1119 658 1300 726 preeio
1353 658 1610 716 ineffabili
1640 662 1707 716 ab
1741 663 1843 716 hoc

250 737 680 808 redempturum.
717 742 828 798 Nox
869 743 979 813 jam
1006 761 1130 802 erat
1163 749 1276 814 ίδτδ,
1305 759 1361 806 et
1396 751 1746 807 Bernhardus
1777 769 1842 810 ac
1878 798 1880 800 .

247 829 584 887 Gnncelinus
614 844 664 887 et
700 833 1074 895 Wif-lehelmus
1104 842 1330 898 comites
1360 858 1481 898 cum
1507 845 1623 898 suis
1660 844 1843 900 militi-

251 919 354 975 btts
380 938 408 974 a
440 938 630 979 cesare
656 926 830 989 missi,
863 927 950 981 ubi
975 939 1197 998 egrotus
1217 932 1409 1002 jaeuit,
1437 934 1755 1000 veniebant;
1788 945 1843 989 et

251 1014 354 1068 hos
383 1015 621 1071 adfuisse
644 1018 796 1090 (834)
828 1018 1194 1078 Wirinharius
1213 1037 1243 1077 a
1265 1025 1377 1080 suis
1403 1025 1704 1096 presciens,
1737 1027 1838 1082 sibi

251 1105 576 1163 familiarem
631 1108 1014 1168 Walehelmum
1075 1114 1312 1182 salutat,
1365 1120 1576 1174 exteris
1635 1119 1841 1176 duobus

251 1199 522 1268 indicens,
553 1204 595 1258 si
624 1205 859 1276 gladium
907 1209 1122 1265 elevare
1168 1213 1451 1282 potuisset,
1489 1216 1631 1284 quod
1678 1233 1839 1270 nunt—

250 1310 412 1363 quam
454 1296 506 1349 in
539 1313 727 1351 eormn
761 1309 1080 1368 potestatem
1116 1303 1399 1359 incolumis
1429 1306 1616 1360 venire
1647 1306 1842 1360 voluis-

251 1397 333 1441 set
384 1387 494 1442 “’5.
532 1389 927 1447 Willlehelmus
955 1409 1082 1448 vero
1113 1395 1230 1464 ejus
1280 1397 1502 1452 vulnera
1561 1399 1756 1468 ligans,
1789 1409 1843 1453 et

246 1480 395 1548 quod
420 1483 486 1535 ad
518 1481 854 1554 Mersebnrg,
905 1495 963 1539 ut
1010 1486 1110 1540 sibi
1131 1485 1347 1554 jussum
1382 1489 1576 1555 fuerat,
1607 1491 1670 1560 (f.
1702 1491 1837 1559 ιη’)

248 1574 440 1628 venire
465 1572 614 1628 nullo
633 1574 792 1629 modo
815 1576 1090 1643 valuisset,
1119 1579 1456 1650 intellegens,
1491 1598 1518 1635 a
1550 1583 1662 1636 suis
1714 1582 1838 1638 fecit

245 1684 370 1722 eum
397 1670 602 1740 portari
631 1671 695 1724 ad
726 1673 1029 1741 proxitnam
1061 1674 1243 1730 villam
1273 1677 1525 1731 Elerstidi
1579 1677 1726 1748 (835)
1757 1679 1840 1732 di-

1945 491 2054 546 tur,
2082 491 2136 536 et
2167 481 2486 537 Thiedricus
2525 482 2696 537 hostis
2730 480 2846 550 ejus
2874 480 3210 536 lacrimatttr.
3249 479 3380 545 _lloc
3425 495 3530 551 ego

1941 575 2613 644 eomperiens,'l‘hiedrico
2653 577 2834 647 nepoti
2891 591 3010 631 meo
3070 575 3303 631 abeundi
3363 576 3530 631 lieen-

1942 673 2072 718 tam
2101 667 2248 735 petii,
2279 678 2332 722 et
2362 682 2558 738 corpus
2604 667 2763 722 amici
2815 681 2910 737 per
2961 666 3217 722 satellites
3263 681 3412 722 meos
3464 668 3530 722 de

1945 755 2272 820 MTmiulevo,
2306 760 2396 813 ubi
2431 770 2558 813 tunc
2604 757 2827 814 abbacia
2885 756 3063 812 fuerat
3110 756 3284 827 (837),
3315 768 3370 812 et
3401 755 3531 812 Rei-

1943 847 2134 902 noldus
2157 848 2395 918 ejusdem
2426 850 2671 920 provisor
2700 848 2950 919 egregius
2989 847 3167 901 debita
3196 846 3298 902 hoc
3334 863 3530 923 propu-
3588 855 3604 863 "

1942 949 2158 996 raverat
2186 943 2542 1008 humanitate,
2573 943 2638 998 ad
2665 941 2896 1012 llelpithi
2931 939 3099 1010 (858),
3150 940 3239 995 ubi
3291 940 3394 996 hoc
3421 955 3532 1006 ,οχ-

1941 1033 2244 1104 pectabam,
2277 1034 2482 1089 reduxi.
2511 1034 2616 1090 Sed
2645 1035 2834 1090 eodem
2858 1031 2970 1101 jam
3000 1043 3126 1088 tunc
3171 1032 3333 1088 nimis
3360 1031 3529 1088 feten-

1944 1135 2018 1192 te,
2050 1127 2249 1182 exsolvi
2285 1128 2531 1198 protinus
2569 1127 2776 1182 viscera
2818 1125 2980 1197 jussi,
3024 1123 3179 1194 juxta
3228 1124 3532 1180 aecclesiam

1936 1215 2134 1286 jubeus
2164 1217 2378 1287 sepeliri
2432 1233 2627 1284 meam,
2660 1227 2714 1270 et
2747 1232 2916 1287 usque
2962 1215 3029 1269 ad
3076 1214 3346 1270 Wallibizi
3399 1215 3539 1271 illud.

1942 1307 2330 1376 prosequebar,
2364 1322 2568 1378 ponens
2589 1306 2656 1360 ad
2680 1305 2850 1360 levam
2873 1304 3083 1361 dilecta:
3110 1304 3354 1376 conjugis
3381 1305 3528 1377 (859)

1942 1398 2071 1454 Post
2116 1400 2180 1454 M
2217 1400 2334 1456 dies
2372 1401 2568 1456 domna
2627 1398 2962 1461 Swonehild,
3013 1413 3201 1454 socrus
3259 1399 3528 1470 ejusdem,

1943 1500 2120 1548 morte
2164 1495 2443 1550 subitanea
2489 1495 2520 1550 6
2561 1494 2838 1549 Kalendas
2902 1491 3216 1548 Decembris
3256 1493 3391 1549 obiit
3437 1494 3528 1526 ’⁸⁷⁷

1945 1584 2112 1654 (840).

2014 1677 2068 1730 6.
2095 1675 2312 1734 Interim
2335 1695 2490 1735 cesar
2507 1681 2558 1736 in
2581 1681 2769 1737 Alstidi
2786 1685 3132 1756 populisjura
3156 1685 3320 1740 dabat
3341 1679 3532 1754 (VIRG‘.

245 1773 416 1832 ctam,
448 1767 628 1836 ibique
655 1770 707 1823 in
736 1770 896 1823 domo
923 1769 1083 1824 nimis
1109 1769 1374 1840 lapidibus
1407 1772 1617 1826 firmata
1645 1788 1836 1842 prece-
1871 1743 1912 1801 Β
1943 1765 2072 1822 Αἰθι-
2109 1783 2200 1834 \‘Il,
2228 1770 2355 1841 9.16)
2382 1811 2396 1835 ,
2445 1783 2521 1836 et,
2573 1783 2630 1827 ut
2663 1743 2944 1843 pt'csetties
2989 1743 3346 1839 a'llirmahant,
3397 1775 3534 1830 meis

246 1857 329 1926 pit
361 1859 648 1925 custodiri,
692 1862 803 1930 ipse
833 1876 954 1914 cum
987 1861 1100 1915 suis
1137 1861 1204 1915 ad
1237 1862 1618 1932 imperatorem
1651 1880 1830 1919 rever-

244 1969 362 2008 sus.
405 1955 606 2010 Eodem
637 1956 723 2010 die
757 1970 858 2010 nos
885 1955 977 1987 “7°
1008 1955 1072 2010 ad
1123 1958 1453 2027 presentiam
1496 1960 1698 2014 cesaris
1747 1975 1836 2014 vo-

243 2048 385 2112 cati,
416 2048 560 2118 qnali
587 2048 989 2119 presumptione
1014 2064 1170 2104 suum
1198 2065 1367 2119 nepos
1398 2066 1550 2106 meus
1604 2053 1839 2107 interru-

243 2138 389 2206 perit
417 2147 623 2204 votum,
661 2140 730 2193 ab
754 2141 942 2194 eodem
974 2140 1136 2195 flebili
1188 2141 1574 2198 lamentatione
1607 2145 1838 2215 percipi-

241 2243 392 2282 mus.
426 2227 670 2299 Namque
719 2246 842 2285 cum
874 2231 1016 2285 Brnn
1046 2247 1075 2285 a
1108 2231 1308 2287 Milone
1354 2234 1572 2288 inimico
1615 2236 1733 2306 ejus
1784 2238 1837 2290 in

241 2319 413 2373 domo
441 2322 678 2391 propria,
711 2322 800 2377 ubi
841 2323 1094 2378 omnibus
1135 2332 1218 2379 est
1257 2339 1357 2394 pax
1399 2325 1665 2390 habemla,
1695 2327 1842 2381 occi-

239 2410 493 2476 dcretnr,
525 2414 684 2483 idque
713 2414 782 2468 ab
810 2415 1064 2470 omnibus
1117 2415 1381 2486 indigenis
1437 2415 1728 2486 inperatori
1763 2417 1842 2470 lu-

239 2501 498 2568 gubriter
539 2502 900 2572 intimaretur,
967 2506 1194 2561 ntultutn
1255 2517 1475 2579 rogatus
1516 2518 1574 2562 ut
1620 2525 1838 2564 suorum

240 2608 403 2648 more
442 2602 845 2652 antecessornm
878 2606 987 2653 tam
1041 2600 1323 2655 sceleratis
1360 2601 1672 2656 hominibus
1712 2617 1839 2672 pre-

239 2674 548 2743 dium'cum
594 2689 828 2744 incolatu
888 2692 1220 2762 prohiberet,
1268 2693 1429 2763 idque
1485 2695 1842 2749 sacramentis

238 2779 471 2834 ﬁrmare
517 2795 582 2836 ex
633 2797 734 2837 sua
794 2792 949 2854 parte
992 2784 1264 2856 jussisset,
1323 2785 1546 2841 elevatis
1592 2786 1842 2842 manibus

240 2857 606 2942 omnipotenti
659 2874 771 2928 Deo
815 2883 870 2928 et
921 2875 1146 2930 cunctis-
1198 2876 1542 2946 presentibns
1593 2876 1721 2930 illud
1787 2893 1844 2932 se

238 2963 505 3034 quamdiu
535 2965 740 3022 viveret
767 2965 1112 3036 impleturum
1167 2968 1438 3039 promisit.
1474 2967 1538 3021 Et
1569 2969 1693 3038 quia
1741 2971 1844 3024 sci-

239 3074 368 3112 mus
429 3057 597 3112 nmlto
639 3059 817 3113 sacius
866 3075 988 3115 esse
1046 3061 1246 3115 bonum
1299 3077 1403 3116 non
1465 3076 1661 3116 vovere
1733 3061 1844 3118 Deo

238 3168 408 3222 quam
442 3163 627 3222 postea
683 3153 979 3219 declinare,
1039 3155 1334 3224 rogitemus
1387 3171 1536 3220 eum,
1591 3155 1677 3210 cui
1725 3155 1841 3211 haec

237 3244 394 3299 dedit
456 3244 745 3315 promissa,
793 3245 963 3300 sicubi
1016 3261 1077 3300 ea
1131 3247 1486 3302 humanitatis
1533 3247 1704 3318 gratia
1745 3261 1838 3302 seu

235 3335 390 3391 malo
415 3337 460 3392 is
494 3336 718 3408 fregerit
744 3347 949 3403 orlatu,
974 3339 1355 3395 emendatione
1380 3339 1645 3411 condigna
1699 3339 1837 3394 resi-

236 3427 439 3497 piscat.
493 3429 626 3483 Post
688 3430 1074 3499 inperatoriam
1132 3431 1570 3486 lamentationem
1648 3431 1836 3500 optimi

235 3517 448 3587 quique
477 3509 673 3574 dedere
703 3520 1010 3588 consilium,
1043 3528 1120 3587 ttt,
1146 3522 1560 3592 comprehensis
1587 3523 1839 3577 omnibus

235 3610 449 3665 suimet
484 3611 662 3680 bonis,
693 3613 888 3668 domna
919 3624 1287 3679 revocaretur,
1323 3623 1378 3669 et
1411 3614 1570 3686 hnjus
1611 3616 1688 3670 rei
1738 3631 1836 3670 au-

236 3712 432 3757 ctores
460 3713 552 3758 aut
580 3705 718 3773 capti
741 3715 1206 3775 presentarentur,
1242 3716 1338 3762 aut
1373 3705 1644 3776 fugientes
1668 3722 1842 3776 usque

235 3793 312 3845 ad
357 3802 587 3847 mortem
635 3796 1066 3863 persecutionem
1115 3805 1454 3866 paterentur;
1495 3796 1609 3866 ipse
1659 3807 1838 3851 autem

233 3897 432 3938 comes
455 3885 1070 3954 superatait‘tfirmitate,
1115 3888 1159 3942 si
1205 3887 1487 3958 culpabilis
1536 3887 1841 3944 efﬁceretur

233 3975 368 4040 ⁸⁸⁷⁸,
405 3977 579 4046 capite
607 3979 911 4046 privaretur
950 3979 1038 4046 ;si
1088 3988 1268 4035 autem
1325 3981 1438 4035 lucc
1487 3982 1668 4036 omnia
1717 3997 1839 4036 cum

230 4083 513 4122 consensu
564 4079 818 4128 matrona:
864 4079 982 4126 acta
1036 4070 1286 4135 fuissent,
1341 4070 1404 4143 (f.
1456 4072 1581 4138 145)
1634 4075 1841 4143 optime

233 4165 497 4210 uteretur
519 4172 734 4227 sponsa.
767 4159 962 4216 Frater
994 4175 1146 4215 meus
1168 4176 1352 4216 comes
1407 4159 1694 4218 lieinricus
1726 4163 1841 4219 haec

233 4249 311 4302 ad
349 4248 618 4319 implenda
651 4251 774 4306 ilico
811 4252 1064 4316 mittitur,
1088 4262 1143 4306 et
1193 4260 1253 4306 ut
1309 4252 1374 4306 ad
1404 4251 1597 4308 Alstidi
1629 4255 1696 4308 ad
1738 4268 1840 4323 pu-

231 4340 448 4394 blicnm
478 4341 724 4396 venirent
757 4342 1106 4413 colloquium,
1129 4342 1377 4413 jubetur.
1430 4343 1524 4398 Illo
1557 4353 1686 4399 tunc
1718 4360 1842 4414 prn-

1941 1861 2056 1915 haac
2083 1862 2273 1917 amicis
2303 1863 2623 1934 denegabat.
2675 1865 2849 1920 insula
2901 1884 3022 1938 quae
3059 1867 3213 1924 Porei
3252 1867 3342 1898 ³⁵⁷⁸
3391 1865 3532 1920 dicio

1943 1961 2028 2005 tur
2058 1951 2227 2023 (84f),
2277 1953 2401 2022 quia
2437 1955 2588 2023 prius
2629 1971 2810 2012 comes
2840 1957 3187 2013 Bernhardus
3223 1958 3527 2028 prcdictum

1941 2043 2110 2098 voluit
2147 2046 2395 2101 occidere
2441 2046 2865 2114 \V'irinharium,
2905 2065 3002 2120 per
3050 2051 3279 2118 injustos
3317 2049 3532 2118 judices

1940 2135 2041 2191 sibi
2065 2153 2184 2192 eam
2228 2154 2382 2192 cesar
2408 2140 2652 2208 preccpit
2700 2142 2988 2210 assignari.
3037 2141 3150 2197 lloc
3199 2141 3536 2197 Vicmannus

1943 2243 2126 2283 comes
2155 2229 2427 2298 prohibet,
2453 2241 2508 2284 et
2547 2230 2805 2301 injustum
2840 2231 2930 2264 “79
2959 2246 3080 2288 esse
3111 2229 3384 2297 afﬁrmat;
3408 2246 3524 2286 out.-

1944 2337 2042 2376 nes
2077 2321 2255 2392 pepuli
2293 2332 2535 2377 mussant
2565 2333 2619 2378 et
2645 2323 2908 2378 ehristnut
2939 2324 3148 2378 Domini
3180 2337 3410 2392 percare
3435 2338 3532 2377 oe-

1941 2414 2084 2470 culte
2109 2414 2365 2468 clamant.
2400 2413 2472 2469 lbi
2507 2423 2634 2469 tunc
2658 2414 2748 2446 “3°
2773 2415 2927 2470 stella
2955 2415 3135 2470 multis
3163 2416 3212 2469 itt
3239 2414 3417 2469 medio
3440 2430 3536 2483 ap-

1944 2505 2124 2574 paruit
2151 2504 2300 2574 (Dec.
2341 2505 2394 2574 7)
2425 2505 2512 2560 die
2534 2506 2594 2573 (f.
2629 2504 2785 2575 Hb").
2812 2506 2867 2559 ln
2897 2515 3088 2560 octava
3112 2505 3283 2562 sancti
3319 2503 3536 2558 Audree

1945 2596 2282 2666 Iligmannus
2322 2597 2590 2665 presbiter
2621 2597 2707 2629 ¹³⁸¹
2729 2638 2743 2661 ,
2776 2597 2868 2666 qtti
2908 2597 3166 2652 :ccclesizn
3196 2595 3396 2665 prefuit
3422 2612 3536 2650 sua:

1943 2688 2012 2743 85
2041 2704 2234 2752 annos,
2262 2689 2312 2743 itt
2339 2689 2555 2744 Christo
2582 2689 2717 2743 obiit
2742 2689 2850 2744 ιω.
2884 2690 2944 2744 Et
2972 2690 3096 2744 inde
3119 2689 3325 2752 exiens,
3352 2688 3536 2743 natale

1949 2778 2285 2833 Dominicum
2319 2779 2369 2832 itt
2401 2778 2594 2834 Palithi
2624 2778 2810 2844 coluit,
2840 2789 2894 2835 et
2921 2780 2973 2833 in
3004 2779 3038 2833 4
3083 2777 3219 2834 feria
3257 2785 3384 2835 ante.
3426 2777 3534 2832 1³η-

1945 2872 2073 2926 seha
2106 2872 2215 2942 (rm.
2248 2872 2404 2941 1015)
2432 2873 2497 2927 ad
2522 2871 2838 2927 Mersburch
2869 2872 3031 2928 venit.
3069 2871 3122 2925 In
3155 2886 3286 2926 cena
3323 2870 3538 2926 Domini

1947 2965 2142 3018 crisma
2182 2963 2233 3016 iu
2257 2964 2373 3035 ejus
2395 2964 2667 3035 presentia
2696 2964 2949 3035 imlignns
2971 2962 3241 3019 benedixi.
3267 2962 3324 3016 in
3351 2961 3534 3032 vigilia

1872 3088 1916 3148 Ο
1949 3065 2129 3108 autem
2166 3054 2260 3086 ³⁵⁸³
2287 3065 2489 3110 sancta:
2531 3057 2981 3122 resurrectionis,
3031 3070 3150 3125 qua:
3201 3063 3326 3109 tunc
3358 3054 3457 3108 fttit
3501 3053 3534 3104 5

1947 3146 2071 3201 ldus
2111 3145 2347 3215 Aprilis,
2380 3147 2618 3201 Iledbald
2652 3147 2821 3202 abbas
2852 3146 3232 3201 Wirdnnensis
3275 3145 3426 3209 obiit,
3481 3157 3538 3198 et

1945 3238 2302 3294 Ilethenricns
2329 3239 2572 3309 ejusdem
2602 3239 2815 3294 cenobii
2849 3238 3154 3309 preposizns
3181 3236 3398 3308 eligitur
3421 3235 3533 3288 "3".

1943 3333 1998 3386 In
2038 3332 2125 3386 die
2151 3340 2338 3386 saneto
2363 3347 2439 3385 ar.
2461 3331 2805 3401 hiepiseopus
2840 3331 2982 3388 Gero
3011 3331 3230 3386 missam
3259 3329 3533 3390 cantavit;

1941 3435 1997 3483 et
2026 3427 2240 3481 interim
2265 3427 2594 3492 Otltelt'iens,
2631 3425 2969 3480 lloemiorum
3015 3427 3145 3488 dux,
3176 3425 3417 3488 advenit,
3467 3435 3530 3478 et

1942 3521 2057 3574 dies
2082 3520 2178 3573 hos
2206 3519 2496 3574 sollemnes
2548 3518 2802 3573 duximus
2839 3518 3130 3573 admodum
3187 3517 3409 3572 hilares.
3445 3517 3535 3571 ln-

1943 3621 2091 3665 terea
2131 3610 2480 3664 llirimannus
2513 3611 2754 3664 marehio
2783 3610 2980 3680 pascha
3011 3609 3163 3664 duxit
3191 3625 3313 3663 cum
3345 3624 3536 3663 socero

1943 3702 2114 3772 (852),
2145 3710 2196 3755 et
2254 3701 2378 3756 inde
2429 3703 2520 3756 vix
2569 3701 2798 3767 solutus,
2848 3702 2914 3756 ad
2972 3702 3354 3771 imperatorem
3408 3718 3534 3756 ctuu

1945 3793 2136 3846 nuntio
2178 3791 2415 3861 ejusdem
2463 3793 2774 3865 Stoiguevvn
2821 3793 2910 3846 diu
2966 3802 3314 3864 exspectatus
3360 3795 3532 3848 venit.

1943 3885 2084 3940 Idem
2114 3887 2344 3954 legatus,
2371 3886 2585 3940 mentiri
2611 3901 2826 3954 semper
2854 3886 3065 3952 solitus,
3113 3886 3179 3940 ad
3207 3899 3450 3941 eesaretn
3480 3887 3534 3940 in

1941 3977 2264 4032 occidentali
2317 3985 2490 4046 parte,
2524 3977 2644 4047 plus
2673 3978 2736 4031 ad
2772 3979 3195 4048 perturbandam
3256 3993 3442 4049 quam,
3475 3986 3536 4031 ttt

1944 4068 2326 4133 simulaverat,
2359 4069 2424 4123 ad
2454 4067 2846 4138 pacificandum
2869 4109 2882 4132 ,
2915 4069 2984 4123 ab
3029 4067 3265 4126 instabili
3318 4070 3536 4124 seniore

1943 4179 2041 4218 suo
2071 4162 2266 4217 missus
2287 4170 2390 4218 est.
2423 4161 2592 4228 Quem
2620 4176 2742 4216 cum
2780 4161 3051 4216 consociis
3092 4162 3290 4217 suimet
3319 4161 3534 4230 inpera-
3596 4187 3601 4192 -

1947 4262 2032 4306 tor
2069 4253 2182 4307 suis
2208 4251 2565 4307 familiaribus
2593 4251 2962 4317 committens,
2988 4267 3216 4322 generos
3249 4268 3373 4308 suos
3404 4268 3537 4324 gra-

1947 4341 2074 4394 tiam
2098 4339 2337 4410 ejusdem
2381 4341 2542 4397 nudis
2575 4341 2801 4411 pedibus
2827 4350 3119 4412 querentes
3163 4343 3535 4398 misericordi-

233 4430 541 4494 ﬂciscente,
592 4432 822 4502 predicti
878 4434 1104 4489 comites
1153 4435 1507 4500 advenerunt,
1563 4443 1617 4488 et
1663 4435 1835 4489 eesari
1868 4433 1915 4491 ι)
1945 4439 2026 4485 ter
2051 4433 2311 4500 suscepit,
2338 4439 2388 4487 et
2416 4442 2542 4487 tunc
2565 4433 2782 4486 demum
2807 4433 3154 4502 nugigerulus
3176 4442 3232 4487 ttt
3263 4434 3377 4489 haec
3407 4450 3530 4490 cer-

233 4539 366 4600 qua:
399 4522 536 4578 facta
566 4533 692 4578 sunt
722 4526 1132 4580 nuntiaverunt.
1165 4525 1386 4581 Postera
1427 4527 1533 4592 die,
1568 4527 1620 4581 id
1656 4536 1738 4580 est
1781 4531 1834 4582 in

229 4613 418 4670 sancti
478 4612 770 4669 festivitate
845 4615 1086 4684 Martini,
1163 4616 1534 4671 Wirinharins
1601 4617 1837 4686 pacienti

234 4707 427 4761 animo
456 4704 682 4760 adversa
715 4719 944 4776 qumque
991 4707 1268 4762 sustinens
1316 4707 1601 4772 hactenus,
1664 4710 1847 4778 οκερίη,

1945 4528 2097 4575 neret
2135 4522 2437 4588 presentari
2462 4520 2648 4589 jussit,
2678 4530 2732 4575 et
2769 4521 2982 4591 publice
3010 4523 3391 4595 domino'ejus
3443 4540 3531 4578 re-

1944 4609 2176 4681 spondit.
2198 4610 2306 4666 .llie
2329 4627 2451 4666 cum
2486 4612 2615 4677 alia,
2646 4627 2808 4682 quam
2830 4627 2988 4668 cesar
3013 4617 3343 4685 preceperit,
3380 4615 3524 4668 domi

1947 4701 2235 4766 retulisset,
2270 4721 2392 4760 cum
2449 4704 2660 4774 prefato
2705 4705 2904 4760 comite
2955 4707 3046 4740 “3‘
3076 4722 3264 4776 pacem
3316 4705 3539 4760 firmare

234 4796 385 4852 ravit
450 4794 616 4868 (856),
678 4795 884 4850 nullum
937 4799 1182 4855 hostibus
1230 4798 1459 4864 lucrum,
1515 4799 1627 4852 suis
1659 4808 1842 4853 autem
1945 4794 2185 4864 cupienti
2231 4797 2382 4866 jussu
2433 4798 2585 4851 ducis
2623 4797 2843 4853 infausti
2879 4799 3190 4864 remittitur,
3238 4807 3292 4854 ct
3321 4798 3374 4850 in
3405 4811 3548 4850 con-

503 4906 506 4910 ’
605 4925 607 4927 ·
1445 4913 1456 4922 “
1531 4908 1766 4965 VARIIE
1797 4905 2200 4969 LECTIONES.

310 5001 403 5032 “7°
430 5001 789 5069 exsemplttm.

233 5069 340 5133 IV,
369 5071 494 5122 5‘22.
543 5066 704 5131 VIII,
738 5066 830 5119 ‘26.
911 5069 1002 5104 “75
1029 5072 1329 5130 uoluissent
1361 5074 1448 5126 ia.

226 5211 362 5268 obiit
389 5210 515 5264 add.
547 5210 630 5263 ib.
695 5203 711 5206 ’
757 5203 845 5237 ’⁸⁸³
872 5209 995 5267 add.
1027 5221 1112 5274 ib.

915 5001 1002 5034 ’³⁷⁵
1036 5019 1139 5059 uox
1170 5009 1283 5055 erat
1323 5011 1377 5054 et
1436 5011 1544 5056 toto
1573 4999 1850 5068 fulgebant
1875 5003 2055 5060 sidera
2085 4999 2202 5054 celo
2243 5018 2367 5058 eum
2399 5016 2524 5057 ecce
2549 5002 2673 5055 add.
2709 5003 2764 5055 2.
2799 5002 2866 5069 cf.

915 5069 1002 5104 '"5
1029 5072 1329 5124 noluissent
1361 5074 1448 5124 la.
1531 5070 1622 5102 m‘
1643 5069 1940 5124 eﬂiciretttr
1973 5072 2027 5124 1.
2142 5071 2231 5104 “7"
2275 5075 2402 5124 Post
2429 5073 2650 5124 —-ohiit
2671 5073 2796 5124 add.
2839 5072 2858 5122 1

1657 5084 1673 5105 δ

233 5085 257 5126 Ι
281 5085 340 5133 γ,
369 5085 494 5122 5‘22.
543 5085 704 5131 VIII,
738 5085 830 5119 20.
911 5085 1002 5104 ”'°
1029 5085 1329 5130 uultussettt
1361 5085 1448 5126 Ia.
1531 5085 1940 5133 “"eutctretnr
1973 5085 2027 5124 1.
2142 5085 2226 5104 ""'
2276 5085 2402 5129 Post
2429 5085 2650 5125 —-0|utt
2671 5085 2796 5124 add.
2839 5085 2920 5122 to.
3002 5085 3030 5099 "

231 5174 300 5182 --
579 5141 669 5171 “79
694 5138 902 5206 justum
927 5143 1012 5198 1η,
1082 5139 1283 5193 ¹δ⁸⁰Ι.Ι.
1310 5145 1439 5196 add.
1477 5144 1558 5197 1b.
1641 5139 1822 5202 ¹⁴⁸¹ἱια
1851 5158 1894 5204 et
1927 5145 1982 5200 ἱη
2021 5137 2244 5197 ΚαΙεηά,
2279 5143 2503 5200 βίω-διώ-
2542 5141 2784 5184 Ηριερηιὴι·
2832 5141 2862 5168 ’⁷
2911 5140 2980 5166 ’Ἴ
3013 5139 3030 5166 ⁸

1200 5210 1385 5266 “"ita
1417 5215 1498 5277 Η),
1541 5210 1735 5273 inloco
1776 5235 1912 5272 raso.
2017 5210 2103 5238 im

2921 4998 3061 5064 Virg.
3090 4999 3554 5061 13".)”,147.

3001 5069 3092 5100 “7°
3115 5068 3281 5126 Porci
3312 5073 3374 5124 Α.
3401 5070 3464 5123 8.
3495 5093 3557 5129 a.

3141 5143 3240 5176 ιη’
3269 5144 3323 5190 In
3354 5151 3438 5186 uel
3450 5159 3477 5184 ει
3490 5159 3557 5190 vn

2142 5071 2231 5104 tm
2275 5075 2402 5129 past
2429 5103 2498 5113 ..-
2517 5073 2650 5125 obiit
2671 5073 2796 5124 add.
2839 5070 2920 5122 lb.
