4048 5368
576 259 713 344 tas?

1489 294 1866 350 TlllE'l'MARl
1908 294 2527 355 MERSEBURGENSIS
2566 300 2873 358 EPISCOPI

3686 257 3817 364 ιδω

557 411 745 476 spectu
799 396 1118 474 inperatoris
1167 416 1224 461 et
1271 382 1593 477 principum
1619 408 1734 478 ejus
1770 407 1941 463 fallax
1976 418 2030 463 et
2079 410 2131 465 in
2162 415 2228 478 Α
2306 406 2359 466 8ζ
2401 412 2483 465 Ad
2518 413 2825 471 condictum
2854 413 2955 446 ηπ
2976 428 3132 470 cesar
3156 424 3212 469 ut
3248 414 3398 469 venit
3444 414 3650 481 locum,
3692 426 3820 470 ωει-
3858 444 3865 449 ι

560 498 790 552 invicem
815 496 1123 552 disturbans
1149 512 1269 553 esse
1317 498 1680 553 convincitur.
1721 498 1787 570 (f.
1816 498 1942 572 HG)
1987 497 2140 556 Tunc

563 588 756 643 iierum
804 587 1102 645 Bolizlavus
1144 587 1237 621 ¹¹⁵⁸⁶
1274 602 1335 644 se
1367 573 1433 644 ad
1465 589 1831 662 excusandum
1857 630 1870 653 ,
1926 589 2011 645 vel
2059 590 2141 644 in-

553 681 927 737 vobedientiam
977 682 1043 735 ad
1080 681 1472 737 emendandum
1524 698 1553 737 a
1601 697 1788 739 cesare
1812 692 2051 748 vocatus,
2085 684 2138 737 in

560 765 887 843 preSentiam
917 773 1033 841 ejus
1059 774 1243 830 venire
1286 774 1483 839 noluit,
1522 775 1615 830 sed
1653 790 1836 831 comm
1875 774 2139 847 principi-

560 867 663 920 bus
719 863 810 896 “‘7
862 864 976 920 suis
1023 864 1138 921 haec
1188 865 1302 921 lieri
1353 866 1665 936 postulavit.
1724 860 1829 921 seu
1881 876 2137 937 quantum

560 958 610 1011 ei
640 957 1028 1028 benignitatem
1078 958 1376 1029 imperator
1402 961 1554 1033 prius
1589 963 1918 1028 ostenderit,
1948 963 2136 1029 lector,

562 1048 809 1103 attende!

633 1135 687 1190 7.
722 1135 971 1194 Prefatus
1020 1141 1169 1204 dux.
1215 1140 1361 1197 mille
1409 1143 1604 1198 artium
1651 1144 1875 1198 scientia
1929 1143 2136 1214 plmms,

562 1227 731 1281 filium
778 1230 973 1283 suimet
1029 1230 1349 1287 Miseconem
1396 1233 1463 1289 ad
1509 1230 1861 1295 Otlielricnm.
1896 1234 2137 1290 Bocmio‘

559 1335 679 1376 rum
706 1322 1054 1392 provisorem,
1088 1324 1252 1388 misit,
1285 1332 1345 1379 ut
1374 1339 1639 1379 memores
1682 1337 1880 1379 mutuae
1909 1341 2139 1379 consan-
2186 1374 2187 1379 η

560 1412 842 1484 guiuitatis
869 1430 927 1469 se
956 1414 1185 1469 invicem
1212 1414 1561 1486 pacificarent
1587 1426 1638 1470 et
1663 1418 1872 1472 cunctis
1895 1418 2141 1472 hostibus

561 1503 677 1559 suis
717 1512 771 1559 et
795 1504 1030 1559 maxime
1059 1506 1230 1560 cesari
1266 1507 1471 1576 pariter
1502 1507 1835 1563 resisterent.
1891 1508 1984 1565 Ille
2012 1525 2044 1562 v
2080 1525 2141 1565 ro
2186 1570 2187 1573 η

561 1594 668 1649 hoc
695 1609 856 1648 omne
891 1594 945 1649 in
990 1596 1372 1652 detrimentum
1418 1597 1499 1653 sui
1542 1613 1662 1655 esse
1706 1599 2063 1670 composiium
2110 1617 2139 1653 a

560 1684 847 1740 veracibus
884 1687 1178 1756 accipiens,
1207 1676 1349 1743 lnmc
1388 1676 1919 1759 comprebemlit,cx
1949 1690 2141 1746 conso-

562 1774 665 1830 ciis
717 1775 833 1847 ejus
867 1778 1100 1846 optimos
1130 1793 1370 1849 quosque
1419 1779 1786 1845 interficiens,
1820 1797 1883 1836 ac
1914 1792 2140 1836 caeteros

560 1880 670 1922 una
697 1883 821 1923 cum
848 1868 1064 1924 seniore
1087 1880 1247 1940 capto
1273 1869 1550 1926 Boemiam
1577 1872 1811 1935 reduxit,
1835 1888 1899 1927 ac
1926 1871 1980 1927 in
2017 1888 2143 1927 car-

563 1974 745 2015 cerem
798 1961 1049 2031 projecit.
1110 1962 1265 2029 Quod
1316 1977 1439 2017 cum
1483 1964 1762 2034 inperator
1795 1964 2143 2034 comperiret,

558 2048 908 2107 'l‘liiedricum
935 2062 1182 2122 nepotem
1207 2068 1386 2109 meum
1416 2055 1543 2111 illuc
1573 2057 1740 2119 misit,
1767 2066 1824 2109 ut
1852 2056 2143 2111 satellitem

564 2156 722 2196 suum
760 2143 862 2198 sibi
918 2143 1186 2207 redderet,
1226 2155 1279 2200 et
1318 2148 1360 2201 si
1394 2149 1459 2201 de
1495 2149 1664 2217 gratia
1696 2150 1892 2203 suimet
1945 2148 2146 2218 aliquid

562 2243 809 2297 curaret,
835 2234 976 2289 hunc
1008 2235 1312 2292 nullatenus
1355 2240 1625 2307 perderet.
1668 2238 1765 2294 Cui
1818 2239 1922 2294 hoc
1975 2237 2149 2293 fertur

563 2323 779 2379 dedisse
811 2340 1124 2395 responsum
1165 2344 1179 2382 :
1213 2327 1449 2383 Senioris
1478 2330 1578 2385 mei
1610 2330 1767 2401 jussa
1809 2333 1863 2385 in
1907 2333 2148 2386 omnibus

559 2415 708 2483 sequi
738 2423 846 2467 tam
875 2431 1025 2482 posse
1050 2431 1208 2486 quam
1235 2417 1393 2482 velle,
1439 2420 1569 2473 mihi
1614 2421 1897 2475 admodum
1947 2437 2149 2475 necesse

559 2511 658 2558 est.
686 2502 898 2574 Eripuit
921 2520 1006 2559 me
1042 2523 1204 2575 nuper
1243 2508 1516 2578 indignant
1546 2509 1871 2580 omnipotens
1915 2510 2059 2565 Deus
2087 2512 2151 2565 de

561 2607 653 2647 ore
678 2593 864 2658 leonis,
885 2594 1099 2665 ejusque
1132 2596 1365 2652 catulum
1395 2598 1449 2652 in
1489 2599 1789 2668 perniciem,
1812 2615 1983 2653 meam
2014 2599 2151 2653 mis-

565 2697 684 2738 sum
714 2685 843 2738 milii
871 2685 1110 2739 tradidit.
1140 2685 1202 2739 Et
1231 2688 1277 2742 si
1310 2689 1447 2742 hunc
1477 2687 1697 2742 liberum
1717 2689 1859 2744 abire
1881 2691 2147 2760 perm'tto,

564 2784 734 2827 certos
755 2774 926 2829 hostes
952 2777 1007 2828 in
1028 2787 1178 2842 patre
1199 2787 1248 2831 et
1267 2777 1382 2845 ﬁlio
1403 2794 1605 2848 semper
1627 2779 1829 2845 habeo;
1852 2780 1934 2835 sin
1974 2790 2149 2834 autem

559 2865 779 2930 mineo,
802 2867 1028 2933 aliquem
1073 2884 1191 2922 cum
1239 2884 1298 2923 eo
1353 2870 1583 2939 fructum
1632 2888 1715 2926 me
1765 2874 2147 2944 acquisiturum

565 2958 805 3023 sperabo.
846 2957 1033 3014 Videat
1061 2961 1305 3015 dominus
1336 2976 1480 3017 meus
1506 2964 1572 3018 de
1595 2963 1698 3019 hiis
1737 2965 1996 3029 omnibus,
2023 2967 2151 3037 quid

563 3043 657 3077 ‘m
681 3044 743 3115 (f.
778 3046 919 3116 146’)
949 3048 1050 3102 sibi
1072 3049 1272 3118 plmeat
1297 3066 1358 3105 ac
1380 3052 1507 3105 mihi
1536 3053 1867 3124 aliquatenus
1886 3056 2147 3125 proﬁciat,

2242 496 2356 557 ctos
2381 505 2691 573 optimates,
2719 506 2846 576 quid
2873 506 2974 561 sibi
3004 505 3072 562 de
3099 506 3201 561 hac
3232 521 3289 561 re
3310 516 3455 561 esset
3490 505 3820 569 faciendum.

2241 597 2526 653 consuluit.
2553 597 2594 653 Ε
2613 599 2809 668 quibus
2832 596 2974 655 Gero
3002 598 3445 669 archiepiscopus
3465 598 3710 669 loquitur
3736 596 3821 631 “"

2241 689 2448 758 primus
2484 708 2498 744 :
2528 689 2659 761 Cum
2701 699 2904 763 tempus
2939 690 3040 758 fuit
3072 700 3121 744 et
3151 704 3270 744 cum
3316 702 3486 744 oestro
3531 693 3734 745 honore
3770 689 3825 742 id

2242 778 2361 846 ﬁeri
2381 781 2547 850 potuit
2573 820 2589 844 ,
2623 796 2704 834 me
2738 780 2841 834 ista
2888 780 2981 811 *δ”
3018 780 3313 835 hortantem
3362 794 3466 834 non
3509 781 3826 837 exaudistis.

2246 866 2403 921 Nunc
2433 886 2466 922 a
2496 869 2634 924 robis
2663 879 2738 923 est
2780 886 2927 935 mens
2950 869 3211 924 Bolizlari
3247 871 3309 924 ob
3336 870 3557 940 longam
3598 870 3707 938 ﬁlii
3750 885 3831 924 reo

2241 959 2520 1013 tentiouem
2542 968 2591 1012 et
2618 960 2910 1015 custodiam
2939 977 3138 1023 aversa,
3162 971 3207 1013 et
3230 976 3429 1024 vereor,
3458 959 3505 1012 si
3537 960 3681 1013 hunc
3722 959 3832 1011 sine

2185 1061 2188 1064 ’
2242 1049 2506 1104 obsidibus
2548 1060 2639 1118 aut
2678 1047 2799 1104 aliis
2843 1049 3328 1119 con/irritationibus
3367 1049 3633 1103 remittitis
3657 1049 3863 1112 ,atin'

2239 1123 2507 1209 posterum
2532 1138 2705 1208 ﬁdelis
2733 1139 2931 1194 servitii
2962 1139 3017 1193 in
3048 1139 3297 1193 ambobus
3336 1138 3398 1209 (τ.
3426 1139 3553 1208 in)
3581 1142 3832 1191 comm.

2243 1226 2394 1282 Talia
2423 1225 2729 1297 loquentem
2763 1229 2994 1282 maxima
3036 1212 3370 1298 presentium
3423 1230 3598 1291 turba,
3638 1242 3831 1301 censeo

2241 1318 2445 1385 quitur,
2477 1326 2530 1372 et
2556 1331 2683 1388 pars
2707 1327 2982 1388 corrupta,
3014 1319 3064 1372 id
3092 1306 3213 1385 cum
3242 1320 3448 1374 honore
3470 1334 3677 1390 magno
3716 1318 3835 1375 ﬁeri

2242 1424 2349 1463 non
2402 1424 2563 1478 posse
2603 1409 2920 1479 ingeminat.
2981 1408 3121 1465 Vicit
3172 1411 3398 1480 pecunia
3434 1410 3753 1485 consilium,
3781 1418 3837 1469 et
3878 1466 3879 1471 η

2243 1511 2302 1555 ut
2329 1501 2432 1555 boc
2458 1496 2726 1556 Balizlavo
2748 1502 2929 1559 carius
2955 1512 3121 1568 esset,
3153 1503 3204 1557 in
3228 1502 3390 1557 fidem
3417 1517 3600 1568 suam,
3624 1511 3685 1561 et
3710 1517 3833 1559 cum

2242 1590 2495 1645 onmilms
2522 1605 2642 1659 qua:
2673 1590 2972 1661 habebant,
3024 1590 3351 1669 Miseconem
3396 1592 3519 1661 haec
3561 1606 3593 1647 a
3647 1605 3834 1647 cesar:

2243 1681 2548 1752 suscipiens
2594 1682 2687 1713 ³⁸³³
2734 1676 2973 1748 reduxit,
2995 1693 3051 1739 et
3091 1668 3361 1754 promissa
3410 1684 3684 1754 percepit,
3724 1698 3837 1736 am-

2176 1789 2219 1849 Β
2248 1772 2732 1828 monensenndem
2772 1782 2830 1828 et
2874 1773 3066 1840 (ilium,
3099 1783 3157 1829 ut
3202 1789 3475 1830 memores
3521 1773 3734 1830 Christi
3784 1783 3838 1828 et

2248 1864 2417 1918 firmat
2448 1864 2538 1918 Dei
2565 1861 2745 1934 (διδ),
2790 1862 2993 1918 nullum
3043 1864 3222 1940 cesari
3255 1863 3670 1918 incommodum
3729 1878 3838 1916 ani-
3876 1940 3879 1941 ν

2247 1952 2385 2023 plius
2415 1952 2695 2017 inferrent,
2716 1966 2827 2007 nec
2858 1966 2984 2007 suos
3030 1952 3202 2023 decipi
3255 1960 3578 2021 paterentur
3606 1952 3837 2007 amicos.

2249 2041 2384 2096 llue
2411 2041 2552 2096 dulei
2601 2041 2803 2096 ortatni
2842 2041 2946 2075 *δ’*
2995 2041 3184 2096 ﬁstula:
3215 2039 3544 2095 blandientis
3585 2057 3744 2094 more
3773 2041 3838 2093 ab

2249 2132 2353 2187 luis
2385 2132 2632 2201 protinus
2674 2134 3055 2203 respondetur,
3093 2132 3237 2201 quod
3279 2130 3440 2186 factis
3485 2131 3835 2200 postmodum

2251 2223 2556 2279 nullatenus
2586 2221 2903 2292 completur.
2931 2221 3191 2290 Quamvis
3230 2224 3376 2279 enim
3424 2223 3533 2277 hiis
3566 2218 3667 2275 aut
3711 2220 3842 2274 lides

2250 2329 2413 2383 parva
2440 2314 2623 2370 sitaut
2645 2314 2811 2379 nulla,
2842 2324 3021 2369 tamen
3053 2315 3154 2370 hoc
3192 2315 3347 2369 nobis
3377 2313 3665 2383 inputant.
3696 2312 3839 2382 quod

2252 2423 2321 2462 ex
2360 2416 2513 2477 parte
2559 2408 2765 2463 cesaris
2788 2416 2841 2464 et
2874 2420 3181 2463 nostrorum
3219 2408 3265 2462 is
3296 2415 3405 2461 tam
3447 2420 3576 2460 sero
3608 2403 3841 2460 remitti-

2251 2510 2358 2563 tur,
2383 2497 2477 2566 qui
2506 2498 2558 2552 in
2593 2511 2821 2553 numero
2851 2486 3080 2552 militum
3108 2497 3427 2552 habebatur.
3455 2495 3573 2550 Hoc
3600 2496 3686 2549 eis
3721 2504 3839 2549 erat

2249 2605 2465 2659 semper
2495 2590 2547 2645 in
2571 2590 2775 2655 animo,
2804 2599 2860 2645 et
2882 2598 3167 2660 propterea
3195 2603 3255 2644 se
3282 2589 3338 2644 in
3367 2587 3719 2658 preseaciam
3748 2602 3839 2641 ce-

2250 2685 2391 2737 saris
2424 2695 2528 2736 non
2551 2682 2740 2736 venire
2766 2681 3135 2737 afﬁrmabant.
3186 2680 3252 2735 Et
3296 2694 3489 2734 verum
3538 2679 3837 2749 est,‘quod

2251 2792 2354 2831 vox
2382 2775 2693 2847 evangelica
2740 2784 2999 2842 testatur,
3052 2772 3459 2831 excusationem
3508 2773 3665 2846 (Luc.
3728 2789 3836 2848 ur.

2252 2868 2339 2937 18)
2379 2865 2613 2936 aliquam
2638 2868 2780 2922 hunc
2810 2852 3071 2937 querere,
3102 2866 3194 2936 qui
3242 2866 3310 2921 ab
3354 2865 3535 2921 amico
3584 2862 3836 2918 familiari

2252 2958 2544 3012 meditatur
2580 2958 2879 3015 discedere.
2925 2956 3050 3013 llam
3101 2957 3378 3026 inperator
3412 2971 3722 3029 agnoscens
3746 2997 3762 3019 ,
3807 2971 3838 3008 ι

2253 3050 2410 3104 nobis
2439 3049 2704 3113 discessit.
2735 3058 2789 3105 et
2820 3050 3098 3118 proximos
3124 3049 3463 3120 rogationum
3491 3049 3613 3103 dies
3658 3048 3713 3101 in
3738 3046 3838 3102 Ca.

561 3145 610 3188 et
640 3138 737 3190 hoc
762 3147 927 3191 totum
969 3139 1182 3193 derasus
1230 3136 1454 3211 inplebo.
1506 3143 1614 3198 ενα
1657 3158 1778 3198 cum
1825 3144 2146 3201 Tlt'edrirus
2175 3146 2217 3209 C
2248 3155 2466 3211 pungun
2494 3141 2641 3213 (8-H)
2674 3140 2796 3206 fuit.
2820 3157 2926 3212 quo
2948 3142 3061 3212 ipse
3092 3151 3301 3196 curlem
3330 3156 3491 3196 suam
3518 3141 3592 3196 de
3621 3141 3839 3195 εξνίιειιο

563 3239 690 3279 cum
713 3226 814 3281 bac
846 3225 1111 3296 legatione
1137 3239 1524 3293 revertwretnr,
1549 3231 1688 3287 alius
1731 3248 1854 3288 mox
1899 3234 2150 3289 celeriter

567 3315 896 3380 remittitur,
928 3317 1020 3387 qui
1070 3319 1301 3374 eundem
1354 3321 1493 3375 mitti
1543 3331 1786 3395 rogaret,
1820 3323 2150 3394 lirmiterque

574 3407 625 3463 ei
667 3405 759 3440 ‘m
788 3408 1115 3479 preciperet,
1142 3410 1463 3478 promittens
1498 3427 1563 3465 ex
1591 3421 1744 3481 parte
1788 3414 1992 3469 cesaris
2037 3430 2154 3470 om-

571 3514 697 3554 nem
717 3496 833 3567 ejus
852 3499 1508 3557 exeludisollieitudinem
1530 3511 1587 3557 et
1613 3497 1806 3558 bonam
1832 3504 2036 3560 firmari
2064 3521 2155 3576 pa-

566 3607 709 3648 cem.
744 3592 895 3649 Tunc
919 3588 1230 3650 Othelricus
1268 3595 1457 3651 nolens
1481 3597 1671 3652 volens
1702 3598 1977 3668 captivum
2028 3599 2149 3653 red-

568 3682 728 3746 didit,
752 3690 807 3737 et
836 3682 1215 3754 imperatorem
1266 3684 1493 3739 multum
1545 3685 1796 3756 placavit.
1837 3686 2146 3742 Bolizlavus

566 3783 747 3829 autem
771 3774 839 3830 de
863 3776 1141 3845 ereptione
1164 3776 1256 3831 lilii
1302 3792 1465 3846 supra
1511 3778 1727 3833 modum
1773 3778 2011 3848 gavisus,
2055 3793 2154 3848 per

567 3864 931 3921 internuntios
975 3868 1172 3922 suimet
1202 3869 1504 3936 condignas
1543 3871 1717 3926 cesari
1763 3871 1967 3942 gratias
2010 3872 2148 3941 egit;

569 3954 850 4023 postulans
892 3964 949 4009 ut
977 3971 1099 4012 cum
1129 3959 1231 4013 sibi
1261 3960 1328 4013 ad
1361 3961 1620 4016 honorem
1647 4001 1665 4025 ,
1687 3962 1923 4018 inimicis
1965 3972 2148 4017 autem

567 4045 685 4101 suis
711 4047 778 4100 ad
799 4044 1040 4102 dolorem
1069 4048 1372 4105 remitteret
1406 4061 1464 4105 et
1489 4049 1721 4107 futuram
1756 4052 2038 4122 utriusque
2066 4068 2151 4108 re-

466 4165 476 4180 -
570 4137 999 4193 muneratiouem
1032 4138 1148 4209 ipse
1190 4142 1459 4197 veraciter
1496 4152 1833 4213 agnosceret.
1882 4142 2035 4209 Quod
2066 4143 2146 4198 in-

570 4236 789 4290 perator
821 4233 945 4283 tunc
971 4243 1077 4282 non
1104 4243 1262 4299 posse
1305 4230 1418 4286 ﬁeri
1449 4232 1748 4301 respondit,
1775 4233 1870 4288 sed
1910 4248 2033 4288 cum
2078 4233 2145 4287 ad

569 4310 884 4385 Merseburg
904 4316 1133 4382 veniret,
1153 4333 1278 4373 cum
1303 4319 1573 4374 communi
1594 4318 1897 4390 principum
1919 4321 2146 4377 consilio

571 4418 789 4458 suorum
814 4406 1073 4461 voluntati
1104 4412 1300 4466 suimet
1328 4425 1387 4466 se
1428 4420 1556 4466 tunc
1582 4411 1987 4468 satisfacturum
2021 4429 2143 4482 pro-

2255 3232 2516 3290 Cassalun
2547 3232 2637 3270 "°"
2667 3234 2815 3307 (845)
2842 3235 2985 3291 dicta
3019 3233 3322 3300 transtulit;
3349 3241 3407 3289 et
3433 3234 3508 3289 ibi
3542 3249 3673 3290 cum
3709 3248 3835 3291 con-

2255 3326 2379 3380 silio
2403 3326 2484 3380 sui
2513 3326 2903 3395 archipresulis
2937 3325 3202 3381 Heriberti
3244 3325 3546 3396 predictam
3597 3324 3837 3380 lletbeno

2255 3418 2369 3473 rico
2405 3434 2589 3473 curam
2612 3419 3027 3473 commendavit.
3061 3417 3280 3474 Interim
3312 3417 3544 3474 ecclesia
3583 3418 3838 3488 incipitur

2254 3520 2462 3573 nostra.
2491 3520 2739 3581 presente
2765 3510 3169 3581 archiepiscopo
3191 3510 3431 3576 Gerone,
3453 3511 3616 3579 cujus
3640 3510 3837 3578 primos

2254 3600 2407 3672 posui
2437 3600 2639 3668 lapides
2667 3600 2718 3653 in
2751 3601 2965 3654 modum
3005 3609 3205 3656 sancta:
3231 3599 3408 3656 crucis
3462 3600 3529 3653 l5
3569 3600 3837 3655 Kalendas

2252 3691 2396 3747 Junii
2422 3692 2532 3745 ω’.
2569 3692 2634 3745 Et
2671 3691 2916 3747 tractatis
2955 3690 3152 3747 ibidem
3185 3692 3334 3763 (διδ)
3378 3694 3544 3748 rebus
3585 3709 3833 3748 necessa-

2255 3782 2372 3845 riis.
2401 3781 2454 3836 in
2496 3781 2674 3850 vigilia
2697 3791 3038 3849 pentecostes
3068 3780 3204 3852 (Mai
3231 3783 3323 3852 28)
3365 3783 3432 3836 ad
3469 3783 3837 3838 lmmcdeshn—

2254 3887 2354 3928 son
2384 3871 2531 3944 (847)
2555 3872 2719 3935 venit,
2753 3871 2862 3926 illic
2883 3886 3005 3926 eum
3041 3872 3283 3928 antistite
3323 3872 3657 3929 Meinwerco
3700 3876 3834 3928 hanc

2253 3973 2498 4019 szmetam
2554 3962 2746 4018 festive
2792 3962 2855 4034 (f.
2918 3961 3057 4032 147⁸)
3109 3964 3312 4019 ducens
3373 3964 3830 4036 sollempnitaten

2253 4052 2412 4123 (Mai.
2433 4052 2546 4122 29).
3204 4040 3209 4043 ’

2322 4146 2374 4201 9.
2415 4146 2525 4201 lllic
2555 4145 2673 4212 Val,
2704 4147 2996 4204 Corbensis
3018 4148 3205 4210 abbas,
3237 4148 3388 4216 prius
3429 4148 3503 4201 ab
3552 4162 3687 4201 cura
3717 4162 3829 4202 sns‘

2250 4238 2468 4307 pensus,
2506 4239 2811 4309 deponitur,
2851 4253 2905 4296 et
2929 4256 3068 4296 unus
3093 4257 3158 4294 ex
3191 4240 3536 4294 Larsemensi
3567 4250 3829 4294 monaste-

2252 4327 2332 4381 rio
2358 4327 2651 4384 Drubtmer
2695 4330 2784 4362 "‘9"
2825 4330 2942 4385 sine
2970 4330 3200 4385 fratrum
3245 4345 3514 4386 consensu
3566 4332 3835 4401 predicto-

2252 4433 2369 4471 rum
2392 4418 2699 4487 assignatur
2721 4418 2888 4491 (8.58).
2933 4420 3052 4488 Quo
3088 4412 3157 4473 ad
3189 4419 3368 4474 sedem
3419 4434 3576 4474 suam
3632 4420 3686 4474 in
3734 4419 3827 4473 hac

577 4491 744 4546 misit.
772 4490 887 4547 Hoc
908 4494 1230 4553 Bolizilavus
1250 4508 1307 4554 ut
1331 4500 1559 4561 audivit.
1583 4516 1689 4557 non
1726 4502 1863 4558 bene
1885 4506 2144 4575 suscepit.
2179 4491 2231 4552 Ι)
2253 4508 2490 4564 venienti
2542 4490 2859 4569 ebdomada.
2903 4510 3081 4564 omnis
3130 4509 3478 4579 congregatio
3527 4509 3771 4578 exceptis
3797 4507 3828 4562 9

572 4583 917 4654 qualiterque
985 4586 1150 4642 filium
1191 4589 1245 4643 in
1283 4604 1438 4644 suam
1473 4592 1741 4660 redigeret
1803 4603 2145 4661 potestatem,

572 4692 788 4746 semper
816 4677 979 4733 tacita
1013 4690 1187 4736 tuente
1214 4692 1271 4735 et
1293 4681 1482 4737 crebra
1508 4683 1539 4735 lt
1557 4684 1771 4754 gatioue
1794 4686 2144 4740 revolvitm’.

2254 4598 2387 4653 llens
2439 4600 2610 4663 abiit,
2660 4610 2716 4653 et
2769 4609 2825 4653 ttt
2873 4598 3154 4653 Liudulfus
3205 4600 3372 4653 abbas
3426 4600 3666 4668 predixit
3721 4596 3826 4660 ⁸⁸³⁸,

2253 4690 2428 4745 locum
2461 4691 2605 4746 hunc
2632 4705 2769 4760 pene
2800 4704 3026 4745 vacuum
3056 4704 3162 4744 non
3200 4699 3389 4758 sponte
3429 4688 3667 4759 reliquid
3696 4690 3735 4740 ⁸.

1868 4795 2099 4852 VARUS
2141 4798 2539 4857 LECTlO’NES.

641 4901 764 4959 3""
790 4902 852 4956 Β.
912 4905 1040 4958 add.
1100 4904 1186 4959 ib.

638 4906 764 4976 im"
790 4906 852 4956 Β.
912 4906 1040 4958 add.
1100 4906 1186 4959 lb.
1334 4906 1424 4940 ¹⁴³⁷
1471 4907 1746 4977 princibus
1801 4910 1852 4963 l.

570 4969 726 5038 loqt‘.
839 4973 930 5007 ¹⁴⁹¹
971 4976 1109 5028 bista
1153 4976 1239 5029 la.
1355 4975 1446 5009 ³⁵³³
1477 4979 1782 5038 διισοοὶυἰθηδ
1813 4981 1852 5033 ιι

1355 4975 1446 5009 ³⁵³³
1474 4975 1782 5048 ἑιιυοίμίθηδ
1813 4981 1896 5033 la.

2002 4911 2094 4944 nos
2133 4910 2219 4979 qd-
2251 4914 2302 4967 ί.

2030 4981 2125 5014 Mi
2153 4993 2337 5036 ortatu
2368 4983 2417 5037 Ι.

3738 4909 3825 4942 ιυι

2416 4913 2505 4946 ’δ”
2544 4914 2816 4968 rennoluit
2860 4916 2946 4968 la.
3102 4913 3193 4945 “°°
3231 4912 3509 4967 conditum
3533 4912 3585 4964 1.

2500 4983 2590 5017 ⁸⁸³⁵
2618 4980 2868 5038 οεὶδειιιιιη
2900 4983 2988 5037 la.
3063 4982 3156 5015 ⁸⁸⁸⁸
3188 4983 3400 5038 Interim
3421 5012 3492 5022 —
3513 4981 3663 5037 Junii
3701 4980 3824 5033 edd-

574 5041 1043 5124 ψηὶη-τηανρηια
1070 5045 1122 5124 2:
1157 5062 1272 5099 vero
1294 5046 1509 5124 inseruit
1524 5041 1647 5124 pos}
1678 5050 2130 5120 sollempnitatem
2161 5053 2336 5121 ibique
2352 5053 2520 5123 pergit
2554 5069 2572 5107 :
2611 5068 2735 5124 rege
2772 5060 3030 5117 manente
3062 5052 3500 5107 lmmedeslmscn
3531 5053 3665 5107 illic.
3741 5048 3826 5081 “"

570 5110 702 5163 add.
741 5112 822 5165 ta.
892 5102 992 5145 ῖιη
1021 5102 1073 5166 ίι.
1101 5114 1163 5168 L.
1195 5130 1246 5167 a.
1275 5132 1326 5184 p.
1353 5117 1480 5170 add.
1518 5102 1600 5170 ib.

2085 5240 2312 5298 NOTAE.

644 5335 791 5368 ιριιι
827 5338 846 5368 Ι
901 5356 926 5368 ρ
975 5340 1318 5368 :....:..:.._-...Is

2322 5352 2462 5368 [anno
2505 5354 2526 5368 Ι
