4048 5368
516 308 648 362 1371

1435 304 1814 362 ΤΠΙΕΪΠΔΜ
1850 305 2475 366 MERSEBURGENSIS
2513 308 2817 368 EPlSCOPl

3615 310 3753 370 15ῖῖ

511 432 722 475 τίει-ειη.
761 419 922 474 Nam:
949 429 1154 486 autem.
1195 431 1251 475 ut
1285 422 1383 490 ipsi
1415 422 1560 476 scitis
1583 461 1598 486 ,
1635 439 1753 476 sum
1784 423 1886 477 mei
1919 424 2087 493 patris
2111 429 2163 490 Λ
2191 440 2305 481 rem
2343 441 2450 482 non
2491 427 2901 495 comitarentur,
2936 437 3112 486 tamen
3157 428 3311 485 ﬁdele
3344 429 3624 485 servitium
3664 445 3756 485 sua

515 513 746 565 dominio
778 511 871 544 ¹⁸¹⁹
896 513 1133 566 subditus
1155 553 1169 576 ,
1195 523 1242 567 et
1268 514 1392 583 quia
1425 514 1512 567 ille
1537 515 1632 568 hoc
1656 514 1908 583 prohibet,
1938 525 1986 568 et
2005 531 2087 568 sui

515 601 700 656 milites
734 603 820 657 hic
852 603 1005 658 modo
1039 614 1294 672 presentes
1333 604 1462 658 talia
1496 605 1615 673 ﬁeri
1644 621 1746 660 non
1783 607 2085 676 pariuntur,

517 694 710 746 invitus
747 696 944 748 omitto.
990 692 1228 750 Patriam
1254 737 1268 760 ,
1302 713 1459 766 quam
1503 698 1720 767 queritis
1744 737 1758 762 ,
1797 713 1962 752 meum
1989 737 2004 761 ,
2042 699 2088 751 si

515 797 746 852 possunt,
772 785 1048 854 defendere
1071 802 1230 857 usque
1251 788 1320 840 ad
1343 789 1618 842 adventura
1640 790 1739 842 mei
1761 791 1926 858 patris
1949 789 2086 855 volo,

517 887 564 930 tt
596 889 718 928 tunc
742 893 857 930 eum
881 878 949 930 ad
973 881 1199 947 gratiam
1227 881 1422 933 cereris
1446 890 1493 936 et
1521 881 1592 934 ad
1611 897 1840 934 cruorem
1866 893 2088 950 restrum

517 965 768 1020 inclinare
798 969 970 1036 cupio.
1005 967 1114 1022 lloc
1145 972 1309 1024 nostri
1341 971 1640 1034 audientes,
1677 971 1904 1040 regressi
1928 983 2084 1039 sunt,

516 1064 571 1110 et
607 1056 719 1110 lucc
749 1056 1038 1126 inperatori
1069 1074 1324 1128 responsa
1357 1058 1682 1114 detulerunt.
1713 1060 1930 1116 Interim
1962 1061 2089 1116 Bero

517 1147 755 1202 nhardus
785 1146 846 1216 (f.
883 1148 1004 1220 M9)
1038 1150 1142 1204 dus
1167 1167 1290 1205 cum
1321 1153 1433 1207 suis
1463 1151 1796 1216 fautoribus,
1821 1154 2087 1225 episcOpis

517 1246 569 1290 et
599 1239 914 1305 comitibus,
943 1250 998 1295 et
1030 1243 1374 1312 profanorum
1410 1244 1564 1299 turba
1593 1245 1944 1300 Liuticiorum
1972 1287 1986 1312 ,
2018 1249 2086 1303 ab

517 1330 767 1400 aquilone
797 1333 1124 1388 b‘olizlavum
1155 1336 1335 1404 peciit,
1369 1337 1592 1392 ethunc
1614 1349 1940 1408 prcsentem,
1970 1356 2086 1395 mu-

515 1422 628 1477 nita
661 1424 1082 1495 undiquesseeus
1106 1425 1300 1489 Odera,
1332 1428 1537 1484 habuit.

588 1515 676 1569 19..
717 1517 884 1571 Cesar
914 1527 1090 1572 autem
1123 1520 1175 1573 in
1208 1520 1514 1576 inventione
1550 1520 1750 1578 Clll‘l:ll
1781 1533 2084 1594 protomar-

515 1607 635 1662 tiris
664 1609 816 1679 (Aug.
847 1609 901 1682 ὅ)
937 1609 1164 1665 Oderatn
1199 1621 1556 1678 transmeans,
1602 1616 1951 1672 reluctantem
1984 1618 2090 1674 Po-

514 1697 776 1755 leniorum
804 1701 1193 1758 multitudinem
1217 1705 1498 1758 admodum
1520 1719 1826 1775 prostravit.
1852 1723 1906 1766 et
1929 1728 2084 1768 nemo

2191 517 2464 574 vicinitate
2487 519 2968 589 (856).ostendunt.
2997 519 3238 592 Namque
3261 520 3568 577 Othelrieus
3593 537 3763 591 quan.

2189 613 2312 668 dam
2343 616 2530 670 urbem
2561 631 2842 686 magnam,
2876 615 3071 671 Businc
3105 615 3254 686 (857)
3295 615 3531 681 dictam,
3573 617 3760 686 petiit,

2189 710 2242 756 et
2271 703 2323 756 in
2349 719 2410 758 ea
2437 720 2542 758 non
2571 705 2749 760 minus
2771 720 2930 774 quam
2959 704 3105 760 mille
3130 706 3275 760 viros
3297 705 3500 775 absqwe
3526 705 3763 758 mulieri-

2189 792 2289 847 bus
2317 803 2371 848 et
2410 793 2594 850 liberis
2619 796 2873 865 capiens,
2910 796 3144 851 incendit
3189 795 3446 861 eandem,
3495 804 3553 850 et
3587 796 3762 850 victor

2191 887 2469 940 remeavit.
2515 888 2798 942 lleinrieus
2836 898 3043 954 autem,
3084 886 3436 943 Orientalium
3483 887 3761 952 marcbio,

2189 989 2308 1030 cum
2350 977 2644 1043 Bavvariis,
2682 977 3045 1048 comperiens,
3086 975 3337 1030 Bolizlavi
3369 975 3570 1030 milites
3605 973 3762 1043 juxta

2189 1080 2246 1118 se
2286 1069 2503 1136 preiam
2541 1067 2764 1134 fecisse,
2805 1067 3049 1136 protinus
3086 1067 3405 1136 insequitur,
3451 1074 3509 1119 et
3544 1079 3612 1120 ex
3657 1064 3764 1119 hiis

2189 1157 2398 1212 fortiter
2425 1158 2796 1216 resistentibus
2818 1159 3151 1231 octingentos
3171 1158 3371 1213 occidit
3394 1156 3485 1188 ""
3509 1155 3765 1227 predam-

2189 1266 2290 1318 que
2315 1265 2528 1306 omnem
2561 1251 2800 1307 resolvit.

2259 1341 2343 1394 15.
2387 1341 2603 1396 Interim
2642 1342 2944 1412 lledingus,
2978 1340 3486 1413 Magadaburgensis
3520 1340 3765 1412 preposi-

2190 1440 2278 1487 tus
2304 1473 2318 1496 ,
2365 1431 2543 1487 Nonas
2581 1435 2803 1502 Augusti
2837 1435 2890 1489 in
2931 1435 3147 1488 Christo
3194 1434 3328 1489 obiit
3369 1433 3540 1503 (858).
3579 1432 3767 1486 Mense

2187 1525 2372 1577 eodem
2407 1533 2461 1576 et
2492 1523 2558 1576 l4.
2584 1522 2850 1578 Kalendas
2900 1523 3233 1594 Septembris
3268 1523 3401 1587 Eila,
3439 1522 3766 1578 venerabilis

2187 1614 2646 1680 cometissa,obiit
2679 1614 2825 1686 (859)
2858 1624 2912 1669 et
2957 1615 3010 1668 in
3047 1613 3374 1668 monasterio
3396 1652 3412 1678 ,
3456 1613 3600 1682 quod
3653 1613 3766 1681 ipsa

2187 1703 2490 1756 construxit
2522 1703 2704 1774 (860),
2739 1704 2807 1757 ab
2844 1704 3154 1759 Everltardo
3187 1705 3429 1759 antistite
3466 1702 3618 1772 ‘86!)
3661 1713 3770 1757 tra-

513 1805 579 1841 ex
609 1791 806 1845 nostris
835 1791 934 1845 nisi
963 1790 1109 1846 llodo
1137 1792 1351 1848 inclitus
1372 1765 1587 1860 juvenis
1617 1813 1736 1851 eum
1771 1798 2001 1856 Ekkrico
2029 1811 2084 1856 et
2116 1765 2160 1822 Β
2187 1793 2332 1846 dilttl‘
2357 1793 2627 1860 sepulture
2654 1794 2766 1847 ¹⁵²⁸ο
2799 1793 2904 1848 5θά
2937 1804 3225 1864 antequam
3259 1794 3369 1848 Ιιῐιὲυ
3396 1793 3582 1848 omnia
3608 1806 3770 1845 0053f

513 1881 618 1934 alio
665 1882 941 1937 Guncelini
992 1885 1206 1939 comitis
1250 1887 1480 1942 satellite
1530 1889 1723 1944 cecidit
1766 1891 1932 1962 (854).
1985 1893 2084 1949 llic

513 1991 634 2028 eum
681 1974 934 2046 Sigifrido
956 2017 969 2039 ,
1003 1976 1241 2033 lludonis
1272 1978 1380 2034 ﬁlio
1418 1981 1746 2036 marcltionis
1768 2023 1782 2047 ,
1815 1985 1881 2039 ab
1917 1986 2084 2055 impe-

515 2075 695 2120 ratore
727 2076 1045 2130 accusatus,
1083 2084 1148 2125 eo
1187 2071 1326 2140 quod
1363 2071 1628 2128 Bolizlavo
1671 2074 1761 2106 ¹⁸²⁰
1805 2074 1962 2128 nimis
2003 2075 2082 2130 fa-

515 2157 740 2212 miliaris
778 2168 1004 2214 actenus
1044 2159 1230 2215 fuisset
1275 2161 1386 2226 ¹⁸⁸²,
1418 2163 1605 2217 eodem
1637 2164 1725 2217 dic
1769 2164 1994 2219 viriliter
2027 2182 2084 2220 se

511 2257 810 2318 expurgant
842 2250 952 2314 ‘5",
983 2260 1037 2304 et
1070 2267 1100 2304 a
1132 2251 1244 2306 suis
1274 2251 1424 2308 Hodo
1455 2254 1606 2323 longe
1636 2256 1929 2324 digressus,
1962 2273 2083 2311 cum

515 2341 694 2396 hostes
717 2341 861 2398 solus
885 2341 1148 2414 fugientes
1173 2345 1565 2416 insequeretur,
1592 2349 1782 2416 sagitta
1810 2363 1906 2417 per
1927 2358 2088 2418 caput

516 2433 735 2489 inmissa
767 2435 941 2505 primo
971 2436 1184 2501 oculum
1220 2447 1274 2493 et
1303 2448 1418 2507 post
1453 2439 1613 2493 vitam
1641 2441 1873 2510 perdidit
1905 2443 2082 2496 istam.

513 2524 618 2580 Sed
651 2542 768 2580 cum
803 2527 1003 2584 Miseco
1037 2527 1272 2595 ejusdem
1311 2545 1507 2598 corpus
1537 2539 1924 2602 cognosceret,
1957 2533 2082 2602 quia

509 2618 626 2686 ejus
646 2621 786 2691 apud
806 2635 905 2676 nos
929 2621 1100 2676 fuerat
1130 2631 1309 2677 custos
1336 2632 1387 2675 et
1411 2623 1626 2686 sodalis,
1657 2625 1882 2677 multum
1914 2625 2079 2691 ﬂevit,

509 2723 564 2768 et
595 2713 646 2768 id
677 2715 812 2769 bene
839 2726 1183 2784 procuratum
1226 2718 1291 2772 ad
1325 2716 1416 2748 ¹³¹³
1449 2716 1746 2772 exercitum
1781 2716 1944 2770 misit.
1975 2716 2078 2772 Eo-

511 2798 841 2859 rum’autem
863 2845 879 2870 ,
925 2807 1014 2875 qui
1048 2823 1112 2860 ex
1144 2816 1296 2877 parte
1335 2807 1514 2862 hostili
1545 2807 1893 2876 oppecierunt
1919 2847 1933 2871 ,
1976 2823 2080 2861 non

513 2894 689 2948 minor
719 2904 832 2950 erat
869 2911 1125 2950 numerus
1160 2913 1320 2966 quam
1353 2898 1623 2962 sexcenti,
1665 2899 1883 2968 predam
1920 2899 2082 2954 relin-

509 2993 738 3056 quentes
789 2988 987 3042 nostris
1035 2987 1382 3043 itielTabiletn.
1438 2989 1548 3043 lloc
1598 2989 1939 3057 llolizlavns,
1990 2991 2078 3046 ubi

2181 1882 2524 1950 comperiret,
2555 1881 2777 1936 multum
2809 1881 3088 1946 sollicitus,
3115 1883 3360 1951 quamvis
3389 1897 3559 1951 parvo
3587 1889 3768 1937 utere-

2184 1978 2271 2023 tur
2299 1971 2594 2036 excercitu,
2627 1983 2806 2026 tamen
2833 1972 3175 2040 pOtcstative,
3206 1972 3458 2041 quamdiu
3486 1969 3682 2034 voluit,
3713 1970 3770 2023 in

2185 2063 2287 2118 hiis
2320 2064 2562 2132 partibus
2596 2065 2724 2131 fuit,
2765 2076 2820 2120 et
2865 2074 2989 2122 tunc
3026 2080 3274 2121 reversus
3326 2066 3392 2119 ad
3427 2079 3626 2135 pagum
3673 2065 3769 2133 qui

2183 2156 2449 2212 Diadesisi
2469 2157 2684 2224 dicitur,
2709 2158 2851 2213 venit
2877 2157 2930 2213 in
2955 2168 3206 2229 angusto,
3232 2173 3330 2229 pro
3350 2157 3535 2214 dolor!
3564 2168 3772 2212 castra-

2184 2257 2419 2302 metatus
2448 2247 2596 2315 loco,
2633 2250 2719 2305 ubi
2756 2249 2964 2316 nullus,
3005 2261 3234 2322 excepto
3266 2266 3427 2321 apum
3465 2251 3768 2321 magistm,

2182 2341 2273 2409 qui
2306 2340 2499 2394 ibidem
2533 2348 2660 2396 tunc
2695 2339 3013 2398 interfectus
3038 2350 3150 2407 est,
3182 2343 3338 2398 sedit.
3374 2341 3435 2413 (f.
3484 2340 3613 2410 l50)
3666 2340 3771 2395 Bo-

2182 2433 2406 2489 lizlavus
2435 2443 2614 2488 autem
2646 2434 2897 2498 audiens,
2945 2435 3322 2505 imperatorem
3354 2433 3513 2488 aliam
3537 2475 3554 2498 ,
3597 2448 3767 2501 quam

2185 2527 2440 2591 intraret,
2470 2528 2610 2581 viam
2641 2527 2766 2582 hinc
2804 2528 3103 2590 exiturum,
3132 2526 3287 2595 juxta
3319 2527 3552 2582 Oderam
3587 2527 3770 2581 Omni-

2184 2619 2362 2673 modis
2401 2635 2496 2674 sua
2543 2619 2635 2651 ‘m
2667 2619 2922 2674 ﬁrmavit.
2965 2620 3069 2674 Sed
3099 2635 3218 2674 eum
3257 2619 3398 2674 hunc
3419 2618 3533 2686 jam
3582 2619 3768 2674 abisse

2183 2711 2544 2778 comperiret,‘
2581 2726 2828 2782 magnam
2863 2711 3100 2780 peditum
3143 2709 3541 2764 multitudinem
3573 2710 3645 2764 ad
3685 2709 3767 2764 lo-

2182 2817 2335 2865 cum,
2369 2801 2456 2855 ubi
2487 2813 2668 2856 noster
2689 2803 2929 2858 consedit
2955 2803 3245 2864 exercitus,
3271 2802 3553 2871 premisit:
3589 2801 3769 2871 preci-

2182 2894 2334 2964 piens
2363 2894 2462 2957 eis,
2498 2895 2541 2948 si
2568 2895 2742 2965 aliqua
2769 2895 3108 2964 oportunitas
3132 2893 3232 2949 sibi
3259 2893 3568 2956 accidisset,
3603 2893 3770 2963 hujus

2181 2984 2370 3042 saltem
2419 2985 2650 3055 aliquam
2695 2971 2904 3055 partem
2951 2985 3130 3040 ledere
3173 2992 3484 3054 temptaret.
3533 2983 3768 3053 Insuper

511 3088 637 3134 tunc
693 3081 929 3145 mansit,
991 3082 1060 3136 ab
1118 3081 1461 3137 internuntiis
1515 3081 1895 3137 festinantibus
1955 3098 2076 3138 mox
2107 3115 2151 3176 Ο
2183 3079 2433 3132 abbatem
2465 3093 2643 3142 suum.
2675 3075 2810 3132 Tuni
2845 3078 3083 3142 nomine.
3113 3076 3363 3131 simulata
3390 3091 3521 3146 pace
3558 3078 3628 3132 ad
3654 3092 3763 3132 ae-

509 3171 763 3238 rescivit;
797 3181 850 3226 et
879 3173 1126 3242 quamvis
1153 3189 1217 3228 eo
1247 3173 1478 3229 libenter
1517 3190 1738 3245 pergere
1783 3175 2075 3244 voluisset,

510 3270 688 3316 tamen
727 3264 1068 3332 presentibns
1103 3264 1341 3319 inimicis
1376 3266 1648 3320 introitum
1682 3274 1958 3334 patescere
1983 3283 2080 3321 au-

508 3369 602 3407 sus
641 3370 744 3408 non
771 3365 870 3409 est.
909 3355 1260 3425 Quocumque
1292 3356 1461 3412 nostri
1493 3357 1544 3410 in
1587 3358 1817 3412 navibus
1845 3357 2080 3412 declina-

509 3444 667 3507 baut,
703 3445 827 3499 illnc
857 3446 971 3513 ipsc
999 3462 1119 3500 cum
1146 3448 1259 3501 suis
1294 3461 1432 3516 equo
1460 3447 1786 3516 sequebatur
1813 3449 1954 3503 alato
1983 3449 2076 3520 (cf.

507 3534 662 3589 Ovtn.
694 3532 844 3587 Fati.
877 3551 957 3600 ιιι,
989 3536 1137 3604 415).
1177 3537 1256 3592 Ad
1285 3536 1528 3591 ultimum
1564 3555 1689 3592 vero
1719 3541 1915 3594 creetis
1942 3539 2079 3596 cele-

508 3625 638 3678 riter
664 3626 813 3688 velis,
841 3627 1010 3681 nostri
1034 3644 1128 3696 per
1146 3644 1359 3682 omnetn
1385 3645 1540 3682 ttnam
1566 3629 1893 3699 navigabant
1913 3632 2074 3698 diem,

506 3723 558 3768 et
592 3715 823 3770 inimicis
853 3733 948 3772 eos
991 3728 1115 3772 tunc
1150 3719 1394 3772 comitari
1437 3736 1539 3774 non
1585 3721 1916 3786 valentibus,
1953 3723 2077 3780 litus

506 3816 749 3873 optatum
777 3809 954 3864 securi
983 3810 1445 3878 comprehendunt
1475 3812 1535 3881 (f.
1571 3813 1729 3884 159"),
1758 3825 1812 3868 et
1834 3817 2074 3884 proxima

507 3897 799 3952 incendunt
850 3899 986 3954 loca.
1041 3902 1192 3966 Quod
1243 3918 1363 3956 cum
1420 3905 1630 3958 eminus
1682 3907 1788 3960 dux
1840 3904 2078 3977 prefattts

505 3998 842 4056 agnosceret,
877 4004 1026 4044 more.
1059 3991 1214 4046 solito
1246 3991 1398 4062 fvgit,
1432 4003 1485 4048 et
1515 3996 1714 4050 nostris
1749 3997 1997 4051 ﬁduciam
2025 4010 2079 4052 et

507 4076 679 4132 locum
710 4082 936 4136 nocendi
968 4082 1168 4136 invius
1191 4084 1474 4138 concessit.
1507 4084 1623 4140 Dex
1652 4100 1781 4141 vero
1807 4086 2078 4143 Beruhar-

505 4169 606 4224 dus
631 4186 752 4225 cum
788 4173 899 4227 suis
928 4173 1240 4242 imperatori
1269 4175 1334 4228 ad
1369 4175 1648 4240 auxilium,
1680 4177 1817 4230 sicut
1849 4177 1896 4231 ei
1929 4180 2076 4247 prius

502 4259 706 4327 jussum
737 4272 839 4328 est,
866 4265 1046 4319 venire
1069 4281 1193 4319 cum
1216 4267 1564 4336 nequivisset,
1593 4284 1687 4337 per
1710 4269 1915 4337 pedites
1937 4269 2076 4323 clatn

507 4351 700 4406 missos
731 4354 779 4408 ei
811 4366 1059 4410 eventum
1090 4358 1166 4410 rei
1197 4366 1251 4412 et
1290 4360 1668 4415 necessitatem
1702 4361 2077 4414 inobedientim

2182 3184 2361 3224 sarem
2414 3168 2591 3232 misit,
2636 3169 2724 3238 qui
2777 3168 3023 3238 protinus
3068 3167 3136 3222 ab
3175 3181 3239 3221 eo
3281 3167 3600 3236 explorator
3643 3182 3766 3222 esse

2181 3259 2543 3329 cognoscitur,
2577 3268 2631 3313 et
2671 3259 2887 3321 ibidem,
2916 3271 3194 3328 quousque
3223 3257 3400 3311 omnis
3432 3270 3571 3325 pene
3608 3272 3767 3312 exer-

2181 3350 2352 3415 citus,
2385 3350 2544 3403 factis
2571 3350 2622 3403 in
2652 3348 2960 3417 precedenti
3003 3355 3160 3402 nocte
3187 3347 3438 3416 pontibus
3461 3385 3476 3409 ,
3510 3345 3764 3414 paludem

2182 3442 2593 3497 transcenderet
2617 3441 3000 3510 prejacentem,
3019 3439 3289 3493 detinetur
3310 3438 3481 3505 (Sept.
3510 3436 3586 3508 l).
3612 3435 3765 3490 Tunc

2181 3533 2288 3599 ille,
2323 3533 2621 3586 monachus
2653 3531 2857 3594 habitu,
2887 3530 2980 3586 sed
3012 3530 3196 3585 dolosa
3226 3528 3398 3599 vulpis
3430 3529 3482 3584 in
3513 3538 3675 3593 actu,
3710 3539 3765 3584 et

2179 3629 2248 3682 ob
2288 3629 2388 3682 hoc
2418 3637 2629 3681 amatus
2657 3641 2684 3678 a
2722 3625 2973 3688 domino,
3008 3624 3198 3687 rediit;
3241 3634 3295 3676 et
3333 3623 3634 3691 imperator
3663 3622 3765 3677 Gc-

2180 3719 2300 3774 ι*θηί
2332 3719 2424 3751 ⁵³³⁸
2455 3717 2860 3787 archiepiscopo
2887 3757 2900 3781 ,
2934 3724 2987 3770 et
3031 3715 3227 3771 Geroni
3265 3715 3355 3750 ¹⁵²⁷
3396 3715 3588 3769 inclito
3620 3731 3765 3769 mar-

2179 3809 2389 3872 ciiioni,
2423 3824 2486 3863 ac
2528 3807 2837 3861 Burchardo
2867 3808 3047 3861 comiti
3091 3807 3326 3877 palatino
3365 3806 3481 3873 ωδ,
3517 3807 3764 3861 residuos

2178 3901 2541 3962 committens,
2572 3899 2935 3968 progreditur,
2968 3907 3021 3951 et
3051 3909 3105 3952 ut
3132 3915 3190 3952 se
3221 3898 3380 3952 solito
3407 3899 3627 3952 cautius
3651 3899 3759 3952 cir-

2179 3993 2601 4061 ευιιιεμξςοςριιι,
2637 3999 2865 4044 ortatur.
2902 3989 3030 4044 Post
3075 3991 3173 4043 hoc
3208 3991 3276 4042 ab
3311 3989 3560 4043 hostibus
3598 4005 3763 4058 Prolze

2181 4085 2230 4137 in
2273 4085 2404 4138 silva
2439 4084 2728 4138 latentibus
2765 4099 2992 4152 magnus
3023 4083 3228 4135 clamor
3267 4081 3433 4134 ternis
3466 4081 3762 4148 mugitibus

2178 4176 2464 4239 attollitur,
2495 4188 2543 4228 et
2581 4191 2700 4228 mox
2735 4187 2982 4228 nostrum
3013 4189 3222 4243 agmen,
3255 4155 3556 4241 sagittariis
3598 4172 3762 4222 inter-

2179 4269 2387 4323 mixtim
2413 4268 2780 4331 currentibus,
2810 4268 2878 4319 ab
2907 4266 3008 4320 hiis
3037 4264 3319 4334 appetitur.
3349 4262 3560 4329 Quibus
3589 4263 3761 4330 primo

2179 4359 2432 4414 conﬂictu
2471 4362 2815 4428 secundoque
2844 4359 2935 4390 ⁸³⁸⁸
2962 4356 3172 4410 fortiter
3196 4355 3476 4416 resistunt,
3502 4363 3558 4408 et
3591 4369 3654 4406 ex
3682 4353 3759 4406 eis

425 4451 428 4454 ’
506 4441 748 4497 indicens
773 4484 785 4506 .
829 4449 1051 4500 vastatis
1096 4449 1516 4519 circumquaque
1551 4451 1858 4522 jacentibus
1903 4452 2036 4506 locis
2063 4495 2076 4516 ,
2113 4456 2151 4508 D
2181 4451 2376 4504 multos
2402 4451 2644 4520 palantes
2667 4451 2936 4506 occidunt.
2969 4447 3059 4503 Set
3085 4445 3409 4518 fugientibus
3431 4444 3756 4513 quibusdam

505 4532 720 4586 domum
755 4535 930 4588 rediit.
987 4538 1290 4593 Othelricus
1320 4555 1559 4610 quoque,
1594 4542 1684 4611 qui
1719 4557 1841 4596 cum
1887 4543 2076 4597 Bawa-

504 4623 600 4676 riis
626 4625 692 4677 ad
721 4640 960 4680 cesarcm
991 4629 1174 4681 venire
1218 4630 1418 4694 definit,
1450 4632 1518 4686 ob
1552 4633 1748 4687 multas
1787 4649 2074 4688 causarum

502 4717 789 4784 qualitates
831 4719 980 4791 (855)
1009 4720 1230 4774 dimisit.
1276 4721 1340 4775 Et
1379 4725 1626 4791 quamvis
1668 4725 1740 4779 hii
1789 4726 2076 4795 imperato-

2183 4557 2246 4596 ex
2275 4542 2490 4605 nostris,
2517 4542 2802 4596 confortati
2838 4542 3020 4595 hostes
3044 4539 3428 4609 glomerantur,
3455 4544 3514 4590 et
3541 4545 3756 4590 nostros

2182 4633 2375 4688 iterum
2421 4636 2754 4690 incurrentes
2794 4632 3091 4701 dissipant,
3123 4640 3177 4683 et
3218 4637 3504 4698 separatos
3548 4627 3758 4698 sagittis

2182 4727 2487 4781 fallentibus
2527 4726 2585 4795 (f.
2627 4726 2761 4795 l50')
2799 4725 3048 4794 perdunt.
3091 4721 3233 4777 Gero
3269 4731 3449 4775 autem
3489 4720 3757 4788 archiepi-

1797 4899 1883 4953 γλ
1893 4899 2028 4954 ΙίΙλΕ
2065 4899 2463 4958 [ΕΟἸῚΟΝΕΒ.

573 5032 663 5064 ¹⁵¹⁹
691 5033 763 5086 ita
791 5032 856 5087 Α.
900 5033 959 5088 S.
993 5034 1211 5089 domino
1241 5035 1288 5088 Ι.
1367 5035 1458 5066 ¹⁸¹⁰
1490 5033 1755 5089 bolizlovo
1788 5035 1836 5089 Ι.

505 5099 596 5133 ³⁵η
626 5111 682 5156 et
723 5104 808 5158 la.
903 5104 994 5137 ’⁸⁸⁵
1023 5105 1150 5160 add.
1196 5106 1276 5160 lb.

506 5170 598 5204 ⁸⁸³⁸
629 5188 732 5241 que
761 5173 888 5230 add.
925 5175 1012 5228 ιδ.

1917 5034 2006 5065 ¹⁵¹¹
2040 5034 2332 5090 familiares
2368 5050 2416 5086 a.
2467 5033 2692 5088 fuissent
2733 5034 2816 5086 la.

1353 5105 1443 5137 ⁸⁸⁸⁵
1487 5105 1703 5160 Interim
1730 5136 1797 5145 —
1819 5106 2095 5174 sepulture
2145 5105 2271 5158 add.
2306 5105 2413 5158 lb.‘

2895 5033 2985 5067 ⁸⁸³⁸
3024 5032 3097 5084 ita
3152 5031 3201 5084 l.
3242 5027 3571 5098 expurgavit
3599 5027 3665 5081 Α.
3694 5026 3753 5080 S.

2563 5105 2654 5136 ⁸⁵³⁸
2682 5105 2776 5157 ita.
2809 5103 2888 5158 ιθ.
2915 5100 3094 5170 jeroui
3132 5102 3217 5156 la.
3312 5096 3322 5098 ⁷
3374 5097 3467 5128 ¹⁵’⁷
3489 5096 3669 5166 jeroni
3702 5099 3750 5151 l’.

2009 5254 2240 5315 NOTtE.
