4048 5368
217 180 357 238 13Ἱὸ
396 216 399 223 ι

210 314 406 369 scapus
434 309 488 354 et
517 298 863 353 Burchardus
898 312 1079 353 comes
1106 298 1421 354 vulneratus
1450 300 1538 355 vix
1563 301 1793 357 evaden-
1820 306 1866 361 Α

212 403 234 448 ι
255 410 312 457 -s,
345 392 521 448 ccsari
551 393 665 447 bzec
694 391 1016 446 referebant.
1050 391 1333 446 Liudulfus
1371 403 1552 450 autem
1578 394 1793 463 juvenis

210 500 337 538 cum
374 483 560 552 paucis
588 484 820 551 capitur,
854 493 906 537 et
932 481 1073 538 Gero
1098 499 1161 537 ac
1192 483 1503 539 Folcmarus
1544 485 1791 550 comites,

208 590 334 629 cum
363 573 470 627 200
494 573 751 629 militibus
780 574 998 644 Optimis
1026 575 1215 637 occisi.
1238 575 1450 645 spoliati
1478 586 1601 631 sunt
1622 575 1791 646 (862),

210 680 443 733 quorum
484 666 701 719 nomina
737 676 791 720 et
829 667 1035 720 animas
1074 665 1215 721 Deus
1250 669 1591 737 omnipotens
1631 669 1794 723 mise-

209 758 498 812 ricorditer
537 758 811 828 respiciat,
843 770 897 812 et
931 775 1047 824 nos,
1081 775 1308 829 quorum
1348 761 1501 831 culpa
1549 762 1624 816 bii
1668 773 1795 816 tunc

210 850 511 918 iippetiere,
545 849 647 904 sibi
679 867 773 917 per
804 850 1078 905 Christum
1111 853 1451 917 reconciliet.
1484 864 1539 909 et
1569 871 1638 910 ne
1667 856 1797 925 quid

212 944 320 997 tale
354 944 578 999 ult-'rius
606 949 888 1014 paciamur
938 948 1176 1003 clemens
1208 950 1493 1004 custodiat.

286 1034 373 1089 14.
414 1035 711 1105 Imperator
749 1047 807 1094 ut
837 1041 936 1094 huc
977 1042 1128 1094 triste
1161 1043 1415 1096 nuncium
1454 1045 1691 1109 audivit,
1730 1045 1799 1100 ad

212 1126 450 1181 tollenda
503 1128 909 1184 interfectorum
964 1146 1190 1200 corpora
1238 1132 1415 1187 redire
1460 1134 1669 1200 voluit;
1717 1144 1800 1190 set

213 1215 506 1270 multorum
534 1218 776 1272 tardatus
805 1219 1051 1285 consilio,
1078 1221 1128 1273 id
1166 1223 1319 1290 quasi
1354 1222 1555 1276 invitus
1593 1224 1797 1291 omisit,

214 1317 273 1361 et
299 1304 519 1361 Eidttm
545 1309 865 1371 antistitem.
897 1312 986 1379 qui
1028 1312 1109 1365 eis
1142 1311 1358 1366 licentia
1396 1313 1615 1369 infausti
1646 1316 1799 1370 ducis

212 1398 546 1468 sepulturam
578 1400 991 1469 impenderetet
1030 1401 1261 1457 Gcronis
1293 1418 1490 1473 corpus
1532 1407 1801 1460 uiarchio-

213 1490 302 1543 nis
350 1490 677 1559 inploraret,
728 1492 953 1545 remisit.
992 1491 1328 1548 Venerabilis
1370 1495 1604 1547 vero‘m
1648 1504 1802 1565 pater

211 1584 388 1636 cesari
423 1582 513 1613 η’)
546 1583 845 1638 voluntarie
885 1586 1248 1646 consentiens.
1288 1586 1499 1641 concito
1523 1602 1683 1643 cursu
1714 1602 1799 1643 re-

214 1673 477 1739 vertitur;
510 1682 565 1728 et
597 1684 654 1728 ut
708 1674 1068 1729 miserabilem
1109 1678 1317 1745 aspexit
1352 1687 1621 1747 stragem,
1648 1676 1801 1732 ﬂebi-
1827 1656 1876 1717 Β

214 1765 341 1820 liter
370 1765 631 1837 ingemuit
670 1776 722 1820 et
765 1767 1041 1837 supliciter
1062 1782 1159 1838 pro
1193 1769 1283 1800 ¹⁸²⁹
1325 1770 1429 1824 hiis
1464 1770 1556 1801 ¹δ¹⁹
1605 1771 1799 1824 oravit.

216 1856 374 1913 Hunc
411 1873 533 1912 cum
572 1858 803 1913 victores
832 1870 887 1914 et
918 1868 1045 1915 tunc
1085 1861 1138 1914 in
1169 1862 1335 1931 preda
1379 1861 1550 1916 soluta
1584 1877 1803 1917 moran-

219 1956 296 2000 tes
322 1947 537 2001 eminus
560 1946 833 2014 Viderunt,
864 1949 931 2019 de
955 1951 1407 2019 consequentibus
1429 1951 1599 2007 timidi
1625 1952 1804 2023 primo

215 2038 492 2108 fugerunt,
522 2040 823 2110 deiudcque
881 2042 1101 2111 propius
1144 2044 1487 2098 accedentem
1531 2044 1804 2100 salutare-

215 2139 343 2184 runt
376 2142 426 2185 et
458 2132 575 2185 sine
600 2131 746 2186 omni
783 2130 1079 2189 olTensione
1122 2149 1244 2189 eum
1272 2135 1422 2190 ab're
1465 2137 1801 2205 permittunt.

214 2220 317 2276 llic
350 2237 379 2275 a
404 2220 695 2288 Bolizlavo,
714 2223 939 2278 multum
963 2225 1029 2279 de
1049 2226 1285 2294 pernicie
1312 2234 1493 2281 nostra
1529 2227 1803 2297 gaudenti,

214 2313 361 2382 q-iod
404 2313 639 2382 postulat
681 2316 973 2384 inpetrans,
1013 2317 1131 2372 sine
1168 2333 1317 2372 mora
1364 2319 1565 2385 rediit,
1598 2329 1653 2373 et
1689 2335 1809 2375 cor-

216 2418 352 2471 pora
394 2404 664 2457 sociorum
699 2420 822 2459 cum
866 2408 1167 2475 magno‘m
1212 2407 1399 2464 labore
1448 2410 1684 2465 inimicis
1730 2411 1809 2465 fa-

212 2493 472 2547 ventibus
497 2494 587 2525 ⁸⁵³³
611 2495 877 2564 sepelivit.
909 2496 971 2560 (f.
997 2498 1120 2567 151)
1144 2497 1331 2553 Funus
1374 2509 1550 2554 autem
1578 2502 1806 2571 predicd

215 2585 555 2640 marehionis
574 2593 627 2641 et
648 2587 777 2641 socii
796 2588 911 2658 ejus
929 2587 1170 2643 Widredi
1194 2605 1362 2659 usque
1386 2592 1453 2645 ad
1486 2590 1657 2661 Mysni
1683 2591 1811 2646 fecit

212 2678 426 2731 reduci.
458 2676 580 2731 lbet:
605 2678 803 2733 ibidem
833 2679 1178 2736 llirimannus
1213 2698 1397 2737 comes
1420 2681 1672 2738 ﬂebiliter
1692 2699 1813 2738 sus-

212 2771 456 2840 cipiens,
511 2780 561 2825 et
588 2786 759 2841 usque
780 2773 846 2827 ad
876 2772 1081 2827 Novam
1107 2775 1320 2839 urbem,
1345 2773 1433 2829 tibi
1468 2772 1633 2838 Gero,
1657 2774 1814 2843 Agri-

215 2864 468 2931 pinensis
496 2863 583 2893 ’⁵³³
606 2864 1064 2933 archiepiscopus,
1098 2875 1153 2920 et
1175 2866 1520 2921 Thietmarus
1542 2866 1807 2931 marchio,

214 2952 396 3006 frater
420 2952 551 3021 ejus,
590 2954 813 3008 viti'itus
852 2954 1032 3019 istius,
1075 2966 1226 3025 pater
1275 2964 1453 3010 autem
1500 2954 1807 3025 interempti

214 3018 461 3104 comitis,
496 3044 545 3096 in
589 3045 790 3096 honore
821 3044 915 3098 Dei
944 3018 1221 3115 genitricis
1249 3054 1303 3099 et
1348 3044 1520 3099 sancti
1556 3018 1809 3114 martyris
1836 3018 1881 3081 (ί

214 3133 498 3205 Cypriani,
533 3144 791 3201 regnante
829 3136 1069 3189 secundo
1100 3137 1318 3202 Ottone,
1349 3136 1631 3191 abbaciam
1675 3150 1807 3189 cou-

216 3234 539 3281 smixerunt
587 3226 764 3295 (863),
796 3241 916 3279 cum
951 3226 1210 3281 frzitiibus
1245 3228 1359 3282 suis
1406 3225 1690 3281 Guntterio
1720 3225 1812 3258 "“

216 3334 288 3374 ac
322 3316 627 3373 Ekltihardo
669 3319 979 3373 comitatur.
1012 3318 1142 3386 Qua:
1188 3318 1331 3374 Gero
1376 3319 1812 3390 archiepiscopus

220 3423 356 3468 tunc
383 3422 541 3466 terra:
577 3411 981 3476 commendans,
1008 3413 1260 3468 domnam
1287 3411 1691 3467 Ethelbeidam
1718 3414 1810 3445 ¹⁸³⁵

216 3504 451 3575 ejusque
486 3504 655 3557 filium
694 3502 1066 3559 Thietmarum
1112 3512 1168 3559 et
1197 3512 1469 3560 merentes
1498 3505 1705 3560 amicos
1748 3521 1813 3561 ac

220 3596 425 3651 milites
449 3596 674 3651 solatur.

245 3742 251 3748 ,
300 3689 388 3742 15.
427 3688 644 3745 Interim
696 3702 864 3744 cmsar
914 3703 1035 3743 cum
1082 3687 1195 3743 suis
1225 3687 1292 3741 ad
1342 3685 1577 3741 Strelam
1622 3686 1810 3741 urbem

218 3779 521 3851 pervenit;
574 3789 629 3834 et
674 3779 996 3855 Miscconem
1064 3794 1185 3834 cum
1250 3777 1491 3832 exercitu
1557 3778 1812 3846 subsequi

220 3872 429 3937 sciens,
457 3870 845 3926 llerimannum
870 3871 1238 3926 marchionem
1271 3869 1338 3923 ad
1367 3869 1672 3939 lilysnensis
1720 3870 1814 3925 de-

222 3964 530 4019 fensionem
580 3964 815 4018 civitatis
856 3978 1149 4034 properare
1180 3961 1356 4030 jubet.
1398 3960 1518 4031 Ipse
1572 3977 1702 4016 vero
1746 3962 1813 4016 ad
1874 3954 1882 3961 ’

217 4054 541 4124 Merseburg
566 4065 713 4109 recto
740 4056 965 4109 tetendit
995 4054 1209 4108 itinere.
1237 4052 1437 4108 Miseco
1455 4065 1634 4106 autem
1663 4068 1691 4105 a
1714 4067 1811 4121 pa-

224 4158 316 4204 tre
354 4148 558 4203 nefario
588 4150 904 4211 instructus,
936 4156 993 4202 ut
1036 4147 1212 4218 primo
1244 4154 1459 4201 nostros
1508 4144 1684 4199 abisse
1740 4144 1815 4198 di-

222 4241 381 4296 visos
426 4242 732 4311 nullamque
781 4251 902 4311 post
944 4257 1001 4296 se
1054 4234 1352 4295 custodiam
1405 4255 1524 4295 esse
1570 4238 1811 4293 relictam

222 4334 425 4397 sensit,
458 4334 634 4390 Idibus
674 4334 1005 4401 Septembris
1042 4333 1219 4387 Albim
1258 4332 1413 4395 juxta
1460 4332 1646 4387 urbem
1690 4346 1814 4400 pre-

222 4428 434 4482 dictain
468 4428 613 4497 (86i)
655 4444 775 4482 cuni
821 4427 851 4480 7
903 4427 1198 4495 legionibus
1234 4427 1284 4478 iii
1330 4428 1443 4495 ipsa
1476 4424 1815 4479 transcendit

224 4536 461 4583 aurora,
500 4522 763 4591 quosdam
810 4521 1234 4590 circumquaque
1273 4519 1508 4586 jacentia
1556 4527 1772 4572 vastare
1796 4557 1811 4581 ,

225 4611 371 4668 alios
403 4629 529 4669 vero
573 4615 759 4670 urbem
789 4612 1092 4683 precipiens
1135 4612 1450 4682 inpugnare.
1478 4609 1630 4676 Quod
1684 4608 1815 4663 We-

1424 174 1835 237 CHltONlCON.
1872 206 1945 219 --
1983 175 2109 232 LIB.
2148 173 2260 231 VII.

3333 171 3477 227 1376

1897 299 2092 353 neinici
2124 299 2214 335 ⁸³³⁸
2258 297 2426 367 (865)
2474 298 2873 368 conspicientes
2920 309 3088 368 seque
3126 296 3268 351 tueri
3318 310 3477 366 posse
3526 336 3533 343 .

1892 390 2244 456 desperantes
2265 430 2279 452 ,
2328 390 2685 459 superpositae
2709 390 2947 446 civitatis
2977 389 3366 453 municiouem,
3390 404 3477 443 rc-

1895 480 2036 535 lictis
2088 496 2225 551 pene
2268 482 2520 537 omnibus
2569 482 2719 547 suis,
2754 481 3073 536 ascendunt.
3108 478 3190 536 οι»
3235 481 3338 535 hoc
3382 479 3479 533 lio-

1895 573 2250 643 sles(f.15l')
2276 574 2567 629 admodum
2592 574 2763 645 gavisi
2796 560 3112 630 suburbiuni
3148 574 3350 629 intrant
3388 586 3478 627 re-

1896 661 2105 727 lictum,
2135 672 2189 718 et
2221 664 2321 719 hoc
2362 666 2560 721 ablatis
2590 669 2753 721 rebus
2797 665 3031 720 inventis
3072 664 3385 727 incendunt,
3426 670 3482 717 et

1897 754 2143 823 superius
2168 755 2447 810 castellum
2486 756 2538 809 in
2590 756 2799 811 duobus
2835 756 2970 811 locis
2996 770 3286 811 accensum
3321 752 3483 813 .infa-

1899 846 2189 917 tigabiliter
2214 848 2620 919 aggrediuntur.
2646 848 2995 903 Hirimannus
3020 863 3150 903 vero
3180 846 3270 878 ¹⁸²⁹
3298 860 3484 900 comes

1898 940 2086 997 videns
2119 943 2469 999 auxiliatores
2495 960 2623 999 suos
2666 944 2955 999 admodum
3004 957 3206 1013 paucos
3246 940 3359 1010 jam
3392 945 3486 995 de-

1900 1034 2092 1091 fecisse
2118 1036 2233 1100 ⁸⁸³⁷,
2268 1037 2469 1092 Christi
2500 1038 2753 1107 pietatem
2782 1047 2837 1092 et
2862 1038 2981 1109 ejus
3010 1038 3182 1092 incliti
3225 1033 3484 1105 martyris

1902 1129 2093 1184 Donati
2154 1130 2594 1185 intercessionem
2648 1140 2888 1186 sanctam
2943 1140 3247 1201 prostratus
3299 1139 3485 1201 postu-

1902 1220 2020 1275 lans
2039 1261 2054 1285 ,
2080 1222 2337 1277 mulieres
2362 1223 2426 1276 ad
2460 1223 2883 1277 succurrendum
2912 1223 3176 1277 hortatur.
3203 1221 3333 1288 Quin
3360 1235 3487 1291 pro-

1900 1311 2201 1382 pugnacula
2261 1312 2625 1384 attingeutes,
2677 1311 2943 1381 lapidibus
2989 1312 3133 1367 viros
3188 1310 3484 1379 adjuvant,

1902 1407 2082 1475 ignem
2113 1405 2430 1475 inpositum,
2456 1404 2580 1474 quia
2604 1403 2800 1460 defecit
2826 1419 2967 1474 aqua
2994 1405 3109 1469 ⁸⁸³⁸,
3133 1403 3358 1459 medone
3382 1418 3482 1457 ex-

1903 1498 2135 1566 tinguat,
2166 1506 2223 1552 et
2262 1497 2374 1552 Deo
2413 1496 2616 1568 gratias
2648 1498 2660 1551 !
2691 1496 2894 1553 inimici
2942 1494 3181 1550 furorem
3222 1504 3276 1549 et
3319 1496 3491 1548 auda-

1903 1588 2046 1643 ciam
2077 1589 2344 1643 minuunt.
2389 1586 2503 1642 Hoc
2542 1595 2711 1643 totum
2751 1586 2949 1643 Miseco
2994 1587 3060 1642 de
3111 1595 3293 1641 monte
3332 1586 3499 1655 juxta

1905 1681 2079 1751 posito
2108 1694 2374 1745 cernens,
2415 1680 2594 1735 socios
2643 1680 2999 1735 adventantes
3044 1685 3345 1747 exspectat.
3384 1675 3491 1740 Qui

1904 1774 2306 1845 depopulantes,
2332 1783 2385 1827 et
2423 1773 2510 1827 tibi
2545 1772 2682 1843 ignis
2711 1772 3085 1827 inveniebatur
3109 1760 3288 1825 omnia
3317 1782 3488 1836 usque

1904 1868 1971 1920 ad
2000 1866 2204 1921 Gauam
2222 1864 2313 1896 ¹⁵³⁸
2333 1864 2552 1917 ﬂuvium
2573 1863 2719 1931 (866)
2732 1869 3164 1924 concreniautcs,
3182 1874 3306 1915 sero
3332 1856 3492 1911 lassis

1904 1963 2250 2011 revertuntur
2278 1954 2455 2023 equis,
2482 1963 2536 2007 et
2559 1953 2631 2008 ibi
2677 1969 2800 2008 cuin
2845 1954 3061 2006 seniore
3106 1965 3205 2004 suo
3256 1964 3378 2004 cras
3423 1947 3491 2001 ad

1907 2045 2093 2100 urbem
2138 2043 2425 2115 pugnaturi
2463 2050 2864 2112 pernoctarent,
2912 2040 2966 2095 ni
3007 2039 3184 2094 Albim
3239 2050 3491 2093 crescere

1906 2138 2171 2193 viderent.
2200 2137 2429 2205 Propter
2478 2137 2581 2190 huc
2627 2134 2901 2190 exercitus
2946 2132 3109 2187 nimis
3160 2130 3490 2196 defatigatus

1908 2242 2030 2281 cum
2057 2226 2347 2281 securitate
2373 2224 2651 2293 inopinata
2692 2221 2971 2283 remeavit,
3013 2229 3069 2275 et
3097 2219 3251 2273 ducis
3283 2218 3367 2273 sui
3396 2231 3492 2271 cor

1910 2316 2128 2370 anxium
2176 2317 2279 2370 hac
2334 2315 2693 2384 prosperitate
2730 2314 2819 2347 ¹⁶³⁹
2860 2313 3143 2368 relevavit.
3188 2311 3490 2380 Imperator

1910 2416 2090 2462 autent
2117 2407 2234 2461 haec
2280 2415 2339 2458 ut
2387 2406 2625 2469 audivit,
2658 2419 3030 2472 quoscumque
3075 2412 3199 2456 tunc
3240 2399 3496 2468 colligere

1911 2498 2120 2569 potuit,
2168 2496 2235 2551 ad
2289 2496 2714 2566 succurrendum
2740 2509 2844 2549 suo
2901 2492 3200 2548 marehioni
3268 2503 3497 2559 propere

1912 2591 2106 2655 mittit,
2141 2601 2197 2645 ct
2231 2589 2547 2644 suburbium
2597 2604 2701 2642 non
2749 2588 2907 2658 longe
2950 2595 3071 2656 post
3127 2585 3496 2655 redintegrare

1912 2684 2171 2755 precepii.
2209 2683 2292 2737 Ad
2320 2682 2476 2753 hujus
2502 2682 2682 2751 operis
2724 2680 3153 2750 supplementum
3206 2688 3261 2733 et
3310 2684 3493 2731 custo-

1914 2775 2056 2829 diam
2080 2774 2222 2829 ὕει-ο
2242 2774 2682 2846 archiepisc0pus
2703 2780 2756 2826 et
2780 2770 3042 2825 Arnulfus
3068 2769 3248 2838 presul
3269 2768 3329 2838 (f.
3352 2767 3496 2840 152).

1915 2868 1970 2921 8.
2004 2867 2124 2920 ldus
2154 2864 2405 2921 Octobris
2431 2880 2552 2919 cum
2583 2862 2869 2918 comitibus
2904 2860 3225 2928 exterisque
3254 2857 3497 2927 complu-

1917 2960 2069 3015 ribus
2094 2957 2509 3014 conveniebant.
2537 2955 2653 3010 lliis
2680 2955 2931 3011 omnibus
2961 2969 3061 3023 ego
3088 2952 3247 3022 longe
3275 2949 3503 3007 inferior

1913 3054 2154 3110 interfui.
2203 3054 2261 3109 ln
2288 3053 2352 3107 M
2378 3053 2565 3107 diebus
2586 3052 2796 3121 incepta
2822 3048 2888 3104 ad
2910 3062 3142 3118 unguem
3172 3045 3263 3105 ’Ψ
3284 3058 3384 3099 nos
3410 3042 3502 3073 “"

1910 3147 2291 3217 perducentes,
2320 3146 2612 3208 abivimus,
2639 3143 3043 3199 committentes
3079 3140 3267 3195 urbem
3292 3136 3506 3192 Frithe—

1915 3238 2030 3292 rico
2061 3237 2247 3293 comiti
2280 3238 2347 3291 ad
2382 3236 2415 3289 4
2443 3234 2791 3290 ebdomadas.
3370 3286 3375 3291 ,

1988 3328 2228 3385 t6.Gero
2255 3328 2636 3384 archiantistes
2658 3325 2745 3358 ³⁸⁸³
2780 3336 2834 3381 et
2857 3341 2986 3397 ego,
3025 3322 3266 3393 ejusdem
3298 3335 3507 3387 comes,

1912 3422 1978 3475 ad
2006 3422 2206 3485 locum,
2242 3420 2331 3488 qui
2364 3418 2662 3475 Mucheriui
2688 3417 2837 3488 (867)
2866 3418 3083 3481 dicitur,
3125 3414 3501 3470 veniebamus.

1910 3513 1987 3567 lbi
2018 3522 2145 3566 tunc
2170 3527 2272 3581 ego
2303 3512 2369 3565 de
2402 3510 2683 3579 promissis
2713 3509 2959 3565 dulcibus
2987 3523 3109 3561 eum
3150 3520 3507 3569 ammonens,

1912 3604 2127 3674 percepi
2158 3605 2227 3657 ab
2249 3603 2435 3656 eodem
2465 3616 2587 3655 cum
2632 3599 2822 3655 baculo
2851 3600 2987 3669 ejus,
3017 3612 3178 3668 quem
3215 3595 3375 3650 hodie
3429 3603 3505 3649 te-

1915 3710 2036 3755 neo.
2071 3692 2413 3763 parrochiam
2444 3706 2607 3760 super
2635 3691 2736 3745 has
2760 3689 2793 3743 4
2823 3689 3004 3753 urbes,
3035 3686 3274 3749 Scudizi,
3308 3687 3507 3751 Cotuh,

1912 3787 2121 3842 Bicliini
2144 3796 2197 3842 et
2225 3783 2447 3846 Vurcin.
2476 3783 2542 3839 de
2570 3782 2799 3837 residuis
2824 3781 2876 3845 5,
2902 3780 3096 3851 llburg,
3124 3778 3287 3842 Pauc,
3311 3777 3466 3835 Dibui
3491 3816 3508 3842 ,

1914 3876 2191 3932 Liubauizi
2224 3884 2277 3930 et
2302 3874 2584 3929 Geserisca
2608 3872 2699 3902 ‘5"
2737 3870 2919 3940 (868),
2947 3869 3198 3925 dilfercns
3226 3883 3290 3922 ac
3323 3868 3373 3921 in
3418 3881 3511 3935 po-

1913 3978 2118 4024 sterum
2158 3967 2344 4023 dicens
2367 3964 2680 4019 relicturum
2714 3963 2829 4027 ‘5",
2867 3962 2901 4015 8
2971 3960 3239 4014 Kalendas
3278 3957 3512 4012 Novem-

1917 4058 2062 4119 bris,
2106 4053 2447 4126 presentibus
2474 4053 2580 4108 hiis
2622 4052 2847 4106 testibus
2878 4068 2891 4103 :
2922 4044 3232 4114 lleribaldo,
3268 4047 3510 4116 llepone,

1914 4151 2098 4211 Ilione,
2133 4146 2370 4202 Cristino
2399 4154 2561 4215 atque
2595 4142 2844 4198 Seberto.
2888 4142 3087 4197 Eodem
3115 4141 3201 4195 die
3228 4142 3293 4194 ad
3318 4139 3509 4192 urbem

1917 4240 2137 4297 Curbici
2171 4240 2322 4310 (869)
2362 4239 2562 4292 dictam
2609 4237 2878 4300 venimus,
2929 4234 3017 4289 ubi
3067 4230 3515 4289 convenientibus

1919 4330 2339 4387 archiantistitis
2371 4328 2463 4362 ³⁵³⁵
2504 4327 2768 4382 militibus
2818 4325 2872 4379 id
2920 4323 3260 4380 manifestavi
3290 4363 3304 4386 ,
3347 4333 3514 4388 quam

1922 4423 2347 4477 misericorditer
2376 4436 2503 4490 erga
2552 4435 2637 4474 me
2685 4417 2865 4473 senior
2906 4432 3038 4473 suus
3092 4417 3283 4487 egerit.
3331 4412 3519 4480 Ibique

1924 4517 1990 4569 de
2021 4511 2684 4573 intirmitatevenerabilis
2705 4510 3047 4565 Fritherunae
3070 4507 3517 4580 comperivimus,

1924 4604 1992 4659 ad
2024 4604 2177 4674 cujus
2216 4604 2519 4675 h03picium
2554 4611 2683 4657 tunc
2718 4616 2818 4657 nos
2851 4598 3086 4665 fuimus;
3127 4615 3269 4669 quae,
3300 4609 3398 4666 pro
3425 4593 3524 4648 do-

1507 4762 1739 4821 VARUS
1781 4757 2192 4818 LECTIONES.

305 4864 400 4897 ¹⁸²⁹
438 4864 560 4918 add.
595 4866 677 4919 ib.
760 4863 854 4897 ¹⁸⁸⁰
884 4878 1069 4918 cesare
1104 4865 1183 4917 Ia.

226 4938 313 4990 ιτ.
388 4935 480 4966 ¹⁵⁸δ
510 4935 523 4988 i
553 4937 801 4989 adrasum
831 4937 875 4988 l.
952 4935 1041 4966 ¹⁵³⁸
1074 4937 1187 4986 :itli.
1230 4936 1304 4988 lc.

225 5007 351 5058 luit.
436 5006 523 5037 ""
555 5007 816 5061 defesisse
846 5007 927 5059 la.

226 5077 586 5147 deburgensis
607 5078 734 5131 add.
766 5077 848 5129 1ε.

230 5146 333 5179 ωε
357 5146 722 5204 areliianlistis
750 5148 803 5201 1.

1264 4864 1352 4896 ¹⁵³¹
1388 4875 1577 4927 magna
1614 4858 1698 4910 la.

1388 4926 1784 4983 ‘5“VVetienici
1812 4927 1879 4980 A.

1006 4992 1363 5060 Im'Grauam
1395 5004 1448 5057 2.
1481 5001 1545 5053 Α.
1572 4999 1633 5050 S.

928 5076 1016 5107 m'
1040 5074 1323 5132 Gezerisca
1356 5079 1434 5131 lc.

1780 4857 1872 4887 ¹⁵³²
1898 4870 1957 4910 se
1987 4853 2094 4907 fav.
2136 4857 2219 4910 la.

1713 4998 1804 5029 ¹⁸³⁹
1842 5006 2166 5066 prosperate
2203 5001 2250 5053 1.
2336 4998 2432 5027 ⁸⁵³³
2473 5009 2568 5066 per
2609 5004 2842 5066 tiiigiiem
2887 4998 3016 5066 add.
3052 4998 3147 5064 In.
3232 4998 3324 5066 "f-
3357 4998 3484 5066 mai):

1516 5069 1610 5102 ¹⁸δ³
1638 5069 1705 5123 de
1733 5057 2063 5124 residuis—
2084 5068 2406 5126 relicturum
2439 5057 2567 5115 add.
2604 5057 3041 5130 lbfqui‘busdam
3080 5057 3142 5106 in
3172 5064 3320 5113 textu
3344 5057 3553 5107 erasis.

2296 4853 2388 4887 ³³³³
2417 4852 2491 4905 ita
2526 4854 2611 4906 la.
2648 4852 2891 4905 habuisse
2919 4848 3124 4902 videtur
3156 4863 3175 4910 ;
3206 4839 3543 4899 coloniensis

1908 4924 1967 4980 S.
2004 4923 2259 4983 Fortasse
2288 4927 2340 4981 1.
2366 4923 2673 4977 Wenetniei
2700 4923 2806 4975 sive
2838 4915 3155 4986 Wetheuici
3188 4910 3421 4986 εςήρεζε,
3446 4924 3548 4986 ηυ-

2336 4975 2568 5063 Nuper
2609 5004 2842 5063 unguem
2887 4988 3016 5063 add.
3052 4983 3147 5063 in.
3232 4981 3324 5015 ’5“
3376 4975 3556 5063 M318-

1781 5206 2010 5266 NOTAE.

303 5297 455 5368 I861)
495 5299 713 5357 Kalend.
743 5297 1094 5365 Merseburg..
1132 5293 1244 5348 Kal.
1283 5295 1568 5368 Septemb.
1604 5297 1738 5354 Cera
1772 5318 1819 5355 ε.

1928 5300 2144 5356 Slavica
2174 5296 2401 5368 Vojnik,
2436 5285 2694 5368 l’olonice
2716 5280 3044 5368 Woiownik.
3077 5278 3370 5368 bet-lator.“

3378 5353 3404 5368 Α
3434 5338 3545 5368 “Ls
