4048 5368
508 326 699 393 1375”

1439 338 1818 398 ΤΗΙΕΤΜᾹΒΙ
1860 344 2482 404 MEIISEDUIlGENSIS
2520 346 2827 405 EPISCOPI

3637 339 3778 397 1576

506 456 625 510 lor!
661 452 715 509 in
740 454 987 525 sequenti
1026 452 1133 519 die,
1169 454 1221 510 id
1247 462 1331 510 est
1354 454 1393 510 6
1424 455 1693 513 Kalendas
1743 457 2085 524 Novembris,
2116 468 2164 527 Α
2192 466 2392 533 gabant
2420 464 2533 515 “"2
2565 464 2729 521 Nobis
2764 464 3254 534 contemporalibns
3297 464 3410 519 suis
3454 463 3525 519 ob
3570 461 3777 517 crimen

515 545 787 601 hominem
844 544 997 599 exuit
1044 545 1361 601 interiorem
1394 546 1681 618 ""(870).
1728 547 1856 604 Inde
1896 548 2093 605 Archis

514 640 795 709 episcopus
843 641 911 694 ad
950 638 1043 671 ¹⁵⁸⁶
1092 638 1459 710 Magadaburg
1504 639 1798 710 profectus,
1851 643 2092 697 oumium

512 733 860 789 festivitatem
904 720 1217 788 sanctorum
1257 732 1571 798 celebravit,
1603 743 1658 788 et
1682 749 1780 805 ego
1806 734 1858 788 in
1910 733 2098 787 Walli-

513 826 644 883 bici.

588 916 673 971 I7.
714 915 931 972 Interim
972 915 1295 987 Ilardvigus,
1322 917 1541 972 nomine
1573 925 1782 972 tantum
1823 934 1938 981 rex,
1970 933 2097 988 per-

517 1006 626 1060 dita
658 1006 790 1061 urbe
819 1006 1159 1071 Fcroellensi,
1197 1023 1361 1077 quam
1391 1008 1480 1061 diu
1519 1009 1745 1076 expulso
1788 1009 1966 1064 Leone
1991 1008 2103 1079 epi-

517 1110 681 1167 scopo
707 1097 903 1167 injuste
928 1100 1181 1169 possedit,
1210 1101 1536 1167 infirmatur,
1550 1109 1605 1155 et
1635 1102 1829 1156 radens
1854 1102 2100 1166 barbam,

520 1190 816 1257 manachns
847 1200 930 1245 est
959 1190 1183 1248 ell‘eetus
1206 1232 1222 1257 ,
1252 1194 1528 1263 tereiaque
1568 1191 1833 1249 Kalendas
1872 1192 2101 1247 Novem-

521 1282 637 1337 bris
661 1283 819 1348 obiit,
852 1284 1093 1355 sepultus
1121 1286 1171 1338 in
1216 1286 1573 1351 monasterio,
1602 1285 1895 1356 Imperator
1923 1295 2105 1340 autem

522 1374 885 1433 occidentales
917 1377 1006 1407 ⁸⁵⁵⁷
1056 1377 1297 1432 invisens
1349 1378 1632 1449 regiones,
1681 1392 1800 1447 qua:
1850 1377 1920 1431 ibi
1977 1387 2107 1431 tunc

523 1474 683 1523 erant
704 1467 1041 1521 emendanda
1073 1469 1329 1522 correxit.

597 1557 686 1615 I8.
728 1559 856 1614 Post
885 1559 997 1614 hazc
1037 1568 1217 1614 autem
1250 1559 1378 1624 Eid,
1410 1559 1637 1614 antistes
1681 1558 1914 1628 egreius,
1948 1573 1977 1611 a
2008 1558 2109 1613 Po-

526 1650 665 1706 lenia
687 1650 877 1706 saltem
913 1667 1036 1704 cttm
1077 1651 1394 1706 muneribus
1420 1650 1628 1721 magnis
1655 1664 1930 1714 reversus,
1953 1664 2110 1719 egro-

529 1754 647 1799 taro
677 1746 841 1812 cepit,
868 1741 930 1811 (f.
962 1741 1097 1811 152')
1122 1753 1174 1795 et
1202 1743 1255 1797 in
1290 1744 1427 1797 urbe
1468 1741 1617 1797 Libzi
1659 1750 1849 1796 vocata
1895 1738 2104 1795 fidelem

2197 565 2440 610 nostrum
2478 554 2594 624 ejus
2635 555 2985 611 eonversacio
3032 554 3337 624 displicuit,
3381 564 3435 609 et
3472 554 3521 608 ei
3570 564 3777 609 nostra.

2196 648 2267 703 23
2300 664 2471 703 annos
2498 660 2551 703 et
2580 649 2811 718 amplius
2854 649 3036 705 labore
3088 650 3343 705 inelfabili
3382 650 3591 713 vivens,
3623 651 3781 702 tinem

2198 757 2353 795 suum
2377 749 2503 795 ante
2535 742 2787 810 predixit,
2820 751 2872 795 et
2907 752 2965 795 ut
3003 757 3293 811 numquam
3330 740 3395 794 ad
3428 739 3587 793 Misni
3621 754 3782 807 pou-6'-

2201 840 2371 894 retur,
2409 831 2634 885 multum
2665 833 2892 903 rogavit.
2917 834 2971 887 Id
3002 850 3232 903 namque
3272 848 3488 902 semper
3515 830 3569 884 in
3605 839 3786 883 mente

2203 925 2272 979 ob
2301 926 2545 979 timorem
2593 924 2787 980 futura:
2830 926 3183 981 desolationis
3212 925 3566 988 desideravit,
3612 933 3674 977 ut
3722 922 3788 975 ad

2203 1016 2377 1071 locum
2420 1015 2641 1071 Colidici
2669 1017 2762 1049 ¹⁸⁸⁶
2784 1017 3012 1082 dictum,
3040 1018 3128 1072 ubi
3150 1017 3349 1072 Christi
3388 1030 3620 1085 magnus
3646 1029 3792 1067 mar-

2206 1118 2291 1181 tyr
2313 1109 2665 1179 corporaliter
2695 1109 3008 1179 requiescit,
3040 1121 3093 1164 et
3126 1110 3239 1179 ipse
3281 1115 3586 1163 mereretur
3612 1115 3783 1159 tumu-

2206 1201 2324 1255 lari.
2390 1199 2495 1256 Sed
2552 1215 2733 1254 comes
2788 1200 3193 1265 Ilerimauuus,
3248 1214 3472 1268 sperans
3537 1198 3792 1267 precibus

2206 1291 2446 1361 ejusdem
2492 1290 2667 1345 locum
2721 1290 2822 1344 sibi
2869 1307 2898 1344 a
2952 1290 3060 1343 Deo
3106 1298 3351 1359 paratum
3409 1286 3682 1355 adiuvari,
3738 1296 3798 1339 ut

2206 1385 2451 1457 profatus
2478 1400 2618 1449 sum,
2648 1384 2846 1438 ibidem
2877 1384 3003 1437 fecit
3033 1399 3153 1437 eum
3177 1383 3393 1453 deponi.

2283 1476 2369 1532 I9.
2410 1476 2464 1529 In
2497 1475 2674 1545 vigilia
2703 1474 2896 1530 natalis
2938 1475 3145 1528 Domini
3196 1473 3567 1545 Meingaudus,
3596 1472 3799 1528 Treve-

2210 1569 2337 1623 ricm
2366 1567 2599 1622 civitatis
2636 1567 3098 1636 archiepiscopus,
3135 1565 3270 1619 obiit
3311 1566 3363 1618 in
3394 1564 3527 1617 urbe
3566 1578 3665 1617 sua
3698 1559 3799 1616 Co-

2211 1658 2454 1730 phelenci
2481 1658 2619 1712 dicta
2648 1656 2815 1727 (872),
2841 1657 3034 1711 sedens
3056 1656 3089 1709 8
3110 1672 3281 1709 annos
3305 1665 3360 1709 et
3393 1654 3425 1706 7
3449 1668 3670 1715 menses
3686 1652 3796 1715 ιω,

2216 1753 2447 1822 indeque
2488 1766 2683 1821 corpus
2730 1766 2886 1806 suum
2924 1751 2990 1804 ad
3022 1749 3203 1805 sedem
3250 1748 3525 1818 propriam
3561 1746 3798 1802 delatum

527 1835 747 1891 ωπίειο
766 1835 1000 1889 animam
1032 1835 1096 1890 ιδ
1122 1835 1391 1889 Κίιίθηάθδ
1412 1833 1653 1889 ³³η¹¹²τίί
1686 1832 2106 1903 τεάάίάίῑ(87¹)ο
2145 1821 2189 1881 Β
2218 1821 2513 1898 honoriﬁce
2543 1844 2609 1897 ad
2637 1852 3010 1897 antecessores
3050 1856 3177 1895 suos
3219 1841 3449 1895 locatur.
3500 1838 3804 1909 Imperator

529 1925 597 1980 Et
634 1914 978 1980 IItllivvardus
1006 1926 1289 1983 Citiccnsis
1331 1926 1616 1996 episcopus
1636 1966 1650 1990 ,
1680 1926 1747 1979 ad
1778 1924 1939 1995 hujus
1988 1939 2113 1995 pro-

532 2020 867 2074 curationem
892 2027 1141 2082 vocatus,
1168 2034 1292 2073 mox
1318 2017 1512 2083 adfuit,
1538 2028 1595 2073 et
1628 2018 1873 2082 domum,
1900 2032 2005 2087 qua
2031 2018 2113 2071 vir

530 2119 751 2166 sanctus
778 2111 1007 2175 abierat,
1032 2111 1249 2181 Optimis
1283 2112 1529 2166 redolere
1564 2111 1820 2166 odoribus
1851 2109 2112 2163 introiens

534 2202 778 2271 agnovit;
809 2212 864 2256 et
886 2217 1083 2271 corpus
1112 2202 1350 2269 ejusdem
1388 2216 1561 2271 usque
1607 2202 1674 2253 ad
1720 2199 1877 2254 Misni
1929 2213 2114 2268 prose-

532 2292 733 2362 quitur.
792 2289 1051 2361 Sepelivit
1103 2291 1232 2346 illud
1294 2305 1477 2345 coram
1531 2289 1691 2344 altari
1736 2290 1869 2353 “‘3,
1911 2287 2114 2342 auxilio

534 2381 748 2436 comitis
795 2379 1154 2447 Willehelmi,
1187 2380 1279 2449 qui
1328 2380 1517 2434 ordine
1569 2394 1669 2434 suo
1705 2378 1933 2433 eandem
1986 2385 2114 2432 tunc

534 2470 831 2526 custodivit
887 2471 1184 2526 civitatem.
1252 2470 1359 2526 Sed
1414 2470 1539 2540 quia
1587 2470 1836 2540 superius
1891 2468 2112 2539 promisi

536 2579 623 2621 nte
653 2567 720 2621 de
753 2564 871 2635 ejus
902 2567 1012 2619 vita
1043 2565 1094 2618 in
1122 2565 1472 2634 sequentibus
1492 2563 1783 2628 dicturum,
1811 2562 1877 2616 de
1904 2560 2115 2630 magnis

534 2672 709 2728 pauca
760 2658 973 2727 loquar.
1017 2656 1149 2710 Erat
1192 2658 1275 2709 vir
1320 2654 1596 2726 prodictus
1646 2654 1841 2708 nobilis
1879 2665 2111 2722 genere,

534 2748 687 2804 dives
729 2749 781 2803 in
831 2748 1052 2819 prediis,
1086 2748 1183 2802 sed
1234 2754 1553 2816 paupertate
1592 2746 1814 2813 spiritus
1857 2744 1971 2797 haec
2014 2756 2141 2812 pro

538 2842 706 2898 nihilo
743 2841 965 2896 ducens.
1010 2841 1150 2894 Ante
1199 2838 1623 2893 benedictionem
1654 2837 1708 2892 in
1757 2835 2117 2905 Magalaburg

537 2950 661 2988 cum
702 2935 917 2990 caeteris
962 2931 1328 2989 confratribus
1395 2928 1714 2999 regulariter
1772 2942 1837 2982 ac
1888 2926 2117 2980 multum

540 3017 883 3079 laudabiliter
910 3025 1119 3086 vivens,
1146 3032 1201 3076 et
1244 3031 1365 3092 post
1406 3022 1459 3075 in
1490 3020 1688 3074 divinis
1733 3018 1984 3087 gregibus
2038 3017 2120 3069 ln-

538 3119 757 3174 crandis
780 3118 949 3173 alcius
989 3118 1291 3183 insurgens,
1328 3130 1424 3184 pro
1454 3112 1810 3183 possiblitate
1848 3128 1942 3165 sua
1989 3125 2119 3179 apo-

2217 1936 2332 1990 hatc
2359 1934 2602 1997 audiens,
2632 1934 2697 1987 de
2727 1940 2997 1985 tantorum
3043 1930 3366 1985 detrimento
3413 1938 3637 1999 patrum
3688 1937 3801 1980 tur-

2214 2026 2391 2089 batur,
2430 2023 2766 2093 qualiterque
2812 2022 2927 2075 Ioca
2976 2021 3113 2075 bene
3137 2019 3411 2089 suppleret
3443 2032 3649 2082 vacua,
3682 2031 3807 2071 cum

2217 2114 2573 2170 familiaribus
2604 2116 2715 2167 suis
2762 2111 3046 2175 tractavit;
3076 2121 3131 2165 et
3154 2112 3247 2142 ""
3286 2109 3525 2165 natalem
3568 2108 3813 2163 Domini-

2216 2224 2337 2263 cutn
2394 2206 2447 2261 in
2499 2205 2939 2260 Pathebrunnum
2969 2202 3063 2234 “"
3092 2201 3302 2257 festivis
3330 2201 3541 2272 peregit
3572 2198 3811 2270 gaudiis.

2220 2298 2285 2352 Et
2310 2307 2428 2367 post
2452 2296 2592 2351 hi’tnc
2619 2294 2948 2364 Popponem,
2978 2291 3220 2363 Liupoldi
3271 2292 3607 2346 marchionis
3639 2290 3813 2343 filium

2216 2399 2267 2444 et
2297 2397 2421 2443 tunc
2453 2384 2911 2454 Bavenbergensis
2933 2384 3157 2439 melcsia:
3193 2386 3524 2454 prepositnm
3544 2425 3559 2445 ,
3608 2381 3818 2436 Treve-

2218 2480 2358 2535 rensi
2380 2478 2681 2548 profecerat
2696 2476 2845 2541 urbi;
2876 2485 3070 2531 etcum
3097 2477 3142 2531 is
3156 2476 3247 2507 ""
3268 2474 3816 2536 abEt'kattbaltlo‘”'.

2219 2566 2607 2641 Magociacensi
2632 2565 3058 2635 archiepiscopo,
3088 2566 3145 2628 (Γ.
3177 2562 3310 2633 155⁸)
3335 2565 3488 2634 jussu
3520 2564 3733 2619 cesaris
3761 2576 3819 2617 et

2224 2661 2437 2716 licentia
2480 2657 2832 2712 Virdunensis
2881 2658 3117 2727 episc0pi
3149 2699 3163 2721 ,
3202 2658 3290 2728 qui
3339 2658 3548 2726 primus
3612 2657 3815 2710 horum

2222 2753 2274 2807 in
2302 2751 2491 2805 ordine
2532 2748 2631 2801 fuit
2659 2745 3017 2811 confratrum,
3063 2748 3370 2802 consecrari
3417 2746 3707 2801 debuisset
3735 2786 3750 2808 ,
3783 2762 3811 2797 a

2223 2840 2564 2901 Thiederico,
2592 2835 2813 2890 Metenai
2863 2836 3125 2903 antistite,
3158 2828 3223 2891 eo
3251 2837 3392 2907 quod
3444 2851 3474 2889 a
3506 2851 3565 2890 se
3606 2835 3816 2904 justius

2224 2935 2339 2987 hare
2385 2927 2664 2983 ordiuacio
2714 2925 2829 2980 fieri
2857 2927 3115 2989 deberet,
3156 2929 3368 2981 assidua
3419 2926 3816 2981 acclamatione

2227 3034 2281 3079 et
2303 3022 2489 3077 humili
2529 3018 2796 3090 peticione
2826 3018 2879 3073 id
2916 3020 3189 3074 incassum
3231 3019 3643 3088 prohibebatur.
3678 3016 3817 3069 Nam

2230 3119 2503 3187 inperator
2535 3117 2676 3174 hunc
2722 3116 2921 3187 scripta
2958 3116 3417 3171 demonstrantem
3462 3124 3517 3167 et
3548 3113 3734 3167 hanno
3766 3112 3818 3165 id

540 3212 787 3266 stolicam
836 3212 1077 3264 imitatus
1122 3217 1207 3262 est
1252 3208 1437 3260 vitam.
1484 3203 1637 3259 Nulla
1683 3219 1919 3272 unquam
1958 3203 2119 3257 utitur

2235 3211 2642 3266 interdicentem
2670 3228 2776 3266 non
2802 3208 3100 3273 exaudivit,
3120 3208 3211 3262 sed
3235 3208 3543 3260 unctionem
3564 3206 3660 3237 "“
3692 3221 3817 3260 con-

542 3302 767 3357 camisia
814 3317 988 3371 neque
1018 3304 1204 3365 braca,
1255 3301 1355 3354 nisi
1388 3309 1514 3354 tunc
1544 3313 1668 3352 cum
1720 3296 1942 3351 missam
1991 3310 2129 3349 ean-

544 3396 705 3458 tavit;
740 3409 903 3464 quam
944 3395 1144 3448 idcirco
1185 3394 1368 3461 sepius
1396 3391 1642 3455 dimisit,
1672 3390 1799 3459 quia
1839 3404 1898 3443 se
1928 3389 1996 3443 ad
2029 3389 2131 3443 hoc

546 3488 827 3558 imlignum
874 3487 1155 3557 judicavit.
1195 3484 1401 3539 Iliemis
1443 3483 1792 3553 asperitatem
1824 3481 2054 3549 qualiter
2083 3482 2129 3535 is

548 3595 806 3650 umquam
850 3580 1189 3643 sustineret,
1240 3576 1389 3632 tmtlti
1435 3576 1883 3630 ammirahantur.
1929 3574 2133 3630 Crebro

549 3684 579 3723 a
627 3669 738 3723 suis
780 3683 918 3740 pene
946 3670 1282 3736 desperatus,
1324 3667 1377 3720 in
1419 3667 1576 3721 stuba
1609 3666 1695 3720 vix
1744 3666 2129 3731 recreat-ator;

548 3774 745 3830 cmpzts
785 3776 941 3815 suum
992 3760 1151 3813 nimis
1188 3756 1375 3812 alllixit
1420 3756 1660 3826 jejuniis,
1689 3757 1807 3828 plus
1833 3757 1993 3812 nudis
2042 3773 2133 3827 pe-

552 3852 711 3905 dibus
737 3867 900 3921 quam
922 3865 1065 3920 equo
1104 3850 1379 3905 laborans.
1404 3852 1536 3905 Cum
1563 3851 1663 3904 sibi
1710 3858 1765 3904 et
1811 3850 1974 3904 sociis
2024 3849 2132 3903 late

550 3944 875 4013 vagantibus
931 3944 1129 3996 victum
1182 3941 1446 3997 defecisse
1500 3942 1582 3995 vel
1638 3942 1841 4012 aliquid
1904 3943 2130 3996 arduum

550 4051 844 4093 occurrere
874 4036 1101 4097 videret,
1150 4037 1257 4090 Deo
1292 4036 1493 4105 gratias
1530 4034 1658 4103 egit,
1689 4043 1744 4087 et
1794 4046 1985 4087 omnes
2033 4033 2136 4087 hoe

551 4126 735 4182 dicere
770 4124 948 4193 jussit.
996 4127 1051 4180 In
1093 4126 1415 4195 baptizando
1452 4133 1507 4179 et
1554 4124 1922 4195 predicatione
1965 4124 2139 4176 conti-

553 4234 660 4273 nua
683 4228 738 4273 et
760 4218 1170 4272 continuatione
1200 4232 1304 4273 non
1329 4216 1486 4271 modo
1515 4232 1625 4271 sua:
1660 4215 1807 4269 utilis
1841 4224 1962 4270 erat
1982 4215 2133 4270 azcle~

555 4311 670 4374 size,
704 4313 796 4365 sed
834 4312 951 4365 aliis
976 4326 1137 4378 quam
1162 4310 1424 4380 pluribus.
1452 4309 1511 4379 (Γ.
1546 4308 1669 4377 I53)
1703 4306 1777 4361 De
1816 4306 1920 4361 hiis
1943 4307 2139 4375 quibus

557 4401 675 4467 ipse
698 4417 819 4453 eum
854 4402 966 4455 suis
995 4403 1175 4456 virete
1200 4402 1432 4455 debebat
1468 4401 1646 4461 rebus.
1680 4399 1785 4453 sibi
1825 4398 2121 4453 subtractis

555 4505 694 4561 pene
745 4492 1005 4548 ducentos
1048 4494 1274 4549 ecclesia:
1325 4494 1523 4548 suimet
1562 4493 1851 4562 acquisivit
1894 4505 2129 4545 mansos.

553 4584 765 4640 Crisma
804 4596 858 4639 et
898 4586 1098 4640 clerum
1149 4602 1294 4648 mro,
1329 4585 1527 4656 templa
1564 4595 1743 4638 autem
1796 4582 2008 4636 Domini
2063 4582 2130 4635 Ii-

554 4678 747 4732 benler
774 4679 1133 4739 consecravit,
1160 4686 1213 4730 et
1242 4687 1366 4730 tunc
1404 4675 1596 4729 crebro
1623 4678 1739 4730 sine
1768 4674 1949 4727 missa.
1980 4670 2133 4727 Oculi

554 4772 673 4843 ejus
702 4772 771 4825 ob
817 4771 1085 4826 assiduam
1119 4769 1276 4825 ﬂetus
1319 4771 1467 4825 nimii
1506 4768 1819 4824 effusionem
1861 4769 1971 4839 jam
2010 4768 2141 4822 cali-

2233 3301 2367 3371 pleri
2418 3304 2676 3373 precepit.
2740 3303 2794 3356 In
2854 3301 2957 3355 hiis
3000 3299 3187 3353 dielms
3233 3298 3350 3353 vice
3412 3298 3527 3351 Eidi
3585 3296 3821 3367 presulis

2234 3394 2561 3457 Eilvvardns,
2599 3393 2895 3449 Thietmari
2933 3392 3261 3447 marchionis
3301 3392 3691 3460 cappellanus,
3734 3406 3823 3444 or-

2238 3498 2350 3543 tatn
2384 3488 2695 3543 lIerimanni
2741 3487 3028 3542 confratris
3069 3505 3097 3539 a
3129 3501 3314 3541 cesare
3351 3486 3739 3549 constituitur,
3769 3495 3823 3540 et

2235 3581 2289 3634 in
2326 3578 2599 3634 Dominica
2629 3581 2714 3634 die
2741 3589 2863 3633 ante
2887 3580 3097 3648 palmas
3126 3580 3174 3633 in
3208 3578 3520 3648 Mersehurg
3545 3594 3574 3630 a
3609 3578 3823 3632 Gerone

2237 3673 2641 3741 archiepiscopo
2664 3672 2817 3727 nobis
2838 3671 3139 3727 faventibus
3162 3672 3498 3726 benedicitnr
3531 3678 3645 3739 (an.
3668 3669 3823 3733 I016,

2238 3762 2398 3816 Mart.
2434 3762 2542 3830 I8).

2304 3853 2395 3907 20.
2437 3853 2742 3907 Proximam
2770 3852 3070 3922 palmarum
3115 3851 3507 3921 jucnnditatcm
3547 3850 3827 3917 inperator

2236 3960 2359 3998 cum
2390 3943 2641 3999 Ileiurico
2667 3985 2681 4009 ,
2713 3945 3005 3997 venerabili
3037 3941 3518 4012 \Virribnrgiensis
3546 3943 3643 3974 ""
3674 3942 3827 3997 teet--

2192 4098 2197 4101 ,
2244 4036 2635 4105 sim‘cpiscopo.
2666 4034 2975 4103 complens,
3006 4034 3037 4087 4
3069 4034 3195 4086 feria
3227 4034 3292 4086 ad
3316 4032 3633 4101 Bavanberg
3659 4034 3825 4095 venit,

2240 4128 2423 4197 ibique
2478 4126 2678 4181 Ceuam
2724 4126 2933 4180 Domini
2978 4135 3030 4179 ct
3073 4122 3385 4178 Passiouem
3432 4139 3556 4176 cmn
3592 4124 3828 4192 paschali

2240 4218 2478 4290 tripudio
2506 4218 2899 4273 honorabiliter
2922 4216 3129 4287 peregit
3152 4214 3335 4282 (Mart.
3362 4213 3466 4279 25,
3496 4215 3631 4283 Apr.
3665 4215 3739 4284 I).
3768 4215 3831 4269 Et

2243 4311 2368 4380 quia
2403 4308 2719 4373 Rothulfus,
2755 4308 3181 4378 Burgundiorum
3212 4321 3325 4369 rex,
3374 4305 3683 4359 avunculus
3717 4306 3829 4373 cjos

2247 4403 2429 4473 (873),
2464 4403 2605 4457 sicut
2637 4412 2859 4456 vocatus
2887 4409 3036 4462 erat,
3088 4399 3193 4454 huc
3240 4398 3422 4451 venire
3469 4413 3577 4450 non
3622 4400 3828 4465 potuit,

2246 4503 2495 4561 nepotem
2529 4492 2629 4546 sibi
2666 4492 2918 4545 dilectum
2950 4490 3162 4543 obviam
3190 4488 3291 4541 sibi
3332 4502 3563 4557 pergere
3608 4489 3829 4555 regavit.

2240 4582 2327 4637 Fit
2354 4583 2446 4615 ‘m
2473 4583 2767 4637 eorundem
2814 4580 3103 4635 conventio
3142 4580 3195 4631 in
3224 4579 3357 4630 urbe
3395 4579 3701 4648 Argentiua
3746 4576 3830 4608 ¹³⁸⁹

2246 4685 2303 4731 et
2338 4685 2521 4729 mutue
2548 4674 2793 4728 caritatis
2841 4674 3067 4726 invicem
3109 4670 3256 4738 larga
3298 4670 3609 4737 benignitas
3640 4685 3829 4723 consoo

2246 4767 2345 4823 ciis
2378 4767 2468 4801 ⁸⁵⁸⁸
2495 4768 2679 4821 arrisit
2701 4766 2959 4833 utrisque.
2996 4763 3349 4831 Fuitquoqne
3370 4760 3571 4815 ibidem
3596 4758 3831 4814 Ilothulli

1843 4900 2082 4955 VARIIE
2123 4899 2528 4956 LECTIONES.

631 4995 726 5029 ¹⁸ι⁸
749 4995 883 5065 Lege
910 5012 929 5049 :
963 4996 1312 5050 exteriorem.
1343 4995 1471 5065 (Sed
1509 4997 1580 5048 ita
1618 5009 1820 5061 seraper
1851 4992 1972 5059 Th.)

2121 4991 2214 5022 ‘5“
2254 5008 2317 5045 ac
2349 4994 2392 5045 I.

2542 4990 2633 5021 ηδτ
2682 4989 2986 5057 Ilardttigus
3035 5017 3105 5026 —
3158 4987 3381 5041 occideri
3427 4984 3559 5057 add.
3622 4986 3705 5039 Ib.
3750 4999 3831 5038 se.

563 5068 722 5120 verba
788 5055 1099 5139 ll'ardnigns
1154 5085 1207 5119 n.
1277 5055 1484 5121 tantum
1513 5067 1565 5119 in
1622 5055 1836 5140 rasura,
1896 5055 2085 5142 (cetera
2135 5062 2191 5142 in
2247 5062 2528 5142 "imgine;
2589 5055 3501 5142 id.lfgkllistéent’idti'ur3.!‘tll0l'lfll
3538 5055 3836 5123 imperator
