4048 5368
300 181 323 236 1
334 182 434 241 577

1522 194 1932 255 CHRONICON.
1971 228 2040 238 —-
2081 197 2207 254 LIB.
2250 200 2361 254 \‘ll.

3431 214 3452 263 1
3464 212 3569 271 57S

297 299 442 369 regis
464 298 645 355 inclita
672 302 901 371 conjunx
925 345 939 369 ,
973 320 1090 375 quze
1121 304 1506 363 familiaritatis
1536 309 1693 377 hujus
1725 313 1880 381 adju—
1910 321 1953 377 Α
1987 324 2178 377 natus,
2204 316 2360 377 bona.
2387 333 2507 386 qua:
2532 319 2708 388 nepoti
2739 331 2932 375 suimet
2956 324 3206 391 promisit
3231 366 3245 391 ,
3302 327 3566 400 impedire

298 393 399 446 trix
429 392 490 456 (ι’.
525 394 646 466 154)
679 396 818 451 filios
847 398 1041 452 suimet
1090 397 1225 452 duos
1248 440 1262 463 ,
1300 400 1528 457 senioris
1571 413 1751 458 autem
1795 404 1877 457 sui

294 486 572 554 privignos
596 527 610 551 ,
646 489 820 542 cesari
855 491 1288 555 commendavit;
1321 491 1535 547 dilectis
1562 493 1662 547 sibi
1698 494 1880 548 militi-

294 575 395 628 bus
426 578 525 629 hoc
570 587 737 630 totum
776 579 919 635 dedit
971 582 1021 633 in
1077 579 1424 646 beneficium,
1478 584 1622 653 quod
1671 584 1770 639 sibi
1809 586 1878 639 ab

294 668 561 721 avunculo
590 671 677 700 ¹⁸⁶¹
712 672 908 727 suimet
950 686 1076 727 tunc
1111 683 1192 727 est
1236 690 1556 730 concessum
1580 716 1594 738 ,
1651 687 1701 730 et
1736 678 1875 746 quod

293 757 347 812 Vl.
369 759 669 814 illehclmus
692 763 1041 817 Pictaviensis
1063 763 1207 833 (874)
1234 765 1494 821 hactenus
1516 766 1699 820 habuit
1729 768 1877 836 regio

291 863 517 903 munere
557 852 861 939 prostitu’m.
908 853 1199 924 Imperator
1225 858 1453 925 sapienti
1490 875 1619 913 usus
1650 861 1876 915 consilio

293 940 395 996 hoc
416 984 439 1007 ,ν
462 944 634 999 voluit
663 962 783 999 cum
818 947 919 1002 hiis
950 949 999 1002 id
1028 950 1128 1003 sibi
1173 951 1379 1008 lirinius
1418 954 1650 1017 subdere
1672 994 1687 1018 ,
1730 954 1874 1023 quod

290 1034 451 1105 looge
483 1036 633 1105 prius
672 1054 763 1093 rex
810 1041 1081 1107 prodictus
1118 1042 1165 1096 ei
1191 1045 1549 1107 sacramentis
1578 1055 1698 1113 post
1726 1062 1871 1101 mor-

295 1137 402 1181 tem
448 1143 600 1182 suam
646 1131 937 1186 sancierat.
999 1133 1224 1189 Omnem
1269 1150 1500 1205 namque
1549 1136 1871 1204 Burgnndite

294 1219 527 1291 regionis
553 1222 840 1290 primatum
879 1239 973 1291 per
1015 1240 1205 1280 manus
1239 1226 1306 1279 ab
1333 1227 1597 1281 avunculo
1627 1228 1717 1261 ’⁵⁸⁸
1759 1228 1873 1283 sni-

291 1320 400 1364 met
422 1313 664 1380 accepit.
687 1322 740 1367 et
764 1314 827 1366 de
858 1313 1107 1368 maximis
1139 1316 1300 1370 rebus
1336 1316 1452 1370 sine
1490 1317 1606 1385 ejus
1642 1318 1871 1373 consilio

287 1422 397 1461 non
423 1407 611 1462 lienalis
639 1410 981 1463 SCClll'llall'lli
1012 1409 1244 1464 firmam.
1275 1410 1655 1480 Episcopatum
1686 1413 1739 1466 in
1767 1412 1870 1466 hac

290 1498 508 1567 regione
534 1498 766 1567 quodam
796 1499 885 1530 ¹⁸⁶¹
927 1500 1087 1553 nobili
1113 1502 1231 1553 viro
1253 1501 1429 1561 dedit.
1455 1503 1522 1557 de
1551 1519 1658 1572 quo
1684 1512 1867 1571 postea

285 1589 374 1640 vix
408 1605 633 1643 securus
666 1591 856 1645 evasit.
885 1591 1127 1660 Namque
1148 1592 1545 1659 \V'illebelmns,
1580 1596 1868 1665 prepotens

1982 421 2167 458 eorum
2225 408 2479 462 instinctu
2528 410 2731 472 voluit,
2799 411 2993 480 quibus
3048 416 3287 471 relaxato
3330 418 3565 486 justicite

1982 490 2135 547 freno
2172 495 2326 550 velud
2352 497 2551 553 infelici
2580 501 2746 553 vitulo
2775 513 2871 570 per
2897 502 3060 558 latum
3106 506 3302 563 llltf'l‘OS
3341 527 3565 569 currere

1971 585 2183 652 placuit
2218 588 2387 658 (876).
2452 590 2584 644 Cum
2629 608 2757 647 vero
2816 594 3009 648 iterum
3051 600 3221 667 copiis
3271 602 3563 670 persistere

1979 679 2222 741 studuit,
2251 695 2437 735 eorum
2470 682 2802 739 conﬂacione
2838 698 2891 739 et
2932 690 3162 756 pessima
3198 692 3564 751 reluctacione

1976 785 2084 822 non
2114 772 2306 838 potuit.
2341 772 2528 827 Nullus
2555 776 2700 829 enim
2726 815 2739 836 .
2774 785 2831 830 ιιι
2856 779 3046 842 audio,
3078 784 3167 851 qui
3204 783 3298 816 ⁸⁵³⁸
3331 791 3407 839 sic
3439 803 3563 857 pre-

1952 860 2121 921 ,sitin
2148 876 2345 931 regno;
2387 877 2580 918 nomen
2609 874 2823 920 tantum
2873 876 2929 923 et
2970 885 3226 925 caninam
3270 874 3432 930 lubet
3458 918 3473 942 ,
3506 888 3562 934 et

1976 950 2317 1020 cpiscOpatus
2336 952 2439 1006 hiis
2465 955 2576 1016 dat,
2601 959 2690 1023 qui
2725 974 2753 1008 a
2779 958 3112 1028 principibus
3136 963 3240 1019 hiis
3264 966 3553 1036 eliguntur;

1948 1042 2042 1094 ad
2078 1056 2231 1097 suam
2269 1058 2397 1096 vero
2444 1044 2505 1113 (f.
2542 1044 2667 1109 155)
2699 1049 2981 1104 utilitatem
3025 1068 3191 1119 pauca
3233 1064 3455 1119 terens.
3486 1076 3553 1116 ex

1974 1126 2236 1194 impensis
2258 1131 2561 1187 antistitum
2608 1134 2698 1168 ¹⁵⁶⁹
2732 1138 2885 1197 vivit.
2938 1149 2991 1193 et
3044 1142 3142 1196 hos
3200 1145 3278 1196 vel
3335 1147 3470 1203 alios
3501 1149 3555 1204 in

1974 1216 2155 1286 aliquo
2182 1220 2522 1276 extrinsecus
2568 1223 2883 1280 laborantes
2922 1229 3360 1301 eripi-iencquit.
3404 1234 3560 1293 Unde

1974 1310 2336 1389 hii‘tnanibns
2384 1315 2724 1385 complicatis
2774 1321 2984 1373 cunctis
3025 1324 3341 1389 primatibus
3400 1330 3556 1384 velud

1973 1400 2083 1469 regi
2107 1416 2204 1454 suo
2225 1403 2487 1460 serviunt.
2512 1416 2566 1460 et
2588 1409 2668 1461 sic
2690 1424 2821 1476 pace
2846 1410 3119 1466 fruuntur.
3151 1413 3230 1469 0b
3252 1417 3355 1472 hoc
3378 1419 3552 1476 solum

1973 1490 2097 1543 talis
2136 1503 2315 1546 rector
2338 1494 2479 1549 inter
2497 1512 2592 1549 eos
2616 1499 2960 1567 dominatur,
3000 1512 3059 1558 ut
3092 1519 3156 1558 eo
3192 1505 3413 1563 hbet-ius
3439 1528 3556 1566 ma-

1970 1580 2239 1649 lignorum
2272 1583 2423 1638 furor
2452 1586 2542 1617 “7°
2567 1588 2796 1642 invicem
2827 1601 3084 1660 vagetur,
3127 1606 3181 1648 et
3213 1612 3278 1649 ne
3308 1598 3387 1651 les
3415 1615 3552 1654 nova

284 1682 370 1732 τη.
416 1681 466 1733 in
506 1682 611 1736 hiis
654 1684 926 1753 panibus,
966 1695 1023 1739 ιη
1068 1686 1169 1739 hoc
1216 1702 1377 1741 omne
1421 1691 1685 1757 compa.“
1729 1690 1821 1722 ma
1849 1730 1865 1755 ν
1893 1664 1941 1721 ’Β
1971 1673 2197 1727 alterius
2228 1676 2369 1744 regis
2390 1676 2462 1731 ibi
2503 1678 2789 1744 adveniat,
2828 1696 2948 1751 qua:
2984 1683 3223 1739 inclitam
3250 1699 3550 1743 consuetu-

283 1771 515 1825 eundem
562 1774 811 1842 persequi
856 1784 909 1827 et
952 1775 1019 1827 ad
1061 1775 1306 1830 ultimum
1351 1777 1644 1847 fugientem
1693 1780 1864 1835 solum

283 1860 512 1915 canibus
543 1864 782 1931 precepit
814 1864 1031 1934 inquiri.
1061 1866 1207 1929 Ouos
1235 1881 1359 1921 cum
1383 1869 1613 1923 antistes
1637 1870 1747 1938 jam
1772 1871 1869 1926 de-

284 1950 540 2022 fatigatus
568 1952 831 2009 latrantes
855 1956 1094 2020 audiret,
1119 1958 1262 2025 quod
1286 1957 1502 2013 unicum
1531 1967 1657 2013 tunc
1680 1960 1867 2015 habuit
1894 1968 1897 1969 ⁷

280 2045 582 2110 solacium,
635 2048 787 2117 signo
835 2058 1034 2103 sancta:
1085 2052 1264 2105 crucis
1322 2066 1419 2108 sua
1468 2062 1588 2121 post
1643 2054 1865 2123 signans

282 2144 539 2212 vestigia,
581 2145 731 2212 quasi
762 2144 1195 2213 mortuusjacuit
1219 2153 1276 2199 et
1295 2145 1363 2199 ad
1395 2147 1616 2213 pre.lam
1641 2158 1864 2215 paratus

281 2230 417 2298 fuit;
452 2244 503 2289 et
535 2249 660 2289 ecce
706 2249 871 2288 canes
916 2236 1087 2304 rapidi
1133 2235 1248 2289 loca
1294 2235 1504 2289 eminus
1544 2236 1863 2291 olfacientes

277 2326 526 2395 signata.
571 2337 627 2379 ut
661 2326 849 2395 grandi
886 2325 1099 2380 turbine
1146 2326 1430 2391 retroacti,
1466 2326 1668 2381 reversi
1699 2335 1860 2392 sunt,

275 2427 336 2473 et
361 2418 442 2474 sic
472 2434 632 2474 verus
661 2418 752 2473 Dei
779 2417 1011 2472 famulus
1036 2433 1131 2487 per
1163 2418 1435 2487 incognita
1465 2421 1703 2473 nemoris
1743 2418 1859 2473 loca

276 2510 348 2563 ad
375 2511 581 2563 amicos
614 2509 849 2578 perrexit
898 2509 1050 2563 ﬁnes.
1102 2509 1268 2562 Cesar
1295 2519 1472 2563 autem
1502 2525 1611 2580 ri-gt
1644 2520 1698 2564 et
1727 2526 1860 2564 con-

278 2600 466 2656 tectali
490 2600 604 2667 ejus
624 2600 940 2669 ctmctisque
963 2599 1159 2675 suimet
1187 2601 1516 2670 principibus
1539 2599 1859 2658 incﬂabilem

272 2693 565 2762 pecuniam
596 2692 774 2758 dedit,
827 2704 883 2746 et
922 2690 1132 2747 ﬁrmata
1175 2694 1367 2747 iterum
1421 2694 1641 2764 antiqua
1694 2696 1862 2750 tradi-

271 2785 477 2847 cione,
510 2798 603 2837 eos
641 2783 791 2837 abire
842 2782 903 2851 (Γ.
956 2782 1092 2853 151⁸)
1140 2783 1414 2851 ρθνιηῖπὶι,
1466 2783 1579 2854 ipse
1620 2787 1859 2841 exercitu

269 2883 606 2944 congregato
623 2874 692 2927 ad
723 2872 972 2927 Basulam
1001 2874 1188 2927 urbem
1223 2871 1495 2942 profectus
1540 2874 1710 2943 (875).
1744 2874 1850 2929 Sed

269 2982 405 3020 cum
449 2965 518 3019 ibi
560 2964 959 3018 Willebelmum
1003 2964 1223 3018 munitis
1256 2965 1479 3020 urbibus
1509 2966 1849 3021 resistentem

266 3066 332 3111 et
356 3055 630 3109 introituan
653 3054 755 3109 sibi
782 3054 1071 3122 prohibere
1100 3054 1403 3123 cupientem
1426 3055 1659 3117 audiret,
1686 3071 1849 3125 parva

266 3148 621 3204 multitudine
639 3147 844 3202 diuisus
869 3186 886 3211 ,
917 3147 1146 3201 amicam
1174 3162 1391 3202 manum
1428 3147 1850 3216 undiquessecus

263 3240 496 3308 colligit,
526 3251 580 3297 et
606 3240 912 3310 provincias
934 3240 1035 3295 sibi
1068 3240 1331 3295 rebellare
1356 3240 1445 3271 ¹³⁶⁸
1476 3251 1851 3311 presumentes

263 3332 528 3385 incendio
552 3331 657 3386 late
677 3330 921 3402 ﬂagranti
953 3347 1176 3387 securus
1203 3332 1483 3387 desolavit.
1521 3334 1764 3402 Cumque
1793 3347 1851 3388 se

260 3424 475 3479 nullam
494 3425 704 3479 urbium
729 3426 1024 3479 earundem
1047 3441 1359 3495 expugnare
1374 3438 1635 3496 procerto
1659 3430 1849 3494 sciret,

261 3533 522 3573 reversus
543 3526 628 3572 est
649 3518 815 3572 tristis
835 3558 851 3583 ,
885 3518 1027 3589 quod
1055 3534 1157 3572 nec
1178 3518 1263 3572 hic
1293 3533 1390 3572 nec
1418 3519 1469 3572 in
1493 3529 1646 3587 parte
1671 3520 1852 3576 orien-

259 3607 363 3663 tali
396 3608 696 3662 n0tituram
724 3609 970 3663 hostibus
1010 3609 1123 3663 suis
1163 3608 1341 3662 intulit
1370 3609 1696 3664 molestiam.

338 3698 431 3753 21.
475 3699 693 3754 Interim
753 3701 1086 3769 inperatrix,
1146 3701 1201 3755 in
1257 3701 1457 3755 nostris
1516 3710 1849 3756 commorata

254 3791 594 3860 provinciis,
645 3790 1014 3845 defensionem
1042 3790 1231 3860 patria:
1260 3808 1381 3845 cum
1416 3791 1617 3846 nostris
1645 3791 1850 3860 princi-

252 3882 424 3952 pibus
454 3883 763 3936 meditatur.
797 3882 979 3937 Hostis
1006 3893 1186 3938 autem
1213 3893 1397 3939 noster
1424 3884 1515 3915 ⁸⁸⁸⁸
1549 3884 1852 3941 Bolizlavus

254 3976 411 4030 inter
439 3974 552 4029 haec
580 3974 655 4028 nil
684 3984 864 4031 nostra
900 3975 1022 4030 lesit
1047 4016 1061 4041 ,
1091 3976 1184 4031 sed
1208 3992 1305 4030 sua
1343 3975 1517 4029 munit
1536 4017 1552 4038 ,
1582 3985 1638 4029 et
1667 3984 1849 4031 certus

252 4067 331 4122 de
358 4077 557 4121 eventu
582 4069 789 4123 ccsaris
817 4067 1041 4123 eﬂ'octns
1066 4109 1081 4135 ,
1121 4069 1335 4123 laetatur
1354 4078 1410 4123 et
1440 4070 1602 4125 nimis
1639 4070 1851 4125 extolli-

254 4167 374 4210 tur.
406 4156 646 4228 Namque
677 4159 827 4213 nmlti
847 4200 860 4221 .
887 4161 1200 4229 quibusboc
1222 4161 1495 4230 cegnitum
1521 4170 1661 4225 erat,
1685 4177 1845 4217 vera-

247 4250 401 4304 citer
424 4250 760 4315 asserebant,
791 4252 832 4305 si
861 4267 1017 4306 cesar
1038 4253 1104 4305 ad
1134 4267 1256 4305 eum
1290 4265 1417 4307 tunc
1442 4253 1535 4284 ³⁸⁸⁸
1566 4254 1841 4308 turmatim

1968 1766 2147 1820 dinem
2177 1778 2411 1837 rumpat.
2444 1769 2815 1827 Willehelmus
2839 1790 3022 1829 comes
3041 1816 3055 1835 .
3090 1778 3158 1832 de
3186 1794 3293 1847 quo
3318 1782 3555 1848 predixi.

1969 1857 2124 1911 miles
2151 1867 2235 1912 est
2268 1861 2411 1929 regis
2439 1862 2491 1915 in
2532 1863 2749 1917 nomine
2781 1874 2833 1917 et
2864 1866 3115 1922 dominus
3156 1870 3207 1922 in
3244 1887 3301 1925 re
3326 1872 3419 1903 ¹³⁷¹
3446 1890 3460 1937 ;
3499 1883 3555 1928 et

1967 1945 2022 1999 in
2055 1946 2160 2002 hiis
2200 1950 2444 2016 partibus
2493 1952 2673 2007 nullus
2716 1964 2939 2008 vocatur
2989 1972 3202 2024 comes,
3242 1960 3348 2017 nisi
3390 1962 3435 2016 is
3463 1962 3555 2030 qui

1967 2036 2121 2092 ducis
2146 2038 2404 2095 honorem
2444 2042 2715 2111 possidet;
2745 2053 2887 2099 etne
2913 2045 3053 2101 illius
3086 2059 3326 2117 potestas
3358 2053 3411 2106 in
3453 2053 3555 2105 hac

1970 2133 2185 2200 regione
2229 2134 2388 2202 paulo
2420 2134 2598 2190 minus
2642 2137 3011 2201 tninueretur,
3056 2142 3287 2197 consilio
3330 2153 3385 2199 et
3426 2160 3554 2199 actu

1967 2219 2330 2289 imperatoria:
2363 2222 2626 2293 majestati
2648 2264 2663 2288 ,
2700 2227 2839 2281 sicut
2868 2230 3110 2296 predixi,
3137 2232 3456 2286 reluctatur.

2034 2314 2122 2369 2'2.
2166 2314 2221 2371 In
2265 2318 2573 2385 precedenti
2615 2328 2789 2374 estate
2833 2322 2948 2389 (an.
3003 2322 3152 2392 tuti)
3200 2324 3555 2392 Bernharius,

1964 2417 2166 2464 sanctae
2186 2410 2479 2466 Fet-densis
2498 2412 2756 2467 :ecclesia:
2785 2416 2904 2483 pius
2932 2427 3088 2485 pater
3106 2428 3160 2473 et
3184 2420 3411 2476 antistes
3436 2424 3552 2487 “m.

1965 2517 2088 2555 cum
2131 2518 2211 2556 se
2230 2500 2347 2569 jam
2377 2504 2441 2557 ad
2474 2506 2817 2560 occasionem
2854 2509 3012 2577 hujus
3045 2510 3167 2564 vita:
3198 2512 3289 2544 ¹³⁷³
3332 2514 3557 2570 vidisset

1964 2590 2227 2657 inclinare
2252 2633 2267 2658 ,
2295 2604 2520 2650 cunctos
2545 2596 2819 2652 debitores
2857 2581 2982 2657 suos
3011 2601 3171 2657 ad-se
3197 2603 3429 2659 dulciter
3454 2622 3551 2660 vo-

1962 2701 2124 2751 cans,
2187 2687 2240 2740 in
2299 2686 2465 2741 Deum
2515 2696 2571 2742 et
2618 2688 2671 2742 in
2718 2690 3018 2745 :ecclesiam
3058 2693 3161 2749 sibi
3196 2697 3547 2752 commissam

1962 2778 2277 2834 ltuinanitus
2341 2780 2635 2849 deliquisse
2685 2784 3019 2849 ammonuit,
3067 2795 3123 2841 et
3168 2788 3555 2845 conﬁtentibus

1963 2871 2172 2925 cunctis
2223 2872 2649 2927 misericorditer
2696 2874 2933 2929 indulsit.
2982 2875 3185 2932 Omnes
3212 2888 3429 2944 autem,
3458 2881 3552 2949 qui

1961 2979 2022 3019 se
2050 2964 2232 3033 aliquo
2254 2975 2445 3018 contra
2477 2980 2601 3019 eum
2632 2967 2750 3020 lore
2774 2967 3069 3036 culpabiies
3113 2969 3387 3039 negabant
3412 2970 3507 3003 ⁸⁸⁷⁵
3533 3011 3550 3035 ,

1956 3057 2034 3111 sic
2062 3056 2324 3125 arguebat
2352 3072 2365 3109 :
2408 3056 2490 3110 Ne
2513 3073 2671 3125 quaso
2689 3098 2704 3119 ,
2736 3057 2837 3125 ﬁlii
2855 3098 2869 3121 ,
2895 3059 2969 3112 sic
2998 3060 3204 3127 furiatis
3228 3062 3249 3113 .'
3282 3060 3401 3115 Non
3425 3080 3549 3116 cou~

1956 3150 2166 3219 cupisco
2196 3166 2284 3203 vos
2306 3166 2371 3203 ex
2399 3166 2515 3203 mea
2538 3149 2615 3205 vel
2640 3152 2958 3206 successoris
2986 3152 3087 3205 mei
3111 3164 3259 3221 parte
3289 3154 3553 3209 ullatenus

1953 3242 2121 3310 decipi
2150 3280 2166 3305 ,
2220 3242 2313 3295 sed
2345 3258 2482 3295 nunc
2512 3259 2599 3297 vos
2640 3242 2757 3297 volo
2786 3260 2817 3296 α
2857 3243 3051 3297 talibus
3100 3244 3294 3298 exsolvi
3340 3255 3388 3300 et
3420 3264 3548 3315 pace

1952 3333 2210 3386 sincerae
2244 3332 2383 3386 vobis
2431 3332 2712 3402 segregari.
2767 3332 2815 3387 is
2857 3332 3160 3389 aacclesiam
3202 3336 3403 3390 suimet
3435 3335 3545 3391 300

1954 3424 2317 3491 mansisjuste
2344 3426 2634 3494 adquisitis
2662 3427 2879 3486 adauxit
2904 3466 2918 3487 ,
2966 3427 3348 3495 imperatorem
3378 3444 3539 3482 suum

1953 3524 2008 3570 et
2029 3529 2219 3568 omnes
2241 3515 2458 3569 Christo
2486 3514 2670 3569 fideles
2691 3530 2755 3567 ex
2788 3517 2951 3570 corde
2970 3516 3188 3576 dilexit.
3224 3529 3277 3571 et
3311 3517 3547 3572 maxime

1954 3605 2054 3659 sibi
2079 3606 2324 3660 subditos
2351 3607 2546 3660 summi
2581 3604 2640 3676 (f.
2676 3604 2813 3675 155')
2847 3609 3079 3676 pastoris
3110 3610 3361 3677 exemplo
3384 3626 3538 3662 auia-

1954 3699 2052 3753 vil.
2086 3696 2317 3753 Sedebat
2365 3698 2450 3752 ille
2503 3699 2585 3751 vir
2632 3700 2959 3755 venerabilis
3002 3700 3072 3753 25
3114 3716 3285 3754 annos
3324 3701 3453 3766 ηπ,
3490 3711 3546 3758 ει

1956 3792 2148 3846 turrim
2177 3806 2334 3845 unam
2379 3792 2445 3845 de
2487 3790 2786 3860 lapidibus,
2815 3790 2907 3861 qui
2951 3790 3002 3844 in
3051 3791 3154 3847 hac
3199 3801 3342 3846 terra
3383 3797 3541 3861 pauci

1953 3882 2252 3947 habentur,
2276 3881 2430 3951 juxta
2464 3881 2791 3937 Fertieusem
2829 3881 3128 3937 mcclesiam
3167 3880 3420 3938 fabricari
3451 3883 3534 3938 in-

1952 3973 2118 4043 cipit;
2166 3983 2223 4029 et
2274 3974 2397 4029 exin
2438 3972 2752 4027 subtractus
2781 3981 2864 4026 est
2904 3988 2932 4024 a
2980 3973 3181 4026 nostris
3228 3974 3566 4045 aspectibus

1953 4064 2145 4121 lucifer
2175 4065 2266 4122 ille
2308 4065 2342 4121 8
2399 4064 2671 4119 Kalendas
2720 4064 2947 4132 Augusti
2989 4064 3159 4133 (877).
3214 4063 3367 4129 Quod
3415 4079 3541 4119 cum

1953 4158 2248 4226 imperator
2290 4157 2645 4226 comperiret,
2701 4164 2761 4210 ut
2808 4153 2948 4209 filius
2988 4156 3290 4210 absentiam
3333 4156 3537 4225 patris,

1951 4250 2029 4304 sic
2059 4249 2206 4304 ﬂevit
2235 4259 2463 4303 mortem
2490 4247 2623 4301 tanti
2650 4247 2899 4302 senioris.
2931 4245 2988 4301 In
3012 4247 3166 4317 cujus
3184 4246 3299 4299 vice
3329 4244 3540 4301 \’idz.ic-

251 4340 504 4405 veniret,
563 4344 808 4398 timorem
876 4340 969 4375 ⁸⁸⁸⁷
990 4382 1005 4408 ,
1071 4346 1214 4413 quod
1253 4344 1482 4398 eundem
1541 4345 1608 4399 de
1649 4345 1847 4399 nostris
1877 4357 1923 4417 υ
1952 4360 2091 4407 rum,
2119 4341 2456 4398 Coloniensis
2485 4341 2577 4372 ¹⁸⁷⁶
2596 4340 2854 4396 met-ledae
2876 4344 3149 4409 quondam
3178 4339 3536 4409 prepositum,

249 4432 588 4502 respiceret,
621 4435 938 4499 restituere,
973 4446 1028 4490 et
1055 4451 1178 4491 eum
1213 4438 1277 4490 ad
1311 4437 1628 4492 servitutem
1654 4453 1840 4501 suam,

243 4538 395 4593 pace
424 4532 627 4579 tantum
657 4542 915 4582 concessa
937 4570 951 4591 ,
990 4537 1297 4597 promptum
1325 4539 1379 4583 et
1402 4529 1614 4585 lidelem
1645 4530 1844 4583 habere

243 4615 543 4685 potuisset.
574 4616 679 4673 Sed
710 4618 1142 4689 Burgundiorum
1178 4636 1271 4675 rex
1297 4661 1311 4685 ,
1346 4621 1523 4676 mollis
1557 4634 1611 4676 et
1633 4621 1841 4676 clienti-

1951 4447 2033 4492 set
2069 4446 2196 4492 tunc
2243 4437 2308 4491 ab
2351 4434 2637 4490 Heriberto
2690 4432 3062 4502 archipresule
3112 4431 3452 4503 depositum,
3504 4430 3542 4484 9

1950 4530 2221 4585 Kalendas
2258 4529 2594 4599 Septembris
2624 4528 2715 4583 diu
2755 4527 3076 4581 renitentem
3121 4526 3298 4596 posuit
3330 4565 3344 4587 ,
3384 4532 3440 4577 et
3470 4524 3540 4577 ab

1954 4621 2296 4676 Eikanbaldo
2350 4619 2752 4674 archiantistite
2801 4626 3181 4671 cnnsecratum
3227 4615 3294 4669 ad
3354 4612 3540 4668 sedem

1537 4710 1769 4764 VARI/{‘3
1812 4710 2217 4767 LECTlllNES.

326 4798 423 4873 ξ³⁶²
451 4798 698 4856 aninculo
730 4803 782 4856 1.
835 4802 927 4833 ¹⁸⁶²
955 4801 1165 4856 cuidam
1201 4802 1321 4873 162
1374 4803 1466 4835 ¹⁸⁶³
1494 4804 1778 4873 comperiit
1816 4806 1898 4859 la.

244 4868 349 4943 f'“
384 4880 495 4922 tum
519 4888 651 4925 corr.
690 4882 818 4943 tunc
845 4872 986 4926 Lm"
1022 4874 1148 4927 time
1181 4872 1330 4927 1.¹⁸⁶⁸
1354 4874 1542 4938 audio,
1576 4868 1669 4929 rex
1693 4878 1892 4943 est,qui
1924 4875 1977 4929 2.

1978 4806 2341 4876 "Mn-patiare
2374 4806 2456 4858 ta.
2489 4819 2640 4876 corr.»
2659 4800 2946 4876 rebellare
2971 4801 3223 4876 tb-__“f“
3256 4796 3422 4876 ηρειξί
3442 4797 3543 4875 ἐπ’

2061 4865 2151 4909 ⁸⁵⁵⁵
2182 4880 2442 4933 anstitum
2475 4876 2527 4929 1.
2609 4874 2707 4905 ’⁵⁷⁸
2732 4886 2890 4927 soror
2923 4873 2970 4923 I.
3048 4869 3139 4906 ’⁸⁷⁸
3170 4873 3243 4925 ita
3266 4870 3332 4923 Α.
3363 4865 3549 4923 8.ἲι-θ

244 4941 742 5021 (_tert'-t:)__mula‘tunt
769 4942 823 4997 in
851 4943 1004 5021 irrit.
1045 5015 1055 5021 _
1088 4944 1179 4976 ¹⁵⁷²
1200 4945 1483 5021 antistites
1518 4934 1567 4998 1.
1649 4945 1741 4975 ¹⁸⁷³
1774 4934 1849 4999 1*ὶί

2013 4949 2106 4982 ¹⁵⁷³
2134 4952 2405 5021 negabant
2429 4947 2508 5001 sic
2540 4945 2865 5012 arguebant.
2898 4955 3146 5009 nequoso
3176 4942 3216 4997 f.
3239 4955 3286 4995 s.
3328 4934 3548 4990 iaciasti

245 5011 302 5063 1.
390 5011 482 5044 ³⁸⁷⁸
511 5014 663 5069 anuis
692 5014 781 5067 ia.
861 5013 953 5044 ¹⁸⁷⁸
977 5015 1242 5069 coloensis
1275 5015 1325 5067 1.

1755 5104 1988 5161 NOTAE.

325 5197 475 5268 (874)
515 5198 606 5254 Est
636 5201 682 5256 is
709 5213 891 5254 eomes
921 5199 1046 5256 Otto
1085 5197 1406 5254 Wilhelmus
1436 5198 1456 5251 1
1486 5237 1500 5256 .
1554 5196 1832 5253 Adelberti

242 5270 422 5325 Italia:
449 5272 589 5339 regis
630 5283 685 5328 et
715 5271 1002 5368 Ggrherga:
1043 5271 1391 5368 Btirgiindicze
1439 5270 1610 5368 tilias.
1666 5288 1693 5324 a
1725 5285 1833 5339 quo

244 5340 458 5368 ...ιιεηης
495 5346 716 5368 .......:.-...
810 5356 969 5368 ,ιω-η..
999 5346 1077 5368 ιε...
1120 5361 1128 5368 ,
1157 5356 1331 5368 ....,.η..,
1360 5350 1447 5368 ...η
1561 5353 1619 5368 ...ς

1157 5343 1447 5368 ιι.-11Λιιι¹ιιιὶ.

2160 5202 2232 5255 Ac
2266 5198 2456 5254 misero
2485 5187 2842 5245 vitui'o........

2164 5310 2209 5325 ..
2229 5314 2241 5325 .
2266 5268 2357 5324 Illi
2388 5260 2683 5317 consimilis
2712 5267 2926 5323 patrum
2968 5257 3223 5325 frenabar
3251 5255 3485 5313 habenis.
3527 5290 3541 5311 ι

2087 5360 2116 5368 -.
2182 5344 2247 5368 uo
2275 5360 2286 5368 .
2344 5335 2544 5368 Nitimu-
2718 5345 2820 5368 mm
2848 5330 3013 5368 nnsgil
3046 5345 3262 5368 μην-νυν..
3300 5332 3423 5368 Iule-
