4048 5368
541 275 680 333 13Ἰ9

1457 274 1836 335 TliiETMARI
1877 277 2503 344 MEBSEBURGENSIS
2539 284 2841 347 EPISCOPI

3662 291 3790 349 1383

537 384 814 459 propriam
861 400 985 444 cum
1028 384 1233 444 honore
1286 404 1480 462 magno
1528 394 1754 450 remisit.
1806 395 2109 451 Notandum
2143 403 2185 459 Α
2215 399 2335 454 dem
2367 401 2754 459 adureclesiam
2807 403 3041 458 delatum
3083 404 3149 461 de
3179 405 3551 463 confiatriius
3588 420 3801 474 nostris,

539 495 756 553 quoque
775 490 860 537 est
877 489 1051 536 etnon
1076 482 1282 551 absque
1294 484 1529 556 singultu
1549 489 1697 557 gravi
1715 489 2122 559 proferendum,

540 573 683 643 quod
706 571 1094 628 monasterium
1119 571 1175 626 in
1197 571 1511 630 Miminlevo
1534 579 1885 632 constitutum
1909 593 1939 631 a
1967 577 2127 633 liber-

541 675 659 722 tate
685 665 778 721 diu
831 664 1181 720 corroborata
1232 664 1284 719 in
1327 666 1644 721 servitutem
1691 668 1971 722 redactum
2015 676 2118 723 est.

541 756 795 828 Deposito
820 770 1055 825 namque
1074 755 1317 826 ejusdem
1343 756 1576 811 ctenobii
1615 757 1811 812 abbate
1837 757 2122 822 Reiuoldo,

541 849 906 920 dispersisque
929 848 1037 904 late
1065 847 1428 903 eonfratribus
1453 848 1556 903 hiis
1585 849 1700 914 ηπ,
1727 848 2124 904 lieresl'eldensi

545 940 805 996 :ecclesiae
828 938 1053 1009 ejusque
1071 944 1199 993 tunc
1226 937 1493 1007 pmisori
1522 938 1761 993 Arnoldo
1790 940 1920 994 illud
1943 939 2125 995 subdi-

548 1041 661 1087 ιιιιιι
683 1039 787 1086 est.

615 1123 706 1179 23.
744 1123 800 1177 lu
827 1122 1057 1192 quadam
1080 1121 1358 1193 provincia
1391 1120 1483 1154 ¹⁸¹¹⁸
1515 1120 1726 1176 Suevite
1766 1121 1998 1193 regionis
2021 1161 2036 1184 .
2065 1129 2122 1176 et

512 1199 875 1271 iumimitatu
905 1213 1123 1269 Beeiliui
1169 1214 1414 1279 comitis,
1477 1213 1671 1268 accidit
1702 1228 1786 1268 res
1813 1229 1917 1268 una
1960 1214 2126 1268 mira-

542 1307 667 1364 bilis
695 1315 751 1361 et
774 1306 1061 1361 admodum
1084 1305 1175 1337 ⁸⁵⁷⁸
1208 1304 1486 1360 terribilis.
1520 1304 1632 1360 Una
1651 1304 1844 1360 mulier
1868 1304 2121 1359 maritate

451 1412 457 1417 ‘
543 1398 836 1454 subitaneae
861 1396 1051 1452 mortis
1076 1396 1303 1451 nexibus
1333 1395 1589 1465 depressa
1613 1395 1769 1449 obiit.
1806 1392 1977 1463 Hujus
2001 1410 2122 1450 cor-

542 1507 644 1562 pus
665 1500 789 1562 post
815 1490 1147 1544 Iavacionem
1183 1499 1238 1543 et
1280 1488 1517 1544 debitam
1561 1488 2007 1557 procuracionem
2053 1489 2122 1543 ad

510 1584 843 1640 -aacclesiam
873 1599 903 1637 a
937 1581 1269 1637 merentibus
1303 1580 1465 1636 sociis
1485 1580 1718 1635 delatum
1764 1588 1866 1636 est.
1921 1580 2048 1635 llaac
2090 1596 2123 1635 a

438 1694 445 1698 υ
516 1689 521 1695 '
542 1676 747 1733 feretro
782 1691 841 1732 se
859 1691 924 1731 ex
956 1674 1248 1745 improviso
1269 1674 1485 1744 erigens
1509 1688 1574 1728 ac
1598 1681 1877 1743 presenles
1896 1682 2122 1727 cunctos

543 1768 737 1839 {rigans
760 1808 775 1834 ,
803 1773 992 1823 evocat
1020 1768 1086 1821 ad
1111 1781 1168 1821 se
1195 1767 1365 1821 virum
1387 1765 1587 1820 suimet
1610 1779 1733 1820 cum
1766 1763 2124 1821 familiaribus
2156 1750 2197 1810 Β

543 1860 760 1916 caeteris
778 1899 793 1924 ,
849 1874 914 1914 ac
940 1859 1045 1914 hiis
1066 1858 1374 1928 specialiter
1402 1872 1599 1913 munus
1626 1856 1900 1928 singulare
1927 1856 2125 1912 asseri-

516 1953 682 2024 ‘psit,
743 1951 921 2008 verbis
954 1951 1018 2020 (l'.
1069 1950 1193 2020 156)
1244 1949 1522 2005 consolata
1568 1949 1844 2014 dulcibus;
1900 1965 1963 2004 ac
2005 1957 2127 2019 post

546 2045 663 2101 haec
694 2044 745 2099 in
774 2058 905 2113 pace
933 2042 1159 2115 quievit.
1196 2042 1497 2097 Mirum'est
1523 2042 1667 2112 quod
1693 2042 1814 2096 dico
1837 2081 1851 2102 .
1902 2042 1995 2095 sed
2025 2041 2126 2095 mi-

546 2132 733 2193 rabilis
757 2137 966 2191 Domini
991 2137 1108 2191 haec
1126 2134 1300 2191 solum
1322 2148 1486 2205 opera
1514 2147 1815 2204 cognosco;
1840 2143 1978 2189 etne
1998 2134 2124 2203 quis

512 2236 515 2239 '
549 2229 664 2284 haec
697 2242 823 2281 vera
850 2241 971 2282 esse
990 2225 1193 2281 diﬁldat
1219 2264 1233 2291 ,
1266 2225 1634 2280 testimonium
1674 2223 1777 2279 hiis
1815 2224 1956 2279 haud
1986 2225 2126 2279 vitu-

549 2317 789 2389 perabile
820 2316 1056 2386 profero.
1109 2314 1393 2370 Predictns
1438 2328 1620 2369 comes
1664 2315 1770 2368 hoc
1810 2315 2121 2384 imperatori
2200 2346 2203 2353 -

549 2424 650 2481 pro
676 2424 803 2465 vero
837 2408 929 2441 ³⁸⁸⁸
961 2408 1178 2469 retulit,
1209 2417 1265 2463 et
1295 2406 1384 2461 ille
1412 2406 1540 2460 mihi
1568 2422 1753 2461 coram
1781 2406 1965 2463 multis
1995 2423 2125 2463 con—

549 2503 812 2559 l'ratribus
840 2502 894 2557 id
920 2500 1212 2556 iutimavit.
1247 2498 1386 2570 Sepe
1414 2498 1673 2568 contigit,
1733 2498 1875 2567 quod
1909 2499 1961 2553 in
1989 2500 2124 2554 ima-

548 2594 673 2664 gine
708 2600 1047 2647 mortuorum
1078 2590 1301 2645 callidus
1339 2588 1543 2644 homini
1587 2586 1819 2657 apparet
1841 2589 2120 2652 inimicus.

550 2686 696 2741 hunc
725 2683 901 2739 modis
925 2690 1197 2753 temptans
1223 2680 1475 2736 deludere
1501 2678 1699 2740 variis:
1740 2690 1793 2733 et
1822 2678 1972 2733 stulti
2006 2678 2125 2749 qui-

550 2789 658 2846 que
685 2775 764 2830 sic
789 2787 910 2830 esse
956 2779 1257 2826 autumant.
1293 2769 1402 2841 Ego
1439 2777 1622 2825 autem
1668 2767 1936 2823 veraciter
1965 2768 2123 2822 inno-

549 2876 701 2924 tesco
724 2867 934 2921 cunctis
964 2863 1237 2929 tidelibus,
1268 2861 1410 2932 quod
1442 2868 1561 2931 post
1585 2852 2121 2915 commeuaaciouem

548 2959 745 3013 arnimte
771 2972 836 3012 ac
865 2954 1102 3013 debitum
1132 2951 1424 3024 sepeliendi
1465 2953 1700 3009 oliicium
1723 2992 1738 3016 ,
1792 2966 1941 3005 more
1969 2951 2125 3006 Chri-

551 3048 728 3104 stiano
748 3044 1034 3116 diligenter
1056 3041 1385 3111 completum
1412 3080 1428 3107 ,
1481 3057 1680 3112 corpus
1717 3039 1845 3095 illud
1871 3041 2124 3096 exanime

551 3152 847 3207 numquam
912 3142 1038 3189 ante
1107 3132 1375 3187 universae
1436 3131 1617 3187 carnis
1675 3132 2124 3186 resurrectionem

552 3230 760 3298 absque
780 3226 928 3282 omni
951 3227 1304 3298 ambiguitate
1329 3227 1703 3297 commendem
1728 3226 1992 3297 resurgit,
2022 3226 2124 3281 nisi

552 3318 762 3374 meritis
783 3315 1053 3387 justorum
1075 3318 1142 3371 ad
1171 3326 1381 3387 tempus
1425 3316 1554 3380 liat;
1605 3315 1750 3386 quod
1800 3323 1927 3370 tunc
1953 3315 2123 3371 soluat

554 3406 753 3462 accidit
775 3445 790 3472 ,
819 3421 942 3461 cum
974 3406 1204 3462 mundus
1242 3406 1345 3461 ista
1374 3421 1562 3462 eorum
1611 3405 1797 3461 inclita
1836 3420 2127 3461 conversa-

550 3498 723 3555 cione-
764 3498 965 3553 ﬂoruit.
1022 3498 1159 3555 Puto
1201 3498 1497 3568 predictam
1565 3496 1843 3553 mulierem
1902 3497 2126 3552 multum

552 3591 793 3647 valuisse
812 3590 993 3663 (878),
1033 3590 1120 3646 cui
1150 3598 1273 3660 post
1324 3598 1553 3646 mortem
1597 3598 1870 3660 gustatum
1920 3588 2124 3658 justum

552 3683 827 3753 complere
860 3681 1217 3745 desiderium,
1274 3688 1332 3735 et
1379 3688 1505 3735 tunc
1546 3678 1664 3734 sine
1710 3679 1912 3749 gemitu
1951 3680 2127 3735 denuo

551 3775 705 3832 licuit
730 3789 921 3830 somno
969 3773 1115 3845 pacis
1163 3772 1496 3829 obdormire.
1545 3772 1744 3828 Beatus
1790 3772 1877 3827 ille
1914 3783 2000 3830 est
2035 3774 2125 3835 qui

552 3884 687 3940 opus
717 3869 914 3924 bonum
945 3867 1344 3923 acceleracione
1384 3865 1695 3920 continuata
1748 3866 1990 3936 perlicit,
2027 3880 2127 3921 nec

553 3975 735 4015 moras
763 3958 1178 4030 prolongacione
1203 3956 1408 4011 diutina
1431 3955 1731 4026 suspendit.
1764 3955 1994 4013 Econtra
2030 3970 2128 4011 au-

551 4058 661 4106 tem
713 4049 801 4104 ille
846 4048 1162 4104 miserorum
1194 4046 1313 4101 loco
1355 4046 1694 4116 assignatur,
1737 4046 1827 4115 qui
1864 4054 1957 4100 aut
1979 4046 2124 4116 justa

553 4157 777 4213 prorsus
802 4154 1095 4210 spernere,
1128 4146 1221 4192 aut
1258 4138 1401 4199 haec,
1452 4145 1512 4191 ut
1560 4152 1664 4192 non
1719 4137 1931 4206 possint
1973 4152 2124 4193 com-

555 4232 723 4303 pleri,
748 4229 968 4285 diﬂ‘erre
990 4232 1242 4285 conatur.
1267 4227 1326 4282 In
1355 4227 1602 4297 utrisque
1646 4241 1747 4296 ego
1780 4240 1908 4295 sepe
1940 4226 2124 4295 culpa-

554 4320 714 4385 bilis,
761 4320 895 4375 duas
945 4328 1150 4373 tantum
1199 4331 1287 4372 res
1333 4330 1480 4370 nunc
1528 4313 1771 4385 profero,
1832 4314 1886 4369 in
1932 4316 2126 4385 quibus

554 4419 755 4467 memet
783 4411 955 4480 ipsum
982 4408 1219 4480 graviter
1240 4407 1300 4477 (Γ.
1335 4406 1475 4478 156⁸)
1503 4419 1720 4460 accuso.

623 4500 714 4556 24.
754 4501 883 4556 Post
903 4501 1179 4555 decretum
1215 4498 1267 4552 in
1296 4497 1654 4553 Tbrotmanni
1676 4505 1951 4566 peractum
1980 4496 2126 4569 (879)

551 4592 843 4649 Richarius
864 4631 881 4658 ,
934 4589 1439 4661 Magadaburgensis
1472 4588 1731 4644 tecclcsia:
1755 4589 2024 4658 presbiter
2074 4598 2131 4645 et

550 4684 853 4757 spiritualis
871 4682 1041 4737 frater
1063 4696 1233 4745 meus,
1267 4681 1597 4745 inﬁrmatur;
1633 4688 1690 4734 et
1713 4694 1835 4748 ego,
1862 4681 1987 4749 quia
2021 4696 2127 4736 non

546 4791 700 4831 eram
730 4774 827 4839 ibi,
879 4772 1110 4830 eundem
1160 4786 1264 4827 non
1318 4770 1554 4825 visitavi.
1593 4769 1728 4825 Cum
1781 4778 1964 4826 autem
2014 4772 2128 4839 “'3',

547 4866 725 4938 pridie
757 4876 917 4936 quam
945 4863 1032 4918 ille
1057 4861 1141 4916 vir
1173 4862 1351 4931 justus
1390 4858 1586 4916 obierit
1608 4860 1721 4924 ηδ’,
1752 4860 2009 4927 venirem,
2061 4861 2130 4915 ad

2228 498 2283 544 et
2308 492 2431 558 quia
2462 490 2670 563 vigilias
2719 495 2987 549 sustinere
3028 509 3134 550 non
3176 495 3344 566 potui.
3376 512 3407 552 a
3439 499 3649 553 victria
3693 516 3801 556 meo

2226 585 2551 639 custoditum
2581 594 2690 641 est.
2712 586 2809 642 Hic
2841 603 2945 642 non
2986 589 3142 657 longe
3185 598 3304 647 post
3331 594 3672 659 sepulturam
3697 594 3803 663 ejus

2226 672 2279 727 iu
2310 675 2513 729 simois
2543 689 2809 745 apparens
2854 678 2982 732 mihi
3009 694 3024 732 :
3055 678 3253 745 Quare,
3317 681 3482 747 dixit,
3535 697 3642 735 non
3694 682 3802 736 eisi-

2228 764 2375 818 tas‘is
2414 781 2512 825 me.
2544 776 2592 819 et
2618 765 2920 835 psalterium
2963 785 3064 821 non
3112 772 3381 835 tantastis,
3426 786 3595 841 neque
3613 787 3802 825 memo-

2228 856 2360 907 riam
2423 856 2477 909 in
2534 854 2877 910 Tltrotmanni
2921 858 3181 913 inventam
3235 861 3337 931 {eri
3366 861 3472 914 tis?
3541 862 3643 926 Qui
3691 877 3806 917 cum

2225 945 2633 1000 excusacionem
2671 961 2846 1002 meam
2900 963 2968 1001 an
2991 939 3437 1022 liret,‘respondit
3466 969 3491 1021 :7
3514 952 3661 1007 Male
3701 953 3806 1008 hcc

2223 1033 2593 1105 dere'iquistis.
2641 1035 2706 1092 Et
2738 1045 2865 1093 tunc
2911 1038 3307 1112 in'errogabam
3356 1058 3481 1097 enin
3537 1045 3807 1115 quomodo

2223 1127 2457 1188 valeret;
2490 1137 2545 1183 et
2572 1128 2703 1184 ille:
2743 1128 2809 1184 Ut
2844 1131 2899 1185 in
2941 1131 3173 1197 sabbato,
3220 1134 3362 1199 iniit,
3391 1134 3709 1200 obdormivi,
3754 1136 3806 1190 in

2225 1217 2335 1271 alia
2360 1218 2452 1251 ’⁸⁸³
2477 1219 2546 1273 ad
2589 1220 2786 1289 requiei
2819 1221 2990 1277 dulcis
3035 1224 3233 1293 gaudia
3280 1225 3523 1280 transivi.
3562 1224 3805 1297 Cumque

2192 1332 2195 1335 λ
2224 1322 2327 1379 ego
2354 1307 2685 1365 sciscitarem
2735 1311 2804 1366 ab
2846 1326 2933 1376 eo,
2960 1312 3194 1382 qualiter
3222 1328 3281 1369 se
3307 1316 3483 1384 patris
3502 1312 3618 1370 mei
3648 1326 3806 1388 atque

2226 1401 2416 1456 matris
2466 1416 2553 1457 res
2596 1402 2820 1457 haberet
2841 1421 2854 1456 :
2878 1403 3039 1467 Bene,
3069 1405 3277 1472 retulit,
3307 1405 3388 1461 sic
3429 1414 3758 1477 prosecutus
3788 1428 3802 1462 :

2226 1488 2466 1544 Genitria:
2491 1499 2581 1545 tua
2611 1508 2703 1561 per
2729 1509 2809 1547 me
2837 1492 2931 1546 tibi
2956 1493 3168 1559 indixit,
3220 1495 3274 1548 in
3322 1494 3359 1548 2
3388 1506 3481 1549 aut
3513 1495 3573 1550 in
3607 1496 3645 1550 5
3676 1495 3806 1566 feria

2224 1599 2339 1638 eam
2374 1595 2754 1639 assecuturum.
2804 1586 2870 1640 Et
2920 1586 3035 1651 haec
3089 1586 3498 1659 irgemiscendo
3535 1588 3804 1658 evigilari.

2224 1690 2323 1746 pro
2349 1686 2498 1732 certo
2528 1679 2725 1743 sciens,
2744 1693 3085 1734 communem
3109 1677 3375 1747 justorum
3402 1680 3805 1736 institucionem

2226 1775 2469 1822 sanctam
2500 1782 2619 1823 esse
2641 1784 2704 1824 ac
2733 1769 3027 1835 salubrem,
3047 1768 3089 1822 si
3121 1769 3465 1833 custoditur;
3491 1770 3580 1824 sin
3610 1782 3804 1835 autem,

2226 1873 2358 1928 grau
2382 1858 2429 1912 2e
2456 1859 2605 1928 peric
2626 1858 2773 1913 :lum.
2811 1859 2925 1914 Etsi
2958 1860 3009 1911 in
3037 1860 3135 1913 hoc
3167 1859 3367 1913 nullum
3397 1875 3607 1915 accuso
3635 1871 3809 1929 preter

2194 1962 2334 2009 -me,
2366 1961 2560 2002 vereor
2608 1957 2807 2013 tamen,
2855 1948 3147 2002 maximam
3205 1950 3618 2006 multitudinem
3656 1952 3808 2023 hujus

2224 2039 2367 2110 pacti
2417 2039 2744 2108 alterius;ue
2790 2054 2911 2096 esse
2947 2040 3452 2111 prevaricatricem;
3505 2051 3564 2097 ct
3606 2055 3807 2112 quinto

2224 2131 2344 2201 plus
2375 2132 2680 2200 spernimus
2709 2132 2960 2185 mandata
2986 2134 3407 2202 propositorum,
3444 2142 3602 2188 tanto
3628 2135 3809 2205 culpa-

2224 2223 2362 2279 biles
2381 2239 2569 2277 suzuus
2593 2224 2643 2276 in
2670 2223 2917 2278 examine
2955 2222 3048 2255 ¹⁸⁸⁴
3073 2240 3283 2283 eorum.

2294 2316 2385 2371 25.
2415 2315 2477 2388 (f.
2511 2315 2633 2386 l57)
2696 2314 2918 2385 Insuper
2969 2316 3022 2371 in
3071 2316 3243 2371 altero
3297 2315 3506 2386 deliqui
3557 2317 3805 2378 crimine.

2224 2411 2368 2479 quot
2402 2422 2490 2463 me
2516 2422 2772 2478 umquam
2806 2405 3023 2472 fecisse,
3063 2407 3270 2477 penitet
3291 2423 3356 2462 ex
3385 2408 3578 2462 corde.
3613 2407 3808 2462 Redin-

2224 2516 2344 2572 gus,
2401 2499 2931 2570 Parthenopolitante
2966 2499 3414 2572 congregaeionis
3472 2494 3804 2571 prepoSitus.

2225 2592 2278 2645 in
2308 2588 2720 2661 quadragesima
2754 2590 2865 2659 (an.
2906 2588 3066 2659 1015)
3117 2605 3235 2660 qua:
3267 2589 3428 2645 linem
3478 2605 3643 2645 suum
3680 2607 3801 2660 pre-

2225 2690 2485 2746 cesserat,
2550 2696 2635 2735 me
2692 2682 2800 2736 huc
2829 2680 3135 2735 venientem
3168 2681 3455 2736 caritative
3479 2680 3731 2752 suscipio.
3756 2698 3801 2743 s.

2225 2771 2366 2843 loqui
2397 2787 2581 2828 secum
2614 2773 2667 2827 in
2690 2781 2899 2828 secreto
2927 2773 3195 2844 postulat,
3236 2782 3293 2830 et
3327 2770 3545 2830 ob‘arﬁs
3571 2790 3693 2830 mox
3722 2775 3801 2830 1.-

2224 2864 2413 2920 crimis
2438 2865 2517 2919 sic
2539 2879 2766 2919 exorsus
2787 2873 2906 2920 est:
2936 2864 3220 2921 Subitnnea
3248 2883 3331 2921 me
3362 2868 3591 2936 deprimi
3619 2881 3802 2934 morte,

2223 2956 2446 3010 multum
2495 2957 2671 3022 timeo,
2710 2966 2756 3010 et
2787 2957 3114 3026 precedent“
3163 2973 3351 3011 causas
3402 2959 3549 3011 vobis
3605 2975 3704 3026 are
3733 2960 3801 3010 io.

2150 3085 2198 3147 Ο
2227 3046 2296 3101 In
2320 3048 2949 3147 draubprgeusiei‘uitate
2985 3047 3143 3147 semel
3171 3058 3219 3103 et
3246 3048 3299 3102 in
3322 3048 3429 3147 ista
3465 3049 3546 3147 bis
3577 3051 3654 3103 sie
3682 3050 3804 3104 mihi

2181 3123 2198 3147 ⁸
2228 3157 2294 3195 ea:
2316 3140 2595 3210 improuiso
2622 3140 2835 3204 accidit,
2860 3151 2913 3194 ut
2942 3157 3032 3195 nec
3052 3140 3226 3194 videre
3256 3139 3332 3195 uel
3374 3138 3583 3210 aliquid
3608 3143 3804 3209 potuis-

2227 3246 2334 3284 sem
2362 3231 2568 3296 audire,
2606 3244 2896 3297 exuperans
2925 3230 3023 3282 hoc
3052 3227 3205 3282 celeri
3237 3228 3435 3282 auxilio
3465 3229 3688 3284 Christi.
3726 3230 3803 3282 Ex

2225 3323 2323 3377 hoc
2371 3332 2598 3393 tempore
2623 3322 2779 3376 nimis
2818 3321 3075 3376 sollicitus
3098 3320 3198 3391 fui,
3223 3332 3270 3377 et
3296 3322 3663 3391 eonfratribus
3684 3326 3803 3377 meis

2228 3415 2298 3469 ad
2322 3416 2439 3477 hoc,
2466 3424 2521 3469 ut
2551 3431 2724 3485 spero,
2769 3415 3003 3478 idoneis,
3051 3413 3235 3470 vulnus
3278 3415 3575 3486 iniquitatis
3605 3432 3715 3470 rrec
3732 3431 3805 3469 re-

2227 3508 2392 3571 tecxi;
2429 3516 2479 3561 et
2497 3508 2619 3577 quia
2647 3522 2737 3561 vos
2760 3506 2886 3559 mihi
2912 3505 3089 3574 ﬁdeles
3120 3505 3211 3538 ’⁸³⁸
3257 3522 3459 3573 semper
3498 3507 3714 3576 agnovi,
3738 3506 3801 3557 ad

2226 3598 2575 3653 testimonium
2603 3612 2731 3651 mea:
2777 3595 3116 3664 confessionis
3143 3613 3249 3666 τηρ,
3274 3596 3360 3650 lea:
3400 3611 3460 3650 πο
3481 3613 3547 3662 -ο,
3577 3599 3707 3666 qu'a
3726 3613 3803 3649 me

2229 3704 2330 3742 non
2355 3688 2445 3741 diu
2477 3688 2734 3741 victurum
2760 3686 3018 3740 existimo.
3049 3686 3197 3739 lianc
3221 3687 3550 3757 petieiouem
3580 3688 3803 3742 demus

2227 3776 2461 3847 suscepi,
2499 3791 2567 3831 ac
2596 3791 2680 3831 me
2733 3776 2787 3830 in
2832 3775 3083 3830 omnibus
3114 3776 3290 3830 eidem
3328 3774 3801 3846 satisfacJeprao

2227 3865 2524 3922 misi.Post
2559 3866 2674 3920 base
2715 3864 2856 3920 idem
2884 3879 2970 3919 me
2993 3863 3064 3919 de
3114 3864 3309 3919 talibus
3360 3867 3672 3920 ammonult
3715 3873 3802 3929 ;ct

2226 3958 2353 4029 quia
2404 3966 2533 4014 tunc
2589 3965 2799 4027 tempus
2845 3971 3143 4027 congruum
3196 3971 3302 4011 non
3344 3954 3469 4022 fuit,
3522 3956 3801 4013 laudabilis

2227 4046 2476 4102 desiderii
2520 4047 2834 4102 sacietatem
2883 4062 2912 4099 a
2965 4061 3050 4101 me
3100 4061 3204 4102 non
3253 4046 3518 4117 percepit.
3546 4045 3801 4114 Quamvis

2226 4137 2455 4206 alicujus
2479 4138 2722 4192 conversi
2765 4136 2977 4207 plagam
3006 4136 3076 4189 ob
3112 4135 3371 4205 infatigab
3394 4134 3502 4190 lem
3525 4136 3713 4193 consri
3746 4154 3799 4190 ις-

2230 4230 2317 4285 tiae
2368 4230 2587 4284 meimet
2643 4230 2965 4299 peccatricis
3020 4229 3244 4283 fetorem
3301 4228 3539 4281 libenter
3570 4227 3666 4260 ⁸⁸⁸⁸
3698 4243 3797 4282 me

2228 4324 2510 4395 inspiciam
2537 4333 2592 4378 et
2615 4338 2808 4378 curare
2828 4324 3106 4393 desperem
3127 4362 3142 4384 .
3167 4332 3345 4376 tamen
3394 4320 3564 4389 hujus
3590 4319 3799 4375 confa-

2159 4448 2208 4510 υ
2234 4416 2332 4471 tris
2351 4430 2488 4471 onus
2503 4414 2732 4469 libenter
2754 4415 3016 4478 subirem,
3038 4414 3081 4469 si
3112 4413 3540 4484 oportunitatem
3567 4414 3795 4483 aliquam

2232 4506 2386 4562 nobis
2425 4505 2494 4561 ad
2516 4506 2631 4560 haec
2656 4505 2982 4575 respondere
3026 4506 3301 4559 v‘dissem.
3338 4504 3395 4557 lu
3418 4504 3674 4574 proxima
3715 4519 3799 4572 pa.

2232 4609 2460 4650 raseeve
2511 4594 2830 4657 Rotmauus,
2887 4594 3151 4664 presbiter
3179 4601 3233 4648 et
3261 4594 3663 4663 archiepiscopi
3683 4608 3797 4662 prr-

2231 4686 2439 4756 positus
2473 4683 2736 4749 Geronis,
2792 4685 3099 4754 improvisae
3142 4684 3291 4739 necis
3328 4683 3514 4755 inpetu
3571 4682 3637 4755 (ἵ.
3678 4681 3795 4747 15η

2234 4784 2391 4833 nocte
2439 4776 2760 4840 deprimitur
2817 4785 2872 4830 et
2916 4775 2970 4828 in
3013 4774 3153 4829 lecto
3207 4785 3453 4829 mortuus
3514 4774 3794 4829 inveniar.

2233 4867 2347 4923 lioc
2395 4867 2714 4922 admirabile
2750 4876 2805 4920 et
2827 4866 2988 4920 nimis
3017 4865 3260 4920 terribile
3300 4866 3517 4919 cunct's
3546 4862 3798 4919 audienti-
