4048 5368
286 208 414 268 1ῖ81

1507 201 1916 260 CIIROMCON.
1946 232 2013 244 -—
2035 201 2160 258 LIB.
2206 202 2314 258 VII.

3379 203 3519 261 i582

280 328 399 381 sine
435 322 557 378 ﬂetu
594 338 786 394 magno
819 320 961 376 fecit.
1002 320 1056 374 In
1081 321 1305 372 sabbato
1347 327 1534 374 sancto
1567 317 1710 388 (880)
1743 327 1847 372 huc
1875 323 1918 380 Α
1949 319 2268 381 solveretur,
2301 318 2425 388 quia
2483 319 2550 372 ab
2593 315 2804 373 occulta
2852 316 3215 388 pessimorum
3264 332 3508 374 susurra-

279 418 427 479 veni,
459 425 510 470 et
543 426 780 469 sanctam
835 414 971 466 hanc
1007 412 1460 481 solleznpnitatem
1507 426 1628 464 cum
1676 409 1856 462 archi-

279 507 493 576 prcsule
547 521 666 558 meo
724 504 1010 558 celluiter
1060 501 1240 569 peregi
1278 501 1565 570 (Apum).
1616 499 1689 553 lbi
1726 509 1855 552 tunc

280 598 554 668 liedingns
582 597 696 660 ηδτ,
721 595 956 663 prudens
986 601 1147 647 homo
1197 603 1250 646 et
1281 607 1376 661 per
1412 595 1592 645 omnia
1639 600 1851 654 cauttts,

281 689 438 742 fratri
476 702 574 741 suo
605 696 658 740 et
690 685 898 740 dilectte
929 684 1100 737 sorori
1147 699 1299 737 suam
1326 682 1572 736 dividens
1600 679 1855 734 substan-

278 781 459 832 eiam:
502 777 699 832 "nocte
750 778 881 832 haec.
935 776 1071 838 iniit,
1127 775 1288 839 vobis,
1341 784 1436 834 ut.
1493 790 1608 826 cum
1650 787 1728 824 me
1752 772 1853 823 cito

279 871 375 901 ’⁵⁸⁸
403 868 744 937 τυηιοναιὶῖεν
795 868 1048 934 perdatis,
1102 867 1156 918 in
1211 867 1308 917 hac
1342 864 1560 916 caritate
1607 861 1746 916 vobis
1775 876 1854 913 me

276 959 484 1027 ﬁdelem
516 959 676 1027 fuisse
723 959 1038 1027 agnoscatis.
1070 956 1123 1008 In
1153 955 1432 1008 nativitate
1459 967 1586 1006 vero
1614 952 1705 983 ⁸⁵⁸⁸
1730 966 1855 1004 sat:-

279 1051 351 1103 cti
377 1048 642 1103 Johannis
693 1048 938 1117 baptista:
987 1063 1106 1100 cum
1141 1045 1307 1098 fratre
1337 1059 1456 1098 meo
1479 1044 1672 1098 abbate
1714 1043 1854 1112 Sigi-

279 1143 421 1195 t'rido
455 1141 545 1174 ’⁸⁸⁸
571 1142 678 1206 sui,
706 1151 761 1194 et
797 1141 868 1195 ibi
891 1141 1163 1210 proposito
1191 1152 1314 1209 sepe
1346 1143 1642 1192 memorato
1667 1137 1854 1190 ultima

280 1233 616 1287 Salutaeione
675 1231 1000 1293 valcdicens,
1051 1229 1121 1283 nil
1157 1246 1242 1283 me
1275 1230 1341 1282 ad
1376 1227 1742 1296 acc'pieudam
1769 1242 1856 1280 re-

277 1326 717 1380 conciliaeionem
779 1325 878 1378 sibi
947 1323 1059 1384 ’5‘“,
1088 1339 1186 1392 pro
1233 1321 1420 1374 dolor!
1464 1319 1643 1374 exibui
1673 1359 1687 1382 ,
1753 1332 1853 1372 nec

278 1417 372 1448 ¹⁵⁸⁹
392 1418 536 1472 hunc
564 1432 646 1469 me
669 1415 898 1484 amplius
911 1421 1161 1483 expetere
1185 1413 1351 1475 sensi,
1377 1420 1424 1463 et
1452 1427 1572 1464 cum
1599 1409 1850 1472 eundem,

276 1510 422 1562 sicut
467 1507 694 1577 predixi,
748 1515 868 1576 post
901 1505 990 1536 ⁸⁵⁸⁸
1022 1513 1288 1557 mortuum
1321 1502 1680 1570 cooperirent,
1725 1511 1852 1552 tune

273 1616 402 1656 sero
425 1601 514 1656 hic
541 1601 805 1670 ingemtti,’
823 1599 888 1653 ad
910 1598 1051 1668 quod
1090 1597 1239 1668 prius
1289 1596 1559 1662 respicere
1584 1591 1847 1660 neglecxi.

1956 410 2110 463 cione
2130 424 2186 462 se
2235 409 2304 463 ob
2352 407 2442 439 ""
2472 408 2572 463 hoc
2616 423 2832 463 servum
2873 409 3141 463 nominari
3179 407 3524 479 comperiret,

1955 501 2096 569 quod
2153 499 2442 554 salubriter
2469 500 2521 554 in
2558 500 2746 570 paucis
2773 499 2956 555 ulcisci
2988 501 3181 570 potuit,
3227 501 3328 555 hoc
3357 503 3527 570 impa-

1955 591 2101 646 ciens
2132 593 2401 647 communi
2431 593 2695 661 dampno,
2727 601 2801 658 et,
2835 593 2878 646 si
2908 593 3162 646 voluisset
3213 593 3374 656 seire,
3423 594 3525 648 sibi

1955 686 2188 740 maxime
2212 686 2446 750 nocenti,
2473 686 2765 740 meditatur
2786 685 3060 741 vindicare
3083 686 3253 757 (885).
3285 685 3335 739 Ρ.
3359 694 3380 740 t
3401 694 3530 739 -sta-
3559 686 3564 693 ί

1956 783 2061 829 tc.u
2097 791 2325 844 namque
2369 791 2522 830 suam
2575 776 2817 830 hostibus
2878 778 3156 831 extraneis
3184 787 3310 830 tunc
3358 778 3523 834 relin-

1955 879 2146 933 quens,
2170 866 2510 920 securitatem
2544 867 2850 935 vagatione,
2876 882 3060 936 pacem
3109 866 3168 933 (f.
3198 866 3332 934 1338')
3361 868 3524 937 bello,

1956 970 2177 1024 regnum
2223 956 2407 1022 exilio,
2439 955 2605 1011 Deum
2635 956 2758 1011 caeli
2787 967 2841 1011 et
2875 967 3032 1012 terra:
3055 959 3266 1013 diabolo
3300 963 3528 1014 mutavit

1958 1047 2070 1113 “9°,
2102 1055 2156 1101 et
2201 1048 2440 1100 habitata
2480 1063 2708 1117 qumque
2764 1050 3046 1113 vastando,
3101 1051 3180 1105 sic
3220 1066 3276 1104 se
3306 1067 3524 1105 suorum

1956 1155 2062 1194 non
2091 1139 2402 1209 empticium
2435 1155 2609 1207 neque
2639 1140 2904 1195 volentem
2924 1141 3220 1206 dominum,
3251 1142 3343 1196 sed
3364 1156 3529 1211 SPO'I-

1960 1240 2173 1285 laneum
2205 1232 2398 1286 crebro
2428 1231 2730 1298 sejaclavit
2759 1234 3035 1288 inimicum
3067 1235 3194 1299 late,
3214 1250 3313 1304 pro
3336 1236 3523 1288 dolor!

1956 1331 2289 1391 regnantem.
2351 1322 2454 1376 lste
2509 1331 2688 1375 autem
2747 1339 2867 1376 cum
2907 1325 3095 1391 grandi
3145 1326 3435 1380 laboresui
3473 1335 3528 1378 et

1955 1413 2438 1482 contemporalium
2491 1413 2634 1467 inter
2683 1413 2800 1482 pios
2831 1415 2920 1446 "’7
2951 1416 3147 1484 impius
3176 1416 3266 1448 '5”
3289 1417 3374 1471 ditt
3399 1433 3529 1470 con-

1915 1513 2220 1568 'versatus,
2270 1512 2518 1573 respectu
2569 1505 2750 1558 divino
2797 1521 2942 1560 mors
2996 1507 3287 1561 tnultotum
3355 1518 3528 1561 morte

1959 1594 2107 1646 tarda
2137 1593 2454 1662 deprimitur
2483 1593 2596 1656 ηπ,
2630 1603 2684 1648 et
2723 1592 3054 1663 fugientibus
3081 1610 3203 1648 mox
3236 1595 3397 1650 sociis
3427 1595 3529 1648 ibi-

271 1689 487 1744 Profuit
508 1667 683 1745 autem
713 1667 1100 1744 confratribusi
1125 1686 1236 1741 suis
1283 1695 1394 1739 tres
1424 1698 1596 1738 annos
1626 1691 1680 1736 et
1703 1681 1735 1735 6
1758 1681 1852 1734 eb-
1883 1667 1926 1724 Β
1956 1683 2076 1739 dem
2106 1683 2360 1753 sepel‘tnr
2391 1683 2534 1754 (881)
2588 1683 2700 1755 (an.
2758 1685 2934 1757 1014).
2968 1685 3119 1752 Quod
3150 1701 3270 1740 turn
3313 1685 3528 1741 Ethel—

273 1782 556 1846 domadas,
586 1782 669 1835 vir
698 1782 818 1852 pius
848 1791 900 1835 et
927 1780 1141 1849 sapiens
1170 1794 1233 1832 ac
1263 1778 1486 1831 nimium
1528 1775 1722 1836 ﬁdelis,
1763 1788 1851 1828 se-

273 1873 457 1942 pultus
488 1874 539 1927 in
585 1874 790 1942 porticu
823 1873 1042 1926 australi
1067 1870 1217 1940 juxta
1265 1868 1676 1923 u‘tonasterium.
1712 1865 1849 1920 l-luic

275 1967 332 2019 in
357 1966 604 2034 sequenti
642 1975 977 2020 successerat
1029 1980 1170 2018 anno
1203 1962 1416 2032 (l0l6?)
1467 1961 1654 2018 Gedglo
1690 1973 1853 2015 vene-

273 2058 465 2111 rabilis
489 2066 666 2126 paler,
735 2061 1005 2124 quondam
1060 2057 1221 2112 scolae
1287 2057 1542 2126 magister
1602 2055 1694 2108 sed
1723 2064 1851 2108 tunc

272 2153 534 2206 :ecclesize
563 2163 768 2217 custos,
806 2154 855 2206 in
908 2152 1199 2206 festivitate
1230 2151 1598 2222 apostolorum
1623 2148 1770 2203 Petri
1797 2156 1852 2201 et

274 2245 466 2311 Pauli,
493 2247 544 2300 in
573 2262 798 2315 quorum
825 2247 1003 2315 vigilia
1045 2245 1194 2314 prius
1231 2244 1365 2298 obiit
1398 2243 1554 2296 Esico
1587 2242 1848 2303 intlusus,

274 2339 370 2408 qui
420 2338 582 2391 multa
629 2339 698 2392 ob
738 2338 937 2392 Christi
991 2352 1230 2391 antorem
1261 2344 1559 2389 mutaverat
1588 2334 1700 2386 loca
1733 2333 1843 2386 “‘9’.

274 2433 342 2505 (ἰ.
379 2432 499 2498 158)
539 2431 697 2486 Zelus
728 2431 1017 2484 Dominicze
1046 2431 1256 2493 domus,
1281 2444 1398 2498 qua:
1447 2438 1527 2481 est
1553 2427 1602 2479 in
1631 2427 1850 2480 Clu-isto

273 2533 456 2578 mater
481 2531 657 2576 nostra
684 2521 997 2591 spiritualis,
1031 2520 1130 2574 etsi
1163 2535 1307 2581 raro,
1347 2529 1522 2570 tamen
1553 2517 1846 2580 interdum,

273 2613 513 2669 comedit
535 2629 649 2676 me;
683 2613 928 2680 ideoque,
959 2610 1100 2679 quod
1134 2609 1291 2663 modo
1321 2624 1440 2662 sum
1467 2608 1737 2678 loquutus,
1764 2623 1850 2660 me

271 2705 552 2776 prepositu
582 2705 954 2758 intermiscere
980 2699 1130 2773 operi
1163 2701 1456 2771 compellit.

347 2798 442 2851 26.
468 2797 655 2851 Audivi
707 2797 887 2866 sepius
932 2810 1180 2858 numero,
1221 2794 1441 2862 Anglos,
1489 2793 1555 2848 ab
1604 2794 1846 2864 angelica

268 2885 442 2951 facie,
499 2886 547 2940 id
601 2896 684 2940 est
729 2886 981 2954 pulchra,
1044 2886 1158 2939 sive
1211 2885 1355 2956 (881)
1385 2886 1525 2954 quod
1567 2885 1620 2939 in
1650 2887 1846 2956 angulo

270 2979 437 3031 istius
485 2985 638 3031 terra:
687 2977 774 3031 siti
809 2986 953 3042 sunt,
991 2977 1183 3039 dictos,
1212 2974 1533 3031 itteﬂ‘abilem
1569 2977 1843 3032 miseriam
1874 3003 1918 3064 ο

267 3086 300 3121 a
330 3068 550 3132 Sueino,
575 3066 790 3121 llaraldi
818 3066 946 3131 lilio,
981 3066 1173 3120 immiti
1215 3067 1486 3121 Danorum
1534 3083 1682 3138 rege,
1730 3084 1844 3136 per-

267 3175 466 3228 pessos
488 3174 624 3221 esse,
655 3169 709 3213 et
738 3158 802 3211 ad
833 3157 884 3211 id
928 3167 1147 3213 coaetos
1194 3157 1308 3223 “m,
1349 3167 1407 3211 ιιι
1451 3160 1539 3228 qui
1573 3161 1723 3228 prius
1749 3161 1844 3214 tri-

264 3251 476 3304 butarii
506 3259 661 3303 erant
690 3249 950 3319 principis
1001 3249 1365 3318 apostolorum
1393 3249 1537 3304 Petri
1567 3267 1631 3306 ac
1671 3248 1846 3307 sancti

265 3343 447 3409 patris
505 3357 689 3396 eorum
744 3341 988 3410 Gregorii
1039 3341 1344 3410 spirituales
1391 3341 1509 3407 lilii,
1558 3345 1848 3399 immundis

264 3432 502 3486 canibus
555 3431 704 3504 (882)
767 3432 1075 3502 impositum
1133 3431 1231 3485 sibi
1280 3447 1500 3486 censum
1557 3436 1846 3502 quotannis

263 3523 563 3583 solverent,
603 3533 655 3577 et
683 3524 970 3578 maximam
1007 3523 1158 3593 regni
1190 3523 1386 3577 suimet
1429 3535 1664 3592 partem,
1688 3537 1845 3594 capto

262 3630 336 3668 ac
373 3615 690 3683 interempto
753 3613 1080 3676 habitatore,
1133 3621 1261 3666 tunc
1310 3613 1451 3666 hosti
1523 3614 1846 3669 tidueialiter

264 3703 680 3759 inhabitandam
714 3703 865 3757 inviti
913 3702 1300 3772 relinquerent.
1333 3703 1718 3760 Consentieute
1744 3707 1846 3762 hoc

263 3794 505 3850 Domino
533 3803 586 3846 et
623 3795 690 3848 ob
717 3793 1062 3862 castigandas
1093 3793 1428 3863 quorundam
1468 3795 1664 3849 suimet
1721 3797 1842 3851 inii-

261 3887 475 3942 tlelium
504 3887 593 3918 ¹³⁹²
631 3888 814 3957 culpas
867 3887 1048 3941 hostes
1097 3887 1368 3956 predictos
1416 3887 1482 3940 ad
1523 3888 1626 3942 hoc
1683 3889 1842 3943 insti-

261 3987 456 4050 gante,
486 3985 690 4032 tantum
724 3979 916 4032 insevit
949 3979 1391 4048 persecutor,qui
1417 3993 1516 4033 nec
1560 3980 1670 4034 suis
1721 3997 1844 4050 par-

261 4083 398 4123 cere
425 4083 673 4137 umquam
709 4069 800 4099 ¹⁵⁹³
833 4068 1057 4134 didicit;
1091 4069 1178 4122 ille
1209 4070 1428 4140 inquam
1475 4086 1844 4141 suprameuto-

260 4171 443 4217 ratus.
496 4176 600 4214 non
627 4167 804 4214 rcclor
832 4161 924 4214 sed
956 4161 1286 4226 destructor,
1320 4171 1439 4230 post
1467 4171 1694 4217 mortem
1748 4179 1842 4233 pa-

262 4256 372 4309 υἷε
416 4255 496 4308 sui
537 4270 566 4308 a
600 4255 982 4310 Northmanuis
1039 4255 1129 4288 “’9‘
1177 4257 1577 4326 insurgentibus
1627 4270 1838 4328 captus,

1958 1773 2188 1839 rad‘m,
2247 1790 2339 1829 rex
2392 1775 2704 1844 Anglorum,
2755 1777 2924 1830 multo
2969 1785 3208 1846 tempore
3238 1778 3305 1831 ab
3335 1779 3523 1831 eottem

1957 1865 2191 1935 fugatus,
2225 1882 2324 1936 pro
2352 1876 2500 1920 certo
2530 1868 2876 1936 comperiret,
2930 1868 3132 1934 gratias
3177 1883 3341 1938 agens
3393 1867 3525 1933 Deo,

1953 1957 2184 2026 patriam
2215 1956 2352 2011 letus
2386 1958 2591 2024 revisit,
2638 1969 2714 2023 et,
2739 1958 2981 2014 collectis
3020 1959 3072 2012 in
3121 1975 3284 2012 unum
3319 1961 3529 2014 cunctis

1954 2047 2217 2102 militibus
2255 2049 2389 2113 suis,
2418 2065 2616 2119 cerpus
2655 2049 2929 2104 inimicuzn
2959 2050 3324 2104 exterminare
3355 2065 3521 2105 cona-

1955 2148 2060 2195 tur.
2091 2141 2156 2194 Et
2181 2150 2238 2193 ut
2276 2141 2377 2194 hoe
2411 2156 2514 2195 non
2568 2141 2741 2205 ﬁeret,
2787 2143 3031 2210 qute'am
3085 2151 3329 2196 matrona
3377 2141 3528 2212 prius

1952 2247 2048 2301 per
2105 2231 2400 2288 familiares
2439 2249 2566 2288 suos
2604 2249 2761 2287 annm
2787 2235 2921 2297 uita,
2969 2243 3242 2288 servatum
3273 2235 3464 2305 pignus
3493 2251 3523 2288 a

1954 2335 2094 2380 terra
2119 2327 2358 2394 elevans,
2390 2329 2488 2383 etsi
2519 2328 2789 2396 indigena,
2815 2337 2993 2382 tamen
3037 2328 3106 2384 ad
3134 2329 3335 2398 patrias
3369 2331 3526 2383 navi-

1952 2420 2322 2490 giodirexerat
2357 2427 2558 2484 arctos,
2584 2421 2636 2473 id
2667 2428 2750 2474 est
2775 2420 3270 2487 septemtrionalem
3309 2421 3520 2491 plagam

1953 2513 2121 2582 (885),
2160 2527 2279 2583 qtne
2325 2514 2427 2567 hoc
2463 2527 2653 2567 nomen
2685 2512 2752 2566 ab
2798 2512 3029 2565 arcturis
3058 2513 3283 2575 duabus,
3311 2514 3412 2569 hoc
3443 2525 3527 2570 est

1951 2606 2018 2659 ab
2055 2605 2197 2660 ursis
2239 2604 2537 2659 minoribus
2566 2613 2727 2673 atque
2766 2601 3062 2671 majoribus
3103 2605 3350 2669 sortitur,
3388 2623 3524 2676 quas

1950 2709 2176 2764 serpens
2215 2710 2375 2759 unus,
2421 2703 2478 2748 ut
2525 2695 2776 2764 astrologi
2803 2704 3070 2756 asserunt.
3121 2695 3423 2752 circa-adat
3466 2708 3523 2752 et

1951 2785 2160 2840 dividit.
2985 2837 2994 2844 .

2017 2875 2106 2930 27.
2132 2875 2262 2930 Pars
2297 2885 2451 2930 terra:
2491 2876 2630 2931 illius
2663 2884 2868 2931 tantum
2902 2868 3092 2949 frigida
3120 2888 3222 2942 est,
3262 2888 3520 2949 quintum

1950 2986 1978 3024 a
2015 2971 2142 3026 solis
2172 2970 2348 3025 calore
2372 2971 2566 3033 aliena,
2600 2981 2653 3025 et
2691 2983 2901 3024 mentes
2934 2972 3231 3028 incolarum
3278 2975 3522 3029 caritatis

1951 3063 2175 3132 geminae
2214 3071 2464 3132 expettes
2528 3063 2598 3117 ibi
2652 3072 2776 3116 sunt
2825 3062 3156 3130 5οἰι1ιθ¹⁶⁰¹,
3187 3066 3278 3135 qui
3331 3065 3524 3122 domos

1950 3169 2078 3209 suas
2131 3169 2312 3208 secum
2362 3153 2642 3214 vehentes,
2671 3153 2797 3207 feris
2817 3161 2868 3206 et
2891 3154 3088 3222 equino
3114 3157 3248 3210 lacte
3290 3172 3524 3226 pascun-

1951 3252 2038 3298 tur
2090 3241 2261 3313 (886).
2314 3242 2368 3295 lu
2423 3242 2526 3296 hiis
2559 3242 2802 3312 partibus
2846 3252 2928 3297 est
2983 3261 3120 3299 unus
3151 3262 3265 3312 rex,
3293 3247 3524 3318 Gutriug

1953 3335 2044 3368 ¹⁶⁰²
2067 3337 2280 3391 nomine
2312 3335 2482 3406 (887),
2517 3335 2605 3404 qui
2657 3335 2710 3389 in
2757 3338 3086 3392 monasterio
3137 3337 3390 3395 Ft’l‘dCllSi
3423 3343 3522 3396 sub

1947 3432 2204 3500 episcopo
2243 3428 2484 3496 ejusdem
2512 3429 2614 3482 loci
2634 3429 2845 3498 Erpone
2872 3431 2922 3482 in
2951 3430 3204 3486 elericatu
3233 3447 3264 3486 e
3285 3441 3519 3498 tueatus,

1949 3530 2014 3576 ad
2037 3523 2357 3576 diaconatus
2384 3521 2609 3586 gradum
2639 3521 2884 3589 pervenit
2930 3521 3194 3592 indignus.
3231 3525 3334 3578 Sed
3369 3535 3518 3595 post-

1947 3629 2109 3684 quam
2153 3612 2428 3682 predictus
2467 3613 2694 3664 antistes
2751 3610 2812 3681 (f.
2879 3612 2997 3677 159)
3059 3613 3192 3668 obiit
3220 3615 3384 3685 (888).
3416 3618 3518 3673 iste

1946 3707 2177 3774 elapsus.
2213 3717 2406 3757 nozuen
2437 3713 2491 3756 et
2517 3703 2785 3767 ordinem,
2808 3703 2943 3757 alter
2964 3703 3227 3764 Julianus,
3255 3706 3347 3738 ’⁸⁸³
3374 3707 3520 3776 abje-

1946 3797 2039 3862 cit,
2071 3805 2126 3851 et
2151 3795 2468 3852 vocabulum
2517 3793 2948 3850 Christianitatis
2987 3799 3162 3852 solum
3214 3811 3514 3868 protessus,

1947 3890 2000 3944 in
2026 3882 2496 3943 multisinveuitur
2530 3886 2686 3956 longe
2729 3887 2953 3942 alienus.
2999 3888 3046 3944 Is
3078 3905 3107 3944 a
3161 3891 3274 3947 suis
3340 3895 3518 3963 primo

1945 3989 2003 4033 ul
2031 3988 2113 4034 est
2157 3978 2391 4050 agnitus.
2430 3977 2550 4033 ilico
2576 3977 2898 4048 succipitur,
2947 3987 3003 4034 et
3046 3979 3371 4038 hereditazio
3421 3986 3518 4040 ho-

1945 4085 2075 4124 nore
2098 4069 2432 4124 sublimatur.
2463 4067 2614 4135 Quod
2652 4068 2758 4122 Deo
2807 4068 3073 4138 displicet,
3131 4086 3287 4128 nemo
3313 4073 3513 4139 laudet,

1944 4163 2122 4216 nullus
2169 4162 2438 4225 imitetur;
2469 4177 2689 4232 presens
2721 4162 2927 4217 fructus
2982 4161 3050 4217 ob
3079 4170 3337 4219 terrorem
3370 4165 3515 4219 futu-

1944 4273 2062 4310 rum
2119 4263 2426 4326 spernatur.
2488 4254 2550 4307 Et
2606 4245 2694 4308 ille
2724 4269 2839 4318 rex,
2891 4270 3079 4310 servus
3116 4258 3518 4327 peccati,ti?ias

261 4363 396 4401 cum
419 4362 446 4400 a
479 4347 671 4417 populo
697 4348 798 4402 sibi
828 4356 954 4402 tune
1000 4347 1214 4401 subdito
1253 4362 1373 4402 cum
1409 4349 1608 4418 ingenti
1658 4352 1840 4419 precio
1868 4349 1919 4406 D
1948 4348 2158 4414 mortis,
2190 4365 2318 4413 non,
2346 4355 2410 4428 ut,
2430 4357 2604 4416 putat,
2627 4347 2958 4414 dominatur,
2980 4347 3073 4402 sed
3089 4349 3363 4405 cotidiano
3391 4364 3519 4419 pon-

1557 4477 1636 4532 VA
1649 4477 1784 4532 ΒΙΑΞ
1828 4477 2228 4536 ιερτιοΜςε.

340 4571 435 4604 ηδτ
463 4571 707 4640 rediggus
744 4572 827 4624 la.
882 4571 1136 4624 m“novre
1159 4569 1401 4643 corbeim
1435 4573 1702 4643 monacho
1724 4573 1851 4626 add.
1879 4574 1934 4628 ‘2.
2000 4574 2238 4627 “‘"nel.
2309 4573 2809 4630 ""Prefuit—Joca
2845 4575 3008 4643 ipsius
3043 4571 3327 4643 '[Itietnnni
3357 4585 3519 4643 ntanu

256 4644 470 4715 scripta
496 4641 1724 4715 uitiatumquaternionispaginam'concludunt,
1745 4645 1882 4696 idem
1908 4645 2224 4715 insequentis
2251 4645 2782 4715 qttnlerniottisinitio
2814 4641 3017 4711 scripsit
3045 4641 3521 4715 Zelus_._d_”“roa-

257 4724 359 4768 tos
389 4712 443 4781 12
496 4710 586 4741 ¹⁸⁹¹
611 4712 662 4764 in
693 4727 900 4781 erasum
928 4713 978 4764 1.
1047 4711 1442 4781 “"numquam
1475 4711 1560 4763 ia.

252 4860 526 4922 expuncto
550 4861 594 4904 et
632 4861 877 4922 postcunt
911 4853 1079 4919 primo
1101 4866 1132 4904 e
1164 4867 1336 4922 eraso.
1416 4851 1505 4882 ¹⁶⁰¹
1542 4853 1699 4907 scithi
1743 4859 1825 4908 ta.

251 4932 383 4993 post
411 4937 582 4974 erasa.

1641 4713 2104 4770 umuorhmannis
2133 4716 2183 4766 1.
2243 4717 2332 4748 ⁸⁵³⁵
2357 4715 2423 4768 ab
2455 4718 2539 4768 ta.

257 4782 364 4816 ι⁸⁹⁸
395 4778 499 4833 [lic
545 4797 640 4835 eoa:
683 4780 848 4835 libere
906 4791 1164 4849 expuncto
1223 4793 1269 4834 et
1299 4778 1432 4850 ‘post
1477 4785 1707 4837 erasat'n
1757 4786 1879 4840 cod.
1913 4787 1960 4842 1.

2619 4714 2710 4745 ¹⁸⁹⁶
2739 4725 3002 4767 mutatum
3040 4719 3123 4765 tu.
3205 4712 3292 4742 “’9'
3327 4724 3446 4767 pos.
3472 4713 3520 4760 1.

2106 4785 2196 4856 1⁵1³
2253 4785 2522 4856 ιιρβιηὶιυι·
2557 4786 2630 4856 1.-
2705 4785 2795 4816 ¹⁶⁰⁰
2825 4782 3120 4856 afthelhrad
3153 4781 3244 4856 ja.
3286 4779 3450 4832 altera
3489 4779 3524 4831 h

1911 4858 2001 4889 ⁸⁸⁸⁸
2034 4854 2249 4928 gulring
2299 4851 2438 4910 corr.
2491 4854 2772 4928 gut_ringl
2830 4854 2968 4908 linea
3007 4867 3101 4922 per
3153 4851 3173 4905 1
3227 4862 3528 4904 transversa

659 4921 748 4953 ⁸⁵⁸³
777 4921 1043 4985 ordinem,
1078 4929 1134 4974 ιιι
1161 4919 1247 4975 ille
1269 4921 1513 4977 demouis
1541 4923 1815 4993 exemplar
1843 4919 2094 4984 Julianus
2109 4919 2351 4995 apostata
2384 4919 2542 4980 cesar
2571 4925 2625 4978 2.

1769 5015 2016 5080 ΝΟΤᾸΕ.

336 5101 489 5170 (880)
519 5101 644 5156 Scil.
667 5103 955 5170 paschalis.

336 5171 492 5238 (881)
517 5171 597 5225 Cf.
624 5171 930 5227 Widukiud.
965 5173 1002 5236 l,
1025 5175 1080 5230 8.

337 5242 490 5312 (889.)
519 5241 557 5294 l.
587 5258 633 5296 e.
659 5246 846 5312 piratis
868 5242 1050 5298 Danis.

339 5313 494 5368 (883)
518 5312 667 5365 Conf.
692 5314 883 5368 Adam.
921 5313 1093 5368 Brem.
1128 5313 1160 5366 l.
1192 5329 1254 5368 ll.
1281 5327 1327 5366 c.
1353 5313 1442 5368 21.

1948 5131 1997 5187 Ρ.
2282 5182 2464 5258 Ilorat.
2491 5177 2680 5258 t_t_t.24,
2701 5181 2735 5236 9
2765 5189 2819 5237 et
2848 5173 3269 5258 Virgilziieorg.‘
3297 5170 3533 5258 "1,465.

2020 5243 2162 5330 (887)
2174 5252 2458 5330 putarim.
2510 5243 2976 5330 Fortassenreguui
3002 5317 3014 5330 _
3033 5243 3338 5330 [iplandite'
3371 5257 3533 5330 u_I3I_I_S.

1949 5315 2491 5368 anhlie'ﬂndrimlns-
2538 5334 2628 5368 rex
2677 5315 3172 5368 Cnlhrandsdalizﬁ.
3251 5315 3340 5368 nui
3389 5315 3536 5366 circa
