4048 5368
583 326 601 380 Ι
615 323 718 380 383

1500 316 1872 374 TlilETMARl
1913 316 2529 375 MEBSEBURCENSIS
2554 316 2854 374 EPISCOPI

3701 326 3831 383 1386

577 440 707 493 dere
778 445 1140 510 aggravatur;
1204 436 1292 492 de.
1331 449 1441 506 quo
1488 433 1748 488 Dominus
1809 448 1907 502 per
1933 432 2147 488 Esaiam
2182 448 2221 498 Α
2256 441 2394 496 tem,
2421 447 2612 487 omnes
2642 440 2725 488 ter
2757 434 2847 466 ¹⁸¹⁸
2870 434 3182 493 clamabant
3225 453 3322 496 eos
3379 442 3474 474 “”
3504 458 3613 497 una
3652 438 3832 508 gladio

579 518 673 561 "3“
728 527 1163 585 clamat:Filias
1211 527 1472 590 cnutriui,
1521 526 1771 589 exaltuvi,
1810 526 1925 597 ipsi
1981 534 2152 577 ηκῖεηι

574 630 874 690 spreverunt
918 636 999 685 me
1039 618 1173 691 (ha.
1229 602 1265 679 I.
1292 616 1370 688 2).
1416 615 1523 671 Pro
1566 612 1717 683 cujus
1748 615 2153 669 consociorum-

538 698 685 781 une
710 702 842 781 ejus
865 698 1221 777 conversione
1258 718 1309 764 et
1335 708 1494 781 digna
1522 705 1912 777 eorendacione
1937 722 1997 759 ac
2029 720 2154 774 per-

575 792 887 857 seVerancia
910 800 1085 856 ornnis
1119 800 1501 855 Christianitas
1530 806 1669 858 oret,
1698 805 1752 849 et
1784 812 1849 848 ne
1890 795 1995 848 tale
2023 793 2152 867 quid

574 894 629 946 in
658 892 912 947 membris
958 886 1071 947 suis
1101 892 1332 961 amplius
1365 889 1634 961 paciatur,
1669 888 1838 941 Deum
1877 885 2148 956 imploret.

572 985 833 1052 Quamvis
864 986 928 1038 dc
987 982 1075 1038 ille
1130 983 1234 1038 hoc
1293 982 1470 1037 solum
1514 980 1786 1044 dicerem,
1844 989 1990 1043 sum,
2053 992 2152 1045 pro

573 1077 756 1135 dolor!
802 1077 925 1149 alii,
964 1076 1055 1147 qui
1101 1072 1335 1132 similem
1371 1073 1590 1130 subiere
1637 1071 1983 1134 sententiam,
2023 1069 2151 1124 illud

548 1166 722 1222 “Pauli
756 1181 860 1220 non
890 1166 1261 1221 attendentes:
1289 1163 1426 1229 Quia
1467 1161 1651 1216 melius
1682 1160 1776 1191 ¹⁶⁰⁸
1802 1170 1877 1214 est
1904 1160 2037 1213 riam
2068 1175 2152 1214 tte-

573 1259 743 1312 ritatis
769 1275 868 1312 non
918 1272 1240 1327 cognoscere,
1272 1270 1435 1326 quam
1464 1262 1579 1324 post
1609 1252 1849 1306 notitiam
1887 1234 2149 1305 declinare

572 1350 656 1422 (ιι
697 1349 836 1404 rm.
861 1367 920 1415 ιι,
949 1350 1060 1419 21;.

641 1443 729 1497 23.
766 1443 869 1497 Sed
901 1443 1026 1512 quia
1083 1440 1260 1495 nullus
1314 1438 1380 1493 ad
1414 1436 1950 1506 comprehendendas
1989 1436 2146 1506 aqui-

576 1532 781 1588 lonaris
834 1533 1070 1603 regionis
1131 1532 1439 1593 varietates.
1479 1546 1611 1598 quas
1642 1542 1836 1582 natura
1886 1543 1982 1599 pre
2038 1542 2146 1582 c'e-

571 1622 705 1677 teris
740 1621 1018 1676 mirabiles
1055 1621 1253 1676 ibidem
1303 1631 1579 1690 operatur,
1608 1628 1663 1673 et
1687 1618 1934 1672 crudeles
1965 1615 2147 1687 pupuli

569 1715 730 1767 ἰ.ςιῑιιε
783 1712 1131 1769 executiones
1187 1710 1401 1773 sullicit,
1439 1711 1634 1767 omitto
1659 1709 1749 1741 ¹⁶⁰⁶
1774 1716 1829 1762 et
1878 1710 1944 1764 de
1991 1708 2145 1780 geni-

2255 522 2543 589 perituros.
2584 522 2916 603 venerabilis
2940 540 3075 601 vero
3090 527 3190 605 {9”
3212 528 3562 603 minacem
3588 533 3707 587 suis
3735 536 3831 597 hac

2254 610 2522 691 legatione
2554 615 3083 695 adinodum‘turbata
3106 630 3278 689 ,.post
3299 622 3517 694 longam
3562 629 3832 685 esteaan

2253 702 2418 755 animi
2465 700 2909 773 deliberationem
2936 744 2952 766 ,
2983 718 3043 759 se
3068 705 3148 761 sic
3176 706 3443 777 (scutram
3476 709 3573 783 ¹ξ⁸⁸
3600 725 3832 781 spopon-

2253 791 2333 845 dit
2355 790 2464 855 "",
2499 801 2550 846 et
2575 792 2625 846 id
2657 792 2749 827 ⁸⁸⁸³
2784 809 2906 849 cum
2935 795 3026 869 ‘f‘f
3056 798 3831 866 prenominatismilitibuslir-

2254 894 2385 937 mat.
2415 882 2475 954 (Γ.
2514 884 2634 952 160)
2689 884 2910 943 [nterim
2941 874 3247 946 contraires
3278 890 3385 955 duo
3408 892 3593 948 noctis
3618 895 3834 949 silentio

2254 971 2369 1039 ¹⁶¹⁷,
2410 973 2462 1029 in
2492 975 2739 1032 navicula
2786 981 3114 1047 promissum
3158 984 3457 1042 evadentes
3504 986 3831 1056 perieulum.

2252 1080 2618 1137 quoscumque
2682 1078 2934 1141 poterant
2992 1072 3058 1125 ad
3106 1071 3479 1135 defendonem
3536 1078 3738 1144 patria:
3778 1087 3834 1131 et

2252 1161 2581 1227 ereptionem
2607 1161 2817 1223 matris,
2848 1163 3003 1218 hoste
3033 1164 3207 1220 adhuc
3234 1166 3338 1221 hoc
3357 1166 3672 1235 ignorante,
3702 1182 3834 1222 con-

2250 1250 2565 1320 gregabant,
2596 1250 2700 1305 Sed
2729 1267 2850 1306 cum
2902 1253 2953 1306 in
2992 1268 3099 1311 una
3138 1254 3343 1309 dierum
3386 1255 3643 1325 Thurgul.
3686 1255 3835 1327 pira-

2258 1347 2434 1394 tarum
2487 1343 2594 1394 dux
2648 1341 2715 1396 ad
2770 1341 3171 1413 depopulandos
3210 1345 3345 1398 lines
3374 1336 3665 1414 proximos
3707 1362 3830 1401 cum

2251 1428 2594 1486 multitudine
2634 1432 3002 1499 egrederetur.
3026 1431 3102 1487 ex
3125 1434 3417 1503 improviso
3448 1436 3711 1493 hostibus
3733 1449 3831 1492 oc-

2250 1535 2476 1577 currens
2506 1538 2599 1578 eos
2624 1525 2844 1580 olIendit
2865 1540 2880 1589 ;
2904 1535 2959 1579 et
2989 1529 3285 1581 uteosdem
3328 1529 3547 1585 eminus
3594 1532 3826 1601 aspexit,

2249 1611 2426 1665 socios
2449 1622 2725 1677 exortans,
2756 1613 2982 1669 viriliter
3010 1613 3108 1670 hos
3138 1614 3230 1647 “°’
3250 1617 3407 1680 adiit,
3432 1626 3492 1673 et
3507 1619 3830 1675 ceciderunt

2249 1703 2521 1774 utrimque
2554 1704 2644 1737 “‘5
2660 1705 2920 1762 Etbmuu
2947 1715 3004 1763 et
3031 1706 3124 1740 ¹⁸¹⁹
3152 1708 3396 1780 Thnrgut
3437 1725 3564 1764 cum
3596 1715 3831 1767 maxime

573 1804 735 1857 minis
782 1803 1089 1873 viperarum
1131 1803 1301 1875 (889),
1342 1802 1397 1858 id
1450 1813 1533 1857 est
1568 1799 1693 1857 [iliis
1759 1796 1962 1877 Sueuoi
2018 1814 2142 1868 per-
2175 1783 2218 1843 Β
2247 1798 2517 1853 sociorum
2551 1796 2915 1881 multitudine.
2953 1800 3021 1856 Et
3064 1814 3166 1859 nec
3206 1801 3313 1857 hiis
3364 1818 3545 1873 neque
3573 1802 3701 1859 aliis
3724 1804 3827 1859 ulla

570 1896 857 1959 secutoris,
913 1911 1082 1965 pauca
1136 1888 1413 1952 edissere."
1470 1894 1579 1950 llos
1639 1894 1848 1963 peperit
1885 1893 1934 1947 ei
1975 1890 2139 1947 Mise-

570 1986 723 2041 conis
753 1987 863 2042 lilia
896 1989 1072 2051 ducis,
1102 2001 1266 2042 soror
1286 1984 1544 2041 Bolizlavi
1589 1983 1919 2039 successoris
1948 1984 2064 2054 ejus
2088 1992 2144 2037 et

566 2076 710 2141 nati;
738 2091 857 2146 qua:
882 2091 911 2130 a
939 2075 1055 2130 viro
1081 2081 1273 2131 suimet
1295 2075 1441 2146 (891))
1474 2075 1561 2128 diu
1613 2071 1862 2142 depulsa,
1894 2088 2001 2127 non
2034 2072 2140 2127 mi-

568 2168 769 2223 nimam
816 2183 937 2223 cum
1003 2168 1215 2223 cmteris
1253 2182 1503 2238 perpessa
1564 2174 1648 2221 est
1692 2165 2137 2220 controversiam.

570 2255 742 2325 Hujus
766 2257 942 2328 proles
987 2257 1211 2311 multant
1256 2256 1308 2310 in
1349 2256 1599 2309 omnibus
1650 2254 2029 2323 patrissantes,
2062 2254 2143 2308 di-

568 2346 693 2402 lecti
718 2349 977 2418 genitoris
1007 2362 1206 2417 corpus
1233 2345 1466 2401 delatum
1494 2344 1745 2399 ﬂebiliter
1767 2343 2067 2413 suscipiunt
2089 2352 2144 2400 et

572 2436 863 2503 tumulant,
910 2450 965 2496 et
993 2437 1251 2509 quicquid
1280 2437 1561 2493 dedecoris
1586 2435 1645 2505 (τ.
1680 2435 1818 2505 l59')
1864 2436 2003 2507 patri
2026 2434 2141 2490 sui-

570 2539 681 2583 met
720 2528 889 2600 ingeri
939 2529 1008 2584 ab
1054 2528 1244 2599 Anglis
1277 2526 1612 2597 propositum
1645 2534 1749 2590 est,
1797 2526 2002 2596 paratis
2047 2542 2144 2579 na-

568 2619 726 2674 vibus
755 2619 937 2675 ulcisci
973 2618 1283 2674 studebant.
1326 2617 1523 2671 Eorum
1572 2614 1835 2681 facinora,
1888 2630 2009 2685 qua:
2034 2615 2141 2670 hiis

571 2708 800 2763 intulere
826 2709 1078 2780 plurima,
1131 2722 1217 2763 me
1247 2707 1372 2777 quia
1406 2706 1594 2769 latent,
1649 2706 1971 2776 preteriens,
2009 2704 2139 2758 illud

568 2798 694 2852 stilo
721 2798 956 2853 breviter
981 2798 1185 2868 aperio,
1237 2796 1379 2867 quod
1425 2796 1555 2852 mihi
1599 2796 1817 2866 quidam
1867 2794 2014 2866 (981)
2039 2810 2140 2866 pro

568 2891 798 2945 veritate
822 2891 921 2946 sibi
947 2891 1223 2963 cognitum
1258 2889 1552 2945 intimavit.
1588 2887 1872 2943 Ethelred
1901 2888 2015 2952 ‘°°’,
2042 2905 2137 2943 rex

570 2985 858 3053 Anglorum
874 3027 889 3052 ,
914 2985 1046 3040 obiit
1070 3000 1211 3039 anno
1251 2983 1542 3039 Dominicte
1568 2981 1958 3038 incarnationis
1981 2978 2134 3046 10l6,

565 3086 623 3130 et
658 3078 709 3131 in
739 3092 921 3131 mense
943 3075 1087 3131 Julio
1140 3076 1367 3147 predicti
1401 3075 1602 3131 fratres
1655 3073 1853 3129 Harald
1893 3082 1950 3128 ct
1994 3073 2134 3130 Cnut

569 3165 681 3232 “°',
713 3183 776 3221 ac
805 3167 897 3200 ⁸⁸⁸³⁸
920 3184 1038 3225 cun:
1066 3142 1203 3222 duce
1250 3167 1449 3221 snimet
1490 3164 1771 3236 leurguto
1796 3164 1943 3234 (892)
1988 3180 2137 3218 cum-
2166 3142 2211 3202 (ἶ

566 3274 673 3330 que
702 3260 792 3291 ¹⁶¹⁹
813 3257 921 3314 540
948 3260 1037 3291 ²⁶¹⁸
1078 3259 1305 3313 navibus
1354 3258 1580 3327 egressi,
1626 3256 1815 3310 urbem
1866 3255 2137 3326 quandam

568 3348 785 3403 nomine
834 3346 1171 3414 Lundunam,
1224 3349 1312 3402 ubi
1361 3349 1565 3417 regina,
1628 3348 1799 3401 tristis
1854 3362 1985 3401 nece
2035 3344 2135 3399 viri

569 3443 765 3499 suin..t
788 3453 839 3496 et
868 3441 1188 3504 delensoris,
1234 3456 1354 3494 cum
1401 3441 1527 3495 liliis
1577 3437 1886 3493 Ethclsteno
1916 3453 1979 3491 ac
2006 3437 2140 3491 Eth-

569 3531 771 3585 mundo
809 3540 867 3586 et
897 3532 1104 3587 duobus
1148 3531 1413 3600 episc0pis
1459 3528 1778 3598 ueterisque
1817 3528 2140 3598 primatibus

568 3623 803 3693 presidio
825 3622 1069 3688 sedebat,
1101 3622 1474 3695 circumdant,
1507 3628 1562 3675 et
1593 3632 1756 3675 naves
1786 3616 2026 3687 singulas
2071 3617 2140 3672 80

567 3713 713 3767 viros
743 3714 1027 3777 habentes,
1057 3727 1152 3782 per
1192 3712 1414 3777 ﬂumen,
1447 3711 1590 3781 quod
1638 3707 1828 3764 'l'imisi
1887 3718 2136 3776 vocatur,

567 3801 843 3867 ducentes,
875 3803 908 3857 6
937 3816 1149 3857 menses
1171 3803 1398 3857 eamlem
1424 3802 1761 3872 impugnaut.
1807 3798 2011 3870 Regina
2039 3814 2138 3851 au-

570 3903 689 3957 tem
711 3904 840 3951 tunc
870 3896 1007 3952 bello
1032 3895 1329 3967 defatigata
1361 3894 1577 3948 assiduo
1608 3892 1825 3947 nuntios
1854 3891 2020 3955 misit,
2047 3891 2138 3959 qui

568 3987 639 4038 ab
673 3986 755 4040 eis
777 4001 962 4056 pacem
992 3996 1261 4057 peterent,
1294 3994 1352 4040 et
1386 3986 1513 4055 quid
1541 3986 1632 4017 ¹⁶¹²
1675 3985 1741 4039 ab
1763 4001 1825 4040 ea
1860 3983 1953 4015 ⁸⁶¹³
1979 3998 2142 4051 expo-

565 4087 805 4141 scerent,
838 4078 1118 4149 diligenter
1133 4079 1482 4149 inquirerent.
1499 4078 1873 4148 Respondetur
1893 4077 2138 4145 protinus

569 4169 676 4226 hiis
701 4172 768 4225 ab
796 4171 1130 4241 inexplendis
1159 4171 1420 4227 hostibus.
1457 4171 1500 4224 si
1531 4170 1715 4237 regina
1743 4168 2140 4223 voluissctdare

571 4264 711 4319 lilios
758 4280 885 4320 suos
935 4263 988 4317 in
1037 4274 1299 4326 mortem,
1356 4277 1521 4332 seque
1550 4278 1672 4316 cum
1708 4260 1772 4315 l5
1804 4259 2019 4314 milibus
2048 4274 2137 4311 ar-

568 4355 714 4423 genti
746 4356 1096 4424 ponderibus,
1145 4364 1200 4409 et
1248 4355 1533 4425 episeopos
1567 4368 1689 4406 cum
1749 4353 1813 4405 1'2
1844 4351 2059 4405 utilibus
2088 4358 2142 4403 et

2244 1906 2369 1961 spes
2395 1897 2593 1960 optatae
2610 1890 2753 1945 venit
2782 1891 3043 1967 victoriae;
3068 1891 3160 1948 se.‘
3188 1892 3465 1967 vulnerati
3484 1903 3685 1966 sponte
3708 1896 3819 1950 dis-

2244 1989 2551 2045 ccsccrunt,
2572 1980 2673 2036 hoc
2702 1980 2876 2037 solum
2897 1993 3193 2053 sentientes,
3224 1985 3381 2054 quod,
3396 1985 3487 2045 sic
3509 1984 3759 2044 fortuitis
3778 1989 3827 2043 id

2244 2073 2439 2129 accidit
2466 2072 2699 2145 casibus.
2733 2073 2894 2129 Nobis
2947 2087 3126 2131 autem
3161 2078 3429 2146 scriptura
3461 2076 3623 2147 (δην.
3654 2095 3723 2147 ιι,
3751 2082 3830 2149 2.)

2242 2166 2494 2235 prohibet
2542 2164 2765 2223 credere
2813 2164 2985 2223 fatum
3036 2168 3149 2241 vel;
3179 2184 3365 2235 casum
3421 2170 3639 2240 aliquid
3692 2189 3830 2227 esse.

2244 2258 2378 2312 Dani
2400 2302 2405 2309 .
2430 2248 2558 2312 tunc
2589 2257 2700 2322 “°’,
2753 2260 3001 2328 quamvis
3032 2260 3327 2329 imbecilles
3355 2302 3371 2325 ,
3411 2263 3595 2317 socias
3652 2274 3831 2318 tanien

2244 2363 2407 2402 naves
2450 2349 2691 2414 visitant;
2743 2359 2799 2404 et
2836 2350 3221 2420 intelligentes,
3276 2350 3396 2406 urbi
3450 2352 3715 2409 solatium
3762 2356 3832 2407 ab

2241 2437 2585 2496 Ethelsteno
2636 2442 2926 2511 superstite
2966 2451 3020 2497 et
3063 2441 3333 2496 Britannis
3358 2444 3715 2499 venientilms
3756 2444 3836 2498 af-

2243 2530 2395 2595 ferri,
2424 2534 2687 2588 truncatis
2719 2534 2812 2568 ¹⁶¹⁹
2860 2526 3159 2598 obsidibus,
3184 2594 3189 2603 λ
3214 2533 3449 2603 fugiunt.
3481 2534 3551 2589 Et
3580 2536 3833 2592 destruat

2241 2639 2336 2677 eos
2359 2635 2517 2693 atque
2543 2624 2819 2695 disperdat
2843 2635 3117 2695 protector
3142 2625 3197 2679 in
3220 2641 3278 2681 se
3295 2628 3639 2695 sperantium
3666 2626 3828 2691 Dens,

2244 2728 2309 2768 ne
2338 2728 2591 2784 umquam
2620 2714 2780 2769 Solito
2805 2715 2909 2769 hiis
2929 2714 3011 2785 vel
3037 2715 3156 2769 aliis
3182 2724 3415 2771 noceant
3443 2716 3735 2775 ﬁdelibus!
3774 2717 3828 2770 In

2241 2804 2517 2873 ereptione
2569 2805 2805 2859 civitate
2861 2802 3004 2861 illius
3055 2804 3401 2876 gaudeamus,
3433 2817 3491 2860 et
3539 2806 3596 2860 in
3626 2817 3829 2862 extero

2244 2895 2549 2965 lugeamus.
3785 2952 3793 2963 .

2312 2990 2399 3045 29.
2442 2989 2665 3061 Pcrrepi
2711 3005 2924 3062 quoque
2973 3007 3004 3046 a
3057 2990 3224 3046 relatu
3286 2992 3515 3062 predicti
3580 2991 3822 3046 hominis

2245 3080 2474 3136 Sewaldi
2501 3079 2701 3137 factum
2732 3081 3043 3137 miserabile
3088 3097 3152 3138 ac
3202 3080 3404 3137 idcirco
3438 3083 3826 3150 memorabile,

2242 3174 2381 3241 quod
2412 3172 2615 3242 perﬁda
2653 3174 3143 3227 IOirtlnnaunornm
3188 3187 3401 3237 manus,
3432 3173 3576 3230 duce
3623 3173 3698 3227 ad
3725 3174 3829 3228 hoc

2241 3260 2523 3327 Tlturkilo,
2573 3260 2978 3317 Cantuarm‘m
3027 3260 3265 3327 civitatis
3310 3261 3557 3333 egreiuin
3608 3263 3828 3317 antisti-

2244 3360 2374 3417 tcm,
2409 3352 2647 3409 Diuten
2678 3351 2769 3384 ¹⁶²¹
2800 3350 3018 3409 nomine
3058 3350 3227 3423 (395),
3258 3366 3379 3407 cum
3426 3353 3648 3406 caeteris
3673 3367 3830 3421 cape-

2244 3451 2393 3505 rent,
2422 3446 2476 3495 e‘.
2521 3441 2747 3495 vinculis
2792 3450 2849 3495 et
2898 3440 3073 3494 inedia
3130 3455 3194 3494 ac
3224 3438 3477 3493 inelIabili
3510 3455 3678 3508 plena
3714 3439 3826 3501 ⁸⁸³³,

2244 3546 2394 3584 more
2416 3530 2478 3601 (Γ.
2513 3529 2649 3602 160')
2680 3546 2777 3585 suo
2810 3529 3063 3596 nefando,
3095 3529 3532 3601 constringerent
3566 3528 3684 3582 ωδ.
3732 3528 3829 3583 Hic

2245 3620 2479 3675 humana
2527 3632 2705 3675 mutus
2736 3621 3029 3693 iragilitate
3051 3663 3065 3685 ,
3115 3624 3394 3692 pecuniam
3422 3624 3507 3676 eis
3532 3624 3825 3693 promittit,

2254 3719 2308 3765 et
2338 3711 2406 3764 ad
2432 3710 2572 3765 hanc
2601 3712 2998 3783 impetrandam
3049 3712 3143 3744 ¹⁶²⁸
3192 3713 3434 3768 inducias
3458 3715 3671 3784 posuit,
3700 3715 3825 3769 utsi

2245 3802 2299 3858 in
2324 3803 2431 3858 hiis
2470 3803 2791 3873 acceptabili
2830 3802 3202 3874 redemptione
3237 3814 3466 3860 mortem
3515 3816 3825 3863 momenta.

2244 3908 2399 3948 ncam
2445 3893 2675 3948 evadere
2726 3895 3078 3963 nequivisset,
3106 3904 3276 3950 semet
3325 3895 3498 3966 ipsum
3529 3898 3828 3965 gemitibus

2242 3984 2454 4040 crebris
2478 3983 2695 4037 interim
2721 3994 2999 4054 purgaret,
3027 3985 3263 4039 hostiam
3295 3984 3521 4041 Domino
3545 3988 3733 4041 vivam
3761 3986 3827 4041 ad

2244 4075 2653 4131 immolandum.
2689 4072 3003 4130 Transactis
3049 4084 3177 4130 tunc
3220 4074 3473 4131 omnibus
3521 4078 3826 4147 designatis

2245 4166 2580 4236 temporibus
2601 4205 2616 4230 ,
2650 4181 2815 4219 vorax
2849 4166 3090 4236 picurum
3144 4165 3384 4219 caribdis
3435 4165 3527 4218 Dei
3557 4164 3821 4220 liunulurn

2240 4266 2454 4323 evocat,
2487 4264 2543 4312 et
2572 4255 2669 4311 sibi
2694 4256 3019 4326 promissum
3072 4253 3328 4310 celeriter
3374 4256 3613 4326 persolvi
3652 4258 3827 4311 tribu-

2244 4357 2381 4413 tum,
2425 4346 2709 4401 minaciter
2758 4345 3011 4417 postulat.
3067 4346 3132 4400 Et
3170 4345 3257 4399 ille
3293 4356 3351 4399 ut
3404 4347 3554 4401 mitis
3610 4363 3825 4419 agnus:

568 4447 823 4501 omnibus
850 4447 1030 4502 loricis
1058 4488 1073 4511 ,
1122 4463 1351 4517 quarum
1384 4447 1530 4502 milia
1576 4446 1645 4500 24
1678 4459 1932 4500 numerus
1964 4444 2139 4497 incre-
2172 4477 2217 4536 υ
2247 4437 2432 4492 Presto
2461 4454 2599 4499 sum,
2628 4438 2823 4506 inquit,
2875 4448 3099 4507 paratus
3152 4436 3223 4490 ad
3273 4437 3450 4489 omnia
3485 4452 3607 4506 qua
3656 4439 3713 4491 in
3750 4454 3827 4490 me

570 4536 754 4590 dibilis
773 4547 913 4601 erat,
969 4538 1253 4601 redimere,
1284 4548 1339 4593 et
1375 4537 1439 4592 ad
1502 4538 1615 4591 haec
1667 4534 1933 4605 speranda
1991 4532 2138 4585 500”

569 4627 786 4689 obsides
809 4630 1009 4683 electos
1036 4629 1167 4683 dare
1200 4629 1479 4691 voluisset,
1510 4627 1612 4682 sibi
1641 4624 1847 4680 tantum
1868 4624 2139 4692 sociisque

568 4717 766 4775 suimet
796 4732 979 4789 pacem
1009 4735 1130 4775 cum
1185 4721 1291 4773 vita
1317 4719 1539 4789 adipisci
1595 4717 1885 4788 potuisset;
1919 4715 2001 4770 sin
2043 4721 2168 4768 au-'

2246 4547 2382 4584 nunc
2406 4531 2707 4599 presnmitis
2732 4529 2941 4598 facere;
2974 4547 3033 4583 ac
3058 4528 3251 4584 Citriin
3288 4544 3491 4591 arnore,
3525 4537 3581 4580 ut
3608 4545 3825 4581 suorum

2244 4636 2447 4675 merear
2470 4621 2587 4690 ﬁeri
2607 4619 2900 4688 exemplum
2930 4635 3217 4683 servorum,
3243 4635 3345 4672 non
3374 4635 3494 4672 sum
3526 4619 3687 4672 hodie
3709 4627 3827 4670 ur-

2245 4714 2417 4767 batns.
2448 4711 2602 4778 Quod
2634 4714 2773 4768 vobis
2800 4718 3030 4767 mendax
3063 4714 3258 4779 videor,
3288 4730 3394 4768 non
3416 4728 3539 4767 mea
3562 4712 3825 4770 voluntas.

1866 4850 2101 4908 VARIJE
2134 4849 2532 4908 LECTIONES.

642 4972 735 5008 'm
757 4972 959 5035 esaiam
1001 4987 1137 5025 corr.
1175 4970 1363 5025 isaiam
1398 4969 1444 5041 l.
1521 4971 1613 5003 ¹⁶⁰⁸
1646 4968 1834 5044 melior
1864 4968 1976 5044 lo._
2030 4963 2350 5046 _““_ji_i_uito
2382 4967 2743 5046 corr._.o_mi_to
2766 4967 2828 5046 _l.

3398 4967 3495 5046 ’“_'
3522 4971 3711 5046 canuit
3744 4971 3824 5024 la.
