4048 5368
149 293 289 353 1385
1430 277 1826 337 CHRONICON

152 413 245 469 sed
269 410 390 463 dira
427 407 578 478 eﬂicit
617 407 741 460 mihi
785 404 877 436 ¹⁶¹⁶
915 412 1131 473 egestas.
1175 399 1378 468 Corpus
1417 400 1512 452 hoc
1549 415 1748 462 meum,
1782 403 1828 462 Α

156 504 298 575 φιοτί
321 502 374 555 ῖη
396 500 492 554 hoc
508 501 665 553 exilio
687 515 842 568 supra
869 497 1077 550 modum
1104 495 1290 556 dilexi,
1318 493 1456 547 vobis
1483 491 1741 562 culpabile

156 594 324 666 oﬂ'ero
346 634 361 658 ,
398 607 447 646 et
493 592 619 662 quid
655 589 770 621 “"‘
803 589 868 642 de
889 605 949 642 eo
976 588 1286 656 f.:cictis,iu
1308 596 1478 638 vestra
1511 601 1621 639 esse
1650 600 1742 653 po-

178 695 364 750 estate,
417 699 707 753 cognosco;
761 681 993 734 animum
1047 690 1223 732 autem
1255 675 1740 746 meimetpeccotri-

154 794 267 832 cem
291 776 528 830 Creatori
554 773 783 828 omnium
803 813 818 837 ,
851 789 938 826 eos
967 789 1068 824 non
1119 772 1498 841 respicientem,
1529 767 1745 838 supplex

157 869 254 900 “‘7
283 868 574 920 committo.
609 863 764 918 Talia
789 863 1097 932 loquentem
1146 859 1498 931 profanorum
1554 874 1744 928 agmen

155 960 403 1023 vallavit,
430 966 486 1013 et
525 957 741 1011 diversa
787 956 934 1010 hunc
982 954 1049 1007 ad
1104 951 1544 1006 interﬁciendum
1594 964 1746 1002 arma

157 1051 429 1122 congerit.
458 1049 614 1116 Quod
638 1063 759 1103 cum
791 1062 979 1102 eorum
1021 1047 1125 1100 dux
1159 1044 1252 1075 ¹⁶⁸⁸
1275 1042 1498 1097 Thurcil
1531 1057 1558 1094 a
1587 1040 1749 1110 longe

167 1142 418 1204 vidisset,
448 1139 703 1195 celeriter
724 1151 1016 1193 occurrens
1044 1154 1057 1189 :
1089 1134 1190 1199 Ne,
1215 1151 1392 1206 queso,
1421 1133 1495 1187 sic
1514 1131 1750 1201 faciatis!

158 1233 307 1289 inﬁt.
338 1237 542 1286 Aurum
576 1241 625 1285 et
657 1241 955 1300 argentum,
1003 1240 1049 1298 et
1080 1245 1230 1283 omne
1263 1228 1400 1297 quod
1451 1227 1539 1280 hic
1586 1226 1749 1278 habeo

158 1327 241 1381 vel
275 1328 380 1380 ullo
405 1328 556 1380 modo
581 1327 849 1394 acquirere
895 1338 1103 1393 possunt
1131 1364 1144 1386 ,
1185 1331 1395 1390 excepta
1452 1320 1569 1372 nari
1616 1316 1750 1381 sola,

159 1435 231 1473 ue
270 1420 324 1472 in
350 1419 600 1472 christum
632 1417 843 1472 Domini
871 1415 1117 1484 peccetis,
1162 1413 1337 1466 libenti
1381 1412 1558 1464 animo
1609 1409 1752 1463 vobis

160 1511 411 1564 erunibus
448 1511 620 1564 trado.
657 1509 790 1562 Tam
814 1506 956 1561 dulci
983 1506 1147 1561 aifatu
1175 1506 1443 1559 inlrenata
1477 1503 1752 1557 sociorum

162 1602 276 1667 ira,
308 1602 454 1658 ferro
489 1603 715 1658 etsaxis
739 1601 946 1667 durior,
992 1615 1100 1654 non
1148 1599 1407 1661 mollitur,
1461 1595 1555 1651 sed
1586 1592 1756 1648 etl'uso

166 1693 452 1749 innocenti
504 1695 767 1765 sanguine
821 1694 1116 1764 placatur,
1169 1706 1327 1760 quem
1393 1687 1756 1744 communiter

164 1788 439 1856 capitibus
460 1788 622 1842 boum
673 1797 730 1841 et
760 1786 1022 1840 imbribus
1045 1783 1280 1854 lapidum
1303 1793 1463 1852 atque
1492 1781 1758 1851 lignorum

168 1877 448 1934 inlusione
478 1879 538 1953 (Γ.
570 1878 691 1949 161)
717 1879 963 1948 protinus
988 1874 1290 1930 ellundunt.
1337 1875 1486 1928 Inter
1523 1883 1599 1928 tot
1649 1871 1760 1928 frc-

166 1973 438 2026 lnentium
471 1971 700 2042 impetus
729 1971 930 2041 potitus
949 1968 1138 2024 estHm
1158 1967 1367 2022 coal-esti
1398 1965 1759 2035 iucunditate,

163 2063 391 2134 (rt-signi
412 2065 690 2134 sequentis
718 2063 948 2118 etlieatia
971 2062 1063 2092 ¹⁶³⁰
1079 2059 1591 2132 protinustestatur.
1615 2058 1764 2114 Unus

166 2171 413 2225 mmque
467 2155 607 2210 inter
637 2155 976 2226 primicerios
1001 2153 1258 2208 membris
1289 2152 1516 2207 elIectus
1549 2151 1762 2215 debilis,

165 2247 396 2316 agnovit
441 2247 492 2301 in
530 2247 851 2316 semetipso,
885 2244 1028 2316 quod
1076 2245 1300 2314 deliquit
1338 2245 1390 2298 in
1419 2244 1621 2299 Christi
1654 2244 1764 2299 cle-

165 2348 290 2405 cto,
318 2340 738 2410 sicutscriptum
763 2349 880 2394 est:
909 2339 1043 2393 Mihi
1078 2339 1385 2401 vindictam,
1411 2348 1457 2390 et
1487 2353 1578 2407 ego
1612 2338 1767 2391 retri-

163 2431 504 2494 buam,dicit
545 2431 802 2485 Dominus
833 2430 1008 2502 (Rom.
1045 2446 1152 2493 xu,
1187 2430 1297 2499 19).
1341 2430 1396 2483 ln
1431 2431 1532 2484 hoc
1563 2429 1768 2483 Christi

168 2521 375 2575 adleta:
409 2523 682 2593 triumpho
715 2523 897 2577 miseri
945 2523 1186 2593 ejusdem
1233 2531 1613 2592 persecutores
1674 2523 1768 2576 de-

169 2615 335 2681 victi,
402 2617 570 2670 Deum
605 2625 658 2672 et
703 2617 990 2686 pecuniam
1044 2632 1077 2671 a
1122 2617 1256 2670 duce
1289 2616 1377 2646 ¹⁶⁸¹
1425 2615 1625 2670 suimet
1667 2615 1770 2669 sibi

169 2709 473 2773 exibimm,
501 2717 559 2763 et
603 2709 669 2763 ad
698 2710 974 2774 ultimum,
1015 2709 1120 2763 nisi
1174 2709 1500 2778 resipiscant
1551 2707 1771 2762 satisfa-

167 2800 414 2867 cientes,
436 2802 790 2871 perdiderunt
820 2803 1082 2864 animam,
1107 2809 1161 2856 et
1187 2801 1274 2856 ille
1295 2816 1416 2855 cum
1437 2799 1591 2865 stola,
1619 2801 1772 2854 inno-

174 2895 370 2948 centia
396 2895 592 2949 mentis
617 2903 670 2949 et
697 2895 942 2966 corporis
973 2895 1238 2949 hactenus
1271 2894 1540 2959 dealbata,
1573 2904 1629 2949 et
1657 2903 1773 2948 tum

182 2985 286 3018 *δ”
316 2985 481 3040 rubro
516 2986 741 3042 intincta
765 2987 1052 3057 sanguine,
1085 2985 1326 3040 divinum
1361 2986 1592 3055 placavit
1617 2987 1776 3041 obtu-

173 3086 326 3131 tum.
368 3077 523 3133 llunc
551 3080 974 3134 intercessorem
1030 3095 1128 3132 nos
1158 3087 1475 3149 peccatores
1523 3079 1778 3148 precibus
1807 3099 1852 3162 ρ

172 3170 425 3226 assiduis
457 3173 820 3241 acquiramus,
870 3181 926 3227 et
975 3171 1117 3242 apud
1149 3171 1484 3241 majestatem
1539 3171 1777 3226 divinam

176 3264 484 3335 plurimum
508 3249 690 3320 valere
717 3251 1028 3320 credamus.

253 3356 351 3410 50.
393 3355 450 3410 ln
483 3373 644 3427 supra
689 3357 975 3412 memorati
1030 3357 1259 3412 circuitu
1298 3357 1388 3388 ⁸⁸³³
1435 3357 1562 3411 anni
1599 3356 1780 3428 (1016)

174 3463 314 3518 quae
339 3447 478 3502 mala
511 3448 841 3504 Christicolis
861 3450 1069 3518 peccati
1114 3450 1311 3504 vindex
1360 3449 1634 3505 bissextus
1687 3451 1779 3482 ⁸⁶³⁸

180 3539 458 3606 intulerit,
492 3556 597 3596 non
621 3523 735 3596 sine
757 3541 910 3612 gravi
967 3557 1184 3597 merere
1228 3543 1494 3596 edissere.
1525 3541 1781 3612 Megalia-

185 3635 338 3705 burg
383 3651 411 3688 a
467 3634 783 3689 Bernhardo
833 3635 1150 3690 marchione
1203 3631 1352 3706 (894)
1396 3651 1518 3688 cum
1586 3650 1781 3704 magna

181 3725 547 3782 multitudine
587 3728 860 3796 appetitur
913 3727 967 3780 in
1012 3736 1195 3792 nocte,
1234 3735 1289 3780 et
1319 3726 1390 3780 ibi
1420 3726 1574 3780 miles
1601 3727 1786 3780 archi-

177 3817 437 3886 episcopi
480 3819 742 3874 innocens
789 3818 1002 3889 capitur
1046 3827 1104 3874 et
1150 3818 1289 3873 alter
1317 3817 1632 3872 vulneratur
1669 3820 1780 3874 “3’.

178 3908 402 3975 Quarta
431 3908 555 3965 ldus
580 3910 863 3967 Februarii
910 3919 964 3966 et
1002 3913 1055 3966 in
1094 3911 1128 3965 6
1177 3910 1314 3966 feria
1365 3913 1782 3982 subsequnturre

187 4001 292 4033 ⁸⁵³⁸
319 4003 472 4071 signa
503 4004 756 4067 miseriae.
784 4005 840 4060 in
886 4005 1003 4076 ipso
1044 4006 1224 4061 noctis
1259 4007 1608 4077 crepusculo,
1637 4009 1781 4062 toni-

185 4103 322 4148 trua
365 4111 488 4148 cum
531 4095 842 4152 fulminibus
895 4107 952 4153 et
995 4100 1204 4168 magnis
1251 4099 1666 4168 tempestatibus
1728 4101 1782 4156 in

185 4185 434 4240 diversis
462 4187 708 4240 nocentia
761 4187 892 4242 locis
936 4187 1250 4243 terribiliter
1297 4191 1600 4244 intonuere.
1653 4189 1783 4256 Qui-

184 4272 326 4326 dam
353 4286 588 4339 namque
611 4272 902 4328 eonfractis
929 4288 960 4328 a
1002 4273 1093 4327 tali
1119 4275 1326 4344 impetu
1352 4275 1601 4330 domibus
1630 4276 1783 4331 obie-

185 4371 354 4426 runt,
391 4361 480 4415 alii
515 4373 694 4416 autem
721 4363 990 4419 vulnerati
1024 4365 1112 4419 vix
1166 4376 1398 4422 mortem
1445 4382 1690 4424 evasere.
1719 4369 1778 4424 ln

189 4453 364 4508 silvis
400 4454 716 4510 cadentibus
763 4472 1014 4526 magnum
1054 4471 1267 4525 qumpte
1293 4457 1493 4512 accidit
1528 4459 1784 4513 damnum
1817 4450 1864 4508 D

187 4545 381 4618 (895).
415 4547 690 4604 Palatinus
729 4564 914 4604 comes
942 4548 1288 4605 Bernhardus
1317 4550 1538 4618 paralisi
1585 4567 1780 4620 percu-

187 4639 340 4693 titur
401 4637 513 4692 “3'.
563 4639 620 4694 ln
677 4640 998 4710 provincia,
1051 4656 1173 4710 qua:
1227 4640 1505 4712 Hasscgun
1565 4641 1786 4707 dicitur,

1791 1751 1835 1810 Β

1835 321 1848 333 .
1878 311 1942 319 -
1977 277 2103 333 Lm.
2149 276 2256 332 vn.
2489 249 2493 252 ’
3287 247 3438 324 uso

1860 397 1890 450 l
1925 395 2492 464 conl'ratres,qnorum
2521 391 2638 446 hmc
2662 399 2786 444 sunt
2817 388 3032 442 nomina
3068 403 3080 440 :
3118 385 3272 446 .rlilli,
3306 385 3415 440 Bur

1843 487 2027 544 chard.
2059 486 2314 540 Thiedrie
2338 496 2392 539 et
2413 483 2620 554 Poppo,
2648 499 2676 537 a
2700 482 2932 552 quodam
2964 480 3152 541 libero,
3182 480 3271 548 qui
3297 477 3419 542 Berg

1848 579 2153 642 dicebatur,
2189 578 2358 631 milite
2385 576 2528 631 bono
2554 617 2567 638 ,
2603 590 2732 645 sepe
2772 573 3068 642 contempti
3113 571 3231 634 ³⁸³⁸,
3271 570 3426 626 colle.

1846 671 1950 725 ctis
1978 671 2281 740 agminibus
2305 670 2573 724 irruentes
2601 668 2653 722 in
2677 683 2824 731 eum,
2855 683 2962 721 non
3003 665 3180 718 minus
3208 664 3268 736 (Γ.
3307 663 3433 733 161)

1839 777 2014 832 ‘qnam
2068 761 2213 816 viros
2269 761 2376 836 100
2430 768 2672 815 scutatos
2734 759 3028 814 habentem
3074 759 3438 828 perimerunt,

1850 853 2124 908 nonnullis
2149 854 2525 922 utrimque‘“9
2539 852 2950 922 oppecientibus
2979 850 3124 921 (896)
3144 849 3276 921 (Jul.
3323 849 3441 919 26).

1919 944 2011 999 3i.
2058 945 2112 997 In
2156 943 2534 1014 Longabardia
2594 942 2854 998 Saraceni
2899 941 3115 1010 navigio
3160 941 3444 995 venientes

1853 1038 2061 1093 Lunam
2093 1039 2367 1092 civitatem
2394 1037 2542 1107 (897)
2568 1035 2753 1107 fugato
2789 1047 3011 1108 pastore
3061 1034 3340 1098 invadunt,
3387 1040 3437 1087 et

1853 1147 1976 1185 cum
2008 1131 2250 1200 potentia
2287 1146 2355 1185 ac
2384 1131 2680 1186 securitate
2728 1132 2862 1184 lines
2911 1129 3054 1182 illius
3099 1127 3334 1198 regionis
3363 1127 3445 1180 in-

1855 1226 2120 1290 habitant,
2135 1235 2190 1280 et
2205 1226 2463 1280 uxoribus
2491 1224 2790 1279 incolarum
2814 1224 3130 1277 abutuntur.
3146 1221 3298 1288 Quod
3316 1236 3439 1275 cum

1856 1320 2055 1375 domno
2072 1320 2395 1392 apostolico,
2427 1319 2646 1375 nomine
2675 1318 2986 1383 Benedicto,
3013 1318 3154 1372 fama
3183 1302 3444 1378 tlel'erret.

1859 1428 2047 1467 omnes
2069 1423 2270 1468 sancta:
2295 1413 2487 1468 matris
2537 1411 2797 1468 aecclesiae
2847 1419 2956 1466 tam
2989 1419 3228 1466 rectores
3277 1426 3442 1480 quam

1859 1503 2176 1560 defensores
2196 1519 2554 1575 congregans,
2607 1514 2761 1574 rogat
2810 1519 2871 1558 ac
2899 1504 3146 1573 precipit,
3179 1512 3238 1556 ut
3267 1503 3449 1557 inimic

1861 1609 1958 1650 eos
2003 1595 2205 1650 Christi
2259 1597 2389 1651 talia
2440 1606 2815 1666 presumcntes
2872 1597 3106 1651 viriliter
3136 1611 3326 1652 secum
3374 1597 3430 1650 in

1863 1695 2199 1758 rumperent,
2231 1697 2308 1755 et,
2340 1689 2633 1758 adjuvante
2659 1689 2904 1750 Domino,
2935 1687 3267 1743 occiderent.
3294 1687 3422 1742 lnsu

1864 1799 1960 1852 per
1994 1783 2322 1838 inella‘uilem
2367 1784 2586 1838 navium
2621 1783 3021 1838 multitudinem
3057 1782 3221 1837 tacito
3251 1781 3455 1853 premi-

1865 1877 1954 1942 sit,
1987 1889 2107 1946 qua:
2161 1877 2242 1932 eis
2291 1876 2550 1932 redeundi
2598 1875 3014 1945 possibilitatem
3079 1875 3448 1943 interciperet.

1870 1966 1984 2022 lloc
2015 1983 2110 2022 rex
2133 1968 2442 2024 Saracenos
2487 1969 2947 2034 animadvertetis,
2991 1968 3170 2038 primo
3207 1967 3460 2033 indigna-

1869 2071 1976 2125 tur,
1996 2070 2050 2114 ct
2075 2061 2290 2116 tandem
2331 2060 2418 2092 “"°
2443 2062 2630 2131 paucis
2652 2063 2938 2115 comitatus
2965 2060 3212 2115 navicula
3242 2060 3457 2128 pericu-

1867 2149 1974 2207 lum
2001 2154 2290 2210 imminens
2315 2156 2516 2218 evasit;
2545 2155 2626 2208 sui
2653 2170 2784 2209 vero
2819 2169 3008 2208 omnes
3033 2152 3379 2216 conveniunt,
3412 2159 3468 2207 et

1869 2248 2226 2302 adventantes
2283 2248 2434 2317 prius
2485 2249 2694 2302 irruunt
2743 2249 2948 2311 hostes,
2999 2261 3202 2316 eosque
3232 2260 3356 2300 ιι.οι
3381 2244 3467 2300 lu-

1870 2342 2100 2412 gientes.
2155 2343 2462 2397 miserabile
2511 2342 2677 2405 dit-tu,
2705 2341 2738 2393 5
2761 2341 2878 2394 dies
2911 2347 2964 2393 ct
2994 2350 3182 2393 noces
3222 2348 3468 2408 prester-

1872 2444 2024 2488 nunt.
2058 2435 2321 2504 Respexit
2346 2435 2562 2488 tandem
2593 2435 2754 2506 Deus,
2797 2433 2998 2503 gemitu
3041 2433 3249 2499 piorum
3288 2432 3469 2501 placa-

1874 2534 1982 2591 tus,
2008 2536 2061 2579 et
2091 2527 2336 2579 odientes
2397 2541 2454 2580 se
2501 2525 2706 2594 fugavit
2736 2524 2865 2578 etin
2902 2531 3111 2577 tantum
3155 2523 3377 2586 devicit,
3412 2535 3470 2576 ut

1874 2632 1976 2671 nec
2013 2633 2118 2671 uno
2152 2618 2217 2671 de
2265 2618 2371 2672 hiis
2409 2617 2620 2679 relicto,
2651 2615 3056 2670 interfectorum
3085 2623 3141 2669 ct
3167 2617 3466 2670 eorundem

1875 2709 2172 2778 spoliorum
2224 2711 2626 2766 nmltitudinem
2658 2712 2893 2767 victores
2930 2729 3218 2768 numerare
3276 2713 3471 2782 nequi-

1877 2812 2016 2857 rent.
2052 2804 2202 2858 Tunc
2257 2805 2442 2875 regina
2497 2820 2686 2858 eorum
2737 2815 2915 2875 capta,
2969 2807 3154 2861 ob1m
3187 2807 3470 2861 audaciam

1877 2893 1981 2945 viri
2012 2894 2157 2963 (898)
2191 2895 2367 2963 capite
2402 2893 2676 2962 plectitur.
2707 2893 2913 2950 Aurum
2938 2897 3189 2967 capitale,
3228 2897 3472 2963 ejusdem

1879 2994 2284 3049 ornamentum,
2329 2987 2564 3042 invicem
2614 2998 2971 3063 geminatum,
3027 3006 3165 3060 papa
3222 2991 3321 3045 sibi
3380 3006 3476 3060 pro

1884 3078 2092 3132 eteteris
2113 3079 2436 3144 vcndicavit,
2488 3089 2716 3150 postque
2759 3082 3071 3152 imperatori
3112 3100 3264 3138 suam
3301 3092 3477 3139 trans-

1886 3170 2034 3224 misit
2070 3178 2300 3238 psrtem,
2339 3186 2462 3240 qua:
2487 3172 2632 3227 mille
2656 3172 2811 3228 libris
2833 3175 3266 3244 computabatur.
3295 3174 3478 3230 Divisa

1883 3261 2030 3315 o::.ni
2084 3262 2272 3331 preda,
2331 3263 2528 3320 victrix
2577 3266 2732 3320 turba
2767 3265 2888 3322 heta
2933 3275 3114 3322 mente
3160 3267 3226 3322 ad
3258 3270 3474 3339 propria

1888 3352 1946 3423 (l‘.
1983 3354 2106 3424 162)
2151 3356 2461 3418 revertitur,
2516 3366 2573 3411 et
2619 3358 2976 3430 triumphanti
3014 3359 3234 3416 Christo
3287 3361 3479 3432 dignis

1884 3448 2220 3516 persolverat
2246 3450 2398 3505 edas.
2425 3450 2540 3505 Rex
2574 3460 2753 3506 autem
2786 3454 3079 3524 predictus,
3127 3464 3300 3510 morte
3345 3472 3477 3509 con-

1880 3535 2026 3607 jugis
2055 3547 2108 3592 et
2135 3540 2407 3596 sociorum
2458 3542 2748 3598 admodum
2793 3545 3063 3610 turbatus,
3099 3560 3312 3600 summa
3344 3561 3476 3615 pon-

1889 3629 2018 3682 tiﬁci
2069 3645 2286 3684 saccum
2350 3634 2623 3688 castaneis
2675 3635 2934 3691 refertum
3002 3636 3251 3697 remisit,
3303 3648 3354 3691 et
3383 3653 3481 3708 per

1889 3722 2030 3778 hunc
2081 3724 2422 3792 portitorem,
2476 3733 2553 3779 tot
2613 3740 2670 3780 se
2709 3727 2760 3780 in
2789 3728 3036 3797 proxima
3065 3737 3236 3783 estate
3277 3730 3480 3785 niilitts

1887 3813 1989 3869 sibi
2017 3829 2137 3892 esse
2163 3814 2392 3880 laturos,
2424 3817 2715 3872 intiniavit.
2754 3818 3013 3890 Percepta
3054 3821 3154 3876 hac
3183 3819 3477 3891 legatione,

1887 3924 2023 3980 papa
2086 3912 2458 3982 marsuppium
2489 3913 2720 3967 eundem
2753 3913 2870 3977 κδ’,
2935 3914 3086 3969 milio
3112 3915 3351 3985 plenum,
3397 3917 3480 3971 in-

1888 4005 2166 4058 ternuntio
2227 4004 2424 4059 talibus
2479 4005 2638 4059 dictis
2695 4005 2975 4060 reddidit:
3027 4005 3086 4060 Si
3125 4023 3228 4061 non
3259 4009 3483 4079 suﬁciat

1887 4095 1985 4150 sibi
2043 4095 2384 4166 apostolicam
2435 4097 2564 4150 satis
2615 4096 2812 4152 lcesisse
2856 4098 3027 4151 dotem
3085 4098 3196 4162 “‘3,
3254 4100 3482 4153 secundo

1884 4190 2051 4244 veniat
2079 4200 2125 4242 et
2157 4198 2230 4242 tot
2263 4188 2506 4243 loricatos
2537 4190 2613 4244 rel
2651 4189 2769 4258 plus
2794 4206 2848 4244 se
2872 4189 2956 4244 hic
3005 4191 3336 4244 inventurum
3385 4208 3482 4259 pro

1885 4289 2024 4340 certo
2054 4282 2185 4334 sciat
2215 4278 2398 4351 (Prov.
2451 4295 2560 4345 xvr,
2589 4280 2665 4351 9).
2703 4282 2876 4336 Homo
2907 4282 3108 4351 cogitat
3135 4290 3190 4338 et
3217 4283 3483 4352 loquitur,

1900 4371 2304 4443 Deusjudicat;
2343 4389 2503 4443 quem
2530 4374 2841 4444 supplici:or
2871 4391 2906 4446 q
2930 4375 3102 4444 :isqve
3133 4375 3307 4432 lidtlis
3343 4387 3486 4443 oret,

1890 4472 1951 4517 ut
1982 4464 2140 4519 talem
2172 4465 2384 4536 plagam
2410 4466 2835 4522 misericorditer
2881 4477 3126 4522 amoveat
3155 4478 3209 4523 et
3238 4482 3490 4524 necessa-

1893 4555 2027 4609 riam
2054 4565 2251 4625 optata:
2278 4556 2428 4626 pacis
2459 4558 2804 4613 secari.a'.e.n
2831 4560 2952 4629 pius
2975 4559 3268 4630 indulgeat.

1967 4645 2055 4700 52.
2095 4647 2152 4703 In
2183 4649 2378 4714 insula,
2429 4664 2550 4720 qua:
2578 4649 2778 4705 dicitur
2822 4652 2991 4723 Augia
3017 4651 3133 4717 ωδ,
3189 4651 3256 4707 17
3289 4650 3500 4706 Kalen.

1484 4789 1718 4845 V’Aerﬁ
1760 4782 2161 4847 LECTIONES.

280 4893 384 4935 im
416 4900 544 4954 add.
588 4902 668 4956 ib.
821 4901 934 4933 ιω·
960 4904 1030 4971 qd
1071 4903 1120 4956 ι.

193 4977 280 5031 tia
311 4974 362 5026 1.
447 4971 542 5042 ¹⁶³¹ν
572 4973 691 5027 dttci
725 4973 777 5026 1.
868 4971 959 5002 ¹⁶³’
995 4972 1038 5032 ἦ
1071 4974 1118 5028 1.
1162 4990 1311 5026 eraso
1337 4976 1508 5042 primo
1532 4979 1569 5024 t.
1655 4975 1745 5006 ⁸⁵³³
1767 4974 1888 5030 cirit

186 5047 330 5098 add.
367 5042 453 5096 ib.
533 5041 622 5075 ⁸⁸³⁸
651 5045 977 5110 ευὺεεφυτε
1007 5046 1054 5096 1.

193 5117 287 5170 Ia.
375 5112 469 5143 ¹⁶³⁰
501 5128 554 5181 p.
585 5111 621 5165 i.
652 5129 703 5166 e.
741 5120 782 5164 t.
819 5111 941 5163 add.
974 5113 1057 5168 ib.
1134 5114 1221 5144 ’⁸⁸⁸
1253 5114 1391 5170 deest
1428 5117 1474 5168 1.
1516 5114 1750 5172 audacia
1777 5117 1874 5170 viri

187 5185 410 5240 lsesisse
438 5182 618 5237 sedem
645 5183 696 5237 2.
782 5181 871 5212 ¹⁸δ³
898 5193 1092 5253 augeat
1130 5187 1213 5238 to.

1201 4903 1290 4933 ⁸⁸⁸⁷
1317 4903 1504 4971 suplex
1547 4903 1805 4956 commito
1835 4903 1883 4956 1.

1135 5045 1222 5075 '6"
1247 5042 1304 5095 P.
1334 5060 1383 5100 c,
1423 5045 1482 5098 Β.
1518 5057 1568 5110 p.
1598 5057 1656 5110 ρ.
1709 5044 1834 5098 add.
1863 5045 1943 5099 ib.
1979 5043 2332 5108 Burchardus
2366 5054 2430 5104 A.
2458 5050 2516 5104 S.

1967 4901 2060 4932 ¹⁶²⁸
2086 4904 2215 4959 add.
2252 4910 2272 4962 1
2285 4911 2332 4964 b.

1874 4984 1925 5027 tu
1962 4973 2014 5026 1.
2121 4974 2213 5008 ¹⁶³⁴

2413 4908 2502 4940 ""9
2530 4911 2605 4962 ita
2635 4908 2714 4959 lo.

2248 4996 2457 5036 erasum
2489 4981 2533 5032 l.

2796 4915 2977 4977 optata
3010 4915 3064 4962 et
3097 4907 3184 4960 la.
3267 4907 3357 4937 ¹⁶³⁰
3382 4909 3533 4968 em-

2733 4977 3096 5051 Magadaburg
3108 4978 3496 5051 ivnlnet'atu
3514 5011 3550 5051 ι·

2601 5045 2963 5124 ‘3“_coniept'_i
2989 5051 3042 5124 1.
3077 5117 3087 5124 _
3137 5045 3229 5077 “3'
3252 5045 3560 5124 utrisqué

1894 5117 1948 5169 (2.
2036 5115 2130 5145 seu
2180 5121 2356 5180 eidem
2396 5133 2483 5175 αιιι
2513 5120 2665 5178 idem
2692 5117 2790 5169 i0?
2870 5115 2958 5148 ¹⁶⁵³
2988 5117 3124 5173 lmtis
3172 5115 3500 5182 sedotem‘l

1737 5280 1959 5341 NOTAE.
