  <div class='ocr_page' id='page_1' title='image "/cluster/home/n/w/nwhite01/storage/ocr_20150623/139/hvd.32044015471782/699.png"; bbox 0 0 4048 5368; ppageno 0'>
   <div class='ocr_carea' id='block_1_1' title="bbox 576 289 724 346">
    <p class='ocr_par' dir='ltr' id='par_1_1' title="bbox 576 289 724 346">
     <span class='ocr_line' id='line_1_1' title="bbox 576 289 724 346; baseline -0.007 -2"><span class='ocrx_word' id='word_1_1' title='bbox 576 289 724 346; x_wconf 67' lang='grc'><strong>1387</strong></span> 
     </span>
    </p>
   </div>
   <div class='ocr_carea' id='block_1_2' title="bbox 1507 284 2880 344">
    <p class='ocr_par' dir='ltr' id='par_1_2' title="bbox 1507 284 2880 344">
     <span class='ocr_line' id='line_1_2' title="bbox 1507 284 2880 344; baseline -0.001 0"><span class='ocrx_word' id='word_1_2' title='bbox 1507 285 1884 344; x_wconf 78' lang='lat' dir='ltr'><strong>THIETMARI</strong></span> <span class='ocrx_word' id='word_1_3' title='bbox 1915 284 2223 342; x_wconf 80' lang='lat' dir='ltr'><strong>EPISCOPI</strong></span> <span class='ocrx_word' id='word_1_4' title='bbox 2263 285 2880 344; x_wconf 76' lang='lat' dir='ltr'><strong>MERSEBURGENSIS</strong></span> 
     </span>
    </p>
   </div>
   <div class='ocr_carea' id='block_1_3' title="bbox 3697 285 3818 339">
    <p class='ocr_par' dir='ltr' id='par_1_3' title="bbox 3697 285 3818 339">
     <span class='ocr_line' id='line_1_3' title="bbox 3697 285 3818 339; baseline 0.008 -1"><span class='ocrx_word' id='word_1_5' title='bbox 3697 285 3818 339; x_wconf 72' lang='grc'><strong>1588</strong></span> 
     </span>
    </p>
   </div>
   <div class='ocr_carea' id='block_1_4' title="bbox 589 397 3821 473">
    <p class='ocr_par' dir='ltr' id='par_1_4' title="bbox 589 397 3821 473">
     <span class='ocr_line' id='line_1_4' title="bbox 589 397 3821 473; baseline -0.002 -14"><span class='ocrx_word' id='word_1_6' title='bbox 589 407 686 460; x_wconf 86' lang='lat' dir='ltr'><strong>das</strong></span> <span class='ocrx_word' id='word_1_7' title='bbox 699 402 1059 458; x_wconf 78' lang='lat' dir='ltr'><strong>NovembrisQ</strong></span> <span class='ocrx_word' id='word_1_8' title='bbox 1078 402 2165 473; x_wconf 77' lang='lat' dir='ltr'><strong>naveshominibuspromiscuisexustunc</strong></span> <span class='ocrx_word' id='word_1_9' title='bbox 2193 403 2239 462; x_wconf 81' lang='grc' dir='ltr'><strong>Α</strong></span> <span class='ocrx_word' id='word_1_10' title='bbox 2269 398 2419 455; x_wconf 83' lang='lat' dir='ltr'><strong>Tune</strong></span> <span class='ocrx_word' id='word_1_11' title='bbox 2463 403 2747 456; x_wconf 84' lang='lat' dir='ltr'><strong>conivebat</strong></span> <span class='ocrx_word' id='word_1_12' title='bbox 2793 398 3058 455; x_wconf 88' lang='lat' dir='ltr'><strong>laudanda</strong></span> <span class='ocrx_word' id='word_1_13' title='bbox 3084 399 3398 469; x_wconf 77' lang='lat' dir='ltr'><strong>simplicitas</strong></span> <span class='ocrx_word' id='word_1_14' title='bbox 3422 397 3612 454; x_wconf 80' lang='lat' dir='ltr'><strong>herilis</strong></span> <span class='ocrx_word' id='word_1_15' title='bbox 3641 399 3821 465; x_wconf 83' lang='lat' dir='ltr'><strong>animi,</strong></span> 
     </span>
    </p>
   </div>
   <div class='ocr_carea' id='block_1_5' title="bbox 586 491 2160 565">
    <p class='ocr_par' dir='ltr' id='par_1_5' title="bbox 586 491 2160 565">
     <span class='ocr_line' id='line_1_5' title="bbox 586 491 2160 565; baseline -0.003 -17"><span class='ocrx_word' id='word_1_16' title='bbox 586 493 800 565; x_wconf 74' lang='lat' dir='ltr'><strong>inpletce</strong></span> <span class='ocrx_word' id='word_1_17' title='bbox 827 492 960 548; x_wconf 89' lang='lat' dir='ltr'><strong>mari</strong></span> <span class='ocrx_word' id='word_1_18' title='bbox 999 494 1406 564; x_wconf 84' lang='lat' dir='ltr'><strong>immerguntur.</strong></span> <span class='ocrx_word' id='word_1_19' title='bbox 1433 491 1488 547; x_wconf 89' lang='lat' dir='ltr'><strong>In</strong></span> <span class='ocrx_word' id='word_1_20' title='bbox 1513 493 1789 548; x_wconf 85' lang='lat' dir='ltr'><strong>occidente</strong></span> <span class='ocrx_word' id='word_1_21' title='bbox 1841 491 2160 555; x_wconf 83' lang='lat' dir='ltr'><strong>Lanbertus,</strong></span> 
     </span>
    </p>
   </div>
   <div class='ocr_carea' id='block_1_6' title="bbox 586 577 2161 649">
    <p class='ocr_par' dir='ltr' id='par_1_6' title="bbox 586 577 2161 649">
     <span class='ocr_line' id='line_1_6' title="bbox 586 577 2161 649; baseline -0.004 -9"><span class='ocrx_word' id='word_1_22' title='bbox 586 583 861 646; x_wconf 75' lang='lat' dir='ltr'><strong>Reinberii</strong></span> <span class='ocrx_word' id='word_1_23' title='bbox 880 583 1038 649; x_wconf 79' lang='lat' dir='ltr'><strong>filius,</strong></span> <span class='ocrx_word' id='word_1_24' title='bbox 1053 598 1172 638; x_wconf 90' lang='lat' dir='ltr'><strong>cum</strong></span> <span class='ocrx_word' id='word_1_25' title='bbox 1189 583 1299 638; x_wconf 91' lang='lat' dir='ltr'><strong>suis</strong></span> <span class='ocrx_word' id='word_1_26' title='bbox 1313 584 1482 638; x_wconf 87' lang='lat' dir='ltr'><strong>victus</strong></span> <span class='ocrx_word' id='word_1_27' title='bbox 1499 583 1564 636; x_wconf 89' lang='lat' dir='ltr'><strong>ab</strong></span> <span class='ocrx_word' id='word_1_28' title='bbox 1579 583 1728 638; x_wconf 88' lang='lat' dir='ltr'><strong>hoste</strong></span> <span class='ocrx_word' id='word_1_29' title='bbox 1740 581 2028 636; x_wconf 80' lang='lat' dir='ltr'><strong>Godel‘rido</strong></span> <span class='ocrx_word' id='word_1_30' title='bbox 2050 577 2161 644; x_wconf 56' lang='grc' dir='ltr'><strong>κη,</strong></span> 
     </span>
    </p>
   </div>
   <div class='ocr_carea' id='block_1_7' title="bbox 586 665 2157 744">
    <p class='ocr_par' dir='ltr' id='par_1_7' title="bbox 586 665 2157 744">
     <span class='ocr_line' id='line_1_7' title="bbox 586 665 2157 744; baseline -0.006 -15"><span class='ocrx_word' id='word_1_31' title='bbox 586 673 876 729; x_wconf 88' lang='lat' dir='ltr'><strong>multorum</strong></span> <span class='ocrx_word' id='word_1_32' title='bbox 902 672 1148 728; x_wconf 90' lang='lat' dir='ltr'><strong>inimicus</strong></span> <span class='ocrx_word' id='word_1_33' title='bbox 1168 672 1576 743; x_wconf 85' lang='lat' dir='ltr'><strong>oecubuit(899)</strong></span> <span class='ocrx_word' id='word_1_34' title='bbox 1596 670 1702 744; x_wconf 87' lang='lat' dir='ltr'><strong>[an.</strong></span> <span class='ocrx_word' id='word_1_35' title='bbox 1725 670 1790 724; x_wconf 87' lang='grc'><strong>10</strong></span> <span class='ocrx_word' id='word_1_36' title='bbox 1815 668 1879 723; x_wconf 82' lang='grc'>16</span> <span class='ocrx_word' id='word_1_37' title='bbox 1903 667 2024 737; x_wconf 76' lang='lat' dir='ltr'><strong>Sep.</strong></span> <span class='ocrx_word' id='word_1_38' title='bbox 2049 665 2157 738; x_wconf 72' lang='grc'>12].</span> 
     </span>
    </p>
   </div>
   <div class='ocr_carea' id='block_1_8' title="bbox 587 760 2160 820">
    <p class='ocr_par' dir='ltr' id='par_1_8' title="bbox 587 760 2160 820">
     <span class='ocr_line' id='line_1_8' title="bbox 587 760 2160 820; baseline -0.004 -3"><span class='ocrx_word' id='word_1_39' title='bbox 587 762 702 820; x_wconf 83' lang='grc' dir='ltr'><strong>Νοη</strong></span> <span class='ocrx_word' id='word_1_40' title='bbox 757 765 858 820; x_wconf 81' lang='lat' dir='ltr'><strong>fuit</strong></span> <span class='ocrx_word' id='word_1_41' title='bbox 908 764 1053 820; x_wconf 92' lang='lat' dir='ltr'><strong>enim</strong></span> <span class='ocrx_word' id='word_1_42' title='bbox 1082 763 1172 802; x_wconf 65' lang='lat'><strong>&quot;‘5</strong></span> <span class='ocrx_word' id='word_1_43' title='bbox 1220 765 1270 818; x_wconf 89' lang='lat' dir='ltr'><strong>in</strong></span> <span class='ocrx_word' id='word_1_44' title='bbox 1318 771 1462 818; x_wconf 87' lang='lat' dir='ltr'><strong>terra</strong></span> <span class='ocrx_word' id='word_1_45' title='bbox 1508 762 1610 818; x_wconf 90' lang='lat' dir='ltr'><strong>hac</strong></span> <span class='ocrx_word' id='word_1_46' title='bbox 1656 761 1896 816; x_wconf 67' lang='lat' dir='ltr'><strong>tuncms</strong></span> <span class='ocrx_word' id='word_1_47' title='bbox 1928 760 2160 814; x_wconf 92' lang='lat' dir='ltr'><strong>deterior</strong></span> 
     </span>
    </p>
   </div>
   <div class='ocr_carea' id='block_1_9' title="bbox 586 852 2158 927">
    <p class='ocr_par' dir='ltr' id='par_1_9' title="bbox 586 852 2158 927">
     <span class='ocr_line' id='line_1_9' title="bbox 586 852 2158 927; baseline -0.007 -15"><span class='ocrx_word' id='word_1_48' title='bbox 586 857 700 923; x_wconf 91' lang='lat' dir='ltr'><strong>illo,</strong></span> <span class='ocrx_word' id='word_1_49' title='bbox 732 857 821 927; x_wconf 92' lang='lat' dir='ltr'><strong>qui</strong></span> <span class='ocrx_word' id='word_1_50' title='bbox 852 856 1049 910; x_wconf 91' lang='lat' dir='ltr'><strong>multos</strong></span> <span class='ocrx_word' id='word_1_51' title='bbox 1093 855 1144 909; x_wconf 92' lang='lat' dir='ltr'><strong>in</strong></span> <span class='ocrx_word' id='word_1_52' title='bbox 1175 854 1436 910; x_wconf 69' lang='lat' dir='ltr'><strong>tecclesiis</strong></span> <span class='ocrx_word' id='word_1_53' title='bbox 1466 869 1586 909; x_wconf 93' lang='lat' dir='ltr'><strong>cum</strong></span> <span class='ocrx_word' id='word_1_54' title='bbox 1620 852 1748 908; x_wconf 88' lang='lat' dir='ltr'><strong>fune</strong></span> <span class='ocrx_word' id='word_1_55' title='bbox 1773 863 2158 920; x_wconf 85' lang='lat' dir='ltr'><strong>campanarum</strong></span> 
     </span>
    </p>
   </div>
   <div class='ocr_carea' id='block_1_10' title="bbox 582 937 2158 1015">
    <p class='ocr_par' dir='ltr' id='par_1_10' title="bbox 582 937 2158 1015">
     <span class='ocr_line' id='line_1_10' title="bbox 582 937 2158 1015; baseline -0.006 -13"><span class='ocrx_word' id='word_1_56' title='bbox 582 945 957 1015; x_wconf 70' lang='lat' dir='ltr'><strong>strangulavit.</strong></span> <span class='ocrx_word' id='word_1_57' title='bbox 995 943 1136 1011; x_wconf 86' lang='lat' dir='ltr'><strong>Quot</strong></span> <span class='ocrx_word' id='word_1_58' title='bbox 1194 944 1437 998; x_wconf 91' lang='lat' dir='ltr'><strong>homines</strong></span> <span class='ocrx_word' id='word_1_59' title='bbox 1493 943 1582 997; x_wconf 87' lang='lat' dir='ltr'><strong>hic</strong></span> <span class='ocrx_word' id='word_1_60' title='bbox 1623 941 2026 997; x_wconf 82' lang='lat' dir='ltr'><strong>exhereditaret</strong></span> <span class='ocrx_word' id='word_1_61' title='bbox 2075 937 2158 992; x_wconf 86' lang='lat' dir='ltr'><strong>vel</strong></span> 
     </span>
    </p>
   </div>
   <div class='ocr_carea' id='block_1_11' title="bbox 581 1026 2157 1105">
    <p class='ocr_par' dir='ltr' id='par_1_11' title="bbox 581 1026 2157 1105">
     <span class='ocr_line' id='line_1_11' title="bbox 581 1026 2157 1105; baseline -0.006 -14"><span class='ocrx_word' id='word_1_62' title='bbox 581 1037 872 1102; x_wconf 88' lang='lat' dir='ltr'><strong>occideret,</strong></span> <span class='ocrx_word' id='word_1_63' title='bbox 921 1034 1096 1090; x_wconf 89' lang='lat' dir='ltr'><strong>nullus</strong></span> <span class='ocrx_word' id='word_1_64' title='bbox 1137 1034 1405 1105; x_wconf 81' lang='lat' dir='ltr'><strong>explicare</strong></span> <span class='ocrx_word' id='word_1_65' title='bbox 1443 1032 1607 1087; x_wconf 87' lang='lat' dir='ltr'><strong>valet.</strong></span> <span class='ocrx_word' id='word_1_66' title='bbox 1645 1031 1948 1100; x_wconf 81' lang='lat' dir='ltr'><strong>Numquam</strong></span> <span class='ocrx_word' id='word_1_67' title='bbox 2002 1029 2046 1083; x_wconf 91' lang='lat' dir='ltr'><strong>is</strong></span> <span class='ocrx_word' id='word_1_68' title='bbox 2066 1026 2157 1059; x_wconf 73' lang='grc'><strong>’⁸⁸⁵</strong></span> 
     </span>
    </p>
   </div>
   <div class='ocr_carea' id='block_1_12' title="bbox 581 1122 2154 1197">
    <p class='ocr_par' dir='ltr' id='par_1_12' title="bbox 581 1122 2154 1197">
     <span class='ocr_line' id='line_1_12' title="bbox 581 1122 2154 1197; baseline -0.008 -16"><span class='ocrx_word' id='word_1_69' title='bbox 581 1126 646 1181; x_wconf 89' lang='lat' dir='ltr'><strong>dc</strong></span> <span class='ocrx_word' id='word_1_70' title='bbox 675 1135 982 1197; x_wconf 89' lang='lat' dir='ltr'><strong>perpetrato</strong></span> <span class='ocrx_word' id='word_1_71' title='bbox 1008 1124 1243 1180; x_wconf 88' lang='lat' dir='ltr'><strong>facinore</strong></span> <span class='ocrx_word' id='word_1_72' title='bbox 1274 1123 1622 1193; x_wconf 76' lang='lat' dir='ltr'><strong>penitentiam</strong></span> <span class='ocrx_word' id='word_1_73' title='bbox 1667 1122 1942 1190; x_wconf 83' lang='lat' dir='ltr'><strong>suscipere</strong></span> <span class='ocrx_word' id='word_1_74' title='bbox 1991 1133 2154 1174; x_wconf 89' lang='lat' dir='ltr'><strong>cura-</strong></span> 
     </span>
    </p>
   </div>
   <div class='ocr_carea' id='block_1_13' title="bbox 580 1215 2156 1285">
    <p class='ocr_par' dir='ltr' id='par_1_13' title="bbox 580 1215 2156 1285">
     <span class='ocr_line' id='line_1_13' title="bbox 580 1215 2156 1285; baseline 0.001 -14"><span class='ocrx_word' id='word_1_75' title='bbox 580 1218 675 1271; x_wconf 91' lang='lat' dir='ltr'><strong>vit.</strong></span> <span class='ocrx_word' id='word_1_76' title='bbox 706 1217 796 1272; x_wconf 91' lang='lat' dir='ltr'><strong>llle</strong></span> <span class='ocrx_word' id='word_1_77' title='bbox 822 1233 941 1273; x_wconf 90' lang='lat' dir='ltr'><strong>cum</strong></span> <span class='ocrx_word' id='word_1_78' title='bbox 967 1217 1130 1272; x_wconf 78' lang='lat' dir='ltr'><strong>fratre</strong></span> <span class='ocrx_word' id='word_1_79' title='bbox 1161 1217 1355 1271; x_wconf 91' lang='lat' dir='ltr'><strong>suimet</strong></span> <span class='ocrx_word' id='word_1_80' title='bbox 1382 1215 1670 1285; x_wconf 81' lang='lat' dir='ltr'><strong>Reingerio</strong></span> <span class='ocrx_word' id='word_1_81' title='bbox 1691 1215 2156 1273; x_wconf 85' lang='lat' dir='ltr'><strong>Wirinhariumet</strong></span> 
     </span>
    </p>
   </div>
   <div class='ocr_carea' id='block_1_14' title="bbox 580 1305 2150 1385">
    <p class='ocr_par' dir='ltr' id='par_1_14' title="bbox 580 1305 2150 1385">
     <span class='ocr_line' id='line_1_14' title="bbox 580 1305 2150 1385; baseline 0.003 -24"><span class='ocrx_word' id='word_1_82' title='bbox 580 1305 699 1380; x_wconf 67' lang='lat' dir='ltr'><strong>ejus</strong></span> <span class='ocrx_word' id='word_1_83' title='bbox 743 1325 1056 1381; x_wconf 87' lang='lat' dir='ltr'><strong>germanum</strong></span> <span class='ocrx_word' id='word_1_84' title='bbox 1106 1309 1433 1365; x_wconf 80' lang='lat' dir='ltr'><strong>Reinzoncm</strong></span> <span class='ocrx_word' id='word_1_85' title='bbox 1483 1307 1687 1378; x_wconf 83' lang='lat' dir='ltr'><strong>pariter</strong></span> <span class='ocrx_word' id='word_1_86' title='bbox 1737 1309 1936 1364; x_wconf 78' lang='lat' dir='ltr'><strong>ocridit</strong></span> <span class='ocrx_word' id='word_1_87' title='bbox 1981 1311 2150 1385; x_wconf 85' lang='lat'><strong>(900).</strong></span> 
     </span>
    </p>
   </div>
   <div class='ocr_carea' id='block_1_15' title="bbox 580 1398 2152 1471">
    <p class='ocr_par' dir='ltr' id='par_1_15' title="bbox 580 1398 2152 1471">
     <span class='ocr_line' id='line_1_15' title="bbox 580 1398 2152 1471; baseline 0.003 -18"><span class='ocrx_word' id='word_1_88' title='bbox 580 1398 752 1469; x_wconf 84' lang='lat' dir='ltr'><strong>Hujus</strong></span> <span class='ocrx_word' id='word_1_89' title='bbox 775 1409 928 1471; x_wconf 89' lang='lat' dir='ltr'><strong>pater</strong></span> <span class='ocrx_word' id='word_1_90' title='bbox 952 1401 1043 1433; x_wconf 68' lang='grc'>³⁸⁸⁸</span> <span class='ocrx_word' id='word_1_91' title='bbox 1092 1400 1157 1454; x_wconf 90' lang='lat' dir='ltr'><strong>ad</strong></span> <span class='ocrx_word' id='word_1_92' title='bbox 1189 1398 1460 1454; x_wconf 88' lang='lat' dir='ltr'><strong>Bocmiam</strong></span> <span class='ocrx_word' id='word_1_93' title='bbox 1507 1399 1575 1454; x_wconf 88' lang='lat' dir='ltr'><strong>ab</strong></span> <span class='ocrx_word' id='word_1_94' title='bbox 1623 1399 1820 1456; x_wconf 87' lang='lat' dir='ltr'><strong>Ottone</strong></span> <span class='ocrx_word' id='word_1_95' title='bbox 1849 1401 1901 1454; x_wconf 91' lang='lat' dir='ltr'><strong>in</strong></span> <span class='ocrx_word' id='word_1_96' title='bbox 1935 1402 2152 1458; x_wconf 83' lang='lat' dir='ltr'><strong>exilium</strong></span> 
     </span>
    </p>
   </div>
   <div class='ocr_carea' id='block_1_16' title="bbox 577 1487 2152 1562">
    <p class='ocr_par' dir='ltr' id='par_1_16' title="bbox 577 1487 2152 1562">
     <span class='ocr_line' id='line_1_16' title="bbox 577 1487 2152 1562; baseline 0.005 -22"><span class='ocrx_word' id='word_1_97' title='bbox 577 1488 777 1543; x_wconf 92' lang='lat' dir='ltr'><strong>missus</strong></span> <span class='ocrx_word' id='word_1_98' title='bbox 801 1489 969 1559; x_wconf 83' lang='grc'>(901),</span> <span class='ocrx_word' id='word_1_99' title='bbox 1001 1487 1197 1544; x_wconf 73' lang='grc' dir='ltr'><strong>ἰὶιὶάειη</strong></span> <span class='ocrx_word' id='word_1_100' title='bbox 1241 1489 1487 1542; x_wconf 90' lang='lat' dir='ltr'><strong>moritur.</strong></span> <span class='ocrx_word' id='word_1_101' title='bbox 1511 1487 1631 1559; x_wconf 83' lang='lat' dir='ltr'><strong>Ipsa</strong></span> <span class='ocrx_word' id='word_1_102' title='bbox 1657 1491 1948 1546; x_wconf 88' lang='lat' dir='ltr'><strong>eorundem</strong></span> <span class='ocrx_word' id='word_1_103' title='bbox 1974 1493 2152 1562; x_wconf 87' lang='lat' dir='ltr'><strong>patria</strong></span> 
     </span>
    </p>
   </div>
   <div class='ocr_carea' id='block_1_17' title="bbox 579 1577 2154 1651">
    <p class='ocr_par' dir='ltr' id='par_1_17' title="bbox 579 1577 2154 1651">
     <span class='ocr_line' id='line_1_17' title="bbox 579 1577 2154 1651; baseline 0.004 -20"><span class='ocrx_word' id='word_1_104' title='bbox 579 1577 643 1648; x_wconf 93' lang='lat' dir='ltr'><strong>(f.</strong></span> <span class='ocrx_word' id='word_1_105' title='bbox 681 1578 803 1650; x_wconf 72' lang='grc'>162)</span> <span class='ocrx_word' id='word_1_106' title='bbox 848 1579 1088 1634; x_wconf 88' lang='lat' dir='ltr'><strong>viventes</strong></span> <span class='ocrx_word' id='word_1_107' title='bbox 1134 1579 1326 1642; x_wconf 90' lang='lat' dir='ltr'><strong>doluit,</strong></span> <span class='ocrx_word' id='word_1_108' title='bbox 1365 1579 1590 1634; x_wconf 90' lang='lat' dir='ltr'><strong>amissos</strong></span> <span class='ocrx_word' id='word_1_109' title='bbox 1613 1581 1827 1651; x_wconf 78' lang='lat' dir='ltr'><strong>gaudet.</strong></span> <span class='ocrx_word' id='word_1_110' title='bbox 1857 1581 1970 1637; x_wconf 86' lang='lat' dir='ltr'><strong>Hoc</strong></span> <span class='ocrx_word' id='word_1_111' title='bbox 1997 1583 2154 1638; x_wconf 87' lang='lat' dir='ltr'><strong>dum-</strong></span> 
     </span>
    </p>
   </div>
   <div class='ocr_carea' id='block_1_18' title="bbox 578 1669 2152 1740">
    <p class='ocr_par' dir='ltr' id='par_1_18' title="bbox 578 1669 2152 1740">
     <span class='ocr_line' id='line_1_18' title="bbox 578 1669 2152 1740; baseline 0.004 -18"><span class='ocrx_word' id='word_1_112' title='bbox 578 1678 730 1724; x_wconf 85' lang='lat' dir='ltr'><strong>taxat</strong></span> <span class='ocrx_word' id='word_1_113' title='bbox 753 1669 1007 1739; x_wconf 87' lang='lat' dir='ltr'><strong>conqueri</strong></span> <span class='ocrx_word' id='word_1_114' title='bbox 1037 1669 1312 1730; x_wconf 86' lang='lat' dir='ltr'><strong>debemus,</strong></span> <span class='ocrx_word' id='word_1_115' title='bbox 1355 1670 1494 1738; x_wconf 90' lang='lat' dir='ltr'><strong>quod</strong></span> <span class='ocrx_word' id='word_1_116' title='bbox 1515 1685 1580 1725; x_wconf 94' lang='lat' dir='ltr'><strong>eo</strong></span> <span class='ocrx_word' id='word_1_117' title='bbox 1606 1671 1690 1725; x_wconf 91' lang='lat' dir='ltr'><strong>die</strong></span> <span class='ocrx_word' id='word_1_118' title='bbox 1724 1681 2152 1740; x_wconf 89' lang='lat' dir='ltr'><strong>propternocen-</strong></span> 
     </span>
    </p>
   </div>
   <div class='ocr_carea' id='block_1_19' title="bbox 2265 486 3818 558">
    <p class='ocr_par' dir='ltr' id='par_1_19' title="bbox 2265 486 3818 558">
     <span class='ocr_line' id='line_1_19' title="bbox 2265 486 3818 558; baseline 0.003 -21"><span class='ocrx_word' id='word_1_119' title='bbox 2265 488 2405 557; x_wconf 91' lang='lat' dir='ltr'><strong>quod</strong></span> <span class='ocrx_word' id='word_1_120' title='bbox 2453 497 2773 558; x_wconf 85' lang='lat' dir='ltr'><strong>poposcerat</strong></span> <span class='ocrx_word' id='word_1_121' title='bbox 2826 487 3070 542; x_wconf 88' lang='lat' dir='ltr'><strong>simulata</strong></span> <span class='ocrx_word' id='word_1_122' title='bbox 3116 489 3326 558; x_wconf 77' lang='lat' dir='ltr'><strong>equitas</strong></span> <span class='ocrx_word' id='word_1_123' title='bbox 3366 486 3607 552; x_wconf 82' lang='lat' dir='ltr'><strong>fallentis</strong></span> <span class='ocrx_word' id='word_1_124' title='bbox 3647 487 3818 543; x_wconf 83' lang='lat' dir='ltr'><strong>amici.</strong></span> 
     </span>
    </p>
   </div>
   <div class='ocr_carea' id='block_1_20' title="bbox 2262 577 3825 650">
    <p class='ocr_par' dir='ltr' id='par_1_20' title="bbox 2262 577 3825 650">
     <span class='ocr_line' id='line_1_20' title="bbox 2262 577 3825 650; baseline 0.001 -18"><span class='ocrx_word' id='word_1_125' title='bbox 2262 577 2318 633; x_wconf 85' lang='lat' dir='ltr'><strong>In</strong></span> <span class='ocrx_word' id='word_1_126' title='bbox 2346 579 2535 648; x_wconf 88' lang='lat' dir='ltr'><strong>primis</strong></span> <span class='ocrx_word' id='word_1_127' title='bbox 2569 581 2768 650; x_wconf 85' lang='lat' dir='ltr'><strong>optime</strong></span> <span class='ocrx_word' id='word_1_128' title='bbox 2796 581 3106 650; x_wconf 86' lang='lat' dir='ltr'><strong>suscipitur.</strong></span> <span class='ocrx_word' id='word_1_129' title='bbox 3152 591 3208 637; x_wconf 90' lang='lat' dir='ltr'><strong>et</strong></span> <span class='ocrx_word' id='word_1_130' title='bbox 3251 581 3370 636; x_wconf 85' lang='lat' dir='ltr'><strong>ilico</strong></span> <span class='ocrx_word' id='word_1_131' title='bbox 3398 581 3598 635; x_wconf 85' lang='lat' dir='ltr'><strong>infecta</strong></span> <span class='ocrx_word' id='word_1_132' title='bbox 3625 595 3825 634; x_wconf 82' lang='lat' dir='ltr'><strong>veneno</strong></span> 
     </span>
    </p>
   </div>
   <div class='ocr_carea' id='block_1_21' title="bbox 2262 670 3825 742">
    <p class='ocr_par' dir='ltr' id='par_1_21' title="bbox 2262 670 3825 742">
     <span class='ocr_line' id='line_1_21' title="bbox 2262 670 3825 742; baseline 0.001 -18"><span class='ocrx_word' id='word_1_133' title='bbox 2262 670 2482 740; x_wconf 85' lang='lat' dir='ltr'><strong>potione</strong></span> <span class='ocrx_word' id='word_1_134' title='bbox 2515 672 2778 726; x_wconf 88' lang='lat' dir='ltr'><strong>turbatur.</strong></span> <span class='ocrx_word' id='word_1_135' title='bbox 2829 670 2954 726; x_wconf 87' lang='lat' dir='ltr'><strong>Post</strong></span> <span class='ocrx_word' id='word_1_136' title='bbox 2997 673 3100 726; x_wconf 89' lang='lat' dir='ltr'><strong>hoe</strong></span> <span class='ocrx_word' id='word_1_137' title='bbox 3146 673 3315 728; x_wconf 91' lang='lat' dir='ltr'><strong>nimio</strong></span> <span class='ocrx_word' id='word_1_138' title='bbox 3363 673 3552 728; x_wconf 89' lang='lat' dir='ltr'><strong>dolore</strong></span> <span class='ocrx_word' id='word_1_139' title='bbox 3584 673 3825 742; x_wconf 87' lang='lat' dir='ltr'><strong>protinus</strong></span> 
     </span>
    </p>
   </div>
   <div class='ocr_carea' id='block_1_22' title="bbox 2263 760 3824 834">
    <p class='ocr_par' dir='ltr' id='par_1_22' title="bbox 2263 760 3824 834">
     <span class='ocr_line' id='line_1_22' title="bbox 2263 760 3824 834; baseline 0.002 -20"><span class='ocrx_word' id='word_1_140' title='bbox 2263 760 2688 832; x_wconf 83' lang='lat' dir='ltr'><strong>ingravescente,</strong></span> <span class='ocrx_word' id='word_1_141' title='bbox 2711 773 3024 833; x_wconf 85' lang='lat' dir='ltr'><strong>sequentem</strong></span> <span class='ocrx_word' id='word_1_142' title='bbox 3057 763 3125 818; x_wconf 86' lang='lat' dir='ltr'><strong>ibi</strong></span> <span class='ocrx_word' id='word_1_143' title='bbox 3152 763 3240 818; x_wconf 81' lang='lat' dir='ltr'><strong>vix</strong></span> <span class='ocrx_word' id='word_1_144' title='bbox 3268 763 3620 834; x_wconf 75' lang='lat' dir='ltr'><strong>exspectabat</strong></span> <span class='ocrx_word' id='word_1_145' title='bbox 3645 763 3784 817; x_wconf 88' lang='lat' dir='ltr'><strong>diem</strong></span> <span class='ocrx_word' id='word_1_146' title='bbox 3807 804 3824 829; x_wconf 89' lang='lat'><strong>,</strong></span> 
     </span>
    </p>
   </div>
   <div class='ocr_carea' id='block_1_23' title="bbox 2259 853 3826 920">
    <p class='ocr_par' dir='ltr' id='par_1_23' title="bbox 2259 853 3826 920">
     <span class='ocr_line' id='line_1_23' title="bbox 2259 853 3826 920; baseline 0.001 -14"><span class='ocrx_word' id='word_1_147' title='bbox 2259 861 2315 906; x_wconf 92' lang='lat' dir='ltr'><strong>et</strong></span> <span class='ocrx_word' id='word_1_148' title='bbox 2338 864 2395 906; x_wconf 88' lang='lat' dir='ltr'><strong>ut</strong></span> <span class='ocrx_word' id='word_1_149' title='bbox 2418 855 2554 908; x_wconf 81' lang='lat' dir='ltr'><strong>bene</strong></span> <span class='ocrx_word' id='word_1_150' title='bbox 2602 865 2974 909; x_wconf 86' lang='lat' dir='ltr'><strong>remuneratus</strong></span> <span class='ocrx_word' id='word_1_151' title='bbox 2995 862 3050 908; x_wconf 91' lang='lat' dir='ltr'><strong>et</strong></span> <span class='ocrx_word' id='word_1_152' title='bbox 3074 856 3350 910; x_wconf 74' lang='lat' dir='ltr'><strong>caritative</strong></span> <span class='ocrx_word' id='word_1_153' title='bbox 3381 855 3647 910; x_wconf 88' lang='lat' dir='ltr'><strong>salutatus</strong></span> <span class='ocrx_word' id='word_1_154' title='bbox 3676 853 3826 920; x_wconf 73' lang='lat' dir='ltr'><strong>abiit,</strong></span> 
     </span>
    </p>
   </div>
   <div class='ocr_carea' id='block_1_24' title="bbox 2261 945 3827 1014">
    <p class='ocr_par' dir='ltr' id='par_1_24' title="bbox 2261 945 3827 1014">
     <span class='ocr_line' id='line_1_24' title="bbox 2261 945 3827 1014; baseline 0.003 -17"><span class='ocrx_word' id='word_1_155' title='bbox 2261 945 2517 1000; x_wconf 83' lang='lat' dir='ltr'><strong>militibus</strong></span> <span class='ocrx_word' id='word_1_156' title='bbox 2569 945 2680 1000; x_wconf 89' lang='lat' dir='ltr'><strong>suis</strong></span> <span class='ocrx_word' id='word_1_157' title='bbox 2730 947 2925 1002; x_wconf 86' lang='lat' dir='ltr'><strong>ibidem</strong></span> <span class='ocrx_word' id='word_1_158' title='bbox 2974 945 3158 1001; x_wconf 86' lang='lat' dir='ltr'><strong>dolose</strong></span> <span class='ocrx_word' id='word_1_159' title='bbox 3207 948 3448 1012; x_wconf 88' lang='lat' dir='ltr'><strong>tardatis,</strong></span> <span class='ocrx_word' id='word_1_160' title='bbox 3508 962 3539 1000; x_wconf 88' lang='lat' dir='ltr'><strong>a</strong></span> <span class='ocrx_word' id='word_1_161' title='bbox 3594 947 3827 1014; x_wconf 85' lang='lat' dir='ltr'><strong>quodam</strong></span> 
     </span>
    </p>
   </div>
   <div class='ocr_carea' id='block_1_25' title="bbox 2259 1036 3826 1109">
    <p class='ocr_par' dir='ltr' id='par_1_25' title="bbox 2259 1036 3826 1109">
     <span class='ocr_line' id='line_1_25' title="bbox 2259 1036 3826 1109; baseline 0.001 -18"><span class='ocrx_word' id='word_1_162' title='bbox 2259 1051 2417 1091; x_wconf 84' lang='lat' dir='ltr'><strong>servo</strong></span> <span class='ocrx_word' id='word_1_163' title='bbox 2457 1036 2653 1092; x_wconf 75' lang='lat' dir='ltr'><strong>furtive</strong></span> <span class='ocrx_word' id='word_1_164' title='bbox 2695 1038 3055 1107; x_wconf 88' lang='lat' dir='ltr'><strong>prosternitur</strong></span> <span class='ocrx_word' id='word_1_165' title='bbox 3101 1037 3268 1104; x_wconf 70' lang='grc'>(901),</span> <span class='ocrx_word' id='word_1_166' title='bbox 3307 1047 3559 1109; x_wconf 88' lang='lat' dir='ltr'><strong>presente</strong></span> <span class='ocrx_word' id='word_1_167' title='bbox 3585 1037 3826 1106; x_wconf 82' lang='lat' dir='ltr'><strong>ejusdem</strong></span> 
     </span>
    </p>
   </div>
   <div class='ocr_carea' id='block_1_26' title="bbox 2256 1127 3826 1197">
    <p class='ocr_par' dir='ltr' id='par_1_26' title="bbox 2256 1127 3826 1197">
     <span class='ocr_line' id='line_1_26' title="bbox 2256 1127 3826 1197; baseline 0.001 -15"><span class='ocrx_word' id='word_1_168' title='bbox 2256 1127 2471 1183; x_wconf 88' lang='lat' dir='ltr'><strong>seniore</strong></span> <span class='ocrx_word' id='word_1_169' title='bbox 2496 1129 2763 1197; x_wconf 88' lang='lat' dir='ltr'><strong>Baldrieo,</strong></span> <span class='ocrx_word' id='word_1_170' title='bbox 2787 1139 2839 1185; x_wconf 91' lang='lat' dir='ltr'><strong>et</strong></span> <span class='ocrx_word' id='word_1_171' title='bbox 2864 1132 2965 1185; x_wconf 92' lang='lat' dir='ltr'><strong>hoc</strong></span> <span class='ocrx_word' id='word_1_172' title='bbox 2987 1130 3287 1185; x_wconf 88' lang='lat' dir='ltr'><strong>nullatenus</strong></span> <span class='ocrx_word' id='word_1_173' title='bbox 3310 1132 3633 1186; x_wconf 87' lang='lat' dir='ltr'><strong>ulciscente.</strong></span> <span class='ocrx_word' id='word_1_174' title='bbox 3679 1129 3826 1185; x_wconf 82' lang='lat' dir='ltr'><strong>Tune</strong></span> 
     </span>
    </p>
   </div>
   <div class='ocr_carea' id='block_1_27' title="bbox 2257 1222 3826 1286">
    <p class='ocr_par' dir='ltr' id='par_1_27' title="bbox 2257 1222 3826 1286">
     <span class='ocr_line' id='line_1_27' title="bbox 2257 1222 3826 1286; baseline 0.003 -13"><span class='ocrx_word' id='word_1_175' title='bbox 2257 1235 2394 1274; x_wconf 92' lang='lat' dir='ltr'><strong>unus</strong></span> <span class='ocrx_word' id='word_1_176' title='bbox 2429 1236 2492 1275; x_wconf 85' lang='lat' dir='ltr'><strong>ex</strong></span> <span class='ocrx_word' id='word_1_177' title='bbox 2527 1222 2640 1276; x_wconf 90' lang='lat' dir='ltr'><strong>suis</strong></span> <span class='ocrx_word' id='word_1_178' title='bbox 2675 1223 2980 1286; x_wconf 84' lang='lat' dir='ltr'><strong>comitibus,</strong></span> <span class='ocrx_word' id='word_1_179' title='bbox 3035 1230 3092 1276; x_wconf 94' lang='lat' dir='ltr'><strong>ut</strong></span> <span class='ocrx_word' id='word_1_180' title='bbox 3137 1222 3350 1277; x_wconf 79' lang='lat' dir='ltr'><strong>nefandi</strong></span> <span class='ocrx_word' id='word_1_181' title='bbox 3379 1223 3605 1278; x_wconf 91' lang='lat' dir='ltr'><strong>sceleris</strong></span> <span class='ocrx_word' id='word_1_182' title='bbox 3638 1232 3826 1278; x_wconf 58' lang='lat' dir='ltr'><strong>auctoc</strong></span> 
     </span>
    </p>
   </div>
   <div class='ocr_carea' id='block_1_28' title="bbox 2255 1311 3824 1383">
    <p class='ocr_par' dir='ltr' id='par_1_28' title="bbox 2255 1311 3824 1383">
     <span class='ocr_line' id='line_1_28' title="bbox 2255 1311 3824 1383; baseline 0.003 -21"><span class='ocrx_word' id='word_1_183' title='bbox 2255 1325 2369 1363; x_wconf 90' lang='lat' dir='ltr'><strong>rem</strong></span> <span class='ocrx_word' id='word_1_184' title='bbox 2395 1311 2610 1376; x_wconf 71' lang='lat' dir='ltr'><strong>Occidit,</strong></span> <span class='ocrx_word' id='word_1_185' title='bbox 2647 1328 2770 1367; x_wconf 87' lang='lat' dir='ltr'><strong>mox</strong></span> <span class='ocrx_word' id='word_1_186' title='bbox 2800 1311 3112 1367; x_wconf 57' lang='lat' dir='ltr'><strong>interfectus</strong></span> <span class='ocrx_word' id='word_1_187' title='bbox 3136 1313 3381 1383; x_wconf 77' lang='lat' dir='ltr'><strong>appetiit.</strong></span> <span class='ocrx_word' id='word_1_188' title='bbox 3418 1312 3686 1381; x_wconf 82' lang='lat' dir='ltr'><strong>Fugiente</strong></span> <span class='ocrx_word' id='word_1_189' title='bbox 3715 1321 3824 1366; x_wconf 90' lang='lat' dir='ltr'><strong>tum</strong></span> 
     </span>
    </p>
   </div>
   <div class='ocr_carea' id='block_1_29' title="bbox 2251 1401 3827 1468">
    <p class='ocr_par' dir='ltr' id='par_1_29' title="bbox 2251 1401 3827 1468">
     <span class='ocr_line' id='line_1_29' title="bbox 2251 1401 3827 1468; baseline 0.003 -14"><span class='ocrx_word' id='word_1_190' title='bbox 2251 1401 2501 1457; x_wconf 87' lang='lat' dir='ltr'><strong>Baldrieo</strong></span> <span class='ocrx_word' id='word_1_191' title='bbox 2536 1410 2589 1458; x_wconf 86' lang='lat' dir='ltr'><strong>et</strong></span> <span class='ocrx_word' id='word_1_192' title='bbox 2621 1404 2998 1460; x_wconf 84' lang='lat' dir='ltr'><strong>conscientiam</strong></span> <span class='ocrx_word' id='word_1_193' title='bbox 3025 1404 3080 1456; x_wconf 89' lang='lat' dir='ltr'><strong>in</strong></span> <span class='ocrx_word' id='word_1_194' title='bbox 3104 1404 3207 1458; x_wconf 87' lang='lat' dir='ltr'><strong>hoc</strong></span> <span class='ocrx_word' id='word_1_195' title='bbox 3234 1403 3643 1468; x_wconf 84' lang='lat' dir='ltr'><strong>manifestantc,</strong></span> <span class='ocrx_word' id='word_1_196' title='bbox 3669 1404 3827 1458; x_wconf 84' lang='lat' dir='ltr'><strong>mise-</strong></span> 
     </span>
    </p>
   </div>
   <div class='ocr_carea' id='block_1_30' title="bbox 2252 1492 3822 1566">
    <p class='ocr_par' dir='ltr' id='par_1_30' title="bbox 2252 1492 3822 1566">
     <span class='ocr_line' id='line_1_30' title="bbox 2252 1492 3822 1566; baseline 0.002 -20"><span class='ocrx_word' id='word_1_197' title='bbox 2252 1492 2331 1547; x_wconf 85' lang='lat' dir='ltr'><strong>ria</strong></span> <span class='ocrx_word' id='word_1_198' title='bbox 2374 1494 2496 1548; x_wconf 87' lang='lat' dir='ltr'><strong>talis</strong></span> <span class='ocrx_word' id='word_1_199' title='bbox 2521 1493 2659 1547; x_wconf 86' lang='lat' dir='ltr'><strong>fama</strong></span> <span class='ocrx_word' id='word_1_200' title='bbox 2694 1493 2942 1566; x_wconf 83' lang='lat' dir='ltr'><strong>vulgante</strong></span> <span class='ocrx_word' id='word_1_201' title='bbox 2965 1495 3239 1560; x_wconf 87' lang='lat' dir='ltr'><strong>dilatatur,</strong></span> <span class='ocrx_word' id='word_1_202' title='bbox 3284 1505 3338 1549; x_wconf 90' lang='lat' dir='ltr'><strong>et</strong></span> <span class='ocrx_word' id='word_1_203' title='bbox 3364 1495 3693 1550; x_wconf 83' lang='lat' dir='ltr'><strong>Thiedricus</strong></span> <span class='ocrx_word' id='word_1_204' title='bbox 3715 1496 3822 1560; x_wconf 73' lang='grc'>³⁸⁸⁸,</span> 
     </span>
    </p>
   </div>
   <div class='ocr_carea' id='block_1_31' title="bbox 2251 1583 3824 1655">
    <p class='ocr_par' dir='ltr' id='par_1_31' title="bbox 2251 1583 3824 1655">
     <span class='ocr_line' id='line_1_31' title="bbox 2251 1583 3824 1655; baseline 0 -17"><span class='ocrx_word' id='word_1_205' title='bbox 2251 1593 2452 1638; x_wconf 64' lang='lat' dir='ltr'><strong>sancta:</strong></span> <span class='ocrx_word' id='word_1_206' title='bbox 2497 1583 3000 1654; x_wconf 78' lang='lat' dir='ltr'><strong>Mirmingendensis</strong></span> <span class='ocrx_word' id='word_1_207' title='bbox 3047 1586 3304 1640; x_wconf 69' lang='lat' dir='ltr'><strong>:ecrlesia:</strong></span> <span class='ocrx_word' id='word_1_208' title='bbox 3330 1585 3538 1655; x_wconf 88' lang='lat' dir='ltr'><strong>presul,</strong></span> <span class='ocrx_word' id='word_1_209' title='bbox 3571 1594 3824 1638; x_wconf 86' lang='lat' dir='ltr'><strong>materte-</strong></span> 
     </span>
    </p>
   </div>
   <div class='ocr_carea' id='block_1_32' title="bbox 2250 1674 3822 1748">
    <p class='ocr_par' dir='ltr' id='par_1_32' title="bbox 2250 1674 3822 1748">
     <span class='ocr_line' id='line_1_32' title="bbox 2250 1674 3822 1748; baseline 0 -19"><span class='ocrx_word' id='word_1_210' title='bbox 2250 1690 2326 1729; x_wconf 67' lang='lat' dir='ltr'><strong>ra:</strong></span> <span class='ocrx_word' id='word_1_211' title='bbox 2356 1689 2487 1730; x_wconf 80' lang='lat' dir='ltr'><strong>meae</strong></span> <span class='ocrx_word' id='word_1_212' title='bbox 2515 1674 2676 1748; x_wconf 80' lang='lat' dir='ltr'><strong>[filius</strong></span> <span class='ocrx_word' id='word_1_213' title='bbox 2702 1674 2835 1748; x_wconf 67' lang='grc' dir='ltr'><strong>ηπ),</strong></span> <span class='ocrx_word' id='word_1_214' title='bbox 2863 1675 3016 1744; x_wconf 83' lang='lat' dir='ltr'><strong>juxta</strong></span> <span class='ocrx_word' id='word_1_215' title='bbox 3047 1677 3136 1745; x_wconf 88' lang='lat' dir='ltr'><strong>qui</strong></span> <span class='ocrx_word' id='word_1_216' title='bbox 3163 1675 3256 1708; x_wconf 68' lang='lat' dir='ltr'><strong>‘m</strong></span> <span class='ocrx_word' id='word_1_217' title='bbox 3293 1677 3674 1744; x_wconf 80' lang='lat' dir='ltr'><strong>exspectabat,</strong></span> <span class='ocrx_word' id='word_1_218' title='bbox 3713 1676 3822 1745; x_wconf 78' lang='lat' dir='ltr'><strong>pri-</strong></span> 
     </span>
    </p>
   </div>
   <div class='ocr_carea' id='block_1_33' title="bbox 577 1760 3824 1836">
    <p class='ocr_par' dir='ltr' id='par_1_33' title="bbox 577 1760 3824 1836">
     <span class='ocr_line' id='line_1_33' title="bbox 577 1760 3824 1836; baseline 0.002 -21"><span class='ocrx_word' id='word_1_219' title='bbox 577 1769 684 1816; x_wconf 88' lang='lat' dir='ltr'><strong>tem</strong></span> <span class='ocrx_word' id='word_1_220' title='bbox 713 1777 779 1816; x_wconf 84' lang='lat' dir='ltr'><strong>ex</strong></span> <span class='ocrx_word' id='word_1_221' title='bbox 806 1771 1033 1832; x_wconf 89' lang='lat' dir='ltr'><strong>utraque</strong></span> <span class='ocrx_word' id='word_1_222' title='bbox 1058 1760 1149 1793; x_wconf 62' lang='grc' dir='ltr'><strong>¹⁶δ⁷</strong></span> <span class='ocrx_word' id='word_1_223' title='bbox 1174 1769 1328 1831; x_wconf 88' lang='lat' dir='ltr'><strong>parte</strong></span> <span class='ocrx_word' id='word_1_224' title='bbox 1370 1762 1830 1833; x_wconf 77' lang='lat' dir='ltr'><strong>congredientium</strong></span> <span class='ocrx_word' id='word_1_225' title='bbox 1866 1772 1943 1818; x_wconf 89' lang='lat' dir='ltr'><strong>tot</strong></span> <span class='ocrx_word' id='word_1_226' title='bbox 1973 1765 2144 1820; x_wconf 81' lang='lat' dir='ltr'><strong>iucul-</strong></span> <span class='ocrx_word' id='word_1_227' title='bbox 2176 1768 2222 1828; x_wconf 85' lang='grc' dir='ltr'>Β</span> <span class='ocrx_word' id='word_1_228' title='bbox 2251 1783 2369 1822; x_wconf 89' lang='lat' dir='ltr'><strong>mus</strong></span> <span class='ocrx_word' id='word_1_229' title='bbox 2392 1762 2702 1834; x_wconf 87' lang='lat' dir='ltr'><strong>advenit,ac</strong></span> <span class='ocrx_word' id='word_1_230' title='bbox 2725 1766 2904 1823; x_wconf 86' lang='lat' dir='ltr'><strong>dilecti</strong></span> <span class='ocrx_word' id='word_1_231' title='bbox 2930 1769 3133 1824; x_wconf 91' lang='lat' dir='ltr'><strong>obitum</strong></span> <span class='ocrx_word' id='word_1_232' title='bbox 3164 1767 3321 1822; x_wconf 87' lang='lat' dir='ltr'><strong>amici</strong></span> <span class='ocrx_word' id='word_1_233' title='bbox 3357 1781 3577 1822; x_wconf 82' lang='lat' dir='ltr'><strong>merere</strong></span> <span class='ocrx_word' id='word_1_234' title='bbox 3606 1776 3824 1836; x_wconf 77' lang='lat' dir='ltr'><strong>questus</strong></span> 
     </span>
    </p>
   </div>
   <div class='ocr_carea' id='block_1_34' title="bbox 574 1854 1134 1922">
    <p class='ocr_par' dir='ltr' id='par_1_34' title="bbox 574 1854 1134 1922">
     <span class='ocr_line' id='line_1_34' title="bbox 574 1854 1134 1922; baseline -0.002 -15"><span class='ocrx_word' id='word_1_235' title='bbox 574 1854 782 1922; x_wconf 90' lang='lat' dir='ltr'><strong>pabiles</strong></span> <span class='ocrx_word' id='word_1_236' title='bbox 803 1855 1134 1909; x_wconf 80' lang='lat' dir='ltr'><strong>ceciderunt.</strong></span> 
     </span>
    </p>
   </div>
   <div class='ocr_carea' id='block_1_35' title="bbox 644 1945 2148 2018">
    <p class='ocr_par' dir='ltr' id='par_1_35' title="bbox 644 1945 2148 2018">
     <span class='ocr_line' id='line_1_35' title="bbox 644 1945 2148 2018; baseline 0.002 -18"><span class='ocrx_word' id='word_1_237' title='bbox 644 1947 734 2000; x_wconf 78' lang='lat'><strong>35.</strong></span> <span class='ocrx_word' id='word_1_238' title='bbox 777 1945 999 2002; x_wconf 69' lang='lat' dir='ltr'><strong>Cmtcra:</strong></span> <span class='ocrx_word' id='word_1_239' title='bbox 1039 1946 1272 2002; x_wconf 54' lang='lat' dir='ltr'><strong>verum“</strong></span> <span class='ocrx_word' id='word_1_240' title='bbox 1301 1946 1350 2000; x_wconf 95' lang='lat' dir='ltr'><strong>in</strong></span> <span class='ocrx_word' id='word_1_241' title='bbox 1399 1946 1503 2002; x_wconf 84' lang='lat' dir='ltr'><strong>hiis</strong></span> <span class='ocrx_word' id='word_1_242' title='bbox 1529 1946 1772 2016; x_wconf 87' lang='lat' dir='ltr'><strong>partibus</strong></span> <span class='ocrx_word' id='word_1_243' title='bbox 1799 1956 2009 2018; x_wconf 85' lang='lat' dir='ltr'><strong>strages</strong></span> <span class='ocrx_word' id='word_1_244' title='bbox 2031 1947 2148 2016; x_wconf 71' lang='grc'><strong>³⁸⁸⁸,</strong></span> 
     </span>
    </p>
   </div>
   <div class='ocr_carea' id='block_1_36' title="bbox 571 2038 2147 2110">
    <p class='ocr_par' dir='ltr' id='par_1_36' title="bbox 571 2038 2147 2110">
     <span class='ocr_line' id='line_1_36' title="bbox 571 2038 2147 2110; baseline 0.001 -18"><span class='ocrx_word' id='word_1_245' title='bbox 571 2054 672 2109; x_wconf 90' lang='lat' dir='ltr'><strong>pro</strong></span> <span class='ocrx_word' id='word_1_246' title='bbox 697 2040 874 2094; x_wconf 87' lang='lat' dir='ltr'><strong>dolor!</strong></span> <span class='ocrx_word' id='word_1_247' title='bbox 927 2040 980 2093; x_wconf 92' lang='lat' dir='ltr'><strong>in</strong></span> <span class='ocrx_word' id='word_1_248' title='bbox 1028 2038 1132 2092; x_wconf 85' lang='lat' dir='ltr'><strong>illis</strong></span> <span class='ocrx_word' id='word_1_249' title='bbox 1185 2039 1515 2108; x_wconf 84' lang='lat' dir='ltr'><strong>temporibus</strong></span> <span class='ocrx_word' id='word_1_250' title='bbox 1578 2053 1826 2094; x_wconf 88' lang='lat' dir='ltr'><strong>evenere.</strong></span> <span class='ocrx_word' id='word_1_251' title='bbox 1877 2039 1930 2094; x_wconf 94' lang='lat' dir='ltr'><strong>ln</strong></span> <span class='ocrx_word' id='word_1_252' title='bbox 1982 2055 2147 2110; x_wconf 87' lang='lat' dir='ltr'><strong>regno</strong></span> 
     </span>
    </p>
   </div>
   <div class='ocr_carea' id='block_1_37' title="bbox 571 2130 2145 2201">
    <p class='ocr_par' dir='ltr' id='par_1_37' title="bbox 571 2130 2145 2201">
     <span class='ocr_line' id='line_1_37' title="bbox 571 2130 2145 2201; baseline 0.001 -16"><span class='ocrx_word' id='word_1_253' title='bbox 571 2135 807 2201; x_wconf 87' lang='lat' dir='ltr'><strong>namque</strong></span> <span class='ocrx_word' id='word_1_254' title='bbox 831 2130 922 2162; x_wconf 61' lang='grc'><strong>⁸⁸⁸³</strong></span> <span class='ocrx_word' id='word_1_255' title='bbox 968 2131 1179 2200; x_wconf 75' lang='lat' dir='ltr'><strong>pacifici</strong></span> <span class='ocrx_word' id='word_1_256' title='bbox 1235 2139 1289 2184; x_wconf 89' lang='lat' dir='ltr'><strong>et</strong></span> <span class='ocrx_word' id='word_1_257' title='bbox 1337 2146 1433 2200; x_wconf 89' lang='lat' dir='ltr'><strong>per</strong></span> <span class='ocrx_word' id='word_1_258' title='bbox 1457 2131 1634 2184; x_wconf 90' lang='lat' dir='ltr'><strong>omnia</strong></span> <span class='ocrx_word' id='word_1_259' title='bbox 1658 2131 1981 2186; x_wconf 87' lang='lat' dir='ltr'><strong>venerabilis</strong></span> <span class='ocrx_word' id='word_1_260' title='bbox 2010 2130 2145 2186; x_wconf 78' lang='lat' dir='ltr'><strong>Rot-</strong></span> 
     </span>
    </p>
   </div>
   <div class='ocr_carea' id='block_1_38' title="bbox 573 2221 2146 2293">
    <p class='ocr_par' dir='ltr' id='par_1_38' title="bbox 573 2221 2146 2293">
     <span class='ocr_line' id='line_1_38' title="bbox 573 2221 2146 2293; baseline 0 -17"><span class='ocrx_word' id='word_1_261' title='bbox 573 2221 714 2277; x_wconf 88' lang='lat' dir='ltr'><strong>berti</strong></span> <span class='ocrx_word' id='word_1_262' title='bbox 741 2223 831 2256; x_wconf 84' lang='grc'><strong>¹⁶·⁹</strong></span> <span class='ocrx_word' id='word_1_263' title='bbox 873 2223 1035 2293; x_wconf 80' lang='lat' dir='ltr'><strong>regis,</strong></span> <span class='ocrx_word' id='word_1_264' title='bbox 1091 2221 1568 2292; x_wconf 88' lang='lat' dir='ltr'><strong>comprovinciales</strong></span> <span class='ocrx_word' id='word_1_265' title='bbox 1625 2222 1700 2276; x_wconf 90' lang='lat' dir='ltr'><strong>hii</strong></span> <span class='ocrx_word' id='word_1_266' title='bbox 1737 2233 1922 2278; x_wconf 90' lang='lat' dir='ltr'><strong>mutuo</strong></span> <span class='ocrx_word' id='word_1_267' title='bbox 1963 2221 2146 2277; x_wconf 79' lang='lat' dir='ltr'><strong>conﬂi-</strong></span> 
     </span>
    </p>
   </div>
   <div class='ocr_carea' id='block_1_39' title="bbox 574 2313 2144 2388">
    <p class='ocr_par' dir='ltr' id='par_1_39' title="bbox 574 2313 2144 2388">
     <span class='ocr_line' id='line_1_39' title="bbox 574 2313 2144 2388; baseline -0.001 -18"><span class='ocrx_word' id='word_1_268' title='bbox 574 2325 784 2388; x_wconf 82' lang='lat' dir='ltr'><strong>gentes,</strong></span> <span class='ocrx_word' id='word_1_269' title='bbox 836 2316 1102 2371; x_wconf 81' lang='lat' dir='ltr'><strong>interfecti</strong></span> <span class='ocrx_word' id='word_1_270' title='bbox 1157 2322 1281 2370; x_wconf 91' lang='lat' dir='ltr'><strong>sunt</strong></span> <span class='ocrx_word' id='word_1_271' title='bbox 1330 2313 1450 2383; x_wconf 88' lang='lat' dir='ltr'><strong>plus</strong></span> <span class='ocrx_word' id='word_1_272' title='bbox 1504 2331 1666 2384; x_wconf 89' lang='lat' dir='ltr'><strong>quam</strong></span> <span class='ocrx_word' id='word_1_273' title='bbox 1715 2315 1814 2370; x_wconf 77' lang='lat' dir='ltr'><strong>tria</strong></span> <span class='ocrx_word' id='word_1_274' title='bbox 1867 2315 2144 2370; x_wconf 90' lang='lat' dir='ltr'><strong>hominum</strong></span> 
     </span>
    </p>
   </div>
   <div class='ocr_carea' id='block_1_40' title="bbox 573 2406 2146 2476">
    <p class='ocr_par' dir='ltr' id='par_1_40' title="bbox 573 2406 2146 2476">
     <span class='ocr_line' id='line_1_40' title="bbox 573 2406 2146 2476; baseline -0.003 -12"><span class='ocrx_word' id='word_1_275' title='bbox 573 2407 742 2464; x_wconf 88' lang='lat' dir='ltr'><strong>milia.</strong></span> <span class='ocrx_word' id='word_1_276' title='bbox 772 2406 881 2463; x_wconf 87' lang='lat' dir='ltr'><strong>Nec</strong></span> <span class='ocrx_word' id='word_1_277' title='bbox 904 2417 986 2463; x_wconf 91' lang='lat' dir='ltr'><strong>est</strong></span> <span class='ocrx_word' id='word_1_278' title='bbox 1034 2423 1063 2461; x_wconf 94' lang='lat' dir='ltr'><strong>a</strong></span> <span class='ocrx_word' id='word_1_279' title='bbox 1117 2422 1201 2460; x_wconf 92' lang='lat' dir='ltr'><strong>me</strong></span> <span class='ocrx_word' id='word_1_280' title='bbox 1252 2407 1686 2474; x_wconf 90' lang='lat' dir='ltr'><strong>pretcreundum,</strong></span> <span class='ocrx_word' id='word_1_281' title='bbox 1717 2407 1868 2476; x_wconf 70' lang='lat' dir='ltr'><strong>quod,</strong></span> <span class='ocrx_word' id='word_1_282' title='bbox 1886 2416 2004 2476; x_wconf 91' lang='lat' dir='ltr'><strong>post</strong></span> <span class='ocrx_word' id='word_1_283' title='bbox 2031 2407 2146 2461; x_wconf 74' lang='lat' dir='ltr'><strong>luce</strong></span> 
     </span>
    </p>
   </div>
   <div class='ocr_carea' id='block_1_41' title="bbox 573 2497 2144 2572">
    <p class='ocr_par' dir='ltr' id='par_1_41' title="bbox 573 2497 2144 2572">
     <span class='ocr_line' id='line_1_41' title="bbox 573 2497 2144 2572; baseline -0.005 -12"><span class='ocrx_word' id='word_1_284' title='bbox 573 2504 770 2560; x_wconf 90' lang='lat' dir='ltr'><strong>accidit</strong></span> <span class='ocrx_word' id='word_1_285' title='bbox 799 2500 1307 2572; x_wconf 69' lang='lat' dir='ltr'><strong>inexuperabile‘m</strong></span> <span class='ocrx_word' id='word_1_286' title='bbox 1331 2501 1606 2556; x_wconf 80' lang='lat' dir='ltr'><strong>damnum.</strong></span> <span class='ocrx_word' id='word_1_287' title='bbox 1634 2497 1876 2569; x_wconf 85' lang='lat' dir='ltr'><strong>Namque</strong></span> <span class='ocrx_word' id='word_1_288' title='bbox 1902 2513 2144 2554; x_wconf 88' lang='lat' dir='ltr'><strong>avuncu-</strong></span> 
     </span>
    </p>
   </div>
   <div class='ocr_carea' id='block_1_42' title="bbox 573 2587 2145 2659">
    <p class='ocr_par' dir='ltr' id='par_1_42' title="bbox 573 2587 2145 2659">
     <span class='ocr_line' id='line_1_42' title="bbox 573 2587 2145 2659; baseline -0.003 -11"><span class='ocrx_word' id='word_1_289' title='bbox 573 2596 756 2652; x_wconf 81' lang='lat' dir='ltr'><strong>lus&quot;“</strong></span> <span class='ocrx_word' id='word_1_290' title='bbox 789 2611 958 2659; x_wconf 91' lang='lat' dir='ltr'><strong>meus,</strong></span> <span class='ocrx_word' id='word_1_291' title='bbox 989 2609 1170 2650; x_wconf 87' lang='lat' dir='ltr'><strong>comes</strong></span> <span class='ocrx_word' id='word_1_292' title='bbox 1212 2591 1518 2655; x_wconf 84' lang='lat' dir='ltr'><strong>lleinricus,</strong></span> <span class='ocrx_word' id='word_1_293' title='bbox 1560 2591 1614 2645; x_wconf 86' lang='lat' dir='ltr'><strong>in</strong></span> <span class='ocrx_word' id='word_1_294' title='bbox 1643 2591 1858 2646; x_wconf 84' lang='lat' dir='ltr'><strong>Christo</strong></span> <span class='ocrx_word' id='word_1_295' title='bbox 1883 2587 1940 2645; x_wconf 76' lang='lat' dir='ltr'><strong>et</strong></span> <span class='ocrx_word' id='word_1_296' title='bbox 1959 2591 2011 2644; x_wconf 92' lang='lat' dir='ltr'><strong>in</strong></span> <span class='ocrx_word' id='word_1_297' title='bbox 2043 2589 2145 2644; x_wconf 90' lang='lat' dir='ltr'><strong>hoc</strong></span> 
     </span>
    </p>
   </div>
   <div class='ocr_carea' id='block_1_43' title="bbox 572 2683 2145 2755">
    <p class='ocr_par' dir='ltr' id='par_1_43' title="bbox 572 2683 2145 2755">
     <span class='ocr_line' id='line_1_43' title="bbox 572 2683 2145 2755; baseline -0.001 -13"><span class='ocrx_word' id='word_1_298' title='bbox 572 2687 754 2743; x_wconf 90' lang='lat' dir='ltr'><strong>seculo</strong></span> <span class='ocrx_word' id='word_1_299' title='bbox 781 2688 1008 2742; x_wconf 89' lang='lat' dir='ltr'><strong>multum</strong></span> <span class='ocrx_word' id='word_1_300' title='bbox 1029 2683 1672 2755; x_wconf 87' lang='lat' dir='ltr'><strong>valcns,gratulabnndus</strong></span> <span class='ocrx_word' id='word_1_301' title='bbox 1691 2683 1838 2754; x_wconf 87' lang='lat' dir='ltr'><strong>justa</strong></span> <span class='ocrx_word' id='word_1_302' title='bbox 1864 2693 2145 2741; x_wconf 87' lang='lat' dir='ltr'><strong>senectute</strong></span> 
     </span>
    </p>
   </div>
   <div class='ocr_carea' id='block_1_44' title="bbox 572 2775 2140 2847">
    <p class='ocr_par' dir='ltr' id='par_1_44' title="bbox 572 2775 2140 2847">
     <span class='ocr_line' id='line_1_44' title="bbox 572 2775 2140 2847; baseline -0.001 -13"><span class='ocrx_word' id='word_1_303' title='bbox 572 2780 788 2835; x_wconf 88' lang='lat' dir='ltr'><strong>ctbono</strong></span> <span class='ocrx_word' id='word_1_304' title='bbox 811 2780 902 2811; x_wconf 79' lang='grc'>¹⁶⁸²</span> <span class='ocrx_word' id='word_1_305' title='bbox 952 2778 1076 2842; x_wconf 85' lang='lat' dir='ltr'><strong>fine,</strong></span> <span class='ocrx_word' id='word_1_306' title='bbox 1111 2778 1391 2847; x_wconf 90' lang='lat' dir='ltr'><strong>utriusque</strong></span> <span class='ocrx_word' id='word_1_307' title='bbox 1426 2775 1664 2831; x_wconf 90' lang='lat' dir='ltr'><strong>debitum</strong></span> <span class='ocrx_word' id='word_1_308' title='bbox 1701 2777 1958 2845; x_wconf 88' lang='lat' dir='ltr'><strong>persolvit</strong></span> <span class='ocrx_word' id='word_1_309' title='bbox 1983 2785 2140 2832; x_wconf 87' lang='lat' dir='ltr'><strong>natu-</strong></span> 
     </span>
    </p>
   </div>
   <div class='ocr_carea' id='block_1_45' title="bbox 571 2868 2144 2940">
    <p class='ocr_par' dir='ltr' id='par_1_45' title="bbox 571 2868 2144 2940">
     <span class='ocr_line' id='line_1_45' title="bbox 571 2868 2144 2940; baseline -0.001 -13"><span class='ocrx_word' id='word_1_310' title='bbox 571 2887 646 2926; x_wconf 65' lang='lat' dir='ltr'><strong>ra!</strong></span> <span class='ocrx_word' id='word_1_311' title='bbox 691 2872 723 2927; x_wconf 88' lang='lat'><strong>6</strong></span> <span class='ocrx_word' id='word_1_312' title='bbox 768 2872 946 2926; x_wconf 84' lang='lat' dir='ltr'><strong>Nonas</strong></span> <span class='ocrx_word' id='word_1_313' title='bbox 990 2869 1239 2925; x_wconf 86' lang='lat' dir='ltr'><strong>Octobris</strong></span> <span class='ocrx_word' id='word_1_314' title='bbox 1302 2869 1468 2940; x_wconf 72' lang='lat'><strong>(902).</strong></span> <span class='ocrx_word' id='word_1_315' title='bbox 1525 2868 1746 2939; x_wconf 87' lang='lat' dir='ltr'><strong>Insuper</strong></span> <span class='ocrx_word' id='word_1_316' title='bbox 1784 2868 2144 2940; x_wconf 84' lang='lat' dir='ltr'><strong>Wigmannus</strong></span> 
     </span>
    </p>
   </div>
   <div class='ocr_carea' id='block_1_46' title="bbox 574 2959 2143 3029">
    <p class='ocr_par' dir='ltr' id='par_1_46' title="bbox 574 2959 2143 3029">
     <span class='ocr_line' id='line_1_46' title="bbox 574 2959 2143 3029; baseline -0.001 -9"><span class='ocrx_word' id='word_1_317' title='bbox 574 2979 778 3026; x_wconf 87' lang='lat' dir='ltr'><strong>eomes,</strong></span> <span class='ocrx_word' id='word_1_318' title='bbox 834 2963 982 3017; x_wconf 88' lang='lat' dir='ltr'><strong>utilis</strong></span> <span class='ocrx_word' id='word_1_319' title='bbox 1031 2962 1084 3015; x_wconf 88' lang='lat' dir='ltr'><strong>in</strong></span> <span class='ocrx_word' id='word_1_320' title='bbox 1132 2960 1382 3016; x_wconf 88' lang='lat' dir='ltr'><strong>omnibus</strong></span> <span class='ocrx_word' id='word_1_321' title='bbox 1439 2959 1644 3029; x_wconf 82' lang='lat' dir='ltr'><strong>patriae,</strong></span> <span class='ocrx_word' id='word_1_322' title='bbox 1673 2969 1853 3017; x_wconf 89' lang='lat' dir='ltr'><strong>ortatu</strong></span> <span class='ocrx_word' id='word_1_323' title='bbox 1896 2962 2143 3018; x_wconf 67' lang='lat' dir='ltr'><strong>secunda:</strong></span> 
     </span>
    </p>
   </div>
   <div class='ocr_carea' id='block_1_47' title="bbox 569 3051 2139 3122">
    <p class='ocr_par' dir='ltr' id='par_1_47' title="bbox 569 3051 2139 3122">
     <span class='ocr_line' id='line_1_47' title="bbox 569 3051 2139 3122; baseline -0.002 -10"><span class='ocrx_word' id='word_1_324' title='bbox 569 3056 892 3113; x_wconf 81' lang='lat' dir='ltr'><strong>llerodiadis</strong></span> <span class='ocrx_word' id='word_1_325' title='bbox 946 3052 1330 3109; x_wconf 87' lang='lat' dir='ltr'><strong>miserabiliter</strong></span> <span class='ocrx_word' id='word_1_326' title='bbox 1354 3051 1538 3107; x_wconf 88' lang='lat' dir='ltr'><strong>servili</strong></span> <span class='ocrx_word' id='word_1_327' title='bbox 1587 3051 1989 3122; x_wconf 86' lang='lat' dir='ltr'><strong>presumptione</strong></span> <span class='ocrx_word' id='word_1_328' title='bbox 2017 3067 2139 3109; x_wconf 86' lang='lat' dir='ltr'><strong>cor-</strong></span> 
     </span>
    </p>
   </div>
   <div class='ocr_carea' id='block_1_48' title="bbox 567 3142 2142 3214">
    <p class='ocr_par' dir='ltr' id='par_1_48' title="bbox 567 3142 2142 3214">
     <span class='ocr_line' id='line_1_48' title="bbox 567 3142 2142 3214; baseline -0.004 -8"><span class='ocrx_word' id='word_1_329' title='bbox 567 3151 700 3206; x_wconf 81' lang='lat' dir='ltr'><strong>ruit.</strong></span> <span class='ocrx_word' id='word_1_330' title='bbox 737 3148 842 3203; x_wconf 89' lang='lat' dir='ltr'><strong>Sed</strong></span> <span class='ocrx_word' id='word_1_331' title='bbox 895 3146 1033 3200; x_wconf 90' lang='lat' dir='ltr'><strong>unde</strong></span> <span class='ocrx_word' id='word_1_332' title='bbox 1085 3145 1184 3200; x_wconf 89' lang='lat' dir='ltr'><strong>hoc</strong></span> <span class='ocrx_word' id='word_1_333' title='bbox 1210 3144 1472 3208; x_wconf 85' lang='lat' dir='ltr'><strong>evenerit,</strong></span> <span class='ocrx_word' id='word_1_334' title='bbox 1500 3142 1708 3214; x_wconf 83' lang='lat' dir='ltr'><strong>lugubri</strong></span> <span class='ocrx_word' id='word_1_335' title='bbox 1740 3159 1986 3199; x_wconf 90' lang='lat' dir='ltr'><strong>sermone</strong></span> <span class='ocrx_word' id='word_1_336' title='bbox 2012 3159 2142 3214; x_wconf 85' lang='lat' dir='ltr'><strong>ape-</strong></span> 
     </span>
    </p>
   </div>
   <div class='ocr_carea' id='block_1_49' title="bbox 569 3235 2140 3312">
    <p class='ocr_par' dir='ltr' id='par_1_49' title="bbox 569 3235 2140 3312">
     <span class='ocr_line' id='line_1_49' title="bbox 569 3235 2140 3312; baseline -0.004 -15"><span class='ocrx_word' id='word_1_337' title='bbox 569 3243 708 3297; x_wconf 88' lang='lat' dir='ltr'><strong>riam</strong></span> <span class='ocrx_word' id='word_1_338' title='bbox 731 3239 898 3312; x_wconf 79' lang='lat'><strong>(905).</strong></span> <span class='ocrx_word' id='word_1_339' title='bbox 937 3238 1091 3296; x_wconf 83' lang='lat' dir='ltr'><strong>Jutcr</strong></span> <span class='ocrx_word' id='word_1_340' title='bbox 1143 3235 1442 3305; x_wconf 80' lang='lat' dir='ltr'><strong>predictum</strong></span> <span class='ocrx_word' id='word_1_341' title='bbox 1473 3243 1526 3289; x_wconf 91' lang='lat' dir='ltr'><strong>ct</strong></span> <span class='ocrx_word' id='word_1_342' title='bbox 1551 3235 1803 3290; x_wconf 83' lang='lat' dir='ltr'><strong>comitem</strong></span> <span class='ocrx_word' id='word_1_343' title='bbox 1835 3235 2140 3291; x_wconf 80' lang='lat' dir='ltr'><strong>Baldricum</strong></span> 
     </span>
    </p>
   </div>
   <div class='ocr_carea' id='block_1_50' title="bbox 569 3326 2141 3403">
    <p class='ocr_par' dir='ltr' id='par_1_50' title="bbox 569 3326 2141 3403">
     <span class='ocr_line' id='line_1_50' title="bbox 569 3326 2141 3403; baseline -0.003 -14"><span class='ocrx_word' id='word_1_344' title='bbox 569 3335 729 3403; x_wconf 86' lang='lat' dir='ltr'><strong>longa</strong></span> <span class='ocrx_word' id='word_1_345' title='bbox 763 3333 884 3390; x_wconf 89' lang='lat' dir='ltr'><strong>.fuit</strong></span> <span class='ocrx_word' id='word_1_346' title='bbox 928 3330 1222 3394; x_wconf 88' lang='lat' dir='ltr'><strong>contentio,</strong></span> <span class='ocrx_word' id='word_1_347' title='bbox 1260 3343 1377 3397; x_wconf 67' lang='lat' dir='ltr'><strong>qua:</strong></span> <span class='ocrx_word' id='word_1_348' title='bbox 1404 3326 1708 3380; x_wconf 86' lang='lat' dir='ltr'><strong>Baldricum</strong></span> <span class='ocrx_word' id='word_1_349' title='bbox 1732 3343 1859 3396; x_wconf 88' lang='lat' dir='ltr'><strong>sepe</strong></span> <span class='ocrx_word' id='word_1_350' title='bbox 1891 3328 1943 3382; x_wconf 88' lang='lat' dir='ltr'><strong>in</strong></span> <span class='ocrx_word' id='word_1_351' title='bbox 1972 3330 2141 3398; x_wconf 74' lang='lat' dir='ltr'><strong>pretio</strong></span> 
     </span>
    </p>
   </div>
   <div class='ocr_carea' id='block_1_51' title="bbox 571 3420 2142 3484">
    <p class='ocr_par' dir='ltr' id='par_1_51' title="bbox 571 3420 2142 3484">
     <span class='ocr_line' id='line_1_51' title="bbox 571 3420 2142 3484; baseline -0.003 -1"><span class='ocrx_word' id='word_1_352' title='bbox 571 3427 841 3483; x_wconf 88' lang='lat' dir='ltr'><strong>devictum</strong></span> <span class='ocrx_word' id='word_1_353' title='bbox 893 3434 1080 3479; x_wconf 92' lang='lat' dir='ltr'><strong>mutuo</strong></span> <span class='ocrx_word' id='word_1_354' title='bbox 1105 3423 1157 3478; x_wconf 91' lang='lat' dir='ltr'><strong>in</strong></span> <span class='ocrx_word' id='word_1_355' title='bbox 1203 3432 1410 3476; x_wconf 88' lang='lat' dir='ltr'><strong>tantum</strong></span> <span class='ocrx_word' id='word_1_356' title='bbox 1441 3420 1762 3484; x_wconf 85' lang='lat' dir='ltr'><strong>humiliavit,</strong></span> <span class='ocrx_word' id='word_1_357' title='bbox 1796 3430 1855 3475; x_wconf 89' lang='lat' dir='ltr'><strong>ut</strong></span> <span class='ocrx_word' id='word_1_358' title='bbox 1881 3423 2020 3476; x_wconf 90' lang='lat' dir='ltr'><strong>inter</strong></span> <span class='ocrx_word' id='word_1_359' title='bbox 2039 3440 2142 3479; x_wconf 77' lang='lat' dir='ltr'><strong>ca:-</strong></span> 
     </span>
    </p>
   </div>
   <div class='ocr_carea' id='block_1_52' title="bbox 569 3513 2139 3589">
    <p class='ocr_par' dir='ltr' id='par_1_52' title="bbox 569 3513 2139 3589">
     <span class='ocr_line' id='line_1_52' title="bbox 569 3513 2139 3589; baseline -0.003 -15"><span class='ocrx_word' id='word_1_360' title='bbox 569 3529 719 3574; x_wconf 86' lang='lat' dir='ltr'><strong>teros</strong></span> <span class='ocrx_word' id='word_1_361' title='bbox 769 3517 1025 3589; x_wconf 88' lang='lat' dir='ltr'><strong>primates</strong></span> <span class='ocrx_word' id='word_1_362' title='bbox 1082 3531 1203 3569; x_wconf 92' lang='lat' dir='ltr'><strong>cum</strong></span> <span class='ocrx_word' id='word_1_363' title='bbox 1247 3527 1439 3582; x_wconf 84' lang='lat' dir='ltr'><strong>magno</strong></span> <span class='ocrx_word' id='word_1_364' title='bbox 1499 3521 1812 3566; x_wconf 86' lang='lat' dir='ltr'><strong>versaretur</strong></span> <span class='ocrx_word' id='word_1_365' title='bbox 1851 3513 2139 3570; x_wconf 71' lang='lat' dir='ltr'><strong>dedecore.</strong></span> 
     </span>
    </p>
   </div>
   <div class='ocr_carea' id='block_1_53' title="bbox 567 3603 2141 3677">
    <p class='ocr_par' dir='ltr' id='par_1_53' title="bbox 567 3603 2141 3677">
     <span class='ocr_line' id='line_1_53' title="bbox 567 3603 2141 3677; baseline -0.004 -10"><span class='ocrx_word' id='word_1_366' title='bbox 567 3612 792 3668; x_wconf 87' lang='lat' dir='ltr'><strong>Omnem</strong></span> <span class='ocrx_word' id='word_1_367' title='bbox 839 3610 1031 3664; x_wconf 88' lang='lat' dir='ltr'><strong>suimet</strong></span> <span class='ocrx_word' id='word_1_368' title='bbox 1057 3607 1467 3677; x_wconf 86' lang='lat' dir='ltr'><strong>prosperitatem</strong></span> <span class='ocrx_word' id='word_1_369' title='bbox 1493 3603 1850 3674; x_wconf 88' lang='lat' dir='ltr'><strong>Wigmannus</strong></span> <span class='ocrx_word' id='word_1_370' title='bbox 1876 3621 2015 3675; x_wconf 84' lang='lat' dir='ltr'><strong>equo</strong></span> <span class='ocrx_word' id='word_1_371' title='bbox 2060 3606 2141 3662; x_wconf 82' lang='lat' dir='ltr'><strong>fe-</strong></span> 
     </span>
    </p>
   </div>
   <div class='ocr_carea' id='block_1_54' title="bbox 569 3696 2140 3768">
    <p class='ocr_par' dir='ltr' id='par_1_54' title="bbox 569 3696 2140 3768">
     <span class='ocr_line' id='line_1_54' title="bbox 569 3696 2140 3768; baseline -0.005 -9"><span class='ocrx_word' id='word_1_372' title='bbox 569 3718 697 3759; x_wconf 92' lang='lat' dir='ltr'><strong>rens</strong></span> <span class='ocrx_word' id='word_1_373' title='bbox 729 3701 911 3755; x_wconf 89' lang='lat' dir='ltr'><strong>animo</strong></span> <span class='ocrx_word' id='word_1_374' title='bbox 934 3709 988 3755; x_wconf 90' lang='lat' dir='ltr'><strong>et</strong></span> <span class='ocrx_word' id='word_1_375' title='bbox 1015 3701 1192 3754; x_wconf 82' lang='lat' dir='ltr'><strong>divine</strong></span> <span class='ocrx_word' id='word_1_376' title='bbox 1223 3698 1311 3730; x_wconf 80' lang='grc'><strong>¹⁶⁵³</strong></span> <span class='ocrx_word' id='word_1_377' title='bbox 1332 3697 1639 3752; x_wconf 84' lang='lat' dir='ltr'><strong>asscribens</strong></span> <span class='ocrx_word' id='word_1_378' title='bbox 1665 3696 1970 3765; x_wconf 89' lang='lat' dir='ltr'><strong>clementie,</strong></span> <span class='ocrx_word' id='word_1_379' title='bbox 1993 3698 2140 3768; x_wconf 81' lang='lat' dir='ltr'><strong>pacis</strong></span> 
     </span>
    </p>
   </div>
   <div class='ocr_carea' id='block_1_55' title="bbox 565 3788 2136 3852">
    <p class='ocr_par' dir='ltr' id='par_1_55' title="bbox 565 3788 2136 3852">
     <span class='ocr_line' id='line_1_55' title="bbox 565 3788 2136 3852; baseline -0.004 -4"><span class='ocrx_word' id='word_1_380' title='bbox 565 3795 750 3850; x_wconf 80' lang='lat' dir='ltr'><strong>federe</strong></span> <span class='ocrx_word' id='word_1_381' title='bbox 772 3793 1096 3848; x_wconf 84' lang='lat' dir='ltr'><strong>discordiam</strong></span> <span class='ocrx_word' id='word_1_382' title='bbox 1112 3792 1200 3846; x_wconf 92' lang='lat' dir='ltr'><strong>diu</strong></span> <span class='ocrx_word' id='word_1_383' title='bbox 1224 3791 1584 3846; x_wconf 86' lang='lat' dir='ltr'><strong>insanientem</strong></span> <span class='ocrx_word' id='word_1_384' title='bbox 1609 3788 1799 3844; x_wconf 88' lang='lat' dir='ltr'><strong>sedare</strong></span> <span class='ocrx_word' id='word_1_385' title='bbox 1823 3789 2136 3852; x_wconf 81' lang='lat' dir='ltr'><strong>meditatur,</strong></span> 
     </span>
    </p>
   </div>
   <div class='ocr_carea' id='block_1_56' title="bbox 564 3880 2140 3954">
    <p class='ocr_par' dir='ltr' id='par_1_56' title="bbox 564 3880 2140 3954">
     <span class='ocr_line' id='line_1_56' title="bbox 564 3880 2140 3954; baseline -0.006 -12"><span class='ocrx_word' id='word_1_386' title='bbox 564 3896 622 3943; x_wconf 89' lang='lat' dir='ltr'><strong>et</strong></span> <span class='ocrx_word' id='word_1_387' title='bbox 662 3888 872 3942; x_wconf 85' lang='lat' dir='ltr'><strong>hostem</strong></span> <span class='ocrx_word' id='word_1_388' title='bbox 918 3885 1186 3940; x_wconf 86' lang='lat' dir='ltr'><strong>amicabili</strong></span> <span class='ocrx_word' id='word_1_389' title='bbox 1216 3883 1484 3954; x_wconf 89' lang='lat' dir='ltr'><strong>peticione</strong></span> <span class='ocrx_word' id='word_1_390' title='bbox 1511 3880 1578 3936; x_wconf 87' lang='lat' dir='ltr'><strong>ad</strong></span> <span class='ocrx_word' id='word_1_391' title='bbox 1621 3883 1839 3934; x_wconf 89' lang='lat' dir='ltr'><strong>domum</strong></span> <span class='ocrx_word' id='word_1_392' title='bbox 1870 3895 2022 3934; x_wconf 87' lang='lat' dir='ltr'><strong>suam</strong></span> <span class='ocrx_word' id='word_1_393' title='bbox 2047 3894 2140 3933; x_wconf 82' lang='lat' dir='ltr'><strong>vo-</strong></span> 
     </span>
    </p>
   </div>
   <div class='ocr_carea' id='block_1_57' title="bbox 565 3972 2140 4046">
    <p class='ocr_par' dir='ltr' id='par_1_57' title="bbox 565 3972 2140 4046">
     <span class='ocr_line' id='line_1_57' title="bbox 565 3972 2140 4046; baseline -0.006 -10"><span class='ocrx_word' id='word_1_394' title='bbox 565 3995 718 4046; x_wconf 89' lang='lat' dir='ltr'><strong>cans,</strong></span> <span class='ocrx_word' id='word_1_395' title='bbox 771 3979 1022 4035; x_wconf 89' lang='lat' dir='ltr'><strong>convivio</strong></span> <span class='ocrx_word' id='word_1_396' title='bbox 1073 3986 1129 4032; x_wconf 91' lang='lat' dir='ltr'><strong>et</strong></span> <span class='ocrx_word' id='word_1_397' title='bbox 1181 3991 1406 4030; x_wconf 91' lang='lat' dir='ltr'><strong>munere</strong></span> <span class='ocrx_word' id='word_1_398' title='bbox 1451 3983 1673 4044; x_wconf 89' lang='lat' dir='ltr'><strong>accepto</strong></span> <span class='ocrx_word' id='word_1_399' title='bbox 1719 3973 1921 4044; x_wconf 88' lang='lat' dir='ltr'><strong>placat.</strong></span> <span class='ocrx_word' id='word_1_400' title='bbox 1976 3979 2030 4026; x_wconf 86' lang='lat' dir='ltr'><strong>et</strong></span> <span class='ocrx_word' id='word_1_401' title='bbox 2072 3972 2140 4026; x_wconf 85' lang='lat' dir='ltr'><strong>ab</strong></span> 
     </span>
    </p>
   </div>
   <div class='ocr_carea' id='block_1_58' title="bbox 565 4065 2140 4138">
    <p class='ocr_par' dir='ltr' id='par_1_58' title="bbox 565 4065 2140 4138">
     <span class='ocr_line' id='line_1_58' title="bbox 565 4065 2140 4138; baseline -0.006 -10"><span class='ocrx_word' id='word_1_402' title='bbox 565 4073 756 4129; x_wconf 89' lang='lat' dir='ltr'><strong>eodem</strong></span> <span class='ocrx_word' id='word_1_403' title='bbox 802 4072 868 4127; x_wconf 86' lang='lat' dir='ltr'><strong>ad</strong></span> <span class='ocrx_word' id='word_1_404' title='bbox 895 4070 1323 4126; x_wconf 79' lang='lat' dir='ltr'><strong>confirmandum</strong></span> <span class='ocrx_word' id='word_1_405' title='bbox 1371 4068 1598 4138; x_wconf 83' lang='lat' dir='ltr'><strong>inceptae</strong></span> <span class='ocrx_word' id='word_1_406' title='bbox 1627 4065 1931 4122; x_wconf 90' lang='lat' dir='ltr'><strong>dilectionis</strong></span> <span class='ocrx_word' id='word_1_407' title='bbox 1955 4065 2140 4119; x_wconf 87' lang='lat' dir='ltr'><strong>vincu-</strong></span> 
     </span>
    </p>
   </div>
   <div class='ocr_carea' id='block_1_59' title="bbox 567 4153 2138 4228">
    <p class='ocr_par' dir='ltr' id='par_1_59' title="bbox 567 4153 2138 4228">
     <span class='ocr_line' id='line_1_59' title="bbox 567 4153 2138 4228; baseline -0.006 -10"><span class='ocrx_word' id='word_1_408' title='bbox 567 4166 676 4220; x_wconf 89' lang='lat' dir='ltr'><strong>lum</strong></span> <span class='ocrx_word' id='word_1_409' title='bbox 725 4165 1003 4228; x_wconf 89' lang='lat' dir='ltr'><strong>invitatur,</strong></span> <span class='ocrx_word' id='word_1_410' title='bbox 1067 4160 1379 4216; x_wconf 83' lang='lat' dir='ltr'><strong>insibilante</strong></span> <span class='ocrx_word' id='word_1_411' title='bbox 1417 4159 1519 4214; x_wconf 88' lang='lat' dir='ltr'><strong>hoc</strong></span> <span class='ocrx_word' id='word_1_412' title='bbox 1573 4171 1675 4228; x_wconf 85' lang='lat' dir='ltr'><strong>per</strong></span> <span class='ocrx_word' id='word_1_413' title='bbox 1724 4153 1946 4210; x_wconf 76' lang='lat' dir='ltr'><strong>uxorem</strong></span> <span class='ocrx_word' id='word_1_414' title='bbox 1985 4169 2138 4209; x_wconf 88' lang='lat' dir='ltr'><strong>suam</strong></span> 
     </span>
    </p>
   </div>
   <div class='ocr_carea' id='block_1_60' title="bbox 567 4244 2137 4324">
    <p class='ocr_par' dir='ltr' id='par_1_60' title="bbox 567 4244 2137 4324">
     <span class='ocr_line' id='line_1_60' title="bbox 567 4244 2137 4324; baseline -0.007 -16"><span class='ocrx_word' id='word_1_415' title='bbox 567 4255 792 4324; x_wconf 91' lang='lat' dir='ltr'><strong>antiquo</strong></span> <span class='ocrx_word' id='word_1_416' title='bbox 820 4261 1091 4323; x_wconf 89' lang='lat' dir='ltr'><strong>serpente,</strong></span> <span class='ocrx_word' id='word_1_417' title='bbox 1121 4261 1180 4306; x_wconf 91' lang='lat' dir='ltr'><strong>ut</strong></span> <span class='ocrx_word' id='word_1_418' title='bbox 1215 4251 1306 4318; x_wconf 88' lang='lat' dir='ltr'><strong>qui</strong></span> <span class='ocrx_word' id='word_1_419' title='bbox 1337 4264 1432 4318; x_wconf 87' lang='lat' dir='ltr'><strong>per</strong></span> <span class='ocrx_word' id='word_1_420' title='bbox 1453 4249 1560 4303; x_wconf 91' lang='lat' dir='ltr'><strong>vim</strong></span> <span class='ocrx_word' id='word_1_421' title='bbox 1597 4262 1889 4316; x_wconf 89' lang='lat' dir='ltr'><strong>numquam</strong></span> <span class='ocrx_word' id='word_1_422' title='bbox 1920 4245 1982 4316; x_wconf 86' lang='lat' dir='ltr'><strong>(f.</strong></span> <span class='ocrx_word' id='word_1_423' title='bbox 2013 4244 2137 4315; x_wconf 77' lang='grc'>165)</span> 
     </span>
    </p>
   </div>
   <div class='ocr_carea' id='block_1_61' title="bbox 2249 1855 3819 1930">
    <p class='ocr_par' dir='ltr' id='par_1_61' title="bbox 2249 1855 3819 1930">
     <span class='ocr_line' id='line_1_61' title="bbox 2249 1855 3819 1930; baseline -0.001 -18"><span class='ocrx_word' id='word_1_424' title='bbox 2249 1857 2542 1924; x_wconf 87' lang='lat' dir='ltr'><strong>insolabili,</strong></span> <span class='ocrx_word' id='word_1_425' title='bbox 2568 1874 2764 1930; x_wconf 89' lang='lat' dir='ltr'><strong>corpus</strong></span> <span class='ocrx_word' id='word_1_426' title='bbox 2787 1874 2954 1929; x_wconf 91' lang='lat' dir='ltr'><strong>usque</strong></span> <span class='ocrx_word' id='word_1_427' title='bbox 3002 1858 3068 1913; x_wconf 87' lang='lat' dir='ltr'><strong>ad</strong></span> <span class='ocrx_word' id='word_1_428' title='bbox 3098 1857 3350 1913; x_wconf 82' lang='lat' dir='ltr'><strong>Fretheni</strong></span> <span class='ocrx_word' id='word_1_429' title='bbox 3373 1857 3654 1912; x_wconf 84' lang='lat' dir='ltr'><strong>civitatem</strong></span> <span class='ocrx_word' id='word_1_430' title='bbox 3681 1855 3819 1925; x_wconf 83' lang='lat'><strong>(905)</strong></span> 
     </span>
    </p>
   </div>
   <div class='ocr_carea' id='block_1_62' title="bbox 2249 1949 3822 2024">
    <p class='ocr_par' dir='ltr' id='par_1_62' title="bbox 2249 1949 3822 2024">
     <span class='ocr_line' id='line_1_62' title="bbox 2249 1949 3822 2024; baseline -0.002 -18"><span class='ocrx_word' id='word_1_431' title='bbox 2249 1951 2557 2016; x_wconf 78' lang='lat' dir='ltr'><strong>comitatur,</strong></span> <span class='ocrx_word' id='word_1_432' title='bbox 2584 1959 2639 2005; x_wconf 93' lang='lat' dir='ltr'><strong>et</strong></span> <span class='ocrx_word' id='word_1_433' title='bbox 2665 1951 2766 2006; x_wconf 91' lang='lat' dir='ltr'><strong>hoc</strong></span> <span class='ocrx_word' id='word_1_434' title='bbox 2789 1951 2857 2005; x_wconf 87' lang='lat' dir='ltr'><strong>ad</strong></span> <span class='ocrx_word' id='word_1_435' title='bbox 2885 1961 3065 2024; x_wconf 88' lang='lat' dir='ltr'><strong>patres</strong></span> <span class='ocrx_word' id='word_1_436' title='bbox 3091 1965 3215 2006; x_wconf 90' lang='lat' dir='ltr'><strong>suos</strong></span> <span class='ocrx_word' id='word_1_437' title='bbox 3243 1949 3515 2006; x_wconf 88' lang='lat' dir='ltr'><strong>collocare</strong></span> <span class='ocrx_word' id='word_1_438' title='bbox 3538 1962 3822 2019; x_wconf 83' lang='lat' dir='ltr'><strong>sumopere</strong></span> 
     </span>
    </p>
   </div>
   <div class='ocr_carea' id='block_1_63' title="bbox 2249 2044 2472 2100">
    <p class='ocr_par' dir='ltr' id='par_1_63' title="bbox 2249 2044 2472 2100">
     <span class='ocr_line' id='line_1_63' title="bbox 2249 2044 2472 2100; baseline -0.013 0"><span class='ocrx_word' id='word_1_439' title='bbox 2249 2044 2472 2100; x_wconf 90' lang='lat' dir='ltr'><strong>studuit.</strong></span> 
     </span>
    </p>
   </div>
   <div class='ocr_carea' id='block_1_64' title="bbox 2316 2134 3824 2210">
    <p class='ocr_par' dir='ltr' id='par_1_64' title="bbox 2316 2134 3824 2210">
     <span class='ocr_line' id='line_1_64' title="bbox 2316 2134 3824 2210; baseline -0.004 -14"><span class='ocrx_word' id='word_1_440' title='bbox 2316 2139 2409 2196; x_wconf 72' lang='grc'>54.</span> <span class='ocrx_word' id='word_1_441' title='bbox 2441 2139 2644 2196; x_wconf 86' lang='lat' dir='ltr'><strong>Dehine</strong></span> <span class='ocrx_word' id='word_1_442' title='bbox 2667 2140 2846 2196; x_wconf 90' lang='lat' dir='ltr'><strong>missis</strong></span> <span class='ocrx_word' id='word_1_443' title='bbox 2870 2154 2966 2210; x_wconf 91' lang='lat' dir='ltr'><strong>per</strong></span> <span class='ocrx_word' id='word_1_444' title='bbox 2991 2154 3205 2195; x_wconf 91' lang='lat' dir='ltr'><strong>omnem</strong></span> <span class='ocrx_word' id='word_1_445' title='bbox 3232 2137 3370 2194; x_wconf 89' lang='lat' dir='ltr'><strong>hanc</strong></span> <span class='ocrx_word' id='word_1_446' title='bbox 3397 2136 3686 2206; x_wconf 83' lang='lat' dir='ltr'><strong>regionem</strong></span> <span class='ocrx_word' id='word_1_447' title='bbox 3719 2134 3824 2190; x_wconf 84' lang='lat' dir='ltr'><strong>sui-</strong></span> 
     </span>
    </p>
   </div>
   <div class='ocr_carea' id='block_1_65' title="bbox 2247 2226 3822 2301">
    <p class='ocr_par' dir='ltr' id='par_1_65' title="bbox 2247 2226 3822 2301">
     <span class='ocr_line' id='line_1_65' title="bbox 2247 2226 3822 2301; baseline -0.006 -12"><span class='ocrx_word' id='word_1_448' title='bbox 2247 2243 2360 2289; x_wconf 92' lang='lat' dir='ltr'><strong>met</strong></span> <span class='ocrx_word' id='word_1_449' title='bbox 2398 2233 2623 2298; x_wconf 90' lang='lat' dir='ltr'><strong>nuntiis,</strong></span> <span class='ocrx_word' id='word_1_450' title='bbox 2655 2232 2766 2301; x_wconf 89' lang='lat' dir='ltr'><strong>ipse</strong></span> <span class='ocrx_word' id='word_1_451' title='bbox 2794 2229 3276 2300; x_wconf 86' lang='lat' dir='ltr'><strong>comprovinciales</strong></span> <span class='ocrx_word' id='word_1_452' title='bbox 3305 2240 3358 2285; x_wconf 90' lang='lat' dir='ltr'><strong>et</strong></span> <span class='ocrx_word' id='word_1_453' title='bbox 3389 2226 3582 2283; x_wconf 84' lang='lat' dir='ltr'><strong>allincs</strong></span> <span class='ocrx_word' id='word_1_454' title='bbox 3617 2228 3734 2282; x_wconf 68' lang='lat' dir='ltr'><strong>haec</strong></span> <span class='ocrx_word' id='word_1_455' title='bbox 3758 2226 3822 2279; x_wconf 85' lang='lat' dir='ltr'><strong>ad</strong></span> 
     </span>
    </p>
   </div>
   <div class='ocr_carea' id='block_1_66' title="bbox 2246 2318 3824 2387">
    <p class='ocr_par' dir='ltr' id='par_1_66' title="bbox 2246 2318 3824 2387">
     <span class='ocr_line' id='line_1_66' title="bbox 2246 2318 3824 2387; baseline -0.004 -8"><span class='ocrx_word' id='word_1_456' title='bbox 2246 2324 2562 2380; x_wconf 82' lang='lat' dir='ltr'><strong>vindicanda</strong></span> <span class='ocrx_word' id='word_1_457' title='bbox 2593 2323 2811 2387; x_wconf 87' lang='lat' dir='ltr'><strong>excitat,</strong></span> <span class='ocrx_word' id='word_1_458' title='bbox 2837 2330 2892 2376; x_wconf 90' lang='lat' dir='ltr'><strong>et</strong></span> <span class='ocrx_word' id='word_1_459' title='bbox 2932 2337 3050 2376; x_wconf 92' lang='lat' dir='ltr'><strong>cum</strong></span> <span class='ocrx_word' id='word_1_460' title='bbox 3080 2321 3256 2375; x_wconf 86' lang='lat' dir='ltr'><strong>valida</strong></span> <span class='ocrx_word' id='word_1_461' title='bbox 3293 2335 3454 2374; x_wconf 90' lang='lat' dir='ltr'><strong>manu</strong></span> <span class='ocrx_word' id='word_1_462' title='bbox 3485 2318 3681 2374; x_wconf 83' lang='lat' dir='ltr'><strong>urbem</strong></span> <span class='ocrx_word' id='word_1_463' title='bbox 3709 2331 3824 2387; x_wconf 73' lang='lat' dir='ltr'><strong>pre-</strong></span> 
     </span>
    </p>
   </div>
   <div class='ocr_carea' id='block_1_67' title="bbox 2247 2410 3821 2483">
    <p class='ocr_par' dir='ltr' id='par_1_67' title="bbox 2247 2410 3821 2483">
     <span class='ocr_line' id='line_1_67' title="bbox 2247 2410 3821 2483; baseline -0.005 -12"><span class='ocrx_word' id='word_1_464' title='bbox 2247 2415 2377 2471; x_wconf 87' lang='lat' dir='ltr'><strong>dicti</strong></span> <span class='ocrx_word' id='word_1_465' title='bbox 2403 2415 2495 2448; x_wconf 73' lang='grc'><strong>⁸⁸⁸⁸</strong></span> <span class='ocrx_word' id='word_1_466' title='bbox 2545 2414 2736 2480; x_wconf 73' lang='lat' dir='ltr'><strong>hosus,</strong></span> <span class='ocrx_word' id='word_1_467' title='bbox 2786 2415 3001 2469; x_wconf 89' lang='lat' dir='ltr'><strong>nomine</strong></span> <span class='ocrx_word' id='word_1_468' title='bbox 3031 2412 3237 2483; x_wconf 89' lang='lat' dir='ltr'><strong>Upplan</strong></span> <span class='ocrx_word' id='word_1_469' title='bbox 3262 2413 3352 2444; x_wconf 70' lang='grc' dir='ltr'><strong>¹⁶δ³</strong></span> <span class='ocrx_word' id='word_1_470' title='bbox 3375 2411 3530 2482; x_wconf 85' lang='grc'>(906)</span> <span class='ocrx_word' id='word_1_471' title='bbox 3558 2410 3821 2481; x_wconf 84' lang='lat' dir='ltr'><strong>possedit.</strong></span> 
     </span>
    </p>
   </div>
   <div class='ocr_carea' id='block_1_68' title="bbox 2245 2502 3823 2578">
    <p class='ocr_par' dir='ltr' id='par_1_68' title="bbox 2245 2502 3823 2578">
     <span class='ocr_line' id='line_1_68' title="bbox 2245 2502 3823 2578; baseline -0.004 -15"><span class='ocrx_word' id='word_1_472' title='bbox 2245 2507 2495 2578; x_wconf 81' lang='lat' dir='ltr'><strong>contigua</strong></span> <span class='ocrx_word' id='word_1_473' title='bbox 2536 2507 2823 2562; x_wconf 89' lang='lat' dir='ltr'><strong>devastans</strong></span> <span class='ocrx_word' id='word_1_474' title='bbox 2850 2505 2964 2561; x_wconf 90' lang='lat' dir='ltr'><strong>loca</strong></span> <span class='ocrx_word' id='word_1_475' title='bbox 2992 2513 3046 2560; x_wconf 90' lang='lat' dir='ltr'><strong>et</strong></span> <span class='ocrx_word' id='word_1_476' title='bbox 3075 2506 3195 2575; x_wconf 87' lang='lat' dir='ltr'><strong>igne</strong></span> <span class='ocrx_word' id='word_1_477' title='bbox 3224 2517 3576 2560; x_wconf 90' lang='lat' dir='ltr'><strong>consumens.</strong></span> <span class='ocrx_word' id='word_1_478' title='bbox 3591 2502 3823 2557; x_wconf 78' lang='lat' dir='ltr'><strong>Advenit</strong></span> 
     </span>
    </p>
   </div>
   <div class='ocr_carea' id='block_1_69' title="bbox 2247 2592 3820 2664">
    <p class='ocr_par' dir='ltr' id='par_1_69' title="bbox 2247 2592 3820 2664">
     <span class='ocr_line' id='line_1_69' title="bbox 2247 2592 3820 2664; baseline -0.004 -12"><span class='ocrx_word' id='word_1_479' title='bbox 2247 2599 2460 2653; x_wconf 89' lang='lat' dir='ltr'><strong>tandem</strong></span> <span class='ocrx_word' id='word_1_480' title='bbox 2511 2597 2858 2653; x_wconf 87' lang='lat' dir='ltr'><strong>Bernbardus</strong></span> <span class='ocrx_word' id='word_1_481' title='bbox 2905 2597 3030 2657; x_wconf 89' lang='lat' dir='ltr'><strong>dux,</strong></span> <span class='ocrx_word' id='word_1_482' title='bbox 3059 2610 3226 2664; x_wconf 91' lang='lat' dir='ltr'><strong>nepos</strong></span> <span class='ocrx_word' id='word_1_483' title='bbox 3255 2611 3428 2660; x_wconf 89' lang='lat' dir='ltr'><strong>meus,</strong></span> <span class='ocrx_word' id='word_1_484' title='bbox 3460 2595 3553 2664; x_wconf 91' lang='lat' dir='ltr'><strong>qui</strong></span> <span class='ocrx_word' id='word_1_485' title='bbox 3580 2592 3712 2662; x_wconf 86' lang='lat' dir='ltr'><strong>jure</strong></span> <span class='ocrx_word' id='word_1_486' title='bbox 3734 2593 3820 2646; x_wconf 85' lang='lat' dir='ltr'><strong>ﬁlii</strong></span> 
     </span>
    </p>
   </div>
   <div class='ocr_carea' id='block_1_70' title="bbox 2243 2686 3820 2759">
    <p class='ocr_par' dir='ltr' id='par_1_70' title="bbox 2243 2686 3820 2759">
     <span class='ocr_line' id='line_1_70' title="bbox 2243 2686 3820 2759; baseline -0.003 -17"><span class='ocrx_word' id='word_1_487' title='bbox 2243 2689 2440 2759; x_wconf 86' lang='lat' dir='ltr'><strong>prefati</strong></span> <span class='ocrx_word' id='word_1_488' title='bbox 2471 2689 2685 2744; x_wconf 90' lang='lat' dir='ltr'><strong>comitis</strong></span> <span class='ocrx_word' id='word_1_489' title='bbox 2719 2688 2893 2742; x_wconf 88' lang='lat' dir='ltr'><strong>adhuc</strong></span> <span class='ocrx_word' id='word_1_490' title='bbox 2922 2686 3126 2756; x_wconf 88' lang='lat' dir='ltr'><strong>parvuli</strong></span> <span class='ocrx_word' id='word_1_491' title='bbox 3156 2687 3302 2757; x_wconf 84' lang='lat'><strong>(907)</strong></span> <span class='ocrx_word' id='word_1_492' title='bbox 3336 2694 3392 2741; x_wconf 88' lang='lat' dir='ltr'><strong>et</strong></span> <span class='ocrx_word' id='word_1_493' title='bbox 3431 2686 3614 2740; x_wconf 89' lang='lat' dir='ltr'><strong>tocius</strong></span> <span class='ocrx_word' id='word_1_494' title='bbox 3661 2686 3820 2738; x_wconf 87' lang='lat' dir='ltr'><strong>here-</strong></span> 
     </span>
    </p>
   </div>
   <div class='ocr_carea' id='block_1_71' title="bbox 2243 2775 3822 2839">
    <p class='ocr_par' dir='ltr' id='par_1_71' title="bbox 2243 2775 3822 2839">
     <span class='ocr_line' id='line_1_71' title="bbox 2243 2775 3822 2839; baseline -0.004 -6"><span class='ocrx_word' id='word_1_495' title='bbox 2243 2777 2429 2834; x_wconf 88' lang='lat' dir='ltr'><strong>ditatis</strong></span> <span class='ocrx_word' id='word_1_496' title='bbox 2455 2787 2600 2834; x_wconf 91' lang='lat' dir='ltr'><strong>tutor</strong></span> <span class='ocrx_word' id='word_1_497' title='bbox 2633 2786 2687 2833; x_wconf 92' lang='lat' dir='ltr'><strong>et</strong></span> <span class='ocrx_word' id='word_1_498' title='bbox 2717 2776 2929 2832; x_wconf 84' lang='lat' dir='ltr'><strong>nefandi</strong></span> <span class='ocrx_word' id='word_1_499' title='bbox 2979 2776 3221 2832; x_wconf 88' lang='lat' dir='ltr'><strong>criminis</strong></span> <span class='ocrx_word' id='word_1_500' title='bbox 3249 2775 3391 2830; x_wconf 89' lang='lat' dir='ltr'><strong>ultor</strong></span> <span class='ocrx_word' id='word_1_501' title='bbox 3429 2776 3737 2839; x_wconf 78' lang='lat' dir='ltr'><strong>extiterat;</strong></span> <span class='ocrx_word' id='word_1_502' title='bbox 3770 2783 3822 2828; x_wconf 90' lang='lat' dir='ltr'><strong>et</strong></span> 
     </span>
    </p>
   </div>
   <div class='ocr_carea' id='block_1_72' title="bbox 2244 2867 3819 2938">
    <p class='ocr_par' dir='ltr' id='par_1_72' title="bbox 2244 2867 3819 2938">
     <span class='ocr_line' id='line_1_72' title="bbox 2244 2867 3819 2938; baseline -0.001 -15"><span class='ocrx_word' id='word_1_503' title='bbox 2244 2868 2334 2924; x_wconf 90' lang='lat' dir='ltr'><strong>hic</strong></span> <span class='ocrx_word' id='word_1_504' title='bbox 2363 2869 2542 2924; x_wconf 86' lang='lat' dir='ltr'><strong>tristes</strong></span> <span class='ocrx_word' id='word_1_505' title='bbox 2564 2869 2675 2934; x_wconf 70' lang='lat'><strong>“&#39;7,</strong></span> <span class='ocrx_word' id='word_1_506' title='bbox 2700 2877 2959 2938; x_wconf 89' lang='lat' dir='ltr'><strong>quantum</strong></span> <span class='ocrx_word' id='word_1_507' title='bbox 2984 2868 3173 2933; x_wconf 65' lang='grc' dir='ltr'><strong>νίιιιιίι,</strong></span> <span class='ocrx_word' id='word_1_508' title='bbox 3202 2867 3401 2923; x_wconf 78' lang='lat' dir='ltr'><strong>milites</strong></span> <span class='ocrx_word' id='word_1_509' title='bbox 3423 2868 3639 2923; x_wconf 86' lang='lat' dir='ltr'><strong>solatur</strong></span> <span class='ocrx_word' id='word_1_510' title='bbox 3661 2882 3819 2931; x_wconf 55' lang='grc' dir='ltr'><strong>πρε</strong></span> 
     </span>
    </p>
   </div>
   <div class='ocr_carea' id='block_1_73' title="bbox 2243 2958 3822 3030">
    <p class='ocr_par' dir='ltr' id='par_1_73' title="bbox 2243 2958 3822 3030">
     <span class='ocr_line' id='line_1_73' title="bbox 2243 2958 3822 3030; baseline -0.001 -17"><span class='ocrx_word' id='word_1_511' title='bbox 2243 2958 2458 3014; x_wconf 61' lang='grc' dir='ltr'><strong>θαλίαι-ῖς</strong></span> <span class='ocrx_word' id='word_1_512' title='bbox 2509 2958 2808 3014; x_wconf 83' lang='lat' dir='ltr'><strong>fautoribus</strong></span> <span class='ocrx_word' id='word_1_513' title='bbox 2841 2961 2901 3030; x_wconf 73' lang='grc' dir='ltr'>(Γ.</span> <span class='ocrx_word' id='word_1_514' title='bbox 2961 2959 3083 3029; x_wconf 84' lang='grc'>165)</span> <span class='ocrx_word' id='word_1_515' title='bbox 3125 2960 3360 3016; x_wconf 86' lang='lat' dir='ltr'><strong>urbanos</strong></span> <span class='ocrx_word' id='word_1_516' title='bbox 3413 2969 3578 3015; x_wconf 89' lang='lat' dir='ltr'><strong>nocte</strong></span> <span class='ocrx_word' id='word_1_517' title='bbox 3629 2961 3822 3028; x_wconf 84' lang='lat' dir='ltr'><strong>dieque</strong></span> 
     </span>
    </p>
   </div>
   <div class='ocr_carea' id='block_1_74' title="bbox 2246 3051 3820 3124">
    <p class='ocr_par' dir='ltr' id='par_1_74' title="bbox 2246 3051 3820 3124">
     <span class='ocr_line' id='line_1_74' title="bbox 2246 3051 3820 3124; baseline 0 -19"><span class='ocrx_word' id='word_1_518' title='bbox 2246 3051 2494 3107; x_wconf 89' lang='lat' dir='ltr'><strong>lacessat.</strong></span> <span class='ocrx_word' id='word_1_519' title='bbox 2542 3051 2760 3106; x_wconf 87' lang='lat' dir='ltr'><strong>Interim</strong></span> <span class='ocrx_word' id='word_1_520' title='bbox 2810 3053 3102 3122; x_wconf 88' lang='lat' dir='ltr'><strong>imperator</strong></span> <span class='ocrx_word' id='word_1_521' title='bbox 3144 3068 3174 3106; x_wconf 91' lang='lat' dir='ltr'><strong>a</strong></span> <span class='ocrx_word' id='word_1_522' title='bbox 3211 3054 3553 3124; x_wconf 85' lang='lat' dir='ltr'><strong>Burgundia,</strong></span> <span class='ocrx_word' id='word_1_523' title='bbox 3580 3053 3677 3107; x_wconf 86' lang='lat' dir='ltr'><strong>ubi</strong></span> <span class='ocrx_word' id='word_1_524' title='bbox 3711 3067 3820 3106; x_wconf 80' lang='lat' dir='ltr'><strong>ma-</strong></span> 
     </span>
    </p>
   </div>
   <div class='ocr_carea' id='block_1_75' title="bbox 2247 3142 3820 3213">
    <p class='ocr_par' dir='ltr' id='par_1_75' title="bbox 2247 3142 3820 3213">
     <span class='ocr_line' id='line_1_75' title="bbox 2247 3142 3820 3213; baseline 0 -18"><span class='ocrx_word' id='word_1_525' title='bbox 2247 3155 2405 3212; x_wconf 85' lang='lat' dir='ltr'><strong>gnam</strong></span> <span class='ocrx_word' id='word_1_526' title='bbox 2433 3142 2626 3196; x_wconf 89' lang='lat' dir='ltr'><strong>estatis</strong></span> <span class='ocrx_word' id='word_1_527' title='bbox 2653 3151 2857 3211; x_wconf 90' lang='lat' dir='ltr'><strong>partem</strong></span> <span class='ocrx_word' id='word_1_528' title='bbox 2908 3142 3235 3209; x_wconf 82' lang='lat' dir='ltr'><strong>morabatur,</strong></span> <span class='ocrx_word' id='word_1_529' title='bbox 3270 3144 3573 3213; x_wconf 83' lang='lat' dir='ltr'><strong>digressus,</strong></span> <span class='ocrx_word' id='word_1_530' title='bbox 3616 3151 3676 3196; x_wconf 87' lang='lat' dir='ltr'><strong>ut</strong></span> <span class='ocrx_word' id='word_1_531' title='bbox 3708 3144 3820 3212; x_wconf 86' lang='lat' dir='ltr'><strong>pri-</strong></span> 
     </span>
    </p>
   </div>
   <div class='ocr_carea' id='block_1_76' title="bbox 2248 3232 3822 3302">
    <p class='ocr_par' dir='ltr' id='par_1_76' title="bbox 2248 3232 3822 3302">
     <span class='ocr_line' id='line_1_76' title="bbox 2248 3232 3822 3302; baseline -0.001 -16"><span class='ocrx_word' id='word_1_532' title='bbox 2248 3245 2393 3286; x_wconf 83' lang='lat' dir='ltr'><strong>mum</strong></span> <span class='ocrx_word' id='word_1_533' title='bbox 2441 3247 2656 3286; x_wconf 92' lang='lat' dir='ltr'><strong>omnem</strong></span> <span class='ocrx_word' id='word_1_534' title='bbox 2707 3232 2784 3286; x_wconf 90' lang='lat' dir='ltr'><strong>rei</strong></span> <span class='ocrx_word' id='word_1_535' title='bbox 2814 3241 3061 3286; x_wconf 89' lang='lat' dir='ltr'><strong>eventum</strong></span> <span class='ocrx_word' id='word_1_536' title='bbox 3112 3233 3394 3301; x_wconf 90' lang='lat' dir='ltr'><strong>comperit,</strong></span> <span class='ocrx_word' id='word_1_537' title='bbox 3441 3233 3667 3302; x_wconf 76' lang='lat' dir='ltr'><strong>navigio</strong></span> <span class='ocrx_word' id='word_1_538' title='bbox 3696 3232 3822 3285; x_wconf 81' lang='lat' dir='ltr'><strong>illuc</strong></span> 
     </span>
    </p>
   </div>
   <div class='ocr_carea' id='block_1_77' title="bbox 2247 3322 3819 3393">
    <p class='ocr_par' dir='ltr' id='par_1_77' title="bbox 2247 3322 3819 3393">
     <span class='ocr_line' id='line_1_77' title="bbox 2247 3322 3819 3393; baseline -0.001 -17"><span class='ocrx_word' id='word_1_539' title='bbox 2247 3337 2474 3393; x_wconf 83' lang='lat' dir='ltr'><strong>pergere</strong></span> <span class='ocrx_word' id='word_1_540' title='bbox 2528 3322 2823 3388; x_wconf 84' lang='lat' dir='ltr'><strong>festinavit,</strong></span> <span class='ocrx_word' id='word_1_541' title='bbox 2863 3332 2918 3380; x_wconf 83' lang='lat' dir='ltr'><strong>et</strong></span> <span class='ocrx_word' id='word_1_542' title='bbox 2960 3325 3013 3380; x_wconf 93' lang='lat' dir='ltr'><strong>in</strong></span> <span class='ocrx_word' id='word_1_543' title='bbox 3063 3323 3154 3379; x_wconf 91' lang='lat' dir='ltr'><strong>illo</strong></span> <span class='ocrx_word' id='word_1_544' title='bbox 3204 3325 3395 3380; x_wconf 89' lang='lat' dir='ltr'><strong>itinere</strong></span> <span class='ocrx_word' id='word_1_545' title='bbox 3436 3324 3819 3386; x_wconf 72' lang='lat' dir='ltr'><strong>Gerebat-dus,</strong></span> 
     </span>
    </p>
   </div>
   <div class='ocr_carea' id='block_1_78' title="bbox 2245 3410 3818 3485">
    <p class='ocr_par' dir='ltr' id='par_1_78' title="bbox 2245 3410 3818 3485">
     <span class='ocr_line' id='line_1_78' title="bbox 2245 3410 3818 3485; baseline 0 -17"><span class='ocrx_word' id='word_1_546' title='bbox 2245 3410 2514 3468; x_wconf 81' lang='lat' dir='ltr'><strong>Ileriberti</strong></span> <span class='ocrx_word' id='word_1_547' title='bbox 2554 3414 2766 3470; x_wconf 86' lang='lat' dir='ltr'><strong>comitis</strong></span> <span class='ocrx_word' id='word_1_548' title='bbox 2804 3413 2963 3479; x_wconf 84' lang='lat' dir='ltr'><strong>filius,</strong></span> <span class='ocrx_word' id='word_1_549' title='bbox 3013 3429 3178 3485; x_wconf 88' lang='lat' dir='ltr'><strong>nepos</strong></span> <span class='ocrx_word' id='word_1_550' title='bbox 3223 3431 3398 3481; x_wconf 92' lang='lat' dir='ltr'><strong>meus,</strong></span> <span class='ocrx_word' id='word_1_551' title='bbox 3428 3417 3707 3484; x_wconf 68' lang='lat' dir='ltr'><strong>regiaeque</strong></span> <span class='ocrx_word' id='word_1_552' title='bbox 3732 3415 3818 3446; x_wconf 79' lang='grc'><strong>¹⁶³⁴</strong></span> 
     </span>
    </p>
   </div>
   <div class='ocr_carea' id='block_1_79' title="bbox 2248 3505 3821 3576">
    <p class='ocr_par' dir='ltr' id='par_1_79' title="bbox 2248 3505 3821 3576">
     <span class='ocr_line' id='line_1_79' title="bbox 2248 3505 3821 3576; baseline -0.001 -15"><span class='ocrx_word' id='word_1_553' title='bbox 2248 3505 2515 3574; x_wconf 87' lang='lat' dir='ltr'><strong>majestati</strong></span> <span class='ocrx_word' id='word_1_554' title='bbox 2546 3514 2672 3560; x_wconf 90' lang='lat' dir='ltr'><strong>tunc</strong></span> <span class='ocrx_word' id='word_1_555' title='bbox 2698 3506 2922 3560; x_wconf 83' lang='lat' dir='ltr'><strong>multum</strong></span> <span class='ocrx_word' id='word_1_556' title='bbox 2952 3517 3223 3576; x_wconf 86' lang='lat' dir='ltr'><strong>acceptus,</strong></span> <span class='ocrx_word' id='word_1_557' title='bbox 3255 3522 3318 3561; x_wconf 86' lang='lat' dir='ltr'><strong>ac</strong></span> <span class='ocrx_word' id='word_1_558' title='bbox 3344 3508 3492 3561; x_wconf 87' lang='lat' dir='ltr'><strong>omni</strong></span> <span class='ocrx_word' id='word_1_559' title='bbox 3547 3507 3821 3576; x_wconf 81' lang='lat' dir='ltr'><strong>probitate</strong></span> 
     </span>
    </p>
   </div>
   <div class='ocr_carea' id='block_1_80' title="bbox 2245 3595 3819 3672">
    <p class='ocr_par' dir='ltr' id='par_1_80' title="bbox 2245 3595 3819 3672">
     <span class='ocr_line' id='line_1_80' title="bbox 2245 3595 3819 3672; baseline 0.001 -24"><span class='ocrx_word' id='word_1_560' title='bbox 2245 3597 2557 3668; x_wconf 88' lang='lat' dir='ltr'><strong>precipuus,</strong></span> <span class='ocrx_word' id='word_1_561' title='bbox 2600 3597 2733 3650; x_wconf 85' lang='lat' dir='ltr'><strong>obiit</strong></span> <span class='ocrx_word' id='word_1_562' title='bbox 2764 3595 2908 3667; x_wconf 89' lang='grc'>(908)</span> <span class='ocrx_word' id='word_1_563' title='bbox 2941 3596 3050 3672; x_wconf 74' lang='lat' dir='ltr'><strong>(an.</strong></span> <span class='ocrx_word' id='word_1_564' title='bbox 3097 3596 3252 3661; x_wconf 82' lang='grc'>1016,</span> <span class='ocrx_word' id='word_1_565' title='bbox 3285 3595 3420 3651; x_wconf 78' lang='lat' dir='ltr'><strong>Nov.</strong></span> <span class='ocrx_word' id='word_1_566' title='bbox 3455 3597 3543 3669; x_wconf 89' lang='lat'><strong>8].</strong></span> <span class='ocrx_word' id='word_1_567' title='bbox 3580 3599 3819 3667; x_wconf 82' lang='lat' dir='ltr'><strong>impera-</strong></span> 
     </span>
    </p>
   </div>
   <div class='ocr_carea' id='block_1_81' title="bbox 2249 3691 3819 3763">
    <p class='ocr_par' dir='ltr' id='par_1_81' title="bbox 2249 3691 3819 3763">
     <span class='ocr_line' id='line_1_81' title="bbox 2249 3691 3819 3763; baseline 0 -17"><span class='ocrx_word' id='word_1_568' title='bbox 2249 3700 2417 3748; x_wconf 90' lang='lat' dir='ltr'><strong>torem</strong></span> <span class='ocrx_word' id='word_1_569' title='bbox 2445 3702 2499 3747; x_wconf 94' lang='lat' dir='ltr'><strong>ct</strong></span> <span class='ocrx_word' id='word_1_570' title='bbox 2535 3706 2724 3746; x_wconf 79' lang='lat' dir='ltr'><strong>omnes</strong></span> <span class='ocrx_word' id='word_1_571' title='bbox 2772 3692 2824 3746; x_wconf 90' lang='lat' dir='ltr'><strong>in</strong></span> <span class='ocrx_word' id='word_1_572' title='bbox 2867 3691 2970 3748; x_wconf 91' lang='lat' dir='ltr'><strong>hiis</strong></span> <span class='ocrx_word' id='word_1_573' title='bbox 3007 3692 3248 3763; x_wconf 91' lang='lat' dir='ltr'><strong>partibus</strong></span> <span class='ocrx_word' id='word_1_574' title='bbox 3279 3692 3608 3746; x_wconf 88' lang='lat' dir='ltr'><strong>constitutos</strong></span> <span class='ocrx_word' id='word_1_575' title='bbox 3640 3693 3819 3746; x_wconf 86' lang='lat' dir='ltr'><strong>tristes</strong></span> 
     </span>
    </p>
   </div>
   <div class='ocr_carea' id='block_1_82' title="bbox 2245 3782 3820 3855">
    <p class='ocr_par' dir='ltr' id='par_1_82' title="bbox 2245 3782 3820 3855">
     <span class='ocr_line' id='line_1_82' title="bbox 2245 3782 3820 3855; baseline -0.001 -17"><span class='ocrx_word' id='word_1_576' title='bbox 2245 3794 2369 3855; x_wconf 90' lang='lat' dir='ltr'><strong>post</strong></span> <span class='ocrx_word' id='word_1_577' title='bbox 2393 3799 2451 3840; x_wconf 90' lang='lat' dir='ltr'><strong>se</strong></span> <span class='ocrx_word' id='word_1_578' title='bbox 2479 3784 2570 3816; x_wconf 67' lang='grc' dir='ltr'><strong>ηδ’</strong></span> <span class='ocrx_word' id='word_1_579' title='bbox 2596 3783 2926 3854; x_wconf 78' lang='lat' dir='ltr'><strong>relinquens.</strong></span> <span class='ocrx_word' id='word_1_580' title='bbox 2953 3783 3406 3852; x_wconf 80' lang='lat' dir='ltr'><strong>Arcbiepiscopus</strong></span> <span class='ocrx_word' id='word_1_581' title='bbox 3447 3793 3632 3837; x_wconf 87' lang='lat' dir='ltr'><strong>autem</strong></span> <span class='ocrx_word' id='word_1_582' title='bbox 3664 3782 3820 3837; x_wconf 85' lang='lat' dir='ltr'><strong>Colo-</strong></span> 
     </span>
    </p>
   </div>
   <div class='ocr_carea' id='block_1_83' title="bbox 2245 3872 3820 3944">
    <p class='ocr_par' dir='ltr' id='par_1_83' title="bbox 2245 3872 3820 3944">
     <span class='ocr_line' id='line_1_83' title="bbox 2245 3872 3820 3944; baseline -0.003 -14"><span class='ocrx_word' id='word_1_583' title='bbox 2245 3875 2448 3930; x_wconf 89' lang='lat' dir='ltr'><strong>niensis</strong></span> <span class='ocrx_word' id='word_1_584' title='bbox 2473 3875 2560 3906; x_wconf 79' lang='grc'><strong>¹⁶⁶⁰</strong></span> <span class='ocrx_word' id='word_1_585' title='bbox 2591 3872 2926 3938; x_wconf 87' lang='lat' dir='ltr'><strong>lleribertus,</strong></span> <span class='ocrx_word' id='word_1_586' title='bbox 2973 3873 3195 3928; x_wconf 89' lang='lat' dir='ltr'><strong>multum</strong></span> <span class='ocrx_word' id='word_1_587' title='bbox 3222 3888 3286 3927; x_wconf 85' lang='lat' dir='ltr'><strong>ex</strong></span> <span class='ocrx_word' id='word_1_588' title='bbox 3318 3882 3474 3944; x_wconf 88' lang='lat' dir='ltr'><strong>parte</strong></span> <span class='ocrx_word' id='word_1_589' title='bbox 3515 3873 3600 3926; x_wconf 91' lang='lat' dir='ltr'><strong>sui</strong></span> <span class='ocrx_word' id='word_1_590' title='bbox 3631 3873 3820 3926; x_wconf 83' lang='lat' dir='ltr'><strong>militis</strong></span> 
     </span>
    </p>
   </div>
   <div class='ocr_carea' id='block_1_84' title="bbox 2242 3964 3815 4034">
    <p class='ocr_par' dir='ltr' id='par_1_84' title="bbox 2242 3964 3815 4034">
     <span class='ocr_line' id='line_1_84' title="bbox 2242 3964 3815 4034; baseline -0.004 -12"><span class='ocrx_word' id='word_1_591' title='bbox 2242 3967 2475 4022; x_wconf 85' lang='lat' dir='ltr'><strong>Baldrici</strong></span> <span class='ocrx_word' id='word_1_592' title='bbox 2528 3965 2808 4031; x_wconf 90' lang='lat' dir='ltr'><strong>sollicitus,</strong></span> <span class='ocrx_word' id='word_1_593' title='bbox 2874 3967 3248 4034; x_wconf 89' lang='lat' dir='ltr'><strong>imperatorem</strong></span> <span class='ocrx_word' id='word_1_594' title='bbox 3297 3979 3425 4033; x_wconf 89' lang='lat' dir='ltr'><strong>sepe</strong></span> <span class='ocrx_word' id='word_1_595' title='bbox 3482 3964 3815 4032; x_wconf 84' lang='lat' dir='ltr'><strong>interpellat,</strong></span> 
     </span>
    </p>
   </div>
   <div class='ocr_carea' id='block_1_85' title="bbox 2243 4058 3819 4130">
    <p class='ocr_par' dir='ltr' id='par_1_85' title="bbox 2243 4058 3819 4130">
     <span class='ocr_line' id='line_1_85' title="bbox 2243 4058 3819 4130; baseline -0.001 -17"><span class='ocrx_word' id='word_1_596' title='bbox 2243 4075 2352 4130; x_wconf 91' lang='lat' dir='ltr'><strong>quo</strong></span> <span class='ocrx_word' id='word_1_597' title='bbox 2374 4060 2559 4114; x_wconf 90' lang='lat' dir='ltr'><strong>urbem</strong></span> <span class='ocrx_word' id='word_1_598' title='bbox 2588 4059 2679 4112; x_wconf 89' lang='lat' dir='ltr'><strong>diu</strong></span> <span class='ocrx_word' id='word_1_599' title='bbox 2702 4073 3002 4128; x_wconf 88' lang='lat' dir='ltr'><strong>possessam</strong></span> <span class='ocrx_word' id='word_1_600' title='bbox 3032 4073 3140 4113; x_wconf 72' lang='lat' dir='ltr'><strong>suae</strong></span> <span class='ocrx_word' id='word_1_601' title='bbox 3165 4058 3322 4113; x_wconf 82' lang='lat' dir='ltr'><strong>vellet</strong></span> <span class='ocrx_word' id='word_1_602' title='bbox 3354 4058 3699 4113; x_wconf 70' lang='lat' dir='ltr'><strong>subdereml</strong></span> <span class='ocrx_word' id='word_1_603' title='bbox 3726 4072 3819 4126; x_wconf 83' lang='lat' dir='ltr'><strong>po-</strong></span> 
     </span>
    </p>
   </div>
   <div class='ocr_carea' id='block_1_86' title="bbox 2246 4149 3818 4219">
    <p class='ocr_par' dir='ltr' id='par_1_86' title="bbox 2246 4149 3818 4219">
     <span class='ocr_line' id='line_1_86' title="bbox 2246 4149 3818 4219; baseline -0.002 -15"><span class='ocrx_word' id='word_1_604' title='bbox 2246 4151 2453 4216; x_wconf 87' lang='lat' dir='ltr'><strong>testati;</strong></span> <span class='ocrx_word' id='word_1_605' title='bbox 2496 4149 2648 4217; x_wconf 82' lang='lat' dir='ltr'><strong>cujus</strong></span> <span class='ocrx_word' id='word_1_606' title='bbox 2677 4150 2892 4205; x_wconf 87' lang='lat' dir='ltr'><strong>assidua</strong></span> <span class='ocrx_word' id='word_1_607' title='bbox 2937 4150 3204 4219; x_wconf 90' lang='lat' dir='ltr'><strong>peticione</strong></span> <span class='ocrx_word' id='word_1_608' title='bbox 3252 4150 3550 4218; x_wconf 88' lang='lat' dir='ltr'><strong>imperator</strong></span> <span class='ocrx_word' id='word_1_609' title='bbox 3573 4149 3818 4204; x_wconf 78' lang='lat' dir='ltr'><strong>devictus</strong></span> 
     </span>
    </p>
   </div>
   <div class='ocr_carea' id='block_1_87' title="bbox 2243 4239 3820 4310">
    <p class='ocr_par' dir='ltr' id='par_1_87' title="bbox 2243 4239 3820 4310">
     <span class='ocr_line' id='line_1_87' title="bbox 2243 4239 3820 4310; baseline -0.002 -13"><span class='ocrx_word' id='word_1_610' title='bbox 2243 4243 2535 4297; x_wconf 88' lang='lat' dir='ltr'><strong>consensit.</strong></span> <span class='ocrx_word' id='word_1_611' title='bbox 2582 4239 2750 4296; x_wconf 83' lang='lat' dir='ltr'><strong>Hoste</strong></span> <span class='ocrx_word' id='word_1_612' title='bbox 2795 4240 2906 4310; x_wconf 88' lang='lat' dir='ltr'><strong>jam</strong></span> <span class='ocrx_word' id='word_1_613' title='bbox 2959 4251 3082 4296; x_wconf 88' lang='lat' dir='ltr'><strong>tunc</strong></span> <span class='ocrx_word' id='word_1_614' title='bbox 3132 4240 3331 4294; x_wconf 87' lang='lat' dir='ltr'><strong>cesaris</strong></span> <span class='ocrx_word' id='word_1_615' title='bbox 3382 4239 3642 4304; x_wconf 82' lang='lat' dir='ltr'><strong>abeunte,</strong></span> <span class='ocrx_word' id='word_1_616' title='bbox 3692 4240 3820 4294; x_wconf 81' lang='lat' dir='ltr'><strong>urbs</strong></span> 
     </span>
    </p>
   </div>
   <div class='ocr_carea' id='block_1_88' title="bbox 569 4329 3817 4417">
    <p class='ocr_par' dir='ltr' id='par_1_88' title="bbox 569 4329 3817 4417">
     <span class='ocr_line' id='line_1_88' title="bbox 569 4329 3817 4417; baseline -0.006 -16"><span class='ocrx_word' id='word_1_617' title='bbox 569 4347 688 4417; x_wconf 87' lang='lat' dir='ltr'><strong>capi</strong></span> <span class='ocrx_word' id='word_1_618' title='bbox 713 4347 905 4416; x_wconf 89' lang='lat' dir='ltr'><strong>potuit,</strong></span> <span class='ocrx_word' id='word_1_619' title='bbox 939 4344 1108 4401; x_wconf 88' lang='lat' dir='ltr'><strong>dolosi</strong></span> <span class='ocrx_word' id='word_1_620' title='bbox 1137 4343 1313 4398; x_wconf 80' lang='lat' dir='ltr'><strong>saltim</strong></span> <span class='ocrx_word' id='word_1_621' title='bbox 1349 4341 1550 4395; x_wconf 89' lang='lat' dir='ltr'><strong>retibus</strong></span> <span class='ocrx_word' id='word_1_622' title='bbox 1579 4339 1783 4410; x_wconf 85' lang='lat' dir='ltr'><strong>ingenii</strong></span> <span class='ocrx_word' id='word_1_623' title='bbox 1807 4339 2135 4393; x_wconf 89' lang='lat' dir='ltr'><strong>vinceretur.</strong></span> <span class='ocrx_word' id='word_1_624' title='bbox 2173 4343 2216 4399; x_wconf 80' lang='grc' dir='ltr'>Ι)</span> <span class='ocrx_word' id='word_1_625' title='bbox 2247 4333 2454 4392; x_wconf 87' lang='lat' dir='ltr'><strong>Uuolun</strong></span> <span class='ocrx_word' id='word_1_626' title='bbox 2497 4331 2639 4387; x_wconf 88' lang='lat' dir='ltr'><strong>dicta</strong></span> <span class='ocrx_word' id='word_1_627' title='bbox 2665 4331 2754 4364; x_wconf 80' lang='lat'><strong>“&quot;</strong></span> <span class='ocrx_word' id='word_1_628' title='bbox 2783 4331 3001 4386; x_wconf 88' lang='lat' dir='ltr'><strong>omnino</strong></span> <span class='ocrx_word' id='word_1_629' title='bbox 3051 4329 3369 4392; x_wconf 85' lang='lat' dir='ltr'><strong>destruitur,</strong></span> <span class='ocrx_word' id='word_1_630' title='bbox 3424 4338 3479 4382; x_wconf 92' lang='lat' dir='ltr'><strong>et</strong></span> <span class='ocrx_word' id='word_1_631' title='bbox 3522 4329 3817 4384; x_wconf 82' lang='lat' dir='ltr'><strong>cometissa</strong></span> 
     </span>
    </p>
   </div>
   <div class='ocr_carea' id='block_1_89' title="bbox 1825 4444 2494 4502">
    <p class='ocr_par' dir='ltr' id='par_1_89' title="bbox 1825 4444 2494 4502">
     <span class='ocr_line' id='line_1_89' title="bbox 1825 4444 2494 4502; baseline -0.004 0"><span class='ocrx_word' id='word_1_632' title='bbox 1825 4445 2058 4502; x_wconf 63' lang='lat' dir='ltr'><strong>VARIIE</strong></span> <span class='ocrx_word' id='word_1_633' title='bbox 2094 4444 2387 4502; x_wconf 83' lang='lat' dir='ltr'><strong>LECTION</strong></span> <span class='ocrx_word' id='word_1_634' title='bbox 2393 4445 2494 4499; x_wconf 87' lang='lat' dir='ltr'><strong>ES.</strong></span> 
     </span>
    </p>
   </div>
   <div class='ocr_carea' id='block_1_90' title="bbox 538 4540 1865 4601">
    <p class='ocr_par' dir='ltr' id='par_1_90' title="bbox 538 4540 1865 4601">
     <span class='ocr_line' id='line_1_90' title="bbox 538 4540 1865 4601; baseline 0.003 -3"><span class='ocrx_word' id='word_1_635' title='bbox 538 4545 542 4548; x_wconf 88' lang='grc'><strong>·</strong></span> <span class='ocrx_word' id='word_1_636' title='bbox 641 4548 732 4581; x_wconf 67' lang='grc' dir='ltr'><strong>που</strong></span> <span class='ocrx_word' id='word_1_637' title='bbox 762 4547 991 4601; x_wconf 75' lang='lat' dir='ltr'><strong>adeb.</strong></span> <span class='ocrx_word' id='word_1_638' title='bbox 1067 4545 1457 4601; x_wconf 72' lang='lat' dir='ltr'><strong>&quot;&quot;frateria.</strong></span> <span class='ocrx_word' id='word_1_639' title='bbox 1537 4543 1625 4574; x_wconf 68' lang='grc' dir='ltr'><strong>ιεδτ</strong></span> <span class='ocrx_word' id='word_1_640' title='bbox 1659 4551 1778 4594; x_wconf 72' lang='lat' dir='ltr'><strong>utra</strong></span> <span class='ocrx_word' id='word_1_641' title='bbox 1813 4540 1865 4593; x_wconf 80' lang='grc'><strong>1.</strong></span> 
     </span>
    </p>
   </div>
   <div class='ocr_carea' id='block_1_91' title="bbox 573 4679 2124 4755">
    <p class='ocr_par' dir='ltr' id='par_1_91' title="bbox 573 4679 2124 4755">
     <span class='ocr_line' id='line_1_91' title="bbox 573 4679 2124 4755; baseline -0.01 -11"><span class='ocrx_word' id='word_1_642' title='bbox 573 4688 666 4722; x_wconf 82' lang='lat'><strong>“&quot;</strong></span> <span class='ocrx_word' id='word_1_643' title='bbox 693 4691 771 4743; x_wconf 84' lang='lat' dir='ltr'><strong>ita</strong></span> <span class='ocrx_word' id='word_1_644' title='bbox 805 4686 1058 4752; x_wconf 79' lang='lat' dir='ltr'><strong>supplevi,</strong></span> <span class='ocrx_word' id='word_1_645' title='bbox 1085 4679 1320 4755; x_wconf 73' lang='lat' dir='ltr'><strong>quamvis</strong></span> <span class='ocrx_word' id='word_1_646' title='bbox 1348 4679 1502 4755; x_wconf 60' lang='lat' dir='ltr'><strong>plura</strong></span> <span class='ocrx_word' id='word_1_647' title='bbox 1530 4685 1704 4736; x_wconf 75' lang='lat' dir='ltr'><strong>deesse</strong></span> <span class='ocrx_word' id='word_1_648' title='bbox 1732 4679 2124 4755; x_wconf 62' lang='lat' dir='ltr'><strong>videripossint:</strong></span> 
     </span>
    </p>
   </div>
   <div class='ocr_carea' id='block_1_92' title="bbox 569 4827 898 4882">
    <p class='ocr_par' dir='ltr' id='par_1_92' title="bbox 569 4827 898 4882">
     <span class='ocr_line' id='line_1_92' title="bbox 569 4827 898 4882; baseline -0.006 0"><span class='ocrx_word' id='word_1_649' title='bbox 569 4829 623 4882; x_wconf 88' lang='lat' dir='ltr'><strong>d.</strong></span> <span class='ocrx_word' id='word_1_650' title='bbox 657 4827 782 4882; x_wconf 83' lang='lat' dir='ltr'><strong>add.</strong></span> <span class='ocrx_word' id='word_1_651' title='bbox 811 4827 898 4881; x_wconf 69' lang='lat' dir='ltr'><strong>ib.</strong></span> 
     </span>
    </p>
   </div>
   <div class='ocr_carea' id='block_1_93' title="bbox 1944 4538 2034 4574">
    <p class='ocr_par' dir='ltr' id='par_1_93' title="bbox 1944 4538 2034 4574">
     <span class='ocr_line' id='line_1_93' title="bbox 1944 4538 2034 4574; baseline 0 -5"><span class='ocrx_word' id='word_1_652' title='bbox 1944 4538 2034 4574; x_wconf 52' lang='grc'>164⁸</span> 
     </span>
    </p>
   </div>
   <div class='ocr_carea' id='block_1_94' title="bbox 567 4537 3144 4747">
    <p class='ocr_par' dir='ltr' id='par_1_94' title="bbox 567 4537 3144 4747">
     <span class='ocr_line' id='line_1_94' title="bbox 641 4537 3144 4607; baseline -0.006 -5"><span class='ocrx_word' id='word_1_653' title='bbox 641 4548 732 4581; x_wconf 66' lang='grc'><strong>¹⁶³³</strong></span> <span class='ocrx_word' id='word_1_654' title='bbox 762 4547 886 4601; x_wconf 84' lang='lat' dir='ltr'><strong>add.</strong></span> <span class='ocrx_word' id='word_1_655' title='bbox 908 4548 991 4601; x_wconf 75' lang='lat' dir='ltr'><strong>ib.</strong></span> <span class='ocrx_word' id='word_1_656' title='bbox 1067 4547 1160 4578; x_wconf 66' lang='grc'>⁸⁸⁸⁸⁸</span> <span class='ocrx_word' id='word_1_657' title='bbox 1185 4546 1353 4601; x_wconf 85' lang='lat' dir='ltr'><strong>frater</strong></span> <span class='ocrx_word' id='word_1_658' title='bbox 1373 4545 1457 4599; x_wconf 78' lang='lat' dir='ltr'><strong>la.</strong></span> <span class='ocrx_word' id='word_1_659' title='bbox 1537 4543 1625 4574; x_wconf 66' lang='grc' dir='ltr'><strong>ηδτ</strong></span> <span class='ocrx_word' id='word_1_660' title='bbox 1659 4551 1778 4594; x_wconf 89' lang='lat' dir='ltr'><strong>utra</strong></span> <span class='ocrx_word' id='word_1_661' title='bbox 1813 4540 1865 4593; x_wconf 98' lang='grc'><strong>1.</strong></span> <span class='ocrx_word' id='word_1_662' title='bbox 1944 4538 2034 4574; x_wconf 58' lang='lat'><strong>‘5&#39;“</strong></span> <span class='ocrx_word' id='word_1_663' title='bbox 2060 4547 2238 4607; x_wconf 89' lang='lat' dir='ltr'><strong>strage</strong></span> <span class='ocrx_word' id='word_1_664' title='bbox 2262 4537 2312 4590; x_wconf 92' lang='grc'><strong>1.</strong></span> <span class='ocrx_word' id='word_1_665' title='bbox 2391 4537 2482 4568; x_wconf 61' lang='grc'>⁸⁸³⁸</span> <span class='ocrx_word' id='word_1_666' title='bbox 2510 4553 2716 4590; x_wconf 79' lang='lat' dir='ltr'><strong>erasum</strong></span> <span class='ocrx_word' id='word_1_667' title='bbox 2754 4537 2803 4590; x_wconf 93' lang='grc'><strong>1.</strong></span> <span class='ocrx_word' id='word_1_668' title='bbox 2881 4537 2974 4566; x_wconf 81' lang='grc'><strong>¹⁶⁵⁹</strong></span> <span class='ocrx_word' id='word_1_669' title='bbox 3003 4537 3144 4589; x_wconf 76' lang='lat' dir='ltr'><strong>ineXt</strong></span> 
     </span>
     <span class='ocr_line' id='line_1_95' title="bbox 567 4605 3108 4684; baseline -0.007 -9"><span class='ocrx_word' id='word_1_670' title='bbox 567 4617 718 4675; x_wconf 88' lang='lat' dir='ltr'><strong>culus</strong></span> <span class='ocrx_word' id='word_1_671' title='bbox 745 4619 795 4673; x_wconf 89' lang='grc'><strong>1.</strong></span> <span class='ocrx_word' id='word_1_672' title='bbox 825 4619 880 4671; x_wconf 81' lang='lat' dir='ltr'><strong>in</strong></span> <span class='ocrx_word' id='word_1_673' title='bbox 904 4617 999 4670; x_wconf 82' lang='lat' dir='ltr'><strong>hoc</strong></span> <span class='ocrx_word' id='word_1_674' title='bbox 1040 4616 1171 4670; x_wconf 86' lang='lat' dir='ltr'><strong>libro</strong></span> <span class='ocrx_word' id='word_1_675' title='bbox 1198 4615 1498 4684; x_wconf 75' lang='lat' dir='ltr'><strong>plerumque</strong></span> <span class='ocrx_word' id='word_1_676' title='bbox 1522 4611 1716 4667; x_wconf 78' lang='lat' dir='ltr'><strong>scribit.</strong></span> <span class='ocrx_word' id='word_1_677' title='bbox 1794 4610 1886 4641; x_wconf 83' lang='grc'><strong>¹⁶⁸²</strong></span> <span class='ocrx_word' id='word_1_678' title='bbox 1919 4609 2060 4664; x_wconf 87' lang='lat' dir='ltr'><strong>bona</strong></span> <span class='ocrx_word' id='word_1_679' title='bbox 2095 4608 2180 4660; x_wconf 78' lang='grc' dir='ltr'>1η.</span> <span class='ocrx_word' id='word_1_680' title='bbox 2257 4607 2351 4640; x_wconf 74' lang='grc'><strong>⁸⁸⁸³</strong></span> <span class='ocrx_word' id='word_1_681' title='bbox 2373 4605 2551 4660; x_wconf 92' lang='lat' dir='ltr'><strong>divina</strong></span> <span class='ocrx_word' id='word_1_682' title='bbox 2603 4621 2653 4659; x_wconf 89' lang='lat' dir='ltr'><strong>a.</strong></span> <span class='ocrx_word' id='word_1_683' title='bbox 2711 4605 2996 4660; x_wconf 90' lang='lat' dir='ltr'><strong>clementia</strong></span> <span class='ocrx_word' id='word_1_684' title='bbox 3023 4608 3108 4658; x_wconf 73' lang='lat' dir='ltr'><strong>1a.</strong></span> 
     </span>
     <span class='ocr_line' id='line_1_96' title="bbox 573 4675 3144 4747; baseline -0.006 -4"><span class='ocrx_word' id='word_1_685' title='bbox 573 4688 666 4722; x_wconf 82' lang='lat'><strong>“&quot;</strong></span> <span class='ocrx_word' id='word_1_686' title='bbox 693 4691 771 4743; x_wconf 83' lang='lat' dir='ltr'><strong>ita</strong></span> <span class='ocrx_word' id='word_1_687' title='bbox 805 4686 1058 4747; x_wconf 78' lang='lat' dir='ltr'><strong>supplevi,</strong></span> <span class='ocrx_word' id='word_1_688' title='bbox 1085 4685 1320 4747; x_wconf 81' lang='lat' dir='ltr'><strong>quamvis</strong></span> <span class='ocrx_word' id='word_1_689' title='bbox 1348 4684 1502 4747; x_wconf 81' lang='lat' dir='ltr'><strong>plura</strong></span> <span class='ocrx_word' id='word_1_690' title='bbox 1530 4685 1704 4736; x_wconf 75' lang='lat' dir='ltr'><strong>deesse</strong></span> <span class='ocrx_word' id='word_1_691' title='bbox 1732 4679 2144 4747; x_wconf 70' lang='lat' dir='ltr'><strong>videripossim.</strong></span> <span class='ocrx_word' id='word_1_692' title='bbox 2204 4677 2294 4747; x_wconf 53' lang='grc'><strong>⁸⁸⁸9</strong></span> <span class='ocrx_word' id='word_1_693' title='bbox 2323 4675 2620 4747; x_wconf 88' lang='lat' dir='ltr'><strong>predictam</strong></span> <span class='ocrx_word' id='word_1_694' title='bbox 2666 4691 2804 4747; x_wconf 78' lang='lat' dir='ltr'><strong>corr.</strong></span> <span class='ocrx_word' id='word_1_695' title='bbox 2861 4675 3091 4744; x_wconf 87' lang='lat' dir='ltr'><strong>predicti</strong></span> <span class='ocrx_word' id='word_1_696' title='bbox 3120 4675 3144 4747; x_wconf 77' lang='grc'><strong>1</strong></span> 
     </span>
    </p>
   </div>
   <div class='ocr_carea' id='block_1_95' title="bbox 572 4743 3558 4826">
    <p class='ocr_par' dir='ltr' id='par_1_95' title="bbox 572 4743 3558 4826">
     <span class='ocr_line' id='line_1_97' title="bbox 572 4743 3558 4826; baseline -0.004 -14"><span class='ocrx_word' id='word_1_697' title='bbox 572 4759 759 4814; x_wconf 88' lang='lat' dir='ltr'><strong>tristis.</strong></span> <span class='ocrx_word' id='word_1_698' title='bbox 835 4743 928 4790; x_wconf 69' lang='grc' dir='ltr'>ίέιδ</span> <span class='ocrx_word' id='word_1_699' title='bbox 961 4743 1065 4826; x_wconf 84' lang='lat' dir='ltr'><strong>que</strong></span> <span class='ocrx_word' id='word_1_700' title='bbox 1093 4743 1218 4810; x_wconf 66' lang='lat' dir='ltr'><strong>add.</strong></span> <span class='ocrx_word' id='word_1_701' title='bbox 1253 4743 1358 4808; x_wconf 78' lang='lat' dir='ltr'><strong>tb.’</strong></span> <span class='ocrx_word' id='word_1_702' title='bbox 1415 4752 1507 4784; x_wconf 63' lang='grc' dir='ltr'><strong>ἐσυ</strong></span> <span class='ocrx_word' id='word_1_703' title='bbox 1538 4761 1656 4821; x_wconf 90' lang='lat' dir='ltr'><strong>post</strong></span> <span class='ocrx_word' id='word_1_704' title='bbox 1682 4765 1740 4805; x_wconf 87' lang='lat' dir='ltr'><strong>se</strong></span> <span class='ocrx_word' id='word_1_705' title='bbox 1769 4743 2010 4802; x_wconf 62' lang='lat' dir='ltr'><strong>adimo.</strong></span> <span class='ocrx_word' id='word_1_706' title='bbox 2085 4743 2467 4803; x_wconf 72' lang='lat' dir='ltr'><strong>“&quot;eoloensis</strong></span> <span class='ocrx_word' id='word_1_707' title='bbox 2535 4746 2590 4800; x_wconf 74' lang='grc' dir='ltr'>ι.</span> <span class='ocrx_word' id='word_1_708' title='bbox 2627 4753 2684 4798; x_wconf 82' lang='lat' dir='ltr'><strong>ut</strong></span> <span class='ocrx_word' id='word_1_709' title='bbox 2719 4745 2834 4814; x_wconf 88' lang='lat' dir='ltr'><strong>jam</strong></span> <span class='ocrx_word' id='word_1_710' title='bbox 2862 4743 3042 4814; x_wconf 75' lang='lat' dir='ltr'><strong>supra.</strong></span> <span class='ocrx_word' id='word_1_711' title='bbox 3117 4743 3208 4776; x_wconf 76' lang='grc' dir='ltr'><strong>ισσι</strong></span> <span class='ocrx_word' id='word_1_712' title='bbox 3237 4743 3558 4802; x_wconf 69' lang='grc' dir='ltr'><strong>ευιιὺθτο1.</strong></span> 
     </span>
    </p>
   </div>
   <div class='ocr_carea' id='block_1_96' title="bbox 2881 4533 3814 4602">
    <p class='ocr_par' dir='ltr' id='par_1_96' title="bbox 2881 4533 3814 4602">
     <span class='ocr_line' id='line_1_98' title="bbox 2881 4533 3814 4602; baseline -0.001 -13"><span class='ocrx_word' id='word_1_713' title='bbox 2881 4534 2974 4566; x_wconf 83' lang='grc'><strong>¹⁶⁸⁹</strong></span> <span class='ocrx_word' id='word_1_714' title='bbox 3003 4533 3346 4602; x_wconf 86' lang='lat' dir='ltr'><strong>inexuperale</strong></span> <span class='ocrx_word' id='word_1_715' title='bbox 3377 4534 3428 4587; x_wconf 93' lang='grc'><strong>1.</strong></span> <span class='ocrx_word' id='word_1_716' title='bbox 3535 4535 3629 4568; x_wconf 85' lang='grc'><strong>¹⁶³¹</strong></span> <span class='ocrx_word' id='word_1_717' title='bbox 3663 4536 3814 4589; x_wconf 86' lang='lat' dir='ltr'><strong>auin-</strong></span> 
     </span>
    </p>
   </div>
   <div class='ocr_carea' id='block_1_97' title="bbox 3219 4603 3810 4660">
    <p class='ocr_par' dir='ltr' id='par_1_97' title="bbox 3219 4603 3810 4660">
     <span class='ocr_line' id='line_1_99' title="bbox 3219 4603 3810 4660; baseline -0.003 -2"><span class='ocrx_word' id='word_1_718' title='bbox 3219 4603 3312 4636; x_wconf 73' lang='lat'><strong>““</strong></span> <span class='ocrx_word' id='word_1_719' title='bbox 3368 4605 3686 4660; x_wconf 87' lang='lat' dir='ltr'><strong>thredricus</strong></span> <span class='ocrx_word' id='word_1_720' title='bbox 3730 4608 3810 4659; x_wconf 76' lang='grc' dir='ltr'>1ι.</span> 
     </span>
    </p>
   </div>
   <div class='ocr_carea' id='block_1_98' title="bbox 3252 4674 3812 4775">
    <p class='ocr_par' dir='ltr' id='par_1_98' title="bbox 3252 4674 3812 4775">
     <span class='ocr_line' id='line_1_100' title="bbox 3252 4674 3812 4730; baseline -0.004 -2"><span class='ocrx_word' id='word_1_721' title='bbox 3252 4674 3342 4706; x_wconf 75' lang='grc'><strong>⁸⁸⁸⁷</strong></span> <span class='ocrx_word' id='word_1_722' title='bbox 3449 4675 3527 4727; x_wconf 78' lang='lat' dir='ltr'><strong>ita</strong></span> <span class='ocrx_word' id='word_1_723' title='bbox 3564 4676 3652 4730; x_wconf 81' lang='lat' dir='ltr'><strong>la.</strong></span> <span class='ocrx_word' id='word_1_724' title='bbox 3675 4691 3812 4728; x_wconf 86' lang='lat' dir='ltr'><strong>corr.</strong></span> 
     </span>
     <span class='ocr_line' id='line_1_101' title="bbox 3252 4743 3790 4775; baseline 0 0"><span class='ocrx_word' id='word_1_725' title='bbox 3252 4743 3469 4775; x_wconf 57' lang='lat' dir='ltr'><strong>rn‘\‘\n-n</strong></span> <span class='ocrx_word' id='word_1_726' title='bbox 3501 4746 3524 4775; x_wconf 77' lang='grc' dir='ltr'><strong><em>ι</em></strong></span> <span class='ocrx_word' id='word_1_727' title='bbox 3638 4745 3732 4775; x_wconf 64' lang='grc'><strong>1661</strong></span> <span class='ocrx_word' id='word_1_728' title='bbox 3760 4760 3790 4775; x_wconf 79' lang='grc' dir='ltr'>ιι</span> 
     </span>
    </p>
   </div>
   <div class='ocr_carea' id='block_1_99' title="bbox 3760 4760 3810 4797">
    <p class='ocr_par' dir='ltr' id='par_1_99' title="bbox 3760 4760 3810 4797">
     <span class='ocr_line' id='line_1_102' title="bbox 3760 4760 3810 4797; baseline 0 0"><span class='ocrx_word' id='word_1_729' title='bbox 3760 4760 3810 4797; x_wconf 65' lang='grc' dir='ltr'><strong>ιι</strong></span> 
     </span>
    </p>
   </div>
   <div class='ocr_carea' id='block_1_100' title="bbox 2391 4535 2803 4590">
    <p class='ocr_par' dir='ltr' id='par_1_100' title="bbox 2391 4535 2803 4590">
     <span class='ocr_line' id='line_1_103' title="bbox 2391 4535 2803 4590; baseline 0.002 -1"><span class='ocrx_word' id='word_1_730' title='bbox 2391 4536 2482 4568; x_wconf 61' lang='grc'>⁸⁸⁵⁸</span> <span class='ocrx_word' id='word_1_731' title='bbox 2510 4553 2716 4590; x_wconf 82' lang='lat' dir='ltr'><strong>erasum</strong></span> <span class='ocrx_word' id='word_1_732' title='bbox 2754 4535 2803 4590; x_wconf 90' lang='grc'><strong>1.</strong></span> 
     </span>
    </p>
   </div>
   <div class='ocr_carea' id='block_1_101' title="bbox 2057 4903 2287 4961">
    <p class='ocr_par' dir='ltr' id='par_1_101' title="bbox 2057 4903 2287 4961">
     <span class='ocr_line' id='line_1_104' title="bbox 2057 4903 2287 4961; baseline 0 -1"><span class='ocrx_word' id='word_1_733' title='bbox 2057 4903 2287 4961; x_wconf 67' lang='grc' dir='ltr'><strong>ΝΟΤᾹῘ.</strong></span> 
     </span>
    </p>
   </div>
   <div class='ocr_carea' id='block_1_102' title="bbox 644 4996 2128 5060">
    <p class='ocr_par' dir='ltr' id='par_1_102' title="bbox 644 4996 2128 5060">
     <span class='ocr_line' id='line_1_105' title="bbox 644 4996 2128 5060; baseline -0.003 -5"><span class='ocrx_word' id='word_1_734' title='bbox 644 5007 784 5048; x_wconf 71' lang='lat'><strong>“&quot;‘“\</strong></span> <span class='ocrx_word' id='word_1_735' title='bbox 808 5007 899 5060; x_wconf 62' lang='lat' dir='ltr'><strong>Rc.</strong></span> <span class='ocrx_word' id='word_1_736' title='bbox 928 5007 980 5060; x_wconf 93' lang='lat' dir='ltr'><strong>in</strong></span> <span class='ocrx_word' id='word_1_737' title='bbox 1009 5022 1182 5060; x_wconf 74' lang='lat' dir='ltr'><strong>nuena</strong></span> <span class='ocrx_word' id='word_1_738' title='bbox 1218 5003 1356 5060; x_wconf 81' lang='lat' dir='ltr'><strong>apud</strong></span> <span class='ocrx_word' id='word_1_739' title='bbox 1383 5001 1649 5058; x_wconf 86' lang='lat' dir='ltr'><strong>Florinas.</strong></span> <span class='ocrx_word' id='word_1_740' title='bbox 1679 4999 1915 5056; x_wconf 86' lang='lat' dir='ltr'><strong>Fleures.</strong></span> <span class='ocrx_word' id='word_1_741' title='bbox 1942 4996 2128 5056; x_wconf 84' lang='lat' dir='ltr'><strong>Sentb.</strong></span> 
     </span>
    </p>
   </div>
   <div class='ocr_carea' id='block_1_103' title="bbox 2237 4994 3435 5065">
    <p class='ocr_par' dir='ltr' id='par_1_103' title="bbox 2237 4994 3435 5065">
     <span class='ocr_line' id='line_1_106' title="bbox 2237 4994 3435 5065; baseline -0.003 -13"><span class='ocrx_word' id='word_1_742' title='bbox 2237 4999 2292 5052; x_wconf 94' lang='lat' dir='ltr'><strong>h.</strong></span> <span class='ocrx_word' id='word_1_743' title='bbox 2325 5013 2376 5052; x_wconf 90' lang='lat' dir='ltr'><strong>a.</strong></span> <span class='ocrx_word' id='word_1_744' title='bbox 2402 4998 2591 5054; x_wconf 84' lang='lat' dir='ltr'><strong>Octob.</strong></span> <span class='ocrx_word' id='word_1_745' title='bbox 2625 4998 2694 5065; x_wconf 87' lang='lat'><strong>6;</strong></span> <span class='ocrx_word' id='word_1_746' title='bbox 2726 4996 2939 5052; x_wconf 87' lang='lat' dir='ltr'><strong>Necrol.</strong></span> <span class='ocrx_word' id='word_1_747' title='bbox 2966 4995 3195 5058; x_wconf 83' lang='lat' dir='ltr'><strong>Luneb.,</strong></span> <span class='ocrx_word' id='word_1_748' title='bbox 3228 4994 3347 5051; x_wconf 89' lang='lat' dir='ltr'><strong>Oct.</strong></span> <span class='ocrx_word' id='word_1_749' title='bbox 3379 4996 3435 5051; x_wconf 88' lang='lat'><strong>9.</strong></span> 
     </span>
    </p>
   </div>
   <div class='ocr_carea' id='block_1_104' title="bbox 2495 5066 3340 5144">
    <p class='ocr_par' dir='ltr' id='par_1_104' title="bbox 2495 5066 3340 5144">
     <span class='ocr_line' id='line_1_107' title="bbox 2495 5066 3340 5144; baseline 0.022 -40"><span class='ocrx_word' id='word_1_750' title='bbox 2495 5068 2534 5074; x_wconf 88' lang='grc'><strong>-·</strong></span> <span class='ocrx_word' id='word_1_751' title='bbox 2737 5069 2786 5092; x_wconf 62' lang='grc'><strong>²“</strong></span> <span class='ocrx_word' id='word_1_752' title='bbox 2819 5067 3064 5122; x_wconf 75' lang='lat' dir='ltr'><strong>districtu</strong></span> <span class='ocrx_word' id='word_1_753' title='bbox 3087 5066 3340 5144; x_wconf 57' lang='lat' dir='ltr'><strong>blunstcr.</strong></span> 
     </span>
    </p>
   </div>
   <div class='ocr_carea' id='block_1_105' title="bbox 3154 5134 3808 5160">
    <p class='ocr_par' dir='ltr' id='par_1_105' title="bbox 3154 5134 3808 5160">
     <span class='ocr_line' id='line_1_108' title="bbox 3154 5134 3808 5160; baseline 0 0"><span class='ocrx_word' id='word_1_754' title='bbox 3154 5153 3203 5160; x_wconf 66' lang='grc' dir='ltr'><strong>.-ι</strong></span> <span class='ocrx_word' id='word_1_755' title='bbox 3249 5134 3538 5160; x_wconf 60' lang='grc' dir='ltr'><strong>111.Ιιι.12---.</strong></span> <span class='ocrx_word' id='word_1_756' title='bbox 3600 5135 3649 5160; x_wconf 74' lang='grc'>3..</span> <span class='ocrx_word' id='word_1_757' title='bbox 3683 5152 3808 5160; x_wconf 56' lang='grc' dir='ltr'><strong>---Α</strong></span> 
     </span>
    </p>
   </div>
  </div>
