4048 5368
226 266 358 325 1389

1414 290 1826 351 ChRONlCON.
1867 325 1937 338 -—-
1967 297 2093 354 LIB.
2134 300 2240 356 VII.

3320 324 3456 378 1390

226 380 415 435 ibidem
444 381 653 441 diucius
677 388 767 421 "‘“
819 393 1050 461 turbata,
1082 413 1200 453 cum
1239 404 1488 460 omnibus
1522 424 1641 475 qua:
1680 411 1779 463 ha-
1807 418 1857 475 Α
1884 415 2024 482 quod
2054 431 2119 470 ex
2147 428 2302 487 parte
2347 419 2597 478 Bolizlavi
2630 439 2868 497 rogatur,
2904 431 3087 488 laudat
3113 436 3223 502 ηδ’,
3257 454 3456 498 com-0-

226 472 375 502 lu;an
428 490 526 502 ..-Α
560 477 726 502 ,ΙΑΙΑΑ
927 495 939 502 .
1068 487 1105 502 Λ
1206 491 1219 502 .
1368 496 1382 502 -
1441 498 1470 502 --
1512 498 1521 502 -

221 472 398 537 bebat,
428 490 528 543 pro
558 477 726 536 dolor!
764 495 1029 540 servatur.
1064 487 1250 546 Omnis
1280 472 1581 562 maledicio,
1617 516 1778 569 quam

222 561 307 592 ““
332 563 435 617 sibi
466 566 654 623 beatus
694 570 794 627 Job
841 575 1145 646 inprecatus
1173 592 1273 650 est,
1301 585 1425 642 huic
1456 561 1785 661 talem-pro-

219 657 442 710 merenti
489 662 723 716 eveniat.
776 664 829 720 In
878 673 1113 737 presenti
1163 684 1401 746 tempore
1431 688 1635 737 tantum
1658 686 1785 741 mali

216 746 491 815 percipiat,
520 760 575 803 ut
607 753 657 805 in
686 753 868 809 futuro
895 761 1106 816 veniam
1136 765 1327 820 saltem
1354 784 1573 837 sperare
1601 772 1781 829 liceat.

213 834 546 909 Quicumque
599 842 649 897 in
706 847 968 904 auxilium
1006 854 1123 922 ejus
1171 856 1223 910 in
1278 858 1381 914 hoc
1404 861 1493 892 ¹⁶⁶⁸
1529 879 1781 932 umquam

212 925 459 993 asspiret,
509 942 858 989 convertatur
896 938 963 992 ad
1016 941 1205 1007 Deum.
1252 954 1306 1000 et
1353 963 1411 1003 se
1437 951 1784 1009 vehementer

211 1030 461 1084 peccasse
504 1022 806 1091 confessus,
856 1028 923 1082 ad
972 1033 1402 1093 emendationem
1461 1044 1779 1114 condignam

210 1103 457 1163 festinet:
485 1110 611 1176 quia
664 1112 821 1167 sibilo
856 1129 1137 1176 venenosa:
1163 1125 1365 1194 aspidis
1406 1140 1554 1185 caret
1584 1134 1779 1188 recole-

209 1197 281 1251 sia
315 1201 447 1254 tanti
483 1202 801 1261 defensoris.
830 1209 886 1263 ln
921 1211 1026 1267 hoc
1069 1226 1247 1272 autem
1289 1235 1431 1275 anno
1460 1222 1779 1279 Thiedricus

207 1290 429 1346 antistes
454 1293 600 1365 (909)
625 1305 675 1350 et
700 1297 1049 1361 Hirimannus
1070 1322 1273 1375 comes,
1303 1311 1590 1385 Gerberga:
1614 1316 1776 1382 ﬁlius,

207 1378 270 1431 de
293 1379 437 1435 inani
477 1399 537 1439 re
559 1395 745 1442 mutuo
768 1400 1056 1462 certantes,
1102 1413 1199 1452 sua
1228 1401 1531 1457 vastabant.
1572 1404 1778 1462 Dehinc

204 1470 389 1524 amicis
414 1476 867 1541 persuadentibus
901 1497 963 1537 ac
991 1469 1225 1542 maxime
1247 1488 1398 1557 jussu
1431 1494 1777 1564 imperatorio

203 1556 395 1621 sedati,
453 1564 791 1629 presenciam
842 1570 1043 1627 cesaris
1089 1556 1360 1647 utrimque
1405 1582 1775 1649 prestolaban-

205 1652 286 1697 tur
307 1646 423 1700 ⁸⁸⁸⁸.

268 1735 359 1790 55.
392 1738 451 1807 (f.
484 1740 631 1809 161.)
669 1743 825 1800 Anno
861 1746 1153 1808 Dominica:
1186 1754 1572 1817 incarnationis
1614 1763 1771 1834 1017,

202 1822 450 1883 Kalendis
496 1830 736 1889 Januarii
772 1836 914 1894 Gero
950 1843 1387 1918 archiepiscopus
1428 1851 1577 1920 jussu
1610 1854 1774 1925 impc-

205 1916 397 1970 ratoris
444 1918 815 1979 Bernhardum
901 1916 1480 1997 ntarcltionenrnudis
1546 1945 1771 2013 pedibus

198 2007 626 2066 emendationem
678 2016 777 2069 sibi
818 2021 1220 2085 promittentem
1247 2033 1484 2100 suscepit
1514 2007 1567 2088 et
1590 2038 1772 2093 arcete-

198 2093 286 2149 siaa
315 2104 666 2169 presentavit,
695 2107 882 2164 solutis
902 2114 1151 2171 omnibus
1175 2119 1366 2176 bannis
1388 2123 1456 2177 ab
1475 2139 1540 2179 eo
1564 2125 1768 2197 inposi-

200 2186 389 2244 ἥξων.
438 2193 734 2263 imperator
772 2216 802 2254 a
856 2201 1084 2273 Palithi,
1131 2210 1221 2265 ubi
1267 2213 1559 2272 celebravit
1590 2186 1769 2278 natale

201 2278 429 2349 Domini,
460 2288 647 2343 exiens
672 2292 782 2359 ‘m,
832 2295 884 2349 in
915 2298 1129 2356 Altstidi
1160 2305 1502 2375 epipbaniam
1555 2315 1767 2370 Domini

199 2372 564 2444 sollempniter
609 2385 836 2453 peregit,
868 2396 923 2441 et
970 2389 1023 2444 in
1071 2372 1224 2449 saera
1274 2408 1433 2454 nocte
1465 2404 1650 2459 eadem
1676 2407 1766 2439 ⁸ε⁶⁹

197 2463 529 2525 Frithericus
578 2489 782 2542 comes,
820 2478 991 2537 ﬁdelis
1038 2483 1253 2543 Christo
1282 2498 1336 2544 et
1386 2494 1592 2549 seniori
1642 2512 1764 2563 suo,

195 2555 322 2609 obiit
358 2558 416 2613 in
448 2562 664 2620 civitate
689 2583 783 2623 sua
834 2571 1011 2644 llburg
1039 2576 1202 2634 dicta.
1237 2580 1334 2637 llic
1384 2586 1508 2653 quia
1542 2589 1763 2659 sapiens

194 2656 305 2701 erat
352 2657 410 2702 et
459 2651 561 2707 sibi
614 2655 772 2712 ﬁnem
818 2660 976 2729 hujus
1030 2666 1289 2739 vitaejam
1336 2651 1765 2749 appropinquare

194 2742 466 2807 cernebat,
509 2747 803 2814 predictam
841 2756 1115 2814 civitatem
1160 2761 1349 2821 lratris
1397 2742 1592 2827 suimet
1614 2742 1762 2846 (MO)

194 2828 319 2897 ﬁlio,
367 2837 589 2892 nomine
637 2840 941 2910 Tbiedrico,
982 2863 1045 2903 ea
1096 2855 1313 2911 racione
1344 2858 1511 2925 dedit,
1553 2871 1612 2917 ut
1640 2879 1761 2920 cum

192 2917 343 2976 laude
393 2939 511 2991 sua,
557 2929 680 2998 quia
714 2933 870 2990 heres
896 2939 1094 2997 suimet
1125 2943 1225 2999 fuit
1254 2956 1307 3002 et
1335 2950 1493 3005 aliter
1509 2952 1608 3009 hoc
1633 2955 1764 3027 legi-

192 3010 315 3065 time
341 3013 461 3069 ﬁeri
489 3032 593 3071 non
624 3023 813 3089 potuit,
842 3026 1029 3084 liceret
1054 3032 1153 3087 sibi
1188 3037 1360 3092 tribus
1394 3041 1508 3095 suis
1539 3010 1752 3101 ﬁliabus

1889 503 2035 559 nisse
2070 508 2135 560 ad
2177 524 2299 563 eum
2331 513 2600 583 principes
2630 532 2793 582 suos;
2828 530 2881 575 et
2909 523 2952 576 si
2992 526 3117 594 quid
3145 527 3269 583 boni
3299 532 3461 588 vellet

1889 594 1991 649 sibi
2022 598 2293 661 exhibere.
2322 618 2443 657 cum
2467 621 2651 662 eorum
2675 612 2899 668 consilio
2922 614 3151 671 libenter
3167 622 3457 691 acciperet.

1888 686 2171 744 Mittuntur
2200 693 2427 749 invicem
2456 699 2648 761 nuntii.
2676 712 2727 756 et
2760 704 2988 760 inducim
3020 722 3311 777 ponuntur.

1958 779 2046 833 56.
2085 780 2251 837 Cesar
2281 786 2496 843 interim
2537 791 2602 845 ad
2636 791 2944 867 Mersebnrg
2972 800 3209 866 veniens,
3237 806 3457 860 certitu-

1888 867 2065 923 dinem
2092 872 2166 925 rei
2192 871 2348 940 hujus
2391 881 2757 947 exspectabat.
2788 883 2860 937 lbi
2889 894 3013 940 tunc
3042 889 3191 944 multi
3221 892 3458 951 latrones

1885 972 1917 1010 a
1941 958 2323 1027 gladiatoribus
2358 966 2616 1037 singulari
2650 975 2945 1029 certamine
2974 978 3189 1047 devicti,
3222 996 3455 1051 suspen-

1885 1049 1973 1101 dio
2014 1053 2309 1118 perierunt.
2352 1056 2417 1111 Et
2467 1061 2855 1135 archiepiscOpi
2904 1068 3027 1129 duo.
3081 1049 3453 1130 Erkanbaldus

1885 1139 1974 1171 “"
2000 1141 2145 1213 (911)
2176 1154 2229 1199 et
2254 1146 2414 1210 Gero,
2454 1159 2509 1204 et
2551 1152 2805 1210 Arnult‘us
2844 1158 3068 1213 antistes
3093 1176 3211 1215 cum
3236 1165 3453 1219 comiti-

1881 1230 1982 1286 bus
2013 1232 2267 1304 Sigifrido
2307 1254 2370 1293 ac
2399 1238 2709 1298 Bernhardo
2734 1247 2823 1278 "7'
2856 1253 3170 1321 exterisque
3198 1255 3454 1323 principi-

1879 1319 1981 1375 bus
2017 1322 2168 1389 juxta
2223 1325 2436 1381 Mild.m
2488 1330 2704 1386 ﬂuvium
2732 1319 3135 1403 quatuordctiin
3164 1319 3275 1395 dies
3298 1319 3454 1399 sede-

1879 1410 2027 1476 bant,
2062 1413 2388 1471 Bolizlavum
2432 1434 2529 1488 per
2571 1415 2928 1479 internuntios
2950 1428 3144 1481 suimet
3173 1432 3238 1485 ad
3269 1433 3445 1487 Albim

1878 1500 2061 1555 venire
2086 1513 2334 1571 r0gantes
2357 1507 2421 1559 ad
2443 1508 2767 1583 colloquium
2792 1529 2817 1565 a
2852 1528 2908 1567 se
2936 1516 3025 1568 diu
3064 1517 3445 1575 desideratum.

1877 1587 1944 1642 Et
1978 1589 2067 1644 hic
2106 1600 2228 1647 tunc
2271 1604 2388 1649 erat
2441 1597 2672 1653 Scieiani
2726 1601 2893 1671 (9l2),
2930 1612 2981 1658 et
3024 1615 3075 1659 ttt
3121 1606 3447 1676 legationem

1880 1678 2101 1743 audivit,
2151 1696 2209 1735 se
2258 1682 2327 1736 ob
2367 1684 2611 1739 timorem
2650 1688 2885 1744 hostium
2912 1692 3105 1747 suimet
3153 1696 3242 1751 illo
3265 1698 3449 1757 venire

1805 1762 1851 1823 Β
1879 1769 2010 1823 dixit
2045 1770 2347 1828 nullatenus
2370 1778 2586 1831 audere.
2618 1778 2683 1832 Et
2708 1782 3065 1849 nuntiizQuid
3090 1787 3155 1853 si,
3177 1789 3444 1860 inquiunt,

1871 1862 2100 1915 seniores
2150 1867 2312 1919 nostri
2356 1868 2425 1920 ad
2466 1871 2665 1937 nigram
2695 1875 2897 1927 veniunt
2930 1875 3181 1943 Elslram,
3212 1883 3337 1951 quid
3360 1884 3445 1953 fa-

1871 1951 1975 2003 cis?
1998 1951 2063 2005 Et
2085 1953 2169 2009 ille
2198 1973 2211 2009 :
2249 1954 2359 2011 Nec
2392 1972 2596 2030 pontem
2630 1964 2787 2031 hunc,
2837 1966 2975 2028 inﬁt.
3022 1974 3270 2037 preterire
3300 1976 3431 2029 rolo.

1873 2039 2093 2099 Talibus
2141 2047 2299 2103 dictis
2352 2052 2551 2106 reversi
2609 2063 2772 2121 sunt,
2828 2057 3162 2131 dominisque
3186 2064 3277 2097 ¹⁶⁷³
3323 2067 3441 2124 haec

1869 2133 2047 2186 omnia
2075 2134 2394 2192 intimabant
2413 2140 2545 2195 suis.
2577 2142 2871 2212 Imperator
2902 2160 3079 2204 autem
3102 2153 3438 2228 puriﬁcatio-

1869 2236 1992 2276 nem
2025 2235 2226 2282 sancta:
2277 2229 2370 2284 Dei
2402 2232 2676 2299 genitricis
2709 2238 2989 2294 nobiscum
3022 2242 3279 2299 celebrat.
3312 2246 3443 2305 Post

1870 2311 2009 2367 hanc
2034 2315 2268 2386 episcopi
2294 2328 2346 2375 et
2375 2324 2599 2379 comites
2624 2326 2690 2380 ob
2706 2338 3070 2402 contemptum
3099 2334 3352 2393 Bolizlavi
3375 2357 3435 2397 se

1866 2399 2099 2458 fallentis
2125 2406 2306 2463 tristes
2337 2410 2713 2481 adveniebant,
2750 2428 2804 2472 et
2832 2399 3176 2489 imperatoris
3206 2439 3440 2485 mentem

1868 2492 2067 2560 apertis
2110 2494 2459 2562 legationibus
2512 2502 2820 2560 incendunt.
2876 2509 2950 2563 lbi
3000 2518 3127 2566 tunc
3152 2514 3218 2569 de
3258 2517 3439 2574 futura

1865 2583 2206 2649 expeditione
2246 2594 2531 2655 tractatur,
2587 2601 2643 2647 et
2693 2595 2867 2651 fidelis
2912 2600 3139 2669 quisque
3178 2605 3244 2659 ad
3296 2606 3439 2665 hanc

1864 2673 2139 2740 preparari
2166 2674 2258 2708 ¹⁶⁷⁸
2288 2688 2557 2745 monetur,
2585 2689 2640 2737 ct
2692 2691 2749 2738 ut
2779 2685 2914 2742 ullus
2960 2689 3100 2745 intra
3128 2709 3226 2750 nos
3255 2705 3309 2752 et
3338 2714 3436 2768 pu-

1864 2761 2061 2818 blicum
2089 2766 2299 2823 hostem
2350 2771 2602 2843 deinceps
2653 2777 3198 2841 mittereturnuntius
3225 2790 3309 2845 vel
3339 2808 3432 2846 su-

1863 2852 2180 2922 sciperetur,
2217 2857 2447 2916 ﬁrmiter
2498 2866 2566 2919 ab
2614 2880 2838 2938 augusto
2870 2872 2929 2943 (τ.
2969 2875 3092 2949 165)
3120 2882 3435 2947 prohibetur

1868 2942 1983 3010 ‘6",
2012 2955 2065 2999 et
2091 2948 2214 3017 quis
2240 2950 2341 3007 hoc
2366 2953 2623 3012 hactenus
2646 2974 2806 3030 agere
2834 2942 3181 3035 presumeret,
3210 2972 3435 3044 diligen-

1866 3040 1947 3087 ter
1981 3035 2289 3107 inquiritur.

186 3102 430 3164 predium
478 3122 657 3175 omne,
704 3116 842 3181 quod
884 3124 1162 3189 remansit,
1195 3128 1429 3186 tradere.
1472 3133 1638 3201 llujus
1660 3152 1752 3192 co-

1928 3125 2017 3180 57.
2052 3102 2255 3186 bebinc
2276 3132 2571 3203 imperator
2597 3154 2625 3193 a
2654 3144 2805 3198 nobis
2832 3147 3285 3218 proﬁciscens,ad
3312 3155 3428 3210 Ma-

188 3192 432 3248 mitatum
457 3204 508 3250 ct
528 3215 687 3269 super
717 3203 895 3260 Siusili
919 3224 1111 3283 pagum
1132 3223 1453 3284 potestatem
1482 3192 1569 3277 ille
1590 3224 1754 3282 Tbie-

188 3276 364 3336 dricus
421 3285 746 3356 inperatoris
782 3276 1014 3354 munere
1052 3276 1173 3373 post
1226 3307 1317 3341 “6’
1371 3314 1625 3384 suscepit.
1668 3317 1756 3371 Fit

193 3372 442 3437 publicus
466 3381 765 3453 principum
785 3386 836 3442 in
852 3372 1067 3448 AltSIidi
1100 3411 1423 3469 conventus;
1456 3372 1596 3462 inter
1619 3407 1752 3464 Ber-

186 3459 451 3520 nbardum
470 3473 832 3531 marchionem
850 3488 905 3535 et
929 3488 1103 3551 patrui
1132 3502 1328 3547 memet
1358 3495 1495 3551 lilios
1524 3497 1751 3568 litigium

184 3563 304 3605 cum
332 3561 710 3621 emendatione
735 3568 837 3624 sibi
862 3585 1078 3644 accepta
1104 3588 1153 3632 et
1173 3580 1480 3648 juramento
1502 3591 1755 3656 paciﬁca-

184 3649 292 3698 tum
324 3660 432 3703 est.
461 3650 605 3709 lnter
630 3658 671 3711 Τ
676 3659 969 3720 hiedricum
990 3670 1284 3727 antistitem
1307 3684 1359 3730 et
1377 3676 1749 3740 Hirimannttn

178 3736 433 3793 comitem
466 3742 764 3804 inimicicia:
790 3753 879 3808 diu
903 3768 1123 3827 exortae,
1153 3771 1207 3816 et
1231 3765 1433 3828 odium.
1461 3772 1602 3839 quod
1632 3784 1752 3831 erat

177 3823 317 3882 inter
343 3831 705 3903 Eggihardum
732 3851 783 3898 et
814 3823 1131 3917 eonfratres,
1172 3852 1375 3910 Udonis
1402 3823 1539 3915 ﬁlios
1568 3863 1747 3919 senio-

176 3914 270 3983 ris,
299 3935 476 3990 usque
501 3925 552 3979 in
586 3932 777 3989 tercias
803 3935 1049 3997 Octobris
1079 3943 1344 4002 Kalendas
1370 3950 1461 3983 ¹⁶⁷⁰
1489 3952 1556 4006 ab
1580 3953 1748 4024 impc-

174 4018 358 4066 ratore
421 4018 665 4075 sedatum
724 4036 829 4081 est.
882 4029 959 4085 lbi
1022 4035 1186 4089 etiam
1248 4042 1496 4108 promisit
1549 4044 1746 4103 Geroni

174 4100 580 4204 archiepiscopo
619 4112 963 4175 Bernhardus
1006 4100 1263 4183 marchio-
1293 4130 1398 4185 500
1425 4135 1632 4204 argenti
1666 4145 1746 4193 ta-

171 4182 314 4244 lenta
360 4206 464 4260 pro
508 4198 721 4271 dampni
778 4217 1278 4281 recompensatione
1333 4182 1743 4294 inlatiTOptima

171 4291 398 4350 qumque
424 4285 717 4357 imperator
760 4299 830 4354 ibi
857 4302 947 4355 diu
990 4319 1338 4366 conversatus
1359 4312 1504 4369 fecit.
1535 4285 1618 4370 Fit
1641 4334 1743 4385 pax

170 4369 313 4428 inter
337 4377 712 4440 Gevehardum
762 4401 817 4445 et
857 4392 1255 4455 Willehelmum
1282 4406 1525 4461 comites.
1559 4407 1741 4465 Nuntii

169 4460 233 4514 de
258 4463 409 4521 ltalia
437 4471 542 4527 huc
567 4478 840 4538 venientes
860 4487 1238 4553 gratulabundi
1270 4494 1336 4548 ad
1368 4512 1464 4550 sua
1493 4498 1737 4554 redeunt.

168 4547 274 4605 lter
314 4556 660 4628 imperatoris
705 4584 769 4625 ac
809 4547 1144 4632 occidentem
1184 4580 1496 4651 dispositum
1525 4589 1593 4642 ob
1640 4591 1739 4646 via:

167 4646 517 4711 asperitatem
573 4656 792 4715 dilatum
843 4672 947 4719 est.
978 4665 1037 4736 (t'.
1068 4666 1209 4737 164')
1264 4646 1557 4740 imperator
1612 4676 1738 4744 hoc,

1858 3217 2133 3289 gadaburg
2156 3223 2300 3277 venit
2337 3225 2447 3294 (an.
2488 3229 2640 3293 1017,
2677 3232 2831 3291 Febr.
2858 3238 2910 3307 9)
2943 3281 2956 3299 ,
3005 3257 3202 3315 magno
3229 3245 3426 3303 ibidem

1860 3321 2140 3379 susceptus
2176 3313 2398 3371 honore.
2429 3318 2644 3376 Postera
2671 3324 2809 3391 luce,
2839 3328 2890 3383 id
2920 3340 3003 3385 est
3034 3313 3301 3391 dominica
3342 3339 3428 3394 die

1857 3395 2041 3468 (Febr.
2068 3402 2181 3473 10),
2201 3405 2321 3472 quia
2350 3404 2743 3483 septuagesima
2777 3425 2902 3474 tunc
2929 3420 3180 3487 instabat,
3206 3442 3425 3484 carnem

1859 3489 2104 3558 deposuit
2128 3494 2296 3563 (915).
2323 3496 2391 3552 Ει
2425 3499 2477 3552 in
2502 3500 2538 3553 ‘2
2566 3499 2700 3557 feria
2736 3504 2916 3575 (Febr.
2951 3510 3037 3579 12)
3064 3515 3427 3584 archiepisco-

1856 3596 1956 3650 pus
1994 3584 2252 3654 capellam
2296 3594 2789 3657 septemtrionalem
2836 3599 3128 3667 benedixit,
3173 3617 3427 3673 presente

1857 3674 2198 3744 imperatore.
2235 3680 2288 3732 In
2319 3683 2559 3749 proxima
2587 3698 2767 3741 autem
2801 3690 2886 3744 die
2913 3693 3088 3747 oritur
3118 3699 3419 3755 commocio

1855 3764 1997 3819 inter
2021 3768 2197 3823 socios
2222 3772 2633 3831 archiantistitis
2668 3787 2722 3832 et
2742 3779 3035 3837 Bernbardi
3067 3788 3420 3856 marchioais,

1854 3869 1973 3923 quae
1994 3858 2111 3913 sine
2150 3860 2386 3927 periculo
2414 3865 2631 3920 sedatur
2659 3876 2713 3922 ct
2747 3870 2997 3941 episcopo
3027 3875 3321 3933 honoriﬁce
3349 3882 3414 3934 ﬁ-

1850 3948 2017 4003 nitur.
2042 3949 2381 4007 Conveniunt
2407 3954 2600 4010 ibidem
2627 3957 2773 4014 fures
2795 3960 2947 4031 jussu
2977 3963 3335 4036 imperatoris,
3365 3982 3421 4027 et

1850 4052 1880 4090 a
1930 4040 2399 4109 congredientibus
2431 4043 2647 4111 devicti,
2679 4048 2874 4119 laqueo
2909 4054 3217 4111 traduntur.
3253 4057 3415 4114 Multa

1849 4125 2076 4181 salutem
2101 4130 2293 4197 patriae
2348 4134 2694 4201 respicientia
2722 4139 2919 4195 ibidem
2958 4141 3237 4199 ﬁniuntur.
3290 4149 3419 4205 inde

1846 4216 2138 4274 Gunterius
2176 4221 2267 4252 ⁸⁸⁷⁸
2293 4238 2584 4281 conversus
2619 4243 2778 4284 causa
2809 4230 3068 4288 Liuticios
3101 4237 3417 4304 predicandi

1848 4306 1945 4363 ivit
1974 4310 2063 4342 ⁸⁸⁷³⁷
2097 4310 2264 4382 (914).
2296 4311 2402 4367 Sed
2429 4329 2549 4369 eum
2585 4333 2684 4389 ego
2720 4319 2881 4375 multa
2908 4335 3034 4391 sepe
3070 4335 3292 4393 questus
3313 4329 3415 4384 sim

1848 4399 2155 4468 imperatori
2186 4403 2251 4456 de
2294 4413 2446 4472 parte
2484 4407 2702 4463 meimet
2733 4412 3030 4481 parrochia:
3074 4414 3144 4469 ab
3170 4417 3417 4474 arcclesia

1844 4489 2102 4547 Misnensi
2134 4493 2330 4561 injuste
2366 4495 2543 4550 ablata
2567 4506 2617 4552 et
2646 4502 2862 4572 scriptis
2885 4504 3160 4572 restituta,
3181 4520 3418 4580 cumque

1843 4582 1982 4636 bona
2031 4584 2156 4641 inde
2210 4586 2341 4641 mihi
2394 4588 2671 4658 profutura
2728 4608 3027 4663 sperarem,
3057 4596 3217 4653 aliter
3252 4615 3415 4670 quam

1844 4685 1995 4731 ratus
2039 4677 2140 4733 sim
2186 4678 2287 4736 hoc
2342 4682 2563 4738 evenire
2604 4688 3019 4758 cognoscebam.
3069 4689 3314 4763 Namque
3360 4693 3416 4749 in

1435 4804 1666 4862 VARUE
1706 4807 2101 4867 LECTIONES.

270 4917 359 4950 ⁸⁸⁸³
388 4919 596 4979 diviciis
626 4927 710 4979 la.
792 4930 884 4963 ““

167 4985 418 5050 inpositis
448 4994 571 5047 add.
620 4997 640 5048 1
656 4997 706 5049 b.

168 5056 260 5086 ⁸⁸⁷⁸
288 5072 352 5111 ac
376 5060 432 5113 b.
466 5065 586 5116 add.
622 5067 707 5117 ib.

162 5153 232 5165 «-
260 5126 355 5181 ivit
386 5130 512 5185 add.
544 5134 625 5189 lb.

911 4949 1046 5003 quas
1081 4936 1126 4988 l.

808 5000 900 5074 {‘4‘}
928 5000 1147 5074 exigens
1175 5007 1224 5062 1.
1304 5011 1393 5047 ιω
1416 5012 1541 5065 add.
1581 5016 1665 5072 ib.

1236 4938 1325 4973 ¹⁶⁶⁸
1352 4943 1402 4996 in
1441 4940 1544 4997 hoc
1584 4946 1712 5001 add.
1746 4949 1828 5003 lb.

1749 5020 1838 5053 “7°
1868 5021 1983 5075 cias
2011 5026 2118 5072 oet.
2138 5018 2210 5074 ιιι.
2245 5021 2299 5074 in
2324 5018 2437 5078 loco
2468 5039 2586 5077 rasa
2641 5026 2724 5080 lb.

804 5071 908 5113 *⁸⁷³
936 5071 1043 5145 que
1069 5076 1190 5129 add.
1222 5078 1304 5133 lb.
1414 5081 1506 5114 ⁸⁸⁷⁸
1533 5071 1835 5161 preparare
1867 5071 1949 5145 id:

2892 4954 2987 4988 ω’
3015 4954 3150 5010 mill.
3185 4958 3330 5019 XV“
3359 4996 3429 5009 —-

2825 5026 2917 5057 tm
2950 5022 3314 5088 crkinbaldus
3343 5036 3430 5091 la.

3192 5099 3286 5133 1177
3316 5105 3438 5162 "Ide

1930 4947 2021 4980 1⁸⁸⁸
2044 4948 2117 5001 ita
2138 4950 2227 5021 ⁸Α.
2254 4950 2313 5007 S.
2346 4952 2729 5021 prestobantur
2758 4957 2811 5013 1-

2030 5088 2120 5120 ⁸⁸⁷⁸
2151 5092 2460 5161 probibitur
2496 5094 2545 5148 1.
2624 5094 2721 5128 ⁸⁸⁷⁸
2756 5098 2772 5155 i
2806 5108 3023 5149 erasum
3052 5093 3107 5148 1.

1690 5292 1917 5351 NOT/E-
