4048 5368
551 346 586 401 1
597 345 695 400 591

1487 338 1865 430 ἸΊΙΙΕΤΜΑΒΙ
1906 339 2211 399 EPISCOPI
2257 338 2876 397 MERSEBURGENSIS

3702 341 3837 398 1598

559 456 815 514 cathedra
855 454 1029 511 sancti
1073 453 1242 521 Petri,
1290 468 1410 524 qua:
1438 465 1522 510 est
1563 457 1596 513 8
1635 455 1906 512 Kalendas
1936 455 2144 523 Marcii,
2175 459 2224 518 A
2252 451 2559 510 necessaria
2610 454 2952 526 disputantur
2999 453 3168 526 (917).
3205 453 3506 524 Imperator
3550 455 3677 511 inde
3720 472 3841 527 pro-

560 567 684 606 cum
707 549 916 606 sederet
940 551 1232 620 imperator
1255 557 1310 602 et
1333 559 1613 618 presentcs
1635 550 1872 620 episcopi
1899 550 2153 606 adessent

561 641 728 706 Gero,
782 639 1154 704 Meinwercus,
1201 638 1358 709 Wigo
1400 650 1457 695 et
1493 640 1685 696 Ericus
1720 651 1774 696 et
1821 641 2146 708 Eilwardus,

562 733 775 788 surrexi
799 741 854 787 et
882 731 1326 787 lamentationem
1341 746 1513 786 meum
1536 731 1662 787 feci.
1678 731 1829 787 Tunc
1855 733 2151 804 imperator

563 832 619 877 et
649 823 1059 888 arehiantistes,
1095 838 1123 876 a
1155 823 1353 892 quibus
1391 822 1678 893 sperabam
1725 824 2007 892 auxilium,
2035 824 2152 895 jus-

563 921 752 967 serunt
775 912 926 975 mihi,
961 911 1104 966 Deus
1133 911 1236 966 scit
1278 911 1470 978 invito,
1493 913 1585 982 qui
1625 913 1731 967 hiis
1767 913 2021 969 resistere
2045 931 2149 970 non

562 1004 886 1074 presumpsi,
917 1010 975 1056 ut
1017 1003 1360 1072 parrochiam
1400 1002 1455 1056 in
1501 1003 1750 1057 orientali
1797 1014 1948 1071 parte
1979 1003 2151 1060 Mildte

563 1095 801 1151 ﬂuminis
834 1095 1129 1164 jacentem,
1168 1096 1220 1151 id
1260 1105 1342 1151 est
1371 1096 1426 1150 in
1457 1096 1796 1167 burgwardis
1828 1097 1919 1128 ¹⁶⁷⁸
1958 1096 2152 1153 Biclmi

565 1198 620 1245 et
655 1188 848 1243 Vurcin
887 1189 1156 1242 Eilwardo
1180 1189 1555 1253 concederem,
1587 1199 1643 1242 et
1671 1204 1829 1258 quam
1867 1189 1952 1244 ille
1981 1190 2033 1244 in
2061 1205 2151 1245 oc-

566 1279 819 1335 cidentali
858 1281 970 1350 ripa
1019 1291 1146 1336 tunc
1193 1281 1282 1319 ¹⁶⁷⁰
1337 1288 1566 1344 teneret,
1597 1279 1659 1348 (1.
1695 1279 1817 1350 165)
1862 1281 1996 1335 mihi
2048 1281 2151 1337 hoc

565 1387 861 1442 numquam
912 1371 1238 1427 desideranti
1281 1371 1630 1440 relinqueret.
1667 1371 1719 1425 ld
1767 1372 2146 1428 concambium

561 1462 773 1519 baculis
805 1463 1144 1518 ﬁrmavimus
1168 1462 1390 1516 mutuis.
1425 1460 1708 1516 Testiﬁcor
1743 1477 1927 1517 coram
1958 1464 2066 1517 Deo
2096 1471 2151 1517 et

563 1558 815 1612 omnibus
845 1557 1048 1612 sanctis
1075 1556 1211 1626 ejus,
1259 1557 1312 1610 id
1357 1555 1500 1626 quod
1542 1557 1817 1612 residuum
1849 1556 1971 1620 fuit,
2024 1567 2151 1614 tunc

561 1649 711 1703 nullo
743 1649 903 1704 modo
932 1647 1215 1717 dereliqui.
1264 1646 1432 1702 Jussit
1479 1663 1698 1718 quoque
1741 1649 2057 1717 imperator,
2091 1659 2150 1703 ut

561 1741 721 1795 villas
765 1740 855 1772 ¹⁶⁸⁰
907 1749 1038 1804 tres,
1070 1755 1190 1810 quae
1236 1741 1337 1794 sub
1384 1741 1643 1808 prredieto
1692 1749 1848 1793 erant
1894 1740 2148 1810 episcopo

2259 559 2502 615 gressus,
2535 544 2642 599 hoc
2679 547 2903 611 malum,
2945 545 3088 614 quod
3122 545 3358 615 prcdixi,
3393 547 3653 615 primitus
3697 561 3846 602 com-

2255 635 2492 704 periens,
2523 635 2588 689 de
2625 634 2803 690 futura
2835 634 3252 706 perturbacione
3292 636 3559 692 sollicitus
3603 637 3728 692 fuit.
3779 635 3853 692 ιη’

2256 725 2349 780 illo
2388 725 2593 780 vernali
2665 735 2908 798 tempore
2945 736 2999 782 et
3037 727 3092 781 in
3148 726 3451 782 Bernhardi
3507 729 3846 784 marchionis

2256 827 2521 888 potestate
2568 819 2814 874 nascitur
2851 820 2972 876 ovis
3017 835 3138 875 cum
3178 820 3212 874 5
3240 821 3513 876 cruribus.
3549 820 3608 874 In
3662 836 3848 876 mense

2255 913 2421 982 Aprili
2449 922 2503 968 et
2531 913 2736 969 6.1dus
2765 912 3008 985 ejusdem
3050 912 3304 983 cumjam
3333 913 3712 983 plenalunium
3761 930 3851 968 es-

2255 1012 2357 1069 set,
2400 1003 2524 1057 luna
2569 1019 2601 1058 a
2661 1004 2842 1060 multis
2871 1005 2985 1060 visa
3021 1013 3104 1059 est
3137 1014 3195 1059 ut
3232 1020 3366 1059 nova
3401 1005 3518 1069 “’°,
3572 1007 3708 1059 hora
3740 1003 3849 1060 dici

2256 1093 2529 1150 terciadiu
2560 1093 2787 1150 rutilans
2813 1095 2926 1150 ’5”.
2961 1095 3339 1167 Palmas(Apr.
3362 1095 3448 1166 Li)
3482 1112 3575 1150 rex
3602 1096 3850 1152 celebrat

2253 1182 2530 1254 Magoncia
2587 1185 2678 1216 ’δ”
2715 1195 2770 1240 et
2808 1187 2860 1241 in
2913 1185 3240 1258 lngilnenem
3293 1189 3518 1256 pascha,
3547 1198 3605 1243 et
3653 1189 3708 1242 in
3760 1190 3846 1244 his

2255 1275 2501 1344 partibus
2529 1277 2700 1349 magis
2729 1278 3029 1333 honoriﬁce
3059 1294 3120 1333 ac
3169 1279 3495 1348 potestative
3544 1294 3845 1349 numquam

2257 1365 2356 1420 fuit
2394 1367 2505 1421 ‘3”.
2551 1369 2615 1422 Et
2649 1370 2774 1439 quia
2824 1372 2892 1425 ob
2935 1379 3139 1424 tantam
3177 1369 3638 1440 sollempnitatem
3692 1372 3846 1442 (Apr.

2251 1458 2340 1528 21)
2359 1461 2592 1514 maxima
2612 1462 2808 1517 ibidem
2833 1461 2978 1519 ﬁniri
3004 1463 3093 1498 “9‘
3113 1479 3217 1518 non
3245 1472 3520 1534 poterant,
3537 1465 3607 1518 ad
3632 1466 3848 1536 Aquas-

2251 1554 2402 1622 grani
2451 1555 2668 1623 ponitur
2709 1565 3028 1620 conventus,
3061 1564 3115 1610 et
3145 1565 3272 1611 tunc
3305 1557 3416 1611 illic
3444 1573 3569 1611 cum
3617 1558 3848 1612 consilio

2251 1642 2522 1700 licriherti
2574 1646 2962 1717 archipresulis
2990 1645 3338 1702 Thiedricum
3393 1646 3694 1703 Metensem
3733 1651 3848 1718 epi-

2249 1750 2475 1805 scopum
2503 1747 2556 1790 et
2592 1737 2902 1794 lleinricum
2932 1739 3160 1795 fratrem
3198 1741 3316 1810 ejus
3343 1739 3600 1810 placavit.
3633 1740 3844 1811 Regina

563 1830 914 1888 Hirimannus
943 1832 1186 1887 marchio
1233 1839 1325 1886 aut
1374 1831 1627 1886 Misnensi
1656 1830 1913 1886 :ecclesiac
1958 1846 2147 1886 sacra-
2176 1848 2223 1909 Β
2251 1834 2432 1881 autem
2465 1826 2555 1858 “9“
2595 1844 2624 1882 a
2653 1829 3085 1886 Froncanavordi
3116 1846 3146 1884 a
3169 1845 3357 1886 cesare
3385 1831 3696 1899 discedens,
3720 1848 3846 1887 eum

563 1933 749 1979 mento
778 1924 1036 1978 retineret
1063 1932 1157 1978 aut
1194 1922 1324 1977 mihi
1354 1922 1619 1978 redderet.

631 2015 721 2070 58.
754 2015 952 2070 Eodem
983 2015 1070 2070 die
1095 2015 1391 2086 imperator
1416 2025 1473 2070 et
1503 2017 1822 2072 contectalis
1849 2032 1944 2072 sua
1987 2032 2016 2070 a
2043 2017 2150 2074 Ge-

563 2122 697 2164 rone
745 2107 1150 2178 archiepiscopo
1177 2107 1388 2178 magnis
1425 2107 1761 2162 honorantur
1810 2108 2143 2164 muneribus.

562 2200 918 2272 Crastinoque
979 2201 1066 2232 ¹⁶⁸¹
1130 2197 1311 2271 (Febr.
1342 2199 1432 2268 24)
1461 2201 1582 2255 inde
1632 2211 1943 2272 pergentes,
1977 2203 2146 2257 tercia

562 2293 671 2360 die,
703 2293 755 2348 id
801 2302 887 2348 est
928 2292 1220 2357 dominica,
1269 2292 1336 2346 ad
1378 2292 1702 2349 lialverstidi
1745 2305 2144 2364 pervenerunt;

561 2400 700 2455 quos
734 2385 810 2439 ibi
837 2384 1297 2454 Arnulfuspresul
1328 2385 1612 2456 magnilice
1643 2387 1908 2456 succepit,
1935 2397 1988 2442 et
2014 2387 2147 2444 duas

559 2483 750 2530 noctes
786 2489 970 2530 secum
1009 2473 1098 2504 ¹⁶⁷⁹
1127 2475 1342 2542 habuit;
1376 2476 1408 2528 5
1430 2474 1561 2550 feria
1609 2477 1676 2529 ad
1707 2475 2149 2548 Quidilingeburg

557 2567 811 2638 profecti,
840 2567 907 2621 ab
931 2565 1214 2621 Ethelhida
1251 2567 1545 2621 venerabili
1594 2568 1867 2622 abbatissa
1898 2583 2005 2623 non
2043 2569 2146 2622 tui-

558 2657 681 2711 nori
712 2656 884 2727 gloria
919 2665 1206 2711 ornantur.
1268 2655 1471 2724 Quarta
1506 2657 1593 2711 die
1646 2659 2032 2713 monasterium
2091 2659 2147 2714 in

558 2747 880 2812 occidentali
931 2757 1113 2804 monte
1166 2750 1328 2804 situm
1384 2749 1497 2816 “‘7’,
1529 2749 1617 2805 ubi
1678 2766 1876 2821 sponso
1939 2751 2148 2807 cmlesti

559 2837 1002 2894 sanctimoniales
1050 2841 1368 2896 monachico
1402 2841 1492 2872 ¹⁶⁸¹
1522 2842 1711 2896 habitu
1743 2842 2026 2910 serviunt,
2079 2845 2146 2900 ab

556 2926 785 2983 Arnull‘o
837 2929 1077 2983 antistite
1118 2939 1368 2999 presente
1398 2939 1625 3001 augusto
1661 2931 1965 2986 dedicatum
2002 2943 2086 2988 est
2113 2933 2148 2987 5

556 3020 830 3086 Kalendas
852 3021 1039 3077 Marcii
1065 3023 1234 3093 (915),
1261 3023 1554 3078 auxiliante
1573 3039 1694 3077 eum
1721 3025 1786 3078 ad
1809 3025 1913 3080 hoc
1931 3026 2146 3080 Gerone

556 3115 969 3186 archiepiscopo
1017 3118 1338 3188 caeterisque
1378 3117 1748 3174 confratribus
1796 3117 1979 3190 (Febr.
2028 3121 2142 3192 37).

2251 1921 2317 1974 ad
2347 1919 2548 1987 locum,
2571 1922 2662 1990 qui
2692 1921 2987 1994 Capungun
3005 1923 3224 1988 dicitur,
3247 1923 3478 1987 veniret,
3508 1923 3846 1988 inﬁrmatur,

2248 2021 2304 2067 et
2333 2012 2404 2067 ibi
2434 2023 2560 2068 tunc
2590 2015 2700 2070 Deo
2744 2015 3008 2086 promisit.
3042 2031 3101 2070 se
3143 2016 3209 2071 ad
3235 2015 3451 2072 laudem
3497 2017 3620 2087 ejus
3673 2034 3844 2072 unum

2249 2105 2514 2160 [aeturam
2555 2108 2946 2163 monasterium
2977 2109 3090 2163 ποθ.
3120 2108 3224 2164 Sed
3253 2111 3397 2178 quod
3425 2111 3570 2165 inter
3600 2111 3723 2166 haec
3752 2127 3844 2166 ac-

2250 2193 2399 2259 cidit,
2431 2195 2535 2250 hiis
2561 2197 2775 2252 adnecti
2808 2197 2898 2228 ¹⁶⁹⁷
2931 2199 3072 2253 haud
3097 2199 3452 2270 incongruum
3475 2209 3585 2256 est.

2319 2286 2406 2339 40.
2462 2285 2519 2340 l-n
2570 2287 2704 2342 urbe
2765 2287 3278 2359 Parthenopolitana
3337 2293 3458 2346 duae
3513 2308 3848 2350 consorores

2249 2375 2418 2449 fuere,
2459 2393 2688 2446 quarum
2739 2379 2890 2449 prior
2932 2379 3146 2435 Alwred
3199 2391 3254 2436 et
3301 2381 3488 2449 junior
3537 2384 3846 2453 Irmingerd

2250 2467 2553 2523 dicebatur.
2585 2469 2774 2524 Ambae
2795 2471 3083 2526 admodum
3124 2473 3186 2541 (1.
3215 2473 3336 2544 166)
3368 2474 3660 2531 laudabilis
3694 2479 3844 2539 vit:e.

2250 2573 2356 2612 non
2385 2573 2508 2612 cum
2537 2560 2752 2614 caeteris
2779 2562 3279 2618 sanctimonialibus
3318 2569 3724 2634 conversando,
3752 2569 3844 2622 sed

2250 2649 2597 2721 singulariter
2637 2651 2698 2706 in
2745 2653 3010 2720 ecclesia,
3065 2671 3184 2726 qua:
3223 2656 3472 2714 Rotunda
3528 2661 3842 2724 dicebatur.

2248 2740 2466 2797 Christo
2490 2743 2714 2814 ejusque
2742 2743 2951 2802 dilectae
2964 2749 3213 2818 genitrici
3231 2751 3474 2805 sedulum
3501 2753 3843 2808 exhibebant

2250 2834 2592 2904 obsequium.
2621 2835 2814 2891 Junior
2843 2848 3020 2893 autem
3046 2841 3382 2894 exteriorum
3411 2840 3600 2897 lumen
3649 2843 3843 2898 oculo-

2251 2941 2368 2980 rum
2393 2929 2643 2996 perdens,
2664 2928 2906 2984 interiori
2934 2931 3066 2985 aciae
3085 2939 3276 2987 eterno
3298 2932 3499 2988 fruitur
3523 2937 3838 3005 splendore.

2248 3028 2306 3072 et
2348 3035 2453 3073 non
2500 3021 2656 3090 longe
2690 3032 2810 3090 post
2871 3024 2937 3078 ad
2988 3025 3216 3093 patriam
3268 3041 3486 3096 semper
3531 3039 3780 3098 optatam
3809 3029 3842 3084 6

2247 3109 2371 3164 ldus
2398 3109 2680 3166 Februarii
2720 3114 2956 3168 transiit.
2987 3113 3153 3186 llujus
3176 3117 3358 3170 senior
3381 3133 3650 3188 germana
3691 3122 3839 3191 nepti

554 3207 633 3262 Ibi
664 3218 790 3264 tunc
841 3210 1117 3280 inperator
1148 3211 1410 3266 talentum
1467 3213 1584 3265 auri
1624 3211 1774 3266 dedit
1831 3213 1900 3266 ad
1951 3213 2140 3269 altare.

2251 3215 2360 3254 sua:
2387 3203 2567 3255 innixa
2604 3204 2694 3234 ¹⁶⁹⁸
2717 3204 3078 3274 Fritheruuae,
3125 3218 3179 3262 et
3202 3209 3396 3264 crebro
3424 3213 3650 3266 amissa
3681 3227 3838 3267 δοιο-

555 3297 684 3353 Inde
714 3309 840 3353 tunc
870 3309 1124 3368 percepta
1162 3316 1191 3354 a
1241 3309 1400 3369 nepte
1447 3315 1543 3354 sua
1574 3300 1803 3355 caritate
1855 3317 2048 3372 magna
2080 3303 2148 3357 ad

560 3388 898 3444 Goslerriam
927 3391 1019 3422 ¹⁶⁸³
1053 3391 1281 3447 tendens
1310 3392 1838 3457 ‘mvillathidem
1865 3393 1898 3447 4
1926 3395 2148 3449 sedebat

557 3479 892 3536 ebdomadas
923 3481 1014 3512 ¹⁶⁸⁸
1041 3499 1056 3547 ;
1087 3481 1229 3537 hanc
1277 3483 1422 3536 enim
1473 3491 1600 3537 tunc
1649 3483 1878 3537 multum
1914 3484 2149 3538 excoluit

560 3571 673 3625 ³⁸⁸⁸.
704 3571 772 3626 Ει
816 3573 941 3644 quia
965 3582 1112 3627 *tune
1146 3573 1572 3646 Quadragesima
1622 3572 1740 3639 fuit,
1773 3590 1892 3644 qua:
1932 3574 2148 3632 Christo

555 3664 883 3734 oportebant
905 3673 961 3718 et
983 3665 1168 3721 seculo
1196 3665 1249 3720 in
1275 3667 1458 3723 multis
1484 3669 1791 3722 necessaria
1810 3677 1988 3735 erant,
2018 3685 2146 3739 ope-

555 3759 669 3813 rari
691 3757 914 3814 studuit.
941 3758 1070 3814 Post
1093 3759 1209 3814 haec
1223 3758 1526 3825 Bertoldus,
1553 3761 1816 3816 Liutharii
1843 3761 2007 3828 ﬁlius,
2023 3778 2146 3817 cum

556 3853 673 3906 suis
722 3849 1024 3907 fautoribus
1081 3853 1268 3908 urbem
1339 3851 1592 3906 Munnam
1641 3852 1896 3908 Kalendis
1945 3853 2146 3924 Aprilis

557 3945 828 4002 conducto
863 3944 1092 4001 custode
1120 3944 1356 4000 diluculo
1395 3945 1546 4016 (Apr.
1581 3944 1633 4014 1)
1661 3944 1873 4000 intrans
1901 3943 1962 4016 (1⁸.
1993 3945 2143 4014 166),

555 4038 865 4095 Baldrieum
900 4040 1014 4105 “‘7’,
1051 4038 1363 4110 Wigtnanni
1392 4038 1608 4094 comitis
1636 4039 1884 4095 inclitum
1935 4040 2145 4094 satelli-

555 4141 692 4197 tem,
719 4149 842 4189 eum
893 4132 1165 4188 consociis
1213 4133 1304 4187 diu
1353 4142 1767 4202 repugnantem,
1807 4132 2027 4199 occidit,
2061 4133 2142 4188 vi-

563 4231 794 4291 ctorque
823 4222 1023 4277 insedit
1050 4221 1220 4294 (916).

617 4311 719 4367 .59.
743 4312 926 4368 Pridie
955 4328 1056 4383 ego
1076 4314 1144 4368 ad
1176 4313 1332 4369 Misni
1365 4314 1600 4385 presidio
1624 4315 1927 4370 veniebam.
1955 4314 2014 4369 In
2041 4315 2144 4370 hac

557 4402 857 4458 ebdomada
910 4404 999 4440 ¹⁸⁸⁷
1045 4405 1322 4474 principes
1397 4406 1570 4460 nostri
1606 4406 1783 4460 edietu
1829 4406 2033 4461 cesar-is
2078 4404 2140 4458 ad

558 4489 770 4546 Gosleri
821 4495 1168 4560 conveniunt,
1203 4495 1385 4564 ibique
1447 4484 1538 4527 ⁸⁸⁸⁸
1586 4507 1714 4551 tunc
1747 4497 2015 4551 avunculo
2049 4496 2139 4528 ¹⁶⁸⁹

2251 3293 2327 3348 ris
2356 3301 2411 3347 et
2436 3295 2666 3350 assidua:
2706 3295 3036 3353 inﬁrmitatis
3075 3299 3257 3354 dolore
3288 3300 3571 3366 deﬁciens,
3618 3303 3695 3356 nil
3738 3303 3838 3356 nisi

2251 3383 2317 3438 M
2351 3385 2682 3443 ebdomadas
2725 3396 2782 3443 et
2831 3401 2940 3445 tres
2990 3391 3106 3446 dies
3141 3394 3442 3462 supervixit
3488 3395 3666 3466 (918).
3712 3395 3840 3450 Hec

2249 3477 2422 3547 pridie
2456 3479 2546 3510 “5"
2573 3496 2736 3550 quam
2765 3483 2951 3538 carnis
2988 3485 3231 3539 debitum
3278 3487 3622 3555 persolveret
3653 3489 3706 3542 in
3745 3504 3839 3543 ex-

2249 3581 2404 3622 cessu
2459 3571 2657 3625 mentis
2705 3569 2918 3638 ell'ecta,
2978 3574 3030 3628 in
3085 3577 3415 3645 presentiam
3481 3587 3697 3633 sancte
3741 3577 3838 3632 Dei

2247 3659 2526 3728 genitricis
2560 3662 2735 3717 delata
2780 3673 2883 3730 est,
2932 3667 3022 3720 ubi
3048 3665 3378 3738 Taginonem
3406 3677 3463 3723 et
3488 3669 3834 3726 Walterdum

2249 3752 2691 3824 archiepiscopos
2738 3763 2792 3811 et
2850 3756 3071 3812 (Eidum
3135 3759 3412 3828 presulem
3459 3762 3832 3816 venerandum

2248 3857 2444 3912 magno
2490 3844 2732 3902 lucentes
2772 3847 2982 3905 honore
3021 3850 3126 3904 sibi
3176 3851 3454 3921 indulgere
3503 3857 3828 3923 promeruit.

2247 3936 2510 4009 Cognovit
2537 3955 2752 4010 quoque
2783 3943 2981 3998 ibidem
3012 3952 3332 4000 materteras
3370 3945 3610 4002 Gerenis
3652 3948 3830 4002 archi-

2245 4031 2507 4100 episcopi,
2535 4032 2863 4090 Mirisuidam
2891 4049 2956 4090 ac
2995 4036 3298 4091 Emnildam
3327 4037 3478 4108 (919)
3503 4050 3562 4094 et
3585 4040 3829 4094 Eddilam

2249 4125 2341 4156 "°°
2368 4127 2608 4194 nomine,
2639 4144 2759 4197 quae
2775 4129 3054 4184 abbaciam
3085 4131 3397 4200 relinquens
3418 4147 3604 4196 suam,
3629 4132 3828 4187 Christi

2245 4231 2430 4273 amore
2460 4218 2616 4289 juxta
2668 4223 3059 4276 monasterium
3109 4223 3345 4277 doctoris
3392 4224 3642 4293 gentium
3683 4223 3827 4280 Pauli

2245 4305 2430 4362 Roma:
2460 4309 2777 4376 includitur,
2803 4323 2858 4366 et
2881 4312 3062 4378 aliam,
3093 4329 3213 4383 qua:
3245 4313 3363 4369 Odd
3404 4316 3499 4346 ¹⁷⁰¹
3526 4317 3825 4376 dicebatur.

2245 4412 2436 4454 omnes
2483 4400 2614 4455 illud
2651 4403 3051 4472 spalmngraphi
3109 4414 3368 4460 canentes
3408 4423 3420 4456 :
3459 4405 3695 4460 Placebo
3731 4405 3829 4459 οο.

2243 4491 2404 4556 mino,
2447 4492 2501 4546 in
2544 4494 2748 4564 regione
2793 4496 3021 4549 vivom»:
3064 4496 3154 4527 ⁸⁷⁸³
3190 4495 3360 4567 (Ptol.
3389 4496 3584 4562 cnv,).
3616 4496 3825 4550 Interim

558 4581 782 4636 meimet
827 4581 1084 4653 Sigil'rido
1142 4561 1432 4640 comitatus
1477 4585 1664 4641 fratris
1714 4585 1951 4640 lleinrici
1988 4601 2138 4641 (om-
2169 4561 2218 4619 D
2245 4561 2826 4653 prcsentibusvcunctis
2857 4589 2970 4644 haec
3001 4600 3212 4644 mortua
3257 4591 3581 4656 videbatur;
3618 4594 3824 4646 tandem

558 4671 866 4738 mandatur,
884 4683 944 4728 .et
963 4675 1243 4744 expedicio
1266 4677 1320 4730 in
1345 4679 1544 4732 nostris
1565 4678 1809 4748 partibus
1836 4679 2142 4742 ordinatur,

558 4773 860 4838 ceteraque
888 4767 1077 4838 patria:
1101 4767 1461 4839 periclitantis
1492 4772 1732 4840 proﬁcua
1763 4779 1819 4824 et
1856 4768 2144 4824 admodum

2246 4678 2629 4748 expergisccns
2655 4691 2710 4734 et
2739 4681 2927 4737 oculos
2955 4682 3196 4747 elevans,
3223 4684 3363 4752 quod
3408 4684 3545 4737 vidit
3585 4685 3825 4737 omnibus

2251 4769 2486 4825 innotuit
2539 4789 2552 4826 :
2608 4771 2916 4839 Hactenus,
2974 4757 3245 4846 inquietis,
3301 4778 3572 4831 vobiscum
3617 4777 3826 4830 libenter

1909 4901 2140 4956 VARUE
2179 4901 2577 4961 LECTIONES.
