4048 5368
309 165 448 222 ἱζοὸ

1508 155 1921 224 CllR'DNlCON.
1960 198 2030 207 -
2068 164 2196 223 LIB.
2237 166 2346 222 vn.

3441 165 3579 221 1594

306 283 717 348 commorabar,
770 299 909 337 nunc
965 282 1312 340 consideratis
1377 283 1540 337 multo
1591 283 1892 338 melioribus
1922 290 1968 349 Α
1998 282 2210 339 Gerone
2255 281 2666 352 archiepiscopo
2713 280 3018 336 honoriﬁce
3055 281 3290 352 suscepti
3336 290 3480 337 sunt.
3516 281 3577 336 In

304 374 427 438 hiis,
452 373 588 444 piget
618 374 670 426 in
694 373 967 427 Itae‘lutea
1009 390 1087 427 me
1128 372 1220 403 ¹⁷⁰³
1249 372 1473 442 amplius
1496 390 1706 427 manere
1740 390 1884 426 casa.

301 465 494 519 Dicam
517 466 655 519 vobis
675 467 728 520 in
753 466 989 529 veritate,
1009 465 1149 536 quod
1169 482 1285 519 cras
1308 481 1392 519 vos
1422 465 1692 530 relictura,
1716 465 1887 517 locum

303 557 438 611 mihi
490 555 1120 627 preordinatum(f.167)
1163 573 1374 610 munere
1408 557 1586 610 divino
1627 557 1889 624 possidere

301 650 486 704 debeo.
520 650 716 719 Sicque
744 650 945 704 factum
973 662 1073 705 est.
1091 651 1331 704 Transiit
1352 660 1533 704 autem
1548 649 1727 703 anima
1744 649 1888 718 ejus-

302 741 426 797 dem
484 742 536 797 in
566 741 783 800 Christo
814 742 944 798 felix
974 744 1030 796 ll
1083 743 1353 798 Kalendas
1392 741 1536 797 Junii
1566 741 1737 811 (9'20).
1778 740 1889 795 Hoc

301 850 494 890 verum
522 851 664 903 esse,
697 837 893 893 fratres
925 838 979 891 in
1003 837 1243 903 Christo,
1271 839 1404 893 mihi
1431 839 1656 904 credite,
1690 848 1745 893 et
1792 838 1888 892 bas

299 928 532 984 melesite
558 928 852 997 adjutrices
877 942 1077 986 nostrae
1107 930 1396 985 admodum
1429 930 1589 985 utiles
1624 946 1764 994 esse,
1792 945 1890 999 pro

299 1029 456 1077 certo
485 1021 700 1077 scitote.
732 1023 787 1077 In
818 1038 945 1078 suas
973 1023 1250 1078 orationes
1280 1033 1497 1078 sanctas
1529 1040 1614 1077 me
1641 1029 1889 1092 peccato-

297 1125 418 1166 rem
449 1112 565 1167 bere
592 1123 973 1184 succeperuut,
1002 1123 1057 1168 et
1091 1113 1455 1184 nil,umquam
1500 1113 1628 1170 boui
1672 1129 1737 1170 ex
1769 1127 1887 1168 mea

297 1212 478 1273 parte,
501 1219 602 1275 pro
625 1204 804 1260 dolor!
838 1215 1178 1277 receperunt.

367 1293 461 1349 41.
507 1295 787 1366 lnperator
833 1307 1015 1352 autem
1061 1299 1286 1354 audiens
1332 1303 1686 1357 conteelalem
1733 1313 1888 1355 suam

295 1385 473 1445 levius
520 1390 720 1446 habere
753 1391 846 1423 ‘7“
871 1399 925 1447 et
946 1400 1132 1447 votum
1165 1392 1392 1448 Domino
1439 1393 1660 1458 fecisse,
1707 1402 1888 1462 grates

296 1481 524 1536 Christo
553 1484 812 1552 persolvit
845 1499 911 1539 ex
940 1485 1146 1551 animo,
1177 1494 1233 1540 et
1269 1495 1619 1556 pentecosten
1649 1483 1807 1555 (Jun.
1832 1484 1885 1553 9)

296 1572 358 1631 in
407 1572 699 1630 Wirthunu
726 1616 742 1642 ,
786 1591 949 1647 quam
987 1577 1164 1656 primo
1211 1588 1434 1632 sanctus
1486 1579 1580 1634 Dei
1631 1577 1888 1633 sacerdos

1991 375 2239 444 sequenti
2272 390 2400 430 vero
2427 384 2604 440 nocte,
2636 374 2690 428 id
2707 382 2790 428 est
2815 374 3106 442 dominica,
3134 382 3188 428 et
3215 371 3394 430 Nonas
3423 371 3573 439 Julii,

1995 476 2290 537 tempestas
2320 468 2524 538 ingruit
2562 467 2806 532 horrida,
2837 468 3086 522 homines
3117 483 3240 522 eum
3287 467 3578 538 pecoribus

1991 559 2151 612 simul
2193 569 2247 614 et
2271 560 2515 615 azdiﬁeiis
2553 576 2616 614 ac
2653 559 2898 630 frugibus
2947 558 3055 614 late
3105 574 3453 615 consumens.
3493 558 3580 613 ln-

1994 667 2212 706 meusus
2239 668 2454 722 quoque
2478 653 2659 723 fragor
2689 653 2852 706 silvas
2882 654 3200 709 concutiens
3247 653 3364 707 vias
3386 668 3580 709 omnes

1992 742 2154 796 nimis
2199 744 2518 818 occupabat.
2554 743 2776 798 Postera
2814 743 2902 798 die
2953 743 3229 814 inperator
3271 760 3393 800 cum
3451 759 3579 799 con-

1985 832 2114 901 juge
2145 840 2198 886 et
2226 833 2467 910 exercitu
2527 832 2701 887 Albim
2735 833 3024 898 transiens,
3067 836 3132 888 ad
3161 834 3351 890 Liesea
3393 833 3574 906 (923),

1991 933 2199 978 curtem
2226 923 2496 992 quondam
2521 923 2738 995 Vigonis
2769 925 3006 996 episcopi
3037 927 3186 998 (924)
3206 937 3261 983 et
3283 935 3416 998 tunc
3447 928 3580 984 feris

1992 1011 2478 1068 innumerabilibus
2508 1012 2866 1068 inhabitatam
2891 997 3058 1081 venit,
3088 997 3330 1086 duasque
3371 1017 3574 1073 ibidem
3640 1059 3645 1069 .

1991 1114 2178 1160 noctes
2206 1105 2260 1159 in
2288 1106 2483 1160 castris
2510 1106 2728 1172 sedens,
2753 1107 3053 1163 tardantem
3085 1110 3297 1164 turbam
3321 1120 3580 1180 expecta-

1991 1195 2086 1251 vit.
2128 1195 2193 1251 Et
2239 1206 2358 1266 post
2405 1198 2521 1252 hare
2571 1211 2817 1268 regressa
2873 1200 3202 1270 inperatriee
3253 1201 3581 1271 ueterisque

1991 1291 2378 1362 compluribus,
2439 1290 2554 1361 ipse
2610 1290 2886 1345 turmatim
2949 1293 3236 1360 processit.
3293 1292 3412 1362 Ipsa
3447 1307 3576 1347 vero

1991 1385 2079 1442 die
2121 1386 2426 1450 lleinricus,
2477 1385 2710 1455 quodam
2753 1384 3127 1438 Bawariorum
3191 1383 3397 1456 (£168)
3440 1385 3573 1449 dux,

1991 1494 2022 1533 a
2079 1479 2391 1544 Bolizlavo,
2452 1495 2559 1548 quo
2625 1479 2772 1547 pacis
2822 1478 3106 1533 ﬁrmandae
3170 1478 3343 1547 gratia
3394 1492 3578 1547 perre-

1992 1572 2090 1637 xit,
2143 1587 2265 1626 eum
2314 1573 2528 1626 nunciis
2574 1571 2815 1642 ejusdem
2854 1571 3044 1635 rediit;
3094 1585 3256 1640 quem
3302 1571 3580 1640 inperator

295 1662 626 1735 Liudigerus
679 1667 792 1723 suis
841 1653 1150 1722 constrinxit
1195 1667 1454 1736 inpensis,
1505 1669 1888 1724 venerabiliter
1921 1641 1966 1701 Β
1995 1651 2179 1720 audita
2207 1662 2554 1729 referentem,
2574 1679 2669 1716 sua
2694 1663 2888 1718 iterum
2919 1663 3196 1734 legacione
3219 1662 3446 1728 remisit,
3473 1662 3579 1716 nil-

296 1755 616 1821 celebravit,
651 1759 849 1813 abbate
891 1759 1220 1815 llethenrico
1258 1760 1349 1790 ¹⁷⁰⁵
1395 1759 1497 1813 sibi
1528 1758 1757 1829 pleniter
1780 1761 1883 1816 ibi-

295 1846 458 1902 dem.
491 1850 771 1910 servienti.
810 1849 1032 1908 Postera
1084 1851 1191 1915 die,
1251 1851 1303 1906 id
1352 1859 1434 1906 est
1467 1851 1501 1904 4
1549 1851 1673 1906 ldus
1716 1851 1885 1918 Junii,

294 1937 640 2010 Tbieddegus
675 1983 690 2006 ,
754 1942 1045 2011 Pragensis
1098 1943 1327 2002 antistes
1380 1943 1472 1976 ¹⁷⁰⁸
1535 1959 1601 1999 ac
1647 1944 1888 1999 martiris

293 2028 500 2084 Christi
545 2047 829 2088 successor
875 2033 1204 2089 Ethelberti
1255 2035 1379 2100 ποτ,
1429 2036 1572 2089 viam
1624 2036 1888 2092 universae

293 2121 483 2176 carnis
513 2120 748 2179 ﬁdeliter
776 2124 928 2179 adiit.
962 2125 1061 2181 llic
1103 2125 1156 2180 in
1183 2142 1319 2180 nova
1346 2126 1609 2181 educatus
1634 2127 1884 2193 Corbeia,

293 2209 610 2266 medicinali
657 2223 775 2269 arte
842 2215 1047 2286 optime
1093 2216 1394 2272 instructus
1438 2217 1530 2249 ¹⁷⁰⁸
1559 2226 1663 2273 est.
1716 2217 1886 2285 Quem

288 2297 600 2359 Bolizlavus
633 2307 820 2362 senior
846 2307 914 2362 ob
944 2307 1365 2363 inobedientiam
1400 2309 1602 2364 Christi
1636 2311 1887 2379 precOuis

292 2392 520 2461 paralisi
562 2413 872 2466 percussus,
907 2399 1125 2455 licentia
1157 2399 1455 2457 Thietmari
1483 2403 1693 2458 abbatis
1722 2419 1884 2458 voea-

291 2483 398 2548 vit,
431 2485 653 2559 ejusque
682 2492 998 2561 magisterio
1022 2492 1193 2547 levius
1231 2494 1321 2524 ¹⁷⁰⁹
1354 2494 1557 2548 habere
1587 2495 1752 2564 cepit.
1780 2494 1886 2550 Sed

289 2573 508 2646 lampas
545 2581 737 2640 ardens
768 2582 1052 2654 Woitegus
1080 2585 1194 2650 ¹⁷¹⁰,
1229 2600 1352 2640 eum
1383 2602 1449 2638 ex
1498 2584 1660 2655 hujus
1697 2585 1885 2639 mundi

290 2667 568 2737 caligine,
614 2679 672 2726 ut
722 2673 932 2740 predixi
977 2673 1123 2744 (92])
1169 2675 1583 2729 subtralieretur
1612 2716 1627 2742 ,
1683 2675 1886 2730 auxilio

288 2757 496 2828 pretati
525 2759 674 2816 ducis
711 2763 892 2816 sedem
916 2779 1068 2819 suam
1096 2765 1140 2818 is
1168 2779 1198 2818 a
1245 2765 1404 2820 tertio
1446 2765 1642 2821 Ottone
1682 2767 1749 2821 ad
1797 2781 1886 2820 re-

289 2849 534 2917 gendum
565 2854 827 2922 suscepit;
871 2856 937 2910 de
963 2873 1067 2926 qua
1099 2867 1221 2926 post
1252 2868 1480 2912 mortem
1520 2858 1774 2912 Bolizlavi
1802 2873 1887 2913 se-

287 2938 472 2994 nioris
500 2942 568 2996 ab
597 2945 860 3013 equivoeo
883 2945 1000 3015 ejus
1029 2955 1084 3001 et
1119 2948 1230 3002 ﬁlio
1266 2961 1392 3016 sepe
1416 2947 1688 3019 expulsus,
1727 2948 1884 3003 toties

287 3047 327 3085 a
361 3035 673 3091 marebioue
696 3038 1010 3096 Ekkihardo
1035 3042 1399 3102 reducitur,et
1431 3057 1652 3111 magnas
1680 3041 1884 3111 patitur

289 3125 547 3194 injurias.
572 3130 668 3186 llic
693 3133 780 3164 ¹⁷¹¹
815 3135 1076 3204 hospites,
1096 3144 1154 3188 ut
1182 3145 1401 3190 sanctus
1415 3134 1570 3204 jubet
1587 3115 1881 3207 Gregorius

291 3233 408 3272 non
435 3220 606 3275 solum
644 3224 710 3277 ad
738 3224 799 3294 (l'.
835 3225 958 3296 167)
1001 3242 1059 3281 se
1090 3227 1357 3291 invitavit,
1383 3228 1475 3285 sed
1503 3229 1665 3283 etiam
1699 3230 1881 3297 traxit,

289 3308 405 3372 hoc
429 3311 726 3366 maximum
757 3315 966 3371 habens
993 3317 1206 3383 vitium,
1239 3319 1382 3387 quod
1411 3318 1482 3373 ob
1507 3321 1752 3373 morbum
1778 3321 1878 3375 sibi

290 3400 642 3458 innocentem
679 3405 768 3436 ³⁷⁸³
818 3407 1035 3462 bibebat
1066 3425 1228 3478 supra
1280 3411 1518 3465 modum.
1563 3410 1883 3465 Paraliticus

287 3492 443 3546 enim
498 3504 634 3561 erat,
667 3512 924 3552 manuum
977 3509 1214 3553 tremore
1247 3501 1338 3530 ³⁷³³
1371 3501 1589 3555 assiduo
1637 3502 1753 3554 sine
1794 3517 1882 3556 as-

287 3585 555 3640 stantium
625 3587 824 3643 auxilio
892 3589 1315 3659 presbiterorum
1385 3591 1606 3645 missam
1680 3605 1878 3646 cane.e

284 3689 404 3728 non
449 3678 654 3746 potuit;
710 3679 897 3748 sicque
955 3694 1125 3748 usque
1181 3680 1246 3733 ad
1293 3678 1454 3732 ﬁnem
1500 3679 1875 3748 languescens,

283 3766 498 3830 bonis,
561 3777 617 3822 ut
673 3784 832 3840 spero
864 3810 878 3834 ,
937 3770 1176 3824 animam
1225 3771 1450 3826 curabat
1503 3770 1878 3824 medicamini-

283 3857 414 3915 bus.

361 3949 454 4004 42.
485 3951 696 4010 Interea
725 3953 1068 4011 Marareuses
1097 3957 1188 3987 ‘7“
1217 3956 1473 4011 Bolizlavi
1528 3956 1728 4011 milites
1762 3970 1876 4008 ma-

282 4062 454 4116 gnam
494 4049 856 4105 Bavvariorum
891 4061 1164 4106 catervam
1209 4051 1333 4108 dolo
1384 4051 1878 4109 circumvenientes

281 4143 562 4199 incautam
590 4146 866 4210 occidunt,
899 4148 1187 4217 dampnum
1206 4148 1441 4212 ωδ,δὶὺί
1473 4148 1541 4202 ab
1566 4148 1645 4202 eis
1669 4145 1874 4200 illatum

279 4235 462 4306 prius,
496 4239 563 4292 ad
614 4248 824 4309 partem
880 4238 1024 4292 haud
1087 4239 1337 4308 exiguam
1395 4238 1717 4306 ulciscentes
1759 4237 1870 4290 ‘7”.

1991 1775 2095 1830 que
2123 1759 2193 1814 ibi
2222 1758 2615 1829 proﬁcientem,
2645 1755 2711 1812 ad
2746 1756 3023 1812 dominam
3052 1764 3107 1811 et
3131 1769 3375 1812 sororem
3419 1771 3577 1811 suam

1990 1852 2142 1907 abire
2173 1851 2323 1906 sinit.

2060 1943 2149 1998 45.
2189 1942 2398 1998 Interea
2439 1943 2492 1996 in
2535 1951 2716 1996 monte
2766 1940 2937 1996 sancti
2983 1940 3248 1996 Johannis
3302 1939 3574 2009 baptistae,

1990 2035 2080 2107 qui
2114 2036 2269 2106 juxta
2309 2035 2752 2105 Parthenopolim
2786 2036 2994 2103 positus
3020 2035 3194 2090 eidem
3221 2043 3304 2090 est
3330 2049 3578 2126 eum'ap-

1989 2128 2388 2198 pertinentibus
2413 2127 2682 2188 universis
2711 2126 2978 2192 subditus,
3021 2141 3107 2182 res
3143 2127 3434 2182 admodum
3478 2127 3581 2181 ini-

1991 2217 2242 2273 serabilis
2288 2218 2355 2272 i9.
2400 2217 2670 2272 Kalendas
2718 2217 2944 2287 Augusti
2995 2227 3051 2272 et
3095 2217 3364 2272 dominica
3420 2225 3580 2271 nocte

1991 2310 2209 2364 accidit.
2246 2308 2450 2363 Horum
2495 2308 2547 2362 in
2601 2308 2923 2363 dormitorio
2974 2306 3309 2362 confratrum
3357 2307 3578 2361 lucerna

1991 2402 2239 2471 quendam
2298 2401 2496 2454 ardens
2553 2400 2727 2468 major
2772 2398 2930 2453 solito
2977 2397 3168 2462 illuxit,
3214 2406 3270 2451 et
3330 2397 3578 2465 proxima

1989 2507 2283 2562 occupans,
2321 2493 2443 2555 hoc,
2476 2490 2676 2546 ibidem
2709 2490 3118 2560 quiescentibus
3141 2491 3191 2546 id
3215 2505 3340 2546 sero
3372 2490 3578 2544 intelli-

1990 2583 2273 2654 gentibus,
2308 2582 2490 2637 voraci
2541 2580 2754 2635 ﬁamma
2796 2582 3154 2650 consumpsit.
3203 2580 3269 2634 Et
3306 2595 3430 2634 cum
3472 2578 3578 2632 tale

1990 2672 2286 2743 periculum
2316 2687 2505 2726 omnes
2547 2671 2874 2734 evaderent,
2924 2686 3089 2724 unum
3136 2686 3202 2724 ex
3256 2669 3364 2725 hiis
3413 2683 3576 2723 causa

1989 2762 2379 2818 sacerdotalem
2400 2759 2663 2831 eripiendi
2688 2758 3009 2829 apparatum
3036 2761 3216 2815 subito
3243 2774 3573 2831 regressum,

1988 2863 2042 2909 et
2067 2855 2118 2908 in
2145 2854 2323 2909 medio
2352 2854 2490 2925 ignis
2517 2863 2740 2922 peccata
2771 2853 2971 2907 suimet
3010 2852 3357 2908 conﬁtentem
3398 2851 3568 2922 perdi-

1989 2947 2201 3002 derunt.
2229 2945 2399 3015 Hujus
2442 2961 2638 3002 nomen
2667 2955 2779 3001 erat
2811 2946 3141 3002 Hemieo'm
3167 2946 3336 3017 (9‘25).
3369 2945 3576 3000 Dehinc

1987 3040 2377 3094 monasterium
2408 3039 2475 3096 ab
2501 3039 2743 3110 ejusdem
2781 3039 2883 3094 loci
2912 3039 3110 3097 abbate
3138 3037 3397 3109 Sigifrido
3416 3036 3449 3090 8
3473 3051 3571 3090 an-

1987 3147 2086 3189 nos
2117 3133 2320 3203 optime
2342 3133 2679 3188 elaboratum
2717 3134 2943 3198 ardens,
2993 3133 3325 3202 presentium
3355 3140 3576 3202 postea-

1987 3242 2092 3297 que
2140 3227 2542 3282 advenientium
2607 3229 2772 3282 corda
2831 3225 3086 3280 turbavit.
3159 3225 3383 3295 Insuper
3437 3225 3574 3278 duas

1985 3317 2228 3388 ejusdem
2256 3319 2492 3389 capellas
2541 3334 2664 3373 eum
2715 3304 3006 3373 refectorio
3051 3319 3373 3387 eaeterisque
3408 3317 3573 3372 adhe-

1985 3410 2231 3465 rentibus
2280 3410 2508 3466 ofﬁcinis
2539 3411 2679 3480 ignis
2723 3409 2830 3465 late
2861 3409 3095 3480 ﬂagrans
3140 3410 3458 3473 absorbuit;
3505 3410 3574 3465 de

1984 3501 2136 3570 cujus
2165 3501 2344 3555 avaris
2372 3500 2616 3555 faucibus
2646 3499 2827 3554 divina
2875 3500 3050 3568 pietas
3095 3510 3147 3554 et
3184 3499 3570 3555 conﬂuentium

1983 3609 2194 3649 summa
2225 3592 2439 3647 devotio
2466 3607 2658 3646 onmes
2686 3601 2998 3646 sanctorum
3033 3591 3288 3661 reliquias
3315 3601 3370 3645 et
3393 3593 3568 3646 maxi-

1983 3699 2125 3739 mam
2152 3684 2392 3738 thesauri
2411 3684 2501 3716 m”
2523 3691 2730 3752 partem
2752 3682 2969 3753 eripuit.
2993 3683 3160 3738 Facto
3184 3692 3364 3742 autem
3386 3697 3566 3747 mane,

1983 3776 2135 3830 urbis
2163 3775 2419 3846 predictie
2447 3775 2780 3829 habitatores
2804 3783 2859 3828 et
2887 3773 2992 3843 qui,
3009 3773 3209 3829 ibidem
3241 3773 3475 3843 presidio
3500 3775 3569 3828 ab

1982 3871 2312 3939 imperatore
2340 3866 2516 3922 relicti
2551 3866 2800 3931 fuerant,
2831 3864 3193 3930 conveniunt,
3226 3866 3289 3934 (ι’.
3329 3864 3452 3935 168)
3479 3865 3572 3919 de-

1984 3963 2301 4030 trimentum
2351 3960 2458 4015 tale
2507 3959 2676 4014 nimio
2705 3973 2921 4014 uie-rore
2965 3959 3272 4029 conquesti.
3311 3957 3569 4028 Corporis

1981 4063 2160 4109 autem
2187 4053 2396 4125 perusti
2447 4062 2638 4107 tenues
2673 4051 2889 4108 favillas
2932 4067 3091 4108 mane
3137 4051 3442 4107 eoul‘ratres
3477 4067 3569 4106 su-

1982 4161 2205 4218 mopere
2233 4146 2568 4216 colligentes,
2596 4144 2710 4200 suis
2731 4159 3029 4215 apposuere
3055 4144 3565 4215 prodecessoribus;

1979 4245 2271 4314 abbatique
2294 4258 2393 4298 suo
2421 4251 2550 4298 tunc
2570 4243 2781 4298 absenti
2808 4258 2902 4312 per
2927 4244 3321 4299 internuntium
3338 4245 3431 4276 ¹⁷²⁰
3455 4244 3574 4299 ευίιι

279 4323 456 4380 Cesar
481 4341 609 4380 vero
639 4327 705 4381 ad
729 4329 993 4382 orientem
1027 4328 1272 4392 tendens.
1303 4328 1684 4396 inpet‘alricem
1716 4327 1783 4381 ad
1815 4342 1872 4382 se
1903 4351 1951 4408 υ
1979 4343 2090 4389 met
2109 4343 2363 4390 eventum
2385 4331 2751 4388 miserabilem
2783 4335 3044 4388 indixere.
3074 4334 3177 4402 Qui
3202 4346 3261 4391 ut
3285 4335 3396 4390 haec
3417 4349 3575 4390 com-

278 4421 339 4474 in
375 4421 514 4486 loco,
544 4425 632 4493 qui
662 4424 1116 4480 Pathrebrunuun
1145 4426 1233 4456 ¹⁷¹⁷
1267 4425 1484 4490 dicitur,
1514 4426 1697 4480 venire
1717 4424 1872 4492 jubet

279 4512 459 4584 (922).
495 4513 622 4571 Inde
657 4518 816 4573 ambo
866 4531 1035 4588 usque
1064 4516 1132 4571 ad
1173 4516 1535 4589 Magadaburg
1563 4515 1810 4588 profecti,
1842 4535 1870 4572 a

1977 4428 2140 4498 perit,
2163 4429 2273 4484 suis
2301 4427 2610 4499 specialiter
2629 4429 2896 4483 accidisse
2922 4428 3161 4499 peccatis
3195 4442 3530 4501 cognoscens
3547 4467 3563 4493 ,

1981 4521 2106 4590 quia
2134 4521 2429 4578 emendare
2459 4520 2732 4589 nequivit,
2765 4521 2994 4576 honesta
3021 4520 3286 4592 gravitate
3313 4519 3447 4574 tulit.

1555 4672 1789 4728 VARUE
1832 4673 2240 4732 LECTIONES.

362 4789 450 4821 ¹⁷⁰³
510 4789 634 4842 add.
706 4789 785 4842 ib.

272 4861 375 4893 ¹⁷⁰⁹
403 4859 610 4914 levuius
639 4861 726 4912 in.

266 4941 520 4985 tremore
544 4931 763 4984 assiduu
793 4929 842 4983 1.

269 5001 632 5071 m7patlielb.
672 5000 759 5053 1η.
841 5001 1217 5058 ’τίειιθιιιιιυρο
1256 5003 1337 5055 la.

891 4791 982 4822 ’7”
1018 4788 1206 4844 haberi
1249 4788 1296 4841 ί.

806 4860 895 4891 ¹⁷¹⁰
925 4863 1001 4914 ita
1027 4863 1080 4914 in
1114 4860 1224 4912 loco
1254 4877 1416 4922 vocuo
1447 4858 1533 4912 1b.

327 5245 493 5368 (920;
522 5245 587 5328 v.
608 5245 835 5301 Kalend.
867 5246 1218 5317 Merseburg.,
1264 5247 1384 5304 Mai.
1418 5223 1508 5300 εξ).

327 5319 459 5368 (9‘21
530 5316 647 5368 ιιι).
678 5330 754 5368 iv.
784 5331 830 5368 c.
867 5319 948 5368 Η.

325 5316 492 5368 (9‘21)
530 5316 647 5368 Lib.
678 5330 754 5368 iv.
784 5331 830 5368 c.
867 5319 948 5368 Η.

1393 4788 1484 4819 ¹⁷⁰³
1522 4787 1764 4842 heinrico
1794 4790 1885 4846 1a.

1393 4858 1533 4913 01b.
1613 4859 1699 4895 ¹⁷¹²
1736 4858 1854 4917 "ac
1885 4861 1953 4917 ia

925 4877 1001 4914 ua
1027 4879 1080 4914 m
1114 4877 1224 4912 toco
1254 4877 1416 4922 vacuo
1447 4877 1533 4912 10.
1736 4877 1854 4923 nac
1885 4877 1974 4917 1a.
2177 4878 2227 4916 in
2260 4877 2472 4918 erasum
2506 4877 2557 4911 1.
2641 4877 2737 4892 ἰη
2769 4877 2846 4915 tre

925 4931 1016 4962 ’7”
1045 4946 1182 4985 mor.
1229 4931 1326 4983 te?
1403 4928 1495 4960 ¹⁷¹³
1524 4945 1648 4982 num
1676 4930 1774 4985 sibi
1809 4967 1888 4980 ...-
1915 4934 2320 4998 imperatricem
2363 4931 2416 4982 in
2445 4929 2556 4983 loco
2603 4943 2732 4984 raso
2765 4933 2846 4984 ib.

1421 5000 1726 5055 1"Wtesauri
1772 5005 1853 5068 la
1913 5001 2149 5059 tcshauri
2189 5005 2271 5060 ib.

1968 4787 2059 4818 1706
2116 4791 2388 4818 -..ιξριεοηο
2451 4789 2515 4818 ,Ιη
2617 4789 2714 4818 17οτ
2749 4793 2834 4818 ..οι-
2912 4789 2971 4818 ‘1-
3071 4785 3164 4815 "08

2617 4789 2714 4820 ”°"
2748 4793 2859 4844 ath.
2912 4789 2992 4840 lc.
3071 4785 3164 4815 ¹⁷⁰⁸
3225 4787 3482 4840 istructus
3519 4785 3571 4837 ι.

2638 4860 2737 4892 ¹⁷¹³
2769 4870 3059 4915 tremorem
3117 4856 3392 4910 assiduum
3433 4866 3572 4906 cort‘.

2956 4923 3047 4954 ‘7“
3072 4923 3482 4981 ulcisciscenles
3521 4922 3572 4974 t.

2358 4999 2559 5070 ""per
2605 4998 2663 5050 in
2699 5000 2946 5056 nuntium
2977 4995 3026 5047 Ι.

2116 4791 2392 4846 antistites
2451 4789 2535 4842 la.

2056 4860 2147 4892 ¹⁷¹²
2177 4862 2227 4916 in
2260 4875 2472 4918 erasum
2506 4859 2557 4911 1.

1982 5257 2111 5311 toris
2139 5274 2280 5313 anno
2316 5245 2614 5324 l017,_Jlll-
2656 5248 2750 5302 10-
2973 5317 3004 5324 __
3148 5314 3160 5324 ,
3296 5315 3306 5324 ,
3350 5311 3360 5321 .
3427 5309 3448 5324 ,.
3486 5309 3498 5322 .

2051 5309 2406 5368 ιίίθξίὶηῖνίρθ
2431 5309 2730 5368 θίιίςυοιηις
2759 5333 2885 5368 11111ιὶ
2921 5317 3097 5368 adhuc
3147 5314 3240 5368 in'
3259 5311 3395 5368 γὶνὶς
3425 5309 3594 5368 fuisse
