4048 5368
530 155 552 210 1
564 155 669 212 595

1452 156 1835 216 THIETMABI
1876 158 2183 218 EPISCOPI
2234 164 2855 239 MERSEBURGENSIS

3677 170 3804 228 1596

593 269 685 326 44.
729 269 866 326 Dum
916 270 1033 327 haec
1074 280 1328 342 aguntur,
1356 271 1593 355 _Miseco,
1644 276 1898 334 Bolizalvi
1933 279 2103 345 (ilius,
2136 284 2183 343 Α
2213 296 2317 350 que
2344 285 2629 339 tacendum
2658 294 2740 340 est
2768 284 2913 355 quod
2942 282 3031 337 alii
3078 283 3277 340 milites
3306 282 3579 340 Bolizlavi
3621 281 3804 337 urbem

523 364 805 420 Boemiam
834 364 1086 421 absencia
1114 347 1381 422 Othelrici
1412 367 1567 423 ducis
1613 369 1694 426 sui
1738 371 1917 428 minus
1951 372 2110 427 solito

522 465 916 530 repugnantem
967 473 1089 514 cum
1142 458 1215 513 10
1266 458 1567 529 legionibus
1622 462 1918 530 invadens,
1975 465 2111 520 duos

520 555 638 610 dies
660 555 920 625 predatur
961 554 1221 621 eandem,
1251 565 1307 610 et
1345 571 1471 611 cum
1515 556 1895 615 innumerabili
1939 559 2113 631 capti-

517 661 714 703 vorum
737 646 1192 703 multitudinemn
1220 662 1503 714 reversus,
1536 658 1750 719 patrem
1780 650 1991 721 gaudiis
2026 666 2112 705 re-

518 740 688 809 plevit
733 740 1014 796 inmensis.
1065 740 1232 797 Ccsar
1276 757 1405 797 vero
1451 757 1575 797 cum
1635 743 1881 799 exercitu
1931 758 2028 798 suo
2056 750 2112 798 et

518 832 871 888 Boemiorum
919 842 1083 904 atque
1126 834 1482 891 Liuticiorum
1532 837 1791 892 comitatu
1846 837 2111 892 immenso

517 925 673 981 obvia
706 940 933 995 qumque
959 926 1278 995 devastans,
1310 927 1343 981 5
1378 927 1502 983 ldus
1527 926 1759 1000 Augusti
1796 927 1864 983 ad
1914 928 2109 984 urbem

516 1015 813 1088 Gloguam,
845 1017 935 1073 ubi
965 1017 1272 1073 Bolizlavus
1303 1033 1427 1074 cum
1475 1020 1588 1075 suis
1623 1034 1718 1075 eos
1734 1019 1826 1052 ¹⁷¹⁶
1849 1018 2111 1090 prestola-

516 1117 623 1170 tur,
650 1109 915 1165 sollicitus
938 1112 1107 1175 venit,
1137 1119 1193 1166 et
1216 1121 1598 1180 provocantem
1632 1112 1774 1167 inter
1798 1112 2108 1183 sagittarios

513 1198 796 1255 latitantes
825 1200 1035 1256 hostem
1088 1206 1307 1256 nostros
1356 1203 1609 1272 persequi
1654 1202 1950 1271 prohibuit.
1980 1202 2109 1257 lude

514 1290 717 1344 electas
742 1289 809 1343 ab
834 1291 1079 1346 exercitu
1110 1290 1289 1346 valido
1304 1291 1399 1323 ³⁷³³
1430 1291 1496 1344 12
1528 1291 1768 1362 legiones
1798 1292 1865 1345 ad
1911 1281 2105 1346 urbem

514 1380 703 1437 Nemzi
737 1382 917 1453 (926).
948 1397 1014 1437 eo
1048 1382 1192 1452 quod
1233 1397 1264 1437 a
1294 1382 1499 1438 nostris
1543 1382 1690 1453 (927)
1721 1381 1849 1436 olim
1876 1381 1946 1436 sit
1973 1397 2105 1436 con-

517 1470 629 1524 dita
654 1470 766 1535 "’3,
809 1471 1012 1526 dictam
1061 1472 1342 1542 premisit,
1389 1487 1509 1543 quae
1557 1471 1956 1527 habitatoribus
2003 1471 2108 1526 hiis

516 1570 806 1615 venturum
860 1571 1289 1632 preoccuparcnt
1335 1561 1620 1618 auxilium.
1672 1560 1880 1631 Quibus
1924 1571 2105 1619 castra

2216 372 2457 444 Belegori
2487 376 2684 431 dictam
2718 377 2785 433 18
2828 375 3096 431 Kalendas
3142 376 3480 447 Septembris
3529 376 3803 445 aggressi,

2213 472 2269 519 et
2299 464 2442 520 bello
2469 481 2589 521 eam
2619 467 2979 537 inpugnantes
3022 467 3260 533 diutino,
3298 468 3411 523 Deo
3459 468 3681 539 gratia!
3732 465 3803 520 nil

2212 556 2594 625 proficiebant.
2632 557 2986 614 Liuticiorum
3016 566 3197 613 autem
3228 574 3422 628 magna
3475 557 3766 612 multitudo
3787 598 3803 620 ,

2213 662 2334 717 qua:
2365 648 2505 703 domi
2536 649 2782 715 fuerant,
2815 652 3085 721 quandam
3114 651 3388 706 civitatem
3418 650 3620 720 prefati
3652 650 3803 704 ducis

2212 740 2505 810 petierunt.
2535 741 2832 811 lbiqueW‘8
2863 741 2982 812 plus
3012 757 3173 811 quam
3207 741 3267 814 (f.
3301 742 3443 812 169‘)
3482 741 3585 796 100
3632 741 3806 795 socios

2214 832 2530 899 perdentes,
2555 849 2676 887 cum
2704 834 2905 905 ingenti
2941 834 3168 889 tristicia
3198 834 3553 898 remeabant,
3588 842 3803 903 postea-

2214 937 2320 993 que
2344 922 2583 991 ejusdem
2610 925 2749 981 bona
2779 925 3005 980 multum
3027 927 3333 982 vastabant.

2282 1014 2371 1068 45.
2412 1014 2529 1069 Hiis
2573 1030 2784 1085 quoque
2832 1015 3082 1084 adjiciam
3126 1017 3469 1073 mortiferum
3520 1014 3801 1072 Godefridi

2212 1104 2365 1159 ducis
2410 1114 2465 1160 et
2508 1104 2737 1160 (ἐπίῃ-(11
2770 1106 2984 1161 comitis
3022 1122 3396 1178 congressum.
3442 1108 3524 1162 llli
3570 1122 3807 1177 namque

2213 1194 2304 1249 diu
2336 1194 2566 1249 invicem
2596 1195 2878 1250 discordes
2899 1206 3125 1252 -certum
3162 1198 3454 1252 condixere
3488 1196 3633 1252 diem
3656 1237 3671 1260 ,
3703 1212 3803 1265 qua

2212 1300 2334 1341 cum
2372 1286 2485 1339 suis
2512 1284 2815 1341 fautoribus
2848 1287 2963 1342 hare
2994 1297 3145 1343 certo
3174 1288 3334 1344 duelli
3358 1289 3575 1357 judicio
3600 1289 3807 1343 discer-

2210 1384 2423 1431 nerent.
2449 1372 2633 1431 Mense
2660 1376 2901 1447 Augusto
2926 1390 2990 1432 ac
3009 1377 3039 1431 6
3066 1376 3335 1434 Kalendas
3352 1377 3701 1449 Septembris
3718 1376 3807 1412 ¹⁷²⁹

2210 1465 2264 1519 in
2292 1464 2525 1536 quadam
2552 1467 2690 1536 prati
2720 1466 2965 1523 ﬂorentis
2999 1468 3246 1523 condicta
3265 1468 3359 1501 ’⁷³⁸
3386 1469 3630 1539 planicie
3679 1483 3810 1523 eona

2210 1557 2466 1631 fligebant
2512 1560 2684 1630 (929).
2730 1558 2837 1615 Sed
2884 1562 3194 1631 superbiam
3239 1561 3470 1618 Gerardi
3523 1561 3808 1617 humilitas

522 1652 745 1706 metatis
772 1693 786 1717 ,
812 1653 999 1709 hostes
1026 1654 1319 1708 adventare
1342 1670 1525 1709 rumor
1546 1655 1770 1721 indixit;
1796 1665 1851 1710 et
1876 1655 1927 1709 in
1951 1664 2107 1711 nocte
2136 1644 2183 1705 Β
2211 1648 2413 1705 Christi
2446 1651 2695 1706 molliens
2725 1665 2790 1707 ac
2818 1652 2996 1708 socios
3024 1651 3140 1722 ejus
3165 1654 3218 1707 in
3252 1654 3431 1725 fugam
3466 1654 3656 1709 subito
3688 1670 3808 1709 ver-

519 1744 811 1799 tenebrosa
834 1760 899 1800 ac
920 1744 973 1799 in
999 1760 1190 1815 magna
1223 1746 1479 1801 imbrium
1508 1744 1770 1802 effusione
1798 1746 1898 1801 ltus
1925 1745 2108 1802 ledere

519 1849 862 1905 nequaquam
899 1834 1175 1903 valentes,
1203 1836 1465 1907 quosdam
1498 1834 1806 1908 elIugaruut
1828 1878 1842 1904 ,
1877 1838 2109 1893 nonnul-

517 1926 710 1996 losque
760 1927 1037 1982 civitatem
1069 1928 1274 1983 intrare
1321 1928 1477 1984 inviti
1508 1930 1880 1999 paciebantur.
1926 1931 2108 1986 Posita

518 2026 602 2072 est
631 2016 812 2075 autem
836 2019 951 2074 haec
981 2020 1036 2073 in
1068 2034 1211 2090 pago
1236 2018 1433 2075 Silensi
1453 2060 1469 2087 ,
1494 2021 1758 2077 vocabulo
1781 2022 1882 2081 boc
1907 2038 1937 2075 a
1969 2036 2109 2092 quo-

520 2110 646 2197 dam
698 2120 884 2166 monte
931 2112 1096 2167 nimis
1141 2112 1357 2168 excelso
1403 2121 1458 2167 et
1501 2115 1690 2185 grandi
1725 2115 1852 2170 olim
1886 2115 1987 2171 sibi
2034 2115 2111 2169 in-

517 2201 631 2256 dito
652 2203 747 2242 ‘7“
778 2203 963 2274 (998);
997 2203 1059 2276 (f.
1113 2204 1238 2276 169)
1288 2216 1345 2260 et
1392 2204 1482 2263 hic
1516 2207 1584 2261 ob
1614 2207 1926 2276 qualitatem
1957 2222 2109 2263 suam

520 2304 577 2349 et
624 2294 1014 2364 quantitatem,
1069 2311 1193 2351 cum
1241 2300 1545 2354 execranda
1564 2299 1659 2330 "*5
1712 2298 1985 2369 gentilitas
2037 2297 2108 2354 ibi

516 2396 898 2452 veneraretur,
927 2388 994 2442 ab
1027 2388 1218 2443 incolis
1244 2389 1501 2443 omnibus
1528 2388 1690 2445 nimis
1717 2391 2109 2449 honorabatur.

515 2478 822 2550 Imperator
861 2491 1041 2534 autem
1087 2488 1210 2550 post
1259 2489 1368 2536 tres
1412 2481 1529 2537 dies
1575 2483 1642 2538 ad
1693 2483 1924 2539 eandem
1977 2497 2100 2537 eum

515 2571 763 2629 exercitu
800 2570 981 2629 valido
1016 2570 1273 2637 veniens,
1304 2571 1502 2628 castris
1551 2572 1777 2627 eandem
1819 2571 2111 2643 undiques-

515 2677 674 2717 secus
719 2663 1047 2719 circumdari
1092 2663 1274 2734 jubet,
1314 2678 1543 2733 sperans
1586 2663 1667 2719 sic
1712 2661 2111 2720 omnemihosti

516 2766 616 2806 suo
641 2751 901 2807 claudere
941 2766 1246 2808 accessum.
1285 2751 1514 2824 Sapiens
1544 2751 1787 2822 ejusdem
1819 2752 2109 2807 consilium

513 2851 569 2895 et
601 2842 653 2895 in
693 2843 948 2898 omnibus
988 2843 1130 2898 bona
1160 2843 1412 2898 voluntas
1438 2843 1669 2897 multum
1700 2843 1773 2899 ibi
1801 2842 2106 2913 prodesset,

515 2933 561 2986 si
593 2934 644 2986 in
679 2932 975 2989 efﬁciendis
999 2935 1161 2990 rebus
1185 2934 1559 2990 auxiliantium
1583 2935 1686 2991 sibi
1709 2933 1932 2992 allectus
1963 2936 2107 2991 hunc

516 3023 823 3091 adjuvaret.
853 3022 1006 3079 Nunc
1033 3034 1213 3079 autem
1242 3041 1338 3096 per
1367 3040 1558 3082 omnes
1600 3026 1878 3083 custodias
1920 3027 2100 3096 presi-
2130 3002 2179 3068 ε

518 3114 665 3167 dium
689 3115 808 3168 urbi
835 3115 886 3167 in
910 3115 1088 3172 noctis
1111 3116 1326 3171 silentio
1345 3118 1642 3173 advenerat
1662 3133 1935 3189 magnum.
1953 3118 2106 3174 Tunc

517 3206 929 3275 omnigenorum
953 3208 1044 3239 "3°
1076 3209 1282 3277 species
1309 3209 1812 3266 instrumentorum
1839 3226 1869 3264 a
1903 3210 2105 3266 nostris

518 3297 705 3367 parari
730 3298 1015 3367 jubcntur,
1054 3308 1110 3353 et
1141 3315 1264 3360 mox
1295 3315 1359 3353 ex
1387 3310 1541 3369 parte
1569 3302 1841 3356 contraria
1872 3302 1978 3355 hiis
2007 3301 2107 3355 ad-

520 3389 741 3447 modum
770 3388 966 3442 similia
1000 3389 1273 3444 vidcntur.
1321 3373 1626 3459 Numquam
1662 3390 1838 3444 audivi
1874 3390 2107 3461 aliquos,

522 3482 613 3552 qui
643 3482 852 3537 meliori
884 3481 1156 3552 pacientia
1188 3498 1250 3538 ac
1276 3483 1614 3554 prudentiori
1646 3484 1873 3541 consilio
1908 3500 1966 3541 se
1991 3502 2109 3540 um-

523 3592 689 3646 quam
729 3575 1020 3633 defenderc
1049 3576 1373 3632 niterentur.
1400 3576 1477 3631 Ex
1500 3587 1655 3647 parte
1677 3578 1863 3649 gentili
1889 3594 2107 3634 crucem

521 3660 769 3724 sanetam
802 3670 1129 3739 erigebant,
1170 3669 1525 3741 ejusdemque
1575 3672 1777 3727 auxilio
1822 3674 1923 3729 hos
1965 3675 2109 3730 vinci

519 3762 838 3832 sperabant.
871 3760 926 3815 Si
958 3762 1193 3831 quid‘m
1244 3762 1350 3817 hiis
1382 3764 1626 3833 prosperi
1675 3764 1901 3833 accidit,
1949 3780 2110 3821 nunt-

520 3868 683 3922 quam
718 3853 1122 3919 exclamabant,
1157 3867 1255 3908 nec
1282 3854 1670 3910 adversitatem
1701 3857 1880 3927 aliquo
1907 3859 2108 3929 gemitu

518 3945 929 4017 ingravescente
955 3943 1294 4015 aperiebant.
1326 3945 1550 4001 Interim
1596 3946 1940 4006 lllararcnses
1974 3950 2112 4007 Boe-

522 4038 688 4091 miam
718 4036 979 4107 ingressi,
1025 4037 1213 4092 urbem
1242 4038 1513 4108 quandam
1538 4050 1879 4112 expugnant,
1906 4053 1960 4098 et
1988 4059 2115 4100 cum.

520 4129 687 4197 preda
715 4130 916 4199 ingenti
949 4129 1248 4186 incolumes
1272 4131 1513 4191 exibant.
1537 4132 1688 4199 Quod
1717 4150 1839 4189 cum
1867 4138 2113 4193 marchio

529 4218 819 4273 Ileinrieus
850 4223 950 4275 hos
977 4229 1163 4292 petere
1196 4237 1320 4278 cum
1347 4224 1592 4279 exercitu
1623 4235 1850 4282 conatus
1877 4228 2111 4295 audiret,

529 4307 764 4365 festinus
813 4311 1148 4381 insequitur;
1198 4322 1253 4369 et
1297 4314 1493 4369 occisis
1540 4329 1607 4369 ex
1655 4330 1843 4371 eorum
1888 4334 2114 4373 numero

524 4398 647 4466 plus
677 4414 838 4468 quam
866 4401 1010 4455 mille
1036 4402 1191 4467 viris,
1216 4401 1655 4474 fugientibusque
1682 4406 1916 4474 caneris,
1941 4409 2112 4478 capti-

524 4491 750 4545 vitatem
783 4491 922 4546 hanc
950 4507 1166 4548 omnem
1194 4494 1429 4551 solutam
1474 4496 1699 4563 domum
1737 4500 1967 4555 remisit.
1998 4499 2105 4555 Ne-

2210 1751 2362 1809 tens,
2392 1758 2500 1799 non
2533 1744 2712 1799 minus
2740 1759 2806 1798 ex
2834 1744 2941 1800 hiis
2967 1761 3132 1816 quam
3160 1746 3264 1802 3-00
3290 1748 3592 1817 prostravit
3618 1746 3798 1810 viros.

2210 1849 2278 1890 ex
2306 1834 2503 1913 quibus
2529 1834 2630 1890 fuit
2658 1852 2797 1891 unus
2820 1836 3043 1893 Walteri
3073 1837 3324 1894 Pulverel
3347 1838 3711 1903 nomine‘m,
3740 1854 3810 1895 eo

2212 1926 2357 1995 quod
2390 1926 2443 1979 in
2476 1924 2716 1980 favillam
2744 1925 2847 1982 sibi
2894 1927 3169 1983 contraria
3202 1928 3494 1999 redigisset
3543 1938 3809 1994 vocatus,

2212 2016 2400 2072 habitu
2429 2014 2659 2071 clericus
2682 2057 2698 2084 ,
2729 2018 2826 2073 sed
2869 2032 2930 2074 re
2958 2017 3101 2074 latro
3137 2019 3392 2074 eximius.
3421 2015 3525 2075 llic
3550 2019 3808 2073 centurio

2210 2108 2333 2164 lacu
2361 2123 2483 2164 cum
2514 2109 2629 2164 suis
2657 2109 2926 2165 clauditur
2951 2125 3059 2165 uno
3078 2151 3092 2178 ,
3119 2121 3175 2168 et
3203 2119 3333 2167 tunc
3361 2111 3612 2166 saciatus
3636 2111 3812 2179 jacuit

2212 2199 2264 2255 in
2308 2200 2516 2270 prelio,
2570 2201 2657 2256 cui
2707 2216 2984 2272 nunquam
3028 2201 3240 2258 suffecit
3284 2203 3567 2274 sanguinis
3594 2202 3809 2257 effusio.

2212 2292 2348 2347 Nam
2375 2294 2670 2364 perhibent
2696 2294 2916 2365 populi,
2963 2295 3109 2349 hunc
3133 2295 3523 2349 dumtaxat‘m
3554 2311 3685 2350 eum
3718 2294 3811 2349 la:-

2214 2385 2336 2440 ticia
2389 2385 2608 2440 duxisse
2660 2385 2839 2451 diem,
2889 2400 3001 2457 quo
3052 2385 3264 2440 hastam
3316 2385 3515 2441 suimet
3570 2386 3813 2440 humane

2210 2491 2406 2533 cruore
2436 2490 2744 2547 aSpersam,
2775 2486 2831 2532 et
2857 2476 3052 2532 domus
3085 2478 3318 2543 Domini,
3352 2477 3556 2548 quibus
3585 2477 3683 2531 alii
3716 2492 3810 2546 pe-

2212 2581 2436 2638 percere
2483 2569 2743 2639 maligni,
2772 2568 3021 2624 incensas
3049 2583 3208 2625 ruere
3234 2568 3384 2623 vidit.
3424 2568 3530 2623 llic
3560 2566 3811 2637 Burgun-

2147 2658 2163 2667 ’
2212 2661 2300 2718 dia
2337 2661 2553 2732 genitus
2574 2702 2589 2727 ,
2621 2670 2676 2717 et
2702 2677 2732 2715 a
2761 2661 3009 2731 predicto
3038 2660 3237 2717 comite
3263 2659 3536 2729 quondam
3580 2672 3807 2731 captus,

2211 2769 2319 2810 non
2357 2754 2509 2824 prius
2535 2754 2603 2809 ab
2645 2767 2711 2809 eo
2735 2753 2913 2824 potuit
2949 2751 3189 2818 absolvi,
3227 2767 3389 2823 quam
3414 2767 3476 2807 se
3499 2752 3700 2807 eodem
3718 2751 3806 2787 "’1

2212 2860 2426 2917 semper
2450 2845 2834 2901 auxiliaturum
2862 2828 2927 2901 ac
2955 2844 3077 2901 loco
3107 2844 3287 2899 devoti
3319 2843 3514 2898 militis
3543 2843 3595 2898 ei
3632 2843 3807 2897 servi-

2216 2947 2396 2993 turum
2423 2937 2780 2994 sacramentis
2802 2935 3059 2992 sanxivit.
3086 2935 3229 3008 Ergo
3248 2936 3355 2990 huc
3376 2942 3609 2989 vocatus
3636 2932 3807 2994 venit,

2209 3028 2304 3084 sed
2334 3029 2399 3084 ad
2426 3028 2845 3100 perpetrandum
2880 3024 3029 3083 soliti
3057 3026 3316 3080 facinoris
3346 3032 3705 3079 aucmentum
3731 3022 3810 3077 di-

2208 3120 2331 3175 vina
2361 3122 2606 3175 tardatus
2645 3119 3040 3185 miseraeione,
3087 3134 3195 3174 non
3242 3118 3423 3172 rediit.
3472 3116 3634 3185 Capti
3684 3122 3813 3169 sunt

2208 3221 2386 3267 autem
2417 3222 2543 3267 tunc
2567 3226 2633 3267 ex
2661 3220 2813 3282 parte
2834 3210 3066 3269 senioris
3086 3211 3168 3265 sui
3200 3206 3510 3279 Sigifridus,
3545 3207 3800 3277 ejusdem

2210 3303 2387 3371 filius,
2418 3318 2585 3374 nepos
2612 3316 2792 3358 autem
2825 3300 3191 3372 imperatricis
3234 3307 3467 3363 nostrae,
3498 3314 3631 3354 cum
3682 3296 3808 3350 Bal-

2208 3396 2391 3452 derico
2417 3396 2647 3466 aliisque
2676 3410 2837 3465 quam
2867 3393 2928 3459 (f.
2960 3394 3082 3463 170)
3106 3390 3372 3463 plurimis.
3399 3390 3700 3445 Sauciatas
3722 3395 3805 3442 est

2211 3485 2283 3541 ibi
2314 3485 2462 3542 Cono
2488 3486 2669 3556 (950),
2708 3486 2794 3543 cui
2834 3483 2947 3552 jam
2992 3483 3196 3539 inlicite
3229 3480 3411 3551 nupsit
3457 3479 3643 3549 neptis
3671 3493 3804 3539 sua,

2209 3578 2426 3634 Ernasti
2458 3579 2610 3634 ducis
2638 3577 2928 3634 viduam“.
2960 3574 3243 3631 Predictus
3271 3589 3404 3629 vero
3440 3572 3554 3628 dux
3591 3574 3667 3626 nil
3704 3571 3809 3625 nisi

2209 3669 2279 3726 '50
2306 3669 2504 3725 milites
2530 3669 2796 3740 perdidit,
2831 3678 2886 3723 et
2913 3668 3013 3723 hos
3041 3666 3339 3735 elegantes.

2268 3764 2359 3819 46.
2379 3764 2587 3820 Interea
2605 3763 2857 3834 perfectis
2874 3762 3127 3817 omnibus
3141 3761 3542 3827 instrumentis,
3561 3760 3809 3829 eumjam

2211 3856 2284 3912 ibi
2324 3865 2433 3911 tres
2460 3856 2678 3911 sederet
2723 3855 3051 3911 ebdomadas
3085 3870 3262 3921 cesar,
3314 3856 3381 3909 ad
3429 3853 3629 3908 urbem
3658 3854 3808 3924 (931)

2209 3963 2452 4020 pugnare
2466 3948 2649 4018 jussit,
2673 3956 2727 4003 et
2751 3947 2866 4002 hate
2892 3947 3074 4002 omnia
3097 3943 3294 4013 injecto
3320 3961 3348 3999 a
3377 3944 3811 4015 propugnaculis

2212 4039 2336 4110 igne
2363 4037 2613 4094 celeriter
2638 4038 2831 4093 ardere
2854 4037 3009 4092 vidit.
3040 4035 3171 4093 Post
3197 4036 3311 4093 haec
3334 4035 3657 4090 Othelricus
3684 4049 3807 4089 eum

2212 4132 2327 4187 suis
2358 4131 2544 4185 urbem
2576 4131 2872 4185 ascendere
2899 4136 3165 4198 temptans
3187 4169 3202 4194 ,
3248 4128 3322 4182 nil
3351 4127 3607 4198 profecit.
3650 4128 3803 4181 Tune

2216 4223 2411 4281 Liutici
2445 4221 2643 4277 similia
2673 4221 2913 4293 aggressi
2944 4220 3288 4299 dejiciuntur.
3310 4218 3483 4275 Cesar
3502 4230 3691 4274 autem
3722 4217 3805 4272 vi-

2217 4321 2349 4376 dens
2375 4320 2673 4376 exercitum
2705 4315 3016 4372 inﬁrmitate
3046 4315 3395 4385 depressum,
3446 4314 3503 4368 in
3551 4314 3692 4367 urbe
3718 4326 3806 4365 ca-

2218 4411 2412 4484 pienda
2442 4412 2495 4465 in
2519 4424 2718 4465 vanum
2751 4408 2997 4462 laborare
3020 4447 3035 4471 ,
3060 4408 3162 4461 iter
3187 4420 3344 4461 suum
3370 4404 3536 4459 nimis
3570 4405 3803 4457 arduum

2219 4504 2287 4559 ad
2312 4503 2589 4559 Boemiam
2622 4500 2858 4565 direxit;
2890 4498 3077 4568 ibique
3118 4497 3188 4553 ab
3220 4494 3461 4567 ejusdem
3504 4493 3803 4565 provincia:

1856 4635 2087 4691 VARle
2128 4636 2532 4693 LECTIONES.

600 4740 688 4771 '7“
732 4740 1034 4795 militudine
1087 4742 1139 4795 1.
1248 4740 1338 4776 ¹τ²¹
1375 4744 1550 4801 valida
1607 4748 1694 4802 1η.

525 4881 652 4937 add.
696 4880 780 4942 ιιι.
858 4881 1478 4955 m‘~‘ac—Septembris
1526 4886 1656 4941 add.
1709 4890 1793 4943 lb.

1809 4749 1980 4803 “meo
2000 4782 2069 4790 —
2091 4750 2305 4805 condita
2336 4750 2463 4805 add.
2495 4749 2581 4801 ib.

525 4812 813 4890 scripsitin
845 4812 1091 4890 extremis
1129 4811 1225 4890 fol.
1260 4813 1374 4890 168_
1400 4814 1553 4890 lineis
1586 4886 1595 4890 _
1623 4819 1720 4890 f7”
1734 4820 1809 4873 ita
1834 4820 1898 4871 Λ.
1925 4818 1983 4874 S.
2010 4822 2326 4890 exequenda
2364 4822 2415 4873 1.

1872 4891 1963 4923 ¹⁷³⁰
1975 4891 2104 4945 add.
2150 4892 2236 4945 11).

2693 4747 2787 4779 ²⁷¹⁸
2822 4747 2994 4816 posita
3030 4776 3098 4785 —
3132 4744 3303 4816 indito
3328 4744 3436 4816 ipse
3459 4742 3807 4816 Thiquam

2495 4819 2586 4851 ¹⁷²⁸
2605 4811 3017 4888 omnigeiiarum
3041 4817 3098 4888 1.
3177 4814 3265 4855 "*7
3284 4815 3427 4888 quod
3451 4814 3502 4866 1.
3537 4882 3549 4888 _
3577 4811 3799 4888 _‘”_’_que

2315 4890 2591 4945 "3’eidcm
2624 4891 2703 4944 lc.
2758 4880 3175 4941 "mSauciatus
3196 4915 3269 4925 —
3288 4880 3449 4939 vidua
3476 4882 3609 4935 add.
3644 4880 3729 4934 ib.

2065 5000 2293 5058 NOTJE.

596 5114 742 5181 (926)
781 5113 1062 5180 Nimptsch
1101 5112 1254 5183 juxta
1298 5113 1519 5172 ﬂuvium
1567 5113 1753 5178 Lohe,
1807 5114 1948 5170 inter
1977 5116 2106 5172 Rei-

526 5185 799 5238 cltenhaclt
830 5196 883 5239 et
900 5184 1092 5239 Ohlatt.

599 5255 762 5326 (927i,
791 5254 903 5309 Nox
935 5256 1154 5309 Niemez
1186 5254 1362 5311 Slavis
1405 5262 1488 5310 est
1517 5253 1842 5326 mutusrsive
1868 5258 2106 5326 peregri-

525 5340 654 5368 nuc-
680 5325 767 5368 nni
794 5339 979 5368 mmnn
1005 5326 1240 5368 Iinmmm
1270 5342 1374 5368 nnn
1400 5327 1678 5368 inlpllioit-
1712 5325 1939 5368 illnnmm
1967 5325 2104 5368 nim-

2291 5117 2439 5189 (929)
2479 5117 2761 5188 Cogitasse
2806 5115 3021 5170 videtur
3065 5112 3368 5189 nosterude
3386 5122 3618 5189 _pug_na_
3658 5109 3803 5189 apud

2213 5179 2493 5251 Florinas,
2532 5179 2598 5242 de
2647 5203 2750 5255 qua
2801 5202 2850 5239 v.
2886 5200 3045 5254 supra
3075 5199 3193 5251 cap.
3240 5182 3336 5257 βε.
3385 5179 3462 5236 De
3510 5179 3658 5235 bello
3690 5180 3792 5234 hoc
3830 5252 3835 5257 ἢ

2210 5258 2439 5314 Gerardi
2471 5275 2522 5310 ν.
2555 5254 2899 5323 Baldericum
2931 5256 2967 5307 l.
3006 5272 3102 5317 ιιι,
3146 5270 3192 5323 c.
3233 5254 3318 5306 11.

2283 5329 2432 5368 (eam
2472 5320 2752 5368 ﬂnnmllnc
2776 5326 2816 5368 11
2846 5327 3138 5368 imnnmlm-
3169 5322 3407 5368 futurus:
3435 5321 3525 5368 mli
3557 5319 3790 5368 duxerat
