4048 5368
224 221 358 279 ίδθἹ
1427 242 1783 301 ΕΗΒΟΝΙΕΟ]

224 314 527 364 iniusto""
557 319 694 364 (inca
735 318 1011 364 οιιιριι-ίρη
1055 336 1334 364 annnam...
1421 333 1632 364 ,ιιιηρηιε
1683 354 1769 364 ...η

1884 277 1928 288 -
1979 249 2106 303 un.
2153 251 2261 305 vu.
3330 240 3477 364 159s

221 314 527 383 injusto‘m
557 319 694 375 duce
735 318 1011 380 Othelrico
1055 336 1370 400 susceptus,
1421 333 1632 392 decenti
1683 354 1793 391 mu-
1818 343 1869 401 Α
1896 340 2248 396 Erkaenbaldo
2288 343 2657 414 archipresulc
2691 362 2955 403 consensu
3009 364 3129 403 meo
3165 352 3481 411 consecrari

219 420 355 460 nere
388 408 707 464 honoratur.
738 411 956 470 Interim
1002 420 1247 475 marchio
1277 420 1587 489 Heinricus,
1620 429 1801 483 amitae
1902 431 2222 499 precipiens.
2271 432 2346 486 lbi
2388 446 2513 490 tunc
2571 436 2825 492 Bolizlavi
2880 438 3107 492 nuncius
3157 438 3465 493 Liudull’um

219 492 439 553 meimet
469 499 629 567 tilius,
660 501 818 574 longa
849 508 1197 574 egrotacioae
1226 522 1484 579 vexatus,
1512 516 1579 569 l4
1609 516 1802 572 Kalen-

219 588 319 645 das
347 589 629 661 Octobris,
666 597 1012 655 orientalium
1042 603 1206 658 decus
1248 606 1609 673 Francorum,
1641 613 1796 676 obiit,

216 689 273 735 et
318 683 371 736 in
417 687 849 754 septemtrionali
874 702 1029 759 parte
1075 699 1387 752 monasterii
1421 700 1473 754 in
1510 702 1798 757 Suinvordi

217 771 439 829 civitate
461 792 554 830 sua
594 779 804 848 positus
825 820 838 844 ,
872 782 940 836 ab
969 785 1236 855 episcopis
1263 790 1373 821 ¹⁷³³⁶
1406 792 1605 858 tribus,
1635 793 1799 848 Hein-

215 864 364 930 rico,
400 867 715 926 Evurhardo
743 883 798 927 et
836 878 1127 933 venerabili
1172 878 1383 935 Ricull‘o
1427 883 1573 952 (952)
1596 925 1609 945 ,
1644 895 1796 942 extra

211 956 524 1027 ecclesiam,
561 970 619 1015 ut
650 963 763 1031 ipse
795 968 987 1031 peciit,
1010 967 1165 1037 juxta
1195 971 1417 1038 januam
1438 975 1529 1007 ¹⁷³δ
1555 978 1797 1045 sepultus

210 1055 318 1101 est.
350 1048 463 1103 lloc
489 1066 648 1105 cesar
676 1053 728 1107 in
761 1054 917 1113 Misni
952 1062 1319 1129 comperiens,
1349 1064 1577 1119 multum
1603 1067 1793 1125 doluit.

281 1138 371 1192 47.
413 1141 718 1200 Bolizlavus
770 1162 900 1201 vero
955 1151 1007 1203 in
1066 1152 1509 1210 Wortizlava‘m
1575 1160 1796 1219 civitate

208 1239 465 1286 eventum
511 1236 588 1289 rei
636 1237 1009 1295 sollicitus‘m
1050 1255 1372 1313 expectans,
1404 1265 1526 1305 cum
1557 1251 1791 1323 impera-

208 1328 383 1377 torem
408 1325 585 1380 abisse
614 1329 908 1401 urbemque
948 1348 1099 1388 suam
1149 1338 1469 1396 incolomem
1520 1358 1666 1400 stare
1696 1361 1793 1401 au-

206 1413 390 1479 diret,
422 1416 639 1473 laetatur
663 1420 718 1476 in
751 1422 981 1479 Domino
1009 1427 1377 1501 militibusque
1408 1436 1711 1505 congaudet
1735 1438 1791 1493 in

203 1506 536 1565 saeculo‘m.
588 1512 800 1569 Pedites
842 1524 1023 1572 autem
1080 1519 1223 1577 illius
1278 1523 1399 1592 plus
1450 1542 1614 1597 quam
1662 1543 1790 1585 sel.

201 1600 354 1653 centi
382 1599 475 1632 ³⁷³⁸
505 1601 779 1658 Boemiam
809 1606 870 1675 (Γ.
898 1608 1019 1678 170)
1048 1610 1349 1669 clanculum
1376 1627 1647 1687 petentes,
1668 1637 1789 1691 pte-

1893 514 2145 586 jzsrenem
2196 521 2286 575 diu
2342 524 2614 591 captivum
2661 527 2863 581 remitti
2916 525 3186 596 promisit,
3235 541 3469 594 suosque

1899 607 2098 663 milites
2127 610 2267 679 apud
2294 626 2394 666 nos
2440 612 2593 667 ﬁrma
2643 615 2889 669 detentos
2934 614 3175 669 custodia
3215 630 3311 683 pro
3352 614 3470 683 ejus

1898 699 2219 756 liberatione
2246 704 2475 759 relaxari
2502 707 2692 776 peciit;
2733 717 2787 762 ct
2815 709 2859 763 si
2891 707 3126 777 aliquem
3156 707 3469 776 imperatori

1897 793 2153 849 nuncium
2180 795 2245 849 de
2258 796 2582 865 acquitenda
2600 799 2837 866 ejusdem
2860 800 3033 870 gratia
3057 798 3270 853 mittere
3292 797 3471 853 licuis-

1896 893 2000 949 set,
2024 886 2308 956 diligenter
2360 889 2607 957 inquirit.
2663 892 2891 947 Assiduo
2937 891 3240 962 principum
3273 891 3470 947 suimet

1896 974 2203 1031 interventu
2240 991 2395 1033 cesar
2448 980 2552 1034 hiis
2588 982 2839 1035 omnibus
2890 996 3169 1035 assensum
3229 980 3465 1050 prebuit,

1894 1075 1949 1119 et
1978 1076 2107 1120 tunc
2154 1067 2327 1136 primo
2378 1071 2642 1140 comperit
2692 1071 2993 1125 Ruszorum
3046 1072 3136 1103 ‘7"
3173 1086 3377 1141 regem,
3408 1080 3468 1125 ut

1894 1156 1996 1211 sibi
2016 1171 2114 1228 per
2146 1158 2546 1214 internuncium
2585 1159 2677 1193 ¹⁷⁸³
2732 1162 2980 1231 promisit
3009 1177 3165 1217 suum
3200 1162 3311 1226 ‘7“,
3367 1162 3468 1217 Bo-

1893 1244 2144 1301 lizlavum
2180 1250 2431 1317 peciisse,
2459 1250 2638 1321 nilque
2692 1252 2762 1306 ibi
2808 1253 2875 1306 ad
2921 1252 3109 1307 urbem
3160 1266 3463 1321 possessam

1892 1343 2194 1413 proficisse.
2230 1343 2397 1415 llujus
2432 1360 2657 1416 regnum
2691 1346 2932 1417 prefatus
2955 1348 3061 1403 dux
3104 1356 3287 1419 postea
3341 1362 3465 1403 cum

1891 1434 2137 1489 exercitu
2163 1436 2442 1501 invadens,
2483 1453 2742 1508 generum
2767 1440 2964 1495 suimet
2993 1449 3047 1494 et
3092 1439 3315 1495 fratrem
3348 1440 3464 1511 ejus

1892 1524 1980 1581 ditt
2010 1526 2288 1596 eXpulsum
2323 1528 2711 1585 inthronizavit
2738 1539 2792 1587 et
2813 1531 3001 1586 hilaris
3026 1531 3117 1563 ¹⁷⁸⁸
3153 1533 3329 1587 rediit.
3363 1531 3465 1586 lm-

1888 1630 2106 1688 perator
2127 1637 2156 1675 a
2184 1622 2337 1677 nobis
2366 1622 2555 1681 exiens
2610 1625 2710 1679 tria
2738 1625 2883 1681 dedit
2908 1623 3138 1680 dorsalia
3161 1636 3214 1680 et
3244 1639 3462 1679 urceum

200 1686 442 1760 damque
463 1692 563 1747 sibi
594 1710 745 1751 more
767 1697 929 1753 solito
954 1699 1080 1758 inde
1104 1683 1406 1774 sperantes,
1431 1726 1591 1779 quem
1616 1683 1785 1769 luisti-
1818 1683 1862 1742 Β
1891 1721 2207 1782 argenteum
2232 1714 2342 1768 ‘7“.
2366 1714 2495 1771 lude
2519 1716 2585 1771 ad
2614 1716 2808 1772 Alstidi
2836 1717 3003 1781 venit,
3024 1716 3202 1786 ibique
3224 1716 3463 1769 omnium

197 1778 308 1836 bus
340 1782 589 1853 laqueum
618 1791 913 1858 extendre,
940 1795 1127 1863 paucis
1150 1802 1538 1859 excedentibus
1557 1846 1573 1870 ,
1603 1805 1784 1863 incur-

199 1882 351 1925 rere.
392 1872 495 1927 Sed
524 1874 721 1931 Liutici
754 1881 1045 1939 redeuntes
1074 1886 1227 1953 irati,
1262 1890 1497 1948 dedecus
1525 1894 1639 1951 deze
1675 1898 1787 1952 sui-

195 1968 317 2015 met
365 1961 570 2019 illatum
602 1978 921 2035 queruntur.
968 1972 1100 2029 Nam
1135 1978 1282 2045 lucc,
1318 1980 1371 2035 in
1418 1984 1627 2040 vexillis
1668 1985 1783 2041 for-

195 2060 347 2106 mata
368 2053 477 2120 "3’,
505 2070 533 2110 δ
560 2059 792 2126 quodam
822 2060 1134 2121 llerimanni
1163 2069 1253 2102 ¹⁷⁸⁰
1276 2074 1606 2129 marcbionis
1634 2079 1783 2134 socio

196 2136 385 2210 lapide
412 2160 517 2199 uno
570 2147 793 2215 trajecta
831 2161 938 2219 est;
978 2164 1033 2209 et
1073 2156 1197 2212 dum
1235 2160 1339 2214 hoc
1383 2163 1615 2218 ministri
1664 2165 1782 2236 ejus

197 2230 519 2302 imperatori
550 2239 796 2297 dolenter
836 2245 1178 2311 retulissent,
1231 2252 1299 2306 ad
1347 2255 1778 2313 emendationem

199 2321 270 2376 12
301 2325 504 2382 talenta
534 2344 915 2403 perceperunt.
946 2336 1008 2391 Et
1039 2355 1161 2396 cum
1187 2342 1337 2413 juxta
1372 2344 1566 2401 Vurcin
1592 2349 1783 2406 civita-

201 2420 316 2469 tem
344 2416 559 2475 Mildam
585 2423 744 2478 nimis
770 2425 994 2483 effusam
1022 2434 1252 2490 transire
1278 2435 1595 2504 voluissent,
1623 2439 1780 2496 deam

196 2518 327 2559 cum
360 2509 542 2578 egrejo
571 2509 641 2565 50
670 2514 896 2570 militum
926 2521 1187 2576 comitatu
1220 2525 1445 2580 alteram
1473 2530 1777 2597 perdidere.

194 2593 335 2649 Tam
370 2600 510 2655 malo
534 2604 715 2658 omine
748 2608 948 2665 residui
979 2610 1196 2667 domum
1229 2617 1537 2682 venientes,
1589 2636 1619 2675 a
1666 2635 1780 2678 ser-

192 2684 344 2739 vicio
395 2691 614 2747 cmsaris
662 2708 720 2748 se
768 2696 1037 2753 malorum
1071 2701 1328 2759 instinctu
1359 2708 1669 2766 abalienare
1696 2713 1780 2768 ni-

193 2781 421 2843 tuntur;
453 2782 545 2834 sed
571 2782 755 2840 habito
777 2796 897 2856 post
922 2794 1193 2848 communi
1243 2796 1442 2853 suimet
1472 2800 1704 2869 placito,
1744 2820 1777 2860 a

191 2865 473 2934 prioribus
502 2874 613 2928 suis
644 2887 1055 2936 convertuntur.
1091 2883 1359 2942 Laborem
1386 2891 1543 2946 istius
1567 2893 1805 2953 itineris-

191 2964 249 3009 et
278 2971 570 3016 commune
601 2964 982 3025 detrimentum
1008 2974 1132 3042 quis
1157 2992 1411 3048 umquam
1439 2983 1579 3037 valet
1604 2987 1775 3055 expli-

192 3049 350 3103 care?
379 3050 828 3126 lnexsuperabilis
848 3062 1084 3121 Boetnia:
1111 3071 1344 3140 regionis
1374 3074 1643 3144 introitus,
1678 3081 1770 3133 sed

193 3139 377 3196 multo
404 3144 640 3202 deterior
664 3150 907 3220 ejusdem
954 3154 1054 3211 fuit
1099 3162 1299 3216 exitus.
1338 3161 1502 3219 Facta
1536 3139 1777 3225 est'hzec

197 3233 494 3300 expedicio
524 3237 589 3292 ad
619 3242 913 3309 perniciem
946 3246 1148 3314 hostis;
1196 3252 1289 3307 sed
1334 3254 1563 3310 crimine
1589 3266 1778 3313 nostro

193 3322 429 3379 multum
458 3325 577 3382 lesit
604 3331 897 3390 victoribus
924 3341 1141 3396 nostris.
1177 3343 1329 3410 Quod
1358 3347 1502 3401 enim
1550 3356 1684 3404 tunc
1722 3351 1775 3405 in

193 3416 358 3471 nobis
403 3435 509 3475 non
542 3420 695 3478 licuit
738 3424 1001 3493 inimicis,
1034 3446 1314 3502 peraCtum
1351 3447 1431 3492 est
1461 3449 1645 3507 postea
1673 3442 1777 3498 cri-

196 3507 442 3565 minibus
484 3516 720 3597 nostris.
759 3517 993 3575 Deﬂeam
1039 3537 1287 3593 quoque,
1335 3529 1476 3597 quod
1522 3530 1775 3589 Bolizlavi

196 3603 464 3661 satellites
494 3606 634 3662 inter
670 3594 848 3665 Albim
896 3624 950 3669 et
998 3615 1210 3671 Mildam
1245 3594 1451 3677 facinus
1493 3634 1775 3694 perpetra-

195 3690 355 3746 bant.
385 3693 626 3765 Namque
649 3699 723 3752 hii
744 3699 897 3768 jussu
922 3706 1150 3761 senioris
1174 3709 1255 3762 sui
1278 3711 1533 3765 velociter
1554 3716 1773 3782 egressi,

199 3781 268 3835 i3
296 3782 566 3842 Kalendas
596 3787 847 3846 Octobris
868 3795 927 3864 (Γ.
957 3795 1079 3867 171)
1111 3798 1229 3867 plus
1252 3816 1412 3871 quam
1444 3781 1776 3861 milleman-

198 3876 343 3946 cipia
375 3877 427 3931 in
462 3879 566 3935 hiis
601 3884 846 3951 partibus
889 3900 1265 3959 sumpserunt,
1316 3893 1653 3967 plurimaque
1691 3898 1774 3952 in-

196 3969 395 4023 cendio
435 3970 543 4026 late
587 3985 999 4043 consumentes,
1052 3997 1311 4055 prospero
1349 3985 1543 4043 itinere
1592 4002 1776 4045 rever-

198 4062 408 4111 tuntur.
710 4138 711 4141 η

268 4148 361 4203 48.
399 4150 697 4222 Imperator
721 4168 901 4213 autem
941 4159 1196 4220 Kalendis
1216 4167 1465 4225 Octobris
1495 4170 1776 4246 lilersburg

195 4241 368 4305 venit,
394 4243 573 4312 ibique
595 4245 985 4316 Ekkibardum,
1018 4252 1179 4310 Novae
1228 4258 1464 4315 civitatis
1498 4241 1771 4332 abbatem,

1892 1806 2210 1860 memoriam
2242 1817 2554 1861 sanctorum
2585 1808 2745 1877 digna
2776 1808 3120 1863 veneratione
3149 1806 3461 1871 celebravit,

1887 1903 1943 1950 et
1969 1904 2097 1951 tunc
2126 1898 2179 1952 in
2212 1895 2271 1969 (Γ.
2306 1898 2426 1969 171)
2457 1900 2644 1955 eodem
2663 1901 2749 1955 die
2772 1899 3096 1971 llerdingus,
3127 1898 3288 1954 Novae
3324 1898 3459 1953 civi-

1889 1988 2016 2042 tatis
2070 1989 2136 2044 ab
2185 1989 2513 2059 imperatore
2561 1991 2757 2047 ibidem
2814 1992 3144 2046 constitutus
3196 1990 3386 2053 abbas,
3430 2006 3462 2044 a

1885 2077 2100 2135 Gerone
2127 2082 2534 2151 archiepiscopo
2555 2094 2924 2138 consecratur.
2943 2083 2996 2136 In
3016 2084 3261 2153 sequenti
3291 2083 3465 2137 domi—

1886 2170 2007 2225 nica
2036 2171 2144 2235 die,
2170 2172 2220 2225 id
2245 2183 2328 2227 est
2359 2174 2524 2228 tercia
2552 2172 2731 2229 Nonas
2756 2174 3090 2244 Novembris,
3118 2187 3272 2229 cesar
3294 2174 3463 2243 quod-

1884 2259 2007 2315 dam
2045 2262 2287 2331 predium
2319 2263 2557 2333 Regalici
2586 2265 2732 2335 (955)
2783 2272 3056 2328 vocatum,
3114 2262 3259 2332 quod
3324 2273 3455 2318 tunc

1883 2352 1952 2407 ab
1975 2350 2242 2409 Hatholdo
2269 2353 2437 2408 milite
2462 2354 2562 2410 sibi
2593 2355 2793 2425 placito
2814 2354 3099 2425 acquisivit
3117 2353 3458 2417 coneambio,

1882 2443 2249 2498 confratribus
2280 2445 2482 2499 nostris
2522 2446 2575 2500 in
2607 2446 2919 2517 Merseburg
2949 2446 3165 2500 Christo
3185 2444 3455 2498 famulam

1884 2535 2025 2590 tibus
2070 2536 2255 2601 dedit,
2301 2546 2354 2591 et
2394 2538 2575 2593 lucum
2624 2540 2926 2608 quendam,
2985 2540 3052 2592 ab
3096 2538 3305 2607 llagero
3346 2537 3458 2601 "‘7,

1879 2628 2109 2697 predicti
2141 2626 2373 2683 senioris
2401 2644 2682 2698 germano,
2716 2629 2785 2684 10
2818 2629 3035 2683 talentis
3066 2629 3274 2698 argenti
3306 2642 3457 2683 com-

1882 2727 2155 2788 paratum,
2182 2719 2477 2775 eorundem
2506 2720 2828 2776 utilitatibus
2852 2720 3301 2786 accommodavit,
3331 2734 3459 2789 prc-

1878 2811 2158 2882 ceptisque
2183 2812 2378 2866 suimet
2408 2810 2613 2867 ﬁrmari
2644 2812 2904 2882 precepit.
2939 2811 3072 2865 Tres
3096 2825 3310 2881 quoque
3354 2824 3461 2865 aec-

1878 2902 2073 2959 clesias
2126 2903 2178 2957 in
2229 2902 2381 2957 Libzi
2412 2902 2545 2958 etin
2601 2904 2833 2959 Olscuizi
2866 2903 3014 2973 (934)
3063 2917 3126 2957 ac
3173 2904 3227 2957 in
3273 2900 3457 2957 Gusu;i

1879 2995 2083 3067 positas
2110 2995 2239 3050 mihi
2264 2997 2532 3051 concessit
2554 2996 2723 3067 (933).
2756 2998 2811 3050 ln
2853 2997 2953 3051 hoc
2982 2996 3183 3050 vernali
3218 3003 3461 3076 tempore

1881 3088 2026 3159 (936)
2050 3088 2190 3143 idem
2215 3103 2437 3143 aureum
2459 3089 2631 3144 altare
2658 3090 2724 3144 ad
2756 3089 2919 3144 decus
2937 3087 3177 3143 ecclesiae
3203 3082 3458 3189 fabricatl

1882 3180 1974 3213 ‘7“
1994 3181 2233 3252 jusserat
2284 3189 2506 3245 nostrte,
2539 3184 2607 3237 ad
2637 3183 2776 3253 quod
2809 3196 2907 3254 ego
2934 3198 2999 3237 ex
3032 3180 3237 3280 antiqui
3268 3178 3458 3280 altaris

1877 3272 2050 3327 nosui
2072 3282 2289 3339 sumptu
2346 3273 2462 3327 auri
2494 3273 2584 3304 ίτδδ
2634 3273 2854 3328 6libras
2907 3272 3049 3328 dedi.
3081 3271 3186 3325 Sed
3231 3285 3353 3323 cum
3402 3271 3455 3322 iu

1878 3364 2116 3434 predicta
2137 3364 2354 3418 civitate
2380 3379 2533 3421 cesar
2553 3365 2586 3420 5
2607 3364 2936 3420 ebdomadas
2958 3373 3009 3419 et
3025 3364 3057 3417 4
3082 3361 3196 3417 dies
3218 3360 3451 3417 sederet.

1879 3456 2134 3513 dilectum
2162 3457 2265 3512 sibi
2299 3457 2477 3512 locum
2522 3458 2839 3528 Bavenberg
2871 3458 3063 3511 ‘visitat
3103 3455 3215 3517 ηδ’,
3250 3453 3339 3507 ubi
3364 3452 3456 3484 ¹⁷⁸⁶

1881 3553 2009 3599 tunc
2037 3559 2223 3599 mense
2247 3545 2527 3600 Decembri
2558 3557 2613 3601 et
2646 3547 2735 3578 "5°
2766 3547 2819 3601 in
2868 3547 3041 3616 prima
3091 3554 3271 3603 nocte.
3333 3557 3455 3611 qua:

1878 3634 2081 3689 cesaris
2142 3634 2433 3689 adventum
2485 3637 2773 3691 subsecuta
2830 3647 2942 3697 est,
3016 3634 3346 3689 Guncelinus
3394 3632 3449 3685 in

1877 3724 2121 3780 custodia
2148 3725 2237 3779 diu
2273 3734 2454 3779 tentus
2475 3726 2620 3796 (937)
2649 3726 2897 3791 solvitur,
2924 3734 3114 3780 catena
3138 3723 3205 3777 de
3227 3721 3453 3793 pedibus

1878 3815 2058 3869 divina
2084 3815 2367 3885 majestate
2398 3818 2708 3871 constrictis
2734 3817 2922 3872 leniter
2948 3817 3176 3870 cadente
3208 3817 3449 3880 integra-

1878 3921 1984 3975 que
2035 3915 2408 3977 permanente.
2471 3906 2779 3962 lleinricum
2831 3908 2994 3962 etiam
3043 3905 3154 3969 ’7“,
3182 3906 3451 3975 quondam

1876 3997 2282 4053 Bavvuariorum
2317 3998 2505 4053 ducem
2558 4009 2613 4055 et
2666 4010 2792 4055 tunc
2839 4000 2871 4056 8
2903 4015 3072 4054 annos
3123 4010 3176 4053 et
3205 4011 3342 4069 pene
3372 4004 3453 4051 tot

1876 4105 2092 4146 menses
2138 4106 2234 4146 sua
2266 4091 2566 4161 depositum
2625 4092 2805 4163 culpa,
2859 4092 3102 4160 pristinis
3149 4092 3447 4160 imperator

1880 4179 1971 4212 ‘7“
1999 4182 2237 4235 restituit
2266 4182 2562 4238 honoribus
2595 4184 2682 4239 die
2718 4183 2806 4216 ⁵⁷³⁸
2858 4183 3162 4245 dominica;
3214 4182 3353 4237 sicut
3398 4181 3448 4235 ei

1877 4269 2149 4325 ﬁrmatum
2192 4281 2274 4326 est
2297 4272 2445 4340 prius
2474 4288 2504 4325 a
2530 4273 2803 4343 Poppone,
2835 4272 3150 4328 Treverensi
3183 4272 3450 4341 archiepi-

196 4338 253 4384 et
282 4332 411 4387 huic
435 4333 504 4388 25
526 4352 694 4391 annos
718 4348 771 4393 et
801 4340 835 4393 5
855 4358 1070 4400 menses
1098 4348 1483 4417 presidentem,
1512 4352 1769 4425 Pragensi
1802 4365 1850 4424 Ῑ)
1877 4374 2063 4429 scopo.
2115 4359 2177 4432 (Γ.
2217 4332 2365 4431 ΗΞ).
2415 4361 2519 4417 Sed
2552 4332 2842 4433 antequam
2867 4363 3021 4431 hujus
3044 4362 3449 4418 conclusionem

193 4421 431 4490 prefecit
466 4429 740 4497 ωευιρεὶω,
763 4433 993 4489 eundem
1017 4437 1051 4491 2
1104 4436 1285 4496 Nonas
1309 4440 1559 4499 Octobris
1590 4421 1679 4478 ‘7‘“
1704 4448 1774 4504 ab

1878 4453 2005 4506 anni
2031 4452 2241 4519 faciam,
2277 4455 2523 4525 quaadam
2562 4458 2614 4512 in
2667 4457 2768 4512 bac
2817 4454 3042 4513 dicenda
3096 4458 3447 4512 interseram.

1462 4618 1694 4676 VARI/Ii
1736 4625 2147 4685 LECTIONES.

267 4691 362 4724 *7"
406 4694 459 4748 in
483 4714 689 4752 erasum
721 4699 767 4753 i.
850 4703 961 4736 ⁸⁸⁷³³⁸
991 4705 1118 4759 add.
1156 4707 1237 4761 ib.

193 4845 247 4882 v.
300 4833 337 4887 Γ.
392 4837 515 4891 add.
578 4840 663 4895 ib.

194 4900 492 4992 μογθῃψμ
511 4910 744 4992 utlcortld.
769 4912 981 4992 hebent,
1026 4933 1089 4992 ea;
1119 4900 1706 4992 sequentibus-impath

194 4973 280 5046 to.
360 4976 453 5015 ιτδδ
478 4974 603 5034 'add.
637 4981 720 5033 ιι).
798 4980 885 5013 ιτδσ
922 4973 1111 5042 biralis
1139 4973 1218 5040 ιά.
1250 4990 1433 5045 hilaris
1460 4973 1541 5046 t6.

195 5042 297 5097 ic?
371 5046 463 5079 "‘3
487 5048 772 5105 frabt'icari
807 5050 854 5104 i.

194 5115 322 5169 add.
354 5116 437 5169 ib.

1315 4709 1406 4740 ωδ
1427 4710 1463 4765 i.
1494 4714 1528 4765 i.
1556 4715 1684 4767 add.
1721 4717 1809 4773 ib.

192 4759 251 4814 in
303 4763 538 4846 Pontiae
584 4781 633 4846 et
687 4771 740 4823 in
774 4774 976 4846 __s_ecu|o
1024 4793 1173 4829 erasa
1213 4778 1266 4832 in
1318 4780 1436 4836 cod.
1500 4783 1610 4836 lin
1647 4790 1904 4845 secundis
1932 4791 1986 4846 Ξ.

772 4840 862 4931 ξτδς
902 4844 1213 4901 bcramanni
1266 4865 1399 4931 corr.
1450 4851 1757 4912 herimauni
1786 4840 1901 4914 “in:
1954 4864 2112 4931 ipost
2169 4864 2391 4916 N0501-

3133 4722 3221 4754 ιτειτ
3288 4717 3453 4771 Verba

3282 4788 3371 4818 nas
3412 4787 3448 4837 ί,

2609 4725 2699 4758 ⁸⁷³⁸
2739 4724 2951 4779 sollitus
2986 4726 3033 4778 l.

2547 4793 2629 4845 in.
2694 4797 2706 4848 i
2769 4796 3051 4847 carmine
3110 4791 3191 4843 ib.

2500 4863 2587 4894 ‘7“
2630 4867 2705 4918 sic
2746 4863 3021 4931 legendum
3051 4876 3160 4914 esse
3210 4873 3312 4931 non
3335 4870 3453 4931 vero

1888 4720 1982 4753 "3'
2018 4723 2368 4777 uuordizlavo
2424 4725 2508 4779 la.

2086 4793 2177 4823 "3"
2221 4795 2478 4847 sixccenti

1819 4931 1910 4964 ‘7"
1943 4922 2225 4987 ru'szurum
2254 4934 2337 4986 ia.
2377 4933 2466 4986 sed
2504 4934 2611 5002 ipse
2638 4948 2776 4987 corr.
2797 4922 2819 4960 θ
2878 4933 2969 4964 ¹⁷⁵³
3001 4942 3232 5002 ιιηεηρπ-
3327 4922 3453 4978 add.

1621 4993 1714 5026 ‘m
1746 5001 1857 5057 tria
1877 5034 1947 5045 —-
1973 5003 2099 5057 lude
2128 5004 2255 5058 add.
2296 5004 2379 5057 lb.
2404 4993 2532 5073 ξιτ-εξ
2547 5002 2792 5056 ecclesiae
2818 5012 3015 5073 nostrae
3041 5001 3102 5073 Δ2.
3145 4995 3459 5073 ¹⁷ξᾎιοξζθιζυ

935 5057 1028 5091 ³⁷⁸⁸
1057 5059 1288 5113 visitavit
1319 5061 1401 5114 ia.
1482 5063 1571 5095 "‘°
1602 5064 1690 5120 ubi
1738 5078 1879 5130 tunc
1911 5085 1959 5129 et
1992 5083 2046 5127 ct
2081 5073 2133 5127 in
2164 5057 2335 5144 prima
2373 5104 2443 5114 -—
2468 5057 2845 5125 “permanente
2880 5072 3002 5124 add.
3034 5070 3119 5124 ib.
3194 5065 3284 5098 ⁸⁷⁵⁸
3316 5068 3370 5119 d.
3402 5061 3456 5116 tl.

1648 5203 1905 5273 ΝΟΤᾹΞ.
