  <div class='ocr_page' id='page_1' title='image "/cluster/home/n/w/nwhite01/storage/ocr_20150623/139/hvd.32044015471782/705.png"; bbox 0 0 4048 5368; ppageno 0'>
   <div class='ocr_carea' id='block_1_1' title="bbox 491 183 634 239">
    <p class='ocr_par' dir='ltr' id='par_1_1' title="bbox 491 183 634 239">
     <span class='ocr_line' id='line_1_1' title="bbox 491 183 634 239; baseline 0.014 -2"><span class='ocrx_word' id='word_1_1' title='bbox 491 183 634 239; x_wconf 77' lang='lat'><strong>1399</strong></span> 
     </span>
    </p>
   </div>
   <div class='ocr_carea' id='block_1_2' title="bbox 1417 183 2810 253">
    <p class='ocr_par' dir='ltr' id='par_1_2' title="bbox 1417 183 2810 253">
     <span class='ocr_line' id='line_1_2' title="bbox 1417 183 2810 253; baseline 0.004 -15"><span class='ocrx_word' id='word_1_2' title='bbox 1417 183 1799 239; x_wconf 74' lang='lat' dir='ltr'><strong>TlllETMARl</strong></span> <span class='ocrx_word' id='word_1_3' title='bbox 1839 183 2144 243; x_wconf 73' lang='lat' dir='ltr'><strong>EPlSCOPl</strong></span> <span class='ocrx_word' id='word_1_4' title='bbox 2185 184 2810 253; x_wconf 68' lang='lat' dir='ltr'><strong>MERSEBURGENSIS</strong></span> 
     </span>
    </p>
   </div>
   <div class='ocr_carea' id='block_1_3' title="bbox 3638 183 3781 241">
    <p class='ocr_par' dir='ltr' id='par_1_3' title="bbox 3638 183 3781 241">
     <span class='ocr_line' id='line_1_3' title="bbox 3638 183 3781 241; baseline 0.014 -2"><span class='ocrx_word' id='word_1_5' title='bbox 3638 183 3781 241; x_wconf 68' lang='grc' dir='ltr'><strong>κω</strong></span> 
     </span>
    </p>
   </div>
   <div class='ocr_carea' id='block_1_4' title="bbox 558 295 3783 375">
    <p class='ocr_par' dir='ltr' id='par_1_4' title="bbox 558 295 3783 375">
     <span class='ocr_line' id='line_1_4' title="bbox 558 295 3783 375; baseline 0.002 -26"><span class='ocrx_word' id='word_1_6' title='bbox 558 295 650 353; x_wconf 70' lang='lat'><strong>49.</strong></span> <span class='ocrx_word' id='word_1_7' title='bbox 683 296 1057 365; x_wconf 88' lang='lat' dir='ltr'><strong>Thietmarus,</strong></span> <span class='ocrx_word' id='word_1_8' title='bbox 1080 297 1407 357; x_wconf 73' lang='lat' dir='ltr'><strong>venerabilis</strong></span> <span class='ocrx_word' id='word_1_9' title='bbox 1438 307 1638 355; x_wconf 61' lang='lat' dir='ltr'><strong>salictis</strong></span> <span class='ocrx_word' id='word_1_10' title='bbox 1658 299 2097 363; x_wconf 78' lang='lat' dir='ltr'><strong>Asenbrunensis</strong></span> <span class='ocrx_word' id='word_1_11' title='bbox 2126 305 2170 367; x_wconf 80' lang='grc' dir='ltr'>Α</span> <span class='ocrx_word' id='word_1_12' title='bbox 2201 301 2406 370; x_wconf 78' lang='lat' dir='ltr'><strong>pietate</strong></span> <span class='ocrx_word' id='word_1_13' title='bbox 2435 318 2530 356; x_wconf 87' lang='lat' dir='ltr'><strong>sua</strong></span> <span class='ocrx_word' id='word_1_14' title='bbox 2558 303 2615 357; x_wconf 78' lang='lat' dir='ltr'><strong>in</strong></span> <span class='ocrx_word' id='word_1_15' title='bbox 2651 304 2806 360; x_wconf 79' lang='lat' dir='ltr'><strong>nobis</strong></span> <span class='ocrx_word' id='word_1_16' title='bbox 2844 302 3225 375; x_wconf 67' lang='lat' dir='ltr'><strong>peccatoribus</strong></span> <span class='ocrx_word' id='word_1_17' title='bbox 3267 303 3373 360; x_wconf 84' lang='lat' dir='ltr'><strong>hoc</strong></span> <span class='ocrx_word' id='word_1_18' title='bbox 3417 298 3783 372; x_wconf 71' lang='lat' dir='ltr'><strong>compleatur.</strong></span> 
     </span>
    </p>
   </div>
   <div class='ocr_carea' id='block_1_5' title="bbox 492 384 2077 461">
    <p class='ocr_par' dir='ltr' id='par_1_5' title="bbox 492 384 2077 461">
     <span class='ocr_line' id='line_1_5' title="bbox 492 384 2077 461; baseline 0.003 -19"><span class='ocrx_word' id='word_1_19' title='bbox 492 386 587 419; x_wconf 82' lang='grc' dir='ltr'><strong>¹τ⁵¹</strong></span> <span class='ocrx_word' id='word_1_20' title='bbox 619 387 879 461; x_wconf 61' lang='lat' dir='ltr'><strong>mgclesiaz</strong></span> <span class='ocrx_word' id='word_1_21' title='bbox 912 390 1217 459; x_wconf 84' lang='lat' dir='ltr'><strong>episcopus,</strong></span> <span class='ocrx_word' id='word_1_22' title='bbox 1256 406 1448 447; x_wconf 82' lang='lat' dir='ltr'><strong>servus</strong></span> <span class='ocrx_word' id='word_1_23' title='bbox 1493 384 1666 447; x_wconf 87' lang='lat' dir='ltr'><strong>sancti</strong></span> <span class='ocrx_word' id='word_1_24' title='bbox 1705 392 1973 450; x_wconf 81' lang='lat' dir='ltr'><strong>Mauriciii</strong></span> <span class='ocrx_word' id='word_1_25' title='bbox 2022 395 2077 454; x_wconf 86' lang='lat' dir='ltr'><strong>in</strong></span> 
     </span>
    </p>
   </div>
   <div class='ocr_carea' id='block_1_6' title="bbox 490 476 2081 556">
    <p class='ocr_par' dir='ltr' id='par_1_6' title="bbox 490 476 2081 556">
     <span class='ocr_line' id='line_1_6' title="bbox 490 476 2081 556; baseline 0.006 -23"><span class='ocrx_word' id='word_1_26' title='bbox 490 476 855 551; x_wconf 82' lang='lat' dir='ltr'><strong>Magadaburg</strong></span> <span class='ocrx_word' id='word_1_27' title='bbox 888 488 942 536; x_wconf 88' lang='lat' dir='ltr'><strong>et</strong></span> <span class='ocrx_word' id='word_1_28' title='bbox 989 481 1141 549; x_wconf 82' lang='lat' dir='ltr'><strong>prius</strong></span> <span class='ocrx_word' id='word_1_29' title='bbox 1169 480 1317 536; x_wconf 88' lang='lat' dir='ltr'><strong>utilis</strong></span> <span class='ocrx_word' id='word_1_30' title='bbox 1344 480 1637 552; x_wconf 75' lang='lat' dir='ltr'><strong>Magoneia:</strong></span> <span class='ocrx_word' id='word_1_31' title='bbox 1663 492 1719 538; x_wconf 81' lang='lat' dir='ltr'><strong>et</strong></span> <span class='ocrx_word' id='word_1_32' title='bbox 1749 484 2081 556; x_wconf 77' lang='lat' dir='ltr'><strong>Aquisgraui</strong></span> 
     </span>
    </p>
   </div>
   <div class='ocr_carea' id='block_1_7' title="bbox 490 570 2081 643">
    <p class='ocr_par' dir='ltr' id='par_1_7' title="bbox 490 570 2081 643">
     <span class='ocr_line' id='line_1_7' title="bbox 490 570 2081 643; baseline 0.006 -19"><span class='ocrx_word' id='word_1_33' title='bbox 490 571 820 641; x_wconf 77' lang='lat' dir='ltr'><strong>propositus,</strong></span> <span class='ocrx_word' id='word_1_34' title='bbox 851 570 1079 642; x_wconf 84' lang='lat' dir='ltr'><strong>caligine</strong></span> <span class='ocrx_word' id='word_1_35' title='bbox 1105 574 1337 643; x_wconf 79' lang='lat' dir='ltr'><strong>quadam</strong></span> <span class='ocrx_word' id='word_1_36' title='bbox 1363 572 1686 631; x_wconf 78' lang='lat' dir='ltr'><strong>obfuscante</strong></span> <span class='ocrx_word' id='word_1_37' title='bbox 1739 575 1921 633; x_wconf 82' lang='lat' dir='ltr'><strong>lumen</strong></span> <span class='ocrx_word' id='word_1_38' title='bbox 1974 579 2081 634; x_wconf 87' lang='lat' dir='ltr'><strong>hoc</strong></span> 
     </span>
    </p>
   </div>
   <div class='ocr_carea' id='block_1_8' title="bbox 488 661 2082 735">
    <p class='ocr_par' dir='ltr' id='par_1_8' title="bbox 488 661 2082 735">
     <span class='ocr_line' id='line_1_8' title="bbox 488 661 2082 735; baseline 0.006 -20"><span class='ocrx_word' id='word_1_39' title='bbox 488 661 702 718; x_wconf 84' lang='lat' dir='ltr'><strong>visibile</strong></span> <span class='ocrx_word' id='word_1_40' title='bbox 728 661 782 717; x_wconf 91' lang='lat' dir='ltr'><strong>in</strong></span> <span class='ocrx_word' id='word_1_41' title='bbox 814 663 980 733; x_wconf 84' lang='lat' dir='ltr'><strong>priori</strong></span> <span class='ocrx_word' id='word_1_42' title='bbox 1004 664 1241 735; x_wconf 89' lang='lat' dir='ltr'><strong>perdidit</strong></span> <span class='ocrx_word' id='word_1_43' title='bbox 1264 681 1407 721; x_wconf 87' lang='lat' dir='ltr'><strong>anno</strong></span> <span class='ocrx_word' id='word_1_44' title='bbox 1424 665 1541 731; x_wconf 72' lang='grc'><strong>³⁷⁸³,</strong></span> <span class='ocrx_word' id='word_1_45' title='bbox 1571 682 1636 722; x_wconf 89' lang='lat' dir='ltr'><strong>ae</strong></span> <span class='ocrx_word' id='word_1_46' title='bbox 1658 667 1905 723; x_wconf 87' lang='lat' dir='ltr'><strong>interiori</strong></span> <span class='ocrx_word' id='word_1_47' title='bbox 1920 668 2082 724; x_wconf 85' lang='lat' dir='ltr'><strong>oculo</strong></span> 
     </span>
    </p>
   </div>
   <div class='ocr_carea' id='block_1_9' title="bbox 489 751 2079 820">
    <p class='ocr_par' dir='ltr' id='par_1_9' title="bbox 489 751 2079 820">
     <span class='ocr_line' id='line_1_9' title="bbox 489 751 2079 820; baseline 0.004 -12"><span class='ocrx_word' id='word_1_48' title='bbox 489 767 557 808; x_wconf 90' lang='lat' dir='ltr'><strong>eo</strong></span> <span class='ocrx_word' id='word_1_49' title='bbox 593 751 827 808; x_wconf 88' lang='lat' dir='ltr'><strong>lucidius</strong></span> <span class='ocrx_word' id='word_1_50' title='bbox 848 753 1118 820; x_wconf 89' lang='lat' dir='ltr'><strong>radiante,</strong></span> <span class='ocrx_word' id='word_1_51' title='bbox 1141 753 1384 811; x_wconf 77' lang='lat' dir='ltr'><strong>fomitem</strong></span> <span class='ocrx_word' id='word_1_52' title='bbox 1421 757 1597 812; x_wconf 92' lang='lat' dir='ltr'><strong>tocius</strong></span> <span class='ocrx_word' id='word_1_53' title='bbox 1628 757 1767 813; x_wconf 87' lang='lat' dir='ltr'><strong>lucis</strong></span> <span class='ocrx_word' id='word_1_54' title='bbox 1799 758 2079 816; x_wconf 84' lang='lat' dir='ltr'><strong>Christum</strong></span> 
     </span>
    </p>
   </div>
   <div class='ocr_carea' id='block_1_10' title="bbox 487 845 2080 927">
    <p class='ocr_par' dir='ltr' id='par_1_10' title="bbox 487 845 2080 927">
     <span class='ocr_line' id='line_1_10' title="bbox 487 845 2080 927; baseline 0.008 -26"><span class='ocrx_word' id='word_1_55' title='bbox 487 845 762 903; x_wconf 86' lang='lat' dir='ltr'><strong>indefesso</strong></span> <span class='ocrx_word' id='word_1_56' title='bbox 816 846 1003 904; x_wconf 86' lang='lat' dir='ltr'><strong>labore</strong></span> <span class='ocrx_word' id='word_1_57' title='bbox 1050 848 1162 921; x_wconf 82' lang='lat' dir='ltr'><strong>jam</strong></span> <span class='ocrx_word' id='word_1_58' title='bbox 1214 851 1632 922; x_wconf 80' lang='lat' dir='ltr'><strong>contemplatur.</strong></span> <span class='ocrx_word' id='word_1_59' title='bbox 1704 852 1806 909; x_wconf 83' lang='lat' dir='ltr'><strong>llic</strong></span> <span class='ocrx_word' id='word_1_60' title='bbox 1856 870 1887 910; x_wconf 92' lang='lat' dir='ltr'><strong>a</strong></span> <span class='ocrx_word' id='word_1_61' title='bbox 1948 870 2080 927; x_wconf 84' lang='lat' dir='ltr'><strong>rege</strong></span> 
     </span>
    </p>
   </div>
   <div class='ocr_carea' id='block_1_11' title="bbox 488 936 2079 1019">
    <p class='ocr_par' dir='ltr' id='par_1_11' title="bbox 488 936 2079 1019">
     <span class='ocr_line' id='line_1_11' title="bbox 488 936 2079 1019; baseline 0.008 -27"><span class='ocrx_word' id='word_1_62' title='bbox 488 936 746 995; x_wconf 82' lang='lat' dir='ltr'><strong>Heinrico</strong></span> <span class='ocrx_word' id='word_1_63' title='bbox 796 942 1057 998; x_wconf 86' lang='lat' dir='ltr'><strong>successit</strong></span> <span class='ocrx_word' id='word_1_64' title='bbox 1103 945 1439 1001; x_wconf 84' lang='lat' dir='ltr'><strong>antecessuri</strong></span> <span class='ocrx_word' id='word_1_65' title='bbox 1508 961 1608 1005; x_wconf 85' lang='lat' dir='ltr'><strong>suo</strong></span> <span class='ocrx_word' id='word_1_66' title='bbox 1657 944 1933 1014; x_wconf 84' lang='lat' dir='ltr'><strong>Nounoui,</strong></span> <span class='ocrx_word' id='word_1_67' title='bbox 1984 949 2079 1019; x_wconf 85' lang='lat' dir='ltr'><strong>qui</strong></span> 
     </span>
    </p>
   </div>
   <div class='ocr_carea' id='block_1_12' title="bbox 490 1029 2084 1106">
    <p class='ocr_par' dir='ltr' id='par_1_12' title="bbox 490 1029 2084 1106">
     <span class='ocr_line' id='line_1_12' title="bbox 490 1029 2084 1106; baseline 0.006 -20"><span class='ocrx_word' id='word_1_68' title='bbox 490 1029 786 1087; x_wconf 86' lang='lat' dir='ltr'><strong>Othilull‘us</strong></span> <span class='ocrx_word' id='word_1_69' title='bbox 809 1032 1092 1089; x_wconf 81' lang='lat' dir='ltr'><strong>dicebatur</strong></span> <span class='ocrx_word' id='word_1_70' title='bbox 1121 1034 1295 1106; x_wconf 80' lang='lat'><strong>(958).</strong></span> <span class='ocrx_word' id='word_1_71' title='bbox 1323 1035 1696 1092; x_wconf 61' lang='lat' dir='ltr'><strong>Obieruttﬁm</strong></span> <span class='ocrx_word' id='word_1_72' title='bbox 1723 1037 1777 1092; x_wconf 92' lang='lat' dir='ltr'><strong>in</strong></span> <span class='ocrx_word' id='word_1_73' title='bbox 1808 1040 1911 1094; x_wconf 90' lang='lat' dir='ltr'><strong>hoc</strong></span> <span class='ocrx_word' id='word_1_74' title='bbox 1936 1054 2084 1096; x_wconf 86' lang='lat' dir='ltr'><strong>anno</strong></span> 
     </span>
    </p>
   </div>
   <div class='ocr_carea' id='block_1_13' title="bbox 488 1121 2079 1196">
    <p class='ocr_par' dir='ltr' id='par_1_13' title="bbox 488 1121 2079 1196">
     <span class='ocr_line' id='line_1_13' title="bbox 488 1121 2079 1196; baseline 0.007 -21"><span class='ocrx_word' id='word_1_75' title='bbox 488 1121 759 1178; x_wconf 84' lang='lat' dir='ltr'><strong>antistites</strong></span> <span class='ocrx_word' id='word_1_76' title='bbox 787 1123 1006 1194; x_wconf 74' lang='lat' dir='ltr'><strong>prmclui</strong></span> <span class='ocrx_word' id='word_1_77' title='bbox 1030 1124 1273 1182; x_wconf 83' lang='lat' dir='ltr'><strong>Amulrie</strong></span> <span class='ocrx_word' id='word_1_78' title='bbox 1297 1125 1443 1196; x_wconf 74' lang='lat'><strong>(939)</strong></span> <span class='ocrx_word' id='word_1_79' title='bbox 1491 1143 1557 1183; x_wconf 89' lang='lat' dir='ltr'><strong>ac</strong></span> <span class='ocrx_word' id='word_1_80' title='bbox 1602 1128 1698 1161; x_wconf 60' lang='lat'><strong>‘7“</strong></span> <span class='ocrx_word' id='word_1_81' title='bbox 1725 1128 2079 1187; x_wconf 85' lang='lat' dir='ltr'><strong>Fermundus</strong></span> 
     </span>
    </p>
   </div>
   <div class='ocr_carea' id='block_1_14' title="bbox 489 1214 2086 1295">
    <p class='ocr_par' dir='ltr' id='par_1_14' title="bbox 489 1214 2086 1295">
     <span class='ocr_line' id='line_1_14' title="bbox 489 1214 2086 1295; baseline 0.005 -26"><span class='ocrx_word' id='word_1_82' title='bbox 489 1223 545 1269; x_wconf 92' lang='lat' dir='ltr'><strong>et</strong></span> <span class='ocrx_word' id='word_1_83' title='bbox 568 1214 870 1281; x_wconf 78' lang='lat' dir='ltr'><strong>Beeeliuus,</strong></span> <span class='ocrx_word' id='word_1_84' title='bbox 937 1228 991 1274; x_wconf 87' lang='lat' dir='ltr'><strong>et</strong></span> <span class='ocrx_word' id='word_1_85' title='bbox 1020 1234 1222 1290; x_wconf 87' lang='lat' dir='ltr'><strong>paucas</strong></span> <span class='ocrx_word' id='word_1_86' title='bbox 1250 1219 1447 1295; x_wconf 82' lang='lat' dir='ltr'><strong>sedens</strong></span> <span class='ocrx_word' id='word_1_87' title='bbox 1476 1220 1806 1277; x_wconf 80' lang='lat' dir='ltr'><strong>ebdomadas</strong></span> <span class='ocrx_word' id='word_1_88' title='bbox 1833 1222 2086 1277; x_wconf 79' lang='lat' dir='ltr'><strong>Altman—</strong></span> 
     </span>
    </p>
   </div>
   <div class='ocr_carea' id='block_1_15' title="bbox 491 1309 2078 1385">
    <p class='ocr_par' dir='ltr' id='par_1_15' title="bbox 491 1309 2078 1385">
     <span class='ocr_line' id='line_1_15' title="bbox 491 1309 2078 1385; baseline 0.006 -23"><span class='ocrx_word' id='word_1_89' title='bbox 491 1325 614 1365; x_wconf 86' lang='lat' dir='ltr'><strong>nus.</strong></span> <span class='ocrx_word' id='word_1_90' title='bbox 648 1309 745 1366; x_wconf 87' lang='lat' dir='ltr'><strong>Hic</strong></span> <span class='ocrx_word' id='word_1_91' title='bbox 772 1313 1070 1367; x_wconf 77' lang='lat' dir='ltr'><strong>monachus</strong></span> <span class='ocrx_word' id='word_1_92' title='bbox 1097 1311 1201 1375; x_wconf 82' lang='lat' dir='ltr'><strong>fuit</strong></span> <span class='ocrx_word' id='word_1_93' title='bbox 1248 1312 1423 1374; x_wconf 87' lang='lat' dir='ltr'><strong>sancti</strong></span> <span class='ocrx_word' id='word_1_94' title='bbox 1453 1311 1715 1369; x_wconf 76' lang='lat' dir='ltr'><strong>Johannis</strong></span> <span class='ocrx_word' id='word_1_95' title='bbox 1741 1316 1991 1385; x_wconf 72' lang='lat' dir='ltr'><strong>baptista:</strong></span> <span class='ocrx_word' id='word_1_96' title='bbox 2024 1317 2078 1371; x_wconf 89' lang='lat' dir='ltr'><strong>in</strong></span> 
     </span>
    </p>
   </div>
   <div class='ocr_carea' id='block_1_16' title="bbox 489 1398 2077 1475">
    <p class='ocr_par' dir='ltr' id='par_1_16' title="bbox 489 1398 2077 1475">
     <span class='ocr_line' id='line_1_16' title="bbox 489 1398 2077 1475; baseline 0.006 -21"><span class='ocrx_word' id='word_1_97' title='bbox 489 1398 878 1475; x_wconf 83' lang='lat' dir='ltr'><strong>Magadaburg.</strong></span> <span class='ocrx_word' id='word_1_98' title='bbox 912 1402 1147 1474; x_wconf 84' lang='lat' dir='ltr'><strong>indeque</strong></span> <span class='ocrx_word' id='word_1_99' title='bbox 1176 1406 1244 1463; x_wconf 85' lang='lat' dir='ltr'><strong>ab</strong></span> <span class='ocrx_word' id='word_1_100' title='bbox 1268 1404 1636 1461; x_wconf 60' lang='lat' dir='ltr'><strong>Haethelheida</strong></span> <span class='ocrx_word' id='word_1_101' title='bbox 1669 1406 1761 1436; x_wconf 79' lang='grc'>¹⁷⁸⁶</span> <span class='ocrx_word' id='word_1_102' title='bbox 1779 1407 2077 1474; x_wconf 84' lang='lat' dir='ltr'><strong>abbatissa,</strong></span> 
     </span>
    </p>
   </div>
   <div class='ocr_carea' id='block_1_17' title="bbox 491 1493 2085 1568">
    <p class='ocr_par' dir='ltr' id='par_1_17' title="bbox 491 1493 2085 1568">
     <span class='ocr_line' id='line_1_17' title="bbox 491 1493 2085 1568; baseline 0.006 -23"><span class='ocrx_word' id='word_1_103' title='bbox 491 1508 559 1545; x_wconf 77' lang='lat' dir='ltr'><strong>eu</strong></span> <span class='ocrx_word' id='word_1_104' title='bbox 580 1493 724 1561; x_wconf 89' lang='lat' dir='ltr'><strong>quod</strong></span> <span class='ocrx_word' id='word_1_105' title='bbox 744 1493 810 1547; x_wconf 90' lang='lat' dir='ltr'><strong>de</strong></span> <span class='ocrx_word' id='word_1_106' title='bbox 837 1509 939 1549; x_wconf 86' lang='lat' dir='ltr'><strong>sua</strong></span> <span class='ocrx_word' id='word_1_107' title='bbox 967 1504 1115 1550; x_wconf 85' lang='lat' dir='ltr'><strong>esset</strong></span> <span class='ocrx_word' id='word_1_108' title='bbox 1137 1494 1363 1562; x_wconf 82' lang='lat' dir='ltr'><strong>familia,</strong></span> <span class='ocrx_word' id='word_1_109' title='bbox 1385 1494 1632 1563; x_wconf 81' lang='lat' dir='ltr'><strong>Arnulfo,</strong></span> <span class='ocrx_word' id='word_1_110' title='bbox 1649 1497 1793 1568; x_wconf 86' lang='lat' dir='ltr'><strong>regis</strong></span> <span class='ocrx_word' id='word_1_111' title='bbox 1821 1514 2085 1568; x_wconf 84' lang='lat' dir='ltr'><strong>germano</strong></span> 
     </span>
    </p>
   </div>
   <div class='ocr_carea' id='block_1_18' title="bbox 493 1585 2079 1657">
    <p class='ocr_par' dir='ltr' id='par_1_18' title="bbox 493 1585 2079 1657">
     <span class='ocr_line' id='line_1_18' title="bbox 493 1585 2079 1657; baseline 0.006 -21"><span class='ocrx_word' id='word_1_112' title='bbox 493 1593 549 1636; x_wconf 84' lang='lat' dir='ltr'><strong>et</strong></span> <span class='ocrx_word' id='word_1_113' title='bbox 580 1598 725 1638; x_wconf 89' lang='lat' dir='ltr'><strong>nunc</strong></span> <span class='ocrx_word' id='word_1_114' title='bbox 755 1585 1161 1657; x_wconf 83' lang='lat' dir='ltr'><strong>archiepiscopo</strong></span> <span class='ocrx_word' id='word_1_115' title='bbox 1190 1585 1523 1644; x_wconf 82' lang='lat' dir='ltr'><strong>Ravennatis</strong></span> <span class='ocrx_word' id='word_1_116' title='bbox 1546 1588 1825 1655; x_wconf 68' lang='lat' dir='ltr'><strong>aeeclesiae,</strong></span> <span class='ocrx_word' id='word_1_117' title='bbox 1858 1591 1928 1646; x_wconf 84' lang='lat' dir='ltr'><strong>ad</strong></span> <span class='ocrx_word' id='word_1_118' title='bbox 1964 1606 2079 1646; x_wconf 84' lang='lat' dir='ltr'><strong>ser—</strong></span> 
     </span>
    </p>
   </div>
   <div class='ocr_carea' id='block_1_19' title="bbox 2178 390 3849 466">
    <p class='ocr_par' dir='ltr' id='par_1_19' title="bbox 2178 390 3849 466">
     <span class='ocr_line' id='line_1_19' title="bbox 2178 390 3849 466; baseline 0.001 -19"><span class='ocrx_word' id='word_1_119' title='bbox 2178 392 2297 447; x_wconf 83' lang='lat' dir='ltr'><strong>Non</strong></span> <span class='ocrx_word' id='word_1_120' title='bbox 2340 402 2424 449; x_wconf 81' lang='lat' dir='ltr'><strong>est</strong></span> <span class='ocrx_word' id='word_1_121' title='bbox 2468 394 2843 450; x_wconf 86' lang='lat' dir='ltr'><strong>admirandum</strong></span> <span class='ocrx_word' id='word_1_122' title='bbox 2904 395 3056 466; x_wconf 86' lang='lat' dir='ltr'><strong>quod</strong></span> <span class='ocrx_word' id='word_1_123' title='bbox 3111 396 3166 450; x_wconf 88' lang='lat' dir='ltr'><strong>in</strong></span> <span class='ocrx_word' id='word_1_124' title='bbox 3206 395 3315 450; x_wconf 84' lang='lat' dir='ltr'><strong>ldis</strong></span> <span class='ocrx_word' id='word_1_125' title='bbox 3361 392 3619 465; x_wconf 80' lang='lat' dir='ltr'><strong>partibus</strong></span> <span class='ocrx_word' id='word_1_126' title='bbox 3664 390 3849 448; x_wconf 72' lang='lat' dir='ltr'><strong>tale‘~</strong></span> 
     </span>
    </p>
   </div>
   <div class='ocr_carea' id='block_1_20' title="bbox 2178 483 3775 559">
    <p class='ocr_par' dir='ltr' id='par_1_20' title="bbox 2178 483 3775 559">
     <span class='ocr_line' id='line_1_20' title="bbox 2178 483 3775 559; baseline 0 -19"><span class='ocrx_word' id='word_1_127' title='bbox 2178 494 2484 540; x_wconf 81' lang='lat' dir='ltr'><strong>ostentatur</strong></span> <span class='ocrx_word' id='word_1_128' title='bbox 2514 486 2578 556; x_wconf 73' lang='grc' dir='ltr'><strong>(Γ.</strong></span> <span class='ocrx_word' id='word_1_129' title='bbox 2611 488 2739 559; x_wconf 77' lang='grc'><strong>175)</strong></span> <span class='ocrx_word' id='word_1_130' title='bbox 2768 488 3096 559; x_wconf 79' lang='lat' dir='ltr'><strong>prodigium.</strong></span> <span class='ocrx_word' id='word_1_131' title='bbox 3146 486 3281 542; x_wconf 79' lang='lat' dir='ltr'><strong>Nam</strong></span> <span class='ocrx_word' id='word_1_132' title='bbox 3313 487 3661 543; x_wconf 81' lang='lat' dir='ltr'><strong>habitatores</strong></span> <span class='ocrx_word' id='word_1_133' title='bbox 3690 483 3775 540; x_wconf 79' lang='lat' dir='ltr'><strong>illi</strong></span> 
     </span>
    </p>
   </div>
   <div class='ocr_carea' id='block_1_21' title="bbox 2180 577 3787 645">
    <p class='ocr_par' dir='ltr' id='par_1_21' title="bbox 2180 577 3787 645">
     <span class='ocr_line' id='line_1_21' title="bbox 2180 577 3787 645; baseline 0 -13"><span class='ocrx_word' id='word_1_134' title='bbox 2180 592 2311 632; x_wconf 90' lang='lat' dir='ltr'><strong>raro</strong></span> <span class='ocrx_word' id='word_1_135' title='bbox 2339 577 2407 632; x_wconf 90' lang='lat' dir='ltr'><strong>ad</strong></span> <span class='ocrx_word' id='word_1_136' title='bbox 2432 578 2737 635; x_wconf 68' lang='lat' dir='ltr'><strong>aacelesiam</strong></span> <span class='ocrx_word' id='word_1_137' title='bbox 2764 581 3062 645; x_wconf 81' lang='lat' dir='ltr'><strong>venientes,</strong></span> <span class='ocrx_word' id='word_1_138' title='bbox 3097 581 3162 636; x_wconf 88' lang='lat' dir='ltr'><strong>de</strong></span> <span class='ocrx_word' id='word_1_139' title='bbox 3189 596 3414 636; x_wconf 87' lang='lat' dir='ltr'><strong>suorum</strong></span> <span class='ocrx_word' id='word_1_140' title='bbox 3460 580 3787 635; x_wconf 85' lang='lat' dir='ltr'><strong>visitatioue</strong></span> 
     </span>
    </p>
   </div>
   <div class='ocr_carea' id='block_1_22' title="bbox 2185 671 3784 735">
    <p class='ocr_par' dir='ltr' id='par_1_22' title="bbox 2185 671 3784 735">
     <span class='ocr_line' id='line_1_22' title="bbox 2185 671 3784 735; baseline -0.001 -10"><span class='ocrx_word' id='word_1_141' title='bbox 2185 671 2474 726; x_wconf 88' lang='lat' dir='ltr'><strong>custodum</strong></span> <span class='ocrx_word' id='word_1_142' title='bbox 2505 671 2581 725; x_wconf 88' lang='lat' dir='ltr'><strong>nil</strong></span> <span class='ocrx_word' id='word_1_143' title='bbox 2607 681 2822 727; x_wconf 84' lang='lat' dir='ltr'><strong>curant.</strong></span> <span class='ocrx_word' id='word_1_144' title='bbox 2856 672 3197 728; x_wconf 82' lang='lat' dir='ltr'><strong>Domesticos</strong></span> <span class='ocrx_word' id='word_1_145' title='bbox 3220 672 3407 727; x_wconf 81' lang='lat' dir='ltr'><strong>colunt</strong></span> <span class='ocrx_word' id='word_1_146' title='bbox 3435 673 3601 735; x_wconf 83' lang='lat' dir='ltr'><strong>deos,</strong></span> <span class='ocrx_word' id='word_1_147' title='bbox 3632 671 3784 724; x_wconf 88' lang='lat' dir='ltr'><strong>mul-</strong></span> 
     </span>
    </p>
   </div>
   <div class='ocr_carea' id='block_1_23' title="bbox 2184 762 3790 835">
    <p class='ocr_par' dir='ltr' id='par_1_23' title="bbox 2184 762 3790 835">
     <span class='ocr_line' id='line_1_23' title="bbox 2184 762 3790 835; baseline -0.002 -18"><span class='ocrx_word' id='word_1_148' title='bbox 2184 769 2413 832; x_wconf 86' lang='lat' dir='ltr'><strong>tumque</strong></span> <span class='ocrx_word' id='word_1_149' title='bbox 2450 762 2545 795; x_wconf 81' lang='grc'>¹⁷⁶³</span> <span class='ocrx_word' id='word_1_150' title='bbox 2570 763 2674 819; x_wconf 90' lang='lat' dir='ltr'><strong>sibi</strong></span> <span class='ocrx_word' id='word_1_151' title='bbox 2704 764 2962 835; x_wconf 77' lang='lat' dir='ltr'><strong>prodesse</strong></span> <span class='ocrx_word' id='word_1_152' title='bbox 2982 763 3203 819; x_wconf 84' lang='lat' dir='ltr'><strong>eosdem</strong></span> <span class='ocrx_word' id='word_1_153' title='bbox 3230 772 3535 833; x_wconf 85' lang='lat' dir='ltr'><strong>sperantes.</strong></span> <span class='ocrx_word' id='word_1_154' title='bbox 3563 763 3677 818; x_wconf 80' lang='lat' dir='ltr'><strong>hiis</strong></span> <span class='ocrx_word' id='word_1_155' title='bbox 3699 762 3790 815; x_wconf 84' lang='lat' dir='ltr'><strong>in-</strong></span> 
     </span>
    </p>
   </div>
   <div class='ocr_carea' id='block_1_24' title="bbox 2180 854 3787 928">
    <p class='ocr_par' dir='ltr' id='par_1_24' title="bbox 2180 854 3787 928">
     <span class='ocr_line' id='line_1_24' title="bbox 2180 854 3787 928; baseline -0.002 -15"><span class='ocrx_word' id='word_1_156' title='bbox 2180 855 2405 913; x_wconf 89' lang='lat' dir='ltr'><strong>molant.</strong></span> <span class='ocrx_word' id='word_1_157' title='bbox 2428 857 2623 912; x_wconf 79' lang='lat' dir='ltr'><strong>Audivi</strong></span> <span class='ocrx_word' id='word_1_158' title='bbox 2652 857 2718 912; x_wconf 90' lang='lat' dir='ltr'><strong>de</strong></span> <span class='ocrx_word' id='word_1_159' title='bbox 2737 857 2974 928; x_wconf 87' lang='lat' dir='ltr'><strong>quodam</strong></span> <span class='ocrx_word' id='word_1_160' title='bbox 2999 855 3213 922; x_wconf 78' lang='lat' dir='ltr'><strong>baculo;</strong></span> <span class='ocrx_word' id='word_1_161' title='bbox 3242 854 3297 910; x_wconf 91' lang='lat' dir='ltr'><strong>in</strong></span> <span class='ocrx_word' id='word_1_162' title='bbox 3327 855 3483 925; x_wconf 86' lang='lat' dir='ltr'><strong>cujus</strong></span> <span class='ocrx_word' id='word_1_163' title='bbox 3516 857 3787 911; x_wconf 67' lang='lat' dir='ltr'><strong>semitam</strong></span> 
     </span>
    </p>
   </div>
   <div class='ocr_carea' id='block_1_25' title="bbox 2183 944 3782 1012">
    <p class='ocr_par' dir='ltr' id='par_1_25' title="bbox 2183 944 3782 1012">
     <span class='ocr_line' id='line_1_25' title="bbox 2183 944 3782 1012; baseline -0.004 -8"><span class='ocrx_word' id='word_1_164' title='bbox 2183 963 2380 1004; x_wconf 86' lang='lat' dir='ltr'><strong>manus</strong></span> <span class='ocrx_word' id='word_1_165' title='bbox 2403 958 2543 1012; x_wconf 90' lang='lat' dir='ltr'><strong>erat,</strong></span> <span class='ocrx_word' id='word_1_166' title='bbox 2570 965 2734 1004; x_wconf 90' lang='lat' dir='ltr'><strong>unum</strong></span> <span class='ocrx_word' id='word_1_167' title='bbox 2760 950 2814 1004; x_wconf 87' lang='lat' dir='ltr'><strong>in</strong></span> <span class='ocrx_word' id='word_1_168' title='bbox 2836 963 2895 1004; x_wconf 86' lang='lat' dir='ltr'><strong>se</strong></span> <span class='ocrx_word' id='word_1_169' title='bbox 2931 946 3171 1004; x_wconf 80' lang='lat' dir='ltr'><strong>ferreum</strong></span> <span class='ocrx_word' id='word_1_170' title='bbox 3200 945 3296 979; x_wconf 66' lang='grc'>⁸⁷⁸⁸</span> <span class='ocrx_word' id='word_1_171' title='bbox 3342 955 3537 1001; x_wconf 83' lang='lat' dir='ltr'><strong>tenens</strong></span> <span class='ocrx_word' id='word_1_172' title='bbox 3591 944 3782 1000; x_wconf 84' lang='lat' dir='ltr'><strong>circu-</strong></span> 
     </span>
    </p>
   </div>
   <div class='ocr_carea' id='block_1_26' title="bbox 2182 1033 3784 1111">
    <p class='ocr_par' dir='ltr' id='par_1_26' title="bbox 2182 1033 3784 1111">
     <span class='ocr_line' id='line_1_26' title="bbox 2182 1033 3784 1111; baseline -0.001 -19"><span class='ocrx_word' id='word_1_173' title='bbox 2182 1038 2316 1104; x_wconf 85' lang='lat' dir='ltr'><strong>lum,</strong></span> <span class='ocrx_word' id='word_1_174' title='bbox 2369 1041 2513 1111; x_wconf 86' lang='lat' dir='ltr'><strong>qnod</strong></span> <span class='ocrx_word' id='word_1_175' title='bbox 2557 1056 2680 1095; x_wconf 89' lang='lat' dir='ltr'><strong>cum</strong></span> <span class='ocrx_word' id='word_1_176' title='bbox 2727 1049 2947 1111; x_wconf 85' lang='lat' dir='ltr'><strong>pastore</strong></span> <span class='ocrx_word' id='word_1_177' title='bbox 2987 1039 3132 1095; x_wconf 90' lang='lat' dir='ltr'><strong>illius</strong></span> <span class='ocrx_word' id='word_1_178' title='bbox 3168 1038 3331 1105; x_wconf 61' lang='lat' dir='ltr'><strong>villae,</strong></span> <span class='ocrx_word' id='word_1_179' title='bbox 3382 1036 3439 1093; x_wconf 86' lang='lat' dir='ltr'><strong>in</strong></span> <span class='ocrx_word' id='word_1_180' title='bbox 3468 1050 3580 1108; x_wconf 87' lang='lat' dir='ltr'><strong>quo</strong></span> <span class='ocrx_word' id='word_1_181' title='bbox 3606 1036 3662 1091; x_wconf 88' lang='lat' dir='ltr'><strong>is</strong></span> <span class='ocrx_word' id='word_1_182' title='bbox 3680 1033 3784 1068; x_wconf 69' lang='lat' dir='ltr'><strong>m‘</strong></span> 
     </span>
    </p>
   </div>
   <div class='ocr_carea' id='block_1_27' title="bbox 2179 1126 3787 1200">
    <p class='ocr_par' dir='ltr' id='par_1_27' title="bbox 2179 1126 3787 1200">
     <span class='ocr_line' id='line_1_27' title="bbox 2179 1126 3787 1200; baseline -0.002 -16"><span class='ocrx_word' id='word_1_183' title='bbox 2179 1126 2380 1196; x_wconf 82' lang='lat' dir='ltr'><strong>fuerat,</strong></span> <span class='ocrx_word' id='word_1_184' title='bbox 2406 1144 2502 1198; x_wconf 88' lang='lat' dir='ltr'><strong>per</strong></span> <span class='ocrx_word' id='word_1_185' title='bbox 2532 1144 2725 1185; x_wconf 87' lang='lat' dir='ltr'><strong>omnes</strong></span> <span class='ocrx_word' id='word_1_186' title='bbox 2748 1131 2939 1186; x_wconf 89' lang='lat' dir='ltr'><strong>domos</strong></span> <span class='ocrx_word' id='word_1_187' title='bbox 2964 1130 3064 1184; x_wconf 87' lang='lat' dir='ltr'><strong>has</strong></span> <span class='ocrx_word' id='word_1_188' title='bbox 3086 1129 3440 1200; x_wconf 82' lang='lat' dir='ltr'><strong>singulariter</strong></span> <span class='ocrx_word' id='word_1_189' title='bbox 3467 1130 3697 1193; x_wconf 85' lang='lat' dir='ltr'><strong>ductus,</strong></span> <span class='ocrx_word' id='word_1_190' title='bbox 3730 1128 3787 1181; x_wconf 85' lang='lat' dir='ltr'><strong>in</strong></span> 
     </span>
    </p>
   </div>
   <div class='ocr_carea' id='block_1_28' title="bbox 2180 1217 3776 1291">
    <p class='ocr_par' dir='ltr' id='par_1_28' title="bbox 2180 1217 3776 1291">
     <span class='ocr_line' id='line_1_28' title="bbox 2180 1217 3776 1291; baseline -0.001 -19"><span class='ocrx_word' id='word_1_191' title='bbox 2180 1220 2357 1291; x_wconf 87' lang='lat' dir='ltr'><strong>primo</strong></span> <span class='ocrx_word' id='word_1_192' title='bbox 2376 1219 2601 1274; x_wconf 88' lang='lat' dir='ltr'><strong>introitu</strong></span> <span class='ocrx_word' id='word_1_193' title='bbox 2627 1234 2731 1275; x_wconf 85' lang='lat' dir='ltr'><strong>suo</strong></span> <span class='ocrx_word' id='word_1_194' title='bbox 2746 1235 2775 1273; x_wconf 90' lang='lat' dir='ltr'><strong>a</strong></span> <span class='ocrx_word' id='word_1_195' title='bbox 2791 1220 3055 1291; x_wconf 80' lang='lat' dir='ltr'><strong>perlitare</strong></span> <span class='ocrx_word' id='word_1_196' title='bbox 3076 1220 3155 1275; x_wconf 90' lang='lat' dir='ltr'><strong>sic</strong></span> <span class='ocrx_word' id='word_1_197' title='bbox 3180 1219 3539 1275; x_wconf 80' lang='lat' dir='ltr'><strong>salutaretur:</strong></span> <span class='ocrx_word' id='word_1_198' title='bbox 3576 1217 3776 1289; x_wconf 82' lang='lat' dir='ltr'><strong>Vigila,</strong></span> 
     </span>
    </p>
   </div>
   <div class='ocr_carea' id='block_1_29' title="bbox 2182 1308 3793 1386">
    <p class='ocr_par' dir='ltr' id='par_1_29' title="bbox 2182 1308 3793 1386">
     <span class='ocr_line' id='line_1_29' title="bbox 2182 1308 3793 1386; baseline 0.001 -21"><span class='ocrx_word' id='word_1_199' title='bbox 2182 1309 2399 1373; x_wconf 74' lang='lat' dir='ltr'><strong>Heum&#39;l,</strong></span> <span class='ocrx_word' id='word_1_200' title='bbox 2424 1311 2755 1381; x_wconf 78' lang='lat' dir='ltr'><strong>vigila.‘-—sic</strong></span> <span class='ocrx_word' id='word_1_201' title='bbox 2775 1313 2922 1369; x_wconf 90' lang='lat' dir='ltr'><strong>enim</strong></span> <span class='ocrx_word' id='word_1_202' title='bbox 2939 1313 3141 1368; x_wconf 86' lang='lat' dir='ltr'><strong>rustica</strong></span> <span class='ocrx_word' id='word_1_203' title='bbox 3160 1308 3793 1386; x_wconf 73' lang='lat' dir='ltr'><strong>vocabaturlingnra—et</strong></span> 
     </span>
    </p>
   </div>
   <div class='ocr_carea' id='block_1_30' title="bbox 2184 1403 3790 1474">
    <p class='ocr_par' dir='ltr' id='par_1_30' title="bbox 2184 1403 3790 1474">
     <span class='ocr_line' id='line_1_30' title="bbox 2184 1403 3790 1474; baseline 0.001 -17"><span class='ocrx_word' id='word_1_204' title='bbox 2184 1403 2473 1473; x_wconf 87' lang='lat' dir='ltr'><strong>epulantes</strong></span> <span class='ocrx_word' id='word_1_205' title='bbox 2496 1403 2566 1457; x_wconf 90' lang='lat' dir='ltr'><strong>ibi</strong></span> <span class='ocrx_word' id='word_1_206' title='bbox 2595 1403 2824 1460; x_wconf 86' lang='lat' dir='ltr'><strong>delicate</strong></span> <span class='ocrx_word' id='word_1_207' title='bbox 2849 1404 2965 1470; x_wconf 73' lang='grc'><strong>³⁷⁸⁸,</strong></span> <span class='ocrx_word' id='word_1_208' title='bbox 3024 1404 3093 1460; x_wconf 88' lang='lat' dir='ltr'><strong>de</strong></span> <span class='ocrx_word' id='word_1_209' title='bbox 3139 1403 3381 1474; x_wconf 82' lang='lat' dir='ltr'><strong>ejusdem</strong></span> <span class='ocrx_word' id='word_1_210' title='bbox 3418 1420 3478 1459; x_wconf 88' lang='lat' dir='ltr'><strong>se</strong></span> <span class='ocrx_word' id='word_1_211' title='bbox 3501 1405 3643 1471; x_wconf 81' lang='lat' dir='ltr'><strong>tueri</strong></span> <span class='ocrx_word' id='word_1_212' title='bbox 3685 1420 3790 1458; x_wconf 83' lang='lat' dir='ltr'><strong>cu-</strong></span> 
     </span>
    </p>
   </div>
   <div class='ocr_carea' id='block_1_31' title="bbox 2186 1494 3792 1566">
    <p class='ocr_par' dir='ltr' id='par_1_31' title="bbox 2186 1494 3792 1566">
     <span class='ocr_line' id='line_1_31' title="bbox 2186 1494 3792 1566; baseline -0.002 -16"><span class='ocrx_word' id='word_1_213' title='bbox 2186 1494 2361 1551; x_wconf 82' lang='lat' dir='ltr'><strong>Stodia</strong></span> <span class='ocrx_word' id='word_1_214' title='bbox 2403 1494 2555 1549; x_wconf 85' lang='lat' dir='ltr'><strong>stulti</strong></span> <span class='ocrx_word' id='word_1_215' title='bbox 2588 1496 2942 1549; x_wconf 85' lang='lat' dir='ltr'><strong>autumabant</strong></span> <span class='ocrx_word' id='word_1_216' title='bbox 2978 1494 3147 1566; x_wconf 69' lang='grc'><strong>(941),</strong></span> <span class='ocrx_word' id='word_1_217' title='bbox 3176 1495 3489 1564; x_wconf 85' lang='lat' dir='ltr'><strong>ignorantes</strong></span> <span class='ocrx_word' id='word_1_218' title='bbox 3510 1494 3649 1549; x_wconf 82' lang='lat' dir='ltr'><strong>illud</strong></span> <span class='ocrx_word' id='word_1_219' title='bbox 3678 1494 3792 1547; x_wconf 82' lang='lat' dir='ltr'><strong>Da-</strong></span> 
     </span>
    </p>
   </div>
   <div class='ocr_carea' id='block_1_32' title="bbox 2182 1583 3786 1654">
    <p class='ocr_par' dir='ltr' id='par_1_32' title="bbox 2182 1583 3786 1654">
     <span class='ocr_line' id='line_1_32' title="bbox 2182 1583 3786 1654; baseline -0.001 -16"><span class='ocrx_word' id='word_1_220' title='bbox 2182 1584 2404 1639; x_wconf 86' lang='lat' dir='ltr'><strong>vitieum</strong></span> <span class='ocrx_word' id='word_1_221' title='bbox 2439 1602 2451 1638; x_wconf 89' lang='lat'><strong>:</strong></span> <span class='ocrx_word' id='word_1_222' title='bbox 2484 1583 2784 1639; x_wconf 80' lang='lat' dir='ltr'><strong>Simulacra</strong></span> <span class='ocrx_word' id='word_1_223' title='bbox 2816 1585 3051 1654; x_wconf 83' lang='lat' dir='ltr'><strong>gentiam</strong></span> <span class='ocrx_word' id='word_1_224' title='bbox 3081 1600 3237 1654; x_wconf 80' lang='lat' dir='ltr'><strong>opera</strong></span> <span class='ocrx_word' id='word_1_225' title='bbox 3266 1584 3562 1648; x_wconf 68' lang='lat' dir='ltr'><strong>hominum,</strong></span> <span class='ocrx_word' id='word_1_226' title='bbox 3595 1594 3654 1637; x_wconf 85' lang='lat' dir='ltr'><strong>et</strong></span> <span class='ocrx_word' id='word_1_227' title='bbox 3674 1599 3786 1637; x_wconf 61' lang='grc' dir='ltr'><strong>αις</strong></span> 
     </span>
    </p>
   </div>
   <div class='ocr_carea' id='block_1_33' title="bbox 490 1650 3799 1750">
    <p class='ocr_par' dir='ltr' id='par_1_33' title="bbox 490 1650 3799 1750">
     <span class='ocr_line' id='line_1_33' title="bbox 490 1650 3799 1750; baseline 0.001 -19"><span class='ocrx_word' id='word_1_228' title='bbox 490 1674 685 1747; x_wconf 70' lang='lat' dir='ltr'><strong>vitium</strong></span> <span class='ocrx_word' id='word_1_229' title='bbox 718 1676 784 1729; x_wconf 91' lang='lat' dir='ltr'><strong>ab</strong></span> <span class='ocrx_word' id='word_1_230' title='bbox 810 1689 873 1731; x_wconf 89' lang='lat' dir='ltr'><strong>ea</strong></span> <span class='ocrx_word' id='word_1_231' title='bbox 905 1676 1063 1732; x_wconf 86' lang='lat' dir='ltr'><strong>datus</strong></span> <span class='ocrx_word' id='word_1_232' title='bbox 1098 1688 1202 1744; x_wconf 90' lang='lat' dir='ltr'><strong>est,</strong></span> <span class='ocrx_word' id='word_1_233' title='bbox 1230 1694 1259 1733; x_wconf 91' lang='lat' dir='ltr'><strong>a</strong></span> <span class='ocrx_word' id='word_1_234' title='bbox 1294 1694 1402 1749; x_wconf 92' lang='lat' dir='ltr'><strong>quo</strong></span> <span class='ocrx_word' id='word_1_235' title='bbox 1431 1689 1619 1750; x_wconf 87' lang='lat' dir='ltr'><strong>postea</strong></span> <span class='ocrx_word' id='word_1_236' title='bbox 1651 1691 2074 1749; x_wconf 88' lang='lat' dir='ltr'><strong>consecratus,a</strong></span> <span class='ocrx_word' id='word_1_237' title='bbox 2109 1650 2152 1710; x_wconf 75' lang='grc' dir='ltr'>Β</span> <span class='ocrx_word' id='word_1_238' title='bbox 2184 1687 2320 1734; x_wconf 90' lang='lat' dir='ltr'><strong>tera.</strong></span> <span class='ocrx_word' id='word_1_239' title='bbox 2351 1677 2560 1734; x_wconf 71' lang='lat' dir='ltr'><strong>Similes</strong></span> <span class='ocrx_word' id='word_1_240' title='bbox 2589 1678 2694 1733; x_wconf 74' lang='lat' dir='ltr'><strong>illis</strong></span> <span class='ocrx_word' id='word_1_241' title='bbox 2724 1679 2855 1749; x_wconf 74' lang='lat' dir='ltr'><strong>ﬁant</strong></span> <span class='ocrx_word' id='word_1_242' title='bbox 2881 1678 3129 1748; x_wconf 76' lang='lat' dir='ltr'><strong>facientes</strong></span> <span class='ocrx_word' id='word_1_243' title='bbox 3159 1687 3288 1734; x_wconf 82' lang='lat' dir='ltr'><strong>eaet</strong></span> <span class='ocrx_word' id='word_1_244' title='bbox 3321 1678 3651 1749; x_wconf 75' lang='lat' dir='ltr'><strong>conﬁdentes</strong></span> <span class='ocrx_word' id='word_1_245' title='bbox 3681 1680 3799 1743; x_wconf 59' lang='lat' dir='ltr'><strong>hiis</strong></span> 
     </span>
    </p>
   </div>
   <div class='ocr_carea' id='block_1_34' title="bbox 493 1765 1650 1840">
    <p class='ocr_par' dir='ltr' id='par_1_34' title="bbox 493 1765 1650 1840">
     <span class='ocr_line' id='line_1_34' title="bbox 493 1765 1650 1840; baseline 0.006 -18"><span class='ocrx_word' id='word_1_246' title='bbox 493 1765 612 1822; x_wconf 84' lang='lat' dir='ltr'><strong>suis</strong></span> <span class='ocrx_word' id='word_1_247' title='bbox 632 1767 899 1823; x_wconf 82' lang='lat' dir='ltr'><strong>tocxicata</strong></span> <span class='ocrx_word' id='word_1_248' title='bbox 933 1769 1024 1801; x_wconf 80' lang='grc'><strong>¹⁷⁵⁷</strong></span> <span class='ocrx_word' id='word_1_249' title='bbox 1049 1771 1266 1840; x_wconf 89' lang='lat' dir='ltr'><strong>potione</strong></span> <span class='ocrx_word' id='word_1_250' title='bbox 1286 1770 1429 1827; x_wconf 89' lang='lat' dir='ltr'><strong>lesus</strong></span> <span class='ocrx_word' id='word_1_251' title='bbox 1458 1782 1562 1828; x_wconf 87' lang='lat' dir='ltr'><strong>est.</strong></span> <span class='ocrx_word' id='word_1_252' title='bbox 1644 1823 1650 1829; x_wconf 89' lang='lat'><strong>.</strong></span> 
     </span>
    </p>
   </div>
   <div class='ocr_carea' id='block_1_35' title="bbox 568 1856 2082 1938">
    <p class='ocr_par' dir='ltr' id='par_1_35' title="bbox 568 1856 2082 1938">
     <span class='ocr_line' id='line_1_35' title="bbox 568 1856 2082 1938; baseline 0.005 -22"><span class='ocrx_word' id='word_1_253' title='bbox 568 1856 659 1916; x_wconf 83' lang='lat'><strong>50.</strong></span> <span class='ocrx_word' id='word_1_254' title='bbox 697 1858 755 1915; x_wconf 89' lang='lat' dir='ltr'><strong>lu</strong></span> <span class='ocrx_word' id='word_1_255' title='bbox 788 1874 906 1913; x_wconf 89' lang='lat' dir='ltr'><strong>mea</strong></span> <span class='ocrx_word' id='word_1_256' title='bbox 940 1861 1221 1917; x_wconf 84' lang='lat' dir='ltr'><strong>vicinitate</strong></span> <span class='ocrx_word' id='word_1_257' title='bbox 1244 1874 1301 1918; x_wconf 89' lang='lat' dir='ltr'><strong>et</strong></span> <span class='ocrx_word' id='word_1_258' title='bbox 1326 1863 1380 1919; x_wconf 92' lang='lat' dir='ltr'><strong>in</strong></span> <span class='ocrx_word' id='word_1_259' title='bbox 1404 1865 1601 1936; x_wconf 89' lang='lat' dir='ltr'><strong>oppido</strong></span> <span class='ocrx_word' id='word_1_260' title='bbox 1629 1865 1906 1922; x_wconf 88' lang='lat' dir='ltr'><strong>Silivellun</strong></span> <span class='ocrx_word' id='word_1_261' title='bbox 1931 1867 2082 1938; x_wconf 68' lang='lat'><strong>(940)</strong></span> 
     </span>
    </p>
   </div>
   <div class='ocr_carea' id='block_1_36' title="bbox 500 1950 2085 2024">
    <p class='ocr_par' dir='ltr' id='par_1_36' title="bbox 500 1950 2085 2024">
     <span class='ocr_line' id='line_1_36' title="bbox 500 1950 2085 2024; baseline 0.01 -24"><span class='ocrx_word' id='word_1_262' title='bbox 500 1950 648 2006; x_wconf 70' lang='lat' dir='ltr'><strong>nicto</strong></span> <span class='ocrx_word' id='word_1_263' title='bbox 678 1950 999 2007; x_wconf 84' lang='lat' dir='ltr'><strong>miraculum</strong></span> <span class='ocrx_word' id='word_1_264' title='bbox 1030 1953 1300 2024; x_wconf 81' lang='lat' dir='ltr'><strong>quoddam</strong></span> <span class='ocrx_word' id='word_1_265' title='bbox 1346 1957 1547 2012; x_wconf 82' lang='lat' dir='ltr'><strong>accidit</strong></span> <span class='ocrx_word' id='word_1_266' title='bbox 1595 1958 1650 2011; x_wconf 90' lang='lat' dir='ltr'><strong>in</strong></span> <span class='ocrx_word' id='word_1_267' title='bbox 1697 1960 1932 2015; x_wconf 88' lang='lat' dir='ltr'><strong>secunda</strong></span> <span class='ocrx_word' id='word_1_268' title='bbox 1980 1961 2085 2016; x_wconf 90' lang='lat' dir='ltr'><strong>De-</strong></span> 
     </span>
    </p>
   </div>
   <div class='ocr_carea' id='block_1_37' title="bbox 504 2043 2080 2121">
    <p class='ocr_par' dir='ltr' id='par_1_37' title="bbox 504 2043 2080 2121">
     <span class='ocr_line' id='line_1_37' title="bbox 504 2043 2080 2121; baseline 0.006 -24"><span class='ocrx_word' id='word_1_269' title='bbox 504 2043 739 2098; x_wconf 85' lang='lat' dir='ltr'><strong>cembris</strong></span> <span class='ocrx_word' id='word_1_270' title='bbox 767 2044 1090 2099; x_wconf 81' lang='lat' dir='ltr'><strong>ebdomada.</strong></span> <span class='ocrx_word' id='word_1_271' title='bbox 1121 2045 1246 2101; x_wconf 88' lang='lat' dir='ltr'><strong>Fuit</strong></span> <span class='ocrx_word' id='word_1_272' title='bbox 1277 2048 1348 2103; x_wconf 87' lang='lat' dir='ltr'><strong>ibi</strong></span> <span class='ocrx_word' id='word_1_273' title='bbox 1398 2048 1627 2118; x_wconf 85' lang='lat' dir='ltr'><strong>quedam</strong></span> <span class='ocrx_word' id='word_1_274' title='bbox 1685 2050 1883 2105; x_wconf 89' lang='lat' dir='ltr'><strong>mulier</strong></span> <span class='ocrx_word' id='word_1_275' title='bbox 1938 2066 2080 2121; x_wconf 80' lang='lat' dir='ltr'><strong>quae,</strong></span> 
     </span>
    </p>
   </div>
   <div class='ocr_carea' id='block_1_38' title="bbox 498 2136 2088 2210">
    <p class='ocr_par' dir='ltr' id='par_1_38' title="bbox 498 2136 2088 2210">
     <span class='ocr_line' id='line_1_38' title="bbox 498 2136 2088 2210; baseline 0.004 -19"><span class='ocrx_word' id='word_1_276' title='bbox 498 2151 623 2191; x_wconf 86' lang='lat' dir='ltr'><strong>cum</strong></span> <span class='ocrx_word' id='word_1_277' title='bbox 653 2136 828 2189; x_wconf 88' lang='lat' dir='ltr'><strong>virum</strong></span> <span class='ocrx_word' id='word_1_278' title='bbox 858 2137 1057 2191; x_wconf 90' lang='lat' dir='ltr'><strong>suimet</strong></span> <span class='ocrx_word' id='word_1_279' title='bbox 1096 2137 1239 2194; x_wconf 87' lang='lat' dir='ltr'><strong>domi</strong></span> <span class='ocrx_word' id='word_1_280' title='bbox 1269 2154 1377 2194; x_wconf 86' lang='lat' dir='ltr'><strong>non</strong></span> <span class='ocrx_word' id='word_1_281' title='bbox 1410 2140 1658 2207; x_wconf 81' lang='lat' dir='ltr'><strong>haberet,</strong></span> <span class='ocrx_word' id='word_1_282' title='bbox 1708 2157 1871 2210; x_wconf 90' lang='lat' dir='ltr'><strong>super</strong></span> <span class='ocrx_word' id='word_1_283' title='bbox 1922 2158 1981 2197; x_wconf 91' lang='lat' dir='ltr'><strong>se</strong></span> <span class='ocrx_word' id='word_1_284' title='bbox 2031 2152 2088 2198; x_wconf 85' lang='lat' dir='ltr'><strong>et</strong></span> 
     </span>
    </p>
   </div>
   <div class='ocr_carea' id='block_1_39' title="bbox 498 2226 2087 2297">
    <p class='ocr_par' dir='ltr' id='par_1_39' title="bbox 498 2226 2087 2297">
     <span class='ocr_line' id='line_1_39' title="bbox 498 2226 2087 2297; baseline 0.006 -17"><span class='ocrx_word' id='word_1_285' title='bbox 498 2242 663 2296; x_wconf 86' lang='lat' dir='ltr'><strong>super</strong></span> <span class='ocrx_word' id='word_1_286' title='bbox 692 2226 1152 2297; x_wconf 78' lang='lat' dir='ltr'><strong>ﬁlioshospicium</strong></span> <span class='ocrx_word' id='word_1_287' title='bbox 1177 2230 1465 2286; x_wconf 78' lang='lat' dir='ltr'><strong>obserabat</strong></span> <span class='ocrx_word' id='word_1_288' title='bbox 1500 2232 1591 2263; x_wconf 72' lang='grc'><strong>³⁷³⁸</strong></span> <span class='ocrx_word' id='word_1_289' title='bbox 1627 2247 1807 2297; x_wconf 91' lang='lat' dir='ltr'><strong>suum,</strong></span> <span class='ocrx_word' id='word_1_290' title='bbox 1850 2242 1905 2286; x_wconf 90' lang='lat' dir='ltr'><strong>et</strong></span> <span class='ocrx_word' id='word_1_291' title='bbox 1954 2248 2087 2289; x_wconf 89' lang='lat' dir='ltr'><strong>ecce</strong></span> 
     </span>
    </p>
   </div>
   <div class='ocr_carea' id='block_1_40' title="bbox 500 2320 2083 2391">
    <p class='ocr_par' dir='ltr' id='par_1_40' title="bbox 500 2320 2083 2391">
     <span class='ocr_line' id='line_1_40' title="bbox 500 2320 2083 2391; baseline 0.004 -19"><span class='ocrx_word' id='word_1_292' title='bbox 500 2330 629 2378; x_wconf 88' lang='lat' dir='ltr'><strong>ante</strong></span> <span class='ocrx_word' id='word_1_293' title='bbox 656 2320 985 2391; x_wconf 77' lang='lat' dir='ltr'><strong>gallicinium</strong></span> <span class='ocrx_word' id='word_1_294' title='bbox 1019 2323 1228 2380; x_wconf 90' lang='lat' dir='ltr'><strong>sonitus</strong></span> <span class='ocrx_word' id='word_1_295' title='bbox 1273 2324 1343 2378; x_wconf 87' lang='lat' dir='ltr'><strong>ah</strong></span> <span class='ocrx_word' id='word_1_296' title='bbox 1382 2339 1447 2378; x_wconf 77' lang='lat' dir='ltr'><strong>ea</strong></span> <span class='ocrx_word' id='word_1_297' title='bbox 1510 2323 1792 2379; x_wconf 89' lang='lat' dir='ltr'><strong>inmensus</strong></span> <span class='ocrx_word' id='word_1_298' title='bbox 1845 2323 2083 2379; x_wconf 84' lang='lat' dir='ltr'><strong>auditur.</strong></span> 
     </span>
    </p>
   </div>
   <div class='ocr_carea' id='block_1_41' title="bbox 502 2410 2087 2485">
    <p class='ocr_par' dir='ltr' id='par_1_41' title="bbox 502 2410 2087 2485">
     <span class='ocr_line' id='line_1_41' title="bbox 502 2410 2087 2485; baseline 0.003 -20"><span class='ocrx_word' id='word_1_299' title='bbox 502 2410 632 2471; x_wconf 73' lang='lat' dir='ltr'><strong>llaec</strong></span> <span class='ocrx_word' id='word_1_300' title='bbox 665 2412 863 2470; x_wconf 87' lang='lat' dir='ltr'><strong>talibus</strong></span> <span class='ocrx_word' id='word_1_301' title='bbox 883 2412 1279 2485; x_wconf 81' lang='lat' dir='ltr'><strong>obstupefacta,</strong></span> <span class='ocrx_word' id='word_1_302' title='bbox 1322 2414 1530 2471; x_wconf 86' lang='lat' dir='ltr'><strong>vicinos</strong></span> <span class='ocrx_word' id='word_1_303' title='bbox 1565 2414 1801 2471; x_wconf 81' lang='lat' dir='ltr'><strong>clamore</strong></span> <span class='ocrx_word' id='word_1_304' title='bbox 1827 2414 2087 2469; x_wconf 82' lang='lat' dir='ltr'><strong>continuo</strong></span> 
     </span>
    </p>
   </div>
   <div class='ocr_carea' id='block_1_42' title="bbox 498 2504 2087 2575">
    <p class='ocr_par' dir='ltr' id='par_1_42' title="bbox 498 2504 2087 2575">
     <span class='ocr_line' id='line_1_42' title="bbox 498 2504 2087 2575; baseline 0.004 -16"><span class='ocrx_word' id='word_1_305' title='bbox 498 2519 734 2559; x_wconf 81' lang='lat' dir='ltr'><strong>evocans</strong></span> <span class='ocrx_word' id='word_1_306' title='bbox 758 2504 876 2570; x_wconf 67' lang='lat'><strong>‘7”,</strong></span> <span class='ocrx_word' id='word_1_307' title='bbox 901 2507 1280 2563; x_wconf 89' lang='lat' dir='ltr'><strong>necessitatem</strong></span> <span class='ocrx_word' id='word_1_308' title='bbox 1315 2522 1467 2561; x_wconf 89' lang='lat' dir='ltr'><strong>suam</strong></span> <span class='ocrx_word' id='word_1_309' title='bbox 1490 2507 1712 2563; x_wconf 85' lang='lat' dir='ltr'><strong>iudicat.</strong></span> <span class='ocrx_word' id='word_1_310' title='bbox 1728 2507 1826 2575; x_wconf 87' lang='lat' dir='ltr'><strong>Qui</strong></span> <span class='ocrx_word' id='word_1_311' title='bbox 1844 2507 2087 2565; x_wconf 84' lang='lat' dir='ltr'><strong>volentes</strong></span> 
     </span>
    </p>
   </div>
   <div class='ocr_carea' id='block_1_43' title="bbox 497 2594 2084 2669">
    <p class='ocr_par' dir='ltr' id='par_1_43' title="bbox 497 2594 2084 2669">
     <span class='ocr_line' id='line_1_43' title="bbox 497 2594 2084 2669; baseline 0.003 -20"><span class='ocrx_word' id='word_1_312' title='bbox 497 2594 675 2655; x_wconf 86' lang='lat' dir='ltr'><strong>eidem</strong></span> <span class='ocrx_word' id='word_1_313' title='bbox 697 2610 1037 2662; x_wconf 85' lang='lat' dir='ltr'><strong>succurrere,</strong></span> <span class='ocrx_word' id='word_1_314' title='bbox 1054 2594 1116 2667; x_wconf 81' lang='grc'><strong>(1.</strong></span> <span class='ocrx_word' id='word_1_315' title='bbox 1138 2597 1466 2668; x_wconf 74' lang='lat' dir='ltr'><strong>172)erebra</strong></span> <span class='ocrx_word' id='word_1_316' title='bbox 1481 2598 1788 2668; x_wconf 89' lang='lat' dir='ltr'><strong>jactacione</strong></span> <span class='ocrx_word' id='word_1_317' title='bbox 1817 2600 2084 2669; x_wconf 84' lang='lat' dir='ltr'><strong>repellun-</strong></span> 
     </span>
    </p>
   </div>
   <div class='ocr_carea' id='block_1_44' title="bbox 501 2689 2088 2763">
    <p class='ocr_par' dir='ltr' id='par_1_44' title="bbox 501 2689 2088 2763">
     <span class='ocr_line' id='line_1_44' title="bbox 501 2689 2088 2763; baseline 0.004 -20"><span class='ocrx_word' id='word_1_318' title='bbox 501 2700 614 2744; x_wconf 85' lang='lat' dir='ltr'><strong>tur.</strong></span> <span class='ocrx_word' id='word_1_319' title='bbox 629 2689 873 2747; x_wconf 88' lang='lat' dir='ltr'><strong>Taudem</strong></span> <span class='ocrx_word' id='word_1_320' title='bbox 890 2691 1112 2762; x_wconf 88' lang='lat' dir='ltr'><strong>januam</strong></span> <span class='ocrx_word' id='word_1_321' title='bbox 1138 2689 1473 2763; x_wconf 78' lang='lat' dir='ltr'><strong>frangentes,</strong></span> <span class='ocrx_word' id='word_1_322' title='bbox 1500 2691 1798 2763; x_wconf 84' lang='lat' dir='ltr'><strong>gladiisque</strong></span> <span class='ocrx_word' id='word_1_323' title='bbox 1819 2693 2088 2749; x_wconf 80' lang='lat' dir='ltr'><strong>intrantes</strong></span> 
     </span>
    </p>
   </div>
   <div class='ocr_carea' id='block_1_45' title="bbox 499 2782 2088 2859">
    <p class='ocr_par' dir='ltr' id='par_1_45' title="bbox 499 2782 2088 2859">
     <span class='ocr_line' id='line_1_45' title="bbox 499 2782 2088 2859; baseline 0.007 -26"><span class='ocrx_word' id='word_1_324' title='bbox 499 2782 824 2854; x_wconf 81' lang='lat' dir='ltr'><strong>cvaginatis,</strong></span> <span class='ocrx_word' id='word_1_325' title='bbox 865 2783 995 2853; x_wconf 90' lang='lat' dir='ltr'><strong>quid</strong></span> <span class='ocrx_word' id='word_1_326' title='bbox 1035 2784 1436 2859; x_wconf 85' lang='lat' dir='ltr'><strong>matril‘amilias</strong></span> <span class='ocrx_word' id='word_1_327' title='bbox 1467 2785 1553 2841; x_wconf 89' lang='lat' dir='ltr'><strong>vel</strong></span> <span class='ocrx_word' id='word_1_328' title='bbox 1590 2786 1721 2856; x_wconf 89' lang='lat' dir='ltr'><strong>ipsis</strong></span> <span class='ocrx_word' id='word_1_329' title='bbox 1755 2795 1972 2841; x_wconf 90' lang='lat' dir='ltr'><strong>tantum‘</strong></span> <span class='ocrx_word' id='word_1_330' title='bbox 1999 2804 2088 2844; x_wconf 90' lang='lat' dir='ltr'><strong>re-</strong></span> 
     </span>
    </p>
   </div>
   <div class='ocr_carea' id='block_1_46' title="bbox 504 2871 2087 2945">
    <p class='ocr_par' dir='ltr' id='par_1_46' title="bbox 504 2871 2087 2945">
     <span class='ocr_line' id='line_1_46' title="bbox 504 2871 2087 2945; baseline 0.003 -18"><span class='ocrx_word' id='word_1_331' title='bbox 504 2871 810 2939; x_wconf 76' lang='lat' dir='ltr'><strong>bellaverit,</strong></span> <span class='ocrx_word' id='word_1_332' title='bbox 843 2873 1130 2944; x_wconf 82' lang='lat' dir='ltr'><strong>diligenter</strong></span> <span class='ocrx_word' id='word_1_333' title='bbox 1159 2874 1444 2944; x_wconf 86' lang='lat' dir='ltr'><strong>inquirunt</strong></span> <span class='ocrx_word' id='word_1_334' title='bbox 1474 2892 1490 2943; x_wconf 88' lang='lat'><strong>;</strong></span> <span class='ocrx_word' id='word_1_335' title='bbox 1552 2887 1607 2930; x_wconf 87' lang='lat' dir='ltr'><strong>et</strong></span> <span class='ocrx_word' id='word_1_336' title='bbox 1632 2876 1758 2945; x_wconf 88' lang='lat' dir='ltr'><strong>quia</strong></span> <span class='ocrx_word' id='word_1_337' title='bbox 1787 2886 2087 2932; x_wconf 88' lang='lat' dir='ltr'><strong>monstrum</strong></span> 
     </span>
    </p>
   </div>
   <div class='ocr_carea' id='block_1_47' title="bbox 502 2964 2085 3046">
    <p class='ocr_par' dir='ltr' id='par_1_47' title="bbox 502 2964 2085 3046">
     <span class='ocr_line' id='line_1_47' title="bbox 502 2964 2085 3046; baseline 0.004 -29"><span class='ocrx_word' id='word_1_338' title='bbox 502 2973 643 3030; x_wconf 81' lang='lat' dir='ltr'><strong>erat,</strong></span> <span class='ocrx_word' id='word_1_339' title='bbox 673 2964 884 3046; x_wconf 79' lang='lat' dir='ltr'><strong>hostem</strong></span> <span class='ocrx_word' id='word_1_340' title='bbox 920 2981 1026 3021; x_wconf 89' lang='lat' dir='ltr'><strong>non</strong></span> <span class='ocrx_word' id='word_1_341' title='bbox 1076 2966 1434 3032; x_wconf 79' lang='lat' dir='ltr'><strong>invenientes,</strong></span> <span class='ocrx_word' id='word_1_342' title='bbox 1485 2970 1691 3037; x_wconf 78' lang='lat' dir='ltr'><strong>egressi</strong></span> <span class='ocrx_word' id='word_1_343' title='bbox 1719 2978 1846 3024; x_wconf 87' lang='lat' dir='ltr'><strong>sunt</strong></span> <span class='ocrx_word' id='word_1_344' title='bbox 1881 2970 2085 3026; x_wconf 88' lang='lat' dir='ltr'><strong>tristes.</strong></span> 
     </span>
    </p>
   </div>
   <div class='ocr_carea' id='block_1_48' title="bbox 506 3055 2087 3131">
    <p class='ocr_par' dir='ltr' id='par_1_48' title="bbox 506 3055 2087 3131">
     <span class='ocr_line' id='line_1_48' title="bbox 506 3055 2087 3131; baseline 0.006 -21"><span class='ocrx_word' id='word_1_345' title='bbox 506 3055 699 3121; x_wconf 78' lang='lat' dir='ltr'><strong>Mulier</strong></span> <span class='ocrx_word' id='word_1_346' title='bbox 724 3067 904 3113; x_wconf 87' lang='lat' dir='ltr'><strong>autem</strong></span> <span class='ocrx_word' id='word_1_347' title='bbox 927 3059 1169 3128; x_wconf 85' lang='lat' dir='ltr'><strong>predicta</strong></span> <span class='ocrx_word' id='word_1_348' title='bbox 1215 3060 1358 3115; x_wconf 88' lang='lat' dir='ltr'><strong>diem</strong></span> <span class='ocrx_word' id='word_1_349' title='bbox 1412 3071 1736 3131; x_wconf 74' lang='lat' dir='ltr'><strong>exspectans</strong></span> <span class='ocrx_word' id='word_1_350' title='bbox 1773 3064 2087 3131; x_wconf 89' lang='lat' dir='ltr'><strong>sollicitum,</strong></span> 
     </span>
    </p>
   </div>
   <div class='ocr_carea' id='block_1_49' title="bbox 515 3151 2091 3227">
    <p class='ocr_par' dir='ltr' id='par_1_49' title="bbox 515 3151 2091 3227">
     <span class='ocr_line' id='line_1_49' title="bbox 515 3151 2091 3227; baseline 0.004 -23"><span class='ocrx_word' id='word_1_351' title='bbox 515 3151 755 3215; x_wconf 82' lang='lat' dir='ltr'><strong>crastino</strong></span> <span class='ocrx_word' id='word_1_352' title='bbox 779 3151 1086 3221; x_wconf 83' lang='lat' dir='ltr'><strong>proximum</strong></span> <span class='ocrx_word' id='word_1_353' title='bbox 1114 3153 1404 3207; x_wconf 86' lang='lat' dir='ltr'><strong>accersivit</strong></span> <span class='ocrx_word' id='word_1_354' title='bbox 1431 3154 1790 3224; x_wconf 87' lang='lat' dir='ltr'><strong>presbiterum</strong></span> <span class='ocrx_word' id='word_1_355' title='bbox 1815 3174 1830 3222; x_wconf 91' lang='lat'><strong>;</strong></span> <span class='ocrx_word' id='word_1_356' title='bbox 1862 3157 1952 3227; x_wconf 89' lang='lat' dir='ltr'><strong>qui</strong></span> <span class='ocrx_word' id='word_1_357' title='bbox 1974 3172 2091 3212; x_wconf 90' lang='lat' dir='ltr'><strong>om-</strong></span> 
     </span>
    </p>
   </div>
   <div class='ocr_carea' id='block_1_50' title="bbox 508 3243 2093 3320">
    <p class='ocr_par' dir='ltr' id='par_1_50' title="bbox 508 3243 2093 3320">
     <span class='ocr_line' id='line_1_50' title="bbox 508 3243 2093 3320; baseline 0.007 -26"><span class='ocrx_word' id='word_1_358' title='bbox 508 3257 633 3305; x_wconf 80' lang='lat' dir='ltr'><strong>nem</strong></span> <span class='ocrx_word' id='word_1_359' title='bbox 668 3243 808 3298; x_wconf 85' lang='lat' dir='ltr'><strong>hanc</strong></span> <span class='ocrx_word' id='word_1_360' title='bbox 832 3243 1051 3299; x_wconf 89' lang='lat' dir='ltr'><strong>domum</strong></span> <span class='ocrx_word' id='word_1_361' title='bbox 1106 3244 1354 3314; x_wconf 88' lang='lat' dir='ltr'><strong>reliquiis</strong></span> <span class='ocrx_word' id='word_1_362' title='bbox 1394 3254 1703 3302; x_wconf 86' lang='lat' dir='ltr'><strong>sanctorum</strong></span> <span class='ocrx_word' id='word_1_363' title='bbox 1739 3259 1794 3304; x_wconf 87' lang='lat' dir='ltr'><strong>et</strong></span> <span class='ocrx_word' id='word_1_364' title='bbox 1823 3265 1959 3320; x_wconf 88' lang='lat' dir='ltr'><strong>aqua</strong></span> <span class='ocrx_word' id='word_1_365' title='bbox 2011 3250 2093 3305; x_wconf 85' lang='lat' dir='ltr'><strong>lu-</strong></span> 
     </span>
    </p>
   </div>
   <div class='ocr_carea' id='block_1_51' title="bbox 511 3336 2091 3414">
    <p class='ocr_par' dir='ltr' id='par_1_51' title="bbox 511 3336 2091 3414">
     <span class='ocr_line' id='line_1_51' title="bbox 511 3336 2091 3414; baseline 0.008 -26"><span class='ocrx_word' id='word_1_366' title='bbox 511 3336 707 3389; x_wconf 84' lang='lat' dir='ltr'><strong>stravit</strong></span> <span class='ocrx_word' id='word_1_367' title='bbox 731 3336 1036 3392; x_wconf 91' lang='lat' dir='ltr'><strong>benedicta.</strong></span> <span class='ocrx_word' id='word_1_368' title='bbox 1062 3337 1120 3391; x_wconf 92' lang='lat' dir='ltr'><strong>ln</strong></span> <span class='ocrx_word' id='word_1_369' title='bbox 1146 3340 1394 3408; x_wconf 88' lang='lat' dir='ltr'><strong>sequenti</strong></span> <span class='ocrx_word' id='word_1_370' title='bbox 1417 3340 1509 3371; x_wconf 79' lang='grc'><strong>¹⁷⁸⁰</strong></span> <span class='ocrx_word' id='word_1_371' title='bbox 1548 3356 1675 3397; x_wconf 86' lang='lat' dir='ltr'><strong>vero</strong></span> <span class='ocrx_word' id='word_1_372' title='bbox 1715 3353 1871 3400; x_wconf 89' lang='lat' dir='ltr'><strong>nocte</strong></span> <span class='ocrx_word' id='word_1_373' title='bbox 1900 3360 2091 3414; x_wconf 87' lang='lat' dir='ltr'><strong>parum</strong></span> 
     </span>
    </p>
   </div>
   <div class='ocr_carea' id='block_1_52' title="bbox 514 3425 2087 3501">
    <p class='ocr_par' dir='ltr' id='par_1_52' title="bbox 514 3425 2087 3501">
     <span class='ocr_line' id='line_1_52' title="bbox 514 3425 2087 3501; baseline 0.004 -23"><span class='ocrx_word' id='word_1_374' title='bbox 514 3425 583 3478; x_wconf 89' lang='lat' dir='ltr'><strong>de</strong></span> <span class='ocrx_word' id='word_1_375' title='bbox 611 3425 921 3494; x_wconf 86' lang='lat' dir='ltr'><strong>supradicto</strong></span> <span class='ocrx_word' id='word_1_376' title='bbox 976 3435 1185 3482; x_wconf 90' lang='lat' dir='ltr'><strong>terrore</strong></span> <span class='ocrx_word' id='word_1_377' title='bbox 1237 3429 1565 3497; x_wconf 89' lang='lat' dir='ltr'><strong>concutitur,</strong></span> <span class='ocrx_word' id='word_1_378' title='bbox 1616 3439 1671 3484; x_wconf 89' lang='lat' dir='ltr'><strong>et</strong></span> <span class='ocrx_word' id='word_1_379' title='bbox 1705 3430 1814 3484; x_wconf 90' lang='lat' dir='ltr'><strong>Deo</strong></span> <span class='ocrx_word' id='word_1_380' title='bbox 1844 3432 2087 3501; x_wconf 83' lang='lat' dir='ltr'><strong>gratias!</strong></span> 
     </span>
    </p>
   </div>
   <div class='ocr_carea' id='block_1_53' title="bbox 514 3517 2089 3595">
    <p class='ocr_par' dir='ltr' id='par_1_53' title="bbox 514 3517 2089 3595">
     <span class='ocr_line' id='line_1_53' title="bbox 514 3517 2089 3595; baseline 0.004 -24"><span class='ocrx_word' id='word_1_381' title='bbox 514 3517 706 3571; x_wconf 86' lang='lat' dir='ltr'><strong>crebra</strong></span> <span class='ocrx_word' id='word_1_382' title='bbox 735 3517 1024 3586; x_wconf 89' lang='lat' dir='ltr'><strong>presbiteri</strong></span> <span class='ocrx_word' id='word_1_383' title='bbox 1054 3518 1361 3595; x_wconf 85' lang='lat' dir='ltr'><strong>visitatione</strong></span> <span class='ocrx_word' id='word_1_384' title='bbox 1386 3519 1673 3576; x_wconf 83' lang='lat' dir='ltr'><strong>liberatur.</strong></span> <span class='ocrx_word' id='word_1_385' title='bbox 1709 3521 1839 3575; x_wconf 92' lang='lat' dir='ltr'><strong>Tale</strong></span> <span class='ocrx_word' id='word_1_386' title='bbox 1865 3522 2089 3592; x_wconf 85' lang='lat' dir='ltr'><strong>aliquid,</strong></span> 
     </span>
    </p>
   </div>
   <div class='ocr_carea' id='block_1_54' title="bbox 513 3608 2089 3683">
    <p class='ocr_par' dir='ltr' id='par_1_54' title="bbox 513 3608 2089 3683">
     <span class='ocr_line' id='line_1_54' title="bbox 513 3608 2089 3683; baseline 0.005 -22"><span class='ocrx_word' id='word_1_387' title='bbox 513 3608 843 3678; x_wconf 79' lang='lat' dir='ltr'><strong>ubicumque</strong></span> <span class='ocrx_word' id='word_1_388' title='bbox 876 3610 1077 3676; x_wconf 85' lang='lat' dir='ltr'><strong>evenit,</strong></span> <span class='ocrx_word' id='word_1_389' title='bbox 1120 3627 1318 3668; x_wconf 86' lang='lat' dir='ltr'><strong>novum</strong></span> <span class='ocrx_word' id='word_1_390' title='bbox 1349 3612 1552 3682; x_wconf 88' lang='lat' dir='ltr'><strong>aliquid</strong></span> <span class='ocrx_word' id='word_1_391' title='bbox 1593 3614 1882 3683; x_wconf 81' lang='lat' dir='ltr'><strong>protendit.</strong></span> <span class='ocrx_word' id='word_1_392' title='bbox 1911 3613 2089 3670; x_wconf 88' lang='lat' dir='ltr'><strong>Unus-</strong></span> 
     </span>
    </p>
   </div>
   <div class='ocr_carea' id='block_1_55' title="bbox 512 3698 2089 3773">
    <p class='ocr_par' dir='ltr' id='par_1_55' title="bbox 512 3698 2089 3773">
     <span class='ocr_line' id='line_1_55' title="bbox 512 3698 2089 3773; baseline 0.006 -22"><span class='ocrx_word' id='word_1_393' title='bbox 512 3698 742 3769; x_wconf 83' lang='lat' dir='ltr'><strong>quisque</strong></span> <span class='ocrx_word' id='word_1_394' title='bbox 792 3700 1028 3755; x_wconf 87' lang='lat' dir='ltr'><strong>ﬁdelium</strong></span> <span class='ocrx_word' id='word_1_395' title='bbox 1065 3718 1170 3756; x_wconf 88' lang='lat' dir='ltr'><strong>non</strong></span> <span class='ocrx_word' id='word_1_396' title='bbox 1200 3702 1305 3758; x_wconf 89' lang='lat' dir='ltr'><strong>sibi</strong></span> <span class='ocrx_word' id='word_1_397' title='bbox 1351 3705 1539 3758; x_wconf 89' lang='lat' dir='ltr'><strong>timeat</strong></span> <span class='ocrx_word' id='word_1_398' title='bbox 1593 3713 1853 3760; x_wconf 87' lang='lat' dir='ltr'><strong>terrorem</strong></span> <span class='ocrx_word' id='word_1_399' title='bbox 1904 3706 2089 3773; x_wconf 90' lang='lat' dir='ltr'><strong>illum;</strong></span> 
     </span>
    </p>
   </div>
   <div class='ocr_carea' id='block_1_56' title="bbox 517 3796 2094 3869">
    <p class='ocr_par' dir='ltr' id='par_1_56' title="bbox 517 3796 2094 3869">
     <span class='ocr_line' id='line_1_56' title="bbox 517 3796 2094 3869; baseline 0.006 -24"><span class='ocrx_word' id='word_1_400' title='bbox 517 3807 577 3845; x_wconf 90' lang='lat' dir='ltr'><strong>se</strong></span> <span class='ocrx_word' id='word_1_401' title='bbox 610 3803 949 3860; x_wconf 89' lang='lat' dir='ltr'><strong>peccatorem</strong></span> <span class='ocrx_word' id='word_1_402' title='bbox 979 3809 1047 3848; x_wconf 69' lang='lat' dir='ltr'><strong>ex</strong></span> <span class='ocrx_word' id='word_1_403' title='bbox 1078 3796 1243 3850; x_wconf 88' lang='lat' dir='ltr'><strong>corde</strong></span> <span class='ocrx_word' id='word_1_404' title='bbox 1278 3807 1593 3867; x_wconf 83' lang='lat' dir='ltr'><strong>cognoscat,</strong></span> <span class='ocrx_word' id='word_1_405' title='bbox 1630 3807 1683 3853; x_wconf 90' lang='lat' dir='ltr'><strong>et</strong></span> <span class='ocrx_word' id='word_1_406' title='bbox 1707 3799 1862 3869; x_wconf 87' lang='lat' dir='ltr'><strong>signo</strong></span> <span class='ocrx_word' id='word_1_407' title='bbox 1889 3808 2094 3855; x_wconf 83' lang='lat' dir='ltr'><strong>sanctae</strong></span> 
     </span>
    </p>
   </div>
   <div class='ocr_carea' id='block_1_57' title="bbox 513 3879 2093 3958">
    <p class='ocr_par' dir='ltr' id='par_1_57' title="bbox 513 3879 2093 3958">
     <span class='ocr_line' id='line_1_57' title="bbox 513 3879 2093 3958; baseline 0.006 -23"><span class='ocrx_word' id='word_1_408' title='bbox 513 3881 691 3936; x_wconf 88' lang='lat' dir='ltr'><strong>crucis</strong></span> <span class='ocrx_word' id='word_1_409' title='bbox 716 3879 916 3951; x_wconf 84' lang='lat' dir='ltr'><strong>jngitet‘</strong></span> <span class='ocrx_word' id='word_1_410' title='bbox 938 3897 998 3937; x_wconf 91' lang='lat' dir='ltr'><strong>se</strong></span> <span class='ocrx_word' id='word_1_411' title='bbox 1025 3885 1295 3951; x_wconf 85' lang='lat' dir='ltr'><strong>muniens,</strong></span> <span class='ocrx_word' id='word_1_412' title='bbox 1341 3900 1558 3940; x_wconf 87' lang='lat' dir='ltr'><strong>omnem</strong></span> <span class='ocrx_word' id='word_1_413' title='bbox 1600 3887 1977 3942; x_wconf 87' lang='lat' dir='ltr'><strong>adversariam.</strong></span> <span class='ocrx_word' id='word_1_414' title='bbox 1999 3903 2093 3958; x_wconf 83' lang='lat' dir='ltr'><strong>po-</strong></span> 
     </span>
    </p>
   </div>
   <div class='ocr_carea' id='block_1_58' title="bbox 513 3976 2094 4048">
    <p class='ocr_par' dir='ltr' id='par_1_58' title="bbox 513 3976 2094 4048">
     <span class='ocr_line' id='line_1_58' title="bbox 513 3976 2094 4048; baseline 0.005 -21"><span class='ocrx_word' id='word_1_415' title='bbox 513 3982 768 4031; x_wconf 85' lang='lat' dir='ltr'><strong>testatem</strong></span> <span class='ocrx_word' id='word_1_416' title='bbox 806 3990 1032 4044; x_wconf 83' lang='lat' dir='ltr'><strong>prorsus</strong></span> <span class='ocrx_word' id='word_1_417' title='bbox 1057 3976 1331 4032; x_wconf 77' lang='lat' dir='ltr'><strong>excludat.</strong></span> <span class='ocrx_word' id='word_1_418' title='bbox 1369 3978 1549 4032; x_wconf 82' lang='lat' dir='ltr'><strong>Hostis</strong></span> <span class='ocrx_word' id='word_1_419' title='bbox 1569 3977 1816 4032; x_wconf 89' lang='lat' dir='ltr'><strong>incautos</strong></span> <span class='ocrx_word' id='word_1_420' title='bbox 1845 3993 2094 4048; x_wconf 89' lang='lat' dir='ltr'><strong>quosque</strong></span> 
     </span>
    </p>
   </div>
   <div class='ocr_carea' id='block_1_59' title="bbox 511 4066 2092 4136">
    <p class='ocr_par' dir='ltr' id='par_1_59' title="bbox 511 4066 2092 4136">
     <span class='ocr_line' id='line_1_59' title="bbox 511 4066 2092 4136; baseline 0.003 -17"><span class='ocrx_word' id='word_1_421' title='bbox 511 4066 829 4128; x_wconf 80' lang='lat' dir='ltr'><strong>sicinlndit,</strong></span> <span class='ocrx_word' id='word_1_422' title='bbox 862 4075 917 4119; x_wconf 89' lang='lat' dir='ltr'><strong>et</strong></span> <span class='ocrx_word' id='word_1_423' title='bbox 946 4066 998 4123; x_wconf 91' lang='lat' dir='ltr'><strong>iu</strong></span> <span class='ocrx_word' id='word_1_424' title='bbox 1040 4082 1100 4123; x_wconf 90' lang='lat' dir='ltr'><strong>se</strong></span> <span class='ocrx_word' id='word_1_425' title='bbox 1145 4066 1349 4136; x_wconf 88' lang='lat' dir='ltr'><strong>aliquid</strong></span> <span class='ocrx_word' id='word_1_426' title='bbox 1395 4068 1683 4123; x_wconf 88' lang='lat' dir='ltr'><strong>credentes</strong></span> <span class='ocrx_word' id='word_1_427' title='bbox 1731 4070 1799 4122; x_wconf 90' lang='lat' dir='ltr'><strong>ad</strong></span> <span class='ocrx_word' id='word_1_428' title='bbox 1845 4069 2092 4124; x_wconf 89' lang='lat' dir='ltr'><strong>ultimum</strong></span> 
     </span>
    </p>
   </div>
   <div class='ocr_carea' id='block_1_60' title="bbox 513 4154 2094 4224">
    <p class='ocr_par' dir='ltr' id='par_1_60' title="bbox 513 4154 2094 4224">
     <span class='ocr_line' id='line_1_60' title="bbox 513 4154 2094 4224; baseline 0.006 -17"><span class='ocrx_word' id='word_1_429' title='bbox 513 4155 730 4224; x_wconf 75' lang='lat' dir='ltr'><strong>decipit.</strong></span> <span class='ocrx_word' id='word_1_430' title='bbox 763 4154 862 4213; x_wconf 89' lang='lat' dir='ltr'><strong>Ubi</strong></span> <span class='ocrx_word' id='word_1_431' title='bbox 888 4157 1156 4215; x_wconf 82' lang='lat' dir='ltr'><strong>desolacio</strong></span> <span class='ocrx_word' id='word_1_432' title='bbox 1178 4155 1438 4221; x_wconf 47' lang='lat' dir='ltr'><strong>tunc‘cst,</strong></span> <span class='ocrx_word' id='word_1_433' title='bbox 1463 4167 1557 4212; x_wconf 90' lang='lat' dir='ltr'><strong>aut</strong></span> <span class='ocrx_word' id='word_1_434' title='bbox 1581 4156 1791 4212; x_wconf 80' lang='lat' dir='ltr'><strong>facinus</strong></span> <span class='ocrx_word' id='word_1_435' title='bbox 1836 4158 2094 4219; x_wconf 53' lang='lat' dir='ltr'><strong>subsecu-e</strong></span> 
     </span>
    </p>
   </div>
   <div class='ocr_carea' id='block_1_61' title="bbox 514 4248 2091 4321">
    <p class='ocr_par' dir='ltr' id='par_1_61' title="bbox 514 4248 2091 4321">
     <span class='ocr_line' id='line_1_61' title="bbox 514 4248 2091 4321; baseline 0.003 -22"><span class='ocrx_word' id='word_1_436' title='bbox 514 4257 695 4301; x_wconf 88' lang='lat' dir='ltr'><strong>turum</strong></span> <span class='ocrx_word' id='word_1_437' title='bbox 727 4258 809 4305; x_wconf 81' lang='lat' dir='ltr'><strong>est</strong></span> <span class='ocrx_word' id='word_1_438' title='bbox 842 4249 923 4302; x_wconf 83' lang='lat' dir='ltr'><strong>vel</strong></span> <span class='ocrx_word' id='word_1_439' title='bbox 945 4249 1124 4319; x_wconf 88' lang='lat' dir='ltr'><strong>aliqua</strong></span> <span class='ocrx_word' id='word_1_440' title='bbox 1149 4248 1416 4321; x_wconf 88' lang='lat' dir='ltr'><strong>mutacio,_</strong></span> <span class='ocrx_word' id='word_1_441' title='bbox 1439 4248 1561 4304; x_wconf 86' lang='lat' dir='ltr'><strong>talis</strong></span> <span class='ocrx_word' id='word_1_442' title='bbox 1586 4264 1696 4304; x_wconf 88' lang='lat' dir='ltr'><strong>rem</strong></span> <span class='ocrx_word' id='word_1_443' title='bbox 1741 4250 2091 4318; x_wconf 88' lang='lat' dir='ltr'><strong>preceditin-</strong></span> 
     </span>
    </p>
   </div>
   <div class='ocr_carea' id='block_1_62' title="bbox 2184 1768 2727 1842">
    <p class='ocr_par' dir='ltr' id='par_1_62' title="bbox 2184 1768 2727 1842">
     <span class='ocr_line' id='line_1_62' title="bbox 2184 1768 2727 1842; baseline 0.002 -20"><span class='ocrx_word' id='word_1_444' title='bbox 2184 1768 2359 1842; x_wconf 78' lang='lat' dir='ltr'><strong>(Psal.</strong></span> <span class='ocrx_word' id='word_1_445' title='bbox 2387 1784 2542 1833; x_wconf 75' lang='lat' dir='ltr'><strong>cxnt,</strong></span> <span class='ocrx_word' id='word_1_446' title='bbox 2566 1768 2622 1835; x_wconf 70' lang='grc' dir='ltr'><strong>ι,</strong></span> <span class='ocrx_word' id='word_1_447' title='bbox 2647 1770 2727 1837; x_wconf 88' lang='grc'><strong>8).</strong></span> 
     </span>
    </p>
   </div>
   <div class='ocr_carea' id='block_1_63' title="bbox 2252 1858 3791 1931">
    <p class='ocr_par' dir='ltr' id='par_1_63' title="bbox 2252 1858 3791 1931">
     <span class='ocr_line' id='line_1_63' title="bbox 2252 1858 3791 1931; baseline 0 -16"><span class='ocrx_word' id='word_1_448' title='bbox 2252 1859 2341 1915; x_wconf 80' lang='grc'><strong>51.</strong></span> <span class='ocrx_word' id='word_1_449' title='bbox 2384 1858 2519 1926; x_wconf 88' lang='lat' dir='ltr'><strong>Quia</strong></span> <span class='ocrx_word' id='word_1_450' title='bbox 2554 1860 2645 1891; x_wconf 73' lang='grc' dir='ltr'><strong>ι⁷⁶⁶</strong></span> <span class='ocrx_word' id='word_1_451' title='bbox 2671 1875 2799 1915; x_wconf 87' lang='lat' dir='ltr'><strong>vero</strong></span> <span class='ocrx_word' id='word_1_452' title='bbox 2828 1876 2989 1918; x_wconf 90' lang='lat' dir='ltr'><strong>omne</strong></span> <span class='ocrx_word' id='word_1_453' title='bbox 3015 1877 3197 1923; x_wconf 85' lang='lat' dir='ltr'><strong>rarum</strong></span> <span class='ocrx_word' id='word_1_454' title='bbox 3230 1871 3317 1918; x_wconf 90' lang='lat' dir='ltr'><strong>est</strong></span> <span class='ocrx_word' id='word_1_455' title='bbox 3366 1863 3562 1931; x_wconf 87' lang='lat' dir='ltr'><strong>utique</strong></span> <span class='ocrx_word' id='word_1_456' title='bbox 3610 1861 3791 1916; x_wconf 48' lang='lat' dir='ltr'><strong>adrui-</strong></span> 
     </span>
    </p>
   </div>
   <div class='ocr_carea' id='block_1_64' title="bbox 2184 1948 3792 2027">
    <p class='ocr_par' dir='ltr' id='par_1_64' title="bbox 2184 1948 3792 2027">
     <span class='ocr_line' id='line_1_64' title="bbox 2184 1948 3792 2027; baseline -0.002 -16"><span class='ocrx_word' id='word_1_457' title='bbox 2184 1955 2412 2011; x_wconf 87' lang='lat' dir='ltr'><strong>randum</strong></span> <span class='ocrx_word' id='word_1_458' title='bbox 2453 1970 2517 2010; x_wconf 91' lang='lat' dir='ltr'><strong>ac</strong></span> <span class='ocrx_word' id='word_1_459' title='bbox 2556 1948 2782 2026; x_wconf 83' lang='lat' dir='ltr'><strong>persepe</strong></span> <span class='ocrx_word' id='word_1_460' title='bbox 2834 1964 2892 2009; x_wconf 90' lang='lat' dir='ltr'><strong>ut</strong></span> <span class='ocrx_word' id='word_1_461' title='bbox 2936 1965 3185 2026; x_wconf 89' lang='lat' dir='ltr'><strong>portenta</strong></span> <span class='ocrx_word' id='word_1_462' title='bbox 3232 1955 3604 2027; x_wconf 88' lang='lat' dir='ltr'><strong>stupendum,</strong></span> <span class='ocrx_word' id='word_1_463' title='bbox 3656 1955 3792 2008; x_wconf 81' lang='lat' dir='ltr'><strong>ideo</strong></span> 
     </span>
    </p>
   </div>
   <div class='ocr_carea' id='block_1_65' title="bbox 2184 2043 3785 2125">
    <p class='ocr_par' dir='ltr' id='par_1_65' title="bbox 2184 2043 3785 2125">
     <span class='ocr_line' id='line_1_65' title="bbox 2184 2043 3785 2125; baseline -0.001 -26"><span class='ocrx_word' id='word_1_464' title='bbox 2184 2044 2455 2116; x_wconf 87' lang='lat' dir='ltr'><strong>quandam</strong></span> <span class='ocrx_word' id='word_1_465' title='bbox 2496 2059 2628 2109; x_wconf 85' lang='lat' dir='ltr'><strong>rem,</strong></span> <span class='ocrx_word' id='word_1_466' title='bbox 2684 2060 2805 2114; x_wconf 63' lang='lat' dir='ltr'><strong>qua:</strong></span> <span class='ocrx_word' id='word_1_467' title='bbox 2863 2044 2917 2099; x_wconf 90' lang='lat' dir='ltr'><strong>in</strong></span> <span class='ocrx_word' id='word_1_468' title='bbox 2968 2046 3170 2100; x_wconf 80' lang='lat' dir='ltr'><strong>nostris</strong></span> <span class='ocrx_word' id='word_1_469' title='bbox 3208 2046 3389 2110; x_wconf 85' lang='lat' dir='ltr'><strong>evenit</strong></span> <span class='ocrx_word' id='word_1_470' title='bbox 3419 2043 3785 2125; x_wconf 80' lang='lat' dir='ltr'><strong>temporibus,</strong></span> 
     </span>
    </p>
   </div>
   <div class='ocr_carea' id='block_1_66' title="bbox 2186 2136 3780 2209">
    <p class='ocr_par' dir='ltr' id='par_1_66' title="bbox 2186 2136 3780 2209">
     <span class='ocr_line' id='line_1_66' title="bbox 2186 2136 3780 2209; baseline -0.004 -14"><span class='ocrx_word' id='word_1_471' title='bbox 2186 2139 2437 2209; x_wconf 85' lang='lat' dir='ltr'><strong>explano.</strong></span> <span class='ocrx_word' id='word_1_472' title='bbox 2478 2137 2837 2194; x_wconf 88' lang='lat' dir='ltr'><strong>Sereuissimo</strong></span> <span class='ocrx_word' id='word_1_473' title='bbox 2866 2154 2997 2209; x_wconf 85' lang='lat' dir='ltr'><strong>rege</strong></span> <span class='ocrx_word' id='word_1_474' title='bbox 3021 2137 3275 2193; x_wconf 82' lang='lat' dir='ltr'><strong>lleinrico</strong></span> <span class='ocrx_word' id='word_1_475' title='bbox 3306 2147 3437 2193; x_wconf 82' lang='lat' dir='ltr'><strong>tunc</strong></span> <span class='ocrx_word' id='word_1_476' title='bbox 3457 2137 3555 2169; x_wconf 79' lang='grc'><strong>¹⁷⁶⁷</strong></span> <span class='ocrx_word' id='word_1_477' title='bbox 3596 2136 3780 2190; x_wconf 84' lang='lat' dir='ltr'><strong>domi-</strong></span> 
     </span>
    </p>
   </div>
   <div class='ocr_carea' id='block_1_67' title="bbox 2190 2227 3790 2303">
    <p class='ocr_par' dir='ltr' id='par_1_67' title="bbox 2190 2227 3790 2303">
     <span class='ocr_line' id='line_1_67' title="bbox 2190 2227 3790 2303; baseline -0.005 -15"><span class='ocrx_word' id='word_1_478' title='bbox 2190 2234 2375 2294; x_wconf 80' lang='lat' dir='ltr'><strong>nante,</strong></span> <span class='ocrx_word' id='word_1_479' title='bbox 2426 2246 2489 2287; x_wconf 87' lang='lat' dir='ltr'><strong>ac</strong></span> <span class='ocrx_word' id='word_1_480' title='bbox 2516 2230 2800 2303; x_wconf 85' lang='lat' dir='ltr'><strong>Wigberto</strong></span> <span class='ocrx_word' id='word_1_481' title='bbox 2838 2240 3186 2286; x_wconf 75' lang='lat' dir='ltr'><strong>antecessura</strong></span> <span class='ocrx_word' id='word_1_482' title='bbox 3234 2245 3356 2285; x_wconf 89' lang='lat' dir='ltr'><strong>meo</strong></span> <span class='ocrx_word' id='word_1_483' title='bbox 3408 2229 3676 2299; x_wconf 81' lang='lat' dir='ltr'><strong>vigente,</strong></span> <span class='ocrx_word' id='word_1_484' title='bbox 3730 2227 3790 2280; x_wconf 83' lang='lat' dir='ltr'><strong>in</strong></span> 
     </span>
    </p>
   </div>
   <div class='ocr_carea' id='block_1_68' title="bbox 2191 2320 3791 2394">
    <p class='ocr_par' dir='ltr' id='par_1_68' title="bbox 2191 2320 3791 2394">
     <span class='ocr_line' id='line_1_68' title="bbox 2191 2320 3791 2394; baseline -0.004 -16"><span class='ocrx_word' id='word_1_485' title='bbox 2191 2323 2315 2380; x_wconf 86' lang='lat' dir='ltr'><strong>villa</strong></span> <span class='ocrx_word' id='word_1_486' title='bbox 2357 2322 2449 2355; x_wconf 64' lang='lat'><strong>&quot;6°</strong></span> <span class='ocrx_word' id='word_1_487' title='bbox 2501 2322 2731 2394; x_wconf 88' lang='lat' dir='ltr'><strong>quadam</strong></span> <span class='ocrx_word' id='word_1_488' title='bbox 2762 2321 2961 2377; x_wconf 79' lang='lat' dir='ltr'><strong>Rotlizi</strong></span> <span class='ocrx_word' id='word_1_489' title='bbox 2987 2322 3079 2353; x_wconf 69' lang='grc' dir='ltr'><strong>ιη’</strong></span> <span class='ocrx_word' id='word_1_490' title='bbox 3133 2320 3281 2392; x_wconf 68' lang='grc'><strong>(942)</strong></span> <span class='ocrx_word' id='word_1_491' title='bbox 3319 2321 3491 2385; x_wconf 89' lang='lat' dir='ltr'><strong>dicta,</strong></span> <span class='ocrx_word' id='word_1_492' title='bbox 3542 2334 3715 2390; x_wconf 85' lang='lat' dir='ltr'><strong>quam</strong></span> <span class='ocrx_word' id='word_1_493' title='bbox 3757 2333 3791 2371; x_wconf 82' lang='lat' dir='ltr'><strong>a</strong></span> 
     </span>
    </p>
   </div>
   <div class='ocr_carea' id='block_1_69' title="bbox 2190 2410 3789 2484">
    <p class='ocr_par' dir='ltr' id='par_1_69' title="bbox 2190 2410 3789 2484">
     <span class='ocr_line' id='line_1_69' title="bbox 2190 2410 3789 2484; baseline -0.005 -12"><span class='ocrx_word' id='word_1_494' title='bbox 2190 2426 2438 2473; x_wconf 89' lang='lat' dir='ltr'><strong>matrona</strong></span> <span class='ocrx_word' id='word_1_495' title='bbox 2492 2415 2789 2472; x_wconf 87' lang='lat' dir='ltr'><strong>venerabili</strong></span> <span class='ocrx_word' id='word_1_496' title='bbox 2837 2415 2948 2480; x_wconf 89' lang='lat' dir='ltr'><strong>lda,</strong></span> <span class='ocrx_word' id='word_1_497' title='bbox 2998 2431 3138 2470; x_wconf 90' lang='lat' dir='ltr'><strong>nuru</strong></span> <span class='ocrx_word' id='word_1_498' title='bbox 3191 2413 3352 2484; x_wconf 90' lang='lat' dir='ltr'><strong>primi</strong></span> <span class='ocrx_word' id='word_1_499' title='bbox 3376 2411 3598 2469; x_wconf 88' lang='lat' dir='ltr'><strong>Ottonis</strong></span> <span class='ocrx_word' id='word_1_500' title='bbox 3629 2410 3789 2483; x_wconf 60' lang='lat'><strong>(943)</strong></span> 
     </span>
    </p>
   </div>
   <div class='ocr_carea' id='block_1_70' title="bbox 2201 2499 3791 2575">
    <p class='ocr_par' dir='ltr' id='par_1_70' title="bbox 2201 2499 3791 2575">
     <span class='ocr_line' id='line_1_70' title="bbox 2201 2499 3791 2575; baseline -0.005 -12"><span class='ocrx_word' id='word_1_501' title='bbox 2201 2516 2402 2562; x_wconf 82' lang='lat' dir='ltr'><strong>nostrae</strong></span> <span class='ocrx_word' id='word_1_502' title='bbox 2434 2506 2685 2561; x_wconf 86' lang='lat' dir='ltr'><strong>traditam</strong></span> <span class='ocrx_word' id='word_1_503' title='bbox 2716 2504 2993 2571; x_wconf 70' lang='lat' dir='ltr'><strong>aecelesiae,</strong></span> <span class='ocrx_word' id='word_1_504' title='bbox 3022 2502 3167 2559; x_wconf 87' lang='lat' dir='ltr'><strong>Gezo</strong></span> <span class='ocrx_word' id='word_1_505' title='bbox 3200 2503 3510 2575; x_wconf 85' lang='lat' dir='ltr'><strong>prepositus</strong></span> <span class='ocrx_word' id='word_1_506' title='bbox 3533 2511 3667 2557; x_wconf 87' lang='lat' dir='ltr'><strong>tunc</strong></span> <span class='ocrx_word' id='word_1_507' title='bbox 3692 2499 3791 2530; x_wconf 69' lang='grc' dir='ltr'><strong>’π’</strong></span> 
     </span>
    </p>
   </div>
   <div class='ocr_carea' id='block_1_71' title="bbox 2193 2594 3791 2667">
    <p class='ocr_par' dir='ltr' id='par_1_71' title="bbox 2193 2594 3791 2667">
     <span class='ocr_line' id='line_1_71' title="bbox 2193 2594 3791 2667; baseline -0.005 -12"><span class='ocrx_word' id='word_1_508' title='bbox 2193 2602 2247 2656; x_wconf 89' lang='lat' dir='ltr'><strong>in</strong></span> <span class='ocrx_word' id='word_1_509' title='bbox 2281 2599 2603 2656; x_wconf 88' lang='lat' dir='ltr'><strong>beneﬁcium</strong></span> <span class='ocrx_word' id='word_1_510' title='bbox 2638 2599 2831 2667; x_wconf 87' lang='lat' dir='ltr'><strong>tenuit,</strong></span> <span class='ocrx_word' id='word_1_511' title='bbox 2862 2598 3001 2654; x_wconf 85' lang='lat' dir='ltr'><strong>sicut</strong></span> <span class='ocrx_word' id='word_1_512' title='bbox 3028 2597 3096 2654; x_wconf 88' lang='lat' dir='ltr'><strong>ab</strong></span> <span class='ocrx_word' id='word_1_513' title='bbox 3126 2612 3192 2654; x_wconf 92' lang='lat' dir='ltr'><strong>eo</strong></span> <span class='ocrx_word' id='word_1_514' title='bbox 3214 2597 3487 2653; x_wconf 87' lang='lat' dir='ltr'><strong>veraciter</strong></span> <span class='ocrx_word' id='word_1_515' title='bbox 3514 2594 3791 2665; x_wconf 84' lang='lat' dir='ltr'><strong>comperi,</strong></span> 
     </span>
    </p>
   </div>
   <div class='ocr_carea' id='block_1_72' title="bbox 2195 2689 3790 2757">
    <p class='ocr_par' dir='ltr' id='par_1_72' title="bbox 2195 2689 3790 2757">
     <span class='ocr_line' id='line_1_72' title="bbox 2195 2689 3790 2757; baseline -0.003 -11"><span class='ocrx_word' id='word_1_516' title='bbox 2195 2693 2411 2748; x_wconf 87' lang='lat' dir='ltr'><strong>accidit.</strong></span> <span class='ocrx_word' id='word_1_517' title='bbox 2448 2692 2505 2747; x_wconf 84' lang='lat' dir='ltr'><strong>in</strong></span> <span class='ocrx_word' id='word_1_518' title='bbox 2540 2707 2716 2751; x_wconf 84' lang='lat' dir='ltr'><strong>messe</strong></span> <span class='ocrx_word' id='word_1_519' title='bbox 2770 2690 3064 2757; x_wconf 86' lang='lat' dir='ltr'><strong>laboriosa,</strong></span> <span class='ocrx_word' id='word_1_520' title='bbox 3118 2704 3241 2745; x_wconf 89' lang='lat' dir='ltr'><strong>cum</strong></span> <span class='ocrx_word' id='word_1_521' title='bbox 3289 2690 3346 2745; x_wconf 90' lang='lat' dir='ltr'><strong>in</strong></span> <span class='ocrx_word' id='word_1_522' title='bbox 3405 2703 3517 2745; x_wconf 76' lang='lat' dir='ltr'><strong>una</strong></span> <span class='ocrx_word' id='word_1_523' title='bbox 3568 2689 3790 2743; x_wconf 84' lang='lat' dir='ltr'><strong>dierum</strong></span> 
     </span>
    </p>
   </div>
   <div class='ocr_carea' id='block_1_73' title="bbox 2190 2778 3791 2854">
    <p class='ocr_par' dir='ltr' id='par_1_73' title="bbox 2190 2778 3791 2854">
     <span class='ocr_line' id='line_1_73' title="bbox 2190 2778 3791 2854; baseline -0.004 -15"><span class='ocrx_word' id='word_1_524' title='bbox 2190 2783 2425 2854; x_wconf 87' lang='lat' dir='ltr'><strong>operarii</strong></span> <span class='ocrx_word' id='word_1_525' title='bbox 2472 2782 2716 2853; x_wconf 89' lang='lat' dir='ltr'><strong>ejusdem</strong></span> <span class='ocrx_word' id='word_1_526' title='bbox 2760 2782 2874 2851; x_wconf 89' lang='lat' dir='ltr'><strong>jam</strong></span> <span class='ocrx_word' id='word_1_527' title='bbox 2916 2782 3047 2837; x_wconf 85' lang='lat' dir='ltr'><strong>lassi</strong></span> <span class='ocrx_word' id='word_1_528' title='bbox 3104 2796 3163 2837; x_wconf 87' lang='lat' dir='ltr'><strong>se</strong></span> <span class='ocrx_word' id='word_1_529' title='bbox 3196 2780 3499 2837; x_wconf 86' lang='lat' dir='ltr'><strong>voluissent</strong></span> <span class='ocrx_word' id='word_1_530' title='bbox 3528 2778 3791 2845; x_wconf 84' lang='lat' dir='ltr'><strong>reﬁcere,</strong></span> 
     </span>
    </p>
   </div>
   <div class='ocr_carea' id='block_1_74' title="bbox 2191 2872 3789 2948">
    <p class='ocr_par' dir='ltr' id='par_1_74' title="bbox 2191 2872 3789 2948">
     <span class='ocr_line' id='line_1_74' title="bbox 2191 2872 3789 2948; baseline -0.003 -18"><span class='ocrx_word' id='word_1_531' title='bbox 2191 2892 2385 2948; x_wconf 88' lang='lat' dir='ltr'><strong>panem</strong></span> <span class='ocrx_word' id='word_1_532' title='bbox 2414 2876 2667 2947; x_wconf 89' lang='lat' dir='ltr'><strong>primitus</strong></span> <span class='ocrx_word' id='word_1_533' title='bbox 2702 2876 2932 2931; x_wconf 89' lang='lat' dir='ltr'><strong>incisum</strong></span> <span class='ocrx_word' id='word_1_534' title='bbox 2962 2875 3281 2947; x_wconf 88' lang='lat' dir='ltr'><strong>sanguinem</strong></span> <span class='ocrx_word' id='word_1_535' title='bbox 3323 2875 3585 2928; x_wconf 87' lang='lat' dir='ltr'><strong>viderunt</strong></span> <span class='ocrx_word' id='word_1_536' title='bbox 3612 2872 3789 2927; x_wconf 65' lang='lat' dir='ltr'><strong>etian-</strong></span> 
     </span>
    </p>
   </div>
   <div class='ocr_carea' id='block_1_75' title="bbox 2192 2965 3791 3045">
    <p class='ocr_par' dir='ltr' id='par_1_75' title="bbox 2192 2965 3791 3045">
     <span class='ocr_line' id='line_1_75' title="bbox 2192 2965 3791 3045; baseline -0.004 -21"><span class='ocrx_word' id='word_1_537' title='bbox 2192 2970 2357 3035; x_wconf 69' lang='lat' dir='ltr'><strong>dere;</strong></span> <span class='ocrx_word' id='word_1_538' title='bbox 2389 2970 2552 3038; x_wconf 87' lang='lat' dir='ltr'><strong>idque</strong></span> <span class='ocrx_word' id='word_1_539' title='bbox 2580 2966 2931 3035; x_wconf 84' lang='lat' dir='ltr'><strong>admirantes,</strong></span> <span class='ocrx_word' id='word_1_540' title='bbox 2964 2966 3166 3034; x_wconf 86' lang='lat' dir='ltr'><strong>seniori</strong></span> <span class='ocrx_word' id='word_1_541' title='bbox 3213 2980 3313 3021; x_wconf 86' lang='lat' dir='ltr'><strong>suo</strong></span> <span class='ocrx_word' id='word_1_542' title='bbox 3355 2965 3791 3045; x_wconf 68' lang='lat' dir='ltr'><strong>concivibusque</strong></span> 
     </span>
    </p>
   </div>
   <div class='ocr_carea' id='block_1_76' title="bbox 2192 3054 3790 3137">
    <p class='ocr_par' dir='ltr' id='par_1_76' title="bbox 2192 3054 3790 3137">
     <span class='ocr_line' id='line_1_76' title="bbox 2192 3054 3790 3137; baseline -0.005 -23"><span class='ocrx_word' id='word_1_543' title='bbox 2192 3060 2498 3115; x_wconf 77' lang='lat' dir='ltr'><strong>ostendunt.</strong></span> <span class='ocrx_word' id='word_1_544' title='bbox 2531 3059 2592 3130; x_wconf 86' lang='lat' dir='ltr'><strong>(f.</strong></span> <span class='ocrx_word' id='word_1_545' title='bbox 2620 3058 2763 3130; x_wconf 74' lang='lat'><strong>173&#39;)</strong></span> <span class='ocrx_word' id='word_1_546' title='bbox 2788 3058 2958 3137; x_wconf 22' lang='lat' dir='ltr'><strong>Et,‘ut</strong></span> <span class='ocrx_word' id='word_1_547' title='bbox 2983 3071 3125 3123; x_wconf 89' lang='lat' dir='ltr'><strong>reor,</strong></span> <span class='ocrx_word' id='word_1_548' title='bbox 3145 3056 3250 3112; x_wconf 86' lang='lat' dir='ltr'><strong>hoc</strong></span> <span class='ocrx_word' id='word_1_549' title='bbox 3277 3055 3589 3135; x_wconf 83' lang='lat' dir='ltr'><strong>prodigium</strong></span> <span class='ocrx_word' id='word_1_550' title='bbox 3618 3054 3790 3108; x_wconf 79' lang='lat' dir='ltr'><strong>futuri</strong></span> 
     </span>
    </p>
   </div>
   <div class='ocr_carea' id='block_1_77' title="bbox 2195 3146 3788 3224">
    <p class='ocr_par' dir='ltr' id='par_1_77' title="bbox 2195 3146 3788 3224">
     <span class='ocr_line' id='line_1_77' title="bbox 2195 3146 3788 3224; baseline -0.006 -15"><span class='ocrx_word' id='word_1_551' title='bbox 2195 3154 2398 3209; x_wconf 72' lang='lat' dir='ltr'><strong>exitum</strong></span> <span class='ocrx_word' id='word_1_552' title='bbox 2451 3152 2576 3208; x_wconf 83' lang='lat' dir='ltr'><strong>belli</strong></span> <span class='ocrx_word' id='word_1_553' title='bbox 2601 3167 2665 3208; x_wconf 88' lang='lat' dir='ltr'><strong>ac</strong></span> <span class='ocrx_word' id='word_1_554' title='bbox 2692 3152 2745 3224; x_wconf 85' lang='lat' dir='ltr'><strong>in</strong></span> <span class='ocrx_word' id='word_1_555' title='bbox 2776 3165 2841 3206; x_wconf 88' lang='lat' dir='ltr'><strong>eo</strong></span> <span class='ocrx_word' id='word_1_556' title='bbox 2871 3150 3163 3206; x_wconf 88' lang='lat' dir='ltr'><strong>multorum</strong></span> <span class='ocrx_word' id='word_1_557' title='bbox 3209 3146 3462 3204; x_wconf 76' lang='lat' dir='ltr'><strong>cruorem</strong></span> <span class='ocrx_word' id='word_1_558' title='bbox 3499 3146 3788 3217; x_wconf 79' lang='lat' dir='ltr'><strong>hominum</strong></span> 
     </span>
    </p>
   </div>
   <div class='ocr_carea' id='block_1_78' title="bbox 2193 3238 3787 3314">
    <p class='ocr_par' dir='ltr' id='par_1_78' title="bbox 2193 3238 3787 3314">
     <span class='ocr_line' id='line_1_78' title="bbox 2193 3238 3787 3314; baseline -0.005 -17"><span class='ocrx_word' id='word_1_559' title='bbox 2193 3243 2525 3314; x_wconf 82' lang='lat' dir='ltr'><strong>presignavit</strong></span> <span class='ocrx_word' id='word_1_560' title='bbox 2584 3250 2984 3297; x_wconf 87' lang='lat' dir='ltr'><strong>emanaturum.</strong></span> <span class='ocrx_word' id='word_1_561' title='bbox 3042 3238 3282 3295; x_wconf 80' lang='lat' dir='ltr'><strong>Alteram</strong></span> <span class='ocrx_word' id='word_1_562' title='bbox 3349 3252 3571 3308; x_wconf 85' lang='lat' dir='ltr'><strong>quoque</strong></span> <span class='ocrx_word' id='word_1_563' title='bbox 3637 3252 3787 3300; x_wconf 89' lang='lat' dir='ltr'><strong>rem,</strong></span> 
     </span>
    </p>
   </div>
   <div class='ocr_carea' id='block_1_79' title="bbox 2195 3326 3785 3405">
    <p class='ocr_par' dir='ltr' id='par_1_79' title="bbox 2195 3326 3785 3405">
     <span class='ocr_line' id='line_1_79' title="bbox 2195 3326 3785 3405; baseline -0.006 -16"><span class='ocrx_word' id='word_1_564' title='bbox 2195 3334 2442 3405; x_wconf 87' lang='lat' dir='ltr'><strong>quamvis</strong></span> <span class='ocrx_word' id='word_1_565' title='bbox 2494 3332 2664 3388; x_wconf 80' lang='lat' dir='ltr'><strong>multo</strong></span> <span class='ocrx_word' id='word_1_566' title='bbox 2715 3331 3159 3396; x_wconf 85' lang='lat' dir='ltr'><strong>laudabiliorem,</strong></span> <span class='ocrx_word' id='word_1_567' title='bbox 3222 3337 3402 3384; x_wconf 84' lang='lat' dir='ltr'><strong>tamen</strong></span> <span class='ocrx_word' id='word_1_568' title='bbox 3472 3326 3785 3383; x_wconf 71' lang='lat' dir='ltr'><strong>mirabilem</strong></span> 
     </span>
    </p>
   </div>
   <div class='ocr_carea' id='block_1_80' title="bbox 2196 3417 3786 3496">
    <p class='ocr_par' dir='ltr' id='par_1_80' title="bbox 2196 3417 3786 3496">
     <span class='ocr_line' id='line_1_80' title="bbox 2196 3417 3786 3496; baseline -0.005 -16"><span class='ocrx_word' id='word_1_569' title='bbox 2196 3425 2579 3494; x_wconf 80' lang='lat' dir='ltr'><strong>memoriaeque</strong></span> <span class='ocrx_word' id='word_1_570' title='bbox 2628 3424 2843 3496; x_wconf 88' lang='lat' dir='ltr'><strong>dignam</strong></span> <span class='ocrx_word' id='word_1_571' title='bbox 2890 3422 3158 3478; x_wconf 87' lang='lat' dir='ltr'><strong>describo.</strong></span> <span class='ocrx_word' id='word_1_572' title='bbox 3204 3420 3262 3487; x_wconf 82' lang='lat' dir='ltr'><strong>In</strong></span> <span class='ocrx_word' id='word_1_573' title='bbox 3313 3434 3442 3475; x_wconf 88' lang='lat' dir='ltr'><strong>arce</strong></span> <span class='ocrx_word' id='word_1_574' title='bbox 3492 3417 3786 3482; x_wconf 78' lang='lat' dir='ltr'><strong>Romulea,</strong></span> 
     </span>
    </p>
   </div>
   <div class='ocr_carea' id='block_1_81' title="bbox 2194 3510 3790 3587">
    <p class='ocr_par' dir='ltr' id='par_1_81' title="bbox 2194 3510 3790 3587">
     <span class='ocr_line' id='line_1_81' title="bbox 2194 3510 3790 3587; baseline -0.006 -15"><span class='ocrx_word' id='word_1_575' title='bbox 2194 3533 2317 3587; x_wconf 73' lang='lat' dir='ltr'><strong>qua:</strong></span> <span class='ocrx_word' id='word_1_576' title='bbox 2336 3516 2577 3571; x_wconf 89' lang='lat' dir='ltr'><strong>omnium</strong></span> <span class='ocrx_word' id='word_1_577' title='bbox 2600 3526 2684 3571; x_wconf 83' lang='lat' dir='ltr'><strong>est</strong></span> <span class='ocrx_word' id='word_1_578' title='bbox 2712 3515 2884 3586; x_wconf 88' lang='lat' dir='ltr'><strong>capud</strong></span> <span class='ocrx_word' id='word_1_579' title='bbox 2906 3514 3120 3570; x_wconf 90' lang='lat' dir='ltr'><strong>urbium</strong></span> <span class='ocrx_word' id='word_1_580' title='bbox 3144 3514 3213 3569; x_wconf 92' lang='lat' dir='ltr'><strong>ob</strong></span> <span class='ocrx_word' id='word_1_581' title='bbox 3241 3513 3587 3568; x_wconf 83' lang='lat' dir='ltr'><strong>diversarum</strong></span> <span class='ocrx_word' id='word_1_582' title='bbox 3610 3510 3790 3580; x_wconf 86' lang='lat' dir='ltr'><strong>quali-</strong></span> 
     </span>
    </p>
   </div>
   <div class='ocr_carea' id='block_1_82' title="bbox 2195 3603 3789 3674">
    <p class='ocr_par' dir='ltr' id='par_1_82' title="bbox 2195 3603 3789 3674">
     <span class='ocr_line' id='line_1_82' title="bbox 2195 3603 3789 3674; baseline -0.005 -10"><span class='ocrx_word' id='word_1_583' title='bbox 2195 3619 2360 3664; x_wconf 88' lang='lat' dir='ltr'><strong>tatem</strong></span> <span class='ocrx_word' id='word_1_584' title='bbox 2395 3623 2700 3674; x_wconf 79' lang='lat' dir='ltr'><strong>causarum,</strong></span> <span class='ocrx_word' id='word_1_585' title='bbox 2731 3609 2784 3663; x_wconf 89' lang='lat' dir='ltr'><strong>in</strong></span> <span class='ocrx_word' id='word_1_586' title='bbox 2807 3622 2913 3661; x_wconf 90' lang='lat' dir='ltr'><strong>una</strong></span> <span class='ocrx_word' id='word_1_587' title='bbox 2945 3605 3190 3662; x_wconf 68' lang='lat' dir='ltr'><strong>aacclesia</strong></span> <span class='ocrx_word' id='word_1_588' title='bbox 3217 3613 3271 3659; x_wconf 88' lang='lat' dir='ltr'><strong>et</strong></span> <span class='ocrx_word' id='word_1_589' title='bbox 3299 3604 3354 3659; x_wconf 89' lang='lat' dir='ltr'><strong>in</strong></span> <span class='ocrx_word' id='word_1_590' title='bbox 3378 3603 3611 3659; x_wconf 80' lang='lat' dir='ltr'><strong>dextera</strong></span> <span class='ocrx_word' id='word_1_591' title='bbox 3634 3610 3789 3672; x_wconf 81' lang='lat' dir='ltr'><strong>parte</strong></span> 
     </span>
    </p>
   </div>
   <div class='ocr_carea' id='block_1_83' title="bbox 2196 3695 3787 3770">
    <p class='ocr_par' dir='ltr' id='par_1_83' title="bbox 2196 3695 3787 3770">
     <span class='ocr_line' id='line_1_83' title="bbox 2196 3695 3787 3770; baseline -0.005 -15"><span class='ocrx_word' id='word_1_592' title='bbox 2196 3701 2408 3769; x_wconf 87' lang='lat' dir='ltr'><strong>altaris,</strong></span> <span class='ocrx_word' id='word_1_593' title='bbox 2446 3702 2514 3756; x_wconf 87' lang='lat' dir='ltr'><strong>ab</strong></span> <span class='ocrx_word' id='word_1_594' title='bbox 2561 3716 2667 3755; x_wconf 90' lang='lat' dir='ltr'><strong>uno</strong></span> <span class='ocrx_word' id='word_1_595' title='bbox 2716 3700 3013 3770; x_wconf 89' lang='lat' dir='ltr'><strong>pavimenti</strong></span> <span class='ocrx_word' id='word_1_596' title='bbox 3065 3697 3331 3754; x_wconf 80' lang='lat' dir='ltr'><strong>foramine</strong></span> <span class='ocrx_word' id='word_1_597' title='bbox 3374 3711 3476 3767; x_wconf 91' lang='lat' dir='ltr'><strong>per</strong></span> <span class='ocrx_word' id='word_1_598' title='bbox 3505 3695 3787 3765; x_wconf 84' lang='lat' dir='ltr'><strong>integrum</strong></span> 
     </span>
    </p>
   </div>
   <div class='ocr_carea' id='block_1_84' title="bbox 2196 3784 3781 3861">
    <p class='ocr_par' dir='ltr' id='par_1_84' title="bbox 2196 3784 3781 3861">
     <span class='ocr_line' id='line_1_84' title="bbox 2196 3784 3781 3861; baseline -0.008 -10"><span class='ocrx_word' id='word_1_599' title='bbox 2196 3784 2377 3861; x_wconf 55' lang='lat' dir='ltr'><strong>diem,’</strong></span> <span class='ocrx_word' id='word_1_600' title='bbox 2410 3794 2595 3849; x_wconf 89' lang='lat' dir='ltr'><strong>multis</strong></span> <span class='ocrx_word' id='word_1_601' title='bbox 2646 3793 2751 3849; x_wconf 90' lang='lat' dir='ltr'><strong>hoc</strong></span> <span class='ocrx_word' id='word_1_602' title='bbox 2801 3791 3151 3848; x_wconf 87' lang='lat' dir='ltr'><strong>cernentibus</strong></span> <span class='ocrx_word' id='word_1_603' title='bbox 3197 3798 3361 3860; x_wconf 90' lang='lat' dir='ltr'><strong>atque</strong></span> <span class='ocrx_word' id='word_1_604' title='bbox 3409 3786 3781 3858; x_wconf 89' lang='lat' dir='ltr'><strong>stupentibus,</strong></span> 
     </span>
    </p>
   </div>
   <div class='ocr_carea' id='block_1_85' title="bbox 2194 3875 3785 3954">
    <p class='ocr_par' dir='ltr' id='par_1_85' title="bbox 2194 3875 3785 3954">
     <span class='ocr_line' id='line_1_85' title="bbox 2194 3875 3785 3954; baseline -0.008 -13"><span class='ocrx_word' id='word_1_605' title='bbox 2194 3885 2372 3941; x_wconf 88' lang='lat' dir='ltr'><strong>oleum</strong></span> <span class='ocrx_word' id='word_1_606' title='bbox 2407 3875 2699 3941; x_wconf 72' lang='lat' dir='ltr'><strong>emanavit.</strong></span> <span class='ocrx_word' id='word_1_607' title='bbox 2742 3882 2913 3954; x_wconf 83' lang='lat' dir='ltr'><strong>Hujus</strong></span> <span class='ocrx_word' id='word_1_608' title='bbox 2951 3890 3163 3953; x_wconf 87' lang='lat' dir='ltr'><strong>partem</strong></span> <span class='ocrx_word' id='word_1_609' title='bbox 3201 3880 3479 3938; x_wconf 85' lang='lat' dir='ltr'><strong>Jobannes</strong></span> <span class='ocrx_word' id='word_1_610' title='bbox 3511 3875 3785 3935; x_wconf 79' lang='lat' dir='ltr'><strong>Crecentii</strong></span> 
     </span>
    </p>
   </div>
   <div class='ocr_carea' id='block_1_86' title="bbox 2194 3968 3785 4047">
    <p class='ocr_par' dir='ltr' id='par_1_86' title="bbox 2194 3968 3785 4047">
     <span class='ocr_line' id='line_1_86' title="bbox 2194 3968 3785 4047; baseline -0.008 -15"><span class='ocrx_word' id='word_1_611' title='bbox 2194 3978 2337 4032; x_wconf 75' lang='lat' dir='ltr'><strong>illius</strong></span> <span class='ocrx_word' id='word_1_612' title='bbox 2378 3976 2433 4031; x_wconf 90' lang='lat' dir='ltr'><strong>in</strong></span> <span class='ocrx_word' id='word_1_613' title='bbox 2479 3975 2721 4047; x_wconf 80' lang='lat' dir='ltr'><strong>amputa</strong></span> <span class='ocrx_word' id='word_1_614' title='bbox 2749 3975 2981 4044; x_wconf 87' lang='lat' dir='ltr'><strong>quadam</strong></span> <span class='ocrx_word' id='word_1_615' title='bbox 3025 3972 3283 4028; x_wconf 80' lang='lat' dir='ltr'><strong>Heinrico</strong></span> <span class='ocrx_word' id='word_1_616' title='bbox 3333 3968 3543 4025; x_wconf 89' lang='lat' dir='ltr'><strong>seniori</strong></span> <span class='ocrx_word' id='word_1_617' title='bbox 3580 3982 3686 4023; x_wconf 89' lang='lat' dir='ltr'><strong>suo</strong></span> <span class='ocrx_word' id='word_1_618' title='bbox 3732 3975 3785 4018; x_wconf 88' lang='lat' dir='ltr'><strong>et</strong></span> 
     </span>
    </p>
   </div>
   <div class='ocr_carea' id='block_1_87' title="bbox 2195 4058 3785 4139">
    <p class='ocr_par' dir='ltr' id='par_1_87' title="bbox 2195 4058 3785 4139">
     <span class='ocr_line' id='line_1_87' title="bbox 2195 4058 3785 4139; baseline -0.008 -17"><span class='ocrx_word' id='word_1_619' title='bbox 2195 4077 2325 4124; x_wconf 89' lang='lat' dir='ltr'><strong>tunc</strong></span> <span class='ocrx_word' id='word_1_620' title='bbox 2348 4066 2462 4139; x_wconf 87' lang='lat' dir='ltr'><strong>regi</strong></span> <span class='ocrx_word' id='word_1_621' title='bbox 2490 4074 2678 4121; x_wconf 89' lang='lat' dir='ltr'><strong>nostro</strong></span> <span class='ocrx_word' id='word_1_622' title='bbox 2709 4063 3033 4129; x_wconf 88' lang='lat' dir='ltr'><strong>transmisit,</strong></span> <span class='ocrx_word' id='word_1_623' title='bbox 3063 4069 3119 4117; x_wconf 88' lang='lat' dir='ltr'><strong>et</strong></span> <span class='ocrx_word' id='word_1_624' title='bbox 3140 4060 3269 4132; x_wconf 89' lang='lat' dir='ltr'><strong>quia</strong></span> <span class='ocrx_word' id='word_1_625' title='bbox 3301 4058 3483 4114; x_wconf 89' lang='lat' dir='ltr'><strong>oleum</strong></span> <span class='ocrx_word' id='word_1_626' title='bbox 3509 4071 3660 4112; x_wconf 87' lang='lat' dir='ltr'><strong>nunc</strong></span> <span class='ocrx_word' id='word_1_627' title='bbox 3686 4068 3785 4125; x_wconf 89' lang='lat' dir='ltr'><strong>pro</strong></span> 
     </span>
    </p>
   </div>
   <div class='ocr_carea' id='block_1_88' title="bbox 2195 4150 3784 4232">
    <p class='ocr_par' dir='ltr' id='par_1_88' title="bbox 2195 4150 3784 4232">
     <span class='ocr_line' id='line_1_88' title="bbox 2195 4150 3784 4232; baseline -0.009 -15"><span class='ocrx_word' id='word_1_628' title='bbox 2195 4159 2571 4217; x_wconf 87' lang='lat' dir='ltr'><strong>misericordia</strong></span> <span class='ocrx_word' id='word_1_629' title='bbox 2596 4159 2838 4229; x_wconf 91' lang='lat' dir='ltr'><strong>ponitur,</strong></span> <span class='ocrx_word' id='word_1_630' title='bbox 2874 4166 2935 4211; x_wconf 91' lang='lat' dir='ltr'><strong>ut</strong></span> <span class='ocrx_word' id='word_1_631' title='bbox 2955 4165 3042 4212; x_wconf 89' lang='lat' dir='ltr'><strong>est</strong></span> <span class='ocrx_word' id='word_1_632' title='bbox 3062 4154 3253 4232; x_wconf 48' lang='lat' dir='ltr'><strong>illud;</strong></span> <span class='ocrx_word' id='word_1_633' title='bbox 3287 4151 3481 4219; x_wconf 72' lang='lat' dir='ltr'><strong>Oleum</strong></span> <span class='ocrx_word' id='word_1_634' title='bbox 3517 4150 3586 4211; x_wconf 74' lang='lat' dir='ltr'><strong>de</strong></span> <span class='ocrx_word' id='word_1_635' title='bbox 3612 4151 3784 4219; x_wconf 76' lang='lat' dir='ltr'><strong>capite</strong></span> 
     </span>
    </p>
   </div>
   <div class='ocr_carea' id='block_1_89' title="bbox 2194 4240 3772 4320">
    <p class='ocr_par' dir='ltr' id='par_1_89' title="bbox 2194 4240 3772 4320">
     <span class='ocr_line' id='line_1_89' title="bbox 2194 4240 3772 4320; baseline -0.008 -14"><span class='ocrx_word' id='word_1_636' title='bbox 2194 4262 2284 4307; x_wconf 84' lang='lat' dir='ltr'><strong>tuo</strong></span> <span class='ocrx_word' id='word_1_637' title='bbox 2309 4267 2412 4306; x_wconf 81' lang='lat' dir='ltr'><strong>non</strong></span> <span class='ocrx_word' id='word_1_638' title='bbox 2433 4250 2635 4318; x_wconf 80' lang='lat' dir='ltr'><strong>deﬁciet</strong></span> <span class='ocrx_word' id='word_1_639' title='bbox 2664 4247 2861 4320; x_wconf 84' lang='lat' dir='ltr'><strong>(Eccle.</strong></span> <span class='ocrx_word' id='word_1_640' title='bbox 2897 4263 2976 4313; x_wconf 68' lang='grc' dir='ltr'><strong>ιχ,</strong></span> <span class='ocrx_word' id='word_1_641' title='bbox 3009 4246 3089 4317; x_wconf 88' lang='grc'><strong>8),</strong></span> <span class='ocrx_word' id='word_1_642' title='bbox 3134 4259 3280 4300; x_wconf 88' lang='lat' dir='ltr'><strong>nunc</strong></span> <span class='ocrx_word' id='word_1_643' title='bbox 3299 4258 3400 4314; x_wconf 91' lang='lat' dir='ltr'><strong>pro</strong></span> <span class='ocrx_word' id='word_1_644' title='bbox 3426 4240 3772 4305; x_wconf 83' lang='lat' dir='ltr'><strong>adulacioue,</strong></span> 
     </span>
    </p>
   </div>
   <div class='ocr_carea' id='block_1_90' title="bbox 513 4332 3782 4410">
    <p class='ocr_par' dir='ltr' id='par_1_90' title="bbox 513 4332 3782 4410">
     <span class='ocr_line' id='line_1_90' title="bbox 513 4332 3782 4410; baseline -0.002 -22"><span class='ocrx_word' id='word_1_645' title='bbox 513 4335 656 4397; x_wconf 76' lang='lat' dir='ltr'><strong>dicio</strong></span> <span class='ocrx_word' id='word_1_646' title='bbox 679 4336 789 4388; x_wconf 72' lang='grc'><strong>³⁷⁸³⁵.</strong></span> <span class='ocrx_word' id='word_1_647' title='bbox 819 4335 955 4403; x_wconf 76' lang='lat' dir='ltr'><strong>Quia</strong></span> <span class='ocrx_word' id='word_1_648' title='bbox 986 4338 1142 4394; x_wconf 90' lang='lat' dir='ltr'><strong>nobis</strong></span> <span class='ocrx_word' id='word_1_649' title='bbox 1163 4339 1427 4394; x_wconf 85' lang='lat' dir='ltr'><strong>adherere</strong></span> <span class='ocrx_word' id='word_1_650' title='bbox 1453 4337 1564 4394; x_wconf 83' lang='lat' dir='ltr'><strong>Deo</strong></span> <span class='ocrx_word' id='word_1_651' title='bbox 1593 4346 1650 4393; x_wconf 88' lang='lat' dir='ltr'><strong>et</strong></span> <span class='ocrx_word' id='word_1_652' title='bbox 1674 4352 1823 4408; x_wconf 87' lang='lat' dir='ltr'><strong>spem</strong></span> <span class='ocrx_word' id='word_1_653' title='bbox 1853 4347 2090 4397; x_wconf 86' lang='lat' dir='ltr'><strong>nostram</strong></span> <span class='ocrx_word' id='word_1_654' title='bbox 2120 4351 2171 4410; x_wconf 82' lang='grc' dir='ltr'><strong>Ῑ)</strong></span> <span class='ocrx_word' id='word_1_655' title='bbox 2197 4351 2256 4396; x_wconf 81' lang='grc' dir='ltr'><strong>ιιι</strong></span> <span class='ocrx_word' id='word_1_656' title='bbox 2275 4341 2381 4397; x_wconf 83' lang='lat' dir='ltr'><strong>hoc</strong></span> <span class='ocrx_word' id='word_1_657' title='bbox 2399 4348 2484 4395; x_wconf 87' lang='lat' dir='ltr'><strong>est</strong></span> <span class='ocrx_word' id='word_1_658' title='bbox 2507 4338 2597 4370; x_wconf 83' lang='grc'><strong>¹⁷⁷¹</strong></span> <span class='ocrx_word' id='word_1_659' title='bbox 2627 4354 2642 4393; x_wconf 92' lang='lat'><strong>:</strong></span> <span class='ocrx_word' id='word_1_660' title='bbox 2674 4336 2861 4393; x_wconf 83' lang='lat' dir='ltr'><strong>Oleum</strong></span> <span class='ocrx_word' id='word_1_661' title='bbox 2889 4335 3177 4407; x_wconf 82' lang='lat' dir='ltr'><strong>peccatoris</strong></span> <span class='ocrx_word' id='word_1_662' title='bbox 3206 4349 3311 4386; x_wconf 87' lang='lat' dir='ltr'><strong>non</strong></span> <span class='ocrx_word' id='word_1_663' title='bbox 3335 4332 3614 4401; x_wconf 76' lang='lat' dir='ltr'><strong>inpinguet</strong></span> <span class='ocrx_word' id='word_1_664' title='bbox 3630 4338 3782 4397; x_wconf 66' lang='lat' dir='ltr'><strong>caput</strong></span> 
     </span>
    </p>
   </div>
   <div class='ocr_carea' id='block_1_91' title="bbox 511 4430 2091 4503">
    <p class='ocr_par' dir='ltr' id='par_1_91' title="bbox 511 4430 2091 4503">
     <span class='ocr_line' id='line_1_91' title="bbox 511 4430 2091 4503; baseline 0.004 -23"><span class='ocrx_word' id='word_1_665' title='bbox 511 4442 719 4496; x_wconf 84' lang='lat' dir='ltr'><strong>ponere</strong></span> <span class='ocrx_word' id='word_1_666' title='bbox 773 4430 825 4481; x_wconf 91' lang='lat' dir='ltr'><strong>in</strong></span> <span class='ocrx_word' id='word_1_667' title='bbox 877 4444 942 4485; x_wconf 88' lang='lat' dir='ltr'><strong>eo</strong></span> <span class='ocrx_word' id='word_1_668' title='bbox 989 4430 1187 4485; x_wconf 90' lang='lat' dir='ltr'><strong>bonum</strong></span> <span class='ocrx_word' id='word_1_669' title='bbox 1224 4440 1325 4496; x_wconf 88' lang='lat' dir='ltr'><strong>est,</strong></span> <span class='ocrx_word' id='word_1_670' title='bbox 1374 4446 1798 4503; x_wconf 88' lang='lat' dir='ltr'><strong>prcoccupemus</strong></span> <span class='ocrx_word' id='word_1_671' title='bbox 1847 4441 2091 4489; x_wconf 88' lang='lat' dir='ltr'><strong>sanctam</strong></span> 
     </span>
    </p>
   </div>
   <div class='ocr_carea' id='block_1_92' title="bbox 513 4517 2094 4593">
    <p class='ocr_par' dir='ltr' id='par_1_92' title="bbox 513 4517 2094 4593">
     <span class='ocr_line' id='line_1_92' title="bbox 513 4517 2094 4593; baseline 0.006 -21"><span class='ocrx_word' id='word_1_672' title='bbox 513 4517 710 4573; x_wconf 72' lang='lat' dir='ltr'><strong>faciem</strong></span> <span class='ocrx_word' id='word_1_673' title='bbox 740 4519 855 4590; x_wconf 83' lang='lat' dir='ltr'><strong>ejus</strong></span> <span class='ocrx_word' id='word_1_674' title='bbox 878 4521 1109 4576; x_wconf 81' lang='lat' dir='ltr'><strong>aSsiduis</strong></span> <span class='ocrx_word' id='word_1_675' title='bbox 1135 4524 1408 4593; x_wconf 86' lang='lat' dir='ltr'><strong>precibus,</strong></span> <span class='ocrx_word' id='word_1_676' title='bbox 1439 4532 1519 4590; x_wconf 90' lang='lat' dir='ltr'><strong>ut,</strong></span> <span class='ocrx_word' id='word_1_677' title='bbox 1550 4524 1663 4578; x_wconf 87' lang='lat' dir='ltr'><strong>sive</strong></span> <span class='ocrx_word' id='word_1_678' title='bbox 1691 4524 1894 4593; x_wconf 85' lang='lat' dir='ltr'><strong>aliquid</strong></span> <span class='ocrx_word' id='word_1_679' title='bbox 1940 4527 2094 4582; x_wconf 90' lang='lat' dir='ltr'><strong>nobis</strong></span> 
     </span>
    </p>
   </div>
   <div class='ocr_carea' id='block_1_93' title="bbox 516 4613 2092 4685">
    <p class='ocr_par' dir='ltr' id='par_1_93' title="bbox 516 4613 2092 4685">
     <span class='ocr_line' id='line_1_93' title="bbox 516 4613 2092 4685; baseline 0.004 -18"><span class='ocrx_word' id='word_1_680' title='bbox 516 4613 865 4685; x_wconf 86' lang='lat' dir='ltr'><strong>prcsignetur</strong></span> <span class='ocrx_word' id='word_1_681' title='bbox 887 4614 1000 4670; x_wconf 87' lang='lat' dir='ltr'><strong>sive</strong></span> <span class='ocrx_word' id='word_1_682' title='bbox 1026 4614 1231 4671; x_wconf 87' lang='lat' dir='ltr'><strong>celetur</strong></span> <span class='ocrx_word' id='word_1_683' title='bbox 1256 4617 1346 4648; x_wconf 79' lang='grc'>¹⁷⁶¹</span> <span class='ocrx_word' id='word_1_684' title='bbox 1383 4627 1450 4672; x_wconf 84' lang='lat' dir='ltr'><strong>de</strong></span> <span class='ocrx_word' id='word_1_685' title='bbox 1474 4617 1564 4684; x_wconf 63' lang='lat'><strong>‘7‘?</strong></span> <span class='ocrx_word' id='word_1_686' title='bbox 1587 4617 2092 4674; x_wconf 86' lang='lat' dir='ltr'><strong>misericordissima</strong></span> 
     </span>
    </p>
   </div>
   <div class='ocr_carea' id='block_1_94' title="bbox 2196 4419 3783 4499">
    <p class='ocr_par' dir='ltr' id='par_1_94' title="bbox 2196 4419 3783 4499">
     <span class='ocr_line' id='line_1_94' title="bbox 2196 4419 3783 4499; baseline -0.009 -13"><span class='ocrx_word' id='word_1_687' title='bbox 2196 4448 2369 4486; x_wconf 86' lang='lat' dir='ltr'><strong>meum</strong></span> <span class='ocrx_word' id='word_1_688' title='bbox 2392 4427 2567 4499; x_wconf 71' lang='lat' dir='ltr'><strong>(Paul.</strong></span> <span class='ocrx_word' id='word_1_689' title='bbox 2588 4443 2711 4495; x_wconf 83' lang='lat' dir='ltr'><strong>ch,</strong></span> <span class='ocrx_word' id='word_1_690' title='bbox 2748 4427 2841 4499; x_wconf 87' lang='lat'><strong>5);</strong></span> <span class='ocrx_word' id='word_1_691' title='bbox 2875 4427 2928 4481; x_wconf 88' lang='lat' dir='ltr'><strong>in</strong></span> <span class='ocrx_word' id='word_1_692' title='bbox 2961 4426 3065 4482; x_wconf 87' lang='lat' dir='ltr'><strong>hoc</strong></span> <span class='ocrx_word' id='word_1_693' title='bbox 3100 4423 3256 4495; x_wconf 86' lang='lat' dir='ltr'><strong>signo</strong></span> <span class='ocrx_word' id='word_1_694' title='bbox 3282 4419 3641 4477; x_wconf 83' lang='lat' dir='ltr'><strong>clementiam</strong></span> <span class='ocrx_word' id='word_1_695' title='bbox 3696 4432 3783 4473; x_wconf 86' lang='lat' dir='ltr'><strong>re-</strong></span> 
     </span>
    </p>
   </div>
   <div class='ocr_carea' id='block_1_95' title="bbox 2198 4512 3782 4587">
    <p class='ocr_par' dir='ltr' id='par_1_95' title="bbox 2198 4512 3782 4587">
     <span class='ocr_line' id='line_1_95' title="bbox 2198 4512 3782 4587; baseline -0.011 -5"><span class='ocrx_word' id='word_1_696' title='bbox 2198 4526 2366 4582; x_wconf 89' lang='lat' dir='ltr'><strong>ctoris</strong></span> <span class='ocrx_word' id='word_1_697' title='bbox 2395 4523 2564 4580; x_wconf 91' lang='lat' dir='ltr'><strong>nostri</strong></span> <span class='ocrx_word' id='word_1_698' title='bbox 2596 4522 2998 4580; x_wconf 86' lang='lat' dir='ltr'><strong>babundantem</strong></span> <span class='ocrx_word' id='word_1_699' title='bbox 3024 4527 3080 4575; x_wconf 89' lang='lat' dir='ltr'><strong>et</strong></span> <span class='ocrx_word' id='word_1_700' title='bbox 3101 4518 3245 4574; x_wconf 90' lang='lat' dir='ltr'><strong>illius</strong></span> <span class='ocrx_word' id='word_1_701' title='bbox 3264 4515 3479 4587; x_wconf 88' lang='lat' dir='ltr'><strong>patricii</strong></span> <span class='ocrx_word' id='word_1_702' title='bbox 3508 4512 3782 4569; x_wconf 83' lang='lat' dir='ltr'><strong>lasciviam</strong></span> 
     </span>
    </p>
   </div>
   <div class='ocr_carea' id='block_1_96' title="bbox 2198 4604 3785 4685">
    <p class='ocr_par' dir='ltr' id='par_1_96' title="bbox 2198 4604 3785 4685">
     <span class='ocr_line' id='line_1_96' title="bbox 2198 4604 3785 4685; baseline -0.008 -14"><span class='ocrx_word' id='word_1_703' title='bbox 2198 4616 2454 4671; x_wconf 86' lang='lat' dir='ltr'><strong>latentem</strong></span> <span class='ocrx_word' id='word_1_704' title='bbox 2509 4613 2803 4685; x_wconf 89' lang='lat' dir='ltr'><strong>perpendo.</strong></span> <span class='ocrx_word' id='word_1_705' title='bbox 2884 4609 3128 4682; x_wconf 83' lang='lat' dir='ltr'><strong>Namque</strong></span> <span class='ocrx_word' id='word_1_706' title='bbox 3185 4609 3232 4665; x_wconf 89' lang='lat' dir='ltr'><strong>is</strong></span> <span class='ocrx_word' id='word_1_707' title='bbox 3280 4606 3599 4678; x_wconf 74' lang='lat' dir='ltr'><strong>apostolica:</strong></span> <span class='ocrx_word' id='word_1_708' title='bbox 3641 4604 3785 4672; x_wconf 76' lang='lat' dir='ltr'><strong>sedis</strong></span> 
     </span>
    </p>
   </div>
   <div class='ocr_carea' id='block_1_97' title="bbox 1807 4772 2480 4831">
    <p class='ocr_par' dir='ltr' id='par_1_97' title="bbox 1807 4772 2480 4831">
     <span class='ocr_line' id='line_1_97' title="bbox 1807 4772 2480 4831; baseline -0.004 -1"><span class='ocrx_word' id='word_1_709' title='bbox 1807 4775 2037 4831; x_wconf 75' lang='lat' dir='ltr'><strong>VARUE</strong></span> <span class='ocrx_word' id='word_1_710' title='bbox 2076 4772 2480 4831; x_wconf 82' lang='lat' dir='ltr'><strong>LECTIONES.</strong></span> 
     </span>
    </p>
   </div>
   <div class='ocr_carea' id='block_1_98' title="bbox 584 4887 1653 4945">
    <p class='ocr_par' dir='ltr' id='par_1_98' title="bbox 584 4887 1653 4945">
     <span class='ocr_line' id='line_1_98' title="bbox 584 4887 1653 4945; baseline 0 -2"><span class='ocrx_word' id='word_1_711' title='bbox 584 4887 678 4927; x_wconf 60' lang='grc' dir='ltr'><strong>¹τ⁸η²</strong></span> <span class='ocrx_word' id='word_1_712' title='bbox 745 4887 1221 4944; x_wconf 83' lang='lat' dir='ltr'><strong>asenbrunuiensis</strong></span> <span class='ocrx_word' id='word_1_713' title='bbox 1262 4888 1349 4942; x_wconf 89' lang='lat' dir='ltr'><strong>1a.</strong></span> <span class='ocrx_word' id='word_1_714' title='bbox 1456 4888 1548 4922; x_wconf 71' lang='grc' dir='ltr'><strong>¹⁷²ί³</strong></span> <span class='ocrx_word' id='word_1_715' title='bbox 1589 4888 1653 4945; x_wconf 78' lang='lat' dir='ltr'><strong>in</strong></span> 
     </span>
    </p>
   </div>
   <div class='ocr_carea' id='block_1_99' title="bbox 1976 5030 2067 5060">
    <p class='ocr_par' dir='ltr' id='par_1_99' title="bbox 1976 5030 2067 5060">
     <span class='ocr_line' id='line_1_99' title="bbox 1976 5030 2067 5060; baseline 0.011 -1"><span class='ocrx_word' id='word_1_716' title='bbox 1976 5030 2067 5060; x_wconf 73' lang='lat' dir='ltr'><strong>I163</strong></span> 
     </span>
    </p>
   </div>
   <div class='ocr_carea' id='block_1_100' title="bbox 518 5028 1892 5099">
    <p class='ocr_par' dir='ltr' id='par_1_100' title="bbox 518 5028 1892 5099">
     <span class='ocr_line' id='line_1_100' title="bbox 518 5028 1892 5099; baseline -0.001 -16"><span class='ocrx_word' id='word_1_717' title='bbox 518 5028 623 5099; x_wconf 34' lang='lat'><strong>&quot;9°.</strong></span> <span class='ocrx_word' id='word_1_718' title='bbox 648 5028 908 5099; x_wconf 87' lang='lat' dir='ltr'><strong>sequente</strong></span> <span class='ocrx_word' id='word_1_719' title='bbox 939 5031 1022 5091; x_wconf 83' lang='lat' dir='ltr'><strong>1a.</strong></span> <span class='ocrx_word' id='word_1_720' title='bbox 1106 5029 1195 5099; x_wconf 49' lang='lat' dir='ltr'><strong>&quot;i‘</strong></span> <span class='ocrx_word' id='word_1_721' title='bbox 1232 5029 1438 5084; x_wconf 87' lang='lat' dir='ltr'><strong>celatur</strong></span> <span class='ocrx_word' id='word_1_722' title='bbox 1467 5031 1520 5084; x_wconf 92' lang='lat'><strong>1.</strong></span> <span class='ocrx_word' id='word_1_723' title='bbox 1580 5029 1690 5060; x_wconf 71' lang='lat'><strong>&quot;7&quot;</strong></span> <span class='ocrx_word' id='word_1_724' title='bbox 1725 5028 1774 5082; x_wconf 89' lang='lat' dir='ltr'><strong>in</strong></span> <span class='ocrx_word' id='word_1_725' title='bbox 1808 5030 1892 5082; x_wconf 91' lang='lat' dir='ltr'><strong>1a.</strong></span> 
     </span>
    </p>
   </div>
   <div class='ocr_carea' id='block_1_101' title="bbox 515 5097 1631 5169">
    <p class='ocr_par' dir='ltr' id='par_1_101' title="bbox 515 5097 1631 5169">
     <span class='ocr_line' id='line_1_101' title="bbox 515 5097 1631 5169; baseline 0.002 -18"><span class='ocrx_word' id='word_1_726' title='bbox 515 5098 638 5152; x_wconf 78' lang='lat' dir='ltr'><strong>Alia</strong></span> <span class='ocrx_word' id='word_1_727' title='bbox 686 5097 852 5169; x_wconf 78' lang='lat' dir='ltr'><strong>pergit</strong></span> <span class='ocrx_word' id='word_1_728' title='bbox 882 5116 1043 5154; x_wconf 82' lang='lat' dir='ltr'><strong>manu</strong></span> <span class='ocrx_word' id='word_1_729' title='bbox 1067 5101 1117 5153; x_wconf 91' lang='lat'><strong>1.</strong></span> <span class='ocrx_word' id='word_1_730' title='bbox 1159 5097 1164 5102; x_wconf 80' lang='grc'><strong>’</strong></span> <span class='ocrx_word' id='word_1_731' title='bbox 1222 5102 1313 5133; x_wconf 78' lang='grc'>¹⁷⁶⁷</span> <span class='ocrx_word' id='word_1_732' title='bbox 1337 5118 1548 5156; x_wconf 84' lang='lat' dir='ltr'><strong>erasum</strong></span> <span class='ocrx_word' id='word_1_733' title='bbox 1580 5100 1631 5154; x_wconf 91' lang='lat'><strong>1.</strong></span> 
     </span>
    </p>
   </div>
   <div class='ocr_carea' id='block_1_102' title="bbox 520 5169 1299 5226">
    <p class='ocr_par' dir='ltr' id='par_1_102' title="bbox 520 5169 1299 5226">
     <span class='ocr_line' id='line_1_102' title="bbox 520 5169 1299 5226; baseline -0.001 -1"><span class='ocrx_word' id='word_1_734' title='bbox 520 5169 698 5225; x_wconf 82' lang='lat' dir='ltr'><strong>oleum</strong></span> <span class='ocrx_word' id='word_1_735' title='bbox 729 5199 799 5208; x_wconf 83' lang='lat'><strong>—-</strong></span> <span class='ocrx_word' id='word_1_736' title='bbox 830 5171 934 5225; x_wconf 88' lang='lat' dir='ltr'><strong>hoc</strong></span> <span class='ocrx_word' id='word_1_737' title='bbox 954 5171 1189 5226; x_wconf 82' lang='lat' dir='ltr'><strong>estadd.</strong></span> <span class='ocrx_word' id='word_1_738' title='bbox 1215 5171 1299 5224; x_wconf 88' lang='lat' dir='ltr'><strong>1b.</strong></span> 
     </span>
    </p>
   </div>
   <div class='ocr_carea' id='block_1_103' title="bbox 517 4887 2554 5081">
    <p class='ocr_par' dir='ltr' id='par_1_103' title="bbox 517 4887 2554 5081">
     <span class='ocr_line' id='line_1_103' title="bbox 584 4887 2554 4958; baseline -0.002 -15"><span class='ocrx_word' id='word_1_739' title='bbox 584 4887 678 4927; x_wconf 60' lang='grc' dir='ltr'><strong>¹τ⁸η²</strong></span> <span class='ocrx_word' id='word_1_740' title='bbox 745 4887 1221 4944; x_wconf 83' lang='lat' dir='ltr'><strong>asenbrunuiensis</strong></span> <span class='ocrx_word' id='word_1_741' title='bbox 1262 4888 1349 4942; x_wconf 89' lang='lat' dir='ltr'><strong>1a.</strong></span> <span class='ocrx_word' id='word_1_742' title='bbox 1456 4888 1548 4922; x_wconf 71' lang='grc' dir='ltr'><strong>¹⁷²ί³</strong></span> <span class='ocrx_word' id='word_1_743' title='bbox 1589 4888 1653 4945; x_wconf 78' lang='lat' dir='ltr'><strong>in</strong></span> <span class='ocrx_word' id='word_1_744' title='bbox 1690 4888 1859 4958; x_wconf 85' lang='lat' dir='ltr'><strong>priori</strong></span> <span class='ocrx_word' id='word_1_745' title='bbox 1898 4899 1945 4942; x_wconf 85' lang='lat' dir='ltr'><strong>et</strong></span> <span class='ocrx_word' id='word_1_746' title='bbox 1981 4903 2122 4943; x_wconf 89' lang='lat' dir='ltr'><strong>anno</strong></span> <span class='ocrx_word' id='word_1_747' title='bbox 2162 4888 2288 4942; x_wconf 82' lang='lat' dir='ltr'><strong>add.</strong></span> <span class='ocrx_word' id='word_1_748' title='bbox 2328 4887 2414 4940; x_wconf 87' lang='lat' dir='ltr'><strong>1b.</strong></span> <span class='ocrx_word' id='word_1_749' title='bbox 2527 4887 2554 4916; x_wconf 65' lang='lat'>“</span> 
     </span>
     <span class='ocr_line' id='line_1_104' title="bbox 517 4957 2554 5030; baseline -0.001 -18"><span class='ocrx_word' id='word_1_750' title='bbox 517 4959 665 5013; x_wconf 80' lang='lat' dir='ltr'><strong>ricus</strong></span> <span class='ocrx_word' id='word_1_751' title='bbox 696 4958 800 5030; x_wconf 86' lang='lat' dir='ltr'><strong>1c.)</strong></span> <span class='ocrx_word' id='word_1_752' title='bbox 829 4975 893 5014; x_wconf 87' lang='lat' dir='ltr'><strong>ac</strong></span> <span class='ocrx_word' id='word_1_753' title='bbox 919 4958 1047 5015; x_wconf 84' lang='lat' dir='ltr'><strong>add.</strong></span> <span class='ocrx_word' id='word_1_754' title='bbox 1073 4960 1156 5012; x_wconf 83' lang='lat' dir='ltr'><strong>1b.</strong></span> <span class='ocrx_word' id='word_1_755' title='bbox 1236 4958 1328 4990; x_wconf 80' lang='grc'><strong>¹⁷⁸⁸</strong></span> <span class='ocrx_word' id='word_1_756' title='bbox 1364 4959 1519 5014; x_wconf 86' lang='lat' dir='ltr'><strong>hatb.</strong></span> <span class='ocrx_word' id='word_1_757' title='bbox 1548 4961 1608 5013; x_wconf 85' lang='lat' dir='ltr'><strong>1c</strong></span> <span class='ocrx_word' id='word_1_758' title='bbox 1630 4960 1652 4989; x_wconf 85' lang='grc'>⁹</span> <span class='ocrx_word' id='word_1_759' title='bbox 1726 4959 1815 4990; x_wconf 80' lang='grc'>¹⁷⁸⁷</span> <span class='ocrx_word' id='word_1_760' title='bbox 1855 4959 1981 5015; x_wconf 84' lang='lat' dir='ltr'><strong>add.</strong></span> <span class='ocrx_word' id='word_1_761' title='bbox 2020 4960 2101 5012; x_wconf 83' lang='lat' dir='ltr'><strong>1b.</strong></span> <span class='ocrx_word' id='word_1_762' title='bbox 2141 4960 2194 5011; x_wconf 83' lang='lat' dir='ltr'><strong>in</strong></span> <span class='ocrx_word' id='word_1_763' title='bbox 2225 4957 2340 5010; x_wconf 87' lang='lat' dir='ltr'><strong>loco</strong></span> <span class='ocrx_word' id='word_1_764' title='bbox 2368 4973 2554 5010; x_wconf 86' lang='lat' dir='ltr'><strong>vacuo.</strong></span> 
     </span>
     <span class='ocr_line' id='line_1_105' title="bbox 518 5027 2535 5081; baseline -0.001 0"><span class='ocrx_word' id='word_1_765' title='bbox 518 5028 623 5073; x_wconf 64' lang='grc' dir='ltr'><strong>¹⁷⁶⁰ι</strong></span> <span class='ocrx_word' id='word_1_766' title='bbox 648 5041 908 5081; x_wconf 75' lang='lat' dir='ltr'><strong>sequente</strong></span> <span class='ocrx_word' id='word_1_767' title='bbox 939 5031 1022 5081; x_wconf 89' lang='lat' dir='ltr'><strong>1a.</strong></span> <span class='ocrx_word' id='word_1_768' title='bbox 1106 5029 1195 5060; x_wconf 79' lang='grc'><strong>³⁷⁸³</strong></span> <span class='ocrx_word' id='word_1_769' title='bbox 1232 5029 1438 5081; x_wconf 86' lang='lat' dir='ltr'><strong>celatur</strong></span> <span class='ocrx_word' id='word_1_770' title='bbox 1467 5031 1520 5081; x_wconf 97' lang='lat'><strong>1.</strong></span> <span class='ocrx_word' id='word_1_771' title='bbox 1580 5029 1690 5060; x_wconf 72' lang='lat'><strong>&quot;7&quot;</strong></span> <span class='ocrx_word' id='word_1_772' title='bbox 1725 5028 1774 5081; x_wconf 88' lang='lat' dir='ltr'><strong>in</strong></span> <span class='ocrx_word' id='word_1_773' title='bbox 1808 5030 1892 5081; x_wconf 91' lang='lat' dir='ltr'><strong>1a.</strong></span> <span class='ocrx_word' id='word_1_774' title='bbox 1976 5030 2067 5060; x_wconf 70' lang='grc'><strong>¹⁷⁶³</strong></span> <span class='ocrx_word' id='word_1_775' title='bbox 2098 5044 2203 5081; x_wconf 82' lang='lat' dir='ltr'><strong>aue</strong></span> <span class='ocrx_word' id='word_1_776' title='bbox 2228 5028 2356 5081; x_wconf 84' lang='lat' dir='ltr'><strong>add.</strong></span> <span class='ocrx_word' id='word_1_777' title='bbox 2395 5027 2478 5079; x_wconf 88' lang='lat' dir='ltr'><strong>1b.</strong></span> <span class='ocrx_word' id='word_1_778' title='bbox 2532 5052 2535 5057; x_wconf 64' lang='grc' dir='ltr'><strong>ε</strong></span> 
     </span>
    </p>
   </div>
   <div class='ocr_carea' id='block_1_104' title="bbox 2098 5044 2478 5098">
    <p class='ocr_par' dir='ltr' id='par_1_104' title="bbox 2098 5044 2478 5098">
     <span class='ocr_line' id='line_1_106' title="bbox 2098 5044 2478 5098; baseline -0.011 -16"><span class='ocrx_word' id='word_1_779' title='bbox 2098 5044 2203 5098; x_wconf 84' lang='lat' dir='ltr'><strong>que</strong></span> <span class='ocrx_word' id='word_1_780' title='bbox 2228 5044 2356 5098; x_wconf 83' lang='lat' dir='ltr'><strong>aaa.</strong></span> <span class='ocrx_word' id='word_1_781' title='bbox 2395 5044 2478 5079; x_wconf 75' lang='grc' dir='ltr'><strong>ιο.</strong></span> 
     </span>
    </p>
   </div>
   <div class='ocr_carea' id='block_1_105' title="bbox 1737 5098 2131 5154">
    <p class='ocr_par' dir='ltr' id='par_1_105' title="bbox 1737 5098 2131 5154">
     <span class='ocr_line' id='line_1_107' title="bbox 1737 5098 2131 5154; baseline 0 -1"><span class='ocrx_word' id='word_1_782' title='bbox 1737 5099 1828 5131; x_wconf 71' lang='grc'><strong>³⁷⁸⁸</strong></span> <span class='ocrx_word' id='word_1_783' title='bbox 1856 5098 2017 5154; x_wconf 90' lang='lat' dir='ltr'><strong>uuilla</strong></span> <span class='ocrx_word' id='word_1_784' title='bbox 2045 5100 2131 5153; x_wconf 88' lang='lat' dir='ltr'><strong>1a.</strong></span> 
     </span>
    </p>
   </div>
   <div class='ocr_carea' id='block_1_106' title="bbox 2527 4876 3785 4949">
    <p class='ocr_par' dir='ltr' id='par_1_106' title="bbox 2527 4876 3785 4949">
     <span class='ocr_line' id='line_1_108' title="bbox 2527 4876 3785 4949; baseline -0.001 -13"><span class='ocrx_word' id='word_1_785' title='bbox 2527 4886 2620 4917; x_wconf 56' lang='lat'><strong>&quot;5‘</strong></span> <span class='ocrx_word' id='word_1_786' title='bbox 2666 4884 2793 4938; x_wconf 84' lang='lat' dir='ltr'><strong>add.</strong></span> <span class='ocrx_word' id='word_1_787' title='bbox 2845 4884 2930 4937; x_wconf 82' lang='lat' dir='ltr'><strong>1b.</strong></span> <span class='ocrx_word' id='word_1_788' title='bbox 3009 4882 3104 4914; x_wconf 75' lang='grc'><strong>⁸⁷⁸⁸</strong></span> <span class='ocrx_word' id='word_1_789' title='bbox 3137 4880 3366 4935; x_wconf 89' lang='lat' dir='ltr'><strong>amulric</strong></span> <span class='ocrx_word' id='word_1_790' title='bbox 3404 4880 3569 4949; x_wconf 62' lang='lat' dir='ltr'><strong>(core.</strong></span> <span class='ocrx_word' id='word_1_791' title='bbox 3616 4876 3785 4949; x_wconf 57' lang='grc' dir='ltr'><strong>Μιρῦ</strong></span> 
     </span>
    </p>
   </div>
   <div class='ocr_carea' id='block_1_107' title="bbox 2652 4946 3779 5009">
    <p class='ocr_par' dir='ltr' id='par_1_107' title="bbox 2652 4946 3779 5009">
     <span class='ocr_line' id='line_1_109' title="bbox 2652 4946 3779 5009; baseline -0.012 1"><span class='ocrx_word' id='word_1_792' title='bbox 2652 4955 2745 4987; x_wconf 77' lang='grc'>⁸⁷⁸⁸</span> <span class='ocrx_word' id='word_1_793' title='bbox 2776 4954 3066 5009; x_wconf 86' lang='lat' dir='ltr'><strong>obscrebat</strong></span> <span class='ocrx_word' id='word_1_794' title='bbox 3098 4953 3149 5006; x_wconf 88' lang='lat'><strong>1.</strong></span> <span class='ocrx_word' id='word_1_795' title='bbox 3251 4951 3346 4984; x_wconf 75' lang='grc'><strong>³⁷⁸⁸</strong></span> <span class='ocrx_word' id='word_1_796' title='bbox 3377 4946 3642 5004; x_wconf 80' lang='lat' dir='ltr'><strong>invocans</strong></span> <span class='ocrx_word' id='word_1_797' title='bbox 3692 4946 3779 5009; x_wconf 68' lang='lat' dir='ltr'><strong>ing</strong></span> 
     </span>
    </p>
   </div>
   <div class='ocr_carea' id='block_1_108' title="bbox 2996 5006 3782 5077">
    <p class='ocr_par' dir='ltr' id='par_1_108' title="bbox 2996 5006 3782 5077">
     <span class='ocr_line' id='line_1_110' title="bbox 2996 5006 3782 5077; baseline -0.015 1"><span class='ocrx_word' id='word_1_798' title='bbox 2996 5023 3089 5055; x_wconf 68' lang='grc' dir='ltr'><strong>ενοι</strong></span> <span class='ocrx_word' id='word_1_799' title='bbox 3113 5039 3165 5077; x_wconf 90' lang='lat' dir='ltr'><strong>e.</strong></span> <span class='ocrx_word' id='word_1_800' title='bbox 3196 5021 3233 5074; x_wconf 90' lang='lat' dir='ltr'><strong>i.</strong></span> <span class='ocrx_word' id='word_1_801' title='bbox 3259 5022 3311 5074; x_wconf 85' lang='lat' dir='ltr'><strong>d.</strong></span> <span class='ocrx_word' id='word_1_802' title='bbox 3339 5021 3464 5074; x_wconf 79' lang='lat' dir='ltr'><strong>add.</strong></span> <span class='ocrx_word' id='word_1_803' title='bbox 3505 5018 3589 5072; x_wconf 77' lang='lat' dir='ltr'><strong>ib.</strong></span> <span class='ocrx_word' id='word_1_804' title='bbox 3691 5006 3782 5077; x_wconf 55' lang='lat' dir='ltr'><strong>mf</strong></span> 
     </span>
    </p>
   </div>
   <div class='ocr_carea' id='block_1_109' title="bbox 2532 5026 3778 5146">
    <p class='ocr_par' dir='ltr' id='par_1_109' title="bbox 2532 5026 3778 5146">
     <span class='ocr_line' id='line_1_111' title="bbox 2532 5026 3778 5080; baseline -0.012 2"><span class='ocrx_word' id='word_1_805' title='bbox 2532 5052 2535 5057; x_wconf 61' lang='grc' dir='ltr'>ί</span> <span class='ocrx_word' id='word_1_806' title='bbox 2576 5026 2668 5057; x_wconf 64' lang='grc'><strong>⁸⁷⁸³⁵</strong></span> <span class='ocrx_word' id='word_1_807' title='bbox 2696 5026 2781 5080; x_wconf 90' lang='lat' dir='ltr'><strong>his</strong></span> <span class='ocrx_word' id='word_1_808' title='bbox 2811 5026 2897 5078; x_wconf 90' lang='lat' dir='ltr'><strong>1a.</strong></span> <span class='ocrx_word' id='word_1_809' title='bbox 2996 5026 3089 5055; x_wconf 78' lang='lat'><strong>&quot;&quot;</strong></span> <span class='ocrx_word' id='word_1_810' title='bbox 3113 5039 3165 5077; x_wconf 89' lang='lat' dir='ltr'><strong>e.</strong></span> <span class='ocrx_word' id='word_1_811' title='bbox 3196 5026 3233 5074; x_wconf 83' lang='lat' dir='ltr'><strong>i.</strong></span> <span class='ocrx_word' id='word_1_812' title='bbox 3259 5026 3311 5074; x_wconf 85' lang='grc'><strong>(1.</strong></span> <span class='ocrx_word' id='word_1_813' title='bbox 3339 5026 3464 5074; x_wconf 78' lang='lat' dir='ltr'><strong>add.</strong></span> <span class='ocrx_word' id='word_1_814' title='bbox 3505 5026 3589 5072; x_wconf 76' lang='grc' dir='ltr'><strong>1ο.</strong></span> <span class='ocrx_word' id='word_1_815' title='bbox 3691 5026 3778 5046; x_wconf 81' lang='lat'><strong>&quot;&quot;</strong></span> 
     </span>
     <span class='ocr_line' id='line_1_112' title="bbox 2532 5076 3778 5146; baseline -0.006 0"><span class='ocrx_word' id='word_1_816' title='bbox 2532 5107 2698 5146; x_wconf 77' lang='lat' dir='ltr'><strong>(erum</strong></span> <span class='ocrx_word' id='word_1_817' title='bbox 2735 5095 2750 5146; x_wconf 92' lang='lat' dir='ltr'><strong>i</strong></span> <span class='ocrx_word' id='word_1_818' title='bbox 2798 5110 3006 5146; x_wconf 81' lang='lat' dir='ltr'><strong>erasum</strong></span> <span class='ocrx_word' id='word_1_819' title='bbox 3039 5093 3090 5146; x_wconf 89' lang='lat'><strong>1.</strong></span> <span class='ocrx_word' id='word_1_820' title='bbox 3190 5093 3283 5124; x_wconf 70' lang='lat'><strong>‘7&quot;</strong></span> <span class='ocrx_word' id='word_1_821' title='bbox 3307 5105 3515 5146; x_wconf 78' lang='lat' dir='ltr'><strong>erasum</strong></span> <span class='ocrx_word' id='word_1_822' title='bbox 3541 5089 3593 5141; x_wconf 86' lang='lat'><strong>1.</strong></span> <span class='ocrx_word' id='word_1_823' title='bbox 3690 5076 3778 5116; x_wconf 81' lang='grc'><strong>¹”¹</strong></span> 
     </span>
    </p>
   </div>
   <div class='ocr_carea' id='block_1_110' title="bbox 2233 5093 3090 5151">
    <p class='ocr_par' dir='ltr' id='par_1_110' title="bbox 2233 5093 3090 5151">
     <span class='ocr_line' id='line_1_113' title="bbox 2233 5093 3090 5151; baseline -0.006 -1"><span class='ocrx_word' id='word_1_824' title='bbox 2233 5097 2322 5129; x_wconf 75' lang='grc'>¹⁷⁶⁹</span> <span class='ocrx_word' id='word_1_825' title='bbox 2354 5107 2444 5150; x_wconf 86' lang='lat' dir='ltr'><strong>tet</strong></span> <span class='ocrx_word' id='word_1_826' title='bbox 2474 5096 2698 5151; x_wconf 79' lang='lat' dir='ltr'><strong>alterunt</strong></span> <span class='ocrx_word' id='word_1_827' title='bbox 2735 5095 2750 5147; x_wconf 90' lang='lat' dir='ltr'><strong>i</strong></span> <span class='ocrx_word' id='word_1_828' title='bbox 2798 5110 3006 5149; x_wconf 82' lang='lat' dir='ltr'><strong>erasum</strong></span> <span class='ocrx_word' id='word_1_829' title='bbox 3039 5093 3090 5147; x_wconf 94' lang='lat'><strong>1.</strong></span> 
     </span>
    </p>
   </div>
   <div class='ocr_carea' id='block_1_111' title="bbox 2038 5220 2364 5297">
    <p class='ocr_par' dir='ltr' id='par_1_111' title="bbox 2038 5220 2364 5297">
     <span class='ocr_line' id='line_1_114' title="bbox 2038 5220 2364 5297; baseline 0 -4"><span class='ocrx_word' id='word_1_830' title='bbox 2038 5238 2267 5297; x_wconf 61' lang='lat' dir='ltr'><strong>noras.</strong></span> <span class='ocrx_word' id='word_1_831' title='bbox 2358 5220 2364 5225; x_wconf 79' lang='grc'><strong>’</strong></span> 
     </span>
    </p>
   </div>
   <div class='ocr_carea' id='block_1_112' title="bbox 810 5331 2095 5368">
    <p class='ocr_par' dir='ltr' id='par_1_112' title="bbox 810 5331 2095 5368">
     <span class='ocr_line' id='line_1_115' title="bbox 810 5331 2095 5368; baseline 0.002 -3"><span class='ocrx_word' id='word_1_832' title='bbox 810 5333 824 5342; x_wconf 89' lang='grc'><strong>⁹</strong></span> <span class='ocrx_word' id='word_1_833' title='bbox 844 5350 852 5354; x_wconf 92' lang='grc'><strong>-</strong></span> <span class='ocrx_word' id='word_1_834' title='bbox 870 5342 1017 5363; x_wconf 72' lang='grc' dir='ltr'><strong>·ιιι-···</strong></span> <span class='ocrx_word' id='word_1_835' title='bbox 1044 5332 1130 5366; x_wconf 64' lang='lat'><strong>:“1</strong></span> <span class='ocrx_word' id='word_1_836' title='bbox 1163 5334 1532 5368; x_wconf 70' lang='grc' dir='ltr'><strong>ιυιπιίιηιιιιιηα</strong></span> <span class='ocrx_word' id='word_1_837' title='bbox 1567 5334 1619 5368; x_wconf 72' lang='lat' dir='ltr'><strong>in</strong></span> <span class='ocrx_word' id='word_1_838' title='bbox 1652 5331 1836 5368; x_wconf 68' lang='grc' dir='ltr'><strong>ηΙ-νινίιι</strong></span> <span class='ocrx_word' id='word_1_839' title='bbox 1862 5332 2095 5368; x_wconf 61' lang='lat' dir='ltr'><strong>insnum)-</strong></span> 
     </span>
    </p>
   </div>
   <div class='ocr_carea' id='block_1_113' title="bbox 2276 5326 3181 5368">
    <p class='ocr_par' dir='ltr' id='par_1_113' title="bbox 2276 5326 3181 5368">
     <span class='ocr_line' id='line_1_116' title="bbox 2276 5326 3181 5368; baseline 0 0"><span class='ocrx_word' id='word_1_840' title='bbox 2276 5330 2423 5368; x_wconf 75' lang='lat' dir='ltr'><strong>10H“</strong></span> <span class='ocrx_word' id='word_1_841' title='bbox 2466 5330 2660 5368; x_wconf 64' lang='lat' dir='ltr'><strong>Qalhpn</strong></span> <span class='ocrx_word' id='word_1_842' title='bbox 2686 5342 2880 5368; x_wconf 75' lang='lat' dir='ltr'><strong>nrnnI-p</strong></span> <span class='ocrx_word' id='word_1_843' title='bbox 2902 5327 3136 5368; x_wconf 60' lang='lat' dir='ltr'><strong>“ditavit</strong></span> <span class='ocrx_word' id='word_1_844' title='bbox 3158 5326 3181 5363; x_wconf 65' lang='grc' dir='ltr'><strong>’θ</strong></span> 
     </span>
    </p>
   </div>
  </div>
