4048 5368
237 257 378 325 ⁸11111

1445 259 1862 319 CHBONICON.
1889 289 1956 300 -—
1996 258 2124 314 LIB.
2170 257 2278 315 VII.

3375 263 3516 319 N02

251 376 585 440 destructor,
623 373 940 430 muneribus
988 372 1102 428 suis
1129 381 1182 428 et
1237 373 1687 443 promissionibns
1738 372 1830 403 ¹⁷⁷²
1856 406 1902 460 Α
1935 369 2160 439 (litaeque
2191 367 2464 423 oraciouis
2499 383 2569 445 ex
2613 369 2776 423 corde
2809 370 3040 425 contrito
3079 370 3300 441 prolatze
3338 373 3512 429 hostia

137 485 164 509 ν
251 467 544 539 phaleratis
568 467 718 537 (914)
743 481 923 538 regem
954 481 983 520 a
1008 465 1118 520 Deo
1165 467 1519 521 constitutum
1549 467 1603 521 in
1654 466 1826 536 palam

254 575 377 630 sepe
403 559 802 624 honorificavit,
831 560 923 614 sed
960 559 1322 628 imperatoriae
1359 559 1638 628 dignitatis
1678 557 1830 611 fasti-

254 649 394 718 gium
427 651 570 704 hunc
600 652 892 706 ascendere
918 650 1143 706 multum
1173 652 1374 716 timuit,
1399 652 1830 719 omnimodisque

253 742 304 800 id
354 741 642 811 prohibere
679 742 816 797 clam
868 743 1195 812 temptavit;
1260 743 1384 812 quia
1445 743 1586 797 sicut
1642 742 1830 796 beatus

251 835 444 887 asserit
462 832 757 904 Gregorius
783 853 798 887 :
835 832 1062 887 Terrena
1087 833 1313 886 nitimdo
1334 832 1693 903 confundimr,
1712 848 1829 885 cum

250 928 502 982 ceisilua’o
532 927 749 983 caelestis
779 929 1032 991 aperitur.
1059 928 1172 982 Rex
1195 928 1394 982 etenim
1425 936 1835 996 :.oster,quam.

257 1020 341 1072 vis
371 1019 531 1073 immo
565 1028 730 1082 esset,
781 1017 956 1072 zelum
1016 1017 1110 1071 Dei
1169 1017 1359 1072 habuit
1409 1026 1465 1071 et
1520 1025 1831 1071 sanctarum

247 1108 517 1163 violentas
571 1107 926 1179 predaciones
972 1106 1344 1162 mcclesiarum
1387 1106 1542 1162 fortis
1590 1119 1832 1161 armatus

249 1199 576 1266 vendicavit,
607 1199 856 1268 hancque
894 1197 1282 1270 benignitatem
1337 1197 1441 1253 nisi
1489 1196 1705 1253 caelitus
1729 1196 1830 1251 sibi

253 1290 345 1325 m’
367 1288 424 1359 (f.
458 1289 582 1362 174)
612 1291 916 1363 prestitam,
949 1306 1056 1345 non
1089 1290 1308 1354 habuit;
1367 1290 1468 1344 iste
1503 1300 1749 1344 terrenus
1778 1297 1832 1342 et

249 1393 443 1440 natura
478 1393 533 1439 et
562 1385 792 1449 actibus,
829 1381 1085 1452 voragine
1115 1381 1400 1436 cenulenta
1434 1381 1598 1434 traxit
1629 1381 1680 1433 in
1709 1394 1831 1449 pre-

247 1479 396 1542 dam,
430 1478 573 1546 quod
609 1478 900 1532 multorum
948 1476 1137 1532 devota
1171 1488 1364 1528 manus
1408 1473 1474 1528 ad
1519 1488 1670 1528 aram
1703 1487 1831 1542 apo-

247 1569 511 1624 stolarum
541 1585 636 1640 pro
659 1568 895 1640 peccatis
919 1568 1191 1638 congessit
1225 1565 1320 1598 ‘7”
1353 1566 1404 1620 in
1429 1565 1681 1620 hostiam.
1728 1563 1830 1633 Qui

247 1677 370 1715 cum
403 1677 512 1716 non
554 1663 710 1730 longe
739 1670 862 1731 post
891 1661 1087 1722 obiret,
1123 1658 1323 1729 duplici
1376 1657 1612 1723 ulcione,
1655 1666 1714 1711 ut
1740 1672 1833 1711 ve-

248 1769 396 1820 reor,
421 1755 794 1819 confunditur,
827 1763 883 1808 et
905 1755 1100 1809 domno
1128 1767 1280 1823 papa:
1311 1751 1581 1808 securitas
1609 1752 1831 1823 regique

248 1857 440 1900 nostro
471 1847 700 1914 amplior
728 1854 966 1915 potestas
998 1845 1261 1913 aperitur.

319 1939 408 1996 52.
448 1939 689 2008 Amplius
712 1939 1026 2008 progrediar
1053 1937 1399 2007 disputando,
1431 1937 1682 2008 regisque
1712 1937 1830 1993 Ru-

248 2046 465 2086 scorum
491 2032 806 2089 Wlodemiri
831 2037 1108 2093 accionem
1132 2039 1370 2108 iniquam
1396 2039 1830 2109 perstringenda.

248 2123 350 2179 llic
375 2141 401 2176 a
427 2123 618 2180 Grecia
649 2128 852 2182 ducens
882 2145 1126 2184 uxorem.
1161 2130 1422 2186 Heienazn
1449 2133 1672 2186 nomine
1707 2133 1831 2198 ⁸⁷⁷³,

247 2216 423 2270 tercio
468 2218 560 2248 ³⁷⁷⁸
592 2217 776 2273 Ottoni
809 2221 1184 2289 desponsatam
1208 2265 1221 2287 ,
1258 2225 1352 2278 sed
1397 2224 1444 2278 ei
1492 2223 1832 2279 fraudulenta

248 2308 546 2364 calliditate
584 2311 915 2368 subtractam
966 2315 1147 2381 (915),
1178 2317 1593 2372 Christianitatis
1634 2329 1834 2374 sanctae

249 2399 412 2454 fidem
439 2402 555 2472 ejus
584 2414 766 2458 ortatu
795 2408 1049 2476 suscepit,
1079 2423 1240 2478 quam
1263 2409 1420 2476 jus:is
1446 2412 1698 2480 operibus
1729 2425 1832 2469 non

247 2491 484 2547 ornavit.
520 2494 646 2547 Erat
675 2496 818 2550 enim
854 2492 1148 2554 fornicator
1173 2501 1468 2556 immensus
1495 2511 1549 2557 et
1577 2504 1831 2571 crudelis,

249 2599 613 2658 magnamque
644 2590 750 2643 vim
787 2591 984 2646 Danais
1024 2594 1276 2650 mollibus
1319 2597 1563 2665 ingessit.
1597 2597 1694 2652 Hic
1722 2608 1834 2654 tres

249 2675 457 2732 habens
487 2680 655 2744 filios,
693 2683 784 2736 uni
827 2698 1014 2738 eorum
1055 2686 1201 2757 (946)
1249 2688 1499 2742 Bolizlavi
1543 2691 1696 2747 ducis
1731 2705 1834 2744 uo-

246 2771 458 2841 strique
499 2777 860 2843 persecutoris
897 2777 1060 2832 filiam
1105 2781 1158 2835 in
1202 2782 1608 2836 matrimonium
1655 2780 1828 2850 diuit,

243 2879 374 2920 cum
416 2881 518 2934 qua
553 2869 749 2924 missus
793 2879 876 2924 est
927 2887 956 2925 a
1000 2871 1214 2927 Poleuis
1259 2875 1619 2940 Reinbernus,
1651 2876 1833 2947 presul

246 2954 421 3012 Salsm
447 2958 901 3032 Cholbergiensis.
947 2963 1040 3016 llle
1088 2966 1141 3019 in
1181 2982 1317 3038 pago
1362 2966 1642 3038 Hassegun
1687 2969 1831 3025 dicto

241 3057 412 3104 natus
457 3049 771 3122 liberalique
815 3055 1040 3109 scientia
1091 3073 1120 3110 a
1165 3058 1518 3126 prudentibus
1558 3059 1831 3129 magistris

240 3140 530 3205 educatus,
571 3146 794 3216 gradum
845 3147 1205 3218 episcopalem
1247 3152 1514 3216 ascendit,
1555 3161 1615 3206 ut
1664 3167 1828 3222 spero
1857 3173 1901 3232 ο

243 3233 463 3302 dignus.
492 3237 761 3302 Quantum
797 3251 977 3294 autem
1021 3242 1074 3294 in
1108 3258 1237 3296 cura
1276 3244 1376 3297 sibi
1419 3245 1715 3298 commissa
1753 3245 1828 3298 la-

241 3324 524 3382 boraverit
558 3330 722 3396 idem,
753 3347 860 3386 non
889 3347 1022 3386 mea:
1047 3333 1242 3388 sufficit
1271 3336 1517 3391 sciencize
1539 3351 1638 3392 nec
1664 3338 1826 3392 etiam

244 3415 536 3474 facundiae.
591 3422 737 3476 Fana
789 3424 1054 3479 idolorum
1113 3427 1397 3482 destruens
1449 3429 1719 3493 incendit,
1776 3439 1832 3485 et

241 3522 402 3571 [nare
422 3510 740 3579 demonibus
772 3515 1004 3581 cultum,
1041 3517 1276 3574 inmissis
1303 3530 1533 3590 quatuor
1565 3521 1832 3592 lapidibus

244 3615 411 3656 sacro
455 3604 710 3658 crismate
755 3609 1052 3676 perunctis,
1103 3619 1157 3664 et
1200 3627 1340 3681 aqua
1390 3629 1626 3683 purgans
1670 3614 1831 3670 bene-

245 3692 622 3755 dicta,novam
655 3695 746 3725 "7°
779 3695 838 3766 (f.
873 3697 1016 3768 174’)
1054 3699 1278 3754 Domino
1314 3703 1667 3771 omnipotenti
1704 3718 1827 3771 pro-

241 3783 498 3860 paginem
529 3786 580 3838 in
605 3785 938 3842 infructuosa
971 3791 1064 3823 "7"
1089 3792 1284 3845 arbore
1304 3833 1318 3855 ,
1352 3792 1404 3846 id
1437 3802 1519 3847 est
1547 3794 1598 3847 in
1636 3793 1830 3862 populo

241 3870 414 3925 nimis
466 3873 695 3938 insulso,
744 3888 946 3933 sanetae
983 3880 1391 3948 .predicacionis
1433 3883 1828 3952 plantacionem

240 3957 457 4015 eduxit.
503 3965 810 4034 Vigiliarum
849 3980 903 4024 et
939 3971 1290 4026 abstinencia:
1334 3988 1397 4027 ac
1442 3973 1650 4028 silencii
1697 3976 1832 4030 assi-

241 4051 459 4110 duitate
483 4071 676 4128 corpus
713 4075 869 4115 suum
903 4062 1172 4132 amigens,
1208 4079 1305 4119 cor
1339 4064 1406 4119 ad
1438 4066 1712 4136 speculum
1753 4067 1833 4121 (li-

238 4146 390 4200 v'nze
430 4153 909 4222 contemplacionis
952 4155 1144 4209 infixit.
1193 4157 1364 4222 Quem
1415 4160 1689 4228 predictus
1738 4176 1832 4215 rex

240 4238 509 4306 audiens,
560 4244 728 4298 tilium
762 4249 978 4312 suimet,
1003 4258 1182 4303 ortatu
1210 4249 1467 4305 Bolizlavi
1499 4253 1661 4307 tacito
1684 4253 1797 4307 relu
1816 4282 1832 4292 -

239 4338 526 4388 ctaturum
550 4337 682 4401 sibi,
713 4341 856 4409 cepit
880 4357 1002 4395 cum
1033 4343 1222 4396 eodem
1257 4353 1311 4398 et
1340 4359 1528 4408 uxore,
1558 4355 1612 4399 et
1643 4345 1695 4398 in
1724 4345 1832 4399 sin-

238 4422 430 4492 gulari
473 4431 711 4484 custodia
754 4433 975 4488 claudit.
1024 4435 1079 4488 ln
1127 4452 1232 4505 qua
1272 4445 1428 4505 pater
1485 4437 1830 4500 venerabilis,

1931 473 2142 513 summo
2171 457 2436 512 sacerdoti
2462 458 2834 512 reconciliaret
2867 460 2990 524 "",
3018 475 3084 514 ex
3116 470 3234 515 arto
3269 465 3516 534 corporis

1931 565 2152 604 carcere
2191 550 2399 605 solutus
2432 550 2498 604 ad
2527 550 2833 605 libertatem
2868 541 3133 620 perennis
3166 553 3350 622 gloria:
3384 572 3519 626 gau-

1931 641 2065 696 dens
2109 643 2350 697 transiit.
2403 641 2602 697 Pietati
2654 658 2782 698 vero
2843 645 2984 715 regis
3035 661 3230 701 nomen
3278 657 3518 718 potestas

1928 734 2078 803 pacis
2104 734 2302 801 unjuste
2327 735 2749 806 interpretatur;
2780 738 2905 807 quia
2940 754 3046 794 non
3080 739 3189 804 illa,
3219 757 3380 810 quam
3425 753 3518 798 aut

1931 824 2083 894 impii
2131 827 2362 882 invicem
2405 837 2591 883 tenent
2631 828 2712 883 vel
2763 830 3093 886 habitatores
3129 832 3286 902 hujus
3329 836 3516 891 mundi

1929 917 2226 985 possident,
2252 920 2379 986 quia
2408 933 2623 992 semper
2649 921 2740 952 ’τη
2767 933 2923 977 nutat
2950 925 3068 986 ³⁷⁷³,
3101 938 3206 994 pax
3231 940 3359 980 vera
3385 927 3519 982 dici-

1930 1021 2041 1074 tur,
2074 1009 2169 1064 sed
2195 1009 2284 1065 ille
2309 1011 2454 1066 solus
2495 1027 2557 1066 ea
2595 1014 2904 1082 specialiter
2933 1017 3132 1082 utitur,
3175 1018 3265 1088 qui
3299 1035 3516 1075 omnem

1931 1103 2096 1156 animi
2138 1103 2336 1157 suimet
2381 1114 2586 1159 motum
2627 1121 2989 1177 componens.
3027 1126 3253 1182 mgnum
3295 1111 3390 1166 Dei
3425 1129 3519 1183 pa-

1930 1196 2149 1251 cienciaa
2192 1197 2460 1252 vincentis
2505 1201 2753 1270 angustia
2801 1202 3004 1259 solacio
3052 1213 3414 1273 promeretur.
3458 1205 3514 1262 lu

1930 1288 2136 1343 coclcsti
2177 1291 2473 1346 securitate
2515 1293 2708 1346 sedens
2750 1295 3038 1366 episcopus
3076 1296 3166 1352 ille
3189 1338 3204 1362 ,
3242 1298 3383 1353 ridet
3412 1298 3516 1353 viri

1930 1381 2105 1435 minas
2146 1382 2370 1451 injusti,
2424 1393 2479 1437 et
2525 1385 2777 1442 castitate
2824 1389 3035 1455 gemina
3089 1389 3237 1460 (947)
3289 1391 3515 1461 potitur,

1930 1489 1993 1530 ac
2025 1475 2116 1507 ’⁷⁷³
2150 1475 2498 1532 Ιοτηίρειὶοῐίε
2529 1478 2673 1536 illius
2717 1479 2942 1536 ultrices
2984 1480 3228 1538 flammas
3271 1483 3520 1553 Speculan

1931 1576 2048 1635 tur;
2079 1569 2206 1639 quia
2233 1581 2423 1626 nostro
2450 1572 2672 1628 doctore
2709 1572 2878 1628 Paulo
2915 1584 3086 1640 teste,
3127 1574 3398 1632 adulteros
3431 1576 3521 1647 ju-

1933 1661 2072 1717 dicat
2115 1661 2258 1718 Deus
2303 1662 2492 1735 (Hebr.
2533 1681 2652 1730 IIII,
2707 1665 2784 1736 4).
2827 1666 3131 1722 Bolizlavus
3172 1680 3354 1721 autem
3401 1669 3519 1724 inec

1858 1781 1906 1841 Β
1935 1758 2115 1813 omnia
2151 1757 2512 1828 comperiens,
2546 1757 2598 1813 in
2631 1768 2891 1828 quantum
2926 1759 3102 1830 potuit
3135 1758 3195 1830 (f.
3232 1758 3356 1830 l75)
3405 1759 3521 1813 vin-

1937 1850 2120 1905 dicare
2152 1865 2256 1904 non
2291 1850 2522 1904 desistit.
2553 1850 2680 1905 Post
2711 1852 2827 1906 haec
2861 1867 2952 1905 rex
2986 1850 3076 1905 ille
3099 1850 3287 1921 plenus
3309 1850 3521 1904 dierum

1885 2017 1888 2022 ι
1934 1944 2088 2008 obiit,
2137 1943 2507 2014 integritatem
2557 1936 2876 1998 hereditatis
2924 1959 3035 1998 sua:
3086 1943 3297 1997 duobus
3350 1940 3519 1998 relin-

1936 2053 2108 2108 quens
2151 2036 2303 2102 filiis,
2345 2037 2515 2091 tercio
2565 2037 2741 2091 adhuc
2795 2038 2848 2091 in
2901 2051 3124 2092 carcere
3177 2035 3374 2105 posito,
3419 2036 3514 2106 qui

1934 2142 2120 2202 postea
2155 2132 2391 2202 elapsus,
2430 2129 2659 2200 conjuge
2689 2130 2890 2186 ibidem
2925 2131 3137 2192 relicta,
3169 2130 3236 2184 ad
3262 2145 3517 2206 socerum

1936 2223 2092 2296 fugit.
2135 2224 2253 2278 Rex
2285 2225 2377 2257 "9°
2409 2226 2687 2296 predietns
2719 2226 2908 2280 habuit
2939 2224 3186 2279 lumbare
3218 2238 3517 2279 venereum

1935 2318 2049 2382 ⁸⁷⁸⁸,
2083 2318 2284 2372 innatae
2317 2317 2627 2386 fragilitatis
2662 2317 2837 2387 majus
2859 2327 3226 2388 augmentum.
3259 2314 3364 2370 Sed
3404 2332 3522 2370 ma-

1935 2411 2104 2482 gister
2132 2419 2329 2466 nostra:
2359 2410 2548 2465 salutis
2591 2411 2840 2466 Christus
2887 2426 3009 2464 cum
3047 2409 3258 2463 lumbos
3290 2409 3522 2463 luxnria:

1935 2503 2182 2560 nocentis
2201 2501 2573 2557 habundancia
2598 2501 2830 2557 refertus
2861 2501 3102 2571 precingi
3119 2499 3267 2569 (Luc.
3306 2517 3402 2566 xu,
3428 2501 3520 2570 55)

1929 2596 2142 2667 juberct
2165 2604 2381 2649 nostros
2408 2593 2520 2659 ⁸⁷⁷³,
2537 2594 2936 2648 continenciam
2960 2601 3136 2646 etnon
3162 2591 3378 2661 aliquod
3397 2607 3522 2661 pro-

1933 2701 2196 2743 vocamen
2223 2687 2476 2741 innotuit.
2498 2687 2560 2740 Et
2583 2685 2708 2755 quia
2732 2687 2797 2740 de
2821 2685 3040 2740 lucerna
3062 2685 3330 2738 ardentca
3346 2684 3526 2753 predi-

1935 2779 2207 2835 catoribus
2221 2780 2335 2834 suis
2364 2796 2456 2833 rex
2489 2777 2729 2849 prefatus
2758 2778 2984 2840 audivit,
3013 2776 3222 2846 peccati
3256 2775 3523 2830 maculam

1934 2872 2138 2942 peracti
2199 2872 2416 2926 assidua
2475 2872 2895 2926 elemosinarum
2959 2869 3208 2940 largitate
3274 2868 3522 2922 detersit.

1935 2966 2207 3038 Scriptum
2253 2977 2334 3022 est
2368 2967 2552 3020 enim:
2601 2964 2786 3018 Facile
2824 2963 3181 3022 elemosinam,
3230 2978 3292 3014 ac
3345 2959 3524 3014 omnia

1934 3070 2055 3111 sunt
2101 3059 2242 3112 vobis
2295 3059 2511 3111 munda.
2560 3056 2659 3110 llic
2696 3071 2818 3110 cum
2859 3054 2971 3122 jam
3013 3053 3304 3122 decrepita;
3345 3050 3524 3105 :etatis

1933 3153 2096 3211 esset,
2131 3164 2464 3218 regnumque
2489 3148 2581 3210 diu,
2610 3147 2831 3202 haberet
2859 3145 3190 3214 predictum,
3225 3143 3395 3208 obiit,
3431 3157 3518 3197 se-

1933 3238 2116 3311 pultus
2139 3241 2190 3294 in
2219 3241 2436 3310 Cujewa
2470 3238 2616 3310 (918)
2651 3239 2871 3292 civitate
2899 3253 3093 3307 magna
3113 3278 3127 3300 ,
3159 3231 3213 3290 et
3243 3237 3296 3290 in
3327 3233 3523 3289 accele-

1933 3335 2013 3390 sia
2045 3334 2247 3387 Christi
2277 3332 2516 3387 martiris
2552 3342 2608 3386 et
2642 3345 2795 3402 papa:
2829 3330 3125 3385 Clementis
3151 3329 3304 3398 juxta
3347 3327 3528 3397 predi-

1931 3436 2076 3482 ctam
2105 3425 2386 3496 conjugem
2415 3439 2589 3488 suam,
2614 3422 2912 3492 sareol'agis
2943 3423 3236 3476 eorundem
3265 3421 3319 3474 in
3346 3421 3527 3474 medio

1932 3518 2118 3588 templi
2164 3518 2340 3587 palam
2383 3515 2672 3570 stantibus.
2711 3514 2876 3582 Cujus
2911 3523 3150 3583 potestas
3197 3515 3341 3567 inter
3385 3512 3524 3567 ﬁlios

1919 3602 2210 3672 'disiditur,
2242 3609 2548 3676 Christique
2576 3606 2847 3675 eloquium
2883 3607 2934 3660 in
2985 3605 3242 3660 omnibus
3284 3603 3524 3658 allii-ma-

1933 3715 2041 3756 tur.
2074 3699 2315 3768 Namque
2341 3715 2532 3754 vereor
2566 3699 2616 3752 id
2641 3698 2923 3767 subsequi,
2953 3697 3096 3766 quod
3141 3712 3244 3751 vox
3271 3695 3525 3750 veritatis

1931 3791 2252 3860 pronunciat
2306 3791 2577 3860 conpleri;
2624 3790 2752 3844 dicit
2787 3791 2929 3843 enim
2978 3808 2990 3842 :
3031 3789 3194 3842 Omne
3225 3803 3438 3857 regnum
3471 3789 3526 3840 in

1933 3899 1986 3938 se
2015 3883 2184 3951 ipsum
2209 3884 2434 3936 divisum
2459 3880 2784 3935 desolabitur
2809 3881 3052 3949 (Luam,
3072 3879 3183 3948 17),
3213 3888 3266 3933 et
3289 3887 3522 3942 caetera;

1934 3989 2098 4042 quam
2128 3983 2187 4028 ut
2224 3984 2438 4030 mutare
2475 3975 2529 4029 in
2560 3974 2666 4028 hiis
2693 3973 2939 4042 partibus
2968 3973 3097 4027 velit
3135 3973 3276 4026 Deus
3308 3977 3526 4034 senten-

1933 4066 2097 4130 ciam,
2133 4068 2310 4122 omnis
2341 4067 2713 4122 christianitas
2751 4075 2869 4120 oret
2903 4066 2967 4136 (f.
3008 4065 3172 4134 175’).
3215 4062 3350 4130 Quia
3380 4077 3527 4116 nunc

1933 4158 2208 4228 paululum
2242 4159 2542 4223 declinavi,
2580 4159 2833 4223 redeam,
2873 4174 2993 4227 quae
3021 4157 3074 4212 in
3112 4157 3358 4226 predieto
3395 4169 3527 4209 eve-

1934 4253 2116 4307 nerint
2137 4268 2296 4316 anno,
2328 4253 2577 4321 superius
2599 4252 2920 4315 indiscussa,
2947 4251 3224 4305 succincte
3251 4247 3524 4316 aperiens.

2004 4345 2093 4400 5'5.
2135 4346 2315 4401 Curtis
2341 4362 2465 4416 pars
2491 4346 2724 4399 maxima
2755 4344 3036 4414 inperialis
3065 4343 3118 4396 in
3149 4340 3366 4402 Palithi,
3391 4347 3446 4394 et
3471 4339 3529 4394 in

1935 4437 2268 4506 Trajectensi
2311 4439 2532 4494 civitate
2579 4437 2756 4506 major
2801 4437 3049 4492 aecelesia
3100 4450 3222 4489 cum
3274 4431 3530 4487 omnibus

239 4515 397 4590 quod
429 4517 478 4572 in
509 4531 695 4591 aperto
722 4523 838 4578 ﬁeri
864 4540 966 4580 non
997 4526 1192 4594 potuit,
1224 4527 1276 4580 in
1317 4536 1528 4582 secreto
1559 4527 1832 4582 studiosus
1860 4515 1910 4574 Π
1939 4529 2243 4585 Ethelbaldi
2294 4531 2531 4600 presulis
2576 4529 2972 4592 mansionibus,
3030 4543 3095 4583 ac
3149 4541 3275 4581 cum
3323 4523 3529 4591 llburg,

237 4610 303 4663 in
348 4609 520 4667 divina
561 4614 721 4670 laude
766 4618 993 4690 peregit.
1040 4617 1139 4671 llic
1175 4633 1298 4672 cum
1333 4635 1391 4674 se
1423 4618 1663 4674 lacrimis
1695 4619 1832 4696 assif

1941 4621 2216 4677 Tbiedrici
2242 4621 2458 4678 comitis
2489 4621 2642 4689 urbe,
2674 4637 2804 4677 casu
2826 4623 3110 4678 accidente
3136 4620 3418 4673 combusta
3446 4625 3533 4669 est

1556 4751 1790 4808 VARUS
1832 4753 2237 4813 LECTIONES.

365 4879 451 4913 ’⁷⁷⁸
477 4885 587 4939 suis
610 4886 886 4939 erasuml.
967 4887 1057 4918 ⁸⁷⁷³
1085 4886 1256 4938 adet!
1291 4887 1339 4940 b.

241 4951 346 4988 1‘!"
386 4950 598 5009 intluosa
627 4972 766 5008 corr.
803 4956 1115 5013 inllnctuosa
1145 4959 1193 5010 1.

234 5033 468 5077 nercum
492 5041 621 5079 τοῖν.
661 5025 934 5080 Venerium
965 5033 1013 5085 1.

1420 4887 1510 4918 ¹⁷⁷³⁵
1525 4887 1794 4943 concessit
1826 4888 1881 4944 2.
1907 4890 1975 4944 Α.
2015 4893 2075 4947 S.

1277 4958 1366 4989 ³⁷⁷⁸
1394 4960 1796 5014 reconciaretur
1828 4961 1880 5013 1.

2929 4889 3024 4923 ⁸τ⁷⁶
3047 4903 3186 4939 corr.
3216 4882 3448 4941 novum?
3478 4883 3536 4934 1.

3321 4953 3412 4984 1781
3441 4967 3538 5006 γε,

2156 4893 2247 4926 ⁸⁷⁷⁵
2275 4893 2432 4946 tertia
2463 4898 2709 4946 ollonem
2739 4891 2764 4945 1
2793 4907 2846 4944 a.

1962 4964 2056 4998 ‘7"
2098 4973 2289 5020 nutant
2330 4965 2348 5016 1
2385 4979 2438 5015 a.
2519 4960 2611 4991 ¹⁷⁸⁰
2655 4963 2762 5017 alia
2798 4976 2960 5015 manu
2987 4957 3153 5028 percit
3195 4959 3242 5011 1.

1781 5142 2026 5213 ΝΟΤίΕ,

259 5307 261 5309 -
303 5246 460 5352 ἔὲἑὲἶ
490 5251 918 5352 famame.
939 5277 998 5352 γ-
1033 5271 1087 5352 ξο
1118 5253 1173 5318 δν
1199 5255 1413 5352 πληθροθς

303 5316 453 5352 mut
490 5324 553 5352 nr
617 5319 784 5352 Διηνιι
835 5316 1067 5352 Ητιέῗλ.
1155 5316 1180 5352 .'.
1237 5325 1339 5352 nne
1406 5328 1513 5352 υ..-
1548 5330 1816 5352 ..-...:,.-_-

1941 5272 2156 5334 notavit
2177 5269 2376 5336 Pagius
2405 5261 2469 5344 ad
2494 5273 2624 5312 ann.
2653 5262 2779 5342 987.
2803 5275 2949 5338 num.
2975 5251 3191 5330 6._Uns.
3219 5322 3236 5328 ρ
