  <div class='ocr_page' id='page_1' title='image "/cluster/home/n/w/nwhite01/storage/ocr_20150623/139/hvd.32044015471782/707.png"; bbox 0 0 4048 5368; ppageno 0'>
   <div class='ocr_carea' id='block_1_1' title="bbox 533 320 672 376">
    <p class='ocr_par' dir='ltr' id='par_1_1' title="bbox 533 320 672 376">
     <span class='ocr_line' id='line_1_1' title="bbox 533 320 672 376; baseline -0.007 0"><span class='ocrx_word' id='word_1_1' title='bbox 533 322 556 376; x_wconf 80' lang='grc'><strong>1</strong></span> <span class='ocrx_word' id='word_1_2' title='bbox 569 320 672 376; x_wconf 67' lang='grc'><strong>403</strong></span> 
     </span>
    </p>
   </div>
   <div class='ocr_carea' id='block_1_2' title="bbox 534 510 2113 583">
    <p class='ocr_par' dir='ltr' id='par_1_2' title="bbox 534 510 2113 583">
     <span class='ocr_line' id='line_1_2' title="bbox 534 510 2113 583; baseline 0.006 -18"><span class='ocrx_word' id='word_1_3' title='bbox 534 510 685 572; x_wconf 88' lang='lat' dir='ltr'><strong>dens,</strong></span> <span class='ocrx_word' id='word_1_4' title='bbox 715 510 780 564; x_wconf 89' lang='lat' dir='ltr'><strong>ad</strong></span> <span class='ocrx_word' id='word_1_5' title='bbox 803 510 1116 578; x_wconf 84' lang='lat' dir='ltr'><strong>Wirciburg</strong></span> <span class='ocrx_word' id='word_1_6' title='bbox 1146 510 1341 580; x_wconf 88' lang='lat' dir='ltr'><strong>primo,</strong></span> <span class='ocrx_word' id='word_1_7' title='bbox 1366 510 1666 583; x_wconf 78' lang='lat' dir='ltr'><strong>deindeq&#39;ue</strong></span> <span class='ocrx_word' id='word_1_8' title='bbox 1701 517 1766 567; x_wconf 91' lang='lat' dir='ltr'><strong>ad</strong></span> <span class='ocrx_word' id='word_1_9' title='bbox 1801 515 2113 574; x_wconf 79' lang='lat' dir='ltr'><strong>Froncana-</strong></span> 
     </span>
    </p>
   </div>
   <div class='ocr_carea' id='block_1_3' title="bbox 533 602 2110 672">
    <p class='ocr_par' dir='ltr' id='par_1_3' title="bbox 533 602 2110 672">
     <span class='ocr_line' id='line_1_3' title="bbox 533 602 2110 672; baseline 0.005 -15"><span class='ocrx_word' id='word_1_10' title='bbox 533 602 705 657; x_wconf 83' lang='lat' dir='ltr'><strong>wordi</strong></span> <span class='ocrx_word' id='word_1_11' title='bbox 737 603 831 636; x_wconf 60' lang='lat'><strong>&quot;&#39;3</strong></span> <span class='ocrx_word' id='word_1_12' title='bbox 860 603 1028 666; x_wconf 84' lang='lat' dir='ltr'><strong>venit,</strong></span> <span class='ocrx_word' id='word_1_13' title='bbox 1058 602 1366 672; x_wconf 76' lang='lat' dir='ltr'><strong>ibidemque</strong></span> <span class='ocrx_word' id='word_1_14' title='bbox 1403 605 1740 660; x_wconf 76' lang='lat' dir='ltr'><strong>nativitatem</strong></span> <span class='ocrx_word' id='word_1_15' title='bbox 1775 608 2110 665; x_wconf 83' lang='lat' dir='ltr'><strong>Domintcam</strong></span> 
     </span>
    </p>
   </div>
   <div class='ocr_carea' id='block_1_4' title="bbox 533 685 2115 765">
    <p class='ocr_par' dir='ltr' id='par_1_4' title="bbox 533 685 2115 765">
     <span class='ocr_line' id='line_1_4' title="bbox 533 685 2115 765; baseline 0.006 -19"><span class='ocrx_word' id='word_1_16' title='bbox 533 685 744 748; x_wconf 80' lang='lat' dir='ltr'><strong>festivis</strong></span> <span class='ocrx_word' id='word_1_17' title='bbox 770 695 976 765; x_wconf 79' lang='lat' dir='ltr'><strong>peregit</strong></span> <span class='ocrx_word' id='word_1_18' title='bbox 997 695 1227 765; x_wconf 79' lang='lat' dir='ltr'><strong>gaudiis.</strong></span> <span class='ocrx_word' id='word_1_19' title='bbox 1259 695 1366 750; x_wconf 85' lang='lat' dir='ltr'><strong>Sed</strong></span> <span class='ocrx_word' id='word_1_20' title='bbox 1399 712 1464 751; x_wconf 90' lang='lat' dir='ltr'><strong>ne</strong></span> <span class='ocrx_word' id='word_1_21' title='bbox 1485 697 1643 765; x_wconf 83' lang='lat' dir='ltr'><strong>hujus</strong></span> <span class='ocrx_word' id='word_1_22' title='bbox 1670 701 1903 755; x_wconf 80' lang='lat' dir='ltr'><strong>nominis</strong></span> <span class='ocrx_word' id='word_1_23' title='bbox 1933 711 2115 757; x_wconf 87' lang='lat' dir='ltr'><strong>aucto-</strong></span> 
     </span>
    </p>
   </div>
   <div class='ocr_carea' id='block_1_5' title="bbox 534 786 2111 857">
    <p class='ocr_par' dir='ltr' id='par_1_5' title="bbox 534 786 2111 857">
     <span class='ocr_line' id='line_1_5' title="bbox 534 786 2111 857; baseline 0.006 -17"><span class='ocrx_word' id='word_1_24' title='bbox 534 786 670 840; x_wconf 80' lang='lat' dir='ltr'><strong>ritas</strong></span> <span class='ocrx_word' id='word_1_25' title='bbox 700 786 794 819; x_wconf 69' lang='lat' dir='ltr'><strong>‘m</strong></span> <span class='ocrx_word' id='word_1_26' title='bbox 823 795 874 842; x_wconf 94' lang='lat' dir='ltr'><strong>te</strong></span> <span class='ocrx_word' id='word_1_27' title='bbox 911 788 1168 842; x_wconf 82' lang='lat' dir='ltr'><strong>lectorem</strong></span> <span class='ocrx_word' id='word_1_28' title='bbox 1198 788 1429 857; x_wconf 82' lang='lat' dir='ltr'><strong>amplius</strong></span> <span class='ocrx_word' id='word_1_29' title='bbox 1457 788 1662 856; x_wconf 81' lang='lat' dir='ltr'><strong>lateat-,</strong></span> <span class='ocrx_word' id='word_1_30' title='bbox 1689 794 1834 847; x_wconf 86' lang='lat' dir='ltr'><strong>sicut</strong></span> <span class='ocrx_word' id='word_1_31' title='bbox 1861 810 1890 846; x_wconf 89' lang='lat' dir='ltr'><strong>a</strong></span> <span class='ocrx_word' id='word_1_32' title='bbox 1929 796 2111 849; x_wconf 79' lang='lat' dir='ltr'><strong>credi-</strong></span> 
     </span>
    </p>
   </div>
   <div class='ocr_carea' id='block_1_6' title="bbox 533 877 2113 953">
    <p class='ocr_par' dir='ltr' id='par_1_6' title="bbox 533 877 2113 953">
     <span class='ocr_line' id='line_1_6' title="bbox 533 877 2113 953; baseline 0.006 -21"><span class='ocrx_word' id='word_1_33' title='bbox 533 877 732 933; x_wconf 88' lang='lat' dir='ltr'><strong>bilibus</strong></span> <span class='ocrx_word' id='word_1_34' title='bbox 763 880 895 934; x_wconf 79' lang='lat' dir='ltr'><strong>viris</strong></span> <span class='ocrx_word' id='word_1_35' title='bbox 933 880 1150 946; x_wconf 89' lang='lat' dir='ltr'><strong>audivi,</strong></span> <span class='ocrx_word' id='word_1_36' title='bbox 1191 880 1270 935; x_wconf 90' lang='lat' dir='ltr'><strong>sic</strong></span> <span class='ocrx_word' id='word_1_37' title='bbox 1299 881 1628 940; x_wconf 83' lang='lat' dir='ltr'><strong>adnunciare</strong></span> <span class='ocrx_word' id='word_1_38' title='bbox 1655 884 1812 953; x_wconf 88' lang='lat' dir='ltr'><strong>cupio</strong></span> <span class='ocrx_word' id='word_1_39' title='bbox 1851 885 1964 938; x_wconf 86' lang='lat' dir='ltr'><strong>tibi.</strong></span> <span class='ocrx_word' id='word_1_40' title='bbox 2009 886 2113 942; x_wconf 83' lang='lat' dir='ltr'><strong>Re-</strong></span> 
     </span>
    </p>
   </div>
   <div class='ocr_carea' id='block_1_7' title="bbox 534 970 2109 1049">
    <p class='ocr_par' dir='ltr' id='par_1_7' title="bbox 534 970 2109 1049">
     <span class='ocr_line' id='line_1_7' title="bbox 534 970 2109 1049; baseline 0.007 -27"><span class='ocrx_word' id='word_1_41' title='bbox 534 978 738 1040; x_wconf 76' lang='lat' dir='ltr'><strong>gnante</strong></span> <span class='ocrx_word' id='word_1_42' title='bbox 762 970 960 1026; x_wconf 85' lang='lat' dir='ltr'><strong>Karnlo</strong></span> <span class='ocrx_word' id='word_1_43' title='bbox 989 973 1315 1042; x_wconf 75' lang='lat' dir='ltr'><strong>imperatore</strong></span> <span class='ocrx_word' id='word_1_44' title='bbox 1342 988 1557 1043; x_wconf 77' lang='lat' dir='ltr'><strong>magno,</strong></span> <span class='ocrx_word' id='word_1_45' title='bbox 1580 974 1790 1047; x_wconf 82' lang='lat' dir='ltr'><strong>Pippiai</strong></span> <span class='ocrx_word' id='word_1_46' title='bbox 1812 978 1956 1049; x_wconf 83' lang='lat' dir='ltr'><strong>regis</strong></span> <span class='ocrx_word' id='word_1_47' title='bbox 1981 979 2109 1045; x_wconf 92' lang='lat' dir='ltr'><strong>ﬁlio,</strong></span> 
     </span>
    </p>
   </div>
   <div class='ocr_carea' id='block_1_8' title="bbox 533 1062 2110 1137">
    <p class='ocr_par' dir='ltr' id='par_1_8' title="bbox 533 1062 2110 1137">
     <span class='ocr_line' id='line_1_8' title="bbox 533 1062 2110 1137; baseline 0.007 -20"><span class='ocrx_word' id='word_1_48' title='bbox 533 1062 736 1117; x_wconf 88' lang='lat' dir='ltr'><strong>bellum</strong></span> <span class='ocrx_word' id='word_1_49' title='bbox 776 1063 836 1118; x_wconf 91' lang='lat' dir='ltr'><strong>ﬁt</strong></span> <span class='ocrx_word' id='word_1_50' title='bbox 877 1065 1020 1121; x_wconf 89' lang='lat' dir='ltr'><strong>inter</strong></span> <span class='ocrx_word' id='word_1_51' title='bbox 1050 1081 1177 1120; x_wconf 88' lang='lat' dir='ltr'><strong>suos</strong></span> <span class='ocrx_word' id='word_1_52' title='bbox 1219 1074 1276 1121; x_wconf 85' lang='lat' dir='ltr'><strong>ct</strong></span> <span class='ocrx_word' id='word_1_53' title='bbox 1310 1068 1724 1135; x_wconf 82' lang='lat' dir='ltr'><strong>predecessorcs</strong></span> <span class='ocrx_word' id='word_1_54' title='bbox 1767 1084 2014 1137; x_wconf 87' lang='lat' dir='ltr'><strong>nostros,</strong></span> <span class='ocrx_word' id='word_1_55' title='bbox 2057 1074 2110 1129; x_wconf 92' lang='lat' dir='ltr'><strong>in</strong></span> 
     </span>
    </p>
   </div>
   <div class='ocr_carea' id='block_1_9' title="bbox 534 1156 2110 1226">
    <p class='ocr_par' dir='ltr' id='par_1_9' title="bbox 534 1156 2110 1226">
     <span class='ocr_line' id='line_1_9' title="bbox 534 1156 2110 1226; baseline 0.009 -20"><span class='ocrx_word' id='word_1_56' title='bbox 534 1167 642 1221; x_wconf 91' lang='lat' dir='ltr'><strong>quo</strong></span> <span class='ocrx_word' id='word_1_57' title='bbox 675 1156 973 1212; x_wconf 88' lang='lat' dir='ltr'><strong>certamine</strong></span> <span class='ocrx_word' id='word_1_58' title='bbox 997 1157 1191 1213; x_wconf 85' lang='lat' dir='ltr'><strong>Franci</strong></span> <span class='ocrx_word' id='word_1_59' title='bbox 1222 1175 1253 1214; x_wconf 90' lang='lat' dir='ltr'><strong>a</strong></span> <span class='ocrx_word' id='word_1_60' title='bbox 1278 1161 1481 1215; x_wconf 76' lang='lat' dir='ltr'><strong>nostris</strong></span> <span class='ocrx_word' id='word_1_61' title='bbox 1506 1162 1723 1226; x_wconf 78' lang='lat' dir='ltr'><strong>devicti,</strong></span> <span class='ocrx_word' id='word_1_62' title='bbox 1751 1179 1874 1218; x_wconf 88' lang='lat' dir='ltr'><strong>cum</strong></span> <span class='ocrx_word' id='word_1_63' title='bbox 1913 1165 2110 1222; x_wconf 85' lang='lat' dir='ltr'><strong>ﬁumen</strong></span> 
     </span>
    </p>
   </div>
   <div class='ocr_carea' id='block_1_10' title="bbox 534 1244 2111 1329">
    <p class='ocr_par' dir='ltr' id='par_1_10' title="bbox 534 1244 2111 1329">
     <span class='ocr_line' id='line_1_10' title="bbox 534 1244 2111 1329; baseline 0.012 -31"><span class='ocrx_word' id='word_1_64' title='bbox 534 1244 676 1300; x_wconf 82' lang='lat' dir='ltr'><strong>Moin</strong></span> <span class='ocrx_word' id='word_1_65' title='bbox 717 1246 915 1303; x_wconf 91' lang='lat' dir='ltr'><strong>dictum</strong></span> <span class='ocrx_word' id='word_1_66' title='bbox 947 1251 1065 1306; x_wconf 84' lang='lat' dir='ltr'><strong>sine</strong></span> <span class='ocrx_word' id='word_1_67' title='bbox 1104 1253 1286 1322; x_wconf 79' lang='lat' dir='ltr'><strong>aliqua</strong></span> <span class='ocrx_word' id='word_1_68' title='bbox 1331 1256 1449 1310; x_wconf 86' lang='lat' dir='ltr'><strong>vadi</strong></span> <span class='ocrx_word' id='word_1_69' title='bbox 1497 1258 1818 1314; x_wconf 87' lang='lat' dir='ltr'><strong>certitudine</strong></span> <span class='ocrx_word' id='word_1_70' title='bbox 1869 1259 2111 1329; x_wconf 86' lang='lat' dir='ltr'><strong>palantes</strong></span> 
     </span>
    </p>
   </div>
   <div class='ocr_carea' id='block_1_11' title="bbox 535 1341 2109 1419">
    <p class='ocr_par' dir='ltr' id='par_1_11' title="bbox 535 1341 2109 1419">
     <span class='ocr_line' id='line_1_11' title="bbox 535 1341 2109 1419; baseline 0.011 -27"><span class='ocrx_word' id='word_1_71' title='bbox 535 1341 768 1396; x_wconf 89' lang='lat' dir='ltr'><strong>transire</strong></span> <span class='ocrx_word' id='word_1_72' title='bbox 801 1355 1138 1415; x_wconf 77' lang='lat' dir='ltr'><strong>cogerentur,</strong></span> <span class='ocrx_word' id='word_1_73' title='bbox 1167 1363 1385 1416; x_wconf 69' lang='lat' dir='ltr'><strong>cervam</strong></span> <span class='ocrx_word' id='word_1_74' title='bbox 1421 1353 1797 1419; x_wconf 80' lang='lat' dir='ltr'><strong>procedentem</strong></span> <span class='ocrx_word' id='word_1_75' title='bbox 1840 1363 1893 1408; x_wconf 91' lang='lat' dir='ltr'><strong>et</strong></span> <span class='ocrx_word' id='word_1_76' title='bbox 1928 1354 2109 1410; x_wconf 86' lang='lat' dir='ltr'><strong>divina</strong></span> 
     </span>
    </p>
   </div>
   <div class='ocr_carea' id='block_1_12' title="bbox 536 1433 2114 1509">
    <p class='ocr_par' dir='ltr' id='par_1_12' title="bbox 536 1433 2114 1509">
     <span class='ocr_line' id='line_1_12' title="bbox 536 1433 2114 1509; baseline 0.012 -24"><span class='ocrx_word' id='word_1_77' title='bbox 536 1433 894 1492; x_wconf 89' lang='lat' dir='ltr'><strong>miseracione</strong></span> <span class='ocrx_word' id='word_1_78' title='bbox 927 1440 1079 1509; x_wconf 87' lang='lat' dir='ltr'><strong>quasi</strong></span> <span class='ocrx_word' id='word_1_79' title='bbox 1121 1440 1258 1495; x_wconf 88' lang='lat' dir='ltr'><strong>viam</strong></span> <span class='ocrx_word' id='word_1_80' title='bbox 1296 1442 1376 1498; x_wconf 90' lang='lat' dir='ltr'><strong>eis</strong></span> <span class='ocrx_word' id='word_1_81' title='bbox 1417 1444 1879 1501; x_wconf 82' lang='lat' dir='ltr'><strong>demonstrantetn</strong></span> <span class='ocrx_word' id='word_1_82' title='bbox 1923 1449 2114 1504; x_wconf 86' lang='lat' dir='ltr'><strong>subse-</strong></span> 
     </span>
    </p>
   </div>
   <div class='ocr_carea' id='block_1_13' title="bbox 536 1524 2111 1604">
    <p class='ocr_par' dir='ltr' id='par_1_13' title="bbox 536 1524 2111 1604">
     <span class='ocr_line' id='line_1_13' title="bbox 536 1524 2111 1604; baseline 0.011 -27"><span class='ocrx_word' id='word_1_83' title='bbox 536 1524 714 1595; x_wconf 90' lang='lat' dir='ltr'><strong>quuli,</strong></span> <span class='ocrx_word' id='word_1_84' title='bbox 745 1529 911 1597; x_wconf 87' lang='lat' dir='ltr'><strong>optati</strong></span> <span class='ocrx_word' id='word_1_85' title='bbox 950 1529 1148 1585; x_wconf 85' lang='lat' dir='ltr'><strong>littoris</strong></span> <span class='ocrx_word' id='word_1_86' title='bbox 1181 1534 1472 1594; x_wconf 84' lang='lat' dir='ltr'><strong>securitate</strong></span> <span class='ocrx_word' id='word_1_87' title='bbox 1500 1537 1789 1604; x_wconf 86' lang='lat' dir='ltr'><strong>pociuntnr</strong></span> <span class='ocrx_word' id='word_1_88' title='bbox 1824 1538 1954 1595; x_wconf 70' lang='lat' dir='ltr'><strong>laeti.</strong></span> <span class='ocrx_word' id='word_1_89' title='bbox 1982 1540 2111 1595; x_wconf 87' lang='lat' dir='ltr'><strong>Inde</strong></span> 
     </span>
    </p>
   </div>
   <div class='ocr_carea' id='block_1_14' title="bbox 531 1615 2111 1688">
    <p class='ocr_par' dir='ltr' id='par_1_14' title="bbox 531 1615 2111 1688">
     <span class='ocr_line' id='line_1_14' title="bbox 531 1615 2111 1688; baseline 0.011 -17"><span class='ocrx_word' id='word_1_90' title='bbox 531 1615 684 1672; x_wconf 89' lang='lat' dir='ltr'><strong>locus</strong></span> <span class='ocrx_word' id='word_1_91' title='bbox 723 1619 810 1676; x_wconf 92' lang='lat' dir='ltr'><strong>hic</strong></span> <span class='ocrx_word' id='word_1_92' title='bbox 851 1620 1184 1678; x_wconf 83' lang='lat' dir='ltr'><strong>Francorum</strong></span> <span class='ocrx_word' id='word_1_93' title='bbox 1233 1626 1409 1681; x_wconf 89' lang='lat' dir='ltr'><strong>dictus</strong></span> <span class='ocrx_word' id='word_1_94' title='bbox 1444 1637 1528 1682; x_wconf 83' lang='lat' dir='ltr'><strong>est</strong></span> <span class='ocrx_word' id='word_1_95' title='bbox 1567 1630 1783 1684; x_wconf 83' lang='lat' dir='ltr'><strong>vadum.</strong></span> <span class='ocrx_word' id='word_1_96' title='bbox 1821 1631 1876 1684; x_wconf 81' lang='lat' dir='ltr'><strong>in</strong></span> <span class='ocrx_word' id='word_1_97' title='bbox 1906 1632 1992 1686; x_wconf 89' lang='lat' dir='ltr'><strong>illa</strong></span> <span class='ocrx_word' id='word_1_98' title='bbox 2015 1649 2111 1688; x_wconf 76' lang='lat' dir='ltr'><strong>ex-</strong></span> 
     </span>
    </p>
   </div>
   <div class='ocr_carea' id='block_1_15' title="bbox 533 1709 2108 1789">
    <p class='ocr_par' dir='ltr' id='par_1_15' title="bbox 533 1709 2108 1789">
     <span class='ocr_line' id='line_1_15' title="bbox 533 1709 2108 1789; baseline 0.011 -26"><span class='ocrx_word' id='word_1_99' title='bbox 533 1709 816 1778; x_wconf 89' lang='lat' dir='ltr'><strong>pedicione</strong></span> <span class='ocrx_word' id='word_1_100' title='bbox 861 1715 1136 1784; x_wconf 86' lang='lat' dir='ltr'><strong>predictus</strong></span> <span class='ocrx_word' id='word_1_101' title='bbox 1165 1732 1339 1783; x_wconf 87' lang='lat' dir='ltr'><strong>cesar,</strong></span> <span class='ocrx_word' id='word_1_102' title='bbox 1371 1734 1494 1774; x_wconf 90' lang='lat' dir='ltr'><strong>cum</strong></span> <span class='ocrx_word' id='word_1_103' title='bbox 1520 1735 1577 1775; x_wconf 92' lang='lat' dir='ltr'><strong>se</strong></span> <span class='ocrx_word' id='word_1_104' title='bbox 1597 1719 1709 1789; x_wconf 88' lang='lat' dir='ltr'><strong>jam</strong></span> <span class='ocrx_word' id='word_1_105' title='bbox 1761 1724 1828 1777; x_wconf 89' lang='lat' dir='ltr'><strong>ab</strong></span> <span class='ocrx_word' id='word_1_106' title='bbox 1863 1725 2108 1780; x_wconf 85' lang='lat' dir='ltr'><strong>hostibus</strong></span> 
     </span>
    </p>
   </div>
   <div class='ocr_carea' id='block_1_16' title="bbox 1455 323 2836 397">
    <p class='ocr_par' dir='ltr' id='par_1_16' title="bbox 1455 323 2836 397">
     <span class='ocr_line' id='line_1_16' title="bbox 1455 323 2836 397; baseline 0.014 -20"><span class='ocrx_word' id='word_1_107' title='bbox 1455 323 1828 382; x_wconf 68' lang='lat' dir='ltr'><strong>TlllE&#39;I‘MARI</strong></span> <span class='ocrx_word' id='word_1_108' title='bbox 1869 326 2176 384; x_wconf 84' lang='lat' dir='ltr'><strong>EPISCOPI</strong></span> <span class='ocrx_word' id='word_1_109' title='bbox 2215 329 2635 395; x_wconf 76' lang='lat' dir='ltr'><strong>MERSEBURG</strong></span> <span class='ocrx_word' id='word_1_110' title='bbox 2647 339 2836 397; x_wconf 75' lang='lat' dir='ltr'><strong>ENSIS</strong></span> 
     </span>
    </p>
   </div>
   <div class='ocr_carea' id='block_1_17' title="bbox 534 415 2186 493">
    <p class='ocr_par' dir='ltr' id='par_1_17' title="bbox 534 415 2186 493">
     <span class='ocr_line' id='line_1_17' title="bbox 534 415 2186 493; baseline 0.005 -22"><span class='ocrx_word' id='word_1_111' title='bbox 534 417 627 488; x_wconf 87' lang='lat' dir='ltr'><strong>(an</strong></span> <span class='ocrx_word' id='word_1_112' title='bbox 657 416 837 485; x_wconf 80' lang='grc'><strong>1017).</strong></span> <span class='ocrx_word' id='word_1_113' title='bbox 876 415 1156 487; x_wconf 85' lang='lat' dir='ltr'><strong>Inpcrator</strong></span> <span class='ocrx_word' id='word_1_114' title='bbox 1185 425 1363 472; x_wconf 87' lang='lat' dir='ltr'><strong>autem</strong></span> <span class='ocrx_word' id='word_1_115' title='bbox 1397 435 1426 472; x_wconf 90' lang='lat' dir='ltr'><strong>a</strong></span> <span class='ocrx_word' id='word_1_116' title='bbox 1470 418 1784 493; x_wconf 78' lang='lat' dir='ltr'><strong>Bavanberg</strong></span> <span class='ocrx_word' id='word_1_117' title='bbox 1818 423 1906 457; x_wconf 72' lang='grc'><strong>’⁷⁸⁸</strong></span> <span class='ocrx_word' id='word_1_118' title='bbox 1939 424 2110 478; x_wconf 88' lang='lat' dir='ltr'><strong>disce-</strong></span> <span class='ocrx_word' id='word_1_119' title='bbox 2140 429 2186 486; x_wconf 77' lang='grc' dir='ltr'><strong>Α</strong></span> 
     </span>
    </p>
   </div>
   <div class='ocr_carea' id='block_1_18' title="bbox 3646 353 3787 413">
    <p class='ocr_par' dir='ltr' id='par_1_18' title="bbox 3646 353 3787 413">
     <span class='ocr_line' id='line_1_18' title="bbox 3646 353 3787 413; baseline 0.028 -4"><span class='ocrx_word' id='word_1_120' title='bbox 3646 353 3787 413; x_wconf 70' lang='grc' dir='ltr'><strong>ΝΜ</strong></span> 
     </span>
    </p>
   </div>
   <div class='ocr_carea' id='block_1_19' title="bbox 2355 430 3786 514">
    <p class='ocr_par' dir='ltr' id='par_1_19' title="bbox 2355 430 3786 514">
     <span class='ocr_line' id='line_1_19' title="bbox 2355 430 3786 514; baseline 0.017 -31"><span class='ocrx_word' id='word_1_121' title='bbox 2355 430 2454 514; x_wconf 79' lang='lat' dir='ltr'><strong>bus</strong></span> <span class='ocrx_word' id='word_1_122' title='bbox 2489 437 2738 514; x_wconf 72' lang='lat' dir='ltr'><strong>terminis</strong></span> <span class='ocrx_word' id='word_1_123' title='bbox 2781 437 3127 514; x_wconf 25' lang='lat' dir='ltr'><strong>sui‘s.__Hujus</strong></span> <span class='ocrx_word' id='word_1_124' title='bbox 3166 459 3379 514; x_wconf 86' lang='lat' dir='ltr'><strong>quoque</strong></span> <span class='ocrx_word' id='word_1_125' title='bbox 3423 446 3568 504; x_wconf 81' lang='lat' dir='ltr'><strong>ﬁlius</strong></span> <span class='ocrx_word' id='word_1_126' title='bbox 3603 447 3786 508; x_wconf 82' lang='lat' dir='ltr'><strong>Ludo-</strong></span> 
     </span>
    </p>
   </div>
   <div class='ocr_carea' id='block_1_20' title="bbox 2355 503 3794 584">
    <p class='ocr_par' dir='ltr' id='par_1_20' title="bbox 2355 503 3794 584">
     <span class='ocr_line' id='line_1_20' title="bbox 2355 503 3794 584; baseline 0.016 -28"><span class='ocrx_word' id='word_1_127' title='bbox 2355 503 2521 558; x_wconf 84' lang='lat' dir='ltr'><strong>wicus</strong></span> <span class='ocrx_word' id='word_1_128' title='bbox 2546 504 2729 573; x_wconf 88' lang='lat' dir='ltr'><strong>junior</strong></span> <span class='ocrx_word' id='word_1_129' title='bbox 2755 510 2973 584; x_wconf 81' lang='lat' dir='ltr'><strong>tradidit</strong></span> <span class='ocrx_word' id='word_1_130' title='bbox 2991 503 3261 570; x_wconf 77' lang='lat' dir='ltr'><strong>abbatiam</strong></span> <span class='ocrx_word' id='word_1_131' title='bbox 3286 503 3526 584; x_wconf 56' lang='lat' dir='ltr'><strong>&#39;Visbike,</strong></span> <span class='ocrx_word' id='word_1_132' title='bbox 3548 503 3794 580; x_wconf 68' lang='lat' dir='ltr'><strong>decimas</strong></span> 
     </span>
    </p>
   </div>
   <div class='ocr_carea' id='block_1_21' title="bbox 2355 579 3787 661">
    <p class='ocr_par' dir='ltr' id='par_1_21' title="bbox 2355 579 3787 661">
     <span class='ocr_line' id='line_1_21' title="bbox 2355 579 3787 661; baseline 0.017 -37"><span class='ocrx_word' id='word_1_133' title='bbox 2355 588 2569 661; x_wconf 70' lang='lat' dir='ltr'><strong>quoque</strong></span> <span class='ocrx_word' id='word_1_134' title='bbox 2619 593 2740 661; x_wconf 74' lang='lat' dir='ltr'><strong>cum</strong></span> <span class='ocrx_word' id='word_1_135' title='bbox 2796 579 3150 661; x_wconf 79' lang='lat' dir='ltr'><strong>decimalibus</strong></span> <span class='ocrx_word' id='word_1_136' title='bbox 3179 587 3428 661; x_wconf 80' lang='lat' dir='ltr'><strong>ecclesiis</strong></span> <span class='ocrx_word' id='word_1_137' title='bbox 3477 579 3530 646; x_wconf 81' lang='lat' dir='ltr'><strong>in</strong></span> <span class='ocrx_word' id='word_1_138' title='bbox 3580 579 3787 661; x_wconf 51' lang='lat' dir='ltr'><strong>episcoé</strong></span> 
     </span>
    </p>
   </div>
   <div class='ocr_carea' id='block_1_22' title="bbox 2357 646 3792 731">
    <p class='ocr_par' dir='ltr' id='par_1_22' title="bbox 2357 646 3792 731">
     <span class='ocr_line' id='line_1_22' title="bbox 2357 646 3792 731; baseline 0.017 -36"><span class='ocrx_word' id='word_1_139' title='bbox 2357 653 2482 731; x_wconf 79' lang='lat' dir='ltr'><strong>patu</strong></span> <span class='ocrx_word' id='word_1_140' title='bbox 2528 646 2894 731; x_wconf 40' lang='lat' dir='ltr'><strong>{Isnebruggh</strong></span> <span class='ocrx_word' id='word_1_141' title='bbox 2943 663 2997 707; x_wconf 92' lang='lat' dir='ltr'><strong>et</strong></span> <span class='ocrx_word' id='word_1_142' title='bbox 3051 656 3400 731; x_wconf 82' lang='lat' dir='ltr'><strong>piscationem</strong></span> <span class='ocrx_word' id='word_1_143' title='bbox 3441 662 3495 715; x_wconf 93' lang='lat' dir='ltr'><strong>in</strong></span> <span class='ocrx_word' id='word_1_144' title='bbox 3535 646 3792 731; x_wconf 43' lang='lat' dir='ltr'><strong>was-ds,</strong></span> 
     </span>
    </p>
   </div>
   <div class='ocr_carea' id='block_1_23' title="bbox 2355 716 3785 800">
    <p class='ocr_par' dir='ltr' id='par_1_23' title="bbox 2355 716 3785 800">
     <span class='ocr_line' id='line_1_23' title="bbox 2355 716 3785 800; baseline 0.015 -33"><span class='ocrx_word' id='word_1_145' title='bbox 2355 727 2477 800; x_wconf 54' lang='lat' dir='ltr'><strong>quae</strong></span> <span class='ocrx_word' id='word_1_146' title='bbox 2509 716 2709 800; x_wconf 69' lang='lat' dir='ltr'><strong>dicitur</strong></span> <span class='ocrx_word' id='word_1_147' title='bbox 2742 716 2995 800; x_wconf 69' lang='lat' dir='ltr'><strong>Hocvvar;</strong></span> <span class='ocrx_word' id='word_1_148' title='bbox 3043 716 3163 800; x_wconf 66' lang='lat' dir='ltr'><strong>qua:</strong></span> <span class='ocrx_word' id='word_1_149' title='bbox 3199 729 3312 798; x_wconf 88' lang='lat' dir='ltr'><strong>jam</strong></span> <span class='ocrx_word' id='word_1_150' title='bbox 3356 731 3608 800; x_wconf 88' lang='lat' dir='ltr'><strong>superius</strong></span> <span class='ocrx_word' id='word_1_151' title='bbox 3643 716 3785 788; x_wconf 60' lang='lat' dir='ltr'><strong>dicta</strong></span> 
     </span>
    </p>
   </div>
   <div class='ocr_carea' id='block_1_24' title="bbox 2357 788 3789 867">
    <p class='ocr_par' dir='ltr' id='par_1_24' title="bbox 2357 788 3789 867">
     <span class='ocr_line' id='line_1_24' title="bbox 2357 788 3789 867; baseline 0.016 -31"><span class='ocrx_word' id='word_1_152' title='bbox 2357 798 2500 867; x_wconf 64' lang='lat' dir='ltr'><strong>sunt.</strong></span> <span class='ocrx_word' id='word_1_153' title='bbox 2529 788 2642 867; x_wconf 38' lang='lat' dir='ltr'><strong>_ln&#39;_</strong></span> <span class='ocrx_word' id='word_1_154' title='bbox 2661 789 2765 846; x_wconf 89' lang='lat' dir='ltr'><strong>hoc</strong></span> <span class='ocrx_word' id='word_1_155' title='bbox 2796 794 3031 867; x_wconf 72' lang='lat' dir='ltr'><strong>cenobio</strong></span> <span class='ocrx_word' id='word_1_156' title='bbox 3061 788 3244 866; x_wconf 59' lang='lat' dir='ltr'><strong>&#39;prim&#39;o</strong></span> <span class='ocrx_word' id='word_1_157' title='bbox 3286 788 3587 857; x_wconf 68' lang='lat' dir='ltr'><strong>monastic:</strong></span> <span class='ocrx_word' id='word_1_158' title='bbox 3631 805 3789 858; x_wconf 85' lang='lat' dir='ltr'><strong>disci-</strong></span> 
     </span>
    </p>
   </div>
   <div class='ocr_carea' id='block_1_25' title="bbox 2357 855 3796 941">
    <p class='ocr_par' dir='ltr' id='par_1_25' title="bbox 2357 855 3796 941">
     <span class='ocr_line' id='line_1_25' title="bbox 2357 855 3796 941; baseline 0.015 -34"><span class='ocrx_word' id='word_1_159' title='bbox 2357 855 2498 941; x_wconf 73' lang='lat' dir='ltr'><strong>plina</strong></span> <span class='ocrx_word' id='word_1_160' title='bbox 2527 858 2578 938; x_wconf 82' lang='lat' dir='ltr'><strong>in</strong></span> <span class='ocrx_word' id='word_1_161' title='bbox 2611 857 2843 937; x_wconf 68' lang='lat' dir='ltr'><strong>Saxonia</strong></span> <span class='ocrx_word' id='word_1_162' title='bbox 2872 855 3147 941; x_wconf 47' lang='lat' dir='ltr'><strong>ﬁoruiﬁet</strong></span> <span class='ocrx_word' id='word_1_163' title='bbox 3173 855 3515 939; x_wconf 88' lang='lat' dir='ltr'><strong>postmodum</strong></span> <span class='ocrx_word' id='word_1_164' title='bbox 3532 855 3796 941; x_wconf 61' lang='lat' dir='ltr'><strong>pluribus</strong></span> 
     </span>
    </p>
   </div>
   <div class='ocr_carea' id='block_1_26' title="bbox 2355 926 3792 1005">
    <p class='ocr_par' dir='ltr' id='par_1_26' title="bbox 2355 926 3792 1005">
     <span class='ocr_line' id='line_1_26' title="bbox 2355 926 3792 1005; baseline 0.015 -26"><span class='ocrx_word' id='word_1_165' title='bbox 2355 926 2409 979; x_wconf 88' lang='lat' dir='ltr'><strong>in</strong></span> <span class='ocrx_word' id='word_1_166' title='bbox 2443 926 2570 1005; x_wconf 74' lang='lat' dir='ltr'><strong>locis</strong></span> <span class='ocrx_word' id='word_1_167' title='bbox 2602 928 2716 1005; x_wconf 77' lang='lat' dir='ltr'><strong>ejus</strong></span> <span class='ocrx_word' id='word_1_168' title='bbox 2746 937 2967 1001; x_wconf 61' lang='lat' dir='ltr'><strong>patriae,</strong></span> <span class='ocrx_word' id='word_1_169' title='bbox 3011 926 3236 1005; x_wconf 63' lang='lat' dir='ltr'><strong>quoru&#39;m</strong></span> <span class='ocrx_word' id='word_1_170' title='bbox 3273 944 3513 996; x_wconf 90' lang='lat' dir='ltr'><strong>omnium</strong></span> <span class='ocrx_word' id='word_1_171' title='bbox 3543 926 3792 1000; x_wconf 55' lang='lat' dir='ltr'><strong>coriis;</strong></span> 
     </span>
    </p>
   </div>
   <div class='ocr_carea' id='block_1_27' title="bbox 2355 999 3792 1083">
    <p class='ocr_par' dir='ltr' id='par_1_27' title="bbox 2355 999 3792 1083">
     <span class='ocr_line' id='line_1_27' title="bbox 2355 999 3792 1083; baseline 0.014 -34"><span class='ocrx_word' id='word_1_172' title='bbox 2355 1011 2461 1083; x_wconf 77' lang='lat' dir='ltr'><strong>non</strong></span> <span class='ocrx_word' id='word_1_173' title='bbox 2493 999 2776 1083; x_wconf 58' lang='lat' dir='ltr'><strong>immerito</strong></span> <span class='ocrx_word' id='word_1_174' title='bbox 2799 1017 2962 1072; x_wconf 90' lang='lat' dir='ltr'><strong>caput</strong></span> <span class='ocrx_word' id='word_1_175' title='bbox 3004 999 3055 1062; x_wconf 73' lang='lat' dir='ltr'><strong>et</strong></span> <span class='ocrx_word' id='word_1_176' title='bbox 3088 1020 3262 1065; x_wconf 86' lang='lat' dir='ltr'><strong>mater</strong></span> <span class='ocrx_word' id='word_1_177' title='bbox 3295 1023 3347 1066; x_wconf 88' lang='lat' dir='ltr'><strong>et</strong></span> <span class='ocrx_word' id='word_1_178' title='bbox 3388 999 3792 1083; x_wconf 79' lang='lat' dir='ltr'><strong>quodammodo</strong></span> 
     </span>
    </p>
   </div>
   <div class='ocr_carea' id='block_1_28' title="bbox 2359 1074 3792 1155">
    <p class='ocr_par' dir='ltr' id='par_1_28' title="bbox 2359 1074 3792 1155">
     <span class='ocr_line' id='line_1_28' title="bbox 2359 1074 3792 1155; baseline 0.013 -36"><span class='ocrx_word' id='word_1_179' title='bbox 2359 1074 2531 1155; x_wconf 66' lang='lat' dir='ltr'><strong>tocius</strong></span> <span class='ocrx_word' id='word_1_180' title='bbox 2551 1074 2725 1155; x_wconf 75' lang='lat' dir='ltr'><strong>patrie</strong></span> <span class='ocrx_word' id='word_1_181' title='bbox 2745 1074 2906 1129; x_wconf 87' lang='lat' dir='ltr'><strong>decus</strong></span> <span class='ocrx_word' id='word_1_182' title='bbox 2937 1093 3058 1155; x_wconf 80' lang='lat' dir='ltr'><strong>cum</strong></span> <span class='ocrx_word' id='word_1_183' title='bbox 3087 1096 3183 1134; x_wconf 89' lang='lat' dir='ltr'><strong>suo</strong></span> <span class='ocrx_word' id='word_1_184' title='bbox 3212 1074 3422 1155; x_wconf 77' lang='lat' dir='ltr'><strong>(sancto</strong></span> <span class='ocrx_word' id='word_1_185' title='bbox 3450 1085 3518 1137; x_wconf 86' lang='lat' dir='ltr'><strong>A.</strong></span> <span class='ocrx_word' id='word_1_186' title='bbox 3552 1084 3640 1155; x_wconf 83' lang='lat' dir='ltr'><strong>S.)</strong></span> <span class='ocrx_word' id='word_1_187' title='bbox 3671 1084 3792 1141; x_wconf 61' lang='grc' dir='ltr'><strong>τίω</strong></span> 
     </span>
    </p>
   </div>
   <div class='ocr_carea' id='block_1_29' title="bbox 2357 1138 3794 1222">
    <p class='ocr_par' dir='ltr' id='par_1_29' title="bbox 2357 1138 3794 1222">
     <span class='ocr_line' id='line_1_29' title="bbox 2357 1138 3794 1222; baseline 0.013 -31"><span class='ocrx_word' id='word_1_188' title='bbox 2357 1138 2604 1222; x_wconf 62' lang='lat' dir='ltr'><strong>habetur,</strong></span> <span class='ocrx_word' id='word_1_189' title='bbox 2636 1144 2725 1222; x_wconf 83' lang='lat' dir='ltr'><strong>qui</strong></span> <span class='ocrx_word' id='word_1_190' title='bbox 2758 1159 2823 1222; x_wconf 82' lang='lat' dir='ltr'><strong>ex</strong></span> <span class='ocrx_word' id='word_1_191' title='bbox 2863 1163 2971 1222; x_wconf 72' lang='lat' dir='ltr'><strong>quo</strong></span> <span class='ocrx_word' id='word_1_192' title='bbox 3004 1149 3144 1222; x_wconf 86' lang='lat' dir='ltr'><strong>hanc</strong></span> <span class='ocrx_word' id='word_1_193' title='bbox 3169 1138 3314 1206; x_wconf 79' lang='lat' dir='ltr'><strong>venit</strong></span> <span class='ocrx_word' id='word_1_194' title='bbox 3341 1153 3394 1207; x_wconf 91' lang='lat' dir='ltr'><strong>in</strong></span> <span class='ocrx_word' id='word_1_195' title='bbox 3428 1138 3697 1222; x_wconf 74' lang='lat' dir='ltr'><strong>patriam,</strong></span> <span class='ocrx_word' id='word_1_196' title='bbox 3721 1138 3794 1210; x_wconf 74' lang='lat' dir='ltr'><strong>ex</strong></span> 
     </span>
    </p>
   </div>
   <div class='ocr_carea' id='block_1_30' title="bbox 2357 1209 3798 1293">
    <p class='ocr_par' dir='ltr' id='par_1_30' title="bbox 2357 1209 3798 1293">
     <span class='ocr_line' id='line_1_30' title="bbox 2357 1209 3798 1293; baseline 0.011 -31"><span class='ocrx_word' id='word_1_197' title='bbox 2357 1209 2703 1292; x_wconf 48' lang='lat' dir='ltr'><strong>00.52.10nia</strong></span> <span class='ocrx_word' id='word_1_198' title='bbox 2759 1215 2811 1293; x_wconf 69' lang='lat' dir='ltr'><strong>in</strong></span> <span class='ocrx_word' id='word_1_199' title='bbox 2862 1209 3160 1293; x_wconf 73' lang='lat' dir='ltr'><strong>Teutonico</strong></span> <span class='ocrx_word' id='word_1_200' title='bbox 3214 1239 3379 1291; x_wconf 78' lang='lat' dir='ltr'><strong>regno</strong></span> <span class='ocrx_word' id='word_1_201' title='bbox 3426 1209 3798 1293; x_wconf 53' lang='lat' dir='ltr'><strong>principatum</strong></span> 
     </span>
    </p>
   </div>
   <div class='ocr_carea' id='block_1_31' title="bbox 2354 1280 3798 1361">
    <p class='ocr_par' dir='ltr' id='par_1_31' title="bbox 2354 1280 3798 1361">
     <span class='ocr_line' id='line_1_31' title="bbox 2354 1280 3798 1361; baseline 0.015 -30"><span class='ocrx_word' id='word_1_202' title='bbox 2354 1280 2477 1361; x_wconf 72' lang='lat' dir='ltr'><strong>quia</strong></span> <span class='ocrx_word' id='word_1_203' title='bbox 2504 1281 2617 1349; x_wconf 92' lang='lat' dir='ltr'><strong>ejus</strong></span> <span class='ocrx_word' id='word_1_204' title='bbox 2643 1286 2893 1351; x_wconf 86' lang='lat' dir='ltr'><strong>precibus</strong></span> <span class='ocrx_word' id='word_1_205' title='bbox 2924 1292 3062 1361; x_wconf 83' lang='lat' dir='ltr'><strong>apud</strong></span> <span class='ocrx_word' id='word_1_206' title='bbox 3088 1291 3252 1345; x_wconf 91' lang='lat' dir='ltr'><strong>Deum</strong></span> <span class='ocrx_word' id='word_1_207' title='bbox 3275 1280 3329 1344; x_wconf 73' lang='grc' dir='ltr'><strong>’ἐι</strong></span> <span class='ocrx_word' id='word_1_208' title='bbox 3359 1280 3573 1349; x_wconf 70' lang='grc' dir='ltr'><strong>ιιιὲεὶιίε</strong></span> <span class='ocrx_word' id='word_1_209' title='bbox 3600 1280 3653 1350; x_wconf 58' lang='grc' dir='ltr'><strong>ἰὶι</strong></span> <span class='ocrx_word' id='word_1_210' title='bbox 3684 1280 3798 1350; x_wconf 54' lang='lat' dir='ltr'><strong>om;</strong></span> 
     </span>
    </p>
   </div>
   <div class='ocr_carea' id='block_1_32' title="bbox 2355 1356 3439 1432">
    <p class='ocr_par' dir='ltr' id='par_1_32' title="bbox 2355 1356 3439 1432">
     <span class='ocr_line' id='line_1_32' title="bbox 2355 1356 3439 1432; baseline 0.012 -31"><span class='ocrx_word' id='word_1_211' title='bbox 2355 1356 2532 1432; x_wconf 61' lang='lat' dir='ltr'><strong>uibus,</strong></span> <span class='ocrx_word' id='word_1_212' title='bbox 2562 1361 2620 1406; x_wconf 90' lang='lat' dir='ltr'><strong>ut</strong></span> <span class='ocrx_word' id='word_1_213' title='bbox 2646 1369 2928 1432; x_wconf 71' lang='lat' dir='ltr'><strong>speramus</strong></span> <span class='ocrx_word' id='word_1_214' title='bbox 2961 1356 3248 1427; x_wconf 77' lang='lat' dir='ltr'><strong>adjuvatur</strong></span> <span class='ocrx_word' id='word_1_215' title='bbox 3270 1363 3439 1432; x_wconf 64' lang='lat'><strong>(939).</strong></span> 
     </span>
    </p>
   </div>
   <div class='ocr_carea' id='block_1_33' title="bbox 2283 1418 3794 1505">
    <p class='ocr_par' dir='ltr' id='par_1_33' title="bbox 2283 1418 3794 1505">
     <span class='ocr_line' id='line_1_33' title="bbox 2283 1418 3794 1505; baseline 0.011 -31"><span class='ocrx_word' id='word_1_216' title='bbox 2283 1418 2371 1474; x_wconf 70' lang='grc'><strong>54.</strong></span> <span class='ocrx_word' id='word_1_217' title='bbox 2409 1421 2652 1488; x_wconf 79' lang='lat' dir='ltr'><strong>Quatuor</strong></span> <span class='ocrx_word' id='word_1_218' title='bbox 2677 1418 2846 1481; x_wconf 76' lang='lat' dir='ltr'><strong>naves</strong></span> <span class='ocrx_word' id='word_1_219' title='bbox 2879 1418 3202 1484; x_wconf 65' lang='lat' dir='ltr'><strong>Venetorum</strong></span> <span class='ocrx_word' id='word_1_220' title='bbox 3233 1418 3423 1503; x_wconf 73' lang='lat' dir='ltr'><strong>magne</strong></span> <span class='ocrx_word' id='word_1_221' title='bbox 3450 1435 3794 1505; x_wconf 75' lang='lat' dir='ltr'><strong>diversisque</strong></span> 
     </span>
    </p>
   </div>
   <div class='ocr_carea' id='block_1_34' title="bbox 2212 1511 3791 1594">
    <p class='ocr_par' dir='ltr' id='par_1_34' title="bbox 2212 1511 3791 1594">
     <span class='ocr_line' id='line_1_34' title="bbox 2212 1511 3791 1594; baseline 0.012 -32"><span class='ocrx_word' id='word_1_222' title='bbox 2212 1511 2498 1579; x_wconf 72' lang='lat' dir='ltr'><strong>pigmentis</strong></span> <span class='ocrx_word' id='word_1_223' title='bbox 2564 1513 2763 1572; x_wconf 79' lang='lat' dir='ltr'><strong>referte</strong></span> <span class='ocrx_word' id='word_1_224' title='bbox 2826 1518 3164 1589; x_wconf 80' lang='lat' dir='ltr'><strong>naufragium</strong></span> <span class='ocrx_word' id='word_1_225' title='bbox 3223 1533 3350 1577; x_wconf 89' lang='lat' dir='ltr'><strong>sunt</strong></span> <span class='ocrx_word' id='word_1_226' title='bbox 3420 1525 3474 1578; x_wconf 89' lang='lat' dir='ltr'><strong>in</strong></span> <span class='ocrx_word' id='word_1_227' title='bbox 3547 1527 3791 1594; x_wconf 86' lang='lat' dir='ltr'><strong>predicto</strong></span> 
     </span>
    </p>
   </div>
   <div class='ocr_carea' id='block_1_35' title="bbox 2213 1604 3791 1686">
    <p class='ocr_par' dir='ltr' id='par_1_35' title="bbox 2213 1604 3791 1686">
     <span class='ocr_line' id='line_1_35' title="bbox 2213 1604 3791 1686; baseline 0.01 -30"><span class='ocrx_word' id='word_1_228' title='bbox 2213 1617 2351 1656; x_wconf 74' lang='lat' dir='ltr'><strong>anno</strong></span> <span class='ocrx_word' id='word_1_229' title='bbox 2382 1604 2471 1635; x_wconf 77' lang='grc'><strong>⁸⁷⁸⁷</strong></span> <span class='ocrx_word' id='word_1_230' title='bbox 2503 1620 2788 1675; x_wconf 74' lang='lat' dir='ltr'><strong>perpessae.</strong></span> <span class='ocrx_word' id='word_1_231' title='bbox 2826 1609 2909 1672; x_wconf 87' lang='lat' dir='ltr'><strong>Et,</strong></span> <span class='ocrx_word' id='word_1_232' title='bbox 2943 1620 3001 1664; x_wconf 90' lang='lat' dir='ltr'><strong>ut</strong></span> <span class='ocrx_word' id='word_1_233' title='bbox 3030 1612 3258 1679; x_wconf 82' lang='lat' dir='ltr'><strong>predixi,</strong></span> <span class='ocrx_word' id='word_1_234' title='bbox 3294 1614 3348 1668; x_wconf 90' lang='lat' dir='ltr'><strong>in</strong></span> <span class='ocrx_word' id='word_1_235' title='bbox 3389 1616 3638 1670; x_wconf 85' lang='lat' dir='ltr'><strong>occiduis</strong></span> <span class='ocrx_word' id='word_1_236' title='bbox 3664 1632 3791 1686; x_wconf 79' lang='lat' dir='ltr'><strong>par-</strong></span> 
     </span>
    </p>
   </div>
   <div class='ocr_carea' id='block_1_36' title="bbox 2214 1694 3793 1778">
    <p class='ocr_par' dir='ltr' id='par_1_36' title="bbox 2214 1694 3793 1778">
     <span class='ocr_line' id='line_1_36' title="bbox 2214 1694 3793 1778; baseline 0.009 -31"><span class='ocrx_word' id='word_1_237' title='bbox 2214 1694 2377 1763; x_wconf 88' lang='lat' dir='ltr'><strong>tibus,</strong></span> <span class='ocrx_word' id='word_1_238' title='bbox 2423 1712 2548 1752; x_wconf 88' lang='lat' dir='ltr'><strong>raro</strong></span> <span class='ocrx_word' id='word_1_239' title='bbox 2592 1708 2748 1754; x_wconf 88' lang='lat' dir='ltr'><strong>antea</strong></span> <span class='ocrx_word' id='word_1_240' title='bbox 2778 1702 3201 1768; x_wconf 85' lang='lat' dir='ltr'><strong>quiescentibus,</strong></span> <span class='ocrx_word' id='word_1_241' title='bbox 3237 1705 3482 1774; x_wconf 88' lang='lat' dir='ltr'><strong>paciﬁca,</strong></span> <span class='ocrx_word' id='word_1_242' title='bbox 3531 1707 3645 1761; x_wconf 90' lang='lat' dir='ltr'><strong>Deo</strong></span> <span class='ocrx_word' id='word_1_243' title='bbox 3671 1724 3793 1778; x_wconf 75' lang='lat' dir='ltr'><strong>gra-</strong></span> 
     </span>
    </p>
   </div>
   <div class='ocr_carea' id='block_1_37' title="bbox 535 1789 3794 1882">
    <p class='ocr_par' dir='ltr' id='par_1_37' title="bbox 535 1789 3794 1882">
     <span class='ocr_line' id='line_1_37' title="bbox 535 1789 3794 1882; baseline 0.007 -51"><span class='ocrx_word' id='word_1_244' title='bbox 535 1810 846 1870; x_wconf 60' lang='lat' dir='ltr'><strong>superalum</strong></span> <span class='ocrx_word' id='word_1_245' title='bbox 879 1821 998 1862; x_wconf 72' lang='lat' dir='ltr'><strong>esse</strong></span> <span class='ocrx_word' id='word_1_246' title='bbox 1039 1819 1416 1878; x_wconf 52' lang='lat' dir='ltr'><strong>cognosceret,</strong></span> <span class='ocrx_word' id='word_1_247' title='bbox 1459 1815 1719 1882; x_wconf 59' lang='lat' dir='ltr'><strong>precessit</strong></span> <span class='ocrx_word' id='word_1_248' title='bbox 1757 1817 1881 1870; x_wconf 53' lang='lat' dir='ltr'><strong>una</strong></span> <span class='ocrx_word' id='word_1_249' title='bbox 1913 1818 2057 1872; x_wconf 56' lang='lat' dir='ltr'><strong>ratus</strong></span> <span class='ocrx_word' id='word_1_250' title='bbox 2089 1835 2102 1872; x_wconf 50' lang='grc' dir='ltr'>ε</span> <span class='ocrx_word' id='word_1_251' title='bbox 2140 1793 2181 1852; x_wconf 86' lang='grc' dir='ltr'><strong>Β</strong></span> <span class='ocrx_word' id='word_1_252' title='bbox 2213 1789 2342 1843; x_wconf 89' lang='lat' dir='ltr'><strong>tias!</strong></span> <span class='ocrx_word' id='word_1_253' title='bbox 2388 1793 2680 1846; x_wconf 90' lang='lat' dir='ltr'><strong>manebant</strong></span> <span class='ocrx_word' id='word_1_254' title='bbox 2715 1802 2933 1848; x_wconf 85' lang='lat' dir='ltr'><strong>cuncta.</strong></span> <span class='ocrx_word' id='word_1_255' title='bbox 2983 1795 3049 1848; x_wconf 86' lang='lat' dir='ltr'><strong>Et</strong></span> <span class='ocrx_word' id='word_1_256' title='bbox 3091 1795 3462 1863; x_wconf 75' lang='lat' dir='ltr'><strong>Ekkihardus,</strong></span> <span class='ocrx_word' id='word_1_257' title='bbox 3515 1799 3794 1855; x_wconf 79' lang='lat' dir='ltr'><strong>confrater</strong></span> 
     </span>
    </p>
   </div>
   <div class='ocr_carea' id='block_1_38' title="bbox 533 1890 2112 1980">
    <p class='ocr_par' dir='ltr' id='par_1_38' title="bbox 533 1890 2112 1980">
     <span class='ocr_line' id='line_1_38' title="bbox 533 1890 2112 1980; baseline 0.011 -35"><span class='ocrx_word' id='word_1_258' title='bbox 533 1890 734 1949; x_wconf 80' lang='lat' dir='ltr'><strong>Karius</strong></span> <span class='ocrx_word' id='word_1_259' title='bbox 771 1898 897 1951; x_wconf 84' lang='lat' dir='ltr'><strong>mihi</strong></span> <span class='ocrx_word' id='word_1_260' title='bbox 934 1908 1008 1953; x_wconf 80' lang='lat' dir='ltr'><strong>est</strong></span> <span class='ocrx_word' id='word_1_261' title='bbox 1057 1911 1110 1953; x_wconf 86' lang='lat' dir='ltr'><strong>ut</strong></span> <span class='ocrx_word' id='word_1_262' title='bbox 1145 1902 1324 1972; x_wconf 83' lang='lat' dir='ltr'><strong>populi</strong></span> <span class='ocrx_word' id='word_1_263' title='bbox 1379 1905 1747 1973; x_wconf 70' lang='lat' dir='ltr'><strong>exprobrantes</strong></span> <span class='ocrx_word' id='word_1_264' title='bbox 1784 1906 1844 1976; x_wconf 71' lang='grc' dir='ltr'><strong>(ἲ.</strong></span> <span class='ocrx_word' id='word_1_265' title='bbox 1875 1909 1996 1980; x_wconf 81' lang='lat' dir='ltr'><strong>I76)</strong></span> <span class='ocrx_word' id='word_1_266' title='bbox 2032 1909 2112 1963; x_wconf 83' lang='lat' dir='ltr'><strong>di-</strong></span> 
     </span>
    </p>
   </div>
   <div class='ocr_carea' id='block_1_39' title="bbox 534 1977 2181 2072">
    <p class='ocr_par' dir='ltr' id='par_1_39' title="bbox 534 1977 2181 2072">
     <span class='ocr_line' id='line_1_39' title="bbox 534 1977 2181 2072; baseline 0.011 -33"><span class='ocrx_word' id='word_1_267' title='bbox 534 1997 656 2040; x_wconf 84' lang='lat' dir='ltr'><strong>cant</strong></span> <span class='ocrx_word' id='word_1_268' title='bbox 709 2006 788 2043; x_wconf 89' lang='lat' dir='ltr'><strong>me</strong></span> <span class='ocrx_word' id='word_1_269' title='bbox 813 1991 1156 2062; x_wconf 55' lang='lat' dir='ltr'><strong>liinc‘fugisse</strong></span> <span class='ocrx_word' id='word_1_270' title='bbox 1199 2011 1356 2064; x_wconf 85' lang='lat' dir='ltr'><strong>quam</strong></span> <span class='ocrx_word' id='word_1_271' title='bbox 1388 1997 1473 2050; x_wconf 80' lang='lat' dir='ltr'><strong>hic</strong></span> <span class='ocrx_word' id='word_1_272' title='bbox 1503 1999 1781 2065; x_wconf 79' lang='lat' dir='ltr'><strong>cecidisse;</strong></span> <span class='ocrx_word' id='word_1_273' title='bbox 1808 2002 1959 2072; x_wconf 85' lang='lat' dir='ltr'><strong>quia,</strong></span> <span class='ocrx_word' id='word_1_274' title='bbox 1986 2003 2110 2056; x_wconf 81' lang='lat' dir='ltr'><strong>dum</strong></span> <span class='ocrx_word' id='word_1_275' title='bbox 2156 1977 2181 2000; x_wconf 60' lang='lat'><strong>.</strong></span> 
     </span>
    </p>
   </div>
   <div class='ocr_carea' id='block_1_40' title="bbox 533 2077 2108 2163">
    <p class='ocr_par' dir='ltr' id='par_1_40' title="bbox 533 2077 2108 2163">
     <span class='ocr_line' id='line_1_40' title="bbox 533 2077 2108 2163; baseline 0.013 -34"><span class='ocrx_word' id='word_1_276' title='bbox 533 2077 666 2141; x_wconf 82' lang='lat' dir='ltr'><strong>vico,</strong></span> <span class='ocrx_word' id='word_1_277' title='bbox 703 2077 918 2148; x_wconf 72' lang='lat' dir='ltr'><strong>injuria:</strong></span> <span class='ocrx_word' id='word_1_278' title='bbox 956 2084 1160 2152; x_wconf 75' lang='lat' dir='ltr'><strong>pondus</strong></span> <span class='ocrx_word' id='word_1_279' title='bbox 1195 2085 1375 2139; x_wconf 74' lang='lat' dir='ltr'><strong>inlata:</strong></span> <span class='ocrx_word' id='word_1_280' title='bbox 1419 2087 1803 2145; x_wconf 75' lang='lat' dir='ltr'><strong>vindicaturum</strong></span> <span class='ocrx_word' id='word_1_281' title='bbox 1832 2109 1912 2146; x_wconf 88' lang='lat' dir='ltr'><strong>me</strong></span> <span class='ocrx_word' id='word_1_282' title='bbox 1939 2110 2108 2163; x_wconf 76' lang='lat' dir='ltr'><strong>spero.</strong></span> 
     </span>
    </p>
   </div>
   <div class='ocr_carea' id='block_1_41' title="bbox 533 2167 2112 2253">
    <p class='ocr_par' dir='ltr' id='par_1_41' title="bbox 533 2167 2112 2253">
     <span class='ocr_line' id='line_1_41' title="bbox 533 2167 2112 2253; baseline 0.014 -33"><span class='ocrx_word' id='word_1_283' title='bbox 533 2167 690 2224; x_wconf 84' lang='lat' dir='ltr'><strong>Anno</strong></span> <span class='ocrx_word' id='word_1_284' title='bbox 741 2169 1036 2228; x_wconf 73' lang='lat' dir='ltr'><strong>Dominica:</strong></span> <span class='ocrx_word' id='word_1_285' title='bbox 1089 2175 1478 2235; x_wconf 88' lang='lat' dir='ltr'><strong>incarnationis</strong></span> <span class='ocrx_word' id='word_1_286' title='bbox 1535 2182 1640 2237; x_wconf 89' lang='lat'><strong>800</strong></span> <span class='ocrx_word' id='word_1_287' title='bbox 1693 2183 1786 2216; x_wconf 82' lang='grc' dir='ltr'><strong>¹τ⁸⁸</strong></span> <span class='ocrx_word' id='word_1_288' title='bbox 1836 2186 2112 2253; x_wconf 88' lang='lat' dir='ltr'><strong>predictus</strong></span> 
     </span>
    </p>
   </div>
   <div class='ocr_carea' id='block_1_42' title="bbox 536 2264 2112 2343">
    <p class='ocr_par' dir='ltr' id='par_1_42' title="bbox 536 2264 2112 2343">
     <span class='ocr_line' id='line_1_42' title="bbox 536 2264 2112 2343; baseline 0.011 -28"><span class='ocrx_word' id='word_1_289' title='bbox 536 2276 691 2316; x_wconf 87' lang='lat' dir='ltr'><strong>cesar</strong></span> <span class='ocrx_word' id='word_1_290' title='bbox 724 2264 815 2297; x_wconf 61' lang='lat'><strong>&quot;3°</strong></span> <span class='ocrx_word' id='word_1_291' title='bbox 836 2266 902 2318; x_wconf 90' lang='lat' dir='ltr'><strong>ad</strong></span> <span class='ocrx_word' id='word_1_292' title='bbox 931 2282 1041 2322; x_wconf 71' lang='lat' dir='ltr'><strong>sure</strong></span> <span class='ocrx_word' id='word_1_293' title='bbox 1065 2269 1280 2325; x_wconf 85' lang='lat' dir='ltr'><strong>virtutis</strong></span> <span class='ocrx_word' id='word_1_294' title='bbox 1313 2279 1367 2326; x_wconf 90' lang='lat' dir='ltr'><strong>et</strong></span> <span class='ocrx_word' id='word_1_295' title='bbox 1393 2271 1549 2328; x_wconf 74' lang='lat' dir='ltr'><strong>bona:</strong></span> <span class='ocrx_word' id='word_1_296' title='bbox 1582 2276 1924 2343; x_wconf 87' lang='lat' dir='ltr'><strong>operacionis</strong></span> <span class='ocrx_word' id='word_1_297' title='bbox 1949 2277 2112 2333; x_wconf 89' lang='lat' dir='ltr'><strong>deau-</strong></span> 
     </span>
    </p>
   </div>
   <div class='ocr_carea' id='block_1_43' title="bbox 533 2353 2112 2434">
    <p class='ocr_par' dir='ltr' id='par_1_43' title="bbox 533 2353 2112 2434">
     <span class='ocr_line' id='line_1_43' title="bbox 533 2353 2112 2434; baseline 0.011 -28"><span class='ocrx_word' id='word_1_298' title='bbox 533 2353 811 2410; x_wconf 88' lang='lat' dir='ltr'><strong>racionem</strong></span> <span class='ocrx_word' id='word_1_299' title='bbox 871 2358 923 2412; x_wconf 92' lang='lat' dir='ltr'><strong>in</strong></span> <span class='ocrx_word' id='word_1_300' title='bbox 979 2375 1083 2413; x_wconf 90' lang='lat' dir='ltr'><strong>una</strong></span> <span class='ocrx_word' id='word_1_301' title='bbox 1130 2360 1216 2414; x_wconf 89' lang='lat' dir='ltr'><strong>die</strong></span> <span class='ocrx_word' id='word_1_302' title='bbox 1269 2361 1302 2417; x_wconf 95' lang='lat'><strong>8</strong></span> <span class='ocrx_word' id='word_1_303' title='bbox 1363 2363 1703 2434; x_wconf 80' lang='lat' dir='ltr'><strong>episcOpatus</strong></span> <span class='ocrx_word' id='word_1_304' title='bbox 1753 2368 1806 2422; x_wconf 90' lang='lat' dir='ltr'><strong>in</strong></span> <span class='ocrx_word' id='word_1_305' title='bbox 1875 2367 2112 2423; x_wconf 75' lang='lat' dir='ltr'><strong>Saxonia</strong></span> 
     </span>
    </p>
   </div>
   <div class='ocr_carea' id='block_1_44' title="bbox 533 2443 2110 2530">
    <p class='ocr_par' dir='ltr' id='par_1_44' title="bbox 533 2443 2110 2530">
     <span class='ocr_line' id='line_1_44' title="bbox 533 2443 2110 2530; baseline 0.01 -31"><span class='ocrx_word' id='word_1_306' title='bbox 533 2443 754 2502; x_wconf 87' lang='lat' dir='ltr'><strong>Christo</strong></span> <span class='ocrx_word' id='word_1_307' title='bbox 795 2449 1006 2505; x_wconf 84' lang='lat' dir='ltr'><strong>subdita</strong></span> <span class='ocrx_word' id='word_1_308' title='bbox 1058 2450 1332 2522; x_wconf 86' lang='lat' dir='ltr'><strong>dispositis</strong></span> <span class='ocrx_word' id='word_1_309' title='bbox 1384 2455 1746 2522; x_wconf 78' lang='lat' dir='ltr'><strong>singularibus</strong></span> <span class='ocrx_word' id='word_1_310' title='bbox 1783 2460 2110 2530; x_wconf 86' lang='lat' dir='ltr'><strong>parrochiis,</strong></span> 
     </span>
    </p>
   </div>
   <div class='ocr_carea' id='block_1_45' title="bbox 536 2537 880 2592">
    <p class='ocr_par' dir='ltr' id='par_1_45' title="bbox 536 2537 880 2592">
     <span class='ocr_line' id='line_1_45' title="bbox 536 2537 880 2592; baseline 0.006 -2"><span class='ocrx_word' id='word_1_311' title='bbox 536 2537 880 2592; x_wconf 70' lang='lat' dir='ltr'><strong>constituit“.</strong></span> 
     </span>
    </p>
   </div>
   <div class='ocr_carea' id='block_1_46' title="bbox 676 2631 2114 2717">
    <p class='ocr_par' dir='ltr' id='par_1_46' title="bbox 676 2631 2114 2717">
     <span class='ocr_line' id='line_1_46' title="bbox 676 2631 2114 2717; baseline 0.015 -34"><span class='ocrx_word' id='word_1_312' title='bbox 676 2633 697 2654; x_wconf 83' lang='grc'><strong>¹</strong></span> <span class='ocrx_word' id='word_1_313' title='bbox 729 2631 998 2717; x_wconf 36' lang='lat' dir='ltr'><strong>podex}:</strong></span> <span class='ocrx_word' id='word_1_314' title='bbox 1021 2635 1333 2717; x_wconf 42' lang='grc' dir='ltr'><strong>(ορ-ξυμπη-</strong></span> <span class='ocrx_word' id='word_1_315' title='bbox 1365 2656 1418 2708; x_wconf 84' lang='lat' dir='ltr'><strong>p.</strong></span> <span class='ocrx_word' id='word_1_316' title='bbox 1459 2640 1639 2717; x_wconf 49' lang='lat'><strong>840}!</strong></span> <span class='ocrx_word' id='word_1_317' title='bbox 1663 2642 1739 2717; x_wconf 15' lang='lat' dir='ltr'><strong>VA.</strong></span> <span class='ocrx_word' id='word_1_318' title='bbox 1771 2645 1838 2717; x_wconf 9' lang='lat' dir='ltr'><strong>VS.</strong></span> <span class='ocrx_word' id='word_1_319' title='bbox 1872 2662 1924 2700; x_wconf 81' lang='grc' dir='ltr'><strong>(ι.</strong></span> <span class='ocrx_word' id='word_1_320' title='bbox 1963 2647 2114 2717; x_wconf 68' lang='lat'><strong>829..)</strong></span> 
     </span>
    </p>
   </div>
   <div class='ocr_carea' id='block_1_47' title="bbox 679 2705 2116 2776">
    <p class='ocr_par' dir='ltr' id='par_1_47' title="bbox 679 2705 2116 2776">
     <span class='ocr_line' id='line_1_47' title="bbox 679 2705 2116 2776; baseline 0.014 -23"><span class='ocrx_word' id='word_1_321' title='bbox 679 2705 827 2776; x_wconf 76' lang='lat' dir='ltr'><strong>addit</strong></span> <span class='ocrx_word' id='word_1_322' title='bbox 853 2718 871 2755; x_wconf 90' lang='lat'><strong><em>:</em></strong></span> <span class='ocrx_word' id='word_1_323' title='bbox 903 2705 1067 2774; x_wconf 80' lang='lat' dir='ltr'><strong>Cujus</strong></span> <span class='ocrx_word' id='word_1_324' title='bbox 1097 2705 1268 2770; x_wconf 86' lang='lat' dir='ltr'><strong>ﬁlius,</strong></span> <span class='ocrx_word' id='word_1_325' title='bbox 1302 2705 1532 2764; x_wconf 84' lang='lat' dir='ltr'><strong>domnus</strong></span> <span class='ocrx_word' id='word_1_326' title='bbox 1558 2713 1896 2776; x_wconf 87' lang='lat' dir='ltr'><strong>Luduwicus.</strong></span> <span class='ocrx_word' id='word_1_327' title='bbox 1927 2705 2116 2773; x_wconf 76' lang='lat' dir='ltr'><strong>electis</strong></span> 
     </span>
    </p>
   </div>
   <div class='ocr_carea' id='block_1_48' title="bbox 677 2775 2114 2895">
    <p class='ocr_par' dir='ltr' id='par_1_48' title="bbox 677 2775 2114 2895">
     <span class='ocr_line' id='line_1_48' title="bbox 677 2775 2114 2895; baseline 0.015 -72"><span class='ocrx_word' id='word_1_328' title='bbox 677 2775 1078 2895; x_wconf 65' lang='lat' dir='ltr'><strong>Brobatissimis</strong></span> <span class='ocrx_word' id='word_1_329' title='bbox 1112 2779 1391 2834; x_wconf 84' lang='lat' dir='ltr'><strong>monachis</strong></span> <span class='ocrx_word' id='word_1_330' title='bbox 1419 2781 1485 2835; x_wconf 88' lang='lat' dir='ltr'><strong>de</strong></span> <span class='ocrx_word' id='word_1_331' title='bbox 1519 2781 1688 2836; x_wconf 92' lang='lat' dir='ltr'><strong>Gallia</strong></span> <span class='ocrx_word' id='word_1_332' title='bbox 1721 2800 1843 2839; x_wconf 91' lang='lat' dir='ltr'><strong>cum</strong></span> <span class='ocrx_word' id='word_1_333' title='bbox 1882 2803 2114 2843; x_wconf 82' lang='lat' dir='ltr'><strong>venera-</strong></span> 
     </span>
     <span class='ocr_line' id='line_1_49' title="bbox 718 2842 2114 2895; baseline 0 0"><span class='ocrx_word' id='word_1_334' title='bbox 718 2842 771 2895; x_wconf 81' lang='lat' dir='ltr'>iII</span> <span class='ocrx_word' id='word_1_335' title='bbox 814 2845 931 2895; x_wconf 82' lang='lat' dir='ltr'><strong>viro</strong></span> <span class='ocrx_word' id='word_1_336' title='bbox 972 2846 1308 2895; x_wconf 72' lang='lat' dir='ltr'><strong>Adelharer</strong></span> <span class='ocrx_word' id='word_1_337' title='bbox 1351 2851 1491 2895; x_wconf 65' lang='lat' dir='ltr'><strong>«latis</strong></span> <span class='ocrx_word' id='word_1_338' title='bbox 1526 2853 1749 2895; x_wconf 66' lang='lat' dir='ltr'><strong>nalinnic</strong></span> <span class='ocrx_word' id='word_1_339' title='bbox 1788 2859 1957 2895; x_wconf 69' lang='lat' dir='ltr'><strong>cannli</strong></span> <span class='ocrx_word' id='word_1_340' title='bbox 1998 2859 2114 2895; x_wconf 64' lang='lat' dir='ltr'><strong>Cm-</strong></span> 
     </span>
    </p>
   </div>
   <div class='ocr_carea' id='block_1_49' title="bbox 718 2843 2118 2921">
    <p class='ocr_par' dir='ltr' id='par_1_49' title="bbox 718 2843 2118 2921">
     <span class='ocr_line' id='line_1_50' title="bbox 718 2843 2118 2921; baseline 0.013 -26"><span class='ocrx_word' id='word_1_341' title='bbox 718 2843 771 2921; x_wconf 78' lang='lat' dir='ltr'><strong>ili</strong></span> <span class='ocrx_word' id='word_1_342' title='bbox 814 2845 931 2921; x_wconf 74' lang='lat' dir='ltr'><strong>viro</strong></span> <span class='ocrx_word' id='word_1_343' title='bbox 972 2846 1308 2921; x_wconf 82' lang='lat' dir='ltr'><strong>Adelhardo,</strong></span> <span class='ocrx_word' id='word_1_344' title='bbox 1351 2851 1491 2904; x_wconf 87' lang='lat' dir='ltr'><strong>datis</strong></span> <span class='ocrx_word' id='word_1_345' title='bbox 1526 2853 1749 2921; x_wconf 76' lang='lat' dir='ltr'><strong>reliquis</strong></span> <span class='ocrx_word' id='word_1_346' title='bbox 1787 2859 1958 2911; x_wconf 83' lang='lat' dir='ltr'><strong>sancti</strong></span> <span class='ocrx_word' id='word_1_347' title='bbox 1998 2859 2118 2913; x_wconf 73' lang='lat' dir='ltr'><strong>Ste~</strong></span> 
     </span>
    </p>
   </div>
   <div class='ocr_carea' id='block_1_50' title="bbox 679 2913 2114 2994">
    <p class='ocr_par' dir='ltr' id='par_1_50' title="bbox 679 2913 2114 2994">
     <span class='ocr_line' id='line_1_51' title="bbox 679 2913 2114 2994; baseline 0.012 -28"><span class='ocrx_word' id='word_1_348' title='bbox 679 2913 844 2994; x_wconf 78' lang='lat' dir='ltr'><strong>phaui</strong></span> <span class='ocrx_word' id='word_1_349' title='bbox 908 2917 1380 2994; x_wconf 73' lang='lat' dir='ltr'><strong>prothetuartiris,</strong></span> <span class='ocrx_word' id='word_1_350' title='bbox 1441 2913 1770 2994; x_wconf 64' lang='lat' dir='ltr'><strong>Corbeiense</strong></span> <span class='ocrx_word' id='word_1_351' title='bbox 1827 2930 2114 2983; x_wconf 91' lang='lat' dir='ltr'><strong>cenohium</strong></span> 
     </span>
    </p>
   </div>
   <div class='ocr_carea' id='block_1_51' title="bbox 678 2985 2119 3063">
    <p class='ocr_par' dir='ltr' id='par_1_51' title="bbox 678 2985 2119 3063">
     <span class='ocr_line' id='line_1_52' title="bbox 678 2985 2119 3063; baseline 0.011 -27"><span class='ocrx_word' id='word_1_352' title='bbox 678 2985 1194 3063; x_wconf 67' lang='lat' dir='ltr'><strong>ipsi_00Itstruxit,et</strong></span> <span class='ocrx_word' id='word_1_353' title='bbox 1222 2988 1455 3063; x_wconf 84' lang='lat' dir='ltr'><strong>dedicari</strong></span> <span class='ocrx_word' id='word_1_354' title='bbox 1490 2991 1636 3048; x_wconf 79' lang='lat' dir='ltr'><strong>fecit.</strong></span> <span class='ocrx_word' id='word_1_355' title='bbox 1667 2994 1785 3063; x_wconf 81' lang='lat' dir='ltr'><strong>Ipse</strong></span> <span class='ocrx_word' id='word_1_356' title='bbox 1815 3013 1943 3052; x_wconf 84' lang='lat' dir='ltr'><strong>vero</strong></span> <span class='ocrx_word' id='word_1_357' title='bbox 1966 3015 2119 3054; x_wconf 87' lang='lat' dir='ltr'><strong>cesar</strong></span> 
     </span>
    </p>
   </div>
   <div class='ocr_carea' id='block_1_52' title="bbox 678 3053 2115 3132">
    <p class='ocr_par' dir='ltr' id='par_1_52' title="bbox 678 3053 2115 3132">
     <span class='ocr_line' id='line_1_53' title="bbox 678 3053 2115 3132; baseline 0.01 -24"><span class='ocrx_word' id='word_1_358' title='bbox 678 3053 744 3132; x_wconf 75' lang='lat' dir='ltr'><strong>ad</strong></span> <span class='ocrx_word' id='word_1_359' title='bbox 773 3056 946 3132; x_wconf 78' lang='lat' dir='ltr'><strong>ipsum</strong></span> <span class='ocrx_word' id='word_1_360' title='bbox 984 3061 1267 3132; x_wconf 76' lang='lat' dir='ltr'><strong>cenobium</strong></span> <span class='ocrx_word' id='word_1_361' title='bbox 1301 3062 1522 3132; x_wconf 78' lang='lat' dir='ltr'><strong>tradidit</strong></span> <span class='ocrx_word' id='word_1_362' title='bbox 1545 3053 1876 3121; x_wconf 75' lang='lat' dir='ltr'><strong>donaciones</strong></span> <span class='ocrx_word' id='word_1_363' title='bbox 1898 3109 1912 3132; x_wconf 91' lang='lat'><strong>,</strong></span> <span class='ocrx_word' id='word_1_364' title='bbox 1951 3071 2115 3124; x_wconf 91' lang='lat' dir='ltr'><strong>abba-</strong></span> 
     </span>
    </p>
   </div>
   <div class='ocr_carea' id='block_1_53' title="bbox 678 3124 2186 3207">
    <p class='ocr_par' dir='ltr' id='par_1_53' title="bbox 678 3124 2186 3207">
     <span class='ocr_line' id='line_1_54' title="bbox 678 3124 2186 3207; baseline 0.013 -30"><span class='ocrx_word' id='word_1_365' title='bbox 678 3124 793 3207; x_wconf 72' lang='lat' dir='ltr'><strong>cias</strong></span> <span class='ocrx_word' id='word_1_366' title='bbox 819 3125 1029 3207; x_wconf 73' lang='lat' dir='ltr'><strong>scilicet</strong></span> <span class='ocrx_word' id='word_1_367' title='bbox 1053 3128 1344 3207; x_wconf 67' lang='lat' dir='ltr'><strong>Eresburg.</strong></span> <span class='ocrx_word' id='word_1_368' title='bbox 1370 3131 1633 3207; x_wconf 72' lang='lat' dir='ltr'><strong>ltleppiam</strong></span> <span class='ocrx_word' id='word_1_369' title='bbox 1661 3144 1716 3189; x_wconf 87' lang='lat' dir='ltr'><strong>et</strong></span> <span class='ocrx_word' id='word_1_370' title='bbox 1743 3124 1910 3190; x_wconf 78' lang='lat' dir='ltr'><strong>multa</strong></span> <span class='ocrx_word' id='word_1_371' title='bbox 1928 3141 2112 3207; x_wconf 83' lang='lat' dir='ltr'><strong>predia</strong></span> <span class='ocrx_word' id='word_1_372' title='bbox 2142 3137 2186 3198; x_wconf 75' lang='grc' dir='ltr'>Ο</span> 
     </span>
    </p>
   </div>
   <div class='ocr_carea' id='block_1_54' title="bbox 683 3194 2112 3273">
    <p class='ocr_par' dir='ltr' id='par_1_54' title="bbox 683 3194 2112 3273">
     <span class='ocr_line' id='line_1_55' title="bbox 683 3194 2112 3273; baseline 0.01 -24"><span class='ocrx_word' id='word_1_373' title='bbox 683 3194 737 3249; x_wconf 88' lang='lat' dir='ltr'><strong>in</strong></span> <span class='ocrx_word' id='word_1_374' title='bbox 783 3197 1034 3266; x_wconf 88' lang='lat' dir='ltr'><strong>aquilone</strong></span> <span class='ocrx_word' id='word_1_375' title='bbox 1053 3238 1067 3266; x_wconf 86' lang='lat'><strong>,</strong></span> <span class='ocrx_word' id='word_1_376' title='bbox 1093 3200 1274 3254; x_wconf 89' lang='lat' dir='ltr'><strong>villam</strong></span> <span class='ocrx_word' id='word_1_377' title='bbox 1293 3194 1518 3273; x_wconf 71' lang='lat' dir='ltr'><strong>quoque</strong></span> <span class='ocrx_word' id='word_1_378' title='bbox 1553 3204 1755 3261; x_wconf 80' lang='lat' dir='ltr'><strong>Huxeri</strong></span> <span class='ocrx_word' id='word_1_379' title='bbox 1783 3223 1906 3262; x_wconf 85' lang='lat' dir='ltr'><strong>cum</strong></span> <span class='ocrx_word' id='word_1_380' title='bbox 1928 3194 2112 3264; x_wconf 41' lang='lat' dir='ltr'><strong>omni;</strong></span> 
     </span>
    </p>
   </div>
   <div class='ocr_carea' id='block_1_55' title="bbox 2213 1882 3793 1955">
    <p class='ocr_par' dir='ltr' id='par_1_55' title="bbox 2213 1882 3793 1955">
     <span class='ocr_line' id='line_1_56' title="bbox 2213 1882 3793 1955; baseline 0.006 -20"><span class='ocrx_word' id='word_1_381' title='bbox 2213 1895 2389 1947; x_wconf 83' lang='lat' dir='ltr'><strong>meus,</strong></span> <span class='ocrx_word' id='word_1_382' title='bbox 2423 1883 2592 1937; x_wconf 89' lang='lat' dir='ltr'><strong>sancti</strong></span> <span class='ocrx_word' id='word_1_383' title='bbox 2632 1882 2893 1938; x_wconf 79' lang='lat' dir='ltr'><strong>Johannis</strong></span> <span class='ocrx_word' id='word_1_384' title='bbox 2934 1887 3182 1955; x_wconf 69' lang='lat' dir='ltr'><strong>baptista:</strong></span> <span class='ocrx_word' id='word_1_385' title='bbox 3219 1890 3553 1955; x_wconf 86' lang='lat' dir='ltr'><strong>monachus,</strong></span> <span class='ocrx_word' id='word_1_386' title='bbox 3590 1891 3646 1944; x_wconf 88' lang='lat' dir='ltr'><strong>in</strong></span> <span class='ocrx_word' id='word_1_387' title='bbox 3685 1889 3793 1944; x_wconf 71' lang='lat' dir='ltr'><strong>Ma-</strong></span> 
     </span>
    </p>
   </div>
   <div class='ocr_carea' id='block_1_56' title="bbox 2214 1974 3796 2053">
    <p class='ocr_par' dir='ltr' id='par_1_56' title="bbox 2214 1974 3796 2053">
     <span class='ocr_line' id='line_1_57' title="bbox 2214 1974 3796 2053; baseline 0.006 -26"><span class='ocrx_word' id='word_1_388' title='bbox 2214 1974 2492 2044; x_wconf 77' lang='lat' dir='ltr'><strong>gadaburg</strong></span> <span class='ocrx_word' id='word_1_389' title='bbox 2530 1976 2810 2045; x_wconf 90' lang='lat' dir='ltr'><strong>paralitico</strong></span> <span class='ocrx_word' id='word_1_390' title='bbox 2839 1979 3124 2048; x_wconf 88' lang='lat' dir='ltr'><strong>depressus</strong></span> <span class='ocrx_word' id='word_1_391' title='bbox 3155 1982 3342 2036; x_wconf 86' lang='lat' dir='ltr'><strong>morbo</strong></span> <span class='ocrx_word' id='word_1_392' title='bbox 3371 1982 3644 2051; x_wconf 79' lang='lat' dir='ltr'><strong>loquelam</strong></span> <span class='ocrx_word' id='word_1_393' title='bbox 3675 1999 3796 2053; x_wconf 83' lang='lat' dir='ltr'><strong>per-</strong></span> 
     </span>
    </p>
   </div>
   <div class='ocr_carea' id='block_1_57' title="bbox 2215 2067 3796 2143">
    <p class='ocr_par' dir='ltr' id='par_1_57' title="bbox 2215 2067 3796 2143">
     <span class='ocr_line' id='line_1_58' title="bbox 2215 2067 3796 2143; baseline 0.005 -21"><span class='ocrx_word' id='word_1_394' title='bbox 2215 2067 2366 2122; x_wconf 87' lang='lat' dir='ltr'><strong>didit.</strong></span> <span class='ocrx_word' id='word_1_395' title='bbox 2384 2067 2438 2122; x_wconf 91' lang='lat' dir='ltr'><strong>ln</strong></span> <span class='ocrx_word' id='word_1_396' title='bbox 2455 2067 2820 2125; x_wconf 89' lang='lat' dir='ltr'><strong>Bawariorum</strong></span> <span class='ocrx_word' id='word_1_397' title='bbox 2845 2071 3080 2127; x_wconf 90' lang='lat' dir='ltr'><strong>conﬁnio</strong></span> <span class='ocrx_word' id='word_1_398' title='bbox 3099 2073 3261 2143; x_wconf 86' lang='lat' dir='ltr'><strong>atque</strong></span> <span class='ocrx_word' id='word_1_399' title='bbox 3287 2073 3796 2129; x_wconf 72' lang='lat' dir='ltr'><strong>ltiararensium‘m</strong></span> 
     </span>
    </p>
   </div>
   <div class='ocr_carea' id='block_1_58' title="bbox 2215 2159 3793 2232">
    <p class='ocr_par' dir='ltr' id='par_1_58' title="bbox 2215 2159 3793 2232">
     <span class='ocr_line' id='line_1_59' title="bbox 2215 2159 3793 2232; baseline 0.006 -23"><span class='ocrx_word' id='word_1_400' title='bbox 2215 2159 2430 2230; x_wconf 83' lang='lat' dir='ltr'><strong>quidam</strong></span> <span class='ocrx_word' id='word_1_401' title='bbox 2464 2161 2800 2230; x_wconf 82' lang='lat' dir='ltr'><strong>peregrinus,</strong></span> <span class='ocrx_word' id='word_1_402' title='bbox 2830 2163 3044 2232; x_wconf 84' lang='lat' dir='ltr'><strong>nomine</strong></span> <span class='ocrx_word' id='word_1_403' title='bbox 3069 2163 3450 2228; x_wconf 88' lang='lat' dir='ltr'><strong>Colomaunus,</strong></span> <span class='ocrx_word' id='word_1_404' title='bbox 3479 2167 3552 2221; x_wconf 88' lang='lat' dir='ltr'><strong>ab</strong></span> <span class='ocrx_word' id='word_1_405' title='bbox 3577 2167 3793 2231; x_wconf 89' lang='lat' dir='ltr'><strong>incolis,</strong></span> 
     </span>
    </p>
   </div>
   <div class='ocr_carea' id='block_1_59' title="bbox 2215 2252 3798 2326">
    <p class='ocr_par' dir='ltr' id='par_1_59' title="bbox 2215 2252 3798 2326">
     <span class='ocr_line' id='line_1_60' title="bbox 2215 2252 3798 2326; baseline 0.005 -23"><span class='ocrx_word' id='word_1_406' title='bbox 2215 2252 2366 2322; x_wconf 87' lang='lat' dir='ltr'><strong>quasi</strong></span> <span class='ocrx_word' id='word_1_407' title='bbox 2400 2253 2705 2324; x_wconf 88' lang='lat' dir='ltr'><strong>speculator</strong></span> <span class='ocrx_word' id='word_1_408' title='bbox 2735 2265 2902 2320; x_wconf 89' lang='lat' dir='ltr'><strong>esset,</strong></span> <span class='ocrx_word' id='word_1_409' title='bbox 2935 2256 3171 2324; x_wconf 86' lang='lat' dir='ltr'><strong>capitur;</strong></span> <span class='ocrx_word' id='word_1_410' title='bbox 3207 2267 3261 2310; x_wconf 87' lang='lat' dir='ltr'><strong>et</strong></span> <span class='ocrx_word' id='word_1_411' title='bbox 3296 2255 3361 2310; x_wconf 90' lang='lat' dir='ltr'><strong>ad</strong></span> <span class='ocrx_word' id='word_1_412' title='bbox 3397 2256 3798 2326; x_wconf 85' lang='lat' dir='ltr'><strong>prolessionem</strong></span> 
     </span>
    </p>
   </div>
   <div class='ocr_carea' id='block_1_60' title="bbox 2216 2346 3798 2417">
    <p class='ocr_par' dir='ltr' id='par_1_60' title="bbox 2216 2346 3798 2417">
     <span class='ocr_line' id='line_1_61' title="bbox 2216 2346 3798 2417; baseline -0.001 -15"><span class='ocrx_word' id='word_1_413' title='bbox 2216 2346 2406 2415; x_wconf 74' lang='lat' dir='ltr'><strong>culpm,</strong></span> <span class='ocrx_word' id='word_1_414' title='bbox 2438 2363 2597 2416; x_wconf 89' lang='lat' dir='ltr'><strong>quam</strong></span> <span class='ocrx_word' id='word_1_415' title='bbox 2636 2363 2739 2400; x_wconf 93' lang='lat' dir='ltr'><strong>non</strong></span> <span class='ocrx_word' id='word_1_416' title='bbox 2762 2347 2978 2410; x_wconf 89' lang='lat' dir='ltr'><strong>meruit,</strong></span> <span class='ocrx_word' id='word_1_417' title='bbox 3003 2347 3133 2402; x_wconf 90' lang='lat' dir='ltr'><strong>diris</strong></span> <span class='ocrx_word' id='word_1_418' title='bbox 3165 2347 3626 2417; x_wconf 82' lang='lat' dir='ltr'><strong>castigacionibus</strong></span> <span class='ocrx_word' id='word_1_419' title='bbox 3653 2363 3798 2402; x_wconf 79' lang='lat' dir='ltr'><strong>com-</strong></span> 
     </span>
    </p>
   </div>
   <div class='ocr_carea' id='block_1_61' title="bbox 2215 2437 3803 2510">
    <p class='ocr_par' dir='ltr' id='par_1_61' title="bbox 2215 2437 3803 2510">
     <span class='ocr_line' id='line_1_62' title="bbox 2215 2437 3803 2510; baseline -0.001 -16"><span class='ocrx_word' id='word_1_420' title='bbox 2215 2440 2451 2510; x_wconf 85' lang='lat' dir='ltr'><strong>pellitur.</strong></span> <span class='ocrx_word' id='word_1_421' title='bbox 2484 2439 2572 2494; x_wconf 93' lang='lat' dir='ltr'><strong>Ille</strong></span> <span class='ocrx_word' id='word_1_422' title='bbox 2598 2455 2718 2495; x_wconf 86' lang='lat' dir='ltr'><strong>cum</strong></span> <span class='ocrx_word' id='word_1_423' title='bbox 2747 2455 2805 2494; x_wconf 89' lang='lat' dir='ltr'><strong>se</strong></span> <span class='ocrx_word' id='word_1_424' title='bbox 2841 2441 3003 2494; x_wconf 85' lang='lat' dir='ltr'><strong>nimis</strong></span> <span class='ocrx_word' id='word_1_425' title='bbox 3033 2448 3350 2504; x_wconf 80' lang='lat' dir='ltr'><strong>excusaret,</strong></span> <span class='ocrx_word' id='word_1_426' title='bbox 3386 2437 3803 2509; x_wconf 70' lang='lat' dir='ltr'><strong>pauperemque</strong></span> 
     </span>
    </p>
   </div>
   <div class='ocr_carea' id='block_1_62' title="bbox 2215 2530 3797 2603">
    <p class='ocr_par' dir='ltr' id='par_1_62' title="bbox 2215 2530 3797 2603">
     <span class='ocr_line' id='line_1_63' title="bbox 2215 2530 3797 2603; baseline -0.004 -15"><span class='ocrx_word' id='word_1_427' title='bbox 2215 2532 2423 2588; x_wconf 87' lang='lat' dir='ltr'><strong>Christi</strong></span> <span class='ocrx_word' id='word_1_428' title='bbox 2447 2547 2504 2587; x_wconf 90' lang='lat' dir='ltr'><strong>se</strong></span> <span class='ocrx_word' id='word_1_429' title='bbox 2538 2533 2617 2587; x_wconf 89' lang='lat' dir='ltr'><strong>sic</strong></span> <span class='ocrx_word' id='word_1_430' title='bbox 2652 2533 2830 2603; x_wconf 80' lang='lat' dir='ltr'><strong>vagari</strong></span> <span class='ocrx_word' id='word_1_431' title='bbox 2871 2531 3185 2596; x_wconf 82' lang='lat' dir='ltr'><strong>aﬁirmaret,</strong></span> <span class='ocrx_word' id='word_1_432' title='bbox 3224 2532 3274 2585; x_wconf 94' lang='lat' dir='ltr'><strong>in</strong></span> <span class='ocrx_word' id='word_1_433' title='bbox 3303 2532 3498 2584; x_wconf 90' lang='lat' dir='ltr'><strong>arbore</strong></span> <span class='ocrx_word' id='word_1_434' title='bbox 3525 2530 3621 2583; x_wconf 93' lang='lat' dir='ltr'><strong>diu</strong></span> <span class='ocrx_word' id='word_1_435' title='bbox 3651 2530 3797 2583; x_wconf 80' lang='lat' dir='ltr'><strong>arida</strong></span> 
     </span>
    </p>
   </div>
   <div class='ocr_carea' id='block_1_63' title="bbox 2217 2620 3804 2692">
    <p class='ocr_par' dir='ltr' id='par_1_63' title="bbox 2217 2620 3804 2692">
     <span class='ocr_line' id='line_1_64' title="bbox 2217 2620 3804 2692; baseline -0.004 -13"><span class='ocrx_word' id='word_1_436' title='bbox 2217 2624 2478 2679; x_wconf 87' lang='lat' dir='ltr'><strong>innocens</strong></span> <span class='ocrx_word' id='word_1_437' title='bbox 2513 2639 2806 2692; x_wconf 87' lang='lat' dir='ltr'><strong>suspensus</strong></span> <span class='ocrx_word' id='word_1_438' title='bbox 2849 2633 2950 2678; x_wconf 91' lang='lat' dir='ltr'><strong>est.</strong></span> <span class='ocrx_word' id='word_1_439' title='bbox 2993 2623 3127 2676; x_wconf 72' lang='lat' dir='ltr'><strong>Nam</strong></span> <span class='ocrx_word' id='word_1_440' title='bbox 3165 2637 3291 2677; x_wconf 90' lang='lat' dir='ltr'><strong>caro</strong></span> <span class='ocrx_word' id='word_1_441' title='bbox 3326 2621 3417 2654; x_wconf 78' lang='grc'><strong>¹⁷⁸⁹</strong></span> <span class='ocrx_word' id='word_1_442' title='bbox 3461 2620 3583 2689; x_wconf 86' lang='lat' dir='ltr'><strong>ejus</strong></span> <span class='ocrx_word' id='word_1_443' title='bbox 3614 2637 3644 2673; x_wconf 86' lang='lat' dir='ltr'><strong>a</strong></span> <span class='ocrx_word' id='word_1_444' title='bbox 3670 2635 3804 2690; x_wconf 89' lang='lat' dir='ltr'><strong>quo-</strong></span> 
     </span>
    </p>
   </div>
   <div class='ocr_carea' id='block_1_64' title="bbox 2217 2711 3806 2785">
    <p class='ocr_par' dir='ltr' id='par_1_64' title="bbox 2217 2711 3806 2785">
     <span class='ocr_line' id='line_1_65' title="bbox 2217 2711 3806 2785; baseline -0.004 -14"><span class='ocrx_word' id='word_1_445' title='bbox 2217 2717 2340 2771; x_wconf 88' lang='lat' dir='ltr'><strong>dam</strong></span> <span class='ocrx_word' id='word_1_446' title='bbox 2378 2725 2563 2785; x_wconf 82' lang='lat' dir='ltr'><strong>postca</strong></span> <span class='ocrx_word' id='word_1_447' title='bbox 2603 2715 2879 2785; x_wconf 89' lang='lat' dir='ltr'><strong>paululum</strong></span> <span class='ocrx_word' id='word_1_448' title='bbox 2927 2715 3093 2770; x_wconf 88' lang='lat' dir='ltr'><strong>incisa</strong></span> <span class='ocrx_word' id='word_1_449' title='bbox 3135 2713 3451 2784; x_wconf 80' lang='lat' dir='ltr'><strong>sanguinem</strong></span> <span class='ocrx_word' id='word_1_450' title='bbox 3492 2711 3668 2775; x_wconf 76' lang='lat' dir='ltr'><strong>fudit,</strong></span> <span class='ocrx_word' id='word_1_451' title='bbox 3711 2729 3806 2766; x_wconf 87' lang='lat' dir='ltr'><strong>un-</strong></span> 
     </span>
    </p>
   </div>
   <div class='ocr_carea' id='block_1_65' title="bbox 2217 2800 3803 2888">
    <p class='ocr_par' dir='ltr' id='par_1_65' title="bbox 2217 2800 3803 2888">
     <span class='ocr_line' id='line_1_66' title="bbox 2217 2800 3803 2888; baseline -0.003 -28"><span class='ocrx_word' id='word_1_452' title='bbox 2217 2824 2348 2879; x_wconf 82' lang='lat' dir='ltr'><strong>gues</strong></span> <span class='ocrx_word' id='word_1_453' title='bbox 2394 2823 2457 2862; x_wconf 92' lang='lat' dir='ltr'><strong>ac</strong></span> <span class='ocrx_word' id='word_1_454' title='bbox 2504 2806 2679 2876; x_wconf 87' lang='lat' dir='ltr'><strong>capilli</strong></span> <span class='ocrx_word' id='word_1_455' title='bbox 2731 2807 3067 2888; x_wconf 83' lang='lat' dir='ltr'><strong>crescebant.</strong></span> <span class='ocrx_word' id='word_1_456' title='bbox 3110 2805 3226 2874; x_wconf 89' lang='lat' dir='ltr'><strong>Ipsa</strong></span> <span class='ocrx_word' id='word_1_457' title='bbox 3258 2819 3476 2873; x_wconf 86' lang='lat' dir='ltr'><strong>quoque</strong></span> <span class='ocrx_word' id='word_1_458' title='bbox 3514 2803 3686 2857; x_wconf 85' lang='lat' dir='ltr'><strong>arbor</strong></span> <span class='ocrx_word' id='word_1_459' title='bbox 3711 2800 3803 2855; x_wconf 82' lang='lat' dir='ltr'><strong>ﬂo-</strong></span> 
     </span>
    </p>
   </div>
   <div class='ocr_carea' id='block_1_66' title="bbox 2218 2893 3804 2964">
    <p class='ocr_par' dir='ltr' id='par_1_66' title="bbox 2218 2893 3804 2964">
     <span class='ocr_line' id='line_1_67' title="bbox 2218 2893 3804 2964; baseline -0.004 -10"><span class='ocrx_word' id='word_1_460' title='bbox 2218 2901 2348 2964; x_wconf 90' lang='lat' dir='ltr'><strong>ruit,</strong></span> <span class='ocrx_word' id='word_1_461' title='bbox 2372 2908 2425 2954; x_wconf 90' lang='lat' dir='ltr'><strong>et</strong></span> <span class='ocrx_word' id='word_1_462' title='bbox 2453 2900 2593 2953; x_wconf 90' lang='lat' dir='ltr'><strong>hunc</strong></span> <span class='ocrx_word' id='word_1_463' title='bbox 2623 2898 2825 2953; x_wconf 81' lang='lat' dir='ltr'><strong>Christi</strong></span> <span class='ocrx_word' id='word_1_464' title='bbox 2855 2897 3130 2952; x_wconf 83' lang='lat' dir='ltr'><strong>martitem</strong></span> <span class='ocrx_word' id='word_1_465' title='bbox 3164 2911 3283 2952; x_wconf 82' lang='lat' dir='ltr'><strong>esse</strong></span> <span class='ocrx_word' id='word_1_466' title='bbox 3315 2895 3668 2950; x_wconf 76' lang='lat' dir='ltr'><strong>monstravit.</strong></span> <span class='ocrx_word' id='word_1_467' title='bbox 3695 2893 3804 2948; x_wconf 84' lang='lat' dir='ltr'><strong>Hoc</strong></span> 
     </span>
    </p>
   </div>
   <div class='ocr_carea' id='block_1_67' title="bbox 2220 2985 3808 3059">
    <p class='ocr_par' dir='ltr' id='par_1_67' title="bbox 2220 2985 3808 3059">
     <span class='ocr_line' id='line_1_68' title="bbox 2220 2985 3808 3059; baseline -0.003 -15"><span class='ocrx_word' id='word_1_468' title='bbox 2220 2991 2465 3046; x_wconf 88' lang='lat' dir='ltr'><strong>marchio</strong></span> <span class='ocrx_word' id='word_1_469' title='bbox 2490 2990 2774 3044; x_wconf 81' lang='lat' dir='ltr'><strong>Heinricus</strong></span> <span class='ocrx_word' id='word_1_470' title='bbox 2809 2998 2869 3042; x_wconf 90' lang='lat' dir='ltr'><strong>ut</strong></span> <span class='ocrx_word' id='word_1_471' title='bbox 2905 2985 3198 3059; x_wconf 87' lang='lat' dir='ltr'><strong>comperit,</strong></span> <span class='ocrx_word' id='word_1_472' title='bbox 3229 3001 3427 3058; x_wconf 89' lang='lat' dir='ltr'><strong>corpus</strong></span> <span class='ocrx_word' id='word_1_473' title='bbox 3470 2985 3721 3056; x_wconf 84' lang='lat' dir='ltr'><strong>ejusdem</strong></span> <span class='ocrx_word' id='word_1_474' title='bbox 3751 2986 3808 3040; x_wconf 81' lang='lat' dir='ltr'><strong>in</strong></span> 
     </span>
    </p>
   </div>
   <div class='ocr_carea' id='block_1_68' title="bbox 2219 3077 2973 3150">
    <p class='ocr_par' dir='ltr' id='par_1_68' title="bbox 2219 3077 2973 3150">
     <span class='ocr_line' id='line_1_69' title="bbox 2219 3077 2973 3150; baseline -0.004 -15"><span class='ocrx_word' id='word_1_475' title='bbox 2219 3081 2514 3136; x_wconf 84' lang='lat' dir='ltr'><strong>Mezilecun</strong></span> <span class='ocrx_word' id='word_1_476' title='bbox 2540 3078 2686 3150; x_wconf 81' lang='lat'><strong>(950)</strong></span> <span class='ocrx_word' id='word_1_477' title='bbox 2711 3077 2973 3149; x_wconf 85' lang='lat' dir='ltr'><strong>sepelivit.</strong></span> 
     </span>
    </p>
   </div>
   <div class='ocr_carea' id='block_1_69' title="bbox 1668 3339 2696 3436">
    <p class='ocr_par' dir='ltr' id='par_1_69' title="bbox 1668 3339 2696 3436">
     <span class='ocr_line' id='line_1_70' title="bbox 1668 3339 2696 3436; baseline 0.004 -12"><span class='ocrx_word' id='word_1_478' title='bbox 1668 3339 2029 3430; x_wconf 83' lang='lat' dir='ltr'><strong>LIBER</strong></span> <span class='ocrx_word' id='word_1_479' title='bbox 2117 3341 2696 3436; x_wconf 83' lang='lat' dir='ltr'><strong>OCTAVUS.</strong></span> 
     </span>
    </p>
   </div>
   <div class='ocr_carea' id='block_1_70' title="bbox 1144 3483 3159 3548">
    <p class='ocr_par' dir='ltr' id='par_1_70' title="bbox 1144 3483 3159 3548">
     <span class='ocr_line' id='line_1_71' title="bbox 1144 3483 3159 3548; baseline 0 -8"><span class='ocrx_word' id='word_1_480' title='bbox 1144 3483 1390 3540; x_wconf 79' lang='lat' dir='ltr'><strong>INCIPIT</strong></span> <span class='ocrx_word' id='word_1_481' title='bbox 1427 3486 1762 3544; x_wconf 78' lang='lat' dir='ltr'><strong>LIBELLUS</strong></span> <span class='ocrx_word' id='word_1_482' title='bbox 1800 3488 1844 3543; x_wconf 88' lang='lat' dir='ltr'><strong>II</strong></span> <span class='ocrx_word' id='word_1_483' title='bbox 1879 3490 2179 3548; x_wconf 81' lang='lat' dir='ltr'>IIEINRICI</span> <span class='ocrx_word' id='word_1_484' title='bbox 2213 3488 2676 3546; x_wconf 73' lang='lat' dir='ltr'><strong>INPEIIATORIS</strong></span> <span class='ocrx_word' id='word_1_485' title='bbox 2715 3487 3009 3544; x_wconf 82' lang='lat' dir='ltr'><strong>SECUNDI</strong></span> <span class='ocrx_word' id='word_1_486' title='bbox 3051 3489 3159 3542; x_wconf 74' lang='grc'><strong>⁸⁷⁸⁸,</strong></span> 
     </span>
    </p>
   </div>
   <div class='ocr_carea' id='block_1_71' title="bbox 607 3597 2107 3671">
    <p class='ocr_par' dir='ltr' id='par_1_71' title="bbox 607 3597 2107 3671">
     <span class='ocr_line' id='line_1_72' title="bbox 607 3597 2107 3671; baseline 0.006 -18"><span class='ocrx_word' id='word_1_487' title='bbox 607 3599 662 3653; x_wconf 86' lang='lat' dir='ltr'><strong>I.</strong></span> <span class='ocrx_word' id='word_1_488' title='bbox 704 3598 762 3668; x_wconf 88' lang='lat' dir='ltr'><strong>(l&#39;.</strong></span> <span class='ocrx_word' id='word_1_489' title='bbox 807 3599 944 3670; x_wconf 85' lang='lat' dir='ltr'><strong>l76‘)</strong></span> <span class='ocrx_word' id='word_1_490' title='bbox 989 3601 1145 3657; x_wconf 84' lang='lat' dir='ltr'><strong>Anno</strong></span> <span class='ocrx_word' id='word_1_491' title='bbox 1175 3603 1466 3658; x_wconf 85' lang='lat' dir='ltr'><strong>Dominicae</strong></span> <span class='ocrx_word' id='word_1_492' title='bbox 1511 3602 1900 3660; x_wconf 88' lang='lat' dir='ltr'><strong>incarnationis</strong></span> <span class='ocrx_word' id='word_1_493' title='bbox 1938 3597 2107 3671; x_wconf 79' lang='lat' dir='ltr'>IOI8.</span> 
     </span>
    </p>
   </div>
   <div class='ocr_carea' id='block_1_72' title="bbox 539 3688 2114 3768">
    <p class='ocr_par' dir='ltr' id='par_1_72' title="bbox 539 3688 2114 3768">
     <span class='ocr_line' id='line_1_73' title="bbox 539 3688 2114 3768; baseline 0.004 -22"><span class='ocrx_word' id='word_1_494' title='bbox 539 3691 840 3748; x_wconf 88' lang='lat' dir='ltr'><strong>indiccione</strong></span> <span class='ocrx_word' id='word_1_495' title='bbox 883 3691 940 3756; x_wconf 78' lang='lat'><strong>2,</strong></span> <span class='ocrx_word' id='word_1_496' title='bbox 980 3709 1122 3749; x_wconf 92' lang='lat' dir='ltr'><strong>anno</strong></span> <span class='ocrx_word' id='word_1_497' title='bbox 1157 3706 1334 3751; x_wconf 90' lang='lat' dir='ltr'><strong>autem</strong></span> <span class='ocrx_word' id='word_1_498' title='bbox 1377 3696 1556 3751; x_wconf 88' lang='lat' dir='ltr'><strong>domui</strong></span> <span class='ocrx_word' id='word_1_499' title='bbox 1604 3695 1840 3753; x_wconf 83' lang='lat' dir='ltr'><strong>Heinrici</strong></span> <span class='ocrx_word' id='word_1_500' title='bbox 1899 3688 2114 3768; x_wconf 82' lang='lat' dir='ltr'><strong>inpera-</strong></span> 
     </span>
    </p>
   </div>
   <div class='ocr_carea' id='block_1_73' title="bbox 537 3783 2111 3857">
    <p class='ocr_par' dir='ltr' id='par_1_73' title="bbox 537 3783 2111 3857">
     <span class='ocr_line' id='line_1_74' title="bbox 537 3783 2111 3857; baseline 0.004 -20"><span class='ocrx_word' id='word_1_501' title='bbox 537 3783 671 3839; x_wconf 87' lang='lat' dir='ltr'><strong>toris</strong></span> <span class='ocrx_word' id='word_1_502' title='bbox 710 3785 920 3854; x_wconf 80' lang='lat' dir='ltr'><strong>augusti</strong></span> <span class='ocrx_word' id='word_1_503' title='bbox 955 3785 1039 3852; x_wconf 66' lang='lat'><strong>£6,</strong></span> <span class='ocrx_word' id='word_1_504' title='bbox 1087 3787 1273 3857; x_wconf 86' lang='lat' dir='ltr'><strong>inperii</strong></span> <span class='ocrx_word' id='word_1_505' title='bbox 1306 3797 1486 3843; x_wconf 90' lang='lat' dir='ltr'><strong>autem</strong></span> <span class='ocrx_word' id='word_1_506' title='bbox 1526 3788 1579 3842; x_wconf 72' lang='grc'><strong>4.</strong></span> <span class='ocrx_word' id='word_1_507' title='bbox 1625 3789 1967 3845; x_wconf 89' lang='lat' dir='ltr'><strong>circumcisio</strong></span> <span class='ocrx_word' id='word_1_508' title='bbox 2007 3791 2111 3844; x_wconf 84' lang='lat' dir='ltr'><strong>Do-</strong></span> 
     </span>
    </p>
   </div>
   <div class='ocr_carea' id='block_1_74' title="bbox 538 3877 2117 3949">
    <p class='ocr_par' dir='ltr' id='par_1_74' title="bbox 538 3877 2117 3949">
     <span class='ocr_line' id='line_1_75' title="bbox 538 3877 2117 3949; baseline 0.005 -20"><span class='ocrx_word' id='word_1_509' title='bbox 538 3877 669 3930; x_wconf 88' lang='lat' dir='ltr'><strong>mini</strong></span> <span class='ocrx_word' id='word_1_510' title='bbox 697 3887 752 3931; x_wconf 88' lang='lat' dir='ltr'><strong>et</strong></span> <span class='ocrx_word' id='word_1_511' title='bbox 778 3879 1100 3947; x_wconf 82' lang='lat' dir='ltr'><strong>theophania</strong></span> <span class='ocrx_word' id='word_1_512' title='bbox 1133 3880 1186 3934; x_wconf 88' lang='lat' dir='ltr'><strong>in</strong></span> <span class='ocrx_word' id='word_1_513' title='bbox 1215 3881 1454 3949; x_wconf 91' lang='lat' dir='ltr'><strong>predicta</strong></span> <span class='ocrx_word' id='word_1_514' title='bbox 1481 3879 1697 3935; x_wconf 87' lang='lat' dir='ltr'><strong>civitate</strong></span> <span class='ocrx_word' id='word_1_515' title='bbox 1720 3881 1784 3935; x_wconf 91' lang='lat' dir='ltr'><strong>ab</strong></span> <span class='ocrx_word' id='word_1_516' title='bbox 1810 3885 1998 3936; x_wconf 90' lang='lat' dir='ltr'><strong>eodem</strong></span> <span class='ocrx_word' id='word_1_517' title='bbox 2025 3897 2117 3937; x_wconf 78' lang='lat' dir='ltr'><strong>ve-</strong></span> 
     </span>
    </p>
   </div>
   <div class='ocr_carea' id='block_1_75' title="bbox 541 3969 2119 4045">
    <p class='ocr_par' dir='ltr' id='par_1_75' title="bbox 541 3969 2119 4045">
     <span class='ocr_line' id='line_1_76' title="bbox 541 3969 2119 4045; baseline 0.004 -23"><span class='ocrx_word' id='word_1_518' title='bbox 541 3969 855 4024; x_wconf 86' lang='lat' dir='ltr'><strong>nerabiliter</strong></span> <span class='ocrx_word' id='word_1_519' title='bbox 901 3971 1195 4026; x_wconf 78' lang='lat' dir='ltr'><strong>colebatur.</strong></span> <span class='ocrx_word' id='word_1_520' title='bbox 1245 3973 1492 4029; x_wconf 85' lang='lat' dir='ltr'><strong>Ecelinus</strong></span> <span class='ocrx_word' id='word_1_521' title='bbox 1549 3973 1931 4045; x_wconf 85' lang='lat' dir='ltr'><strong>Longobardus</strong></span> <span class='ocrx_word' id='word_1_522' title='bbox 1983 3991 2119 4045; x_wconf 85' lang='lat' dir='ltr'><strong>qua-</strong></span> 
     </span>
    </p>
   </div>
   <div class='ocr_carea' id='block_1_76' title="bbox 541 4060 2118 4121">
    <p class='ocr_par' dir='ltr' id='par_1_76' title="bbox 541 4060 2118 4121">
     <span class='ocr_line' id='line_1_77' title="bbox 541 4060 2118 4121; baseline 0.004 -7"><span class='ocrx_word' id='word_1_523' title='bbox 541 4060 752 4114; x_wconf 87' lang='lat' dir='ltr'><strong>drieuui</strong></span> <span class='ocrx_word' id='word_1_524' title='bbox 830 4063 1076 4117; x_wconf 86' lang='lat' dir='ltr'><strong>custodia</strong></span> <span class='ocrx_word' id='word_1_525' title='bbox 1148 4063 1181 4118; x_wconf 91' lang='lat'><strong>8</strong></span> <span class='ocrx_word' id='word_1_526' title='bbox 1267 4064 1533 4120; x_wconf 80' lang='lat' dir='ltr'><strong>Kalendas</strong></span> <span class='ocrx_word' id='word_1_527' title='bbox 1607 4065 1885 4120; x_wconf 82' lang='lat' dir='ltr'><strong>Februarii</strong></span> <span class='ocrx_word' id='word_1_528' title='bbox 1955 4065 2118 4121; x_wconf 86' lang='lat' dir='ltr'><strong>solvi-</strong></span> 
     </span>
    </p>
   </div>
   <div class='ocr_carea' id='block_1_77' title="bbox 541 4154 2120 4226">
    <p class='ocr_par' dir='ltr' id='par_1_77' title="bbox 541 4154 2120 4226">
     <span class='ocr_line' id='line_1_78' title="bbox 541 4154 2120 4226; baseline 0.005 -21"><span class='ocrx_word' id='word_1_529' title='bbox 541 4159 630 4206; x_wconf 89' lang='lat' dir='ltr'><strong>tur</strong></span> <span class='ocrx_word' id='word_1_530' title='bbox 680 4155 770 4186; x_wconf 70' lang='grc'>⁸⁷⁸⁸</span> <span class='ocrx_word' id='word_1_531' title='bbox 812 4155 982 4224; x_wconf 67' lang='grc'><strong>(931).</strong></span> <span class='ocrx_word' id='word_1_532' title='bbox 1014 4156 1311 4226; x_wconf 85' lang='lat' dir='ltr'><strong>Posteaque</strong></span> <span class='ocrx_word' id='word_1_533' title='bbox 1349 4154 1502 4224; x_wconf 73' lang='lat' dir='ltr'><strong>jussu</strong></span> <span class='ocrx_word' id='word_1_534' title='bbox 1541 4172 1642 4213; x_wconf 91' lang='lat' dir='ltr'><strong>suo</strong></span> <span class='ocrx_word' id='word_1_535' title='bbox 1680 4169 1735 4212; x_wconf 90' lang='lat' dir='ltr'><strong>et</strong></span> <span class='ocrx_word' id='word_1_536' title='bbox 1770 4158 1984 4213; x_wconf 86' lang='lat' dir='ltr'><strong>assidua</strong></span> <span class='ocrx_word' id='word_1_537' title='bbox 2017 4160 2120 4213; x_wconf 85' lang='lat' dir='ltr'><strong>Bo-</strong></span> 
     </span>
    </p>
   </div>
   <div class='ocr_carea' id='block_1_78' title="bbox 542 4243 2124 4319">
    <p class='ocr_par' dir='ltr' id='par_1_78' title="bbox 542 4243 2124 4319">
     <span class='ocr_line' id='line_1_79' title="bbox 542 4243 2124 4319; baseline 0.005 -23"><span class='ocrx_word' id='word_1_538' title='bbox 542 4243 720 4300; x_wconf 86' lang='lat' dir='ltr'><strong>Iizlavi</strong></span> <span class='ocrx_word' id='word_1_539' title='bbox 752 4247 844 4279; x_wconf 79' lang='grc'><strong>¹⁷⁹²</strong></span> <span class='ocrx_word' id='word_1_540' title='bbox 882 4247 1034 4303; x_wconf 89' lang='lat' dir='ltr'><strong>ducis</strong></span> <span class='ocrx_word' id='word_1_541' title='bbox 1065 4248 1459 4319; x_wconf 86' lang='lat' dir='ltr'><strong>supplicacione</strong></span> <span class='ocrx_word' id='word_1_542' title='bbox 1494 4250 1544 4302; x_wconf 91' lang='lat' dir='ltr'><strong>in</strong></span> <span class='ocrx_word' id='word_1_543' title='bbox 1593 4251 1824 4318; x_wconf 89' lang='lat' dir='ltr'><strong>quadam</strong></span> <span class='ocrx_word' id='word_1_544' title='bbox 1862 4250 1994 4304; x_wconf 85' lang='lat' dir='ltr'><strong>urbe</strong></span> <span class='ocrx_word' id='word_1_545' title='bbox 2021 4251 2124 4304; x_wconf 83' lang='lat' dir='ltr'><strong>Bu-</strong></span> 
     </span>
    </p>
   </div>
   <div class='ocr_carea' id='block_1_79' title="bbox 2219 3602 3805 3678">
    <p class='ocr_par' dir='ltr' id='par_1_79' title="bbox 2219 3602 3805 3678">
     <span class='ocr_line' id='line_1_80' title="bbox 2219 3602 3805 3678; baseline 0.003 -20"><span class='ocrx_word' id='word_1_546' title='bbox 2219 3605 2415 3673; x_wconf 82' lang='lat' dir='ltr'><strong>prefati</strong></span> <span class='ocrx_word' id='word_1_547' title='bbox 2456 3604 2698 3678; x_wconf 81' lang='lat' dir='ltr'><strong>seniores</strong></span> <span class='ocrx_word' id='word_1_548' title='bbox 2746 3605 2949 3658; x_wconf 82' lang='lat' dir='ltr'><strong>reversi</strong></span> <span class='ocrx_word' id='word_1_549' title='bbox 2995 3611 3138 3658; x_wconf 87' lang='lat' dir='ltr'><strong>sunt.</strong></span> <span class='ocrx_word' id='word_1_550' title='bbox 3181 3602 3500 3658; x_wconf 87' lang='lat' dir='ltr'><strong>Transactis</strong></span> <span class='ocrx_word' id='word_1_551' title='bbox 3552 3614 3738 3661; x_wconf 86' lang='lat' dir='ltr'><strong>autem</strong></span> <span class='ocrx_word' id='word_1_552' title='bbox 3775 3607 3805 3662; x_wconf 68' lang='grc' dir='ltr'><strong><em>ι</em></strong></span> 
     </span>
    </p>
   </div>
   <div class='ocr_carea' id='block_1_80' title="bbox 2221 3679 3808 3767">
    <p class='ocr_par' dir='ltr' id='par_1_80' title="bbox 2221 3679 3808 3767">
     <span class='ocr_line' id='line_1_81' title="bbox 2221 3679 3808 3767; baseline 0.001 -16"><span class='ocrx_word' id='word_1_553' title='bbox 2221 3679 2430 3763; x_wconf 85' lang='lat' dir='ltr'><strong>diebus,</strong></span> <span class='ocrx_word' id='word_1_554' title='bbox 2461 3695 2596 3762; x_wconf 88' lang='lat' dir='ltr'><strong>Oda,</strong></span> <span class='ocrx_word' id='word_1_555' title='bbox 2630 3695 2915 3751; x_wconf 84' lang='lat' dir='ltr'><strong>Ekkihardi</strong></span> <span class='ocrx_word' id='word_1_556' title='bbox 2944 3695 3267 3750; x_wconf 89' lang='lat' dir='ltr'><strong>marchionis</strong></span> <span class='ocrx_word' id='word_1_557' title='bbox 3297 3694 3444 3767; x_wconf 71' lang='lat'><strong>(952)</strong></span> <span class='ocrx_word' id='word_1_558' title='bbox 3485 3697 3618 3762; x_wconf 84' lang='lat' dir='ltr'><strong>ﬁlia,</strong></span> <span class='ocrx_word' id='word_1_559' title='bbox 3651 3715 3682 3752; x_wconf 75' lang='grc' dir='ltr'><strong>ει</strong></span> <span class='ocrx_word' id='word_1_560' title='bbox 3710 3699 3808 3752; x_wconf 83' lang='grc' dir='ltr'><strong>Βο-</strong></span> 
     </span>
    </p>
   </div>
   <div class='ocr_carea' id='block_1_81' title="bbox 2219 3787 3809 3860">
    <p class='ocr_par' dir='ltr' id='par_1_81' title="bbox 2219 3787 3809 3860">
     <span class='ocr_line' id='line_1_82' title="bbox 2219 3787 3809 3860; baseline -0.001 -16"><span class='ocrx_word' id='word_1_561' title='bbox 2219 3789 2413 3844; x_wconf 85' lang='lat' dir='ltr'><strong>lizlavo</strong></span> <span class='ocrx_word' id='word_1_562' title='bbox 2444 3790 2532 3844; x_wconf 91' lang='lat' dir='ltr'><strong>diu</strong></span> <span class='ocrx_word' id='word_1_563' title='bbox 2557 3789 2668 3860; x_wconf 87' lang='lat' dir='ltr'><strong>jam</strong></span> <span class='ocrx_word' id='word_1_564' title='bbox 2698 3788 3033 3851; x_wconf 87' lang='lat' dir='ltr'><strong>desiderata,</strong></span> <span class='ocrx_word' id='word_1_565' title='bbox 3066 3796 3120 3841; x_wconf 90' lang='lat' dir='ltr'><strong>et</strong></span> <span class='ocrx_word' id='word_1_566' title='bbox 3145 3801 3240 3856; x_wconf 91' lang='lat' dir='ltr'><strong>per</strong></span> <span class='ocrx_word' id='word_1_567' title='bbox 3278 3787 3445 3841; x_wconf 90' lang='lat' dir='ltr'><strong>ﬁlium</strong></span> <span class='ocrx_word' id='word_1_568' title='bbox 3481 3789 3688 3843; x_wconf 85' lang='lat' dir='ltr'><strong>suimet</strong></span> <span class='ocrx_word' id='word_1_569' title='bbox 3718 3788 3809 3845; x_wconf 87' lang='lat' dir='ltr'><strong>Ot-</strong></span> 
     </span>
    </p>
   </div>
   <div class='ocr_carea' id='block_1_82' title="bbox 2222 3879 3808 3952">
    <p class='ocr_par' dir='ltr' id='par_1_82' title="bbox 2222 3879 3808 3952">
     <span class='ocr_line' id='line_1_83' title="bbox 2222 3879 3808 3952; baseline -0.001 -15"><span class='ocrx_word' id='word_1_570' title='bbox 2222 3893 2402 3938; x_wconf 90' lang='lat' dir='ltr'><strong>tonem</strong></span> <span class='ocrx_word' id='word_1_571' title='bbox 2451 3893 2577 3938; x_wconf 92' lang='lat' dir='ltr'><strong>tunc</strong></span> <span class='ocrx_word' id='word_1_572' title='bbox 2625 3891 2838 3946; x_wconf 91' lang='lat' dir='ltr'><strong>vocata,</strong></span> <span class='ocrx_word' id='word_1_573' title='bbox 2890 3879 3139 3937; x_wconf 84' lang='lat' dir='ltr'><strong>Cziczani</strong></span> <span class='ocrx_word' id='word_1_574' title='bbox 3195 3881 3286 3912; x_wconf 81' lang='grc'><strong>¹⁷⁹³</strong></span> <span class='ocrx_word' id='word_1_575' title='bbox 3329 3881 3478 3952; x_wconf 82' lang='grc'>(955)</span> <span class='ocrx_word' id='word_1_576' title='bbox 3526 3883 3719 3948; x_wconf 87' lang='lat' dir='ltr'><strong>venit;</strong></span> <span class='ocrx_word' id='word_1_577' title='bbox 3755 3891 3808 3936; x_wconf 88' lang='lat' dir='ltr'><strong>et</strong></span> 
     </span>
    </p>
   </div>
   <div class='ocr_carea' id='block_1_83' title="bbox 2221 3974 3805 4049">
    <p class='ocr_par' dir='ltr' id='par_1_83' title="bbox 2221 3974 3805 4049">
     <span class='ocr_line' id='line_1_84' title="bbox 2221 3974 3805 4049; baseline -0.001 -18"><span class='ocrx_word' id='word_1_578' title='bbox 2221 3979 2346 4049; x_wconf 88' lang='lat' dir='ltr'><strong>quia</strong></span> <span class='ocrx_word' id='word_1_579' title='bbox 2371 3986 2502 4032; x_wconf 86' lang='lat' dir='ltr'><strong>tunc</strong></span> <span class='ocrx_word' id='word_1_580' title='bbox 2528 3993 2636 4032; x_wconf 78' lang='lat' dir='ltr'><strong>nox</strong></span> <span class='ocrx_word' id='word_1_581' title='bbox 2662 3984 2808 4040; x_wconf 89' lang='lat' dir='ltr'><strong>erat,</strong></span> <span class='ocrx_word' id='word_1_582' title='bbox 2835 3975 3015 4030; x_wconf 88' lang='lat' dir='ltr'><strong>multis</strong></span> <span class='ocrx_word' id='word_1_583' title='bbox 3045 3974 3397 4029; x_wconf 88' lang='lat' dir='ltr'><strong>Iuminaribus</strong></span> <span class='ocrx_word' id='word_1_584' title='bbox 3430 3977 3704 4039; x_wconf 72' lang='lat' dir='ltr'><strong>accensis,</strong></span> <span class='ocrx_word' id='word_1_585' title='bbox 3742 3976 3805 4030; x_wconf 81' lang='lat' dir='ltr'><strong>ab</strong></span> 
     </span>
    </p>
   </div>
   <div class='ocr_carea' id='block_1_84' title="bbox 2222 4065 3802 4136">
    <p class='ocr_par' dir='ltr' id='par_1_84' title="bbox 2222 4065 3802 4136">
     <span class='ocr_line' id='line_1_85' title="bbox 2222 4065 3802 4136; baseline -0.004 -11"><span class='ocrx_word' id='word_1_586' title='bbox 2222 4069 2466 4125; x_wconf 91' lang='lat' dir='ltr'><strong>inmensa</strong></span> <span class='ocrx_word' id='word_1_587' title='bbox 2495 4068 2777 4136; x_wconf 89' lang='lat' dir='ltr'><strong>utriusque</strong></span> <span class='ocrx_word' id='word_1_588' title='bbox 2815 4081 2974 4120; x_wconf 81' lang='lat' dir='ltr'><strong>sexus</strong></span> <span class='ocrx_word' id='word_1_589' title='bbox 3015 4065 3355 4119; x_wconf 87' lang='lat' dir='ltr'><strong>multitudine</strong></span> <span class='ocrx_word' id='word_1_590' title='bbox 3395 4076 3653 4135; x_wconf 87' lang='lat' dir='ltr'><strong>suscepta</strong></span> <span class='ocrx_word' id='word_1_591' title='bbox 3694 4074 3802 4129; x_wconf 87' lang='lat' dir='ltr'><strong>est,</strong></span> 
     </span>
    </p>
   </div>
   <div class='ocr_carea' id='block_1_85' title="bbox 2223 4157 3806 4229">
    <p class='ocr_par' dir='ltr' id='par_1_85' title="bbox 2223 4157 3806 4229">
     <span class='ocr_line' id='line_1_86' title="bbox 2223 4157 3806 4229; baseline -0.004 -13"><span class='ocrx_word' id='word_1_592' title='bbox 2223 4175 2288 4216; x_wconf 90' lang='lat' dir='ltr'><strong>ac</strong></span> <span class='ocrx_word' id='word_1_593' title='bbox 2314 4159 2496 4229; x_wconf 80' lang='lat' dir='ltr'><strong>nupsit</strong></span> <span class='ocrx_word' id='word_1_594' title='bbox 2522 4159 2643 4213; x_wconf 91' lang='lat' dir='ltr'><strong>duci</strong></span> <span class='ocrx_word' id='word_1_595' title='bbox 2672 4159 2912 4228; x_wconf 89' lang='lat' dir='ltr'><strong>predicto</strong></span> <span class='ocrx_word' id='word_1_596' title='bbox 2945 4166 3065 4228; x_wconf 91' lang='lat' dir='ltr'><strong>post</strong></span> <span class='ocrx_word' id='word_1_597' title='bbox 3098 4157 3554 4228; x_wconf 85' lang='lat' dir='ltr'><strong>septuagesimam</strong></span> <span class='ocrx_word' id='word_1_598' title='bbox 3602 4158 3806 4226; x_wconf 83' lang='lat' dir='ltr'><strong>absque</strong></span> 
     </span>
    </p>
   </div>
   <div class='ocr_carea' id='block_1_86' title="bbox 2221 4247 3805 4318">
    <p class='ocr_par' dir='ltr' id='par_1_86' title="bbox 2221 4247 3805 4318">
     <span class='ocr_line' id='line_1_87' title="bbox 2221 4247 3805 4318; baseline -0.004 -10"><span class='ocrx_word' id='word_1_599' title='bbox 2221 4253 2483 4308; x_wconf 88' lang='lat' dir='ltr'><strong>canonica</strong></span> <span class='ocrx_word' id='word_1_600' title='bbox 2532 4249 2886 4314; x_wconf 89' lang='lat' dir='ltr'><strong>auctoritate,</strong></span> <span class='ocrx_word' id='word_1_601' title='bbox 2939 4264 3061 4318; x_wconf 73' lang='lat' dir='ltr'><strong>qua:</strong></span> <span class='ocrx_word' id='word_1_602' title='bbox 3106 4249 3316 4303; x_wconf 76' lang='lat' dir='ltr'><strong>vivebat</strong></span> <span class='ocrx_word' id='word_1_603' title='bbox 3362 4247 3634 4302; x_wconf 86' lang='lat' dir='ltr'><strong>hactenus</strong></span> <span class='ocrx_word' id='word_1_604' title='bbox 3694 4249 3805 4302; x_wconf 88' lang='lat' dir='ltr'><strong>sine</strong></span> 
     </span>
    </p>
   </div>
   <div class='ocr_carea' id='block_1_87' title="bbox 544 4337 3808 4427">
    <p class='ocr_par' dir='ltr' id='par_1_87' title="bbox 544 4337 3808 4427">
     <span class='ocr_line' id='line_1_88' title="bbox 544 4337 3808 4427; baseline -0 -35"><span class='ocrx_word' id='word_1_605' title='bbox 544 4337 702 4392; x_wconf 85' lang='lat' dir='ltr'><strong>(iusin</strong></span> <span class='ocrx_word' id='word_1_606' title='bbox 749 4341 887 4394; x_wconf 89' lang='lat' dir='ltr'><strong>dicta</strong></span> <span class='ocrx_word' id='word_1_607' title='bbox 945 4357 974 4394; x_wconf 87' lang='lat' dir='ltr'><strong>a</strong></span> <span class='ocrx_word' id='word_1_608' title='bbox 1024 4341 1236 4397; x_wconf 83' lang='lat' dir='ltr'><strong>Gerone</strong></span> <span class='ocrx_word' id='word_1_609' title='bbox 1291 4350 1346 4397; x_wconf 86' lang='lat' dir='ltr'><strong>et</strong></span> <span class='ocrx_word' id='word_1_610' title='bbox 1394 4341 1618 4397; x_wconf 86' lang='lat' dir='ltr'><strong>Arnull‘o</strong></span> <span class='ocrx_word' id='word_1_611' title='bbox 1671 4341 1941 4412; x_wconf 86' lang='lat' dir='ltr'><strong>episcopis</strong></span> <span class='ocrx_word' id='word_1_612' title='bbox 1989 4352 2042 4395; x_wconf 90' lang='lat' dir='ltr'><strong>et</strong></span> <span class='ocrx_word' id='word_1_613' title='bbox 2091 4357 2119 4394; x_wconf 90' lang='lat' dir='ltr'><strong>a</strong></span> <span class='ocrx_word' id='word_1_614' title='bbox 2151 4368 2199 4427; x_wconf 75' lang='grc' dir='ltr'>ι)</span> <span class='ocrx_word' id='word_1_615' title='bbox 2230 4341 2514 4396; x_wconf 86' lang='lat' dir='ltr'><strong>matronali</strong></span> <span class='ocrx_word' id='word_1_616' title='bbox 2549 4339 2967 4406; x_wconf 86' lang='lat' dir='ltr'><strong>consuetudine,</strong></span> <span class='ocrx_word' id='word_1_617' title='bbox 3004 4339 3288 4393; x_wconf 88' lang='lat' dir='ltr'><strong>admodum</strong></span> <span class='ocrx_word' id='word_1_618' title='bbox 3324 4339 3488 4407; x_wconf 81' lang='lat' dir='ltr'><strong>digna</strong></span> <span class='ocrx_word' id='word_1_619' title='bbox 3524 4347 3679 4392; x_wconf 84' lang='lat' dir='ltr'><strong>tanto</strong></span> <span class='ocrx_word' id='word_1_620' title='bbox 3711 4337 3808 4392; x_wconf 65' lang='lat' dir='ltr'><strong>In:-</strong></span> 
     </span>
    </p>
   </div>
   <div class='ocr_carea' id='block_1_88' title="bbox 544 4428 2120 4500">
    <p class='ocr_par' dir='ltr' id='par_1_88' title="bbox 544 4428 2120 4500">
     <span class='ocr_line' id='line_1_89' title="bbox 544 4428 2120 4500; baseline 0.002 -19"><span class='ocrx_word' id='word_1_621' title='bbox 544 4428 832 4483; x_wconf 84' lang='lat' dir='ltr'><strong>comitibus</strong></span> <span class='ocrx_word' id='word_1_622' title='bbox 879 4430 1195 4486; x_wconf 80' lang='lat' dir='ltr'><strong>Ilirimanno</strong></span> <span class='ocrx_word' id='word_1_623' title='bbox 1243 4439 1404 4500; x_wconf 80' lang='lat' dir='ltr'><strong>atque</strong></span> <span class='ocrx_word' id='word_1_624' title='bbox 1450 4431 1725 4487; x_wconf 82' lang='lat' dir='ltr'><strong>Tricdrico</strong></span> <span class='ocrx_word' id='word_1_625' title='bbox 1778 4446 1880 4500; x_wconf 79' lang='lat' dir='ltr'><strong>pax</strong></span> <span class='ocrx_word' id='word_1_626' title='bbox 1933 4445 2120 4486; x_wconf 85' lang='lat' dir='ltr'><strong>sacra-</strong></span> 
     </span>
    </p>
   </div>
   <div class='ocr_carea' id='block_1_89' title="bbox 546 4522 2122 4588">
    <p class='ocr_par' dir='ltr' id='par_1_89' title="bbox 546 4522 2122 4588">
     <span class='ocr_line' id='line_1_90' title="bbox 546 4522 2122 4588; baseline 0.003 -14"><span class='ocrx_word' id='word_1_627' title='bbox 546 4522 744 4574; x_wconf 85' lang='lat' dir='ltr'><strong>mentis</strong></span> <span class='ocrx_word' id='word_1_628' title='bbox 789 4523 997 4577; x_wconf 82' lang='lat' dir='ltr'><strong>ﬁrmata</strong></span> <span class='ocrx_word' id='word_1_629' title='bbox 1050 4534 1154 4588; x_wconf 75' lang='lat' dir='ltr'><strong>est,</strong></span> <span class='ocrx_word' id='word_1_630' title='bbox 1189 4534 1244 4579; x_wconf 88' lang='lat' dir='ltr'><strong>et</strong></span> <span class='ocrx_word' id='word_1_631' title='bbox 1286 4539 1316 4578; x_wconf 90' lang='lat' dir='ltr'><strong>a</strong></span> <span class='ocrx_word' id='word_1_632' title='bbox 1361 4523 1660 4580; x_wconf 78' lang='lat' dir='ltr'><strong>Fritherico</strong></span> <span class='ocrx_word' id='word_1_633' title='bbox 1705 4525 1900 4579; x_wconf 87' lang='lat' dir='ltr'><strong>suimet</strong></span> <span class='ocrx_word' id='word_1_634' title='bbox 1942 4538 2122 4578; x_wconf 90' lang='lat' dir='ltr'><strong>came-</strong></span> 
     </span>
    </p>
   </div>
   <div class='ocr_carea' id='block_1_90' title="bbox 545 4612 2121 4680">
    <p class='ocr_par' dir='ltr' id='par_1_90' title="bbox 545 4612 2121 4680">
     <span class='ocr_line' id='line_1_91' title="bbox 545 4612 2121 4680; baseline 0.005 -18"><span class='ocrx_word' id='word_1_635' title='bbox 545 4612 718 4676; x_wconf 88' lang='lat' dir='ltr'><strong>rario,</strong></span> <span class='ocrx_word' id='word_1_636' title='bbox 761 4612 794 4665; x_wconf 80' lang='lat'><strong>3</strong></span> <span class='ocrx_word' id='word_1_637' title='bbox 837 4614 1102 4670; x_wconf 80' lang='lat' dir='ltr'><strong>Kalendas</strong></span> <span class='ocrx_word' id='word_1_638' title='bbox 1157 4616 1467 4680; x_wconf 87' lang='lat' dir='ltr'><strong>Februarii,</strong></span> <span class='ocrx_word' id='word_1_639' title='bbox 1519 4632 1627 4671; x_wconf 88' lang='lat' dir='ltr'><strong>non</strong></span> <span class='ocrx_word' id='word_1_640' title='bbox 1678 4625 1736 4669; x_wconf 91' lang='lat' dir='ltr'><strong>ut</strong></span> <span class='ocrx_word' id='word_1_641' title='bbox 1783 4617 1995 4679; x_wconf 85' lang='lat' dir='ltr'><strong>decuit,</strong></span> <span class='ocrx_word' id='word_1_642' title='bbox 2037 4623 2121 4670; x_wconf 88' lang='lat' dir='ltr'><strong>set</strong></span> 
     </span>
    </p>
   </div>
   <div class='ocr_carea' id='block_1_91' title="bbox 545 4705 2116 4780">
    <p class='ocr_par' dir='ltr' id='par_1_91' title="bbox 545 4705 2116 4780">
     <span class='ocr_line' id='line_1_92' title="bbox 545 4705 2116 4780; baseline 0.003 -22"><span class='ocrx_word' id='word_1_643' title='bbox 545 4705 686 4759; x_wconf 86' lang='lat' dir='ltr'><strong>sicut</strong></span> <span class='ocrx_word' id='word_1_644' title='bbox 716 4715 841 4763; x_wconf 69' lang='lat' dir='ltr'><strong>tunc</strong></span> <span class='ocrx_word' id='word_1_645' title='bbox 864 4707 980 4762; x_wconf 88' lang='lat' dir='ltr'><strong>ﬁeri</strong></span> <span class='ocrx_word' id='word_1_646' title='bbox 1006 4709 1209 4780; x_wconf 86' lang='lat' dir='ltr'><strong>potuit;</strong></span> <span class='ocrx_word' id='word_1_647' title='bbox 1243 4710 1536 4780; x_wconf 86' lang='lat' dir='ltr'><strong>electisque</strong></span> <span class='ocrx_word' id='word_1_648' title='bbox 1563 4710 1841 4764; x_wconf 80' lang='lat' dir='ltr'><strong>obsidibus</strong></span> <span class='ocrx_word' id='word_1_649' title='bbox 1865 4708 2116 4777; x_wconf 84' lang='lat' dir='ltr'><strong>acceptis,</strong></span> 
     </span>
    </p>
   </div>
   <div class='ocr_carea' id='block_1_92' title="bbox 2225 4432 2492 4489">
    <p class='ocr_par' dir='ltr' id='par_1_92' title="bbox 2225 4432 2492 4489">
     <span class='ocr_line' id='line_1_93' title="bbox 2225 4432 2492 4489; baseline -0.011 0"><span class='ocrx_word' id='word_1_650' title='bbox 2225 4434 2353 4489; x_wconf 90' lang='lat' dir='ltr'><strong>dere</strong></span> <span class='ocrx_word' id='word_1_651' title='bbox 2381 4432 2492 4486; x_wconf 67' lang='lat'><strong>&quot;9‘.</strong></span> 
     </span>
    </p>
   </div>
   <div class='ocr_carea' id='block_1_93' title="bbox 2291 4521 3808 4595">
    <p class='ocr_par' dir='ltr' id='par_1_93' title="bbox 2291 4521 3808 4595">
     <span class='ocr_line' id='line_1_94' title="bbox 2291 4521 3808 4595; baseline -0.003 -15"><span class='ocrx_word' id='word_1_652' title='bbox 2291 4527 2346 4580; x_wconf 73' lang='lat'><strong>‘2.</strong></span> <span class='ocrx_word' id='word_1_653' title='bbox 2375 4526 2433 4580; x_wconf 91' lang='lat' dir='ltr'><strong>In</strong></span> <span class='ocrx_word' id='word_1_654' title='bbox 2468 4524 2626 4594; x_wconf 87' lang='lat' dir='ltr'><strong>hujus</strong></span> <span class='ocrx_word' id='word_1_655' title='bbox 2654 4524 2832 4595; x_wconf 86' lang='lat' dir='ltr'><strong>sponsi</strong></span> <span class='ocrx_word' id='word_1_656' title='bbox 2866 4540 3029 4595; x_wconf 79' lang='lat' dir='ltr'><strong>regno</strong></span> <span class='ocrx_word' id='word_1_657' title='bbox 3059 4532 3184 4578; x_wconf 86' lang='lat' dir='ltr'><strong>sunt</strong></span> <span class='ocrx_word' id='word_1_658' title='bbox 3234 4523 3412 4578; x_wconf 70' lang='lat' dir='ltr'><strong>multa:</strong></span> <span class='ocrx_word' id='word_1_659' title='bbox 3457 4521 3808 4578; x_wconf 81' lang='lat' dir='ltr'><strong>consuetudi-</strong></span> 
     </span>
    </p>
   </div>
   <div class='ocr_carea' id='block_1_94' title="bbox 2225 4615 3806 4686">
    <p class='ocr_par' dir='ltr' id='par_1_94' title="bbox 2225 4615 3806 4686">
     <span class='ocr_line' id='line_1_95' title="bbox 2225 4615 3806 4686; baseline -0.004 -15"><span class='ocrx_word' id='word_1_660' title='bbox 2225 4632 2320 4671; x_wconf 89' lang='lat' dir='ltr'><strong>nes</strong></span> <span class='ocrx_word' id='word_1_661' title='bbox 2351 4617 2542 4682; x_wconf 69' lang='lat' dir='ltr'><strong>varire;</strong></span> <span class='ocrx_word' id='word_1_662' title='bbox 2576 4627 2628 4671; x_wconf 88' lang='lat' dir='ltr'><strong>et</strong></span> <span class='ocrx_word' id='word_1_663' title='bbox 2675 4617 2921 4686; x_wconf 82' lang='lat' dir='ltr'><strong>quamvis</strong></span> <span class='ocrx_word' id='word_1_664' title='bbox 2950 4617 3101 4683; x_wconf 77' lang='lat' dir='ltr'><strong>dicte,</strong></span> <span class='ocrx_word' id='word_1_665' title='bbox 3135 4626 3312 4671; x_wconf 91' lang='lat' dir='ltr'><strong>tamen</strong></span> <span class='ocrx_word' id='word_1_666' title='bbox 3353 4625 3481 4670; x_wconf 89' lang='lat' dir='ltr'><strong>sunt</strong></span> <span class='ocrx_word' id='word_1_667' title='bbox 3530 4615 3806 4670; x_wconf 87' lang='lat' dir='ltr'><strong>interdum</strong></span> 
     </span>
    </p>
   </div>
   <div class='ocr_carea' id='block_1_95' title="bbox 2222 4706 3802 4777">
    <p class='ocr_par' dir='ltr' id='par_1_95' title="bbox 2222 4706 3802 4777">
     <span class='ocr_line' id='line_1_96' title="bbox 2222 4706 3802 4777; baseline -0.002 -16"><span class='ocrx_word' id='word_1_668' title='bbox 2222 4707 2534 4762; x_wconf 80' lang='lat' dir='ltr'><strong>laudabiles.</strong></span> <span class='ocrx_word' id='word_1_669' title='bbox 2553 4707 2786 4777; x_wconf 87' lang='lat' dir='ltr'><strong>Populus</strong></span> <span class='ocrx_word' id='word_1_670' title='bbox 2807 4707 2948 4762; x_wconf 90' lang='lat' dir='ltr'><strong>enim</strong></span> <span class='ocrx_word' id='word_1_671' title='bbox 2973 4721 3102 4761; x_wconf 89' lang='lat' dir='ltr'><strong>suus</strong></span> <span class='ocrx_word' id='word_1_672' title='bbox 3123 4721 3273 4762; x_wconf 86' lang='lat' dir='ltr'><strong>more</strong></span> <span class='ocrx_word' id='word_1_673' title='bbox 3292 4706 3446 4763; x_wconf 83' lang='lat' dir='ltr'><strong>bovis</strong></span> <span class='ocrx_word' id='word_1_674' title='bbox 3466 4716 3551 4762; x_wconf 89' lang='lat' dir='ltr'><strong>est</strong></span> <span class='ocrx_word' id='word_1_675' title='bbox 3575 4722 3802 4776; x_wconf 81' lang='lat' dir='ltr'><strong>pascen-</strong></span> 
     </span>
    </p>
   </div>
   <div class='ocr_carea' id='block_1_96' title="bbox 1847 4828 2584 4903">
    <p class='ocr_par' dir='ltr' id='par_1_96' title="bbox 1847 4828 2584 4903">
     <span class='ocr_line' id='line_1_97' title="bbox 1847 4828 2584 4903; baseline 0.001 -2"><span class='ocrx_word' id='word_1_676' title='bbox 1847 4846 2081 4901; x_wconf 67' lang='lat' dir='ltr'><strong>VAntm</strong></span> <span class='ocrx_word' id='word_1_677' title='bbox 2118 4846 2517 4903; x_wconf 79' lang='lat' dir='ltr'><strong>LECTIONES.</strong></span> <span class='ocrx_word' id='word_1_678' title='bbox 2574 4828 2584 4834; x_wconf 83' lang='grc'><em>’</em></span> 
     </span>
    </p>
   </div>
   <div class='ocr_carea' id='block_1_97' title="bbox 619 4955 2015 5026">
    <p class='ocr_par' dir='ltr' id='par_1_97' title="bbox 619 4955 2015 5026">
     <span class='ocr_line' id='line_1_98' title="bbox 619 4955 2015 5026; baseline -0.002 -16"><span class='ocrx_word' id='word_1_679' title='bbox 619 4958 710 4989; x_wconf 81' lang='grc'><strong>¹⁷⁸²</strong></span> <span class='ocrx_word' id='word_1_680' title='bbox 763 4957 1142 5026; x_wconf 82' lang='lat' dir='ltr'><strong>bauvanbcrge</strong></span> <span class='ocrx_word' id='word_1_681' title='bbox 1193 4959 1274 5012; x_wconf 85' lang='lat' dir='ltr'><strong>la.</strong></span> <span class='ocrx_word' id='word_1_682' title='bbox 1389 4958 1480 4991; x_wconf 81' lang='grc'><strong>¹⁷⁸³</strong></span> <span class='ocrx_word' id='word_1_683' title='bbox 1537 4975 1642 5013; x_wconf 88' lang='lat' dir='ltr'><strong>nau</strong></span> <span class='ocrx_word' id='word_1_684' title='bbox 1697 4973 1906 5012; x_wconf 78' lang='lat' dir='ltr'><strong>erasum</strong></span> <span class='ocrx_word' id='word_1_685' title='bbox 1962 4955 2015 5009; x_wconf 81' lang='lat' dir='ltr'><strong>I.</strong></span> 
     </span>
    </p>
   </div>
   <div class='ocr_carea' id='block_1_98' title="bbox 546 5026 1728 5095">
    <p class='ocr_par' dir='ltr' id='par_1_98' title="bbox 546 5026 1728 5095">
     <span class='ocr_line' id='line_1_99' title="bbox 546 5026 1728 5095; baseline 0 -14"><span class='ocrx_word' id='word_1_686' title='bbox 546 5026 646 5082; x_wconf 87' lang='lat' dir='ltr'><strong>bus</strong></span> <span class='ocrx_word' id='word_1_687' title='bbox 687 5041 720 5095; x_wconf 91' lang='lat' dir='ltr'><strong>p</strong></span> <span class='ocrx_word' id='word_1_688' title='bbox 761 5028 814 5078; x_wconf 86' lang='lat' dir='ltr'><strong>in</strong></span> <span class='ocrx_word' id='word_1_689' title='bbox 861 5044 1047 5082; x_wconf 74' lang='lat' dir='ltr'><strong>rasura</strong></span> <span class='ocrx_word' id='word_1_690' title='bbox 1105 5030 1299 5088; x_wconf 79' lang='lat' dir='ltr'><strong>scripta</strong></span> <span class='ocrx_word' id='word_1_691' title='bbox 1371 5039 1488 5082; x_wconf 78' lang='lat' dir='ltr'><strong>sunt</strong></span> <span class='ocrx_word' id='word_1_692' title='bbox 1536 5031 1600 5082; x_wconf 84' lang='lat' dir='ltr'><strong>ab</strong></span> <span class='ocrx_word' id='word_1_693' title='bbox 1643 5031 1728 5084; x_wconf 81' lang='lat' dir='ltr'><strong>In.</strong></span> 
     </span>
    </p>
   </div>
   <div class='ocr_carea' id='block_1_99' title="bbox 547 5097 1769 5167">
    <p class='ocr_par' dir='ltr' id='par_1_99' title="bbox 547 5097 1769 5167">
     <span class='ocr_line' id='line_1_100' title="bbox 547 5097 1769 5167; baseline 0.004 -21"><span class='ocrx_word' id='word_1_694' title='bbox 547 5097 872 5167; x_wconf 26' lang='lat' dir='ltr'><strong>rolusuadd.</strong></span> <span class='ocrx_word' id='word_1_695' title='bbox 931 5102 1009 5150; x_wconf 81' lang='lat' dir='ltr'><strong>lc.</strong></span> <span class='ocrx_word' id='word_1_696' title='bbox 1123 5098 1213 5130; x_wconf 78' lang='grc'><strong>¹⁷⁸⁷</strong></span> <span class='ocrx_word' id='word_1_697' title='bbox 1265 5100 1299 5152; x_wconf 87' lang='lat' dir='ltr'><strong>i.</strong></span> <span class='ocrx_word' id='word_1_698' title='bbox 1331 5115 1381 5167; x_wconf 93' lang='lat' dir='ltr'><strong>p.</strong></span> <span class='ocrx_word' id='word_1_699' title='bbox 1418 5116 1467 5152; x_wconf 83' lang='lat' dir='ltr'><strong>a.</strong></span> <span class='ocrx_word' id='word_1_700' title='bbox 1501 5101 1624 5154; x_wconf 73' lang='lat' dir='ltr'><strong>add.</strong></span> <span class='ocrx_word' id='word_1_701' title='bbox 1663 5101 1686 5152; x_wconf 80' lang='grc'><strong>1</strong></span> <span class='ocrx_word' id='word_1_702' title='bbox 1719 5100 1769 5152; x_wconf 87' lang='lat' dir='ltr'><strong>b.</strong></span> 
     </span>
    </p>
   </div>
   <div class='ocr_carea' id='block_1_100' title="bbox 548 5164 2173 5246">
    <p class='ocr_par' dir='ltr' id='par_1_100' title="bbox 548 5164 2173 5246">
     <span class='ocr_line' id='line_1_101' title="bbox 548 5164 2173 5246; baseline 0 -29"><span class='ocrx_word' id='word_1_703' title='bbox 548 5164 748 5246; x_wconf 68' lang='lat' dir='ltr'><strong>divelli.</strong></span> <span class='ocrx_word' id='word_1_704' title='bbox 785 5165 922 5246; x_wconf 48' lang='lat' dir='ltr'><strong>Nam</strong></span> <span class='ocrx_word' id='word_1_705' title='bbox 943 5164 1434 5246; x_wconf 42' lang='lat' dir='ltr'><strong>euminnhocentem</strong></span> <span class='ocrx_word' id='word_1_706' title='bbox 1462 5170 1513 5223; x_wconf 89' lang='lat' dir='ltr'><strong>in</strong></span> <span class='ocrx_word' id='word_1_707' title='bbox 1540 5186 1588 5246; x_wconf 87' lang='lat' dir='ltr'><strong>a.</strong></span> <span class='ocrx_word' id='word_1_708' title='bbox 1615 5171 1666 5246; x_wconf 61' lang='lat' dir='ltr'><strong>d.</strong></span> <span class='ocrx_word' id='word_1_709' title='bbox 1702 5166 2173 5246; x_wconf 26' lang='lat' dir='ltr'><strong>ansusuendcru&#39;“</strong></span> 
     </span>
    </p>
   </div>
   <div class='ocr_carea' id='block_1_101' title="bbox 550 5236 1700 5336">
    <p class='ocr_par' dir='ltr' id='par_1_101' title="bbox 550 5236 1700 5336">
     <span class='ocr_line' id='line_1_102' title="bbox 550 5236 1700 5336; baseline 0.004 -48"><span class='ocrx_word' id='word_1_710' title='bbox 550 5237 690 5288; x_wconf 77' lang='lat' dir='ltr'><strong>Caro</strong></span> <span class='ocrx_word' id='word_1_711' title='bbox 716 5236 976 5336; x_wconf 43' lang='lat' dir='ltr'><strong>extimuitr</strong></span> <span class='ocrx_word' id='word_1_712' title='bbox 1045 5238 1141 5336; x_wconf 42' lang='lat'><strong>:7”</strong></span> <span class='ocrx_word' id='word_1_713' title='bbox 1162 5237 1372 5324; x_wconf 56' lang='lat' dir='ltr'><strong>Scripta</strong></span> <span class='ocrx_word' id='word_1_714' title='bbox 1391 5241 1443 5319; x_wconf 72' lang='lat' dir='ltr'><strong>in</strong></span> <span class='ocrx_word' id='word_1_715' title='bbox 1470 5241 1584 5293; x_wconf 80' lang='lat' dir='ltr'><strong>cod.</strong></span> <span class='ocrx_word' id='word_1_716' title='bbox 1615 5240 1700 5292; x_wconf 73' lang='lat' dir='ltr'><strong>li&quot;</strong></span> 
     </span>
    </p>
   </div>
   <div class='ocr_carea' id='block_1_102' title="bbox 2120 4955 2924 5013">
    <p class='ocr_par' dir='ltr' id='par_1_102' title="bbox 2120 4955 2924 5013">
     <span class='ocr_line' id='line_1_103' title="bbox 2120 4955 2924 5013; baseline 0.001 -4"><span class='ocrx_word' id='word_1_717' title='bbox 2120 4955 2213 4988; x_wconf 69' lang='lat'><strong>‘7“</strong></span> <span class='ocrx_word' id='word_1_718' title='bbox 2255 4957 2552 5012; x_wconf 80' lang='lat' dir='ltr'><strong>cautoritas</strong></span> <span class='ocrx_word' id='word_1_719' title='bbox 2599 4975 2750 5012; x_wconf 78' lang='lat' dir='ltr'><strong>eraso</strong></span> <span class='ocrx_word' id='word_1_720' title='bbox 2802 4974 2830 5013; x_wconf 93' lang='lat' dir='ltr'><strong>c</strong></span> <span class='ocrx_word' id='word_1_721' title='bbox 2874 4958 2924 5012; x_wconf 81' lang='lat' dir='ltr'><strong>I.</strong></span> 
     </span>
    </p>
   </div>
   <div class='ocr_carea' id='block_1_103' title="bbox 1771 5027 3462 5150">
    <p class='ocr_par' dir='ltr' id='par_1_103' title="bbox 1771 5027 3462 5150">
     <span class='ocr_line' id='line_1_104' title="bbox 1771 5027 3462 5098; baseline -0.002 -15"><span class='ocrx_word' id='word_1_722' title='bbox 1771 5029 1944 5098; x_wconf 79' lang='lat' dir='ltr'><strong>potius</strong></span> <span class='ocrx_word' id='word_1_723' title='bbox 1991 5041 2149 5094; x_wconf 86' lang='lat' dir='ltr'><strong>quam</strong></span> <span class='ocrx_word' id='word_1_724' title='bbox 2195 5027 2259 5078; x_wconf 90' lang='lat' dir='ltr'><strong>ab</strong></span> <span class='ocrx_word' id='word_1_725' title='bbox 2293 5029 2403 5092; x_wconf 73' lang='lat' dir='ltr'><strong>1b.,</strong></span> <span class='ocrx_word' id='word_1_726' title='bbox 2452 5041 2562 5091; x_wconf 77' lang='lat' dir='ltr'><strong>post</strong></span> <span class='ocrx_word' id='word_1_727' title='bbox 2617 5029 2788 5083; x_wconf 75' lang='lat' dir='ltr'><strong>DCCC</strong></span> <span class='ocrx_word' id='word_1_728' title='bbox 2841 5029 3009 5097; x_wconf 59' lang='grc' dir='ltr'><strong>δρα.ἱο</strong></span> <span class='ocrx_word' id='word_1_729' title='bbox 3061 5044 3222 5080; x_wconf 78' lang='lat' dir='ltr'><strong>vacuo</strong></span> <span class='ocrx_word' id='word_1_730' title='bbox 3263 5029 3462 5080; x_wconf 82' lang='lat' dir='ltr'><strong>relicto.</strong></span> 
     </span>
     <span class='ocr_line' id='line_1_105' title="bbox 1874 5095 3456 5150; baseline -0.009 1"><span class='ocrx_word' id='word_1_731' title='bbox 1874 5095 1966 5129; x_wconf 79' lang='grc'><strong>³⁷⁸⁸</strong></span> <span class='ocrx_word' id='word_1_732' title='bbox 2009 5111 2142 5148; x_wconf 85' lang='lat' dir='ltr'><strong>mor.</strong></span> <span class='ocrx_word' id='word_1_733' title='bbox 2181 5097 2305 5150; x_wconf 84' lang='lat' dir='ltr'><strong>Ic?</strong></span> <span class='ocrx_word' id='word_1_734' title='bbox 2404 5097 2496 5128; x_wconf 84' lang='grc'><strong>¹⁷⁸⁹</strong></span> <span class='ocrx_word' id='word_1_735' title='bbox 2533 5097 2820 5150; x_wconf 77' lang='lat' dir='ltr'><strong>afﬁrmaret</strong></span> <span class='ocrx_word' id='word_1_736' title='bbox 2866 5099 2949 5130; x_wconf 53' lang='lat' dir='ltr'><strong>&quot;ei</strong></span> <span class='ocrx_word' id='word_1_737' title='bbox 2978 5113 3041 5122; x_wconf 48' lang='grc' dir='ltr'>η</span> <span class='ocrx_word' id='word_1_738' title='bbox 3283 5098 3382 5126; x_wconf 71' lang='grc' dir='ltr'><strong>ίε-η-</strong></span> <span class='ocrx_word' id='word_1_739' title='bbox 3423 5113 3456 5132; x_wconf 81' lang='grc' dir='ltr'>η</span> 
     </span>
    </p>
   </div>
   <div class='ocr_carea' id='block_1_104' title="bbox 3061 4957 3803 5080">
    <p class='ocr_par' dir='ltr' id='par_1_104' title="bbox 3061 4957 3803 5080">
     <span class='ocr_line' id='line_1_106' title="bbox 3061 4957 3803 5021; baseline -0.003 -11"><span class='ocrx_word' id='word_1_740' title='bbox 3061 4958 3154 4989; x_wconf 78' lang='grc'><strong>⁸⁷⁸⁸</strong></span> <span class='ocrx_word' id='word_1_741' title='bbox 3207 4957 3364 5011; x_wconf 85' lang='grc' dir='ltr'><strong>Αηηο</strong></span> <span class='ocrx_word' id='word_1_742' title='bbox 3401 4987 3473 4996; x_wconf 89' lang='grc'><strong><em>-</em></strong></span> <span class='ocrx_word' id='word_1_743' title='bbox 3517 4957 3803 5021; x_wconf 71' lang='lat' dir='ltr'><strong>singulari-</strong></span> 
     </span>
     <span class='ocr_line' id='line_1_107' title="bbox 3061 5026 3802 5080; baseline -0.003 0"><span class='ocrx_word' id='word_1_744' title='bbox 3061 5044 3222 5080; x_wconf 78' lang='lat' dir='ltr'><strong>vacuo</strong></span> <span class='ocrx_word' id='word_1_745' title='bbox 3263 5029 3462 5080; x_wconf 80' lang='lat' dir='ltr'><strong>relicto.</strong></span> <span class='ocrx_word' id='word_1_746' title='bbox 3565 5027 3664 5058; x_wconf 72' lang='grc'><strong><em>³⁷⁸⁵</em></strong></span> <span class='ocrx_word' id='word_1_747' title='bbox 3700 5026 3802 5080; x_wconf 80' lang='lat' dir='ltr'><strong>Ka-</strong></span> 
     </span>
    </p>
   </div>
   <div class='ocr_carea' id='block_1_105' title="bbox 3592 5043 3802 5078">
    <p class='ocr_par' dir='ltr' id='par_1_105' title="bbox 3592 5043 3802 5078">
     <span class='ocr_line' id='line_1_108' title="bbox 3592 5043 3802 5078; baseline 0.005 -1"><span class='ocrx_word' id='word_1_748' title='bbox 3592 5043 3664 5058; x_wconf 77' lang='grc'><strong>’··</strong></span> <span class='ocrx_word' id='word_1_749' title='bbox 3700 5043 3802 5078; x_wconf 74' lang='lat' dir='ltr'><strong>na-</strong></span> 
     </span>
    </p>
   </div>
   <div class='ocr_carea' id='block_1_106' title="bbox 2404 5097 3801 5151">
    <p class='ocr_par' dir='ltr' id='par_1_106' title="bbox 2404 5097 3801 5151">
     <span class='ocr_line' id='line_1_109' title="bbox 2404 5097 3801 5151; baseline -0.001 0"><span class='ocrx_word' id='word_1_750' title='bbox 2404 5097 2496 5128; x_wconf 84' lang='grc'><strong>¹⁷⁸⁹</strong></span> <span class='ocrx_word' id='word_1_751' title='bbox 2533 5097 2820 5151; x_wconf 76' lang='lat' dir='ltr'><strong>allii-uiaret</strong></span> <span class='ocrx_word' id='word_1_752' title='bbox 2866 5099 2949 5130; x_wconf 54' lang='lat' dir='ltr'><strong>&quot;ei</strong></span> <span class='ocrx_word' id='word_1_753' title='bbox 2978 5113 3041 5122; x_wconf 46' lang='grc' dir='ltr'>Μ</span> <span class='ocrx_word' id='word_1_754' title='bbox 3283 5098 3382 5126; x_wconf 61' lang='grc' dir='ltr'><strong>⁸η</strong></span> <span class='ocrx_word' id='word_1_755' title='bbox 3423 5113 3531 5138; x_wconf 68' lang='lat' dir='ltr'><strong>&quot;nn</strong></span> <span class='ocrx_word' id='word_1_756' title='bbox 3594 5104 3801 5150; x_wconf 84' lang='lat' dir='ltr'><strong>noterat</strong></span> 
     </span>
    </p>
   </div>
   <div class='ocr_carea' id='block_1_107' title="bbox 2242 5165 2417 5194">
    <p class='ocr_par' dir='ltr' id='par_1_107' title="bbox 2242 5165 2417 5194">
     <span class='ocr_line' id='line_1_110' title="bbox 2242 5165 2417 5194; baseline 0.006 0"><span class='ocrx_word' id='word_1_757' title='bbox 2242 5165 2417 5194; x_wconf 60' lang='lat' dir='ltr'><strong>Qn‘“</strong></span> 
     </span>
    </p>
   </div>
  </div>
