4048 5368
243 304 377 363 L505
452 370 461 379 _
1206 350 1209 353 ς
1432 302 1842 363 CHBONICON.
1880 336 1945 347 —-
1989 304 2114 360 LIB.
2154 302 2276 359 Vill.
2550 346 2553 347 ν
3341 297 3478 355 ηοσ

238 396 335 450 dus
368 404 423 450 et
454 396 591 451 tardi
640 396 743 451 ritu
795 395 930 451 asini
977 396 1351 485 castigandus.
1402 408 1453 451 et
1483 398 1599 452 sine
1648 413 1803 465 poena
1836 406 1880 460 Α
1910 400 2155 452 cerdotes
2185 394 2418 460 Domini,
2450 392 2679 447 viriliter
2706 394 2990 461 assurgfte,
3022 401 3074 448 et
3121 392 3263 447 hanc
3306 409 3478 461 nuper

238 490 385 559 gravi
418 505 519 543 non
573 498 748 559 potest
794 504 915 544 cum
962 488 1134 543 salute
1165 484 1425 558 principis
1476 490 1716 546 tractari.
1752 489 1806 543 Si
1908 500 2149 546 exortam
2181 488 2394 549 ﬁlicem,
2420 486 2561 540 nulla
2589 499 2643 538 re
2675 485 2725 537 id
2760 485 3081 554 inpediente,
3108 484 3286 552 sepius
3316 492 3478 537 acuto

236 582 357 652 quis
383 582 435 636 in
480 581 584 635 hoc
614 580 803 635 alienis
843 581 988 633 abuti
1036 580 1292 636 uxoribus
1321 580 1403 634 vel
1444 580 1522 635 sic
1553 579 1807 634 fornicari
1908 597 2127 635 vomere
2157 580 2417 635 radicitus
2443 579 2734 645 extirpate.
2766 577 2871 630 Vos
2923 590 3165 643 quoque,
3212 574 3329 627 laici
3364 574 3475 637 ωσι,

234 671 532 739 praesumit,
563 671 701 724 hanc
731 670 983 724 vindicta:
1014 671 1389 740 subsequentis
1420 685 1634 739 prunam
1680 684 1807 737 pro-
1908 674 2073 729 nolite
2100 672 2295 728 talibus
2325 668 2573 724 auxiliari
2596 668 2705 720 '3".
2725 666 2907 721 Liceat
2937 665 3152 719 Christo
3182 662 3479 732 conjugalis

236 764 378 816 tinus
406 763 586 815 sentit.
622 760 676 814 ln
718 771 935 830 pontem
973 762 1191 814 mercati
1236 762 1281 815 is
1327 762 1554 824 ductus,
1587 762 1648 829 (t'.
1683 760 1805 831 ΓΠ)
1910 765 2224 818 innocenter
2261 762 2475 823 vivere,
2538 760 2817 828 erutisque
2864 756 3358 825 subplantatoribus
3388 754 3478 785 ¹⁸⁰³

231 867 328 921 per
371 850 550 905 follem
584 850 814 905 testiculi
844 850 997 904 clavo
1029 850 1119 881 ιη’
1153 849 1408 919 adigitur.
1452 859 1504 903 et
1543 850 1804 903 novacula
1908 854 2047 917 hiis,
2104 850 2435 905 indelicienti
2496 852 2699 917 pudore
2760 848 2810 901 in
2868 855 3184 915 perpetumn
3239 860 3473 915 gemere.

232 956 398 1012 prepe
428 942 597 1010 posita
620 981 634 1005 ,
667 942 755 995 hic
792 939 1052 995 moriendi
1101 940 1212 995 sive
1241 942 1305 995 de
1345 940 1451 995 i.iis
1497 940 1804 995 absolvendi
1908 946 2160 998 Destruat
2216 943 2335 997 illos
2384 942 2600 1011 adjutor
2654 948 2840 993 noster
2876 937 2967 976 ⁸⁸⁸⁵
2996 936 3243 991 Christus
3275 935 3478 1005 potenti

232 1032 365 1086 dura
390 1032 591 1088 eleccio
619 1032 721 1087 sibi
758 1032 936 1086 datur.
968 1032 1032 1085 Et
1066 1032 1392 1101 quicumque
1442 1041 1561 1101 post
1590 1042 1807 1099 septua-
1908 1036 2109 1106 Spiritu
2142 1035 2314 1089 sancti
2364 1033 2477 1086 oris
2506 1033 2612 1097 sui,
2645 1032 2746 1085 nisi
2782 1030 3102 1099 resipiscant
3135 1028 3251 1093 ‘3“,
3282 1036 3335 1080 et
3372 1027 3482 1080 dis-

230 1124 490 1193 gcsimam
551 1138 769 1178 carnem
830 1123 1184 1176 manducasse
1237 1123 1548 1187 invenitur,
1607 1123 1805 1178 abcisis
1906 1134 2092 1197 perget
2141 1139 2334 1193 magna
2384 1120 2753 1177 illustracione
2793 1118 3015 1174 secundi
3063 1118 3323 1171 adventus
3372 1115 3476 1169 sui.

230 1215 480 1269 dentibus
527 1215 767 1285 graviter
813 1215 1051 1282 punitur.
1089 1214 1197 1269 Lex
1248 1229 1481 1284 namque
1530 1214 1710 1268 divina
1749 1216 1801 1269 in
1907 1220 1971 1273 Et
2004 1233 2147 1272 nunc
2175 1218 2239 1271 de
2270 1216 2375 1270 hiis
2423 1215 2484 1283 (Γ.
2518 1214 2639 1284 178)
2688 1215 2788 1269 ista
2820 1213 3024 1267 dixisse
3054 1211 3181 1265 mihi
3228 1209 3477 1274 sufficiat,

229 1304 336 1359 hiis
368 1306 671 1374 regionibus
702 1305 914 1359 noviter
944 1314 1155 1371 exorta,
1188 1316 1457 1375 potestate
1491 1307 1580 1360 tali
1613 1307 1804 1362 melius
1905 1309 2028 1379 quia
2061 1309 2126 1363 de
2161 1306 2355 1377 prefati
2405 1305 2560 1361 ducis
2614 1304 2908 1359 infortunio
2942 1317 3030 1356 res
3079 1300 3309 1371 quedam
3357 1315 3479 1354 nar-

228 1416 391 1468 quam
413 1401 615 1470 jejunio
634 1400 808 1453 ""ab
835 1401 1104 1471 episcopis
1134 1402 1377 1456 instituto
1400 1402 1800 1456 corroboratur.
1905 1399 2072 1454 rauda
2106 1405 2293 1451 restat.

229 1489 370 1542 Sunt
399 1490 561 1542 etiam
603 1488 676 1542 illi
708 1488 798 1521 "’°"
826 1505 1001 1544 mores
1041 1490 1129 1543 alii
1161 1489 1266 1544 hiis
1298 1491 1465 1545 multo
1497 1490 1799 1556 inferiores,
1972 1490 2026 1544 5.
2060 1488 2257 1544 llabuit
2296 1488 2382 1541 hie
2413 1485 2680 1556 quendam
2732 1484 2919 1539 urbem
2974 1487 3025 1539 in
3062 1483 3295 1539 conliuio
3329 1482 3479 1553 regni

225 1579 317 1649 qui
354 1595 450 1633 nec
479 1580 587 1633 Deo
622 1579 831 1649 placent
864 1595 961 1634 nec
993 1580 1258 1649 indigenis
1301 1581 1373 1635 nil
1404 1582 1504 1635 nisi
1536 1582 1600 1635 ad
1630 1590 1800 1635 terro-
1903 1580 2101 1645 suimet
2152 1588 2207 1635 et
2250 1577 2607 1646 Ungariorum
2672 1580 2831 1632 sitam
2862 1618 2876 1642 ,
2934 1578 3084 1647 cujus
3131 1586 3247 1631 erat
3298 1587 3479 1631 custos

226 1688 341 1725 rem
393 1682 657 1740 prosunt;
720 1688 855 1741 quos
918 1672 971 1725 in
1034 1673 1402 1743 superioribus
1450 1689 1516 1727 ex
1570 1674 1798 1743 quadam
1834 1738 1867 1743 _
1905 1670 2093 1726 Procui
2124 1672 2330 1735 senior,
2359 1670 2658 1723 avunciilus
2683 1669 2777 1701 ¹⁸⁰⁶
2804 1668 2944 1739 regis
2970 1668 3283 1731 Pannonici,
3315 1683 3342 1720 a
3367 1667 3481 1721 suis

222 1771 381 1833 parte
413 1763 819 1831 comprehendi.
854 1761 960 1817 Nec
1007 1780 1141 1833 opus
1176 1779 1296 1820 esse
1322 1772 1562 1831 autumo,
1608 1767 1673 1819 de
1698 1766 1799 1821 hoc
1834 1738 1874 1795 Β
1903 1764 2122 1818 sedibus
2176 1763 2244 1817 ab
2291 1764 2502 1828 eodem,
2552 1772 2609 1815 ut
2642 1763 2818 1827 tundo,
2854 1772 3010 1816 antea
3065 1760 3337 1831 expulsus.
3377 1761 3479 1827 Qui

224 1850 454 1919 amplius
489 1852 782 1917 disserere,
810 1848 962 1919 cujus
1006 1868 1200 1907 nomen
1248 1862 1305 1908 et
1349 1855 1724 1919 convcrsacio,
1753 1855 1798 1910 si
1900 1871 2022 1910 cum
2057 1871 2278 1911 uxorem
2318 1871 2470 1909 suam
2518 1872 2546 1907 a
2578 1855 2887 1924 captivitate
2938 1870 3039 1907 non
3092 1862 3273 1922 posset
3303 1853 3482 1906 absol-

226 1941 367 1996 Deus
405 1942 747 2014 omnipotens
777 1944 958 2009 vellet,
982 1946 1162 2000 sacius
1195 1946 1348 2001 nobis
1382 1946 1594 2002 lateret.
1629 1948 1800 2007 Omne
1900 1964 2045 2014 vere,
2080 1948 2316 2016 gratuitu
2358 1947 2567 2016 nepotis
2593 1948 2673 2000 sui
2704 1946 2949 2015 quamvis
2986 1946 3211 2005 inimici,
3246 1946 3484 2012 suscepit

225 2031 348 2093 hoc,
381 2034 523 2101 quod
554 2043 707 2103 pater
735 2051 863 2089 suus
893 2045 948 2089 et
993 2036 1092 2089 iste
1140 2037 1292 2091 nobis
1343 2038 1395 2092 in
1445 2039 1691 2110 conjugio
1738 2056 1801 2095 ac
1900 2056 2018 2094 eam
2048 2055 2113 2093 ex
2148 2054 2395 2093 munere.
2433 2038 2732 2107 Numquam
2765 2038 2943 2091 audivi
2976 2037 3209 2106 aliquem
3245 2037 3355 2099 ¹⁸⁰⁷,
3387 2036 3480 2105 qui

225 2122 593 2177 familiaritate
622 2140 813 2195 magna
850 2125 1086 2194 cepulati
1118 2137 1279 2192 sunt,
1310 2128 1428 2196 plus
1464 2130 1643 2183 damni
1676 2130 1833 2185 sub?
1903 2139 2108 2184 tantum
2141 2141 2387 2201 parceret
2416 2132 2609 2196 victis;
2650 2141 2706 2185 et
2733 2131 2802 2184 ob
2840 2130 2943 2185 hoc
2990 2130 3041 2183 in
3069 2130 3289 2183 civitate
3324 2144 3483 2197 supe-

222 2215 501 2283 sequentis
524 2231 685 2284 quam
717 2215 839 2270 boni
870 2218 1210 2287 prccedentis
1244 2219 1423 2273 attulit
1449 2234 1513 2275 ac
1534 2220 1585 2273 in
1618 2218 1801 2276 futuro
1904 2223 2014 2276 rius
2043 2224 2521 2299 memora_ta,sicut
2551 2223 2602 2276 in
2626 2220 3105 2286 eceteris,sedulam
3134 2221 3273 2275 Deus
3305 2222 3480 2275 eidem

222 2302 422 2370 infert;
466 2307 613 2376 quia,
653 2307 755 2362 etsi
784 2323 916 2376 pace
943 2308 1194 2363 simulata
1224 2327 1320 2365 nos
1351 2311 1416 2365 ad
1454 2321 1659 2383 tempus
1682 2314 1799 2369 dili-
1901 2318 2171 2372 concessit
2218 2316 2519 2371 victoriam.
2557 2316 2725 2385 llujus
2762 2325 2917 2385 pater
2942 2324 3094 2377 erat,
3149 2313 3333 2368 Devvix
3388 2327 3484 2365 no-

222 2404 330 2464 gat,
370 2405 550 2451 tamen
600 2412 698 2468 per
747 2410 987 2455 secretas
1044 2404 1461 2471 temptacionum
1508 2405 1800 2460 varietates
1902 2409 2077 2472 mine,
2132 2409 2419 2463 admodum
2474 2409 2709 2464 crudelis
2760 2418 2815 2465 et
2867 2408 3068 2461 multos
3117 2406 3184 2460 ob
3243 2404 3479 2459 subitum
3562 2426 3577 2440 -ν

220 2503 316 2541 nos
346 2502 380 2542 a
419 2490 646 2545 caritate
681 2499 866 2545 mutua
896 2532 910 2551 .
952 2507 981 2546 a
1012 2492 1261 2549 libertate
1290 2496 1469 2550 innata
1513 2497 1794 2559 deducere,
1901 2497 2137 2551 furorem
2171 2514 2326 2552 suum
2368 2498 2641 2553 occidens.
2685 2498 2784 2563 Qui
2816 2514 2936 2550 eum
2989 2495 3319 2549 christianus
3367 2492 3481 2549 elli-

218 2577 340 2631 etsi
378 2580 595 2648 quando
628 2590 839 2650 tempus
874 2582 923 2636 ei
974 2599 1035 2637 ac
1081 2584 1228 2640 locus
1253 2588 1499 2659 contigit,
1532 2588 1582 2641 in
1620 2589 1800 2657 pcrni-
1901 2601 2133 2653 ccretur,
2177 2591 2242 2643 ad
2280 2590 2739 2643 corroborandam
2774 2591 2912 2643 hmic
2966 2588 2998 2641 li
3025 2589 3124 2641 lem
3174 2596 3362 2641 contra
3398 2602 3482 2640 rc-

219 2669 353 2723 ciem
409 2680 648 2740 apertam
683 2688 969 2745 assurgere
1017 2691 1121 2730 non
1175 2679 1405 2733 desistit.
1465 2678 1517 2733 lu
1558 2690 1798 2751 tempore
1901 2679 2166 2735 luctantes
2206 2681 2449 2735 subditos
2485 2681 2646 2745 sevit,
2679 2689 2733 2733 et
2774 2680 3055 2747 antiquum
3108 2676 3313 2731 facinus
3364 2676 3480 2729 zelo

218 2760 390 2829 patris
414 2762 512 2824 sui,
539 2778 659 2817 cum
684 2765 767 2818 his
787 2764 897 2833 jam
925 2766 1017 2799 ¹⁷⁹⁸
1031 2769 1248 2837 gentilis
1276 2780 1439 2832 essu,
1466 2787 1798 2840 unaqumque
1899 2768 1993 2829 Dei
2025 2780 2315 2825 exestuaus
2342 2770 2531 2824 abluit.
2576 2769 2673 2823 llic
2701 2771 2806 2823 Deo
2828 2769 3181 2838 omnipotenti
3210 2768 3481 2833 variisque

219 2852 417 2906 mulier
444 2862 566 2922 post
597 2855 698 2909 viri
726 2858 987 2926 exequias
1013 2860 1090 2912 sui
1136 2860 1259 2929 igne
1280 2863 1501 2916 cremati
1535 2863 1796 2919 deeollata
1900 2858 2132 2916 Deorum
2179 2859 2539 2914 inlusionibus
2578 2858 2861 2912 immolans
2886 2897 2903 2920 ,
2949 2873 3071 2911 cum
3126 2856 3191 2909 ab
3237 2857 3482 2909 antistite

218 2945 591 3013 subsequitur.
635 2946 704 3002 Et
747 2950 792 3003 si
841 2965 947 3018 qtta
992 2953 1247 3005 meretrix
1303 2954 1692 3016 inveniebatur.
1742 2956 1794 3012 in
1899 2964 1996 3006 suo
2047 2952 2116 3007 ob
2164 2951 2265 3010 hoc
2309 2960 2679 3014 accusaretur,
2711 2951 2931 3005 divitem
2970 2966 3027 3005 se
3070 2961 3124 3004 et
3150 2950 3215 3003 ad
3251 2950 3361 3004 hinc
3404 2948 3482 3002 l'a-

219 3037 436 3104 genitali
466 3053 583 3103 suo,
614 3039 757 3108 turpi
809 3050 863 3094 et
892 3054 1049 3110 pmna
1087 3044 1403 3107 miserabili,
1436 3046 1791 3101 circumcide-
1823 3088 1865 3148 C
1898 3044 2089 3098 cieuda
2131 3044 2264 3099 satis
2295 3052 2570 3113 potentem
2610 3042 2917 3096 allirmavit.
2952 3040 3103 3097 Uxor
3146 3054 3325 3096 autem
3364 3040 3480 3109 ejus

217 3128 401 3193 batur,
433 3130 613 3200 idque,
641 3131 684 3185 si
714 3131 792 3187 sic
823 3133 926 3188 dici
958 3134 1104 3199 licet,
1143 3136 1448 3206 preputium
1488 3138 1541 3191 ἂι
1593 3137 1797 3194 Γυςζιυιις
1824 3128 1865 3148 υ
1898 3133 2240 3204 Beleknegini
2273 3173 2287 3199 ,
2338 3134 2392 3188 id
2441 3142 2526 3188 est
2584 3132 2807 3203 pulchra
2864 3132 3078 3187 domina
3112 3172 3126 3195 ,
3177 3131 3482 3186 sclavouice

218 3222 555 3289 supenditur,
585 3223 646 3294 (Γ.
680 3224 909 3291 177’),υι
935 3225 1187 3280 intrantis
1210 3229 1395 3282 oculus
1426 3230 1475 3281 in
1508 3229 1609 3289 hoc
1632 3227 1797 3284 utri-n-
1898 3225 2058 3282 dicta.
2088 3240 2251 3293 supra
2284 3226 2498 3279 modum
2543 3225 2784 3289 bibebat,
2819 3234 2873 3280 et
2902 3226 2954 3279 in
2989 3240 3129 3294 equo
3160 3240 3309 3277 more
3338 3223 3481 3276 mili-

218 3312 382 3376 dens,
412 3313 466 3366 in
506 3312 698 3368 futuris
746 3315 905 3369 rebus
954 3331 1019 3370 eo
1068 3319 1238 3389 magis
1284 3318 1542 3373 sollicitus
1574 3329 1715 3373 esset
1741 3329 1796 3374 et
1900 3317 1966 3370 tis
1994 3316 2093 3368 iter
2122 3331 2307 3385 agens,
2337 3316 2603 3384 quendam
2637 3315 2810 3368 virum
2862 3314 3154 3369 iracundia:
3197 3314 3287 3345 ¹⁸⁰⁸
3313 3313 3480 3365 nimio

215 3400 480 3470 prudens.
506 3398 617 3456 Lex
648 3403 913 3457 dominica
943 3404 1247 3473 huiusmodi
1280 3410 1519 3477 precepit
1547 3408 1793 3476 lapidari,
1896 3406 2108 3461 fervore
2144 3408 2364 3462 occidit.
2420 3406 2608 3460 Manus
2653 3405 2768 3461 haec
2800 3405 3001 3477 polluta
3059 3406 3235 3459 fusum
3286 3404 3479 3459 melius

214 3498 268 3542 et
326 3502 615 3559 parentum
662 3494 951 3548 nostrimet
1001 3496 1297 3550 carnalium
1351 3497 1619 3553 institutio
1661 3498 1797 3551 tale;
1898 3508 2146 3571 tangeret
2186 3501 2277 3532 ¹³⁰⁹
2321 3508 2376 3554 ct
2422 3510 2659 3555 mentem
2694 3514 2952 3555 vesanam
3000 3497 3265 3569 pacientia
3308 3495 3480 3551 refre-

212 3589 431 3636 ortatur
478 3583 755 3638 decollari.
794 3585 947 3655 Apud
1000 3588 1288 3643 modernos
1342 3578 1544 3651 autem,
1578 3590 1700 3656 quia
1735 3578 1798 3643 li?
1898 3600 2074 3647 natet.

211 3668 403 3725 bertas
433 3674 689 3741 peccandi
737 3673 858 3743 plus
886 3674 1033 3743 justo
1064 3685 1227 3745 atque
1270 3676 1430 3732 solito
1476 3678 1671 3747 ubique
1700 3680 1795 3733 do-
1966 3682 2016 3736 4.
2050 3682 2109 3752 (t'.
2143 3682 2354 3751 l78‘)ln
2394 3682 2484 3734 illo
2516 3689 2755 3751 tempore
2784 3682 2978 3735 Liutici
3015 3682 3067 3734 in
3095 3681 3235 3735 malo
3265 3696 3481 3750 semper

211 3760 478 3826 minatur,
515 3763 634 3833 plus
668 3780 827 3834 quam
884 3781 1192 3835 compressa
1244 3766 1559 3822 ancillarum
1613 3768 1794 3822 multi-
1897 3776 2183 3828 unanimes
2205 3774 2563 3828 Mistizlavnm
2590 3773 2881 3838 seniorem,
2905 3773 3006 3827 sibi
3042 3774 3093 3827 in
3139 3773 3303 3843 priori
3334 3788 3477 3827 anno

218 3854 359 3916 tudo,
404 3856 648 3923 qurcdam
680 3872 806 3925 pars
839 3867 1207 3911 matronarum
1236 3898 1252 3922 ,
1280 3859 1533 3927 cupidine
1578 3859 1793 3911 veneria

1895 3863 1959 3917 ad
2009 3864 2412 3933 espediciouem
2456 3862 2843 3931 inperatoriam
2897 3862 3045 3932 (955)
3088 3862 3160 3916 uil
3212 3862 3476 3916 auxiliar-

216 3944 447 4012 pruritui
475 3947 635 4001 noxio
662 3946 1270 4015 subscalpente,marito
1298 3948 1509 4002 vivente
1532 3964 1672 4003 nunc
1704 3948 1794 3980 ””
1898 3964 2043 4019 tem,
2102 3955 2378 4009 turmatim
2427 3962 2648 4023 petunt,
2704 3953 3097 4023 plut-imamque
3155 3954 3303 4024 regni
3362 3954 3479 4007 sui-

216 4037 522 4091 mei-batur.
555 4038 617 4091 Et
667 4039 719 4093 in
756 4040 857 4094 hoc
900 4040 977 4093 cis
1008 4054 1112 4093 non
1146 4038 1360 4105 sufﬁcit,
1394 4041 1487 4094 sed
1530 4040 1673 4094 hunc
1702 4054 1797 4111 per

1896 4056 1998 4101 met
2058 4056 2263 4116 partem
2316 4046 2687 4108 devastautcs,
2724 4059 2946 4098 uxorem
2998 4060 3148 4097 suam
3196 4054 3249 4098 et
3281 4058 3476 4096 nurum

214 4125 518 4181 adulterum
551 4130 706 4183 morti
752 4129 949 4186 furtiva
976 4130 1185 4186 consilii
1223 4132 1585 4201 inspirat-ioue
1610 4132 1792 4196 tradit,
1896 4137 2166 4209 cﬂ'ugare,
2218 4155 2281 4192 ac
2328 4147 2500 4192 semet
2572 4138 2745 4206 ipsum
2798 4138 2939 4190 intra
2987 4135 3232 4189 Zuarina:
3288 4134 3478 4187 civim-

214 4224 265 4267 ct
294 4226 414 4286 post
448 4219 560 4274 hinc
590 4221 787 4275 malum
833 4223 1044 4277 caeteris
1082 4223 1410 4293 exemplum,
1442 4226 1627 4278 eodem
1677 4232 1797 4291 post
1898 4232 1964 4285 tis
2030 4231 2393 4287 municiouem
2460 4246 2581 4285 cum
2645 4230 2908 4285 militibus
2972 4230 3159 4285 electis
3222 4228 3479 4297 colligere

215 4306 305 4340 ¹⁷⁹⁹
338 4310 553 4379 publice
599 4323 833 4383 sumpto,
868 4330 966 4383 pro
1016 4314 1200 4370 dolor!
1246 4318 1571 4385 potestative
1621 4316 1795 4371 abnti-
1895 4331 2112 4393 cogunt.
2180 4321 2490 4389 Deindeque
2551 4320 2853 4374 malesuasa
2908 4321 3107 4373 suimet
3157 4319 3476 4384 calliditate,

217 4412 320 4457 tur.
341 4404 557 4476 Legalis
579 4409 877 4463 earundem
905 4411 1086 4464 senior
1108 4411 1525 4465 abhominabilis
1556 4411 1796 4479 rcpudia-
1832 4429 1876 4482 ι)
1902 4428 1998 4482 per
2027 4413 2326 4482 indigenas,
2360 4411 2580 4465 Christo
2625 4411 2936 4481 seniurique
2967 4410 3185 4479 proprio
3222 4409 3474 4473 rebelles,

216 4502 395 4557 tur,ct
429 4497 583 4552 miles
611 4499 855 4569 ejusdem
879 4501 947 4555 ab
975 4501 1311 4566 hiis,utAbo
1340 4501 1590 4573 ¹⁸⁰⁰(954)
1615 4502 1788 4558 dulcis
1897 4518 1925 4557 a
1982 4504 2207 4573 paterna
2270 4501 2569 4555 hereditate
2619 4501 2706 4554 vix
2759 4500 2991 4554 evadere
3048 4501 3190 4553 hunc
3241 4497 3477 4566 compel-

213 4594 263 4637 et
286 4585 450 4641 Jasnn
500 4590 661 4645 mitis.
701 4592 1040 4660 preponitur.
1107 4591 1221 4646 Hoc.
1272 4594 1397 4662 quia
1447 4610 1588 4647 nunc
1626 4610 1787 4663 poena
1896 4596 2011 4650 lunt
2042 4596 2210 4667 (9.56).
2243 4594 2365 4650 lltec
2398 4593 2774 4648 abominabilis
2818 4594 3155 4663 prcsumptio
3198 4591 3255 4645 lit
3291 4605 3480 4645 mense

214 4678 394 4741 gravis
440 4697 544 4734 non
580 4683 881 4746 ulciscitur,
907 4684 972 4738 de
1008 4685 1092 4739 die
1121 4685 1172 4738 in
1200 4684 1344 4741 diem
1374 4700 1469 4754 pro
1498 4698 1789 4741 consuetu-
1895 4688 2213 4752 Februario,
2245 4686 2335 4757 qui
2365 4704 2393 4740 a
2422 4687 2713 4757 gentilibus
2758 4684 3091 4740 lttstracione
3134 4692 3187 4735 et
3234 4681 3481 4734 muneris

214 4770 332 4824 dine
362 4786 519 4837 nova,
571 4784 627 4827 ut
659 4789 869 4841 vereor,
904 4790 932 4828 a
965 4776 1147 4831 multis
1176 4777 1460 4832 excolitur.
1495 4776 1539 4833 Ο
1570 4793 1664 4832 vos
1695 4795 1789 4833 sa-
1894 4778 2057 4833 debiti
2109 4777 2455 4833 exhibicione
2509 4774 2850 4831 venerandus
2874 4817 2888 4839 ,
2940 4777 3004 4829 ab
3063 4768 3313 4826 inl'crnali
3374 4768 3481 4821 dco

1482 4888 1714 4944 ΥΛῐὶΙίΕ
1756 4889 2162 4947 LECTlONES.

284 4972 374 5047 "9f
413 4972 563 5047 claue
609 4975 660 5047 l7.
762 4976 1068 5047 "’r”?ienuio
1106 4978 1155 5031 1.
1186 4978 1275 5010 ¹⁷⁹⁷
1307 4980 1378 5033 illi
1407 4979 1527 5034 duci
1561 4981 1613 5034 2.
1716 4984 1807 5017 ¹τ⁹⁸
1848 4982 1959 5047 jam
2004 5001 2211 5038 erasum
2258 4980 2307 5033 l.
2408 4981 2497 5014 ‘7”
2542 4980 2667 5033 add.
2702 4979 2785 5032 Ην.
2899 4978 2988 5011 ¹⁸⁰⁶
3038 4972 3357 5047 amahqlﬂ-
3419 4994 3496 5015 -ι

210 5038 439 5114 Ᾱ¹Ῐξ⁰¹οη
475 5045 528 5098 ἳ-
608 5046 697 5077 ¹⁸⁰¹
730 5046 963 5114 ΓεΙῙὲίοδί
1003 5048 1057 5101 ‘2-
1137 5048 1228 5079 ¹⁸⁰²
1263 5050 1370 5105 Vos
1396 5080 1464 5088 —
1489 5052 1741 5106 auxiliari
1784 5038 1911 5107 ηάὶι.
1944 5054 2030 5106 lb.
2135 5054 2226 5087 ¹⁶ο³
2263 5052 2469 5105 mechis
2507 5049 2562 5103 2.
2594 5048 2687 5082 ἀοι
2785 5048 2995 5103 uestri?
3030 5048 3117 5099 la.
3221 5040 3313 5114 {"5
3351 5055 3408 5090 ιι.
3446 5060 3492 5096 r.

207 5112 457 5191 addalb:
535 5116 627 5147 ³⁸⁸⁸
665 5112 1025 5191 auiuculus__l.
1102 5118 1191 5149 ¹⁸⁰⁷
1233 5120 1480 5191 aliquam:
1533 5123 1617 5175 la.
1699 5124 1795 5157 ¹⁸⁰⁸
1824 5124 2079 5182 iracndia:
2107 5128 2158 5182 1.
2242 5120 2338 5157 ¹⁸⁰⁹
2375 5122 2490 5176 haec
2521 5120 2724 5173 incesta
2752 5132 2951 5174 manus
2987 5116 3077 5172 lila
3112 5118 3179 5175 de
3223 5112 3341 5166 ἷιιεο
3375 5127 3493 5166 ιιιθο

207 5177 305 5233 l'us
342 5182 607 5252 traheret,
641 5201 801 5255 quam
834 5186 1065 5255 gladium
1102 5202 1132 5243 e
1170 5177 1361 5259 vagin'a
1397 5192 1656 5257 traheret,
1700 5177 1903 5251 etes?“

1741 5310 1851 5320 .A—
1878 5311 1920 5320 .-
