4048 5368
532 346 669 402 iii)?

1446 354 1820 412 TlllETMARl
1860 348 2163 412 E‘PiSCOPl
2204 351 2818 410 MERSEBURGENSIS

3644 337 3781 394 i108

530 460 796 553 Idutnne.
848 466 936 535 qui
982 464 1226 523 Februus
1275 468 1493 534 dicitur,
1547 472 1650 526 hoc
1703 487 1898 526 nomen
1944 487 2101 528 accc-
2128 474 2176 534 Α
2204 484 2331 542 gere
2376 478 2626 540 exnptet,
2659 468 2786 537 quia
2837 465 3107 522 timendus
3145 469 3228 518 est
3274 455 3439 529 justis
3465 495 3482 520 ,
3523 469 3590 510 ac
3621 450 3789 507 multo

530 554 614 623 pit
636 553 805 627 (957).
842 557 994 612 'fuuc
1041 575 1228 614 omnes
1258 561 1515 616 aecclesia:
1558 562 1625 617 ad
1647 564 1908 619 honorem
1943 574 1999 618 et
2029 562 2112 621 fas
2210 564 2386 634 magis
2407 563 2809 633 corrigibilibus
2839 563 3069 617 cunctis.

533 645 797 700 mutatum
846 645 1047 703 Christi
1079 651 1132 705 in
1169 638 1293 704 hiis
1318 653 1563 721 partibus
1593 664 1811 717 erecta),
1845 654 2112 710 incendiis

535 740 592 790 et
652 735 1112 795 destruccionibus
1176 741 1298 796 aliis
1352 742 1632 807 cecidere,
1700 753 1757 801 et
1811 745 2115 813 querimi-

536 826 925 884 serabilhmum
969 829 1089 896 fuit,
1122 832 1299 903 imago
1325 832 1582 889 Crucifixi
1610 842 1857 890 truncata
1882 842 1966 890 est
1998 836 2112 901 '8”,

536 913 821 984 cultusque
877 918 1144 974 idolorum
1211 922 1320 976 Deo
1388 924 1694 991 prepositus
1745 924 2011 993 erigitur,
2061 931 2116 977 et

536 1017 692 1061 mens
726 1007 906 1077 populi
939 1009 1119 1074 istius,
1151 1012 1242 1081 qui
1291 1013 1524 1067 Alotriti
1569 1024 1624 1068 et
1650 1013 1801 1071 Wari
1850 1013 1995 1085 (958)
2024 1029 2116 1068 vo-

539 1106 759 1166 cantur,
790 1108 848 1153 ut
874 1116 968 1155 cor
995 1102 1254 1160 Faraonis
1295 1104 1360 1159 ad
1399 1106 1514 1161 haec
1546 1104 1846 1162 induratur.
1876 1104 2119 1160 Liberta-

539 1196 651 1244 tem
677 1191 779 1245 sihi
809 1208 958 1248 more
979 1192 1210 1251 Liuticio
1231 1206 1357 1250 nota
1400 1195 1488 1227 ¹⁸¹¹
1516 1194 1709 1251 fraude
1737 1197 2114 1262 vendicabant,

536 1281 633 1335 sed
694 1284 957 1338 cervicem
1014 1282 1168 1340 suam
1220 1287 1375 1341 suavi
1422 1276 1554 1356 jugo
1585 1285 1786 1341 Christi
1835 1301 2116 1342 excussam

538 1388 774 1431 oneroso
819 1375 1100 1432 tli;:b.»lica:
1147 1378 1543 1434 dominacionis
1601 1378 1825 1448 ponderi
1885 1378 1974 1409 ⁸⁸η
2021 1394 2118 1436 sua

539 1473 734 1532 sponte
759 1467 1135 1532 subdideran',
1183 1468 1394 1524 meliori
1444 1470 1594 1540 prius
1624 1480 1776 1538 patre
1818 1468 1910 1501 ⁸⁸⁸³
1932 1484 1996 1524 ac
2023 1483 2121 1524 tto-

538 1553 718 1609 hiliori
748 1554 838 1588 ¹⁸¹³
863 1556 1081 1612 domino
1108 1558 1158 1611 in
1187 1559 1442 1615 omnibus
1473 1559 1575 1613 ttsi.
1609 1559 1758 1614 lianc
1787 1558 2120 1615 debilitatem

539 1658 694 1699 suam
724 1648 964 1702 membra
997 1648 1195 1704 Christi
1228 1649 1477 1716 deﬂeant,
1506 1661 1561 1706 ct
1588 1651 1680 1683 ¹⁸¹⁸
1701 1653 1864 1722 capiti
1885 1668 2122 1722 conque-

541 1742 734 1789 rantur
786 1751 921 1800 suo,
959 1737 1173 1792 assidua
1229 1753 1357 1794 voce
1418 1724 1619 1794 mentis
1668 1739 1770 1795 hoc
1822 1739 1876 1794 in
1930 1739 2121 1795 melius

2218 716 2219 719 η
2280 653 2332 708 5.
2362 652 2480 709 Jam
2534 653 2796 708 declinant
2848 653 2916 708 ab
2963 651 3090 711 hiis,
3127 657 3181 704 et
3227 647 3419 715 loquar
3456 638 3790 711 inperatoris

2212 743 2382 799 nostri
2411 742 2824 812 prosperitatem
2849 756 3017 811 nuper
3048 739 3151 794 sibi
3179 746 3445 791 exortam.
3478 728 3791 786 Avunculus

2212 815 2445 903 namque
2504 848 2633 888 suus
2668 842 2722 886 et
2759 832 2852 865 ¹⁸¹²
2893 828 3322 899 Burgundiorum
3370 839 3467 878 rex
3505 817 3793 874 Rothulfus

2212 941 2467 982 coronam
2508 926 2705 999 suimet
2731 933 2786 979 et
2815 932 3083 992 sceptrum
3121 935 3241 974 cum
3274 931 3442 972 uxore
3480 929 3580 969 sua
3610 922 3667 967 et
3691 910 3795 979 pri-

2213 1018 2388 1089 vignis
2408 1034 2472 1072 ac
2495 1017 2847 1088 optimatibus
2878 1012 3147 1069 universis
3172 1009 3274 1065 sibi
3304 1006 3605 1064 concessit.
3636 1002 3796 1057 reite-

2216 1117 2476 1176 ratnrque
2539 1105 2863 1163 sacramenti
2920 1101 3305 1165 conﬁrmacio;
3367 1106 3665 1165 actumque
3714 1099 3797 1147 est

2217 1196 2346 1252 illud
2380 1195 2657 1267 Magoncia
2691 1202 2745 1249 et
2784 1194 2837 1248 in
2883 1192 3126 1264 predicto
3162 1203 3365 1244 mense.
3396 1183 3711 1252 Prodigium
3741 1181 3798 1235 lit

2217 1266 2273 1345 in
2304 1266 2532 1345 Malacin
2583 1286 2649 1342 i3
2676 1286 2939 1341 Kalendas
2964 1283 3171 1339 Marcii.
3198 1282 3376 1337 Mense
3401 1288 3584 1333 autem
3610 1276 3797 1330 eodem

2218 1390 2272 1438 ct
2294 1381 2358 1436 i7
2404 1368 2883 1448 KalendasAprilis
2908 1390 3137 1447 magnus
3164 1374 3223 1429 fit
3245 1374 3296 1428 in
3313 1372 3622 1439 Niumagun
3653 1367 3801 1423 sino-

2219 1471 2344 1535 dus.
2378 1479 2432 1526 et
2458 1485 2626 1539 nepos
2670 1483 2821 1523 meus
2847 1467 3000 1525 Oddo
3031 1466 3176 1535 (96t)
3212 1474 3435 1520 et‘uxor
3459 1461 3578 1531 ejus
3618 1454 3802 1513 tuna.

2220 1564 2373 1633 gerd,
2419 1561 2886 1632 consanguinitate
2930 1558 3173 1630 proxima
3202 1556 3399 1625 injuste
3428 1554 3519 1610 diu
3539 1552 3637 1585 ¹⁸²¹
3670 1566 3800 1607 con-

2217 1651 2410 1723 juncti,
2435 1651 2936 1706 obinnhedicnciam
2962 1651 3227 1705 continuae
3246 1645 3558 1702 vocacionis
3575 1656 3796 1698 excom-

2224 1742 2480 1799 municati
2509 1751 2664 1810 sunt;
2694 1728 3067 1812 cooperatores
3092 1754 3220 1794 vero
3240 1752 3428 1793 eorum
3454 1726 3806 1804 abepiscopis

543 1823 608 1896 (l'.
650 1824 773 1894 179)
817 1828 1013 1881 ntutari
1074 1837 1359 1897 poscentes
1385 1868 1400 1894 ,
1446 1839 1501 1884 et
1529 1825 1616 1884 'e-x
1673 1838 1827 1900 parte
1879 1845 1971 1885 sua
2001 1869 2016 1894 ,
2062 1830 2115 1884 in
2149 1816 2193 1875 Β
2224 1841 2488 1888 vocantur
2516 1832 2628 1889 suis
2651 1835 2717 1887 ad
2746 1830 3204 1888 satisfaccionem.
3234 1827 3311 1882 lbi
3341 1825 3703 1881 constitutum
3728 1827 3809 1874 est

542 1925 806 1984 quantum
837 1916 949 1971 fieri
982 1919 1173 1986 possit,
1224 1920 1337 1974 haec
1367 1919 1664 1989 perdurare
1690 1936 1793 1975 non
1823 1921 2114 1991 pacientes.

542 2004 848 2062 Bernardus
872 2009 962 2040 ¹³¹⁸
995 2008 1141 2079 (959)
1170 2009 1443 2064 confrater
1468 2009 2034 2081 Parthennpolitanus,
2068 2017 2122 2065 et

506 2120 518 2129 α
544 2107 805 2169 θροειειιω
864 2098 1021 2154 istius
1081 2098 1256 2171 gentis
1288 2107 1415 2153 tunc
1441 2099 1746 2170 cpiscopus,
1782 2100 1835 2153 id
1858 2109 1915 2155 ut
1946 2100 2121 2171 primo

542 2188 805 2257 comperit
829 2230 844 2255 ,
883 2182 1288 2245 non’stecularis
1315 2191 1513 2245 suimet
1537 2190 1755 2261 dampni
1798 2192 1892 2246 sed
1924 2192 2114 2261 pocius

543 2279 842 2348 spiritualis
892 2281 1143 2336 inmenso
1198 2280 1385 2335 dolore
1434 2292 1771 2347 commotus,
1826 2268 2123 2353 inperatori

543 2378 732 2425 nostro
761 2369 812 2423 id
860 2370 953 2402 ¹⁸¹δ
985 2372 1245 2427 nunciare
1296 2389 1400 2429 non
1436 2373 1667 2429 desistit.
1710 2372 1822 2427 ilac
1851 2373 2126 2444 legacinne

449 2448 471 2469 ⁸
543 2459 747 2524 audita,
775 2475 930 2516 cesar
958 2463 1197 2532 graviter
1224 2464 1460 2534 suspirat
1489 2504 1503 2529 ,
1553 2464 1645 2518 sed
1676 2463 1743 2516 de
1792 2454 1987 2518 talibus
2043 2477 2129 2517 re-

543 2553 811 2624 spondere
860 2558 926 2609 ad
982 2570 1144 2625 pasca
1188 2555 1377 2611 dill‘crt
1408 2555 1579 2628 (960),
1620 2563 1677 2609 ut
1711 2571 1832 2609 cum
1876 2553 2126 2623 prudenti

542 2645 769 2700 consilio
797 2638 898 2701 hnc
925 2646 1212 2714 anulletnr,
1246 2646 1389 2716 quod
1426 2645 1656 2700 infausta
1704 2645 2124 2715 conspiracione

543 2737 967 2805 conglutinatur.
1002 2738 1114 2793 Hoc
1152 2748 1335 2793 votum
1367 2746 1422 2791 et
1455 2736 1694 2792 salutare
1732 2744 2004 2791 secretum
2040 2735 2131 2768 ¹⁸¹⁶

545 2830 690 2885 Dcus
719 2831 1062 2901 omnipotens
1116 2832 1399 2888 secundet.
1452 2830 1662 2886 Nullius
1708 2830 1879 2886 fidelis
1918 2847 2013 2887 cor
2062 2831 2131 2885 ob

546 2921 688 2976 hanc
718 2921 1088 2977 infelicitatem
1124 2922 1176 2977 in
1203 2922 1437 2992 aliquam
1464 2921 1902 2992 despcraeionem
1930 2920 2130 2984 veniat,

546 3012 632 3067 vel
687 3013 827 3068 diem
861 3012 1051 3082 judicii
1091 3015 1525 3085 appropinquare
1561 3014 1729 3081 dicat,
1775 3014 1901 3084 Quia
1942 3028 2136 3068 secun-

548 3104 677 3159 dum
700 3106 935 3162 veredici
966 3107 1056 3139 ¹⁸¹τ
1096 3106 1553 3162 ammonicionem
1590 3106 1737 3161 Pauli
1769 3119 1896 3161 ante
1926 3106 2135 3161 dissen-

2221 1925 2442 1994 antiquo
2494 1922 2799 1993 exemplare
2844 1921 3101 1993 perlecto,
3130 1928 3189 1974 ut
3230 1932 3424 1988 corpus
3462 1913 3807 1971 Dominicum

2224 2012 2314 2087 [ad
2350 2012 2675 2086 sinistram],
2704 2014 2770 2067 ad
2801 2013 3074 2067 dexteram
3104 2018 3309 2079 partem
3346 2006 3486 2063 calix
3518 2003 3616 2036 ¹⁶’⁸
3647 2016 3808 2073 pone-

2223 2117 2376 2160 retur
2424 2104 2543 2159 ⁸⁸³³.
2585 2105 2640 2159 ln
2692 2114 2931 2175 tempore
2970 2102 3059 2158 illo
3093 2098 3507 2155 Mediolanensis
3536 2093 3809 2163 archiepi-

2226 2212 2420 2267 scopus
2448 2196 2580 2251 obiit
2625 2195 2796 2267 (962),
2829 2205 2884 2250 et
2923 2193 3227 2265 prepositus
3274 2189 3516 2260 ejusdem
3552 2186 3814 2242 ecclesia:

2226 2289 2531 2345 Hiribcrtus
2564 2289 2844 2345 successit.
2880 2288 2936 2342 In
2970 2286 3157 2357 Anglis
3201 2285 3417 2356 triginta
3456 2282 3681 2336 navium
3718 2278 3815 2332 ha-

2226 2380 2489 2435 bitatores
2521 2380 2710 2449 piratae
2743 2394 2774 2433 a
2826 2393 2952 2448 rege
3000 2391 3209 2441 eorum,
3238 2371 3441 2445 Suenni
3490 2367 3812 2440 regisﬁlio,

2229 2472 2339 2527 Deo
2386 2472 2618 2542 gratias!
2651 2470 2814 2526 occisi
2869 2479 2993 2524 sunt
3026 2466 3208 2538 (965);
3246 2474 3301 2522 et
3339 2463 3432 2535 qui
3484 2462 3645 2532 prius
3693 2472 3815 2513 cum

2228 2573 2384 2634 patre
2420 2561 2578 2632 huius
2601 2570 2717 2617 erat
2753 2561 2970 2616 invasor
2996 2569 3051 2615 et
3081 2558 3327 2612 assiduus
3354 2557 3672 2612 destructor
3693 2566 3815 2623 pro-

2230 2655 2619 2719 vinciae,nunc
2675 2653 2820 2710 solus
2872 2653 3011 2708 sedit
3061 2650 3331 2713 defensor,
3381 2657 3442 2703 ut
3506 2648 3561 2703 in
3612 2642 3818 2700 Libicis

2233 2745 2517 2800 basiliscus
2554 2745 2776 2800 harenis
2824 2744 3046 2816 (Lucan.
3079 2758 3158 2804 Ix,
3195 2740 3318 2811 726)
3355 2739 3565 2797 cultore
3612 2736 3817 2792 vacuis.

2232 2834 2290 2889 ln
2327 2835 2430 2889 bac
2469 2833 2879 2905 quadragesima
2913 2840 2968 2888 et
2996 2833 3050 2888 in
3092 2832 3401 2901 episcopatu
3433 2844 3560 2901 meo
3596 2829 3818 2898 quidam

2236 2926 2463 2986 fratrem
2508 2944 2687 2992 suum.
2721 2943 2819 2999 pro
2848 2928 3026 2983 dolor!
3060 2926 3277 2982 occidit.
3312 2925 3593 2995 lnperator
3638 2931 3820 2978 auten

2237 3019 2292 3074 in
2324 3020 2567 3089 predicto
2597 3018 2715 3075 loco
2739 3018 2947 3089 palmas
2974 3024 3028 3073 et
3054 3027 3300 3073 sanctum
3330 3016 3535 3086 pascha
3579 3014 3823 3069 celebra-

2238 3109 2319 3163 vit
2346 3108 2459 3180 (an.
2491 3106 2648 3180 i‘QI8,
2676 3108 2837 3163 Mart.
2876 3107 2962 3170 30,
2996 3118 3041 3161 et
3064 3107 3193 3178 Apr.
3226 3106 3467 3176 6);quia
3484 3104 3822 3168 Baldricum,

547 3196 757 3251 sionem
789 3196 882 3229 ⁸⁸η
926 3205 976 3251 et
1020 3198 1361 3257 Antichristi.
1390 3197 1480 3229 ¹⁸¹⁹
1521 3196 1880 3253 execrabilem
1935 3196 2136 3250 adven-
2162 3173 2209 3235 δ
2239 3201 2307 3256 de
2341 3217 2473 3257 nece
2499 3173 2810 3273 ﬁ’igmanni
2847 3200 3062 3256 comitis
3094 3199 3170 3254 nil
3202 3214 3259 3254 se
3289 3209 3649 3255 excusantem
3696 3197 3825 3268 legi-

552 3297 669 3341 tum
702 3287 790 3357 (11
809 3287 987 3343 Thess.
1008 3303 1068 3353 ιι,
1091 3288 1143 3359 i)
1176 3305 1282 3344 non
1312 3290 1473 3343 debet
1505 3303 1535 3343 e
1566 3288 1762 3343 talibus
1785 3286 1978 3358 aliquis
2001 3285 2132 3341 oriri

553 3395 761 3447 sermo,
787 3395 885 3436 nec
916 3381 1057 3435 inter
1085 3381 1427 3436 christicolas
1457 3381 1634 3436 subita
1676 3380 1861 3435 venire
1899 3374 2138 3435 commoé-

553 3472 660 3537 cio,
695 3486 817 3525 cum
842 3472 1144 3526 eorundum
1174 3472 1502 3527 unanimitas
1528 3486 1650 3526 esse
1680 3470 1873 3525 debeat
1914 3470 1967 3524 iu
2000 3486 2140 3524 sum-

471 3560 485 3575 ⁵
555 3563 661 3618 mis
692 3562 783 3595 ¹⁸¹⁰
810 3561 1302 3628 stabilitas.Nntet,
1330 3563 1383 3618 in
1411 3570 1677 3632 quantum
1713 3560 1863 3626 velit,
1891 3558 2139 3615 mortalis

560 3654 848 3709 diversitas
874 3662 929 3710 et
962 3670 1174 3710 morum
1199 3655 1439 3725 ejusdem
1487 3650 1835 3707 multiformis
1877 3650 2139 3721 inequali-

557 3753 661 3800 tas.
694 3744 882 3801 Omnis
910 3747 1091 3811 homo,
1121 3746 1219 3801 llos
1244 3744 1399 3817 agri,
1446 3745 1606 3800 debet
1636 3761 1666 3798 a
1699 3753 1874 3798 matre
1906 3742 2135 3798 ecclesia

557 3836 709 3907 prius
749 3836 963 3892 renasci
1000 3837 1054 3892 in
1084 3836 1449 3892 innocentiam
1480 3833 1767 3889 salvatoris
1795 3833 1992 3888 Christi
2020 3848 2034 3894 ;
2087 3841 2141 3886 et

558 3933 689 3981 tunc
720 3927 956 3981 timenda
985 3936 1067 3981 est
1086 3926 1357 3996 inprovisa
1386 3924 1776 3994 inportunitas.
1798 3938 1919 3977 cum
1944 3922 2140 3991 ubique

562 4018 856 4073 nunciatur
887 4034 987 4087 pax
1018 4018 1173 4072 firma
1204 4033 1267 4073 ac
1303 4015 1688 4087 tranquillitas.
1707 4016 2008 4086 Etpropter
2040 4014 2141 4069 hoc

564 4125 783 4180 semper
830 4126 1168 4176 amonemur,
1197 4118 1257 4164 ut
1292 4112 1462 4164 simus
1491 4108 1705 4164 solliciti
1742 4123 1805 4163 ac
1834 4106 2140 4180 pervigiles,

561 4213 684 4253 cum
716 4215 821 4254 non
855 4200 1098 4255 valemus
1127 4214 1250 4254 esse
1289 4199 1423 4255 certi
1449 4198 1516 4254 de
1538 4197 1736 4253 futuris
1769 4214 1832 4253 ac
1862 4199 1915 4252 in
1957 4206 2143 4253 nostra

458 4306 461 4309 '
561 4287 856 4360 fragilitate
905 4292 1199 4349 durabiles.
1232 4290 1402 4347 Nemo
1451 4291 1651 4346 ultima:
1700 4290 1806 4345 diei
1854 4291 2141 4345 adventum

2243 3293 2391 3356 time,
2430 3308 2552 3348 cum
2604 3292 2717 3349 suis
2765 3291 3229 3360 conspiratoribus
3275 3289 3630 3344 recalcitrare
3682 3301 3827 3343 com—

2239 3384 2401 3455 perit.
2433 3383 2794 3448 Wolcmarus,
2824 3383 2991 3439 abbas
3016 3381 3301 3438 Fuldensis
3330 3391 3381 3438 et
3425 3377 3826 3439 Larsemensis,

2240 3472 2375 3529 obiit
2403 3474 2570 3546 (964).
2620 3474 2681 3546 (f.
2731 3473 2853 3545 i80)
2890 3474 2943 3527 ln
2988 3472 3176 3529 diebus
3218 3473 3325 3527 illis
3351 3471 3595 3528 solante
3630 3470 3832 3525 suimet

2241 3579 2493 3620 occasum
2520 3562 2792 3619 nonnullis
2819 3563 3073 3618 dimidius
3101 3562 3405 3633 prodigiose
3426 3562 3690 3632 apparuit
3718 3560 3829 3613 “".

2254 3724 2261 3729 ξ
2312 3655 2365 3709 6.
2401 3653 2624 3708 Interim
2672 3654 2805 3709 dum
2849 3652 2992 3707 fama
3018 3651 3174 3707 velox
3222 3652 3424 3722 aliquid
3456 3651 3551 3684 ‘m
3598 3652 3729 3706 novi
3765 3649 3831 3704 ai

2241 3744 2587 3802 scribendum
2619 3743 2828 3799 deferat
2856 3743 3010 3810 mihi,
3048 3743 3324 3798 hominum
3381 3742 3549 3796 vitam
3590 3741 3830 3812 piorum,

2241 3850 2409 3907 quam
2464 3849 2563 3905 ego
2612 3833 2893 3905 culpabilis
2944 3842 3000 3889 et
3027 3832 3322 3888 obliviosus
3370 3831 3535 3886 nimis
3585 3831 3836 3900 superius

2245 3925 2525 3995 dicendam
2573 3925 2828 3995 preterivi
2875 3924 2989 3990 ⁸⁸⁸⁷,
3021 3923 3309 3994 explanare
3352 3936 3498 3978 nunc
3533 3922 3731 3977 ardeo.
3777 3920 3830 3973 in

2246 4016 2581 4086 temporibus
2608 4015 2834 4071 secttndi
2869 4015 2960 4047 ⁸⁸⁸⁸
2989 4015 3133 4086 regis
3166 4013 3402 4069 Heinrici
3440 4012 3547 4066 fuit
3585 4012 3834 4086 quadam

2247 4106 2489 4161 solitaria
2521 4105 2645 4162 Sisu
2687 4114 2903 4173 vocata,
2947 4106 3001 4160 in
3036 4104 3155 4160 loco
3185 4102 3444 4176 Thrubizi
3484 4102 3641 4172 (965)
3675 4102 3835 4163 dicto,

2245 4200 2505 4255 inmensae
2552 4199 2769 4271 pietatis
2812 4214 2874 4255 ac
2922 4214 3020 4270 per
3050 4198 3152 4254 hoc
3201 4196 3333 4252 mihi
3362 4194 3684 4250 incﬂabilis.
3715 4193 3839 4260 Qua

2242 4290 2356 4359 jam
2407 4290 2590 4365 adulta
2626 4304 2748 4346 cum
2779 4304 2810 4344 a
2851 4291 3085 4358 quodam
3114 4288 3541 4358 desponsaretur
3593 4294 3835 4352 tempore

567 4392 665 4435 aut
685 4383 874 4440 venire
908 4384 998 4417 ¹⁶¹¹
1031 4384 1236 4441 dillidat
1264 4394 1355 4440 aut
1385 4383 1639 4441 celeriter
1668 4382 1729 4454 (f.
1764 4383 1902 4455 i79’)
1932 4382 2141 4438 contiu-
2171 4372 2220 4431 Ι)
2247 4382 2468 4437 maximi
2498 4381 2730 4448 Ottonis,
2759 4382 2828 4439 ad
2856 4380 3154 4448 Christum,
3179 4393 3341 4450 quem
3387 4377 3441 4431 in
3478 4377 3681 4447 primis
3723 4372 3839 4428 ﬁdei

1837 4515 2070 4572 VARUS
2111 4515 2513 4575 LECTIOVES.

640 4655 735 4688 ⁸⁸³⁸
766 4657 1356 4729 etquod—“truncata
1387 4669 1471 4713 est
1500 4670 1547 4713 et
1582 4673 1686 4729 que
1726 4659 1853 4714 add.
1886 4660 1972 4716 ib.

573 4727 660 4780 in.
765 4726 855 4765 ⁸⁸³⁸
891 4726 1014 4780 add.
1055 4727 1139 4781 ib.

578 4867 669 4899 ¹⁸²¹
694 4883 902 4922 (rasum
940 4870 990 4922 i.
1062 4868 1155 4904 ““
1190 4867 1497 4924 sacerdotis
1518 4870 1658 4923 calix
1686 4868 1741 4921 2.
1847 4868 1941 4901 ‘m
1970 4868 2044 4922 lbi
2072 4896 2146 4907 --

577 4936 668 4967 ⁸⁸³⁸
715 4937 1071 4995 Uuolctnarus

578 5005 673 5039 ³⁸⁸⁸
713 5024 921 5063 erasum
963 5010 989 5064 i
1002 5049 1015 5064 .

656 5164 796 5180 ,λυ-ι
828 5166 874 5180 ὀ
923 5167 970 5180 .-
1103 5167 1118 5180 I
1141 5167 1174 5180 II
1206 5167 1239 5180 η
1287 5177 1295 5180 .
1441 5167 1455 5180 I
1510 5167 1524 5180 ι
1731 5168 1788 5180 l-

2086 4657 2175 4692 ¹³¹¹
2211 4668 2355 4714 mota
2387 4662 2468 4715 ia.

1227 4729 1317 4761 ¹³¹⁸
1348 4730 1402 4784 b.
1435 4745 1484 4784 c.
1524 4720 1788 4798 partheno
1831 4731 1887 4782 in
1921 4730 2033 4782 loco
2064 4744 2185 4781 raso
2229 4729 2309 4783 ib.
2386 4731 2477 4764 ¹⁸¹⁰
2505 4720 2781 4784 decretum
2819 4727 2875 4781 2.
2953 4726 3043 4798 ξξίῖ
3080 4720 3317 4798 veredici
3362 4720 3843 4798 corr._\'eridici_i.

571 4796 666 4869 ενῆ
702 4797 1097 4869 discessionem
1134 4796 1362 4852 Romani
1406 4796 1613 4869 imperii
1648 4799 1705 4869 2.
1783 4798 1883 4869 “"7
1914 4798 2230 4869 antechristi
2267 4813 2406 4855 corr.
2446 4800 2758 4857 antichristi
2790 4800 2842 4853 i.

2191 4880 2520 4937 ponerentur
2554 4872 2681 4925 add.
2720 4872 2803 4924 ib.
2848 4867 2936 4937 ubi
2973 4878 3165 4937 tamen,
3198 4863 3489 4937 desuntad
3536 4863 3837 4937 sinistram.

1125 4940 1377 5011 (secundo
1408 4957 1439 4993 tt
1479 4950 1591 5009 post
1636 4937 1811 5009 eraso)
1848 4969 1918 4978 —
1965 4936 2215 5031 apparuit
2271 4940 2396 4994 add.
2447 4941 2543 4996 ib.
2650 4941 2740 4975 ⁵⁸η
2783 4936 2943 5009 aliqd
2976 4939 3027 4992 i.

2091 5077 2318 5135 NOTE.

2575 4660 2668 4691 ιοη

2695 4657 2932 4729 pondere
2969 4658 3043 4729 i_._
3130 4636 3407 4729 “"‘patre
3445 4667 3515 4708 ac
3558 4649 3833 4729 inobiliori

2952 4795 3045 4830 ¹⁸²⁰
3084 4796 3255 4850 sumis
3282 4795 3333 4848 i.
3431 4793 3528 4825 ““
3563 4793 3699 4845 add.
3761 4790 3843 4842 η.

3153 4936 3242 4968 ¹⁸²⁷
3291 4937 3348 4988 in
3395 4934 3511 4986 loco
3586 4947 3714 4984 raso
3764 4929 3842 4982 ib.

2972 5159 3225 5180 Dll_-l-..-
3329 5174 3351 5180 ..
3415 5156 3433 5180 ι
3511 5152 3658 5180 [Ἶριηο
3710 5150 3819 5180 Iun
