4048 5368
334 245 475 303 1109

1551 236 1962 295 CllRONlCON.
2003 265 2068 275 -—
2107 233 2234 290 LIB.
2280 230 2408 287 Vill.

3454 226 3591 283 H10

334 356 568 429 speciale
613 353 948 426 signaculum
981 352 1035 408 in
1086 352 1248 408 corde
1291 367 1389 423 pre
1432 353 1683 408 omnibus
1715 353 1911 416 infixit,
1942 357 1987 416 Α
2017 350 2196 404 amita:
2225 346 2339 415 ejus
2384 343 2678 400 venerabili
2709 340 2951 397 Mahtildi
3001 342 3090 373 ’⁸³⁸
3131 339 3415 397 abbatissze
3445 341 3592 413 (967)

332 449 548 506 concito
595 462 759 503 cursu
812 446 1151 517 properavit;
1187 460 1251 499 ac
1301 446 1353 499 in
1402 445 1657 515 predicta:
1705 454 1914 499 secreto

334 544 572 600 civitatis
595 556 766 595 annos
801 540 1077 610 sexaginta
1101 546 1333 608 quatuor
1364 538 1454 569 ¹⁸¹⁹
1475 538 1679 592 cmlesti
1718 553 1915 606 sponso

336 650 395 689 se
422 632 683 702 virginem
708 639 911 685 castam
944 638 1174 683 conatur
1202 626 1418 691 offerre,
1447 642 1509 681 ac
1535 627 1915 680 inmacu'atam

334 739 415 789 se,
446 723 565 792 plus
596 736 756 790 quam
790 719 1051 789 fragilitas
1080 719 1315 771 humana
1345 716 1607 786 permisit,
1640 714 1915 769 custodire

336 812 560 868 studuit.
593 811 651 865 In
689 818 836 864 tanto
863 824 1093 878 namque
1138 809 1321 879 spacio
1352 824 1645 877 numquam
1678 805 1795 861 foco
1825 806 1915 860 du-

336 920 453 958 rum
508 902 679 972 frigus
742 900 1043 956 resolvebat
1094 900 1295 970 aliquo,
1342 900 1434 954 sed
1468 900 1569 953 hoc
1620 898 1913 951 maximum

334 995 511 1049 eidem
553 1001 673 1048 erat
712 999 1215 1061 temperamentum,
1262 989 1403 1059 quod
1435 988 1611 1057 lapide
1639 986 1912 1056 paululum

336 1084 510 1139 calido
547 1084 709 1152 pedes
746 1082 828 1136 vel
868 1097 1057 1135 manus
1093 1095 1229 1150 pene
1269 1088 1394 1134 tunc
1421 1080 1732 1133 deficientes
1773 1077 1915 1131 refo-

335 1174 545 1228 cilaret.
578 1173 702 1227 llaec
735 1172 969 1226 assiduis
998 1170 1343 1225 oracionibus
1379 1180 1434 1225 et
1473 1170 1792 1225 intermistis
1824 1167 1916 1223 fle-

338 1265 481 1319 tibus
509 1264 698 1321 cellam
729 1264 926 1317 suimet
954 1262 1180 1316 interius
1205 1262 1436 1328 ornavit,
1469 1261 1706 1315 exterius
1736 1270 1915 1314 autem

336 1356 531 1425 populo
559 1355 845 1411 confluenti
899 1355 1088 1409 crebra
1136 1355 1475 1409 institutione
1514 1364 1569 1410 et
1610 1356 1915 1409 necessaria

337 1444 705 1501 consolatione
733 1445 957 1499 multutn
991 1444 1211 1515 profuit.
1240 1442 1465 1500 Vermes
1495 1462 1552 1499 se
1591 1444 1792 1515 jugiter
1821 1460 1916 1499 co-

337 1536 613 1590 medentes
660 1552 765 1591 non
798 1536 1016 1605 abjecit,
1059 1536 1149 1590 sed
1193 1538 1747 1606 cadentes'rrposuit,
1800 1537 1917 1592 vice

338 1630 591 1683 monachi
649 1629 931 1699 Symeonis
988 1629 1039 1683 in
1094 1629 1343 1685 columna
1409 1629 1497 1684 diu
1552 1630 1742 1684 stantis
1802 1629 1912 1683 ‘m.

337 1719 605 1789 Quicquid
636 1687 722 1774 illa
757 1721 822 1777 de
851 1720 1121 1775 oblatione
1150 1720 1329 1791 populi
1370 1722 1623 1775 continua
1656 1721 1913 1790 suscepit,
1940 1687 1989 1772 ἵ]

336 1811 438 1867 sibi
489 1811 813 1885 subtrahens
855 1812 1164 1881 Christique
1202 1814 1529 1883 pauperibus
1579 1812 1799 1884 largiter
1836 1815 1916 1868 in-

336 1904 838 1974 percicns,peccata
860 1903 1422 1975 oﬂ'erentium(f.l80’,
1444 1907 1687 1961 redemit.
1704 1906 1798 1961 Pia
1817 1905 1919 1961 fuit

338 1996 455 2051 haec
486 1995 602 2027 ²⁸²¹⁹
622 1996 777 2049 matri
802 2011 952 2059 mea},
990 2005 1044 2051 et
1074 1997 1387 2051 memoriam
1416 1997 1497 2052 sui
1532 1998 1757 2052 firmiter
1795 2014 1918 2068 pro-

336 2089 485 2145 misit
515 2090 649 2159 proli
690 2091 1117 2160 subsequuturaa.
1152 2090 1205 2144 ln
1238 2106 1408 2162 agone
1435 2093 1593 2160 hujus
1636 2094 1918 2149 titubantis

335 2181 502 2236 seculi
546 2182 661 2239 haec
706 2184 1057 2247 contendens,
1103 2183 1170 2236 ab
1203 2183 1420 2237 inlicitis
1466 2184 1714 2238 omnibus
1753 2182 1919 2238 absti-

336 2275 475 2339 nuit,
504 2290 609 2327 non
640 2290 735 2344 pro
768 2274 1073 2344 recipienda
1099 2276 1433 2345 corruptibili
1471 2274 1662 2346 gloria,
1695 2277 1787 2331 sed
1818 2291 1917 2346 pro

336 2366 587 2438 florigera
615 2368 852 2423 ctelestis
879 2369 1049 2423 bravii
1099 2383 1320 2430 corona,
1354 2384 1515 2437 quam
1555 2369 1622 2421 15
1653 2368 1919 2424 Kalendas

336 2454 531 2511 Marcii
559 2458 861 2526 promeruit
901 2458 1159 2512 divinitus
1189 2459 1332 2513 indui
1365 2458 1603 2529 (966).]n
1627 2469 1781 2513 nocte
1809 2459 1915 2523 illa,

335 2565 440 2619 qua
483 2549 699 2617 Christo
726 2552 975 2607 amabilis
1016 2550 1221 2621 lampas
1260 2552 1577 2607 stelliferum
1621 2552 1793 2606 locata
1836 2562 1921 2607 est

335 2639 393 2693 it:
424 2654 603 2704 axem,
626 2641 853 2695 dormivi
876 2650 1130 2710 peccator
1152 2642 1204 2696 in
1235 2642 1552 2697 dormitorio
1576 2643 1627 2695 in
1668 2642 1916 2712 ltlagaifa-

336 2729 501 2796 burg,
533 2740 585 2783 et
614 2730 765 2785 testis
792 2732 921 2784 mihi
948 2732 1022 2786 sit
1050 2732 1211 2795 Deus,
1240 2732 1363 2801 quia
1390 2747 1492 2786 non
1525 2733 1776 2795 mentior,
1812 2732 1916 2786 vidi

335 2834 438 2889 per
468 2822 734 2875 somnium
784 2833 909 2876 ante
961 2822 1302 2888 matutinam,
1347 2824 1486 2892 quod
1533 2823 1816 2893 duopueri
1852 2824 1919 2879 de

335 2910 566 2979 antiquo
603 2911 712 2977 ‘3“,
745 2914 887 2981 quod
929 2914 1106 2967 adhuc
1134 2914 1330 2967 ibidem
1357 2914 1554 2979 stabat,
1589 2915 1766 2969 erario
1795 2931 1918 2985 pro-

333 3000 591 3054 cederent
624 3011 903 3057 cantantes
928 3004 1276 3071 antiphonam
1307 3003 1395 3034 ³⁸³³
1431 3003 1615 3071 hanc;
1654 3003 1916 3059 Martinus

336 3088 605 3145 [labra/ia:
638 3092 729 3123 ¹⁸³³
755 3096 875 3147 sinu
896 3093 1046 3148 Icelus
1076 3095 1340 3161 recipitur,
1367 3104 1422 3149 et
1448 3068 1916 3152 cmic‘mJnfantes

335 3183 415 3237 hii
446 3185 710 3253 geminam
749 3184 989 3253 ejusdem
1026 3188 1387 3242 innocentiam
1416 3197 1470 3242 et
1494 3189 1756 3257 premium
1787 3205 1915 3259 pro-

336 3275 663 3329 nuntiabant
688 3277 808 3342 um;
838 3277 892 3331 in
913 3279 1116 3347 pietate
1144 3294 1240 3333 sua
1268 3287 1323 3334 et
1349 3289 1668 3349 paupertate
1696 3281 1916 3350 spiritus

339 3380 405 3420 ac
432 3367 734 3424 humilitate
766 3368 871 3423 hoc
895 3378 1064 3425 totum
1094 3370 1215 3437 fuit,
1240 3380 1293 3425 et
1320 3373 1459 3440 quod
1491 3372 1752 3442 sequitur,
1786 3388 1913 3442 pro-

338 3457 539 3511 meruit
580 3457 691 3511 '3”.
722 3459 786 3512 Et
812 3460 914 3513 hoc
955 3468 1085 3515 tunc
1128 3461 1387 3517 fratribus
1432 3464 1672 3518 nuntiavi
1715 3465 1849 3519 meis
1897 3483 1911 3519 :

339 3546 448 3601 Pro
476 3560 635 3612 certo,
667 3549 1154 3619 inquiens,.scitolc
1186 3554 1325 3622 quod
1354 3553 1530 3607 anima
1556 3553 1665 3606 Deo
1690 3570 1818 3607 cara
1851 3554 1917 3608 de

338 3639 439 3692 hac
486 3640 601 3694 luce
628 3650 704 3696 est
742 3659 879 3697 nunc
906 3655 1169 3709 separata.
1208 3644 1345 3699 Post
1395 3645 1511 3699 dies
1544 3646 1576 3698 6
1608 3644 1915 3700 intimatum

339 3738 423 3786 est
476 3732 650 3796 nobis,
684 3734 847 3802 quod,
902 3734 1043 3789 sicut
1093 3735 1264 3788 visum
1321 3742 1403 3790 est
1457 3735 1611 3799 mihi,
1644 3749 1770 3789 vere
1821 3734 1915 3790 Dei

339 3818 539 3873 famula
572 3825 826 3878 transiret
847 3839 877 3879 e
902 3839 1123 3879 carcere
1148 3824 1347 3878 carnis.

411 3914 463 3966 7.
494 3913 792 3971 Conftatris
818 3919 918 3972 mei
943 3920 1254 3973 memoriam
1285 3917 1525 3972 Bernarii
1556 3919 1714 3973 modo
1729 3933 1916 3988 aggre-

340 4008 476 4072 diar,
510 4011 603 4078 qui
638 4011 871 4067 familiar
896 4022 1004 4068 tate
1051 4029 1149 4068 sua
1199 4014 1329 4067 mihi
1377 4013 1609 4068 exhibita
1646 4014 1737 4046 ¹⁸³⁶
1775 4016 1915 4083 apud

340 4117 428 4156 me
457 4105 736 4159 caritatem
771 4108 985 4169 bonam,
1019 4116 1072 4161 et
1102 4109 1145 4162 si
1196 4107 1533 4176 aliquatenus
1582 4105 1671 4137 ¹⁸³⁷
1722 4107 1771 4161 ei
1825 4105 1914 4137 ³⁸³⁸

340 4193 653 4260 profuisset,
705 4198 1028 4253 mentionem
1081 4198 1469 4267 promeruisset
1514 4197 1774 4253 sedulam.
1817 4197 1916 4253 Hic

342 4285 521 4339 carnis
565 4288 964 4357 propinquitate
1002 4291 1450 4360 consanguineus,
1487 4301 1542 4344 et
1586 4290 1727 4359 quod
1772 4306 1915 4347 nunc

341 4384 426 4427 est
453 4377 745 4430 maximum
778 4419 791 4441 ,
839 4379 1083 4434 amicicia
1134 4380 1233 4434 fuit
1262 4382 1393 4436 mihi
1443 4381 1533 4413 ³⁸³⁸
1572 4381 1909 4450 conjunctus.

344 4464 539 4523 Tercio
585 4466 766 4524 Ottoni
796 4470 856 4542 (1⁵.
887 4472 1009 4541 181)
1050 4472 1206 4527 valde
1235 4489 1396 4533 carus
1420 4482 1559 4538 erat,
1585 4473 1707 4542 quia
1731 4472 1831 4527 sibi
1859 4482 1916 4528 et

2021 442 2250 496 fideliter
2280 439 2574 502 serviebat;
2605 438 2856 507 quicquid
2888 438 2937 491 in
2976 436 3187 491 Salbozi
3214 436 3358 504 (968)
3392 436 3509 489 villi
3538 437 3593 492 in

2014 531 2337 585 beneficium
2363 529 2569 594 habuit,
2590 529 2640 581 in
2668 529 2909 598 prediuin
2936 528 3003 582 ab
3031 528 3133 581 hiis
3164 527 3254 557 ‘3“
3287 527 3594 595 acquisivit.

2016 621 2355 676 Ethelberto
2388 620 2477 651 ¹⁸⁸¹
2509 619 2892 673 archiantistiti
2931 620 3149 689 suisque
3195 619 3596 674 successoribus

2016 728 2187 783 usque
2210 713 2264 766 in
2283 713 2538 767 domuum
2563 709 2831 765 Gcronem
2861 710 3110 774 servivit;
3138 718 3191 763 et
3217 710 3352 778 apud
3379 712 3595 764 eosdem

2018 806 2233 874 dignam
2264 803 2674 857 retributionem
2708 802 2964 869 suscepit.
3001 800 3237 853 Tandem
3284 799 3598 853 infirmitate

2018 904 2292 965 gravatur,
2341 904 2397 949 et
2451 894 2560 948 Deo
2614 893 2990 962 omnipotenti,
3034 908 3190 961 quini
3243 906 3455 962 semper
3504 907 3599 962 pre

2016 986 2266 1041 Omnibus
2312 985 2533 1049 amavit,
2585 984 2947 1053 conjungizur.
2999 983 3053 1036 In
3109 984 3259 1052 cujus
3312 998 3496 1037 amore
3535 998 3600 1037 ac

2016 1079 2325 1133 venerando
2358 1076 2562 1130 honore
2591 1075 2889 1129 mcclesiam
2918 1075 2969 1129 in
2988 1076 3245 1145 acquisita
3270 1074 3600 1146 proprietate

2016 1169 2255 1239 predicta
2303 1168 2633 1231 construxit,
2672 1176 2724 1220 et
2761 1168 2899 1221 hanc
2947 1168 3036 1199 ¹⁸³⁸
3084 1169 3149 1222 ad
3180 1168 3596 1241 benedicendam

2017 1276 2103 1316 me
2136 1262 2411 1331 indignum
2449 1261 2835 1315 vocavil.Ante
2853 1262 3006 1331 cujus
3029 1262 3597 1317 “"consecrationem

2020 1353 2265 1408 volumen
2321 1354 2535 1423 longum
2593 1352 2924 1407 facinoribus
2972 1354 3081 1407 suis
3132 1353 3473 1423 inscriptum,
3533 1369 3599 1410 ao

2018 1447 2168 1515 prius
2223 1447 2435 1501 caeteris
2492 1444 2893 1501 confessoribus
2948 1448 3062 1500 suTs
3113 1455 3410 1511 ostensum,
3467 1447 3598 1501 mihi

2020 1540 2248 1609 aperuit,
2277 1547 2327 1592 et
2356 1554 2539 1593 coram
2570 1553 2655 1592 me
2681 1553 2903 1609 gemens
2942 1538 3088 1607 legit,
3123 1547 3176 1592 et
3205 1554 3233 1591 a
3264 1554 3348 1593 me
3376 1539 3599 1609 supplex

2019 1629 2406 1701 indulgentiam
2444 1632 2752 1700 postulavit.
2782 1630 2930 1685 lianc
2968 1631 3251 1701 epistolam
3290 1632 3514 1701 sumpsi,
3544 1644 3600 1686 et

2019 1723 2411 1777 absolutionem
2462 1723 2733 1777 commissi
2780 1724 2956 1777 divina
3002 1731 3267 1792 potestate
3298 1724 3423 1777 huic
3473 1724 3596 1788 feci,

2018 1831 2245 1885 cumque
2273 1817 2460 1871 eodem
2492 1817 2597 1881 die,
2629 1817 2681 1870 id
2709 1826 2791 1870 est
2826 1818 2886 1869 10
2917 1815 3185 1870 Kalendas
3214 1815 3432 1884 Aprilis,
3472 1818 3598 1884 quia

2021 1917 2148 1962 tunc
2177 1918 2293 1962 erat
2318 1924 2491 1963 annua
2518 1910 2633 1963 dLes
2662 1909 2742 1962 sui
2772 1909 2962 1977 patris,
2992 1908 3288 1977 predictam
3318 1922 3600 1962 consecra-

2017 2014 2132 2054 rem
2169 2000 2490 2063 mcclcsiam,
2519 2014 2682 2069 supra
2712 1999 2981 2073 Ibuxidem
3019 1999 3162 2070 (969)
3198 1998 3438 2068 reliquiis
3474 2014 3603 2053 san.

2020 2101 2229 2148 ctorum
2280 2093 2533 2146 refertam
2581 2093 3015 2163 prenontinatum
3062 2093 3212 2161 posui
3246 2076 3597 2155 breviarium,

2021 2192 2078 2236 ut
2108 2198 2295 2237 eorum
2327 2184 2545 2238 assiduo
2576 2185 2882 2238 interventu
2909 2198 3035 2237 vera
3055 2182 3305 2238 flebiliter
3322 2184 3600 2238 confitent;

2021 2276 2267 2331 remissio
2304 2277 2456 2330 fieret
2485 2285 2537 2331 et
2560 2277 2649 2330 diu
2679 2283 2863 2345 optata
2886 2276 3134 2330 abolicio.
3174 2275 3286 2330 Hoc
3307 2291 3597 2345 numquam

2018 2368 2124 2421 vidi
2155 2368 2386 2437 aliquem
2419 2367 2614 2422 fecisse
2636 2368 2719 2423 vel
2750 2368 2964 2431 audivi;
2991 2368 3205 2436 setquia
3231 2368 3600 2421 infirmitatem
3648 2370 3651 2371 ⁷

2021 2472 2197 2510 meam
2248 2456 2371 2510 huic
2421 2456 2494 2509 nil
2525 2455 2780 2524 prodesse
2811 2456 2980 2517 timui,
3013 2456 3073 2525 (f.
3106 2456 3245 2526 181’)
3275 2457 3340 2509 ad
3381 2466 3600 2509 sanctos

2019 2547 2409 2602 intercessores
2443 2548 2677 2615 confugi.
2710 2547 2839 2602 Post
2878 2548 2977 2602 hec
3007 2548 3142 2601 vixit
3191 2557 3343 2616 pater
3381 2563 3602 2601 venera-

2018 2640 2141 2694 bilis
2175 2640 2428 2693 tredecim
2466 2640 2814 2705 ebdomadas,
2842 2638 2906 2691 16
2957 2639 3223 2694 Kalendas
3264 2637 3432 2705 Junii,
3466 2654 3595 2692 exo-

2018 2742 2175 2800 ptans
2206 2730 2420 2786 resolvi.
3336 2772 3337 2775 η

2088 2822 2141 2875 8.
2170 2819 2389 2890 Insuper
2426 2820 2499 2890 pii
2541 2820 2751 2875 abbatis
2779 2819 2983 2875 Alfkeri
3026 2820 3172 2891 (9'10)
3200 2822 3469 2890 quandam
3503 2834 3596 2874 ac-

2019 2913 2229 2967 eionent
2255 2912 2490 2983 cgreiam
2527 2912 2617 2941 ¹⁸’⁶¹
2654 2912 2707 2965 in
2745 2911 3048 2980 exetnplum
3081 2910 3339 2965 imitabile
3362 2908 3599 2980 profero.

2020 3004 2119 3060 llic
2143 3016 2325 3074 preter
2349 3012 2574 3059 Cir-teras
2602 3004 2829 3058 virtutes
2863 3019 2989 3057 suas
3013 3004 3114 3058 hoc
3150 3003 3219 3075 in,
3249 3017 3345 3058 usu
3390 3001 3600 3069 habuit,

2018 3101 2160 3170 quod
2188 3106 2379 3155 nomen
2411 3115 2566 3155 suum
2608 3113 2771 3168 super
2818 3096 2989 3150 altare
3024 3095 3298 3166 quodlibet
3344 3095 3599 3165 scripsit;

2019 3203 2075 3255 et
2119 3194 2242 3248 dum
2291 3193 2406 3263 ipse
2437 3193 2657 3246 missam
2688 3199 2934 3255 caneret,
2990 3189 3041 3242 in
3089 3198 3293 3241 tantum
3329 3186 3494 3252 ﬂevit,
3541 3194 3602 3240 ut

2019 3289 2252 3343 maxima
2279 3287 2573 3356 corporalis
2612 3302 2738 3356 pars
2773 3287 3197 3347 humectaretur,
3227 3283 3302 3337 nil
3336 3283 3597 3348 hesitans,

2018 3382 2183 3451 quod,
2209 3380 2351 3435 sicut
2375 3380 2635 3448 scriptum
2665 3387 2747 3433 est
2773 3396 2785 3431 :
2816 3377 3074 3432 Lacrima:
3104 3394 3200 3446 pro
3220 3377 3445 3446 peccatis
3485 3391 3602 3430 car-

2017 3475 2234 3529 detenus
2257 3475 2439 3543 e/fusa:
2465 3474 2691 3526 diuinam
2720 3488 2822 3526 non
2846 3472 3002 3525 modo
3030 3480 3244 3539 poscunt
3272 3470 3474 3523 veniam
3508 3468 3601 3522 sed

2018 3568 2176 3620 etiam
2204 3566 2297 3597 ¹⁸³⁸
2324 3565 2582 3633 inpetrant
2603 3562 2812 3634 (Iudith
2857 3577 2971 3624 vni,
3000 3562 3110 3630 12);
3130 3571 3183 3615 et
3202 3569 3259 3612 ut
3288 3574 3352 3613 eo
3376 3559 3601 3613 liberius

2018 3656 2242 3713 casieste
2279 3654 2588 3724 suffragium
2622 3655 2893 3723 inplorare
2930 3652 3033 3708 sibi
3080 3652 3356 3715 valuisset,
3390 3653 3601 3707 cunctis

2019 3747 2353 3805 debitoribus
2394 3746 2506 3801 suis
2554 3745 2868 3800 misericors
2897 3744 3019 3799 fuit.
3052 3744 3165 3798 Heu
3197 3742 3330 3798 mihi
3378 3743 3601 3812 indigno

2020 3839 2311 3907 sacerdoti,
2341 3840 2438 3893 hos
2462 3838 2732 3908 predictos
2753 3837 2951 3891 fratres
2973 3836 3064 3906 qui
3099 3836 3151 3889 in
3183 3834 3329 3889 nullo
3343 3849 3599 3901 umquam

2019 3940 2297 3988 assecutus
2325 3929 2429 3983 fui!
2470 3929 2739 3983 Bonorum
2778 3926 3022 3995 exempla
3068 3925 3357 3979 multorum
3396 3923 3497 3993 legi
3534 3938 3601 3978 ac

2020 4040 2244 4096 persepe
2271 4024 2400 4089 vidi,
2429 4022 2522 4077 sed
2550 4021 2715 4075 menti
2744 4036 2876 4075 mem
2903 4019 3020 4073 hare
3048 4006 3171 4073 non\
3189 4018 3438 4088 apposui;
3471 4025 3601 4070 tem-

2018 4113 2351 4185 ptationibus
2375 4112 2561 4174 variis,
2593 4110 2787 4179 quibus
2814 4109 3065 4163 resistere
3090 4108 3267 4168 debui,
3293 4106 3599 4162 voluntarie

2020 4218 2085 4257 ac
2136 4218 2240 4258 non
2293 4202 2505 4257 fortiter
2540 4199 2856 4254 reluctando
2903 4196 3190 4262 succubui;
3241 4196 3436 4266 quibus
3467 4211 3596 4263 pro-

2019 4293 2175 4346 desse
2235 4283 2417 4356 debui,
2466 4305 2565 4360 pro
2618 4290 2800 4344 dolor!
2831 4288 2949 4358 plus
3002 4287 3181 4351 nocui,
3215 4296 3270 4341 et
3319 4296 3376 4340 ut
3407 4285 3596 4355 optimi

2023 4384 2319 4437 archanum
2374 4381 2610 4436 thesauri
2655 4381 2860 4434 crimen
2918 4394 3095 4434 meum
3142 4391 3354 4446 semper
3398 4374 3595 4431 celavi.

2020 4474 2134 4529 Non
2164 4482 2248 4527 est
2272 4487 2431 4542 opus,
2461 4473 2628 4527 lector
2651 4469 2736 4525 vel
2763 4470 2893 4525 mihi
2923 4484 3046 4526 care
3060 4476 3429 4533 successor,ut
3458 4467 3593 4521 varii

1636 4600 1867 4657 VAlil/E
1916 4592 2319 4673 LECTIONES.

411 4692 505 4724 ¹⁶²⁹
546 4694 884 4793 septuaginta
928 4697 1060 4752 duos
1092 4697 1179 4751 ia.

418 4778 466 4793 ns
501 4763 521 4793 Ι
671 4764 737 4793 183
792 4766 819 4793 Ιιι
854 4782 1052 4793 ...η-...μΔ
1087 4768 1105 4793 Ι
1145 4767 1179 4793 ιε

343 4777 466 4815 nam
501 4763 553 4817 1.
671 4764 737 4794 ³⁸³

344 4900 912 4971 fantcs—'pr0ineruit
948 4900 1071 4959 ddd.
1095 4908 1178 4960 1b.
1267 4904 1619 4961 1mexhibito
1651 4903 1699 4955 1.

345 4970 411 5025 iis
448 4974 573 5026 add.
613 4970 704 5028 ib.
810 4974 897 5007 ¹⁸⁶¹
938 4978 1047 5030 alh.
1089 4979 1148 5030 1c
1173 4977 1198 5029 ?
1272 4978 1360 5013 ‘W
1388 4976 1591 5047 egriam
1621 4976 1671 5027 1.

1261 4695 1353 4727 ¹⁸³⁰
1390 4695 1702 4749 Vermes—
1730 4694 1922 4746 stantis
1977 4693 2100 4745 add.
2145 4693 2226 4746 lb.

790 4766 822 4817 h
849 4782 1054 4820 erasum
1087 4764 1235 4819 1.¹⁸³⁸
1257 4766 1494 4820 Infantes
1519 4764 1783 4833 geminam
1813 4764 1928 4832 ejus
1962 4763 2320 4817 innocentiam
2351 4772 2404 4817 et
2430 4764 2662 4832 primum
2694 4760 3150 4832 pronuntiabant.
3187 4760 3592 4833 scilicet-pieta-

345 4840 451 4885 tem
486 4833 538 4884 in
572 4843 888 4902 paupertate
939 4838 1193 4905 spiritus,
1233 4844 1287 4890 ct
1326 4831 1679 4890 humilitatem
1728 4831 1941 4896 cordis,
2007 4838 2062 4885 ct
2091 4850 2250 4901 quam
2298 4831 2591 4903 pretiieruit
2641 4831 2937 4887 arinoniam
2981 4833 3233 4886 celestem
3260 4831 3314 4882 ‘2.

345 4900 912 4958 fames—promeruit
948 4908 1071 4958 add.
1095 4908 1178 4958 1b.
1267 4904 1619 4958 1mexhibito
1651 4903 1699 4955 1.
1782 4904 1873 4935 ⁸⁸³⁷
1905 4902 2235 4958 alimtatinus
2265 4906 2309 4958 ι.
2388 4905 2478 4938 ¹⁸³³
2518 4903 2646 4957 add.
2685 4905 2770 4957 ‘lb.
2860 4903 2948 4935 ⁸⁸⁸⁹
2980 4904 3014 4956 h
3044 4917 3250 4953 erasum
3276 4901 3314 4953 1η

1905 4913 2235 4971 altquatiitus
2265 4913 2309 4958 ι.

2312 4692 2424 4725 ¹⁸³⁰⁶
2463 4693 2588 4746 aad.
2616 4694 2697 4746 ib.
2780 4692 2869 4724 ¹⁸³¹
2894 4694 3076 4757 antiqo
3100 4691 3150 4744 1.
3228 4690 3317 4721 ¹⁸⁸²
3346 4688 3593 4757 antipha‘

2780 4692 2869 4724 ¹⁸³¹
2894 4694 3076 4762 antiqo
3100 4691 3150 4744 1.

3404 4828 3493 4859 1888
3533 4829 3589 4881 ιη

3406 4897 3496 4930 ηδ’
3525 4899 3593 4950 ab

2388 4905 2478 4938 im
2518 4903 2646 4957 add,
2685 4905 2770 4957 λιι),
2860 4903 2948 4935 ιεδο
2980 4904 3014 4956 h
3044 4917 3250 4953 erasum
3276 4901 3325 4953 1.

1836 5041 2073 5100 NOTIE.

416 5126 559 5195 (966)
586 5126 744 5182 Conf.
775 5126 984 5182 Nccroi.
1016 5129 1247 5195 Luneb.,
1276 5131 1431 5187 Febr.
1478 5128 1564 5182 16.

416 5196 558 5269 (5)67)
582 5238 595 5249 .
623 5196 1128 5269 Qtiediittbttrgensi.

412 5266 743 5340 (96.v)_7V_illa
798 5266 992 5340 Salblte
1035 5273 1100 5322 ad
1148 5268 1359 5339 Albim,
1404 5274 1552 5326 inter
1596 5271 1918 5340 Magdebur-

344 5351 460 5368 ηιηιι
490 5336 546 5368 ne
573 5337 788 5368 ειιιιισιηὶ
813 5336 872 5368 nil

2028 5135 2108 5189 sic
2132 5136 2330 5190 dictum
2355 5132 2595 5187 foramen
2624 5130 3051 5198 quadrangulum
3083 5136 3203 5181 erat
3227 5128 3278 5180 in
3304 5140 3486 5198 mensa
3514 5127 3596 5179 al-

2029 5204 2161 5267 taris
2190 5196 2673 5278 lapideaincisuni,
2710 5200 3099 5253 recondebatur
3130 5215 3251 5278 cum
3284 5196 3452 5250 tribus
3475 5213 3600 5267 gra-

2028 5277 2111 5330 nis
2146 5270 2336 5337 thuris,
2369 5270 2698 5327 shedulamm
2722 5284 2923 5306 norm--
