4048 5368
519 362 652 418 HI!

1443 359 1817 418 THIETMARI
1860 355 2164 413 EPISCOPI
2205 353 2624 412 MEBSEBURG
2636 351 2830 411 ENSIS

3640 349 3784 406 Nl!

516 472 699 530 favore
727 473 866 545 vulgi
892 475 957 529 de
991 488 1105 528 mea
1127 473 1473 546 proﬂcuitate
1501 475 1724 541 credas;
1751 473 1842 529 sed
1868 471 2085 527 assiduo
2113 476 2159 534 Α
2189 468 2307 538 plus
2333 469 2552 524 demunt
2573 483 2734 539 quam
2761 465 2920 522 alicui
2943 465 3150 520 addunt
3175 465 3267 497 ⁸⁸⁸⁵
3293 464 3358 533 (f.
3395 463 3548 536 183).
3609 464 3783 537 Culpa

515 564 778 621 oraminis
807 580 870 620 ac
895 564 1311 619 clemosinarum
1339 565 1692 620 medicamine
1715 564 1776 637 (f.
1813 564 1936 634 182)
1965 564 2095 618 mihi

514 655 605 708 diu
645 655 830 710 fetenti
864 669 1211 718 succurrens,
1248 655 1313 710 de
1352 653 1600 710 faucibus
1631 656 1844 710 voracis
1871 655 1979 725 lupi
2011 671 2097 711 me

512 743 832 798 dilaniatum
863 745 1083 814 eripias.
1114 744 1228 814 Ego
1250 745 1496 800 conscius
1539 746 1670 800 mihi
1718 743 1884 800 multo
1916 747 2095 801 credi-

515 833 706 890 biliora
760 835 855 890 tibi
893 851 1056 905 quam
1107 835 1243 890 alius
1276 836 1475 890 indico.
1513 837 1651 891 Sunt
1692 853 1926 907 namque
1958 855 2093 893 non-

515 925 667 988 nulli,
698 941 832 993 quos
863 925 1056 981 leniter
1099 927 1296 996 injuste
1326 929 1582 992 tractavi;
1614 944 1845 998 cumque
1889 929 1963 983 hii
1995 944 2095 999 pro

514 1017 723 1069 meritis
771 1031 800 1070 a
839 1025 892 1072 te
933 1016 1026 1052 ’⁸⁸³
1073 1017 1463 1094 corripiuntur,
1508 1019 1636 1089 quid
1675 1020 1894 1085 mirum,
1938 1020 1981 1074 si
2027 1034 2089 1074 ex

514 1120 632 1159 mea
680 1115 836 1176 parte
883 1107 1088 1178 aliquid
1135 1107 1513 1164 fraudulenter
1557 1119 1772 1165 sonant.
1817 1110 1904 1165 Sis
1952 1111 2094 1166 inter

513 1198 853 1255 detractores
900 1215 1050 1256 meos
1079 1215 1144 1256 ac
1196 1200 1509 1256 laudatores
1557 1201 1736 1256 varios
1773 1201 2002 1266 medius,
2040 1210 2094 1258 et

512 1300 642 1360 aput
691 1291 858 1347 Deum
909 1291 1230 1364 suffragator
1282 1293 1374 1325 ⁸⁸³⁵
1439 1295 1708 1350 aSsiduus.
1759 1295 1885 1350 Scio
1925 1297 2089 1366 quod,

512 1383 654 1437 sicut
675 1399 800 1437 mos
825 1386 1126 1439 communis
1166 1393 1270 1450 est,
1305 1385 1530 1440 multum
1566 1387 1659 1442 tibi
1689 1403 1753 1441 ex
1790 1403 1876 1442 me
1902 1387 2088 1457 displi-

512 1480 620 1538 cet,
653 1476 797 1544 quod
825 1485 884 1529 ut
914 1477 966 1530 in
1005 1475 1195 1531 melius
1239 1487 1502 1543 vertatur,
1534 1479 1642 1534 Deo
1687 1489 1740 1534 et
1785 1479 2091 1534 hominibus

508 1565 707 1634 placet.
755 1566 1022 1636 Quicquid
1066 1568 1117 1622 in
1149 1569 1413 1637 permisso
1454 1570 1698 1624 contraxi
1732 1570 1816 1624 vel
1864 1569 1967 1625 feci
2000 1571 2088 1603 ¹⁸⁸⁸

509 1655 561 1708 in
584 1655 676 1687 ³⁸⁸⁸
704 1667 943 1726 tempore
969 1658 1144 1729 (971),
1179 1660 1395 1730 scriptis
1421 1659 1702 1715 aﬂirmavi.
1727 1661 1836 1718 Nec
1865 1662 1940 1717 sis
1971 1678 2087 1718 ma-

2202 560 2295 599 ‘W
2321 560 2472 630 gravi
2509 569 2559 614 et
2585 567 2901 628 paupertate
2944 557 3058 612 dira
3090 558 3304 612 innatus
3328 557 3503 612 honor
3529 566 3585 612 et
3620 557 3786 615 datus

2193 650 2425 706 vilescit.
2451 649 2567 704 Non
2598 664 2728 717 rogo
2780 658 2832 703 te
2869 657 2927 702 ut
2974 650 3051 704 sis
3094 663 3308 718 parcus,
3365 650 3492 718 quia
3545 649 3786 706 dedecus

2195 752 2307 808 est;
2341 743 2432 798 sed
2465 742 2567 798 hoc
2591 742 2862 812 ingemino
2911 757 2977 797 ne
3007 743 3234 797 nimium
3277 743 3485 812 largus,
3516 745 3643 812 quia
3678 745 3783 800 hcc

2197 832 2287 865 ³⁸⁸¹
2338 849 2438 888 nec
2498 835 2780 888 consilium
2836 821 2921 888 est
2969 848 3070 889 nec
3107 835 3246 891 bene
3286 836 3562 891 convenit.
3611 837 3785 893 Cures

2193 924 2357 978 etiam
2386 925 2450 978 de
2483 925 2750 994 peregrini
2774 925 2951 979 anima
2977 924 3290 993 Godeberti,
3318 927 3551 982 multum
3578 938 3782 985 nostra:

2192 1015 2339 1070 utilis
2375 1015 2630 1070 accclesiae
2649 1017 2790 1071 etde
2817 1017 3030 1072 czeteris
3052 1033 3213 1088 quam
3241 1017 3488 1088 pluribus
3520 1019 3640 1074 ³⁸⁸³.
3669 1021 3784 1076 lla-

2191 1103 2287 1159 hes
2317 1104 2447 1159 satis
2479 1104 2564 1138 ¹⁸⁸¹
2600 1105 2667 1160 de
2693 1105 2861 1170 libris,
2894 1121 3031 1176 quos
3072 1108 3164 1163 hic
3213 1109 3281 1164 ab
3338 1111 3780 1166 antecessoribus

2192 1199 2388 1252 nostris
2411 1197 2666 1254 collectos
2695 1198 2895 1259 inveni,
2954 1207 3010 1254 et
3062 1199 3283 1268 insuper
3321 1215 3460 1271 quos
3503 1203 3775 1257 contraxi.

2190 1287 2248 1341 lu
2272 1289 2358 1342 his
2387 1289 2758 1361 magisterium
2787 1288 3004 1345 salubre
3031 1291 3288 1360 reperies,
3321 1307 3386 1346 ac
3410 1293 3510 1347 hos
3554 1294 3776 1358 exaudi,

2192 1389 2246 1433 et
2272 1389 2395 1434 tunc
2418 1390 2570 1449 potes
2601 1379 2820 1434 salvari.
2857 1379 3180 1435 Sanctorum
3207 1381 3465 1452 reliquias
3491 1392 3545 1438 et
3573 1385 3776 1439 munda

2190 1482 2375 1522 eorum
2403 1469 2738 1539 receptacula
2777 1485 2897 1524 cum
2930 1468 3024 1501 ¹⁸⁵⁶
3066 1470 3188 1525 aliis
3237 1471 3564 1528 utilitatibus
3603 1474 3777 1543 pluri-

2191 1559 2312 1624 mis,
2339 1568 2445 1614 tam
2476 1560 2526 1614 in
2551 1560 2756 1630 prediis
2785 1575 2948 1631 quam
2985 1562 3037 1617 in
3081 1564 3390 1634 mancipiis,
3428 1581 3530 1636 ego
3584 1569 3773 1636 acqui-

2191 1647 2330 1714 sivi,
2367 1659 2520 1704 etne
2569 1643 2644 1706 te.
2674 1651 2902 1707 forsitan
2952 1651 3202 1720 laterent,
3255 1656 3630 1725 martirologio
3679 1659 3773 1691 ⁸⁸³⁷

505 1747 595 1815 gni
628 1747 845 1804 honoris
875 1749 950 1802 tui
981 1750 1202 1816 clacior,
1237 1741 1358 1806 cum
1389 1753 1464 1808 sis
1495 1753 1545 1807 in
1579 1753 1811 1824 inposito
1849 1755 2083 1824 pondere

2192 1741 2437 1812 inscripsi
2469 1757 2606 1821 meo.
2645 1742 2868 1813 Oportet
2909 1753 3088 1800 autem
3119 1754 3264 1801 tuam
3315 1747 3457 1802 scire
3512 1748 3770 1818 pietatem

503 1853 572 1892 eo
596 1841 830 1909 gravior.
887 1841 1016 1896 nem
1065 1844 1336 1899 commissi
1386 1846 1562 1917 gregis
1605 1855 1794 1900 caums
1837 1855 2088 1918 ορεηιιοι-
2119 1835 2162 1894 Β
2192 1833 2332 1903 regis
2379 1835 2548 1888 nostri
2599 1842 2654 1889 et
2699 1834 3045 1905 imperatoris
3090 1835 3328 1893 Heinrici
3378 1838 3771 1895 multiformem

506 1927 783 1998 inspicias,
811 1939 867 1986 et
895 1941 952 1986 nt
973 1931 1153 1987 divina
1179 1935 1515 1991 sccularibns
1545 1954 1573 1991 a
1620 1946 1670 1992 te
1693 1950 2085 2008 proponantur,

505 2018 732 2074 multum
760 2023 998 2078 studeas.
1023 2023 1152 2091 Qua:
1175 2025 1540 2082 confratribus
1585 2029 1704 2083 dedi
1755 2030 1888 2085 meis
1926 2030 2087 2100 spiri-

503 2112 760 2180 tualibus,
795 2115 848 2170 in
891 2128 1151 2187 quanttnn
1201 2119 1398 2188 possis,
1454 2136 1609 2192 auge,
1659 2136 1722 2175 ac
1747 2123 1846 2177 sub
1883 2121 2084 2178 Christi

503 2207 811 2262 testimonio
836 2221 1053 2279 rogatus
1085 2211 1157 2264 nil
1189 2213 1390 2266 minue.
1425 2211 1508 2266 Hii
1537 2223 1662 2267 sunt
1706 2225 2087 2284 cooperatores

503 2299 642 2354 sacri
671 2301 878 2356 ordinis
911 2303 984 2356 tui
1009 2313 1060 2358 et
1092 2303 1286 2358 futura:
1307 2304 1584 2374 adjutores
1611 2306 1745 2374 spei.
1803 2305 1879 2360 De
1911 2294 2084 2362 'laicis

502 2389 610 2445 huc
664 2400 832 2462 atque
876 2393 1001 2448 illuc
1039 2394 1272 2450 titubare
1302 2411 1366 2450 ac
1390 2395 1673 2451 transferri
1707 2397 1796 2428 ¹⁸δ⁷
1857 2396 2083 2452 valenti-

500 2481 602 2536 bus
630 2498 726 2553 pro
755 2485 1111 2554 possibilitate
1137 2495 1224 2540 tua
1252 2503 1380 2558 rogo
1425 2489 1474 2542 in
1506 2497 1711 2542 tantum
1741 2489 1812 2542 sis
1863 2489 1952 2521 ‘3“
1981 2490 2087 2544 sol-

500 2575 696 2639 licitus,
733 2585 789 2631 ut
820 2593 924 2632 non
956 2579 1298 2648 disperdatur
1334 2581 1531 2636 clerus.
1596 2581 1651 2636 Si
1683 2580 1966 2651 diligenter
1995 2590 2080 2636 tua

497 2667 757 2732 custodis,
792 2667 956 2724 Deum
991 2671 1344 2741 hominesque
1376 2672 1493 2740 pios
1522 2671 1762 2726 fautores
1811 2673 2076 2739 habebis;

498 2757 580 2810 sin
604 2767 805 2819 autem.
852 2769 906 2814 et
946 2761 1188 2816 subditos
1229 2762 1288 2834 (f.
1319 2761 1459 2833 182’)
1493 2763 1587 2817 tibi
1625 2765 1832 2832 perdis,
1875 2772 1928 2818 et
1954 2781 2082 2820 con-

500 2851 829 2905 trarietatem
861 2853 913 2905 in
941 2853 1040 2907 hoc
1069 2865 1378 2921 prcsentem
1411 2869 1472 2910 ac
1495 2855 1729 2909 futuram
1780 2859 2076 2912 contrahis.

496 2938 635 2992 Audi
667 2955 751 2994 me
782 2943 1100 3011 magistrum
1135 2943 1294 2996 nimis
1318 2942 1772 3012 indisciplinatnm
1797 2953 1851 2996 et
1878 2944 2082 3012 absque

496 3027 612 3084 utili
645 3033 892 3102 exemplo
926 3043 1328 3089 antecessorem
1363 3044 1509 3088 tuum
1560 3034 1673 3100 ‘3”,
1716 3034 1945 3088 libenter
1993 3051 2082 3089 suo

496 3121 700 3176 stiueas
724 3133 1093 3193 paupertatem
1123 3125 1174 3178 iu
1207 3135 1258 3178 te
1287 3133 1344 3178 ut
1368 3140 1497 3194 grex
1529 3136 1650 3181 tuus
1684 3125 1834 3180 dives
1861 3128 1956 3179 lia;
1985 3141 2081 3193 per

499 3223 578 3278 te;
609 3214 686 3269 sic
712 3215 838 3270 fecit
861 3215 1110 3271 Christus
1139 3216 1318 3282 nobis,
1350 3226 1408 3270 ut
1433 3218 1505 3271 ita
1531 3216 1838 3272 faceremus
1889 3217 2079 3274 ovibus
2104 3185 2150 3250 ς

497 3305 630 3360 suis.
661 3305 776 3361 Noli
803 3309 1126 3363 erubescere
1151 3309 1218 3363 de
1249 3309 1350 3362 hac
1378 3309 1470 3345 "5°
1517 3323 1701 3363 coram
1755 3307 1974 3377 populo,
2023 3317 2081 3362 nt

497 3397 818 3453 ﬁducialiter
845 3408 990 3454 stare
1023 3400 1196 3470 possis
1223 3415 1404 3454 coram
1438 3400 1568 3454 Deo.
1626 3400 1772 3454 Satis
1817 3401 2080 3470 ingenuus

497 3504 627 3560 erga
655 3492 796 3545 hunc
831 3492 1086 3546 mundum
1107 3491 1206 3554 fui,
1236 3491 1328 3546 sed
1357 3507 1482 3562 sepe
1499 3500 1718 3562 propter
1747 3507 1924 3556 meos;
1954 3491 2077 3557 hiis,

496 3581 690 3651 quibus
718 3583 928 3653 ignotus
954 3598 1126 3648 eram,
1159 3588 1442 3652 despectus
1464 3583 1708 3654 apparui.
1759 3580 1814 3637 Si
1855 3582 1977 3651 quis
2001 3583 2083 3639 ni-

498 3670 632 3726 titur
651 3671 880 3727 exaltari
911 3687 1070 3742 supra
1101 3687 1180 3736 se,
1231 3671 1370 3744 turpi
1427 3687 1557 3728 casn
1605 3687 1668 3727 ac
1713 3686 1837 3727 sero
1877 3671 2078 3728 dolenti

494 3763 638 3820 Cadit
670 3764 807 3818 infra
832 3779 909 3818 se.
949 3763 1154 3819 Divites
1180 3773 1300 3820 tuos
1346 3779 1469 3820 cum
1518 3765 1748 3830 honore,
1814 3780 2080 3836 pauperes

494 3864 673 3908 autem
709 3870 829 3909 cum
853 3854 1024 3926 gratia
1057 3863 1258 3909 tractes
1279 3862 1334 3907 et
1358 3854 1500 3909 bona
1526 3855 1615 3886 ¹⁸⁸¹
1665 3856 1909 3910 caritate.
1968 3854 2082 3909 Au-

497 3943 702 4014 tiquum
730 3951 873 3998 enim
917 3945 1156 4000 aflirmat
1197 3946 1562 4015 proverbium,
1611 3946 1756 4015 quod
1787 3947 1902 4000 lucc
1954 3961 2075 4000 cum

494 4048 686 4102 magna
715 4047 926 4102 semper
956 4035 1208 4089 incedant
1239 4033 1599 4089 multitudine.
1637 4035 1806 4089 Tuam
1834 4035 1924 4067 ¹⁸⁸³
1953 4051 2080 4105 pau-

493 4133 677 4188 perem
711 4121 966 4176 familiam
996 4137 1026 4176 a
1049 4137 1262 4177 summo
1287 4131 1506 4191 pastore
1530 4123 1624 4176 tibi
1651 4123 1996 4178 commissam
2023 4131 2078 4178 et

495 4227 523 4265 a
553 4229 639 4267 me
661 4214 751 4266 vix
771 4227 1154 4285 congregatam
1179 4215 1411 4277 custodi,
1446 4225 1499 4270 ct
1530 4215 1619 4247 ⁸⁸⁸⁵
1646 4215 1849 4285 iniquis
1895 4231 2079 4270 susur-

495 4303 715 4357 ronibus
744 4305 810 4358 de
837 4306 938 4360 hac
963 4307 1101 4360 male
1125 4306 1575 4376 persuadentibus
1625 4307 1766 4377 piam
1823 4323 1931 4362 non
1980 4322 2073 4362 ac-

493 4395 803 4449 commodes
842 4411 1049 4450 aurem.
1097 4397 1209 4451 Tua
1243 4412 1328 4452 res
1349 4407 1432 4452 est
1457 4413 1643 4468 parva,
1699 4409 1753 4452 et
1789 4398 1905 4453 vice
1953 4414 2075 4451 ma-

488 4481 668 4552 jorum
701 4497 1038 4554 nequaquam
1069 4487 1368 4552 tractanda,
1409 4504 1474 4543 ac
1526 4488 1615 4520 ¹⁸⁸¹
1672 4487 1842 4542 multo
1891 4488 2072 4542 sacius

492 4582 577 4629 est
603 4574 856 4644 paulatim
888 4581 1180 4634 crescendo
1212 4579 1278 4634 de
1326 4579 1414 4634 die
1455 4581 1508 4633 iu
1557 4579 1699 4634 diem
1750 4579 2065 4644 ascendere,

493 4684 806 4739 quamcum
843 4671 1076 4740 dampno
1117 4673 1404 4728 multorum
1457 4685 1506 4729 te
1557 4673 1646 4706 ³⁸⁸¹
1699 4675 1764 4728 ad
1822 4673 2069 4727 ultimum

495 4759 746 4816 deficere.
775 4758 1040 4832 Tempora
1065 4762 1198 4828 hzec,
1228 4763 1495 4833 prioribus
1537 4764 1748 4819 cunctis
1793 4764 2068 4826 inferiora,

2189 1925 2604 1981 benivolentiam
2627 1927 2887 1982 mcclesia:
2914 1929 3207 1984 cxhibitam
3269 1939 3492 1995 nostrae,
3543 1930 3616 1984 de
3667 1947 3772 2001 qua

2187 2028 2394 2087 partem
2435 2020 2704 2088 quandam
2765 2021 3012 2090 superius
3065 2023 3456 2094 conprehendi,
3505 2025 3771 2094 majorem

2187 2122 2316 2162 vero
2347 2109 2471 2179 quia
2503 2109 2862 2164 indiscussam
2913 2110 3126 2180 reliqui,
3181 2127 3325 2166 nunc
3379 2112 3626 2168 scribere
3675 2115 3773 2169 tibi

2186 2199 2446 2268 optimum
2499 2201 2648 2256 duxi.
2685 2202 2818 2256 Vide
2847 2210 2906 2256 ut
2941 2201 2994 2257 in
3017 2204 3232 2258 assidua
3281 2205 3670 2260 recordacione
3693 2205 3773 2260 tui

2185 2289 2252 2342 sit
2281 2300 2567 2344 renovatur
2587 2300 2644 2345 et
2669 2291 2980 2347 indeficiens
3001 2294 3294 2348 auxiliator
3314 2297 3506 2351 nostri.
3544 2294 3622 2351 Ve
3645 2307 3776 2352 tem-

2185 2381 2405 2450 poribus
2435 2382 2560 2449 illis,
2590 2382 2640 2437 iu
2668 2382 2864 2453 quibus
2910 2385 3060 2440 deest
3111 2386 3227 2441 haec
3275 2401 3400 2456 Spes
3447 2388 3671 2444 miseris
3715 2398 3774 2445 et

2185 2471 2444 2526 (ecclesiae
2466 2471 2930 2546 Mersehurgensi!
2982 2475 3043 2546 (f.
3076 2477 3218 2546 185')
3241 2476 3393 2534 Nunc
3414 2487 3497 2534 est
3525 2479 3774 2535 maxime

2188 2562 2280 2593 ³⁸⁵⁸
2304 2565 2586 2628 orandum,
2608 2565 2692 2619 cui
2718 2574 2845 2620 tunc
2868 2575 2952 2620 est
2978 2567 3213 2621 maxime
3254 2568 3591 2636 plorandum.
3645 2569 3775 2626 Hae

2183 2655 2379 2709 etenim
2401 2671 2520 2725 qua:
2547 2666 2844 2724 sequuntur
2876 2659 2968 2690 “"9
2989 2659 3057 2714 ab
3084 2673 3149 2713 eo
3177 2659 3270 2692 ³⁸⁸⁸
3299 2661 3561 2732 percepit,
3618 2671 3676 2716 et
3699 2678 3772 2718 eo

2185 2745 2420 2809 vivente,
2456 2747 2624 2801 multo
2651 2748 2737 2803 his
2789 2747 2978 2818 majori
3031 2751 3266 2818 gratuita
3317 2755 3770 2810 aucmentacioue

2183 2839 2453 2907 gaudebit.
2479 2839 2597 2894 Jam
2619 2841 2764 2895 enim
2789 2841 3050 2912 disposuit
3071 2844 3125 2897 in
3148 2843 3252 2898 alla
3276 2855 3456 2902 mente
3476 2861 3600 2912 sua,
3629 2863 3769 2918 qua-

2183 2928 2305 2984 liter
2331 2946 2450 2986 eam
2479 2933 2736 2988 sublimet
2757 2933 2883 2990 dote
2920 2936 3093 2990 varia.
3121 2938 3200 2992 De
3237 2941 3587 2995 antecedenti
3622 2958 3771 2998 nunc

2181 3019 2324 3089 dico,
2348 3032 2404 3076 et
2429 3022 2814 3092 perfectionem
2865 3023 3314 3094 subsequuturam
3368 3028 3456 3061 ‘5“
3511 3031 3768 3102 omnipo-

2185 3113 2316 3166 tenti
2345 3113 2470 3176 Deo,
2500 3113 2589 3212 aui
2617 3122 2810 3168 cuncta
2833 3125 2960 3169 sunt
2983 3118 3278 3187 presentia,
3338 3121 3568 3192 supplex
3610 3138 3769 3178 com-

2183 3205 2357 3259 mitto.
2381 3205 2446 3258 Et
2478 3205 2600 3274 quia
2627 3205 2771 3275 tipus
2795 3222 2900 3260 non
2946 3215 3046 3270 est,
3089 3208 3436 3280 singulariter
3481 3229 3768 3280 enarrare,

2181 3308 2301 3363 quae
2353 3295 2626 3364 preceptis
2659 3293 2896 3362 ejusdem
2934 3297 3255 3352 confirmata
3303 3301 3507 3369 poteris
3553 3303 3767 3370 videre,

2183 3386 2296 3441 lucc
2324 3387 2435 3441 sola
2465 3388 2701 3455 assigno,
2731 3403 2850 3456 quas
2876 3389 3224 3454 auctoritate,
3258 3391 3349 3421 ¹⁸⁶²
3401 3394 3650 3448 carentia
3711 3397 3766 3450 in

2183 3487 2453 3548 posterum
2483 3477 2708 3534 forsitan
2757 3480 2998 3550 peritura
3033 3481 3214 3536 timeo.
3275 3482 3488 3540 Sanctae
3547 3485 3644 3518 m'
3702 3503 3768 3543 ac

2183 3569 2602 3624 victorisissimze
2637 3570 2817 3624 cruris
2844 3580 3054 3640 partem
3101 3586 3227 3626 cum
3281 3574 3493 3629 caeteris
3538 3588 3765 3632 sancto-

2181 3677 2299 3715 rum
2327 3661 2589 3730 reliquiis,
2618 3672 2674 3715 et
2692 3662 2866 3718 altare
2907 3678 3131 3718 aureum
3190 3667 3417 3736 gemmis
3462 3667 3766 3724 honorifice

2181 3752 2490 3807 distinctum
2523 3752 2672 3822 (972)
2702 3762 2754 3807 et
2783 3753 3036 3809 buxidem
3065 3755 3160 3787 ¹⁸⁶³
3189 3771 3440 3823 auream,
3489 3758 3763 3829 lapidibus

2179 3843 2441 3913 preciosis
2476 3851 2725 3897 ornatam
2756 3885 2770 3908 ,
2821 3845 3298 3917 collectarinmque
3332 3864 3454 3904 cum
3523 3852 3765 3921 inpensis

2181 3934 2416 4004 propriis
2445 3944 2498 3987 et
2530 3934 2700 3988 eciam
2753 3936 2955 3989 nostris
2995 3936 3329 4003 decoratum,
3376 3955 3498 3995 cum
3549 3941 3762 3996 duobus

2182 4023 2460 4078 turribulis
2483 4039 2546 4077 ac
2577 4034 2833 4094 argenteo
2869 4026 3072 4081 bicario
3099 4028 3212 4094 ωδ,
3235 4027 3378 4099 larga
3412 4045 3573 4084 manu
3607 4047 3764 4086 ces:;r

2179 4124 2376 4170 nostrae
2414 4115 2559 4170 dedit
2589 4115 2871 4181 mcclesiae,
2900 4119 3042 4188 quod
3075 4135 3104 4172 a
3137 4120 3292 4174 nobis
3315 4137 3420 4175 non
3475 4123 3643 4176 modo
3678 4132 3764 4178 est

2178 4207 2615 4270 observandum,
2667 4222 2857 4262 verum
2906 4210 3078 4263 eciam
3128 4212 3606 4268 aucmentandum.
3655 4213 3761 4268 Sed

2177 4299 2300 4369 quia
2331 4299 2398 4354 de
2424 4296 2670 4352 melliﬂua
2695 4297 2939 4368 ejusdem
2965 4300 3163 4371 pietate
3195 4301 3328 4356 satis
3352 4303 3533 4358 dicere
3557 4318 3764 4372 nequa-

2178 4403 2337 4459 quam
2364 4387 2590 4454 suflicio,
2615 4389 2681 4444 de
2717 4405 2813 4443 sua
2837 4393 3280 4457 conversacione,
3307 4393 3448 4448 sicut
3473 4395 3758 4466 proposui,

2174 4483 2465 4537 ordinatim
2499 4485 2771 4554 explicare
2799 4488 3073 4543 studiosus
3103 4491 3298 4545 anhelo
3324 4492 3434 4544 ⁸⁸⁸⁵.

2247 4574 2299 4628 8.
2334 4575 2394 4643 (f.
2427 4575 2568 4646 184‘)
2598 4576 2704 4633 Iste
2732 4593 2908 4634 annus
2936 4579 3139 4651 (1018),
3171 4597 3277 4651 quo
3316 4583 3460 4636 hunc
3483 4583 3757 4638 attitulavi

2176 4664 2396 4729 librum,
2423 4668 2721 4723 nativitatis
2750 4686 2883 4726 mete
2922 4673 3369 4742 quadragesimus
3423 4681 3509 4728 est
3546 4674 3758 4742 primus

2180 4758 2293 4825 ⁸³⁸⁸,
2319 4759 2400 4815 vel
2429 4760 2588 4830 paulo
2641 4763 2903 4833 amplius;
2930 4765 2983 4819 in
3011 4780 3197 4822 mense
3241 4780 3371 4820 vero
3415 4765 3585 4835 Aprili
3633 4774 3689 4821 et
3723 4765 3757 4820 5

1770 4893 2003 4949 VARle
2025 4889 2445 4982 'LECTI'ONES.

571 5005 662 5040 ³⁸⁸⁸
690 5021 719 5060 a
750 5014 802 5060 te
828 5008 954 5061 add.
985 5008 1047 5062 lb
1124 5005 1217 5042 ³³⁸⁸
1241 5007 1496 5062 suffrator
1551 5009 1604 5063 1.

499 5075 589 5110 ll“
630 5092 809 5132 meum
847 5093 986 5132 corr.
1039 5089 1187 5133 tuum
1237 5080 1290 5133 1.
1367 5079 1459 5110 ⁸⁸⁸⁸
1505 5079 1571 5134 de
1624 5079 1728 5135 hac
1783 5079 1912 5132 add.
1966 5078 2052 5132 ib.

501 5146 595 5178 ‘m
621 5146 955 5227 vocabulunt_
977 5150 1264 5227 erasum}.
1344 5148 1435 5181 ⁸⁸⁸³
1469 5147 1734 5227 Cures_—
1758 5148 2001 5227 pluribus
2043 5147 2250 5227 diversp
2289 5155 2516 5227 tempore
2547 5151 2750 5212 scripsit
2780 5154 2863 5202 lb.
2940 5156 3034 5188 ⁸⁸³⁸
3061 5173 3125 5194 ιιη
3160 5158 3180 5196 ι

1681 5007 1772 5044 ωε
1805 5007 1886 5062 vel
1912 5005 2013 5061 feci
2043 5005 2168 5060 add.
2195 5005 2222 5058 .1
2235 5005 2284 5058 b.

2845 5012 2934 5048 ¹⁶⁴¹
2976 5015 3227 5071 tranferri
3271 5017 3320 5072 1.
3402 5017 3494 5052 ¹⁸δ⁸
3529 5019 3672 5071 deest
3703 5017 3750 5072 Ι.

2619 5080 2710 5113 ⁸⁸⁸³
2738 5098 2839 5139 nec
2879 5085 2966 5140 1η.
3066 5087 3158 5119 ⁸⁸⁸³
3187 5087 3296 5141 alia
3322 5104 3482 5142 manu
3506 5090 3673 5158 pergit
3699 5089 3750 5142 1.

2619 5151 2750 5212 ’ἱρείι
2780 5154 2863 5202 lb.
2940 5156 3034 5188 ⁸⁸⁸⁸
3061 5173 3125 5194 ιη·
3160 5158 3180 5196 1
3290 5159 3381 5192 ¹⁸⁸⁷
3405 5159 3750 5222 martorlogia

2364 5005 2455 5038 ‘m
2483 5024 2688 5063 erasum
2716 5012 2768 5067 1.

2156 5075 2246 5107 ⁸³⁸⁸
2277 5077 2403 5130 add.
2430 5078 2515 5132 lb.

497 5232 632 5270 corr.
658 5217 1068 5300 martirlogjol.
1144 5219 1236 5300 l'."
1283 5221 1577 5274 maximum
1634 5220 1684 5272 1.
1716 5289 1725 5300 ⁸
1761 5217 1854 5299 mf
1911 5234 2079 5274 seuun

2204 5217 2227 5268 ί

497 5301 704 5336 erasum
734 5289 782 5336 1.
859 5288 949 5319 ³⁸⁶²
985 5289 1309 5336 auctoritate
1338 5307 1457 5336 r.an
1525 5306 1588 5323 ηη
