4048 5368
298 181 439 239 HI?)

1537 170 1952 229 CIIRONICON.
1987 201 2055 213 ~—
2089 169 2217 226 LIB.
2263 166 2386 224 VIII.

3430 167 3562 225 HM

298 294 572 351 Kalendas
600 289 702 347 Mai
727 290 875 363 (973)
908 290 1151 347 decimus
1199 285 1557 343 ordinationis
1611 300 1745 339 mea:
1800 284 1881 337 in-
1906 287 1955 345 Α
1984 279 2416 336 indeﬁcientibus
2465 292 2771 333 succurras.
2806 273 2917 332 lleu
2952 277 3082 332 mihi
3134 277 3331 334 misero
3360 282 3448 351 qui
3504 284 3557 337 in

298 388 485 443 troivit
512 401 707 440 annus.
744 384 812 439 Et
836 383 1008 454 pridie
1035 382 1089 437 in
1149 379 1409 436 suburbio
1460 377 1666 433 Gnezni
1702 375 1881 429 archi-

296 480 541 552 episcopi
596 479 736 533 illius
762 476 1003 531 (ecclesia
1060 488 1183 529 cum
1244 470 1612 527 mansionibus
1671 467 1881 523 cmteris

295 571 642 627 comburitur
674 568 786 621 ¹⁸⁴⁷.
813 568 879 621 Ει
910 567 1034 637 quia
1068 566 1301 619 humana
1332 577 1419 616 res
1444 559 1623 615 omnis
1669 570 1881 626 semper

300 661 357 716 in
379 661 543 715 dubio
570 668 674 724 est,
732 658 863 713 libet
906 670 1158 712 evomere
1206 653 1505 707 antidotum
1558 649 1688 703 illud
1740 647 1881 717 peri-

296 750 543 806 culosum
570 788 588 815 ,
635 748 776 818 quod
810 747 975 801 miser
1022 745 1220 801 dudum
1258 741 1509 798 absorbui
1538 781 1552 805 ,
1608 747 1662 794 et
1719 737 1881 792 nimis

299 842 432 897 mihi
460 842 724 897 hactenus
756 839 807 894 id
839 853 1035 894 nocere
1054 835 1320 906 persensi.
1346 834 1403 887 ln
1439 832 1672 901 quadam
1727 837 1881 883 curte

299 947 421 987 mea
448 931 701 1003 lleslinge
726 939 936 992 vocata,
962 937 1121 983 nocte
1152 942 1263 981 una
1280 941 1402 979 cum
1460 922 1877 991 requiescerem,

296 1039 396 1095 per
417 1038 664 1078 somnum
691 1023 798 1076 vidi
827 1022 1038 1075 turbam
1080 1028 1257 1073 astare
1302 1032 1576 1086 magnam,
1628 1023 1752 1067 tunc
1814 1010 1881 1067 de

303 1115 547 1184 apposita
579 1112 707 1167 mihi
745 1120 879 1166 testa
901 1110 1104 1180 aliquid
1129 1108 1458 1163 manducare
1482 1113 1793 1174 cogentem;
1826 1110 1882 1157 et

298 1220 399 1275 ego
426 1205 524 1258 hos
552 1204 889 1273 persenticns
914 1216 1033 1256 esse
1062 1200 1333 1263 inimicos,
1364 1196 1615 1265 primitus
1639 1202 1882 1249 contem-

301 1296 382 1364 psi
406 1294 520 1359 ‘3“,
553 1295 618 1347 ad
647 1294 893 1347 ultimum
926 1307 1054 1347 vero
1084 1292 1135 1345 in
1165 1290 1383 1344 nomine
1436 1288 1529 1341 Dei
1578 1287 1747 1354 patris
1795 1299 1881 1339 me

298 1387 441 1442 istud
468 1388 748 1456 percipere
776 1385 1048 1456 respondi.
1075 1383 1228 1451 Quod
1254 1397 1375 1437 cum
1400 1381 1481 1435 eis
1508 1379 1733 1433 multum
1763 1378 1878 1434 dis-

297 1480 551 1549 pliceret,
600 1489 655 1534 et
684 1480 801 1534 haec
832 1480 1006 1533 invisa
1041 1477 1391 1548 congregatio
1445 1475 1498 1529 id
1554 1474 1709 1529 aliter
1761 1472 1877 1528 ﬁeri

297 1587 407 1626 non
430 1586 586 1641 posse
608 1571 837 1635 videret,
872 1571 1026 1640 quasi
1059 1584 1281 1640 gemens
1311 1566 1584 1632 laudabat,
1632 1566 1759 1636 quia
1792 1580 1875 1620 me

299 1618 407 1626 -----
431 1618 585 1641 rw"
624 1618 837 1635 ν---ητι
876 1618 1026 1640 1"--
1059 1618 1280 1640 ο--πν--ς
1311 1618 1584 1632 νπ---ηηη
1642 1618 1687 1636 τί
1714 1618 1758 1619 η
1796 1618 1819 1619 η
1853 1618 1867 1620 -

295 1677 519 1733 prorsus
548 1664 776 1734 perdere
808 1663 1191 1729 conveniebat;
1226 1670 1280 1717 et
1312 1660 1415 1715 nisi
1460 1673 1588 1715 tunc
1638 1658 1874 1714 domini-
1895 1618 1951 1699 Ἡ

296 1769 423 1809 eum
448 1770 642 1810 nomen
668 1755 1003 1818 invocarem,
1034 1754 1151 1809 sine
1183 1763 1439 1823 perpetua
1468 1751 1642 1806 salute
1696 1764 1880 1804 mane-

297 1861 434 1901 rem.
467 1845 545 1899 Ex
578 1846 679 1899 hac
700 1846 1068 1914 perceptione,
1092 1852 1153 1898 ut
1180 1843 1313 1898 mihi
1344 1843 1515 1897 visum
1539 1848 1645 1907 est,
1700 1840 1880 1895 omni-

294 1955 559 2011 genarum
583 1941 762 2009 specie
790 1938 1078 1993 herbarum
1100 1938 1290 2001 mixta,
1324 1936 1679 2005 pessimarum
1704 1933 1883 1987 varie-

296 2042 442 2088 tates
464 2032 847 2103 cogitationum
874 2030 1100 2100 sumpsi,
1134 2045 1254 2100 qute
1294 2027 1396 2083 etsi
1441 2042 1527 2081 me
1575 2027 1629 2079 in
1682 2024 1881 2080 divinis

294 2123 549 2179 laudibus
596 2125 830 2178 maxime
881 2122 1118 2184 turbent,
1178 2129 1358 2175 tamen
1416 2118 1712 2173 auxiliante
1746 2117 1877 2183 Deo,

296 2229 459 2284 quem
483 2215 588 2271 hiis
630 2213 905 2285 prcposui,
955 2213 1023 2267 ad
1076 2228 1214 2282 opus
1263 2212 1559 2265 infaustum
1608 2224 1732 2263 raro
1786 2217 1881 2263 aut

297 2323 592 2378 numquam
624 2324 709 2364 me
749 2309 1139 2379 perduxerunt.
1191 2304 1406 2360 Sufficit
1453 2315 1631 2358 autem
1681 2303 1881 2371 iniqua:

296 2418 487 2457 eorum
513 2402 795 2467 voluntati,
822 2402 966 2472 quod
995 2400 1229 2470 aliquam
1257 2408 1448 2469 putant
1471 2398 1522 2450 in
1548 2413 1633 2451 me
1679 2396 1881 2464 portio-

296 2507 424 2547 nem
454 2494 676 2547 habere.
718 2492 809 2548 Sic
844 2494 987 2548 enim
1018 2493 1122 2547 alio
1147 2503 1389 2561 tempore
1416 2488 1478 2560 (Γ.
1504 2488 1628 2559 185)
1682 2490 1879 2542 iterum

296 2603 388 2642 me
420 2588 687 2657 signatum
736 2588 948 2643 eminus
1001 2587 1074 2642 hii
1128 2585 1389 2641 vallantes
1420 2602 1432 2637 :
1466 2582 1752 2636 Custodisti
1808 2593 1877 2647 te,

298 2679 574 2749 inquiunt,
607 2681 768 2734 bene?
793 2682 859 2735 Et
886 2696 984 2751 ego
1010 2720 1023 2742 ,
1060 2694 1145 2735 me
1180 2680 1254 2733 ita
1300 2692 1535 2748 sperare,
1588 2674 1877 2746 respondi;

298 2779 357 2825 et
377 2770 777 2841 subsequuntur
808 2790 821 2825 :
856 2770 962 2827 Sed
991 2788 1095 2825 non
1130 2771 1205 2824 sic
1253 2771 1350 2824 erit
1398 2772 1451 2823 in
1492 2768 1616 2836 line.
1664 2767 1881 2822 Illorum

299 2861 479 2917 minas
509 2878 608 2917 nec
645 2864 827 2929 timeo,
870 2878 969 2917 nec
1013 2862 1299 2916 blandiciis
1348 2860 1535 2925 credo,
1582 2859 1706 2929 quia
1765 2860 1880 2913 haec

298 2966 423 3005 cum
464 2952 773 3007 auctoribus
803 2951 915 3006 suis
939 2951 1149 3006 vanitas
1179 2960 1280 3005 est.
1314 2950 1601 3005 Commissi
1658 2949 1877 3019 quanti-

298 3054 471 3099 tatem
502 3045 606 3099 mei
636 3044 926 3098 admodum
972 3058 1183 3107 vereor,
1228 3052 1283 3097 et
1324 3042 1594 3096 veraciter
1635 3042 1687 3095 id
1742 3041 1876 3108 scio,

298 3135 446 3205 quod
476 3135 597 3190 talis
624 3134 883 3199 fantasia,
915 3133 1166 3204 quamvis
1191 3133 1549 3203 corporaliter
1585 3132 1676 3167 ηδ’
1707 3148 1877 3203 appa-

302 3237 443 3292 reat,
483 3242 577 3297 per
607 3241 664 3282 se
702 3225 1011 3282 hominibus
1043 3240 1149 3279 non
1197 3233 1390 3280 noceat
1443 3225 1558 3290 ¹⁸⁷⁰,
1616 3222 1711 3279 sed
1757 3239 1880 3278 cum

300 3316 579 3389 peccando
625 3315 819 3371 faciem
849 3315 1083 3369 divinam
1110 3330 1141 3367 a
1172 3316 1328 3369 nobis
1389 3315 1705 3377 avertimus,
1763 3312 1882 3369 illo-

299 3426 423 3465 rum
451 3426 676 3465 vesanas
702 3424 892 3463 manus
924 3409 1122 3463 nemini
1176 3418 1463 3477 parcentes
1509 3408 1691 3463 miseri
1743 3408 1879 3463 inci-

302 3506 504 3570 dimus,
532 3512 584 3558 et
619 3506 684 3557 ab
712 3503 816 3558 hiis
843 3502 932 3533 ‘3'”
964 3504 1206 3571 protinus
1248 3504 1596 3567 absolvimur,
1637 3519 1759 3557 cum
1792 3512 1886 3558 aut

304 3598 406 3668 ipsi
439 3597 826 3661 convertimur,
860 3595 941 3648 vel
975 3595 1042 3647 ab
1065 3595 1251 3649 electis
1281 3595 1373 3650 Dei
1404 3595 1715 3650 visitatione
1766 3610 1886 3651 cre-

301 3691 401 3745 bra
432 3690 695 3745 fovemur.
724 3688 782 3741 Si
813 3688 935 3756 quis
964 3700 1092 3740 vero
1123 3700 1342 3755 compos
1371 3684 1456 3739 sui
1500 3685 1795 3740 meditatur
1829 3687 1884 3741 in

303 3784 422 3853 lege
450 3777 1076 3846 Dei,nonhicatalibus
1114 3777 1403 3846 appetitur,
1448 3776 1540 3830 sed
1589 3776 1768 3846 petius
1820 3777 1890 3832 ti-

302 3889 505 3941 metur,
535 3890 639 3929 non
668 3890 696 3928 a
724 3888 801 3935 se,
827 3872 919 3926 sed
947 3885 1013 3925 ex
1041 3868 1175 3938 ejus,
1216 3886 1375 3939 quem
1406 3869 1452 3924 is
1479 3870 1670 3941 diligit,
1700 3880 1888 3925 sancta

305 3976 601 4040 potestate;
633 3965 757 4035 quia
789 3972 969 4019 custos
987 3967 1071 4014 est
1114 3963 1258 4017 Deus
1313 3962 1552 4016 omnium
1604 3968 1774 4015 semet
1821 3975 1891 4015 ex

308 4064 425 4114 toto
446 4060 605 4113 corde
631 4074 846 4127 semper
867 4058 1192 4111 amancinm.
1244 4054 1355 4125 Ego
1390 4062 1645 4123 peccator
1686 4060 1740 4107 et
1781 4050 1891 4105 fra-

308 4152 500 4225 gilitati
531 4168 664 4207 meae
691 4166 784 4221 per
812 4153 990 4206 omnia
1015 4149 1280 4212 conscius,
1313 4148 1438 4217 quia
1485 4146 1710 4201 summis
1764 4160 1893 4199 con-

310 4245 666 4301 solationibus
686 4259 790 4298 non
814 4244 1034 4308 innitor,
1088 4240 1216 4312 quid
1246 4242 1459 4303 mirum,
1508 4241 1551 4294 si
1579 4239 1646 4294 ab
1694 4239 1892 4294 intimis

1984 375 2087 430 hoc
2112 374 2292 428 seculo
2330 371 2526 427 multos
2550 370 2903 441 spiritualiter
2927 372 3181 442 adjuvare
3221 373 3399 438 debui,
3462 390 3563 430 nec

1984 468 2087 521 hiis
2123 481 2364 537 prosum,
2398 480 2500 520 nec
2545 476 2629 517 me
2679 464 2814 517 tueri
2867 465 3114 533 possum!
3188 463 3337 520 Unde
3380 477 3563 522 autem

1983 561 2224 630 predicta
2252 561 2531 629 temptatio
2569 558 2629 629 (f.
2660 559 2799 629 185’)
2850 559 2979 612 mihi
3010 560 3272 625 evenerit,
3316 560 3563 620 ﬁdelibus

1981 652 2089 705 tuis
2118 652 2337 705 auribus
2364 651 2605 707 infunde.
2656 652 2834 708 Multis
2878 654 3183 709 hominibus
3211 671 3239 709 a
3288 656 3564 726 prcdicto.

1982 759 2099 796 runt
2124 744 2417 799 vexacione
2441 744 2673 799 hostium
2702 745 3073 801 laborantibus
3114 747 3401 803 subvenire
3452 759 3567 804 stn-

1982 836 2093 901 dui,
2137 849 2185 889 et
2222 845 2444 906 propter
2475 837 2576 891 hoc
2624 837 2689 892 ad
2742 837 3105 892 insidiandum
3162 839 3291 893 mihi
3346 841 3563 896 eosdem

1982 930 2201 984 accendi
2233 931 2604 995 vehementer,
2646 931 2891 1001 quamvis
2922 930 2972 984 in
3020 930 3216 984 malum
3249 933 3400 1001 proni
3458 934 3568 988 sint

1982 1039 2213 1093 semper.
2246 1023 2417 1094 Spero
2446 1034 2624 1078 autem
2655 1026 2705 1079 in
2737 1026 2900 1080 Deum
2928 1025 3346 1097 omnipotentem
3376 1040 3432 1083 ut
3456 1045 3565 1084 non

1981 1118 2047 1171 ad
2071 1118 2496 1172 consumendum
2523 1119 2612 1149 ¹³⁷¹
2646 1134 2729 1173 me
2760 1120 2867 1174 hiis
2890 1122 3086 1185 tradat,
3130 1120 3223 1173 sed
3270 1132 3393 1191 post
3446 1138 3568 1193 pur-

1980 1210 2250 1279 gationem
2276 1211 2446 1263 diram
2475 1210 2769 1265 clementer
2798 1212 3011 1280 eripiat.

2052 1303 2103 1357 9.
2142 1302 2326 1357 Mense
2356 1302 2600 1370 pt'edicto
2652 1313 2706 1357 et
2741 1303 2807 1358 18
2855 1302 3122 1359 Kalendas
3152 1303 3254 1358 Mai
3309 1305 3453 1361 Gero
3482 1321 3569 1363 aro

1980 1393 2356 1463 chiepisc0pus
2403 1401 2457 1447 et
2491 1391 2838 1448 Bernhardus
2885 1394 3127 1448 marchio
3161 1394 3216 1449 in
3270 1393 3566 1453 Wonclava

1981 1487 2074 1519 “7’
2102 1486 2250 1556 (974)
2277 1486 2607 1559 reconciliati
2639 1495 2796 1550 sunt;
2821 1498 2877 1544 et
2904 1487 3250 1543 Liudherdus
3296 1490 3567 1559 presbiter

1980 1578 2115 1634 obiit
2142 1576 2236 1609 ¹⁸⁷⁶
2265 1577 2431 1647 (975).
2461 1577 2783 1634 Godel‘ridus
2816 1595 3028 1649 quoque
3064 1579 3171 1634 dux
3231 1590 3286 1635 et
3334 1580 3569 1635 Gcrhar—

1982 1670 2084 1725 dus
2108 1685 2295 1725 comes
2325 1670 2651 1737 inperatoria
2671 1682 2939 1741 potestate
2972 1672 3239 1742 paciﬁcati
3264 1682 3409 1727 sunt.
3434 1673 3569 1727 Ber-

1985 1762 2163 1817 toldus
2188 1762 2281 1794 ¹⁸⁷⁸
2298 1771 2501 1825 autem,
2519 1762 2730 1817 Munna:
2755 1765 2992 1819 civitatis
3016 1765 3255 1829 invasor,
3283 1766 3572 1835 imperato-

1982 1852 2077 1906 ria:
2092 1852 2342 1921 potestati
2361 1864 2552 1921 sponte
2576 1869 2671 1907 sua
2692 1870 2813 1908 cum
2838 1855 2950 1909 suis
2976 1854 3279 1910 fautoribus
3306 1856 3566 1921 traditur,

1981 1954 2035 1999 et
2062 1944 2250 1999 eadem
2276 1946 2568 2000 multorum
2599 1960 2755 2015 ptena
2787 1947 3033 2017 protinus
3064 1954 3476 2012 concrematur;
3511 1955 3568 2001 et

1980 2032 2145 2089 faciat
2168 2034 2309 2091 Deus
2341 2050 2434 2090 rex
2465 2036 2743 2105 pacilicns,
2776 2046 2834 2091 ut
2858 2052 3147 2107 numquam
3197 2038 3311 2092 hare
3338 2038 3571 2108 amplius

1980 2123 2242 2180 elevetur.
2286 2126 2457 2193 Quam
2486 2126 2622 2181 bene
2650 2136 2814 2192 esset,
2841 2138 2899 2182 ut
2944 2128 3280 2182 habitatores
3323 2129 3473 2198 regni
3512 2128 3573 2183 il-

1981 2216 2103 2280 lius,
2136 2233 2350 2287 semper
2377 2220 2661 2274 unanimes
2681 2221 2733 2273 in
2762 2219 2926 2285 malo,
2969 2220 3035 2274 ad
3064 2220 3429 2289 eXpletionem
3452 2220 3571 2291 ejus

1980 2325 2087 2364 non
2126 2310 2391 2365 haberent
2420 2312 2817 2366 munimentum
2856 2314 2909 2367 in
2939 2312 3155 2383 aliquo!
3208 2311 3361 2368 Nunc
3388 2323 3569 2368 autem

1981 2411 2125 2464 sunt,
2154 2417 2251 2470 pro
2282 2403 2463 2455 dolori
2496 2404 2686 2457 horum
2720 2405 2856 2458 situs
2882 2404 3145 2469 locorum,
3180 2413 3238 2457 ut
3266 2412 3573 2473 exposcunt

1981 2500 2190 2545 mentes
2224 2493 2620 2563 indigenarum.
2668 2494 2952 2563 lnperator
2998 2510 3128 2549 vero
3178 2505 3299 2565 post
3349 2496 3566 2565 longam

1982 2582 2433 2637 inhabitacionem
2467 2599 2496 2636 a
2522 2583 2827 2654 Niumagun
2878 2585 3183 2648 discedens,
3242 2585 3570 2655 sollempnes

1984 2673 2329 2743 rogacionum
2369 2675 2482 2729 dies
2513 2675 2565 2728 in
2614 2674 2939 2746 Aquisgrani
2991 2676 3235 2730 studiose
3284 2675 3570 2743 celebrat;

1983 2767 2178 2837 quibus
2213 2767 2521 2832 transactis,
2546 2767 2872 2833 Lanhertus,
2916 2778 3120 2823 sanctas
3178 2769 3572 2825 Constancien-

1982 2858 2058 2913 sis
2115 2857 2297 2929 ³⁸⁷⁸(ῑ.
2330 2859 2454 2929 186)
2514 2861 2776 2915 mcelesize
2836 2863 3142 2931 episcopus,
3199 2863 3265 2916 17
3304 2862 3575 2918 Kalendas

1982 2950 2124 3005 Junii
2167 2952 2297 3006 obiit
2350 2952 2517 3024 (975).
2553 2953 2667 3009 lloc
2717 2970 2896 3020 cesar,
2936 2970 3060 3010 cum
3099 2965 3449 3025 pentecosten
3518 2956 3572 3010 in

1982 3043 2315 3115 lngilenhem
2347 3060 2634 3115 sumopere
2661 3048 2981 3117 peregisset,
3038 3047 3400 3117 comperiens,
3465 3045 3577 3101 Ro-

1985 3134 2230 3187 lherdum
2281 3135 2477 3189 suimet
2504 3135 2841 3205 capellanum
2889 3138 3096 3207 prefate
3155 3136 3268 3192 sedi
3326 3138 3576 3207 profecit.

1984 3226 2192 3294 Quibus
2220 3227 2468 3296 expletis,
2497 3229 2555 3283 lit
2584 3244 2778 3299 magna
2807 3230 2857 3283 in
2886 3229 3146 3299 Birgilum
3180 3230 3327 3301 (976)
3373 3232 3577 3301 princi-

1984 3336 2108 3390 pum
2133 3319 2479 3385 conﬂuentia,
2502 3330 2563 3375 ut
2589 3322 2659 3375 ibi
2687 3323 3055 3393 corrigeretur
3079 3321 3579 3392 perjudicia,quod

1985 3413 2074 3467 ditt
2105 3413 2357 3467 viciatum
2389 3424 2472 3467 est
2502 3413 2682 3482 populi
2710 3414 2869 3469 istius
2892 3415 3251 3486 neglegentia,
3282 3426 3336 3470 et
3361 3416 3581 3470 temeri-
3638 3430 3648 3441 θ

1987 3513 2073 3559 tas
2102 3519 2315 3575 magna.
2356 3504 2484 3560 Post
2514 3505 2628 3558 haec
2652 3504 2804 3560 Oddo
2831 3520 3013 3559 comes
3062 3507 3337 3574 predictus
3370 3507 3423 3560 in
3449 3520 3580 3573 pre-

1986 3596 2218 3651 sentiam
2249 3596 2572 3664 inperatoris
2607 3606 2661 3651 et
2688 3596 3008 3651 Ercanbaldi
3036 3596 3421 3665 archipresulis
3447 3612 3577 3665 sup-

1986 3687 2109 3758 plex
2137 3685 2378 3750 veniens,
2415 3686 2665 3755 injustam
2689 3701 2909 3741 uxorem
2961 3702 3113 3740 suam
3166 3687 3339 3742 tribus
3388 3702 3576 3743 sacra-

1986 3780 2187 3835 mentis
2214 3779 2415 3833 amisit.
2449 3777 2761 3833 Baldcricus
2785 3777 3185 3842 reconciliatur,
3210 3787 3265 3831 et
3286 3779 3578 3849 promissio

1988 3871 2171 3925 divina
2225 3867 2585 3922 obliviscitur.
2644 3868 2711 3921 Et
2764 3869 3056 3922 transactis
3116 3868 3307 3923 diebus
3368 3870 3575 3937 paucis.

1986 3961 2297 4027 lleinricus,
2326 3962 2417 4031 qui
2451 3975 2685 4014 marcatn
2715 3959 2856 4013 inter
2896 3960 3164 4026 Ungarios
3194 3968 3248 4014 et
3301 3959 3578 4015 Bawatios

1990 4054 2225 4124 positam
2279 4054 2471 4116 tenuit,
2497 4051 2530 4105 8
2560 4049 2828 4105 Kalendas
2858 4049 2984 4105 Julii
3031 4050 3119 4081 ¹⁸⁷⁷
3154 4049 3310 4104 fortis
3337 4060 3581 4106 armatus

1991 4147 2145 4202 obiit.
2178 4146 2390 4200 Interea
2424 4159 2580 4199 cesar
2605 4143 2670 4196 ad
2708 4142 3054 4197 Basulensem
3106 4141 3334 4196 veniens
3384 4143 3578 4195 civita-

1995 4248 2123 4301 tem,
2188 4237 2433 4293 exercitu
2495 4234 2725 4289 collecto
2769 4234 2822 4287 in
2880 4233 3244 4303 Burgundiam
3304 4244 3578 4304 properat.

310 4338 575 4409 quacior?
598 4336 666 4390 Et
690 4337 807 4390 haec
839 4336 1037 4390 idcirco
1067 4334 1176 4388 dixi
1203 4343 1260 4387 ut
1282 4343 1358 4398 tu,
1403 4332 1590 4397 lector,
1646 4331 1894 4384 mortali-
1922 4340 1971 4400 ι)
1996 4330 2317 4399 lmperatrix
2342 4338 2521 4383 autem
2549 4327 2616 4380 ad
2667 4325 2920 4380 dilectam
2976 4327 3078 4381 sibi
3128 4325 3438 4396 Capungatn
3482 4342 3579 4381 ve-

311 4439 423 4485 tate
448 4430 710 4483 acinnata
745 4428 1078 4481 humanitate
1132 4426 1263 4479 mibi
1308 4422 1627 4487 consimilis,
1680 4422 1733 4476 in
1790 4424 1893 4477 hoc

312 4536 582 4579 consensu
613 4536 700 4575 me
724 4520 959 4590 graviter
987 4530 1242 4589 peccasse
1268 4517 1427 4580 scias,
1451 4526 1505 4570 et
1532 4514 1894 4569 amminiculis

1998 4426 2173 4485 niens,
2204 4422 2575 4477 manachicam
2604 4419 2674 4473 ibi
2698 4419 2864 4472 vitam
2894 4420 3197 4483 ordinavit;
3228 4418 3461 4487 indeque
3482 4433 3581 4486 per

2005 4498 2325 4568 orientalem
2384 4508 2673 4564 Franciam
2728 4507 2994 4576 profecta.
3056 4506 3358 4561 Bawariam
3407 4505 3574 4575 peciit

1622 4693 1853 4752 VARDE
1894 4691 2299 4751 LECTIONES.

391 4846 484 4880 ⁸⁸⁸⁷
515 4845 584 4900 Et
670 4835 1237 4895 ridie—comburitur
1298 4832 1425 4887 add.
1480 4832 1565 4886 ib.
1626 4830 1809 4888 Pridie
1845 4827 2106 4883 kalendas
2160 4826 2333 4898 ipsius
2362 4823 2415 4877 in
2461 4820 2722 4877 suburbio
2749 4818 2896 4874 Gnez

391 4918 425 4936 μ.
469 4917 534 4936 -ρ-
595 4859 712 4936 -P...
748 4910 967 4936 ...t:n..::..
1026 4906 1219 4936 ..ηιηκςε
1263 4910 1450 4936 ριν-παίει
1488 4910 1565 4936 ραι
1632 4900 1667 4936 ο
1787 4901 1879 4936 ηδε
1910 4898 2149 4936 ρηηιρηεί
2175 4899 2196 4936 ιΙ
2308 4894 2398 4927 1⁸⁸³
2424 4891 2776 4936 nnrnaraliter
2804 4891 2855 4936 1.

1632 4900 1688 4955 2.
1787 4901 1879 4936 I3“
1910 4899 2151 4965 contepsi
2175 4899 2228 4952 1.
2308 4899 2398 4927 ’⁸⁵⁸
2424 4909 2443 4948 ί

1606 4973 1700 5006 ιδη
1755 4976 1809 5031 in
1869 4968 2167 5024 uuonclava
2198 4966 2326 5024 add.
2359 4964 2443 5019 Ib.

1606 5060 1628 5093 ς
1649 5044 1737 5093 la-
1817 5041 1910 5075 ³⁸⁷⁷
1942 5038 2078 5093 deest
2102 5040 2154 5093 1.

1979 5055 2078 5093 eest
2102 5055 2127 5093 1
2139 5079 2154 5094 ο

312 4917 541 4974 ecclesia
590 4900 714 4969 cum
746 4910 970 4965 editiciis
1023 4906 1222 4963 ceteris
1263 4910 1458 4974 exusta
1487 4910 1591 4956 est.
1632 4900 1688 4974 2.

312 4972 423 5045 hiis
447 4982 687 5040 add.lb.
762 4980 854 5011 “7'
897 4975 1380 5045 consummendum
1438 4972 1527 5045 la.

314 5043 410 5092 ί⁸¹⁵
439 5058 550 5113 alia
578 5066 741 5108 metm
767 5052 931 5123 pergit
955 5051 1007 5104 1.
1086 5044 1179 5076 ¹¹¹⁷⁶
1205 5043 1628 5100 cosstanciensis
1649 5044 1738 5103 la.

2903 4818 2953 4873 ni
3002 4812 3401 4885 archiepiscopi
3450 4815 3611 4875 illius

2308 4894 2398 4927 ⁸⁸⁸⁸
2424 4891 2776 4960 corparaliter
2804 4891 2855 4960 1.
2933 4887 3025 4960 ιξτο
3052 4885 3331 4960 nocent},
3399 4886 3495 4960 seu
3519 4896 3621 4960 5“)

2521 4954 2614 4993 ίετδ
2639 4968 2694 5013 et
2724 4956 3042 5012 liudherdus
3063 4972 3153 5028 pr.
3185 4954 3321 5011 obiit
3339 4955 3469 5012 αάά·
3511 4955 3547 5010 1
3566 4966 3655 5016 bo‘

1847 5177 2080 5236 NOTAE.

386 5332 533 5368 m-rn
577 5325 797 5368 Ωρριίιις
825 5324 1050 5368 divinet
1078 5332 1172 5368 vm
1207 5316 1322 5368 Kal.
1360 5312 1516 5368 Maii:
1568 5334 1621 5368 ν.
1668 5335 1834 5368 gunra
1864 5320 1903 5368 Ι.

2014 5314 2156 5368 inter
2187 5307 2485 5368 Oﬂ‘enbach
2528 5274 2596 5356 iet
2645 5299 2851 5354 Hanau.
2895 5300 3134 5368 Pargilla
3187 5300 3327 5368 apud
3376 5298 3667 5366 Boltmer
