4048 5368
488 274 627 335 1615

1414 272 1795 339 TlllETMARl
1834 274 2462 335 MERSEBURGENSIS
2495 276 2803 336 EPISCOPI

3624 283 3766 343 “16

487 366 823 437 fratremque
847 380 1002 421 suum
1025 363 1216 422 ducem
1250 363 1563 422 Heinricum
1622 367 1936 424 Ratisbonre
1981 370 2065 423 in-
2096 376 2143 435 Α
2171 371 2368 427 suimet
2408 371 2738 426 Rochelenzi
2779 370 2927 427 dicto
2968 371 3167 443 arduas
3200 372 3535 432 munitiones
3572 377 3643 433 ad
3673 393 3763 433 ca-

488 457 832 514 thronizavit.
864 456 1045 513 Mense
1072 457 1234 514 Junio
1289 460 1631 529 inaequalitas
1659 460 1783 517 atris
1839 464 2075 518 homini-

485 547 590 604 bus
615 548 797 603 multis
825 561 1122 617 eorumque
1145 548 1469 604 utilitatibus
1493 549 1724 605 diversis
1776 550 2071 611 admodum

489 638 695 695 nocuit.
1017 708 1021 713 .

559 729 651 787 10.
692 728 890 785 Eadem
923 738 1239 800 tempestate
1268 730 1512 787 aecclesia
1546 732 1676 787 mihi
1696 732 1914 805 indigno
1929 750 2077 790 com-

489 822 653 878 missa
683 819 776 859 ’⁸⁷⁸
806 820 1055 887 multum,
1084 836 1201 875 mea
1231 822 1285 876 id
1305 822 1559 894 exigente
1580 822 1675 895 ⁸⁸7⁸
1705 823 1882 893 culpa,
1915 827 2077 880 susti-

488 918 603 972 nuit
619 915 678 988 (f.
701 915 844 987 lSG‘)
863 915 1172 986 dampnum.
1189 915 1428 988 Namque
1450 919 1764 975 misericors
1781 928 1834 975 et
1853 922 2077 989 paciens

488 1008 631 1064 Deus
652 1007 821 1063 noluit
848 1007 1077 1077 amplius
1102 1006 1329 1064 inultum
1355 1010 1765 1081 relinqui,quod
1787 1012 1975 1067 crebra
1993 1013 2075 1068 sui

488 1099 853 1171 castigaeione
905 1099 1147 1168 nequivit
1175 1100 1475 1170 prohiberi,
1515 1102 1834 1171 percuciens
1869 1117 1989 1156 eam
2022 1102 2075 1157 in

488 1190 903 1245 mansuetudine
924 1199 978 1245 et
999 1206 1102 1245 non
1122 1190 1173 1244 in
1194 1190 1393 1245 furoris
1407 1191 1488 1246 sui
1508 1191 1666 1261 digna
1685 1192 2071 1251 retributione:

489 1280 768 1335 ministros
796 1279 954 1335 utiles
984 1281 1086 1336 sibi
1114 1282 1230 1335 haec
1268 1280 1526 1351 perdidit,
1562 1290 1616 1336 et
1651 1280 1861 1337 facinus
1896 1298 2074 1337 meum

490 1372 690 1427 cetidie
717 1371 1040 1442 ingemisoit.
1075 1372 1132 1425 ln
1161 1372 1404 1441 predicto
1432 1379 1486 1427 et
1525 1372 1670 1427 enim
1704 1387 1890 1429 mense
1918 1374 2080 1428 dede—

492 1475 589 1515 eus
617 1476 872 1531 tnagnum
897 1460 1071 1515 eidem
1101 1475 1164 1516 ac
1185 1461 1317 1516 mihi
1344 1460 1436 1493 ⁸⁸⁸⁰
1460 1461 1684 1517 inlatum
1705 1470 1790 1518 est
1808 1464 1875 1517 ab
1904 1463 2076 1519 ibrida

494 1540 980 1615 Ethelberto‘m,
1012 1551 1101 1620 qui
1126 1562 1335 1606 eurtem
1356 1566 1532 1607 meam
1566 1553 1822 1608 invadere
1849 1568 2077 1623 eamque

488 1643 740 1716 frangere
794 1644 976 1701 servili
1018 1643 1109 1676 ¹⁸⁸²
1158 1644 1474 1700 collectione
1520 1646 1870 1716 presumpsit.
1920 1644 2074 1712 Quod

2175 460 2402 530 pieudas
2437 461 2633 516 ibidem
2666 460 2812 517 feras
2846 463 3104 521 instinctu
3143 463 3419 521 Budizlavi
3461 466 3656 523 militis
3683 468 3765 523 sui

2176 558 2352 619 parat.
2386 546 2499 605 Hoc
2526 565 2625 621 ego
2652 560 2837 621 postea
2867 555 3230 624 comperiens,
3257 558 3539 627 pacienter
3568 559 3693 624 tuli,
3713 569 3768 616 et

2177 654 2246 694 ne
2288 640 2365 695 sic
2402 656 2562 711 agere
2593 643 2772 709 vellet,
2810 659 2908 714 per
2942 646 3338 704 internuncium
3378 653 3627 717 meimet,
3656 650 3768 708 fra-

2180 738 2316 784 trem
2362 731 2478 800 ejus
2522 732 2610 765 ¹⁸⁸⁷
2646 734 2936 802 postulavi.
2981 736 3309 793 Herimanno
3347 755 3569 810 quoque
3611 742 3767 797 fratri

2177 836 2277 880 suo
2316 825 2432 880 haec
2463 826 2573 881 cito
2604 837 2855 895 questus,
2900 828 2973 883 nil
3015 829 3069 883 in
3113 829 3216 884 hiis
3245 831 3497 886 omnibus
3522 833 3765 902 profeci,

2181 917 2369 986 sicque
2420 919 2572 973 stetit
2598 917 2663 991 (f.
2712 919 2853 992 187')
2892 928 3068 992 nsque
3112 932 3234 991 post
3274 912 3495 992 pascha.
3537 924 3607 977 Et
3642 925 3766 994 quia

2181 1015 2307 1062 tunc
2328 1008 2452 1063 acris
2481 1011 2747 1066 serenitas
2774 1020 2830 1092 (δ
2861 1012 2957 1067 via:
2984 1014 3320 1082 oportunitas
3350 1016 3766 1083 conveniebant,

2177 1104 2233 1150 et
2277 1095 2331 1151 in
2378 1098 2477 1151 has
2523 1099 2868 1170 episcopatus
2909 1102 3013 1156 mei
3050 1112 3235 1172 partes
3275 1120 3571 1175 numquam
3622 1107 3766 1172 \eni,

2176 1185 2383 1257 placuit
2420 1188 2551 1242 mihi
2588 1189 2712 1245 illuc
2756 1206 3013 1261 pergere,
3055 1193 3421 1264 hactenusque
3456 1196 3552 1228 ⁸⁸⁸⁸
3590 1198 3768 1267 ignota

2178 1278 2463 1350 diligenter
2492 1281 2782 1350 inquirere.
2814 1283 2995 1341 Mense
3020 1285 3159 1341 Maio
3181 1289 3291 1355 (an.
3321 1289 3504 1358 1018),
3525 1288 3561 1343 6
3590 1289 3771 1346 Nonas

2178 1367 2417 1437 ejusdem
2440 1387 2506 1426 ac
2527 1374 2559 1426 6
2583 1372 2716 1429 feria
2766 1376 2832 1431 ad
2854 1377 3091 1432 Chorum
3115 1379 3262 1451 (979)
3285 1380 3426 1445 veni,
3457 1381 3771 1452 ibidemque

2178 1462 2434 1531 pupulum
2487 1464 2845 1522 conﬂuentem
2896 1470 3234 1525 confirmavi.
3282 1473 3491 1528 Dehinc
3535 1489 3664 1528 eum
3714 1475 3769 1529 in

2180 1556 2297 1626 ipso
2321 1558 2516 1612 itinere
2533 1559 2832 1628 predictum
2854 1577 2991 1633 opus
3018 1562 3223 1632 laqueis
3248 1573 3302 1619 et
3323 1566 3529 1620 retibus
3553 1569 3769 1637 magnis

2179 1650 2451 1706 firmatum
2478 1651 2741 1719 viderem,
2762 1654 3014 1726 obstupui
3039 1656 3130 1691 ⁸⁸⁸⁸
3147 1674 3211 1712 ac
3237 1658 3365 1727 qttid
3390 1659 3513 1712 inde
3527 1659 3598 1713 fa.
3616 1672 3769 1716 orem

488 1750 622 1788 vero
652 1736 751 1789 hos
775 1735 868 1768 ¹⁸⁶⁸
895 1735 959 1790 ad
985 1735 1100 1789 ha'c
1128 1737 1332 1806 agenda
1357 1734 1787 1802 inﬂammaverit,
1811 1736 2076 1791 veraciter
2106 1733 2157 1794 Β
2182 1741 2433 1812 cogitavi.
2477 1741 2739 1809 Tandem,
2770 1747 2900 1815 quia
2937 1747 3050 1801 haec
3080 1747 3438 1802 instrumenta
3462 1749 3770 1807 nullatenus

488 1825 789 1894 explicabo.
826 1825 1061 1882 Secundi
1089 1827 1303 1882 Ottonis
1332 1826 1477 1898 larga
1508 1828 1834 1900 benignitas,
1866 1831 2078 1886 cunctis
2176 1848 2390 1890 mecum
2418 1834 2618 1890 vehere
2650 1838 2819 1909 potui,
2842 1853 2911 1894 ex
2949 1839 3056 1894 hiis
3083 1847 3289 1910 partem
3322 1841 3486 1897 incidi
3518 1844 3769 1912 protinus

486 1915 722 1985 pleniter
757 1916 1035 1981 arridens,
1074 1917 1343 1988 quendam
1382 1917 1677 1998 for-estum,
1718 1918 1860 1974 inter
1896 1918 2075 1974 Salam
2172 1928 2331 2000 jussi,
2375 1941 2634 2001 rectoque
2674 1932 2867 1989 itinere
2916 1936 2983 1991 ad
3019 1934 3337 1993 Rochelinzi
3374 1938 3468 1975 ""
3513 1942 3767 2009 tendens,

487 2006 543 2061 et
571 2006 786 2062 Mildam
808 2006 999 2064 ﬂuvios
1019 2017 1073 2063 et
1103 2008 1367 2065 Siusiliac
1398 1995 1561 2063 Plisni
1592 2025 1758 2081 pagos
1780 2009 2074 2078 jacentem,

487 2110 689 2156 nostrae
712 2102 984 2157 concessit
1016 2102 1298 2167 meclesiat,
1332 2103 1666 2172 temporibus
1694 2101 1907 2156 Gisileri
1939 2103 2078 2157 anti-

486 2192 631 2247 stilis
646 2191 961 2246 etGunterii
987 2191 1081 2223 ‘9“
1104 2193 1436 2247 marchionis
1454 2191 1625 2263 (977).
1651 2192 1779 2247 Post
1797 2192 2075 2264 lugubrem

487 2297 620 2338 vero
668 2292 869 2337 nostra:
925 2282 1071 2337 sedis
1120 2283 1579 2343 destruccionem.
1638 2293 1897 2353 regnante
1947 2292 2077 2338 tunc

489 2376 663 2428 tercio
714 2372 948 2438 Ottone,
993 2372 1334 2428 Ekkibardus
1385 2372 1630 2428 marchio
1690 2372 1952 2428 forestum
2009 2370 2074 2427 ad

491 2463 668 2528 locum
706 2463 1019 2534 Sumeringi
1063 2463 1264 2517 dictum
1304 2462 1610 2532 acquisivit,
1639 2472 1692 2518 et
1725 2477 1848 2519 cum
1886 2461 2076 2517 eodem

490 2567 735 2611 nostrum
760 2555 1133 2610 commutavit.
1166 2554 1475 2609 Renovator
1512 2568 1694 2610 autem
1724 2564 1923 2611 nostra:
1953 2564 2078 2611 tunc

486 2648 792 2719 dignitatis,
820 2663 917 2701 rex
950 2645 1263 2712 lleinricus,
1295 2662 1417 2701 cum
1443 2647 1679 2702 maxima
1703 2659 1854 2718 parte
1884 2663 2076 2719 appcra

489 2739 779 2794 tinentium
801 2779 815 2802 ,
843 2737 1190 2809 presentibus
1225 2739 1436 2793 cunctis
1468 2738 1818 2807 optimatibus
1854 2739 1986 2803 suis,
2022 2747 2078 2793 et

489 2829 862 2888 canl'ratribus
900 2829 1006 2883 hiis
1052 2828 1144 2862 ¹⁸³⁸
1185 2828 1515 2884 llerimauno
1571 2838 1626 2885 et
1667 2830 1977 2886 Ekkihardo
2022 2830 2074 2884 id

491 2920 783 2976 defendere
810 2937 917 2976 non
951 2920 1273 2984 valentibus,
1291 2919 1580 2989 judiciaria
1604 2922 1720 2993 lege
1743 2922 1891 2976 hunc
1913 2922 2074 2977 resti-

486 3012 613 3068 tuit.
649 3012 894 3083 Cumque
933 3014 1023 3068 hic
1061 3014 1113 3067 in
1147 3023 1347 3069 nostra:
1387 3014 1625 3068 dominio
1658 3014 1915 3070 {ecclesiae
1956 3016 2073 3086 plus

2177 2037 2382 2092 paucos
2416 2022 2524 2078 illic
2571 2025 2914 2093 conlirmavi.
2961 2037 3017 2085 et
3052 2029 3514 2101 decimacionem,
3564 2034 3770 2104 injuste

2180 2113 2315 2167 mihi
2342 2114 2674 2171 abstractam
2712 2126 2768 2173 et
2802 2117 3061 2176 forestum
3093 2120 3274 2178 hanno
3310 2125 3564 2180 omnibus
3593 2126 3768 2181 inter-

2177 2204 2381 2270 dicens,
2414 2205 2527 2260 haec
2564 2217 2765 2264 nostrae
2799 2210 3071 2283 assignavi
3107 2215 3397 2284 aacclesiaz,
3431 2216 3574 2274 facta
3610 2234 3764 2288 pace.

2175 2292 2330 2351 Tunc
2353 2296 2489 2352 redii
2511 2299 2576 2353 ad
2600 2310 2804 2355 eurtem
2835 2316 3378 2374 supramemoratam,
3400 2309 3713 2379 ibidemque
3734 2312 3767 2364 7

2178 2384 2292 2440 dies
2320 2400 2442 2440 cum
2478 2402 2780 2456 manerem,
2809 2393 3017 2456 audivi,
3049 2397 3193 2465 quod
3234 2397 3436 2454 milites
3462 2399 3767 2457 Ekkihardi

2177 2474 2313 2528 meis
2343 2476 2681 2532 minarentur
2714 2480 2897 2536 sociis.
2934 2482 3011 2539 lbi
3048 2493 3178 2541 tunc
3212 2488 3574 2545 cancellarius
3615 2491 3768 2563 (980)

2178 2566 2513 2634 pernoctavit
2545 2584 2790 2635 mecum,
2822 2581 2878 2628 et
2905 2589 2936 2628 a
2968 2591 3053 2631 me
3085 2578 3198 2633 haec
3228 2583 3596 2651 comperiens,
3628 2585 3775 2641 bene

2179 2660 2473 2727 respondit.
2526 2660 2719 2718 Postea
2777 2668 3225 2739 congregationes
3278 2672 3460 2729 multa:
3506 2674 3643 2729 mihi
3698 2677 3771 2730 ad

2177 2752 2480 2805 nocendum
2525 2768 2554 2806 a
2603 2753 2859 2823 predictis
2899 2759 3223 2815 satellitibus
3261 2762 3452 2830 factae,
3488 2778 3522 2817 a
3561 2766 3774 2820 nostris

2177 2836 2492 2898 custodibus
2540 2844 2607 2899 ad
2672 2857 2884 2917 tempus
2929 2849 3130 2905 bonum
3190 2866 3567 2926 preoccupatze
3613 2868 3771 2915 sunt.

2176 2929 2395 3020 Interim
2429 2935 2542 3004 (an.
2571 2934 2732 3003 1018,
2753 2936 2889 3011 Mai)
2921 2941 3176 2996 nuncium
3222 2944 3444 3000 meimet
3484 2948 3555 3002 ad
3595 2949 3775 3020 impe-

2177 3016 2413 3077 ratorem
2455 3025 2780 3097 Magontiam
2825 3030 2984 3096 misi,
3020 3047 3316 3105 pacemque
3366 3036 3485 3107 ejus
3536 3016 3774 3109 supplex

487 3087 649 3173 quam
680 3103 961 3158 duodecim
998 3118 1170 3158 annos
1207 3102 1270 3193 (f.
1304 3104 1428 3195 187)
1462 3112 1652 3189 staret,
1681 3114 1735 3159 et
1764 3106 1904 3160 hunc
1927 3105 2073 3161 Hiri-
2098 3087 2143 3148 (ἶ
2176 3113 2236 3185 (f.
2270 3114 2389 3186 188)
2426 3087 2585 3186 pecii.
2615 3118 2790 3186 Quam
2828 3087 3324 3182 cum'E-kkihardus
3363 3087 3776 3200 ᾇπευζῖιὲἧξ

486 3208 719 3256 manuus
740 3208 923 3249 comes
947 3193 1016 3248 6t)
1045 3190 1249 3250 mansis
1276 3186 1541 3250 redimere
1561 3211 1627 3251 ex
1658 3212 1775 3250 mea
1807 3205 2071 3266 potestate

486 3286 799 3342 nullatenus
843 3287 1134 3355 valuisset,
1186 3290 1362 3344 visum
1405 3301 1491 3346 est
1534 3291 1585 3345 ei
1622 3299 1681 3346 ut
1718 3308 1840 3347 eum
1881 3292 1982 3348 sibi
2018 3300 2074 3348 et

485 3379 750 3435 confratri
774 3396 938 3451 super
952 3382 1180 3438 duorum
1200 3384 1589 3454 proprietatem
1601 3385 1671 3441 bu
1680 3387 2068 3456 rgwardorum,

492 3467 803 3524 Rochelinti
851 3470 944 3502 ’⁸⁸⁸
985 3487 1048 3526 ac
1087 3472 1435 3530 Titihutziem
1486 3473 1669 3546 (97S),
1712 3477 2072 3546 imperatoriis

485 3557 839 3613 vendicanent
865 3562 1156 3632 preceptis,
1189 3578 1415 3634 sperans
1443 3565 1804 3636 antiquiorem
1831 3577 2070 3624 nostram

485 3648 961 3706 eonﬁrmaeionem
988 3652 1078 3707 diu
1113 3668 1237 3709 esse
1280 3654 1558 3709 abolitam.
1591 3655 1742 3723 Quod
1775 3673 1898 3712 cum
1940 3659 2072 3714 mihi

486 3741 536 3797 is
562 3742 819 3812 aperiret,
847 3743 899 3797 id
922 3743 996 3798 nil
1018 3744 1281 3821 proficere
1308 3746 1497 3801 sensit.
1531 3746 1773 3818 Namque
1809 3749 1861 3803 iu
1894 3749 2073 3821 Maga-

487 3831 698 3902 daburg
733 3839 788 3885 et
834 3831 886 3886 in
926 3833 1199 3903 presentia
1245 3834 1590 3905 imperatoris
1620 3837 1788 3891 nostri
1819 3848 2072 3911 precepta

487 3923 737 3994 utrisque
758 3926 1141 3991 ostenduntur,
1170 3936 1226 3981 et
1252 3942 1475 3982 munera
1508 3930 1791 3986 nostrimet
1818 3932 1868 3985 in
1899 3932 2075 3987 omni-

484 4011 592 4068 bus
618 4011 799 4081 priora
820 4028 940 4070 esse
963 4015 1364 4071 convincuntur
1386 4016 1497 4072 ‘3“.
1527 4016 1766 4074 Tandem
1798 4022 2073 4091 predictus

484 4120 691 4171 comes,
725 4115 978 4178 presente
1013 4109 1214 4164 suimet
1251 4107 1419 4164 fratre
1449 4126 1514 4166 ac
1552 4113 1603 4167 id
1640 4113 1921 4180 audiente,
1958 4115 2075 4172 haec

485 4193 677 4251 fatur:
729 4196 998 4269 Quicquid
1035 4200 1285 4255 hactenus
1337 4201 1391 4254 in
1425 4202 1527 4257 hiis
1574 4203 1829 4271 fecimus,
1869 4222 1971 4259 non
2011 4206 2073 4261 ob

487 4286 830 4341 temeritatem
871 4287 1128 4359 aliquam,
1167 4291 1257 4344 sed
1288 4308 1442 4362 quam
1473 4292 1715 4348 [rubuisse
1755 4297 2073 4364 speravimus

478 4376 772 4448 justiciam.
799 4380 958 4436 Nunc
994 4394 1166 4438 autem
1196 4385 1250 4438 id
1286 4387 1607 4441 omittamus.
1635 4387 1755 4443 Non
1778 4390 1933 4461 longe
1954 4400 2073 4461 post

480 4465 830 4526 .Ekkihardus
845 4472 1079 4544 juvenis,
1108 4490 1172 4530 ac
1193 4476 1314 4533 ideo
1337 4477 1645 4546 inmaturis,
1672 4481 1725 4536 in
1752 4484 2074 4554 burgwardo

2174 3209 2542 3278 promitteret,
2580 3220 2635 3265 et
2672 3210 2844 3268 frater
2872 3230 3003 3272 suus
3047 3217 3137 3271 diu
3169 3231 3200 3272 a
3233 3234 3319 3274 me
3352 3220 3703 3278 desideratus
3736 3239 3774 3278 a

2173 3297 2393 3354 Polenia
2440 3300 2697 3371 veniens,
2730 3304 2953 3360 dextera
3002 3322 3163 3363 manu
3207 3324 3305 3364 sua
3355 3310 3585 3380 pacifica
3638 3329 3774 3385 pro-

2174 3391 2435 3459 mitteret,
2475 3403 2705 3465 uterque
2744 3396 2886 3453 hanc
2918 3413 3025 3463 non
3055 3400 3193 3457 bene
3229 3405 3485 3460 servavit.
3515 3404 3774 3478 Namque

2173 3475 2425 3539 homines
2451 3485 2483 3538 6
2503 3482 2757 3557 ﬂagellati
2789 3502 2853 3544 ac
2879 3488 3101 3560 depilati
3127 3508 3248 3549 cum
3275 3495 3505 3553 editiciis
3534 3475 3774 3570 turpiter

2174 3577 2442 3631 mutilatis
2484 3580 2808 3648 approbant,
2848 3582 3083 3653 qualiter
3111 3588 3245 3641 tanti
3275 3590 3520 3645 seniores
3550 3592 3621 3647 ab
3645 3592 3772 3649 alis

2172 3670 2451 3739 precaveri
2491 3670 2743 3728 debeant.
2789 3673 3064 3732 Satellites
3095 3693 3281 3734 eorum
3320 3696 3474 3741 more
3508 3683 3677 3739 solito
3715 3687 3771 3740 in

2175 3774 2263 3814 me
2294 3777 2401 3817 non
2426 3762 2588 3817 modo
2607 3778 2884 3833 exarsere,
2901 3782 3088 3824 verum
3108 3772 3271 3827 etiam
3297 3773 3419 3831 aliis
3446 3777 3772 3834 melioribus

2177 3867 2431 3908 nocuere.
2472 3854 2954 3929 Arcbiepiscopum
2993 3864 3193 3918 etenim
3228 3863 3497 3922 Geronem
3534 3868 3591 3923 in
3620 3869 3773 3924 Wir-

2171 3941 2286 3996 bini
2316 3950 2373 3997 et
2402 3941 2660 4000 Sifridum
2696 3950 2951 4005 comitem
2996 3952 3048 4007 in
3077 3953 3245 4009 Nicici
3277 3954 3428 4028 (98l)
3455 3958 3765 4026 pecierunt,

2175 4042 2230 4089 et
2253 4034 2306 4089 in
2335 4045 2596 4105 quantum
2624 4041 2704 4095 eis
2737 4041 2959 4111 placuit,
2990 4046 3345 4102 abstulerunt.

2250 4124 2336 4179 11.
2376 4123 2640 4196 Superbia
2675 4132 2946 4187 seniorum
2987 4134 3077 4166 ¹⁶⁹¹
3121 4137 3346 4207 instigat
3388 4139 3635 4196 furorem
3678 4157 3768 4198 sa-

2178 4214 2427 4284 tellitum,
2461 4230 2518 4275 et
2547 4221 2673 4291 quia
2706 4223 2809 4279 hiis
2840 4225 3041 4280 sufﬁcit
3079 4228 3193 4293 ¹⁸⁹¹,
3226 4230 3448 4300 equales
3483 4233 3592 4287 sibi
3624 4235 3765 4291 alios

2176 4304 2231 4361 in
2259 4307 2365 4362 hiis
2390 4311 2634 4378 partibus
2653 4328 2774 4368 esse
2798 4329 2902 4369 non
2932 4318 3216 4384 permittit.
3241 4318 3298 4373 Si
3328 4322 3526 4390 aliquis
3551 4325 3765 4381 vicinus

2106 4438 2151 4493 Β
2176 4415 2283 4455 non
2317 4409 2506 4470 sponte
2530 4418 2623 4456 sua
2649 4419 2775 4475 erga
2805 4421 2899 4461 eos
2919 4423 2988 4463 ex
3020 4409 3310 4479 improviso
3340 4413 3631 4484 delinquit,
3655 4433 3764 4472 non

2180 4501 2265 4546 est
2315 4492 2396 4547 eis
2443 4495 2759 4550 emendacio
2798 4499 3068 4570 condigna
3109 4505 3490 4574 aceeptabilis,
3540 4515 3598 4561 et
3641 4517 3767 4578 post

1788 4618 1878 4673 VA
1893 4620 2032 4677 [ile
2072 4622 2476 4683 LECTIONES.

560 4713 882 4793 ῗ⁸⁷⁸.ίη¹οερ
919 4718 1151 4793 mo”—
1225 4720 1648 4793 “7°,exaelitel.
1708 4728 1821 4763 em
1848 4745 1913 4785 ac
1942 4732 2072 4787 mihi
2100 4735 2335 4789 add.lb.

486 4783 581 4817 ⁸⁸⁸³
612 4784 836 4838 alterum
863 4787 876 4837 i
904 4804 1111 4842 erasum
1140 4792 1189 4844 1.

484 4862 577 4929 tu}:
632 4856 685 4908 1.
800 4856 889 4929 1⁸⁸⁷
931 4856 1154 4913 fratrem
1198 4861 1351 4929 eius,
1407 4880 1544 4917 nunc

487 4924 581 4959 ω’
619 4940 655 4980 n
678 4935 729 4979 et
768 4927 1006 4982 ultimum
1040 4928 1053 4982 i
1090 4924 1319 4986 erasnm.

839 5192 1082 5272 chartam
1107 5194 1469 5272 imperatoris,
1494 5214 1545 5272 a.
1578 5200 1705 5263 971.
1731 5190 1869 5272 Aitg.
1901 5204 1993 5260 50.

557 5262 963 5368 (Elgznngagqi
990 5262 1229 5336 Teitzig,
1280 5267 1621 5326 Rochlicium
1670 5262 1726 5327 et
1773 5262 2061 5333 Colditium

484 5332 639 5368 ἷηιοισὶ
649 5347 804 5368 anon:

1267 4791 1361 4825 ⁸⁸⁸⁸
1389 4791 1674 4850 rocheliuti
1702 4807 1760 4851 ut
1798 4800 1940 4870 infra
1971 4804 2277 4859 rochelensi
2306 4806 2358 4860 1.
2392 4791 2942 4885 literarii—in'u'troque
3217 4791 3330 4853 ’δίη

1270 4878 1351 4925 ts,
1407 4880 1544 4917 nunc
1605 4884 1813 4922 erasum
1864 4872 1918 4923 in
1974 4875 2093 4925 cod.
2156 4876 2205 4925 1.
2253 4876 2400 4925 adest
2448 4879 2503 4925 2-
2614 4883 2707 4914 ηκυ
2745 4901 2851 4925 mm
2901 4890 3006 4925 mm
3067 4890 3131 4925 ιιι.
3270 4891 3330 4923 is:

1605 4884 1813 4922 erasum
1864 4888 1918 4923 ιη
1974 4884 2093 4927 σοα.

1401 4933 1491 4966 ¹⁸⁹¹
1533 4951 1814 4993 servorum
1859 4942 1946 4995 ia.
2026 4943 2118 4977 ¹⁸⁰¹
2164 4945 2250 5001 his
2290 4962 2395 5002 non
2426 4949 2624 5007 suﬁieit
2657 4952 2714 5006 2.

2018 5094 2248 5154 ΝΟΤιΕ.

2156 4876 2205 4929 1.
2253 4876 2400 4931 adest
2448 4879 2503 4933 2.

2419 4738 2511 4770 ⁸⁸⁸³
2542 4740 2777 4797 athJcP
2852 4744 2943 4779 ¹⁸⁸²
2975 4748 3173 4805 servile
3214 4750 3300 4803 la.
3381 4751 3475 4791 ¹⁸⁸⁸
3503 4753 3636 4806 add-
3672 4754 3759 4807 U-

3394 4824 3759 4878 convinciun-

2614 4883 2707 4963 “:5
2745 4883 2864 4955 que
2901 4890 3026 4942 add.
3067 4890 3153 4945 ib.
3270 4891 3361 4923 ⁸⁸⁸⁸
3409 4893 3652 4963 0195ιίρυὶ
3706 4895 3760 4947 ‘-

2174 5222 2361 5297 p'ostea
2380 5213 2899 5297 argniepiseopatum
2917 5217 3130 5297 Satisbu
3139 5225 3636 5297 rgensemadeptus
3651 5240 3753 5285 est-

2175 5282 2239 5336 V.
2276 5282 2694 5368 ann.__Saxo_and_
2717 5282 2843 5368 ann.
2880 5290 3016 5345 1029
3056 5299 3110 5345 et
3150 5282 3348 5349 flansis
3376 5282 3637 5353 German.
3662 5282 3756 5355 Ii.
