4048 5368
216 256 350 311 ΗΠ

1428 251 1837 310 CllRONlCON.
1880 284 1945 293 κ-
1986 251 2108 306 UB.
2157 250 2283 305 Vill.

3330 256 3467 313 Nl!

212 369 663 434 recompensacio
726 367 1068 423 invincibilis.
1128 365 1193 422 Et
1247 382 1343 437 per
1372 366 1472 421 hoc
1529 365 1795 437 ﬂzgfiittm
1826 369 1870 429 Λ
1900 374 2081 433 catus,
2122 381 2152 421 a
2187 366 2356 423 tercio
2393 364 2592 422 Ottone
2624 366 2826 423 civitati
2864 369 3133 440 praedicta:
3167 370 3471 443 propositus

212 458 375 510 vicini
423 458 661 524 graviter
690 462 1105 525 concuci-zntur,
1136 470 1195 513 ut
1227 474 1333 512 non
1373 469 1564 514 contra
1594 472 1675 521 se,
1707 456 1795 512 alii

212 548 327 601 sive
349 559 557 602 rectum
583 550 819 605 habeant
839 552 953 605 sive
976 567 1105 615 non,
1137 567 1475 619 nequaquam
1500 549 1796 605 elcvcntur.

217 638 574 708 Episcopatus
621 642 673 695 in
719 645 822 697 hiis
867 644 1112 713 partibus
1161 643 1438 698 constituti
1489 643 1559 696 ab
1611 658 1798 697 eorum

216 731 456 800 potentia
497 742 618 786 sunt
657 735 876 787 nimium
916 737 1190 803 depressi;
1220 744 1273 788 et
1312 751 1409 789 nos
1453 751 1638 790 eorum
1679 750 1801 805 pro-

218 836 525 889 curatores,
552 828 594 880 si
623 836 809 881 contra
834 828 1001 882 Demn
1023 837 1075 882 et
1094 828 1367 898 justieiatn
1392 829 1508 898 ejus
1539 827 1801 882 voluntati

212 932 403 971 eorum
438 918 490 971 in
521 919 731 972 cunctis
761 919 1147 985 satisfacimus,
1180 922 1435 974 honorem
1476 930 1529 974 ct
1565 921 1800 989 aliquam

212 1010 505 1063 utilitatem
542 1011 821 1069 habemus,
864 1012 946 1063 sin
988 1023 1199 1075 autem,
1242 1012 1708 1081 contempnimur,
1750 1021 1805 1065 et

214 1105 295 1159 sic
338 1103 453 1167 ¹⁸⁹³,
503 1112 561 1157 ut
612 1105 768 1158 nobis
812 1103 988 1157 nullus
1042 1114 1133 1157 attt
1182 1104 1240 1175 (f.
1297 1104 1437 1174 188⁸)
1479 1113 1665 1174 regnet
1711 1090 1805 1155 aut

217 1196 449 1265 impertt
503 1194 786 1257 dominus,
846 1195 1225 1263 depredatnur.
1273 1196 1454 1250 Novus
1504 1205 1803 1263 ceruupeta

216 1286 499 1353 autiqnam
526 1285 697 1353 legem
736 1283 1037 1354 bonamque
1071 1287 1515 1339 consuetudinem
1542 1287 1803 1339 hactenus

213 1376 497 1430 florentem
526 1373 636 1442 jam
662 1376 969 1445 disrumpit,
988 1391 1151 1444 seque
1174 1378 1382 1431 ueteris
1408 1377 1495 1409 ⁸⁸³³
1520 1376 1804 1430 elatiorem

214 1482 365 1530 esse,
402 1466 643 1520 valenter
678 1467 940 1533 ostendit;
988 1468 1078 1537 qui
1119 1468 1335 1523 cmlitus
1388 1468 1442 1522 ni
1479 1468 1589 1521 cito
1626 1468 1806 1535 depri-

213 1559 413 1621 mitur,
466 1557 626 1611 nimis
668 1558 758 1590 ’⁸⁸⁸
798 1558 1082 1612 insolentia
1124 1558 1477 1613 intolerabilis
1516 1560 1801 1613 solidatur.

217 1650 520 1703 Daviticam
555 1650 598 1703 is
628 1650 839 1717 ignorat
868 1649 1212 1715 sententiam,
1237 1652 1446 1704 cunan
1477 1650 1554 1704 sic
1575 1650 1804 1703 dulciter

215 1749 564 1795 amonentetn
593 1758 606 1793 :
638 1738 815 1794 Nolite
838 1741 1084 1793 extollere
1115 1741 1168 1793 in
1200 1739 1362 1794 altum
1394 1758 1553 1793 cornu
1580 1750 1803 1795 rostrum

215 1830 394 1895 (I’sol.
423 1847 606 1893 Lmv,
631 1831 707 1899 t3),
733 1841 786 1885 et
811 1840 1003 1886 uetera
1032 1831 1144 1885 ”".
1171 1830 1302 1885 Orat
1328 1847 1424 1902 pro
1442 1832 1639 1887 talibus
1662 1832 1801 1887 idem

214 1923 501 1991 psalmista
527 1933 746 1977 sanctus
778 1940 791 1976 :
822 1924 1038 1991 Auferes
1062 1924 1301 1991 spiritum
1329 1941 1529 1987 eorum,
1558 1923 1801 1987 Domine,

213 2025 266 2067 et
295 2015 613 2083 rlefuient,et
635 2017 687 2069 in
710 2015 965 2086 pulrerem
990 2034 1140 2071 suum
1165 2028 1509 2081 revertentur;
1530 2027 1577 2070 et
1605 2017 1803 2071 emittes

212 2108 456 2174 spiritum
507 2119 653 2160 tuum
690 2118 736 2161 et
769 2110 1083 2163 creabantur
1111 2106 1282 2178 (Paul.
1320 2124 1441 2173 cut,
1471 2109 1584 2177 29),
1623 2117 1678 2163 et
1720 2124 1805 2164 rc-

216 2194 393 2263 liqua.
455 2195 676 2250 Multum
730 2198 936 2267 indiget
992 2200 1298 2263 memoria),
1352 2200 1444 2268 qui
1499 2199 1805 2255 nullatenus

216 2289 501 2356 cognoscit
526 2304 601 2354 se,
634 2304 755 2345 cum
795 2291 840 2345 is
892 2290 984 2360 qui
1015 2306 1075 2347 se
1104 2290 1303 2361 iugiter
1330 2294 1654 2358 corsidcrat,
1687 2294 1807 2348 s’ne

216 2379 427 2434 famine
478 2382 617 2436 bono
664 2381 739 2435 nil
799 2384 997 2437 valeat.
1046 2385 1188 2454 Ergo
1245 2395 1555 2454 peccatores
1604 2387 1806 2455 quique

214 2470 568 2539 resipiscam,
599 2483 652 2528 et
692 2483 750 2528 ut
792 2488 849 2529 se
888 2476 1194 2529 custodiant
1232 2476 1669 2546 pauperibusque
1711 2477 1803 2507 ³⁸⁸⁷

216 2560 607 2628 misereantur,
661 2579 946 2635 sum0pere
999 2566 1270 2621 studeant.
1314 2567 1425 2636 Ego
1476 2567 1531 2621 in
1578 2567 1807 2638 ﬂagiciis

219 2649 394 2702 miser
425 2660 474 2704 et
507 2651 556 2704 in
588 2650 933 2708 facultatibus
958 2670 1179 2723 pauper,
1210 2657 1455 2724 quamvis
1494 2657 1545 2709 iu
1578 2669 1806 2727 utroque

218 2736 468 2807 ejusdem
502 2743 707 2796 ordinis
737 2744 881 2800 viros
902 2746 993 2777 ’⁸⁵⁸⁸
1030 2746 1319 2817 precellani
1350 2757 1594 2817 cunctus,
1624 2758 1806 2805 tamen

214 2834 607 2889 contumeliam
633 2837 887 2906 superius
918 2852 1269 2895 memoratam
1305 2858 1410 2896 non
1447 2843 1591 2897 solus
1623 2846 1807 2914 pacior

220 2925 349 2978 sine
375 2925 479 2981 illis
509 2927 620 2980 ⁸⁸³³.
655 2928 728 2982 De
758 2931 1089 2999 coepisc0pis
1115 2933 1169 2986 in
1201 2934 1409 2988 diversa
1440 2935 1599 3007 hujus
1624 2936 1805 2992 mundi

217 3027 380 3084 parte
409 3019 715 3074 constitutis
741 3020 832 3053 ¹⁹⁰⁰
864 3022 1236 3093 inell‘abileque
1269 3026 1653 3081 detrimentum
1678 3044 1804 3103 per;

219 3110 416 3178 pessis,
438 3112 511 3165 nil
539 3114 604 3167 ad
628 3115 739 3169 haec
761 3117 1089 3186 exemplaria
1114 3119 1414 3183 introdueo,
1441 3122 1566 3191 quia
1597 3111 1804 3192 absque

196 3198 373 3251 .omni
407 3200 632 3265 honore,
674 3203 785 3257 sola
820 3204 1203 3262 benediccioue
1247 3218 1500 3278 excepta,
1531 3227 1625 3266 eos
1659 3227 1800 3281 esse,

216 3293 463 3360 graviter
494 3294 808 3365 ingemisco,
844 3308 898 3352 et
946 3300 1013 3354 de
1061 3300 1166 3355 hiis
1216 3301 1497 3357 dumtaxat
1527 3306 1804 3373 disputare

219 3380 357 3434 mihi
392 3381 483 3414 ¹⁸⁹³
514 3400 658 3439 nunc
699 3396 909 3457 tempus
943 3398 1046 3456 est,
1086 3393 1212 3459 quid
1248 3392 1309 3463 (f.
1350 3394 1471 3464 189)
1512 3395 1652 3465 apud
1684 3413 1803 3450 mo-

220 3472 424 3526 dernos
444 3489 474 3528 a
498 3478 814 3533 concivibus
837 3479 927 3511 ¹⁹⁰¹
948 3481 1061 3536 suis
1090 3482 1320 3538 similem
1350 3484 1453 3550 vel,
1487 3502 1584 3556 pro
1608 3487 1760 3542 dolor
1783 3488 1798 3542 l

219 3565 549 3622 deteriorem
581 3570 794 3625 subiere
828 3572 1137 3628 vindictam.

298 3658 389 3710 12.
438 3658 799 3717 Bernwardus
854 3664 975 3725 ιη’.
1048 3676 1251 3720 sancta:
1316 3666 1805 3727 Ililliuessemensis

218 3747 483 3803 accelesia:
530 3752 854 3807 venerabilis
893 3763 1102 3823 pastor,
1143 3755 1195 3809 in
1236 3765 1443 3812 tantum
1485 3774 1514 3813 a
1550 3758 1805 3821 Britanno

218 3852 422 3892 exosus
471 3849 553 3894 est
606 3844 804 3897 comite
857 3845 1028 3915 (982),
1084 3856 1142 3899 ut
1193 3847 1417 3901 militem
1473 3864 1629 3904 suum
1679 3851 1803 3906 liim

218 3934 447 3988 nomine
479 3936 685 3991 videret
716 3939 867 3992 crine
902 3948 956 3992 et
989 3948 1136 4009 tergo
1165 3941 1535 4010 depravatum,
1576 3953 1805 4014 postque

217 4024 458 4078 eundem
486 4041 667 4080 secum
696 4029 982 4083 iterantem
1008 4031 1075 4083 ab
1100 4030 1387 4086 Altmanno
1412 4032 1609 4101 juvene
1631 4034 1804 4089 inter-

223 4114 425 4170 fectum
454 4117 654 4187 jacere.
682 4120 1018 4191 Swithgerus
1055 4131 1256 4189 autem,
1284 4124 1438 4179 almae
1465 4126 1806 4198 Mirminger-

220 4206 411 4262 densis
450 4209 704 4266 accelesia:
752 4214 984 4268 antistes
1029 4215 1309 4285 egregius,
1352 4219 1404 4271 in
1450 4234 1545 4272 sua
1574 4229 1728 4274 curtc
1773 4236 1802 4275 a

219 4298 458 4366 quodam
496 4300 589 4332 ¹⁹⁰³
621 4303 796 4357 tirone
836 4305 1069 4375 ingenuo
1110 4312 1402 4377 appetitur,
1432 4320 1487 4364 et
1516 4312 1676 4367 villici
1710 4314 1804 4345 ⁸⁹⁰⁸

221 4388 425 4442 suimet
460 4405 654 4470 cruore
682 4410 863 4449 coram
889 4411 947 4450 se
973 4401 1139 4453 occisi
1164 4401 1485 4457 maculatur.
1509 4404 1645 4470 Quid
1670 4407 1804 4461 tales

221 4464 756 4568 persouainmquam
786 4502 1138 4556 promeruere
1167 4492 1190 4545 ?
1222 4492 1305 4545 llii
1337 4505 1524 4563 patres
1552 4496 1708 4551 ambo
1735 4499 1805 4567 pii

223 4569 468 4635 fuerunt,
488 4582 541 4626 et
566 4582 745 4631 tamen
774 4578 1006 4634 dedecus
1034 4582 1133 4636 hoc
1167 4582 1419 4638 immeriti
1448 4586 1804 4653 pertulerunt.

224 4658 334 4714 Sed
369 4662 493 4730 quia
532 4664 585 4718 in
621 4667 991 4735 superioribus
1033 4672 1097 4726 de
1141 4670 1429 4743 Suithgero
1474 4676 1685 4745 presule
1734 4680 1812 4735 nil

226 4767 382 4816 sum,
425 4753 478 4807 id
510 4765 660 4824 peste
703 4758 958 4826 letargica
1000 4762 1346 4832 impediente,
1390 4763 1624 4831 locutus,
1668 4783 1812 4823 nunc

1838 4442 1887 4503 Β

1899 466 2009 520 est;
2040 472 2201 524 quant
2238 472 2358 509 cum
2382 458 2528 511 omni
2570 457 2844 526 diligentia
2878 459 3103 515 rexisset
3130 461 3245 526 ¹⁰⁰³,
3286 461 3470 517 divino

1901 558 2122 598 munere
2154 543 2565 615 fultus,'polluit
2601 547 2654 599 in
2684 548 2912 601 diversis
2940 547 3244 604 \irtutibus.
3276 550 3317 605 E
3353 552 3474 622 qui-

1900 637 2001 690 bus
2024 638 2157 691 duas
2183 646 2387 690 tantum
2422 654 2509 693 res
2540 638 2773 707 profero,
2807 656 2939 708 quas
2962 641 3285 697 testimoniis
3318 658 3472 698 verae

1901 728 2053 782 cibus
2101 729 2399 797 approbare
2459 730 2629 784 valeo.
2694 731 3035 786 Caunrarius
3094 736 3289 787 suimet
3350 752 3471 790 cum

1902 818 2117 887 filicum
2140 821 2407 887 quendam
2434 820 2629 875 furtive
2649 825 2983 878 subtractum
3001 822 3174 878 telare
3196 839 3240 876 vt
3264 823 3281 877 l
3306 826 3472 889 tiSset,

1903 910 2293 980 diligenterque
2322 928 2349 964 a
2386 912 2475 982 pio
2500 914 2715 968 seniore
2747 923 2965 984 rogatus
3006 915 3076 968 nil
3108 916 3475 984 proﬁteretur,

1905 1001 2176 1055 Cttllciium
2210 1019 2369 1072 supra
2410 1020 2591 1060 iucnsa
2635 1009 2867 1075 positum
2906 1017 2959 1061 ct
2993 1022 3061 1061 ex
3093 1011 3271 1062 an'mo
3306 1009 3475 1064 bene-

1905 1091 2106 1146 dictum
2151 1108 2367 1148 sumere
2408 1104 2627 1149 coactus
2673 1097 2761 1127 ποτε
2800 1099 2858 1167 (i'.
2898 1098 3036 1169 189‘)
3064 1099 3217 1166 quasi
3253 1100 3478 1168 ignitum

1905 1187 2154 1242 celeriter
2180 1188 2423 1256 proiecit,
2451 1203 2708 1258 reumque
2731 1204 2787 1243 se
2816 1189 2972 1243 rimis
2996 1205 3113 1244 esse
3145 1206 3325 1245 coram
3355 1206 3477 1259 pro.

1907 1278 2112 1334 litetur.
2182 1280 2303 1334 Alio
2372 1291 2616 1349 tempore
2667 1282 2884 1351 quidam
2943 1282 3175 1351 maligno
3232 1293 3479 1352 arreptus

1907 1372 2120 1442 Spiritu,
2157 1374 2205 1425 vi
2236 1390 2426 1445 magna
2452 1385 2639 1443 captus
2664 1384 2768 1439 est,
2797 1387 2850 1427 et
2881 1375 2933 1427 in
2958 1377 3221 1443 presentia
3254 1377 3479 1446 prodit-ti

1908 1465 2077 1532 patris
2102 1464 2393 1527 adductus;
2436 1480 2594 1532 quem
2631 1464 2766 1517 solvi
2802 1465 3044 1535 protinus
3070 1464 3283 1533 jubens,
3312 1466 3481 1521 bacu-

1908 1552 2065 1621 Inque
2100 1551 2271 1607 solum
2311 1569 2369 1608 se
2411 1553 2609 1608 acriter
2642 1554 3036 1624 inrumpentem
3075 1556 3301 1608 viriliter
3333 1570 3478 1609 amo-

1909 1660 2060 1709 vens,
2113 1645 2256 1699 facto
2312 1657 2511 1703 sancta:
2565 1648 2741 1702 crucis
2789 1649 2963 1718 signo,
2996 1648 3173 1701 divina
3218 1656 3483 1715 potestate

1838 1724 1878 1784 Β
1906 1753 2156 1793 securum
2198 1740 2288 1770 ¹⁹⁰⁷
2322 1740 2471 1794 exire
2499 1740 2642 1793 fecit.
2677 1739 2822 1794 Talis
2849 1740 2933 1795 vir
2962 1741 3074 1794 haec
3101 1756 3203 1793 non
3238 1739 3363 1803 sibi,
3391 1741 3484 1794 sed

1906 1830 2001 1895 illi,
2033 1832 2121 1899 qui
2152 1846 2242 1899 per
2277 1848 2397 1885 eum
2433 1840 2581 1886 tanta
2606 1831 2699 1863 ¹⁹⁰⁸
2736 1841 2819 1886 est
2851 1842 3123 1899 Operatus.
3157 1832 3482 1895 asrcribens.

1904 1922 2041 1974 vixit
2072 1923 2125 1975 in
2151 1922 2368 1975 Christo
2398 1922 2514 1977 dies
2537 1923 2663 1977 huic
2690 1924 2815 1978 vita:
2841 1939 3148 1989 concessus,
3174 1923 3484 1978 ministraus

1906 2011 1997 2067 illo
2022 2013 2113 2046 ¹⁹⁰⁹
2140 2014 2310 2068 fidelis
2333 2028 2522 2070 servus
2545 2016 2690 2068 onmi
2712 2016 2910 2069 studio.
2937 2016 3169 2070 Sedcbat
3197 2015 3283 2068 ille
3306 2015 3371 2068 -16
3396 2031 3463 2068 an

1905 2120 2022 2171 nos.
2055 2122 2248 2175 magna
2285 2123 2520 2177 semper,
2549 2123 2669 2178 qua:
2707 2108 2957 2181 virtutem
2997 2109 3197 2177 omnigt
3215 2124 3334 2161 nam
3364 2122 3474 2176 per-

1905 2197 2041 2262 ficit,
2088 2197 2401 2253 inﬁrmitate
2451 2206 2735 2269 gravatus,
2788 2207 2842 2251 et
2892 2206 3017 2251 tunc
3064 2198 3218 2262 obiit,
3274 2199 3325 2251 in
3379 2212 3507 2267 quo.

1907 2289 2113 2359 genuit,
2144 2291 2221 2343 15.
2248 2290 2519 2345 Kalendas
2546 2290 2875 2355 Decembris,
2903 2289 3157 2343 lleinriro
3181 2292 3487 2361 inperatoro

1905 2390 2096 2433 nostro
2120 2389 2245 2434 tunc
2265 2389 2528 2447 regnante
2551 2382 2612 2435 l0
2631 2396 2800 2436 annos
2821 2382 2991 2451 (985).
3013 2380 3181 2449 llujus
3205 2397 3486 2435 successor

1907 2470 2248 2535 Thiedricus,
2292 2480 2598 2528 matertera:
2638 2474 2858 2528 meimct
2900 2473 2989 2504 ¹⁹¹⁰
3020 2474 3189 2537 illius,
3231 2490 3483 2542 magnum

1907 2563 2137 2617 dedecus
2168 2563 2233 2617 ab
2266 2562 2542 2630 lleiurieo,
2576 2564 2874 2621 llitimanni
2902 2566 2987 2597 ‘9“
3017 2566 3232 2621 comitis
3260 2566 3389 2634 lilio,
3429 2554 3486 2621 ut

1906 2657 2117 2727 prcdixi
2146 2656 2313 2728 (984),
2347 2673 2632 2727 perpessus
2661 2668 2761 2713 est.
2786 2648 2889 2711 Sed
2920 2658 2975 2713 in
3000 2658 3101 2713 hoc
3129 2674 3271 2713 anno
3297 2660 3484 2714 eadem

1907 2750 2198 2805 commotio
2245 2751 2309 2805 ad
2352 2760 2565 2820 tempus
2611 2751 2793 2805 sedata
2829 2750 3087 2806 elevatur.
3138 2750 3484 2818 lleribertus,

1906 2840 2244 2896 Coloniensis
2284 2841 2747 2910 archiepiscopus,
2772 2856 2799 2894 a
2828 2841 3069 2910 prcdicto
3092 2843 3291 2897 comite
3321 2842 3488 2898 multa

1908 2933 1996 2987 diu
2021 2933 2275 2987 sustinuit
2299 2932 2659 2996 incommoda,
2686 2946 2784 2986 nec
2805 2934 3020 2997 mirum,
3043 2948 3165 2988 cum
3194 2933 3240 2988 is
3259 2943 3490 2987 matrem

1908 3040 2061 3079 suam
2095 3025 2306 3079 diutina
2340 3032 2549 3079 teneret
2586 3024 2852 3081 custodia.
2883 3023 3109 3095 Insuper
3133 3024 3491 3079 Mcinwcrcus

1908 3114 2090 3187 presul
2106 3132 2131 3170 a
2150 3115 2464 3173 Thietmaro
2480 3126 2673 3188 nepote
2686 3131 2825 3185 meo,
2840 3117 3100 3173 Ben-nardi
3125 3118 3275 3175 dacis
3296 3116 3490 3181 fratre,

1906 3208 2235 3277 despoliatus
2265 3218 2347 3263 est
2376 3208 2548 3281 (985).

1977 3302 2064 3357 l3.
2103 3301 2208 3356 Sed
2256 3316 2357 3356 cur
2398 3302 2501 3357 hoc
2549 3308 2721 3356 totum
2771 3301 3005 3372 explieo,
3052 3317 3176 3356 cum
3233 3303 3286 3356 in
3340 3303 3491 3359 nullo

1905 3393 2097 3450 horum
2128 3409 2231 3449 nec
2256 3392 2531 3464 exemplar
2566 3395 2658 3427 1’“
2683 3395 2881 3450 bonum
2915 3409 3015 3449 nec
3040 3394 3281 3450 levamen
3308 3408 3487 3451 meum

1904 3486 2171 3541 ullatenus
2200 3486 2292 3519 ⁸⁸⁸³
2344 3487 2613 3557 agnosco?
2661 3486 2853 3542 Sacius
2902 3497 2985 3542 est
3036 3488 3189 3553 mihi,
3236 3487 3486 3557 inceptis,

1906 3576 2124 3645 (£190)
2176 3576 2422 3631 insistere
2452 3576 2621 3642 meis;
2669 3586 2726 3631 et
2763 3577 2890 3631 dum
2943 3578 3047 3633 1:00
3095 3586 3289 3641 tracto,
3342 3579 3484 3632 illam

1904 3666 2050 3722 beati
2077 3664 2341 3721 Johannis
2373 3666 2635 3722 visionem
2668 3668 2724 3722 in
2755 3677 2938 3723 mente
2976 3670 3150 3724 habeo
3194 3689 3205 3722 :
3246 3667 3487 3724 Primum

1905 3773 1963 3812 tte
1992 3756 2137 3821 abiit,
2168 3766 2213 3811 et
2244 3774 2357 3811 ecce
2386 3772 2490 3811 auo
2531 3768 2643 3828 post
2674 3760 2822 3812 lm'c!
2860 3760 3045 3831 (Apoc.
3074 3776 3150 3824 rx,
3177 3762 3289 3828 1'2.)
3319 3762 3490 3817 Nimis

1905 3854 2047 3908 enim
2085 3862 2169 3908 est
2198 3852 2522 3918 miserabile,
2549 3851 2691 3922 quod
2722 3852 2774 3906 in
2799 3853 3169 3924 superioribus
3194 3869 3321 3924 sepe.
3355 3856 3487 3912 locis

1907 3943 2110 3999 revolvi
2144 3942 2254 3997 ‘9“.
2301 3943 2393 3998 Sic
2440 3944 2492 3998 in
2546 3944 2881 4014 temporibus
2946 3946 3115 4000 nostri
3165 3945 3381 4001 lectoris
3425 3962 3491 4001 ac

1906 4036 2091 4091 invicti
2122 4034 2422 4091 defensoris
2454 4033 2692 4090 Hcinrici
2737 4035 2813 4090 nil
2840 4051 3096 4106 umquam
3133 4036 3238 4092 tale
3268 4036 3483 4100 aetidit.

1906 4127 2063 4198 quale
2090 4130 2248 4183 modo
2282 4127 2665 4182 detrimentum
2696 4142 2727 4182 e
2758 4138 2944 4181 nostro
2974 4126 3214 4183 facinore
3242 4129 3484 4183 emersit.

1905 4218 2149 4287 Namque
2200 4218 2253 4272 in
2293 4216 2432 4272 Julio
2463 4231 2647 4272 mense
2678 4234 2740 4271 ac
2768 4218 2800 4270 4
2834 4217 2925 4250 ¹⁹¹⁵
2952 4217 3220 4273 Kalendas
3264 4218 3489 4289 Augusti

1905 4316 1960 4363 et
1984 4308 2039 4361 in
2067 4307 2157 4340 ’9“
2181 4306 2314 4360 feria
2342 4305 2476 4378 (Jul.
2502 4305 2594 4376 9.9)
2640 4305 2782 4359 Mars
2810 4306 2947 4361 savii.
2984 4307 3037 4360 iu
3070 4307 3298 4371 viscera,
3347 4308 3492 4376 Quod

1910 4400 1963 4452 in
1997 4405 2315 4467 perpetuum
2365 4396 2572 4467 plangit
2619 4407 2795 4452 mater
2837 4396 3105 4451 tecclesia.
3140 4396 3310 4451 Peciit
3344 4398 3489 4455 enim

1913 4487 2292 4543 Ethelboldus
2321 4485 2433 4552 ‘9",
2462 4486 2830 4555 'l‘rajcctensis
2873 4487 3179 4556 episcopus,
3234 4502 3357 4541 cum
3387 4483 3482 4537 Go
3516 4522 3517 4525 η

1913 4577 2146 4636 defritho
2196 4579 2372 4642 duce,
2421 4576 2730 4650 auxilioque
2777 4578 2977 4634 suimet
3023 4579 3292 4633 sociorum
3333 4583 3499 4642 atque

1912 4670 2213 4725 amicorum
2241 4668 2605 4740 imperatricis
2632 4679 2831 4726 nostrai
2854 4677 3102 4738 nepotem
3136 4666 3490 4741 'l‘hiedricum

1912 4762 2095 4831 sepius
2139 4764 2192 4818 in
2242 4762 2440 4817 occisis
2483 4762 2743 4819 militibus
2777 4762 2888 4817 suis
2916 4760 3153 4817 multum
3180 4764 3508 4818 nocentem;

230 4842 335 4897 hoc
372 4846 663 4899 emendare
694 4860 989 4914 congruum
1029 4860 1130 4908 est.
1172 4850 1268 4904 llic
1307 4852 1540 4908 Saxonia
1578 4856 1813 4926 genitus,
1884 4880 1885 4883 η
1916 4862 1973 4907 et
2002 4854 2056 4908 in
2087 4854 2266 4914 insula
2296 4852 2527 4923 quadam
2551 4852 2611 4907 lit
2640 4863 2937 4911 conventus
2967 4848 3195 4906 collecti
3215 4844 3523 4904 exercitus.

223 4944 279 4987 et
321 4935 376 4987 in
418 4934 745 4992 llalverstidi
790 4951 852 4990 ac
889 4939 943 4993 iu
986 4942 1356 5014 Magadaburg
1398 4957 1429 4997 a
1470 4959 1637 5014 puero
1683 4947 1817 5002 edu-
1920 4945 2021 5001 Hic
2046 4951 2312 5012 velociter
2337 4947 2405 5002 ad
2443 4961 2679 5018 pugnam
2712 4950 3057 5017 preparatus,
3092 4950 3340 4999 mortem
3364 4945 3542 5000 ιιιιειπι

1503 5053 1740 5112 VARle
1781 5056 2198 5127 LECTIONES.

293 5160 388 5241 ξεθξ
422 5162 544 5241 add.
583 5161 665 5241 ib.
689 5227 705 5241 _
746 5155 837 5188 "”
859 5168 1063 5241 ceteris
1116 5164 1177 5241 _l.
1209 5166 1348 5241 __“”
1377 5166 1564 5241 inimis
1588 5171 1638 5224 l.
1737 5171 1831 5205 ⁸⁸³⁸
1860 5182 2058 5230 cetzcra
2087 5181 2139 5236 Ι,
2223 5177 2322 5215 ’⁸⁸⁷
2350 5186 2451 5241 que
2472 5169 2596 5241 add.
2627 5170 2712 5241 ib.
2791 5163 3062 5241 ‘3‘_"_t_tit_‘i5_
3092 5166 3204 5222 1η.
3352 5155 3562 5236 mos}:

222 5213 316 5321 fa:
372 5230 630 5285 insumus
683 5227 706 5280 ¹
735 5243 788 5279 α’
879 5213 1325 5321 ,ίξῦηξθίηθίδξη
1357 5235 1424 5315 .¹⁹
1461 5213 1682 5293 "-5...."
1719 5213 2058 5297 eraszimui'.“
2092 5213 2200 5290 1"”.
2224 5213 2463 5321 quatiat?!
2495 5240 2580 5291 la.
2659 5239 2753 5271 ¹⁹⁰δ
2787 5233 2998 5284 ttnillipi
3040 5233 3119 5263 ιι-
3241 5231 3334 5266 non
3370 5242 3393 5252 ιι
3428 5244 3432 5248 λ

215 5302 249 5356 ι
283 5302 333 5355 b.
367 5310 478 5368 Post
537 5311 773 5368 erasumg
840 5300 985 5368 _"°‘
1021 5312 1218 5359 coatus
1256 5305 1307 5358 1.
1350 5304 1386 5356 i.
1430 5319 1706 5364 e.coaetus
1765 5314 1871 5366 sive
1925 5327 2163 5364 οηηειιιιο
