4048 5368
251 322 383 378 ΗΞῙ

1459 312 1876 370 CllRONlCON.
1920 341 1988 352 —
2019 311 2147 369 LIB.
2189 311 2298 368 ΠΙ.

3391 317 3528 373 ΗΞΈ

246 440 490 504 veniens,
519 422 716 494 ibidem
743 427 1047 491 exercitum
1078 431 1276 487 suimet
1299 427 1674 486 castrametari
1705 444 1842 500 pon-
1867 445 1913 502 Α
1943 426 2226 499 dringeute
2274 426 2542 482 habentur
2584 426 2827 484 ecclesiae
2875 433 2930 483 et
2960 438 3233 485 mercatus
3263 429 3316 494 8,
3351 410 3529 500 popufi

245 542 438 600 testae
472 529 810 584 necessarios
856 541 1049 596 parare
1090 525 1264 594 jubet.
1315 523 1474 578 Juxta
1528 537 1687 591 quem
1745 535 1834 573 rex

243 623 552 678 Ituscorum
586 619 676 651 ⁸⁸³⁸
703 617 848 688 (991)
877 634 998 672 cum
1025 617 1137 671 suis
1169 616 1381 679 sedens,
1412 613 1652 669 futurum
1676 609 1836 667 duelli

248 714 484 770 invicem
531 709 764 764 condicti
801 719 1052 763 eventum
1085 706 1348 776 sollicitus
1378 703 1717 773 expectabat.
1756 701 1832 754 1n-

244 805 404 858 terim
435 802 782 857 Poleniorum
833 798 1226 868 provoeaciouc
1280 797 1368 829 ¹⁹³⁹
1406 794 1580 850 hostis
1620 807 1841 864 presens

246 896 317 950 ad
347 894 546 951 bellum
593 893 868 946 excitatur
912 899 966 945 et
1018 891 1084 943 ab
1138 904 1317 952 amne,
1361 903 1519 958 qtnm
1571 885 1838 948 1Ut-butttt‘,

245 988 598 1056 exittopinata
651 986 1006 1054 prosperitate
1053 984 1286 1051 fugatur.
1337 982 1413 1036 Ex
1469 983 1571 1036 hoc
1622 993 1840 1034 rumore

244 1078 554 1133 Bolizlavus
589 1075 892 1137 extollitur,
942 1083 993 1127 et
1045 1075 1329 1128 consocios
1368 1071 1545 1142 parari
1592 1081 1643 1124 ct
1684 1085 1836 1124 ncce-

245 1168 422 1224 lerare
464 1183 656 1235 rogans
686 1207 700 1230 ,
755 1166 1016 1230 fluvium,
1073 1165 1174 1219 etsi
1223 1164 1532 1227 laboriose,
1582 1163 1841 1217 velociter

246 1266 604 1320 transcendit.
673 1263 893 1316 Inimica
943 1270 1122 1314 autem
1175 1260 1320 1314 acies
1371 1270 1560 1314 contra
1635 1269 1840 1312 turma-

245 1361 342 1415 tim
383 1360 476 1390 ‘9”
524 1357 771 1412 ordinata
823 1355 1055 1425 patriam
1105 1352 1394 1408 defendere
1440 1367 1590 1405 suam
1641 1350 1838 1405 frustra

245 1451 460 1506 nititur.
494 1447 734 1516 Namque
771 1447 823 1499 iu
863 1445 1040 1515 primo
1072 1443 1324 1499 conﬂictu
1378 1443 1552 1504 cedit,
1585 1456 1649 1495 ac
1680 1457 1840 1494 nuut-

243 1557 410 1612 quam
459 1549 641 1610 postea
673 1535 886 1590 fortiter
916 1535 1137 1589 resistit.
1176 1534 1250 1588 Ibi
1279 1543 1385 1588 tum
1413 1548 1533 1587 cesa
1561 1542 1646 1586 est
1678 1531 1839 1584 inmt-

246 1650 396 1689 Iuera
429 1630 715 1688 multitudo
741 1629 1065 1700 fugiencium
1089 1637 1136 1682 et
1170 1643 1331 1698 parva
1363 1627 1648 1681 victurum.
1685 1623 1841 1678 lleri-

244 1743 346 1785 eus
377 1728 532 1783 miles
582 1726 799 1782 inclitus
851 1742 913 1780 ex
948 1728 1144 1780 nostris
1179 1724 1432 1795 oppetiit,
1483 1740 1642 1792 quem
1693 1723 1840 1791 iupe-

1942 531 2122 577 autcm
2154 525 2331 594 ignota
2364 538 2576 590 manus,
2605 539 2722 594 quze
2747 525 2886 580 sicut
2909 526 3086 581 omnis
3110 525 3226 581 hate
3250 527 3527 596 provincia

1943 629 2009 666 ex
2041 609 2388 682 fugitivorum
2441 615 2634 670 robore
2668 628 2951 670 servorum
2987 616 3090 670 huc
3118 616 3356 685 undique
3396 633 3530 671 cou-

1942 704 2257 771 flueueium,
2291 716 2345 761 et
2395 707 2634 762 maxime
2683 723 2748 761 ex
2780 707 3058 764 velocibus
3088 708 3273 774 Danis,
3304 708 3532 763 multum

1943 811 2002 851 se
2042 799 2362 853 nocentibus
2395 799 2676 868 Pecinegis
2715 799 2974 854 hae’euus
3009 799 3288 854 resistebat
3315 810 3368 854 ct
3399 800 3534 854 alios

1944 888 2214 944 vincebat.
2263 889 2373 945 llac
2419 891 2590 945 rlatus
2647 893 3005 963 prosperitate
3049 893 3352 949 Bolizlavus
3381 933 3394 956 ,
3443 911 3535 947 ar-

1943 981 2346 1052 chiepiscopum
2414 983 2668 1054 medione
2719 984 2811 1015 ηδ*
2861 983 2926 1036 ad
2977 982 3305 1037 Jarizlavum
3345 983 3487 1038 m'sit
3519 1023 3534 1046 .

1942 1073 2033 1142 qui
2067 1075 2133 1127 ab
2169 1089 2232 1126 eo
2263 1075 2427 1127 filiam
2465 1078 2659 1130 suimet
2712 1075 2895 1131 reduci
2934 1087 3133 1144 reierel
3166 1115 3181 1142 ,
3227 1085 3282 1131 et
3311 1093 3534 1130 uxorem

1943 1179 2095 1218 suam
2130 1180 2252 1218 eum
2287 1181 2516 1220 noverca
2566 1176 2617 1219 et
2666 1169 3054 1222 eousororibus
3105 1167 3254 1222 reddi
3309 1169 3535 1238 promit-

1944 1266 2099 1312 teret.
2132 1255 2256 1311 l‘ost
2295 1259 2408 1312 luce
2440 1257 2694 1312 ddeettnn
2733 1259 2982 1313 abbatem
3039 1276 3196 1313 suum
3245 1259 3380 1314 Tum
3437 1261 3530 1293 “"

1943 1351 2008 1404 ad
2069 1360 2316 1406 nostrum
2380 1351 2744 1420 inperatorem
2795 1368 2917 1407 cum
2960 1353 3171 1422 magnis
3224 1352 3538 1409 muneribus

1946 1442 2116 1508 tnisit,
2160 1453 2216 1497 ut
2265 1458 2416 1498 suazn
2447 1445 2677 1514 amplius
2711 1447 2940 1514 gratiam
2970 1455 3023 1499 et
3062 1445 3321 1500 auxilium
3350 1447 3538 1516 aequi-

1942 1545 2110 1601 reret,
2167 1547 2219 1590 et
2269 1551 2329 1592 se
2390 1546 2583 1592 (uncta
2633 1519 2726 1567 1“
2787 1537 2886 1591 sibi
2939 1537 3216 1608 pleencia
3267 1537 3538 1592 facturum

1943 1632 2208 1687 iudicaret
2247 1633 2421 1703 (996).
2465 1634 2545 1686 Ad
2572 1633 2822 1688 Greciam
2858 1633 2945 1664 ‘9”
2975 1647 3190 1704 quoque
3233 1633 3334 1688 sibi
3362 1634 3541 1702 proxi.

1943 1738 2088 1776 mam
2127 1723 2356 1776 num-ius
2394 1723 2538 1776 tnisit
2562 1763 2577 1789 ,
2608 1724 2698 1792 qui
2743 1722 2982 1791 ejusdem
3019 1724 3331 1795 imperatori
3372 1725 3537 1788 bona,

246 1831 401 1874 ratur
444 1827 628 1873 noster
672 1818 724 1872 in
751 1816 980 1871 vinculis
1024 1816 1114 1870 ditt
1163 1817 1382 1870 retinuit
1431 1815 1601 1884 (992).
1642 1813 1716 1868 Et
1754 1813 1841 1867 illa
1875 1815 1917 1874 Β
1947 1814 1994 1868 si
2030 1814 2184 1867 vellet
2231 1814 2293 1884 (f.
2348 1814 2470 1881 195)
2512 1813 2682 1868 ﬁtltllS
2715 1817 2920 1868 amicus
2969 1816 3155 1869 haberi
3191 1856 3205 1879 ,
3260 1815 3540 1884 promitte-

244 1911 337 1964 die
365 1909 672 1963 Bolizlavus
699 1917 881 1976 optata
926 1910 1290 1976 prosperitate
1327 1907 1574 1961 inimicos
1601 1906 1845 1972 palantis

247 2002 580 2072 iusequitUr,
613 2011 667 2056 et
697 2003 763 2053 ab
796 2000 988 2056 incolis
1017 2001 1268 2054 omnibus
1314 1998 1608 2069 suscipitur
1639 1997 1848 2052 multis-

247 2110 356 2164 que
404 2093 717 2148 muneribus
751 2093 1069 2148 honoratur.
1115 2091 1324 2146 lnlerea
1367 2093 1597 2161 quedam
1627 2091 1842 2154 civitas,

251 2185 409 2238 fratri
440 2200 535 2238 suo
563 2185 711 2252 (995)
744 2193 868 2238 tunc
899 2184 1178 2238 obadieus.
1215 2198 1243 2236 a
1288 2182 1557 2236 Jarizlavo
1593 2182 1642 2235 vi
1693 2181 1843 2250 capi-

254 2286 364 2340 tur,
413 2285 466 2330 et
513 2276 786 2330 habitator
831 2273 1072 2342 ejusdem
1120 2273 1426 2328 abducitur.
1473 2274 1612 2329 L'rhs
1664 2283 1842 2326 autem

248 2365 445 2420 Kitava
500 2365 648 2432 (995)
711 2365 874 2419 nituis
922 2364 1095 2418 valida
1169 2365 1237 2419 ab
1294 2365 1538 2420 hostibus
1584 2362 1846 2418 Pedcneis

248 2468 434 2510 ortatu
476 2455 732 2510 Bolizlavi
780 2458 970 2512 ere-bra
1017 2456 1412 2526 inpugnat-ioue
1459 2464 1767 2511 concutitur
1793 2463 1848 2510 et

250 2552 504 2606 ittct-ndio
554 2551 702 2621 gravi
756 2551 1075 2604 minoratur.
1131 2551 1360 2606 Defensa
1421 2559 1504 2605 est
1551 2560 1730 2604 autem
1780 2548 1848 2604 ab

248 2643 371 2696 suis
421 2642 861 2708 habitatoribus,
909 2642 1002 2696 sed
1055 2642 1306 2709 celeriter
1352 2643 1522 2713 patuit
1572 2644 1848 2697 extraneis

250 2736 495 2801 viribus;
555 2751 786 2805 namque
832 2752 860 2788 a
911 2751 1035 2805 rege
1074 2737 1160 2766 ‘9'”
1208 2751 1307 2790 suo
1358 2737 1410 2790 in
1466 2737 1644 2806 fugam
1696 2751 1850 2790 verso

252 2825 446 2880 relicta
475 2865 487 2889 ,
528 2826 610 2880 19.
656 2825 927 2880 Kalendas
976 2825 1312 2895 Septembris
1368 2825 1697 2879 Bolizlavum
1733 2865 1748 2888 ,
1795 2835 1850 2878 et

258 2931 423 2984 quem
469 2916 556 2969 ditt
602 2916 884 2976 amiserat.
930 2914 1318 2984 Zentepulctnn
1372 2916 1641 2970 seniorem
1666 2931 1844 2980 suum,

250 3003 413 3072 cujus
452 3005 623 3074 gratia
655 3014 704 3058 et
740 3014 1048 3058 nostrorum
1100 3005 1291 3058 timore
1336 3004 1514 3058 omnis
1563 3005 1662 3057 hcc
1706 3004 1851 3074 regio

252 3111 517 3150 conversa
563 3104 666 3157 est,
696 3096 953 3163 suscepit.
988 3095 1438 3165 Arclriepiscopus
1484 3095 1543 3165 (f.
1573 3096 1694 3164 19‘2)
1723 3098 1853 3152 civi-

253 3187 391 3242 tatis
427 3187 570 3240 illius
618 3204 737 3240 cum
787 3187 1030 3257 reliquiis
1060 3198 1372 3241 sanctorum
1403 3197 1457 3242 et
1502 3190 1716 3242 caeteris
1760 3202 1850 3240 or-

253 3280 476 3338 natibus
501 3279 726 3335 diversis
755 3280 850 3335 hos
873 3281 1224 3334 advenientes
1252 3279 1537 3334 honoravit
1565 3280 1616 3333 in
1662 3288 1849 3334 sancte

256 3373 592 3428 monasterio
633 3372 853 3436 Sofhize,
886 3373 1030 3442 qttod
1083 3373 1133 3426 in
1166 3371 1334 3447 priori
1382 3389 1524 3427 anno
1570 3373 1852 3427 miserabi-

253 3463 385 3518 liter
412 3479 538 3518 casu
567 3463 848 3517 accidente
877 3462 1218 3516 combustum
1248 3471 1330 3516 est
1363 3462 1510 3531 (995)
1544 3461 1655 3534 [mn
1690 3463 1846 3526 1018,

259 3554 449 3626 Aug].
484 3553 556 3609 lbi
586 3554 685 3608 fuit
719 3569 949 3608 noverca
984 3554 1125 3623 regis
1151 3554 1400 3623 prcdicti,
1432 3571 1585 3619 uxor,
1628 3563 1679 3607 et
1707 3554 1738 3607 9
1767 3569 1852 3606 so-

257 3661 415 3700 rores
439 3646 554 3715 ejus
577 3647 702 3708 lem,
730 3661 960 3715 quarum
991 3662 1151 3698 uuam
1183 3647 1331 3713 prius
1361 3647 1429 3700 ab
1459 3662 1525 3698 eo
1573 3645 1663 3676 ηδ’
1711 3647 1852 3699 desi-

255 3736 505 3789 deratam
552 3736 806 3804 antiquus
845 3735 1138 3790 fornicator
1169 3735 1502 3800 Bo'izIavus,
1531 3735 1693 3788 oblita
1723 3751 1852 3790 con-

257 3827 442 3882 tectali
475 3843 592 3892 sua,
646 3829 844 3898 injuste
877 3827 1120 3881 duxi-rat.
1162 3826 1453 3880 luefl'abilis
1503 3828 1571 3879 ibi
1625 3827 1850 3897 pecunia

258 3921 310 3974 ei
348 3919 674 3981 ostenditur,
711 3917 863 3986 cujus
911 3934 1106 3988 magna
1139 3934 1265 3987 pars
1312 3919 1616 3987 hospitibus
1646 3919 1760 3973 suis
1792 3933 1853 3972 ac

257 4012 562 4066 fautoribus
616 4011 999 4076 distribuitur,
1048 4011 1277 4079 quedam
1333 4025 1463 4064 vero
1508 4012 1574 4063 ad
1621 4010 1852 4079 patriam

259 4104 519 4168 mittitur.
552 4102 790 4156 Fuerant
842 4104 894 4156 in
929 4103 1132 4157 auxilio
1162 4103 1389 4172 predieti
1424 4103 1583 4158 ducis
1609 4118 1673 4156 ex
1703 4113 1855 4172 parte

257 4205 450 4248 nostra
483 4195 732 4256 trecenti,
785 4204 833 4246 et
870 4209 933 4248 ex
970 4193 1220 4263 ngatiis
1263 4193 1562 4262 quingenti,
1617 4211 1680 4249 ex
1713 4195 1855 4248 Peti-

257 4287 381 4340 ncis
416 4297 592 4341 autem
641 4286 785 4341 mille
821 4287 940 4340 viri.
967 4287 1168 4342 Omnes
1214 4288 1290 4341 hii
1345 4296 1475 4342 tunc.
1518 4288 1733 4342 domum
1767 4288 1856 4320 “"3

258 4379 703 4442 retttittebautur,
733 4394 854 4431 eum
885 4378 1167 4448 indigenas
1197 4379 1509 4444 adventare,
1544 4379 1726 4434 Lideles
1751 4381 1852 4434 sibi

257 4483 548 4540 apparere,
579 4471 760 4526 senior
791 4468 1032 4538 profatus
1083 4470 1376 4524 lctabatur.
1423 4470 1476 4523 1n
1525 4488 1718 4540 magna
1753 4476 1855 4526 hac

1953 1915 2107 1970 rent;
2144 1906 2226 1959 sin
2258 1916 2469 1970 autem,
2508 1907 2717 1960 hostem
2755 1904 3124 1960 firmissimum
3166 1904 3541 1959 aeinviucibi-

1947 1998 2052 2053 lem
2089 1997 2204 2051 fieri
2248 1998 2580 2053 intimarent.
2619 1999 2762 2054 Inter
2815 2001 2928 2053 lucc
2965 2000 3146 2054 omnia
3192 2000 3539 2069 omnipotens

1949 2087 2088 2141 Deus
2125 2087 2345 2142 assistat
2382 2089 2611 2153 medius,
2663 2099 2714 2141 et
2749 2088 2878 2159 quid
2925 2089 3024 2143 sibi
3077 2089 3148 2143 sit
3181 2088 3437 2158 placitqu
3482 2101 3540 2146 et

1947 2183 2103 2236 nobis
2134 2182 2454 2251 proficuum,
2488 2181 2782 2237 clementer
2815 2183 3086 2236 ostendat.
3124 2181 3182 2235 lu
3208 2182 3397 2236 diebus
3425 2182 3533 2238 illis

1951 2273 2067 2329 Udo
2088 2288 2271 2328 eomes
2295 2273 2411 2337 ³³³⁸,
2439 2287 2602 2343 nepos
2630 2289 2800 2338 meus,
2833 2273 3197 2339 llirimauum,
3225 2288 3323 2329 eoe
3344 2274 3540 2343 malem

1948 2364 2048 2419 sibi
2088 2373 2196 2419 tam
2239 2365 2292 2419 in
2336 2363 2620 2420 nobilitate
2657 2381 2819 2434 (luam
2869 2365 2922 2419 in
2959 2374 3246 2434 potestate,
3291 2366 3456 2435 cepit,
3489 2375 3545 2418 et
3593 2393 3595 2395 -

1951 2457 2180 2510 invitum
2221 2455 2274 2510 in
2313 2450 2464 2510 suam
2499 2456 2864 2510 mutticionem
2893 2452 3070 2509 duxit.
3110 2454 3191 2509 Ob
3221 2456 3322 2510 hoc
3350 2468 3544 2508 vereor

1947 2540 2186 2618 aliquam
2246 2545 2444 2601 filicem
2495 2545 2854 2614 periculosam
2899 2543 3075 2611 oriri,
3143 2559 3261 2614 qua:
3308 2543 3394 2598 vix
3449 2551 3544 2596 aut

1949 2639 2258 2693 nullatenus
2281 2639 2448 2708 possit
2486 2637 2753 2693 eradicari

2021 2732 2106 2785 17.
2149 2732 2222 2785 De
2253 2731 2578 2800 imperatore
2628 2740 2813 2787 nostro
2842 2745 2986 2785 nunc
3015 2744 3195 2786 sermo
3227 2728 3360 2784 mihi
3385 2732 3501 2798 orta
3525 2759 3538 2768 -

1951 2831 2056 2887 tur,
2089 2824 2180 2894 qui
2231 2825 2299 2878 de
2349 2823 2520 2878 invisa
2560 2824 2911 2894 expedit-ioue
2943 2823 3092 2894 (997)
3146 2837 3398 2877 reversus
3429 2821 3542 2892 (an.

1953 2915 2112 2982 1018,
2139 2915 2335 2985 Sept),
2389 2916 2462 2970 nil
2490 2917 2556 2971 de
2604 2917 2882 2987 promissis
2929 2915 3192 2986 percepit,
3224 2914 3316 2968 sed
3349 2931 3543 2984 parum

1952 3009 2056 3064 sibi
2084 3009 2444 3063 renitentibus
2479 3010 2685 3063 nocuit.
2734 3008 2902 3078 llujus
2935 3009 3093 3062 miles
3122 3007 3338 3077 egreius
3379 3012 3545 3075 atque

1957 3103 2153 3165 fidelis,
2191 3103 2295 3155 dux
2330 3102 2651 3156 'l‘hiedricus
2689 3100 2856 3171 (998),
2899 3116 3020 3155 cum
3068 3100 3136 3154 ab
3166 3115 3231 3155 eo
3261 3108 3548 3169 separatus

1879 3173 1922 3234 Ο
1955 3195 2173 3249 dontutn
2206 3208 2432 3264 pergere
2476 3192 2758 3255 voluisset,
2790 3206 2819 3246 a
2868 3193 3102 3260 quodam
3135 3191 3370 3253 seniore,
3423 3189 3547 3244 Ste-

1953 3287 2130 3355 phano
2157 3287 2247 3318 ""9
2276 3285 2517 3348 nomine,
2549 3283 2753 3337 cesaris
2789 3292 2951 3351 atque
2980 3281 3220 3346 suimet,
3253 3289 3311 3334 ut
3347 3280 3547 3350 patuit,

1954 3378 2219 3438 inimico,
2274 3376 2408 3432 locis
2469 3376 2818 3446 impugnatur
2873 3375 3099 3440 abditis;
3155 3384 3211 3429 et
3257 3389 3378 3428 eum
3433 3372 3549 3440 jam

1955 3474 2129 3525 victor
2158 3470 2437 3534 existeret,
2481 3467 2652 3522 utilite
2695 3469 2748 3521 in
2798 3466 3018 3536 predatn
3053 3465 3298 3529 cadente,
3352 3464 3547 3518 iterum

1956 3563 2144 3624 initur,
2201 3572 2256 3616 et
2306 3577 2403 3630 pro
2451 3561 2632 3614 dolor!
2698 3569 3007 3627 superatus,
3059 3573 3181 3611 eum
3233 3557 3422 3626 paucis
3457 3556 3548 3588 1°"

1953 3649 2159 3718 cffugit.
2195 3648 2316 3701 ll.cc
2370 3648 2469 3700 fuit
2516 3648 2564 3701 ei
2608 3647 2658 3700 itt
2712 3646 2903 3700 talibus
2935 3647 3170 3700 secunda
3221 3646 3544 3713 temptaeio;

1953 3753 2003 3796 rt
2035 3742 2194 3795 faciat
2227 3740 2368 3795 Deus
2397 3749 2455 3792 ιιι
2484 3755 2588 3793 non
2641 3739 2855 3792 eveniat
2888 3738 2960 3791 illi
2994 3737 3160 3791 tercia
3189 3737 3544 3808 periclitacio.

1953 3835 2250 3904 imperator
2282 3842 2467 3889 noster
2498 3849 2617 3888 etnn
2667 3832 2735 3888 de
2785 3833 2869 3887 his
2915 3833 3169 3887 omnibus
3225 3831 3313 3862 ¹υ¹⁵¹
3364 3829 3546 3885 enice-

1958 3942 2107 3981 retttr
2153 3937 2354 3989 certus,
2393 3943 2556 3980 ttntttu
2610 3926 2663 3979 itt
2704 3925 2900 3979 Suevia
2948 3925 3170 3992 regione
3217 3923 3545 3992 colloquium

1955 4017 2023 4071 de
2056 4032 2111 4070 re
2142 4017 2353 4086 publica
2398 4017 2603 4076 habuit,
2642 4025 2698 4070 et
2730 4031 2850 4070 mox
2902 4031 2996 4085 per
3028 4015 3233 4069 Ιὶυειιιιιι
3285 4013 3547 4068 sollicitus

1957 4109 2252 4164 descetnlit.
2285 4107 2526 4177 Namque
2549 4117 2928 4177 cooperatores
2953 4105 3068 4175 ejus
3094 4115 3149 4161 et
3172 4105 3318 4175 regni
3349 4105 3547 4178 suimet

1957 4202 2205 4256 col-amne
2244 4203 2481 4255 maxima
2511 4209 2664 4272 parte
2694 4217 2790 4270 pro
2819 4199 2999 4253 dolor!
3030 4197 3292 4260 cecidere,
3335 4196 3546 4266 sibique

1958 4308 2120 4361 grave
2149 4293 2358 4362 pondus
2377 4291 2647 4346 ecetdtum
2676 4290 2765 4323 ¹⁰³²
2793 4288 2914 4343 lidei
2948 4288 3294 4343 simulatores
3317 4289 3546 4343 occultis

1959 4383 2214 4437 resistere
2267 4381 2478 4436 insidiis
2531 4397 2627 4451 per
2681 4388 2972 4436 extraneos
3017 4377 3284 4445 nituntur,
3334 4385 3394 4432 ut
3438 4393 3544 4434 non

1961 4474 2125 4528 liccat
2178 4474 2225 4528 ei
2279 4473 2530 4527 libertate
2581 4472 2899 4542 congruenti
2970 4471 3267 4540 inperare,
3325 4484 3544 4524 eorum-

259 4562 502 4626 eivitate,
535 4578 636 4632 que
675 4563 832 4617 istius
869 4563 1018 4632 regni
1049 4573 1212 4631 caput
1239 4573 1349 4628 est,
1381 4563 1501 4631 plus
1532 4580 1693 4632 quant
1724 4580 1856 4633 qua-
1891 4559 2069 4638 D’que
2097 4566 2348 4635 injustam
2375 4565 3112 4636 temeritatem“'"jnaliquo
3136 4563 3543 4621 ntittorare‘°"°.

1537 4675 1772 4732 VARIAS
1830 4679 2242 4736 LECTIONES.

339 4788 429 4861 ’Ψ
462 4804 707 4843 rurornm
733 4791 783 4861 1.
835 4789 1360 4861 A””provocacioné
1394 4792 1444 4846 ιι.

267 4859 358 4893 ⁸⁸³³
386 4860 601 4913 domum
636 4860 684 4912 1.
724 4859 778 4911 in
807 4859 1013 4914 duabus
1044 4865 1213 4916 linesi.

269 4931 359 4964 ³³⁸⁸
399 4942 552 4984 cuuct
589 4930 635 4982 1.
718 4929 806 4961 ""7
848 4933 999 5001 grant
1027 4935 1078 4987 1.
1123 4934 1308 4989 utbem
1345 4934 1400 4988 2.

269 5003 321 5054 iu
359 5001 567 5054 occulto
603 5001 920 5056 imminebat
945 5004 996 5055 2.
1025 5007 1088 5057 Α.
1119 5004 1181 5058 S.

1482 4935 1572 4972 "‘3
1613 4935 1732 4988 (iiiis
1764 4939 1813 4992 ‘1.

1525 4791 1614 4825 ηἰο
1641 4792 1907 4850 tuimatim
1933 4797 1984 4850 1.

1295 4864 1386 4941 ’θῇ
1409 4863 1880 4941 εεὶζξςειρὲιρξὶιυ.
1929 4867 2050 4941 “1"”
2077 4867 2118 4922 Τ
2126 4870 2273 4933 intui,
2305 4870 2355 4922 itt
2383 4861 2514 4940 quo"
2528 4872 2787 4941 regnabat
2809 4880 2917 4924 tota
2933 4866 3282 4941 hypochrisis
3387 4861 3557 4941 A._§.

1926 4936 2015 4971 ""9
2053 4941 2286 5009 stpltano
2321 4941 2368 4993 1.
2401 4936 2414 4940 _
2451 4941 2542 4973 ¹⁰⁵⁰

1261 5007 1350 5037 te“
1391 5015 1445 5058 et
1495 5006 1763 5061 libertatis
1792 5006 2135 5064 insolentiam
2162 5011 2216 5066 '2.
2249 5012 2314 5062 Α.
2347 5009 2405 5064 S.

2064 4797 2150 4869 ‘1'“
2176 4799 2249 4851 ita
2272 4799 2335 4851 A.
2365 4797 2424 4853 S.
2450 4815 2608 4869 agere
2633 4801 2684 4855 1.
2765 4799 2856 4837 ηδ’
2885 4797 3069 4852 habeo
3096 4797 3252 4869 1_a.get
3273 4793 3347 4869 ito
3378 4793 3552 4869 inp-ﬂ.

2583 4934 2752 5010 pauos
2782 4943 2830 4992 1.
2859 5009 2866 5010 ί
2929 4938 3018 5010 ¹ξ⁵¹
3058 4937 3274 5010 mnibus
3436 4934 3568 5010 ’ωδε

2485 5003 2740 5066 ίθδίϐοιι.
2768 5011 2823 5062 ‘2.
2851 5009 2903 5059 in
2930 5007 3035 5074 ﬁne
3065 5007 3215 5058 addit
3247 5003 3588 5074 {Conﬁnes

268 5074 377 5150 iste
399 5073 532 5123 liber
563 5079 714 5150 gesta
745 5072 982 5149 quinque
1015 5076 1423 5150 imperatorum,
1473 5077 1523 5129 id
1553 5087 1632 5149 est
1662 5077 1905 5149 illeinrici
1941 5080 2098 5148 primi
2131 5092 2185 5135 et
2213 5084 2374 5136 trium
2418 5083 2650 5136 filiorum
2687 5081 2826 5148 ejIIS.
2863 5072 3105 5150 0}}0_IIiS,
3135 5075 3227 5145 (ιιιί
3251 5073 3431 5150 ἀίειεξε
3464 5089 3609 5147 εει
