4048 5368
331 348 463 403 Ηἒό

319 563 734 624 transmeantrs,
775 573 886 617 toto
913 569 1089 623 conis
1131 572 1349 640 intuitu,
1381 587 1578 650 tuoque
1605 585 1777 653 potius
1810 590 1884 660 (ι)

314 643 590 718 suﬂ'ragio,
639 649 820 708 itidem
850 655 1032 715 facere
1067 677 1389 734 permoneo;
1431 682 1548 726 astu
1582 683 1779 739 tamen,
1821 696 1888 736 ne

311 737 419 790 rari
441 741 698 807 germinis
718 746 1004 804 seminaria
1029 751 1241 810 incaute
1260 758 1532 818 calcantes
1555 766 1880 838 deprimant;

309 840 413 881 neu
443 828 650 886 interea
681 835 852 907 (dum)
881 839 932 894 in
963 857 1171 901 annona
1203 849 1456 918 depressa
1483 858 1712 923 petitura
1738 863 1786 916 ol
1825 881 1884 920 ra

308 919 519 985 lenitus
542 926 842 995 exstirpare
881 934 1144 1001 nituntur,
1203 940 1350 1008 justa
1379 949 1556 1014 potius
1593 952 1878 1022 plantaria,

303 1024 425 1064 tum
459 1013 614 1069 malis
641 1021 846 1086 pariter
872 1030 1078 1082 secanti
1104 1029 1398 1104 intercepta
1437 1043 1667 1106 sarculo,
1701 1049 1881 1102 eradi-

303 1102 474 1155 ran-Jo
503 1108 836 1178 praecidant;
876 1116 969 1170 sed
997 1123 1350 1180 exsccrabilia
1383 1127 1540 1199 hujus
1571 1137 1878 1204 superﬁciei

300 1191 446 1258 lolia,
488 1201 720 1266 quodam
767 1203 868 1260 levi
911 1213 1211 1274 conamine.
1248 1221 1450 1287 passim
1494 1239 1591 1292 per
1635 1227 1874 1287 locorum

297 1284 468 1351 spatia
515 1290 848 1359 negligenter
880 1312 1149 1368 respersa,
1181 1284 1343 1362 fundo
1377 1321 1532 1369 tenus
1560 1318 1870 1387 explodant.

297 1371 352 1426 Si
386 1373 504 1430 haec
531 1380 660 1434 mihi
687 1383 962 1440 affectanti
995 1397 1320 1460 praecantina
1355 1399 1498 1471 (5)...
1527 1411 1870 1467 concedenda

293 1467 592 1534 persentio,
635 1475 767 1528 satis
807 1478 1043 1545 gratiosa
1091 1467 1732 1562 beneficiarrpemlcnda
1778 1501 1870 1557 de—

292 1568 509 1622 promo;
537 1561 624 1613 sin
664 1573 845 1619 autem
883 1569 1078 1627 invidis
1119 1578 1435 1635 aemulorum
1475 1586 1868 1648 abdicamentis

292 1641 523 1701 t‘efutata
571 1660 902 1722 temnuntur,
962 1661 1244 1730 ignoratur
1295 1673 1480 1742 utique
1525 1680 1651 1744 quid
1697 1685 1865 1740 satius

288 1747 582 1804 tnceptem,
613 1758 776 1812 quam
815 1757 870 1801 ut
913 1756 1130 1822 propria
1161 1757 1434 1827 faicicula,
1471 1766 1594 1823 licet
1635 1771 1705 1826 sit
1742 1789 1862 1830 sca-

287 1822 469 1890 brosa,
495 1831 830 1889 esutilatione
859 1843 1118 1897 tenuatim
1149 1846 1400 1916 obducta,
1419 1822 1690 1926 propriam
1715 1878 1860 1919 mcs-
1893 1836 1940 1896 Β

285 1929 400 1970 sem
433 1921 610 1978 sudati
661 1924 860 1984 laboris
900 1946 1000 2000 pro
1042 1951 1202 2004 posse
1243 1943 1436 1999 virium
1483 1948 1631 2017 piare
1675 1968 1862 2022 proce-

284 2007 409 2063 dam
441 2028 455 2066 :
496 2014 542 2068 si
581 2024 758 2073 tamen
795 2025 1028 2091 quodam
1072 2029 1464 2093 demonstranti
1493 2041 1716 2111 digitulo
1742 2062 1862 2102 cor-

283 2098 510 2169 rigentis
559 2105 829 2166 indicetur
863 2129 964 2183 qua
1003 2129 1158 2186 parte
1198 2124 1438 2182 locorum
1471 2098 1669 2190 inserta
1703 2139 1860 2193 vitia-

280 2189 405 2246 bilis
426 2195 602 2265 campi
635 2201 898 2271 vituperia
929 2222 1253 2276 provocatus
1275 2217 1530 2277 incidam.
1556 2224 1696 2296 Ergo
1727 2245 1860 2298 quo-

279 2281 427 2336 niam
457 2300 620 2341 cansa
655 2290 885 2350 inscitia:
927 2299 980 2352 id
1023 2303 1139 2357 fieri
1169 2309 1312 2374 quod
1352 2313 1472 2368 volo
1503 2281 1764 2387 nequuibit:
1802 2323 1856 2378 id

279 2374 498 2429 laudent
527 2382 671 2448 quod
702 2399 842 2453 queo
884 2391 1019 2446 velle
1049 2399 1364 2469 compellor.
1410 2403 1523 2463 Hoc
1564 2374 1852 2485 siquidem,

277 2473 334 2518 ut
366 2467 480 2536 (ad)
515 2481 756 2538 optatam
789 2480 1068 2547 praelocuti
1114 2467 1346 2563 theoiogi
1398 2497 1476 2567 (6)
1520 2467 1852 2563 mentionem

274 2555 458 2625 (quam
484 2559 662 2630 lepido
687 2564 965 2628 facilitatis
985 2575 1215 2649 eulogio,
1238 2585 1342 2650 vel,
1375 2589 1418 2641 si
1449 2592 1670 2657 possim,
1700 2610 1849 2651 sum-

273 2651 462 2705 malim
507 2653 583 2724 (7)
624 2658 875 2730 rimatus,
915 2670 1165 2738 capitella
1207 2689 1530 2750 oumemque
1568 2698 1850 2752 procerum

271 2740 497 2810 hujusce
522 2755 747 2807 textura:
775 2757 993 2824 seriem,
1020 2761 1365 2833 cbrysidineo
1386 2771 1462 2841 (8)
1486 2775 1763 2833 schemate
1786 2795 1852 2836 ac

269 2830 489 2889 biformi
520 2837 596 2907 (9)
636 2843 924 2902 renitentis
957 2830 1145 2908 electri
1176 2857 1356 2914 colore
1391 2830 1707 2930 gemmatim
1739 2870 1848 2925 dis-

267 2937 473 2991 serere,
523 2932 842 3008 gestiebam)
892 2955 1035 2998 nunc
1080 2946 1272 3003 saltem
1319 2955 1551 3023 satyrica
1597 2956 1847 3017 fatuitate

263 3029 566 3089 gressuque
600 3024 842 3095 lapsandi
876 3037 1031 3104 quasi
1071 3040 1250 3097 minus
1287 3047 1507 3115 sapiens
1542 3054 1848 3113 vacillando

267 3107 534 3169 incedam.
566 3117 754 3175 Malius
785 3133 962 3182 tamen
1005 3139 1170 3187 tanta:
1198 3136 1324 3191 vita:
1352 3151 1690 3200 venustatem
1728 3148 1843 3202 ido-

262 3203 385 3257 neis
418 3211 868 3275 cumpositoribus
899 3221 975 3288 (ni
1006 3222 1150 3278 beati
1181 3229 1442 3287 antistitis
1475 3234 1844 3297 imminentem

261 3292 403 3347 iram
427 3297 1284 3376 pertimescam)conscribendam
1310 3337 1557 3393 reservo;
1585 3331 1710 3398 quia
1739 3349 1844 3389 non

258 3397 473 3440 summa
526 3391 838 3462 profitente,
891 3415 1162 3472 quoquam
1214 3409 1266 3463 in
1318 3412 1478 3484 hujus
1515 3391 1685 3474 cosmi
1736 3423 1842 3479 situ

258 3479 647 3547 praestantior;
699 3493 781 3540 ast
845 3495 1092 3558 personis
1145 3501 1417 3567 omnibus,
1471 3507 1595 3565 divo
1650 3527 1845 3571 carens

257 3567 532 3636 dogmate,
564 3574 887 3644 despectior.
921 3583 1052 3639 Nam
1101 3602 1131 3642 e
1174 3594 1531 3658 prudentibus
1570 3605 1840 3662 neminem

257 3653 471 3712 liberali
521 3664 788 3720 eruditum
835 3670 1052 3741 ingenio
1096 3684 1485 3748 propemodum
1533 3697 1836 3762 pernoscis,

253 3748 349 3816 qui
387 3760 492 3806 tam
530 3755 754 3811 deformi
785 3760 1036 3820 facundia
1067 3768 1120 3822 in
1151 3773 1459 3832 scribendis
1489 3783 1746 3852 prologis,
1780 3797 1839 3843 ut

253 3854 381 3906 ego,
407 3843 652 3900 videatur
678 3851 846 3907 abuti.
875 3854 983 3910 llas
1013 3868 1190 3914 tamen
1217 3877 1511 3936 sequentes
1532 3877 1841 3948 paginulas,

252 3941 424 3996 parvo
457 3937 772 4002 capacitatis
801 3943 989 4001 fomite
1008 3958 1281 4023 utcunque
1303 3937 1656 4031 compositas,
1683 3937 1835 4026 fidis:

248 4021 390 4081 siaza
424 4026 671 4090 nutritum.
692 4037 1046 4100 attestatiw):
1067 4021 1295 4124 purgato
1326 4021 1469 4128 (ιώ,
1495 4054 1540 4116 si
1572 4071 1676 4133 «tua
1707 4074 1838 4136 spro-

247 4117 368 4186 pria
403 4126 707 4192 temeritate
739 4132 968 4203 effigiata
1018 4139 1249 4212 insignia
1297 4147 1350 4201 in
1391 4151 1475 4206 his
1517 4169 1602 4208 me
1645 4172 1836 4214 conse-

247 4211 430 4264 ruisse
486 4215 714 4287 difﬁdas,
772 4227 874 4280 nisi
933 4227 1073 4287 forte
1133 4251 1254 4306 quae
1317 4241 1402 4295 vel
1465 4245 1697 4303 vid‘ndo
1747 4250 1833 4306 vel

239 4303 539 4372 audiendo,
581 4311 706 4368 licet
755 4317 1028 4377 intellectu
1061 4303 1317 4396 torpenti,
1359 4335 1427 4389 ab
1468 4336 1587 4406 ipso
1627 4303 1841 4397 didice;

183 4427 186 4430 -
244 4406 402 4459 ram;
452 4399 533 4452 vel
581 4404 744 4460 etiam
794 4426 863 4463 ex
903 4410 1020 4480 ejus
1062 4417 1313 4488 alumnis,
1360 4440 1496 4494 quos
1545 4443 1574 4482 a
1630 4434 1826 4490 tenella

235 4480 542 4549 juventutis
585 4502 741 4550 aetate
780 4502 848 4555 ad
903 4504 1046 4560 viros
1081 4525 1252 4578 usque
1287 4517 1576 4584 perfectos,
1621 4523 1825 4580 doctri-
1851 4521 1902 4580 D

237 4590 440 4632 narum
462 4585 677 4652 pabulis
697 4589 952 4649 decenter
975 4598 1284 4667 instructos,
1305 4607 1827 4676 ipsemeteducando

241 4668 486 4728 deduxit.
518 4681 804 4751 Act-optes,
842 4687 1094 4757 obsecro,
1127 4695 1242 4750 sola
1278 4708 1461 4767 septus
1485 4707 1826 4765 connexioue

237 4760 547 4832 charitatis,
587 4770 781 4828 horum
826 4779 1176 4848 apicellorum
1223 4795 1436 4844 tenuem
1485 4797 1827 4869 congeriem,

253 4901 260 4907 ”
313 4919 389 4994 (ξ)
431 4922 666 4994 Terram,
694 4927 830 4986 forte
855 4942 1097 4992 terream.

314 4989 391 5059 (4)
434 4989 661 5052 Potitus;

311 5061 385 5172 (5h)
419 5061 742 5172 II’t-ecurrtina
769 5071 1140 5172 addunturque
1162 5081 1272 5172 hmo
1288 5082 1474 5148 verba,
1499 5088 1828 5171 quiscunque

311 5149 348 5172 1ο
384 5151 412 5172 η
439 5153 650 5172 nono-arn-
680 5157 828 5172 θοὴ-ιη..
857 5160 898 5172 αι.
948 5163 1060 5172 ..ι-ι...
1088 5165 1133 5172 -..
1214 5156 1224 5172 ι
1321 5164 1333 5172 ι
1365 5168 1405 5172 ν,
1430 5170 1448 5171 η
1639 5163 1648 5172 ι

234 5147 265 5172 ρ
287 5134 650 5172 ἸοῘηιῘηοινιοςιηι
680 5143 898 5172 nni-nulla...
948 5163 1028 5172 ...υ

911 360 1278 424 BRlD'r'EliTl
1323 372 1775 436 liAJIESlENSIS
1816 385 2121 444 MONACHI
2164 393 2314 447 VITA
2361 396 2602 452 SANCTI
2634 399 2998 460 DUNST’ANI.

321 471 537 520 ternum
566 469 642 535 ('5)
667 484 715 523 ni
739 473 835 526 stri
871 475 1032 531 libelli
1062 492 1298 551 segetem
1335 486 1633 546 litterarum
1667 496 1888 563 pedibus
1919 504 1964 562 Α
1996 503 2078 556 vix
2110 505 2338 562 ebenina
2376 510 2487 580 (fl)

3428 415 3564 471 1426

2535 512 2838 570 titulatione
2882 520 3128 590 styloqne
3164 524 3394 581 fuscanti
3436 543 3565 586 cun-

1990 609 2212 661 cretam,
2243 614 2426 660 contra
2454 621 2641 664 omnes
2665 610 2957 670 invisorios
2979 619 3202 674 ramulos
3220 621 3415 679 invicta
3440 641 3565 695 pro-

1990 693 2316 760 pugnatione
2354 698 2641 763 tuendam,
2693 717 2797 756 non
2845 703 3056 762 favorio
3096 710 3328 780 deditam
3382 693 3566 771 rumu—

1989 779 2161 846 sculo,
2207 783 2300 838 sed
2345 795 2447 841 tum
2485 790 2796 858 specialiter
2837 797 3159 854 sublimitati
3201 802 3473 859 collatam.
3502 805 3562 860 in

1987 868 2088 922 hac
2123 873 2318 942 quippe
2343 874 2561 932 litterali
2593 881 2834 949 planitie,
2876 898 3109 943 mentem
3141 894 3313 962 magis
3339 905 3562 962 sponta-

1985 975 2139 1015 neam
2164 965 2477 1035 ambientis,
2507 986 2669 1039 quam
2706 987 2971 1047 agrestem
3007 984 3376 1050 componentis
3407 986 3560 1054 igna-

1973 1053 2150 1119 viam,
2181 1055 2446 1126 explorari
2481 1062 2591 1132 (12)
2613 1063 2846 1135 deposco
2873 1088 2884 1124 :
2915 1080 3090 1141 teque,
3124 1074 3242 1131 sine
3268 1086 3370 1132 tua:
3398 1079 3562 1134 offen-

1980 1145 2150 1202 sionis
2217 1150 2485 1219 molestia,
2555 1171 2768 1224 moneo,
2830 1163 2966 1217 tanti
3027 1164 3202 1221 Patris
3263 1168 3558 1226 virtutibus

1978 1235 2284 1306 informari,
2333 1244 2592 1314 exemplis
2633 1248 2749 1317 ejus
2791 1251 3007 1320 instrui,
3049 1256 3291 1313 moribus
3331 1260 3554 1325 muniri,

1976 1325 2277 1398 disciplinis
2308 1331 2615 1400 .justiﬁcari
2632 1352 2646 1390 :
2664 1347 2719 1392 ut
2745 1341 2898 1409 cujus
2917 1344 3167 1399 exstitisti
3193 1361 3479 1405 successor
3502 1351 3556 1405 in

1975 1417 2158 1483 terris,
2205 1419 2321 1486 ejus
2373 1427 2636 1481 merearis
2688 1433 2942 1497 perennis
2989 1421 3125 1490 esse.
3161 1437 3442 1494 confessor
3496 1441 3549 1498 iu

1972 1508 2147 1574 caelis,
2197 1509 2460 1580 largiente
2503 1516 2729 1575 Domino
2773 1530 2956 1577 nostro
2995 1523 3120 1580 Jesu
3165 1526 3404 1597 Christo,
3459 1534 3553 1602 qui

1969 1611 2092 1651 cum
2145 1609 2412 1657 coaeteruo
2467 1604 2627 1662 Patre
2679 1623 2974 1681 sanctoque
3033 1615 3238 1685 Spiritu
3307 1621 3441 1677 vivit
3499 1633 3556 1677 et

1968 1698 2159 1760 regnat
2205 1692 2366 1762 Deus,
2411 1711 2510 1766 per
2542 1701 2725 1755 omnia
2760 1704 2955 1758 srecula
2985 1706 3325 1764 smeulorum.
3355 1711 3550 1767 Amen.

2484 1806 2711 1864 CAPUT
2748 1810 3037 1869 PRIMUM.

1968 1890 2150 1961 Ortus,
2189 1895 2448 1964 educatio,
2487 1901 2688 1966 studia,
2717 1921 2862 2025 mlora
2896 1906 2950 1960 in
2989 1907 3115 1962 aula
3152 1912 3304 1982 regis,
3345 1923 3394 1967 et
3432 1914 3553 1970 inde

2622 1988 2754 2025 exon
2780 1992 2879 2025 sto.

2622 1988 2879 2041 expulsio.

1964 2071 1986 2097 ι’
2032 2053 2086 2107 9..
2130 2053 2262 2110 Cum
2289 2057 2580 2115 multorum
2611 2071 2912 2133 temporum
2959 2083 2991 2123 a
3043 2084 3174 2126 vero
3215 2073 3360 2128 cultu
3394 2074 3551 2131 Cini—

1961 2143 2150 2198 stiana:
2182 2145 2460 2218 religionis
2494 2166 2661 2206 vacua
2694 2155 3014 2211 transissent
3039 2161 3550 2233 curricula,quibus

1960 2245 2173 2292 vetusto
2211 2241 2384 2294 errori
2415 2241 2520 2295 ritu
2556 2245 2871 2313 gentilitatis
2917 2264 3052 2318 gens
3097 2250 3395 2324 Anglorum
3427 2271 3546 2310 ma-

1959 2327 2040 2398 gis
2081 2345 2243 2398 quam
2298 2332 2515 2388 Christo
2563 2335 2808 2392 Creatori
2869 2349 3185 2398 cunctorum
3250 2346 3548 2419 mancipari

1957 2419 2324 2489 decernebat,
2371 2425 2686 2483 misericors
2729 2428 3011 2498 Dominus,
3057 2451 3125 2490 ne
3167 2434 3372 2491 factura
3422 2456 3543 2506 sua,

1955 2509 2166 2581 laqueis
2193 2515 2402 2570 irretita
2430 2517 2709 2574 diabolieis
2735 2521 2786 2574 in
2813 2532 3074 2580 aeternum
3107 2526 3361 2583 damnata
3394 2533 3540 2600 peri-

1953 2611 2057 2668 ret,
2091 2605 2281 2660 salutis
2305 2617 2522 2662 mterna:
2553 2613 2855 2667 remedium
2886 2614 3124 2682 ejusdem
3156 2619 3384 2674 cmeitati
3410 2638 3542 2691 pro-

1953 2695 2152 2766 spexit,
2183 2711 2246 2753 ac
2293 2702 2661 2756 venerandum
2711 2703 2924 2758 Patrem
2957 2707 3312 2777 Augustinum
3346 2712 3477 2784 (l5),
3507 2734 3541 2770 ει

1949 2785 2110 2842 beato
2131 2802 2267 2858 papa
2294 2790 2523 2846 electum
2549 2793 2830 2865 Gregorio,
2855 2799 2920 2851 ad
2952 2799 3112 2869 hujus
3137 2814 3315 2870 partes
3351 2808 3540 2873 patria:

1949 2878 2241 2936 miseratus
2272 2883 2561 2939 destinavit
2586 2902 2598 2938 :
2626 2887 2716 2957 qui
2741 2890 2921 2958 sagaci
2951 2893 3149 2947 mentis
3172 2893 3388 2964 ingenio
3416 2896 3541 2952 inde

1948 2985 2264 3027 conversam
2340 2974 2549 3044 plebem
2611 2977 2892 3046 fidelium,
2971 2982 3238 3038 lunredem
3304 2987 3539 3044 sociaret

1947 3062 2108 3119 beato
2136 3067 2493 3122 contubernio
2525 3069 2858 3139 angelorum.
2905 3071 3027 3130 Mox
3057 3075 3224 3146 igitur
3249 3085 3307 3132 ut
3334 3077 3415 3132 vir
3438 3079 3536 3135 Dei

1874 3176 1920 3238 ρ
1953 3154 2095 3209 inter
2134 3155 2319 3212 inscia:
2375 3160 2613 3214 nationis
2662 3177 2852 3231 vepres
2903 3165 3110 3220 sulcum
3165 3168 3534 3226 celeberrimae

1951 3244 2211 3300 doctrinae
2252 3263 2635 3320 vomeremque
2682 3254 2776 3310 Dei
2831 3256 3157 3315 visitationis
3234 3261 3435 3328 inﬁxit,
3478 3273 3536 3318 et

1949 3337 2220 3394 triticcum
2241 3350 2442 3397 sanctae
2462 3342 2745 3402 Trinitatis
2771 3362 2956 3403 semen
2987 3349 3249 3418 inseruit;
3275 3355 3353 3410 sic
3380 3357 3531 3426 vipe-

1946 3444 2094 3484 reum
2144 3435 2417 3501 pereuntis
2441 3433 2551 3490 lolii
2581 3452 2798 3507 germen
2830 3439 2898 3495 ab
2930 3441 3030 3496 hac
3061 3446 3419 3517 exstirparit,
3471 3459 3530 3503 ut

1945 3520 2173 3576 ulterius
2202 3523 2412 3579 dumosi
2441 3527 2582 3580 ruris
2608 3531 2801 3584 rudera
2833 3531 2884 3584 in
2912 3546 2975 3586 ea
3033 3535 3294 3603 pullulare
3343 3539 3528 3606 probi-

1943 3607 2115 3674 heret,
2141 3619 2196 3664 et
2221 3611 2408 3681 dignos
2441 3613 2550 3668 Deo
2583 3617 2918 3685 poenitentia:
2948 3619 3159 3676 fructus
3204 3624 3526 3680 documento

1941 3700 2146 3768 pariter
2202 3710 2256 3756 et
2325 3705 2572 3775 exemplo
2627 3707 2828 3762 debere
2877 3710 3058 3766 offerri
3107 3713 3523 3770 demonstraret.

1940 3789 2148 3858 itaque,
2191 3793 2285 3861 qui
2340 3804 2466 3849 ante
2513 3811 2632 3851 eam
2678 3811 2978 3868 spreverat,
3011 3804 3242 3858 credidit
3293 3805 3524 3862 Domino

1939 3881 2227 3938 universus
2253 3881 2543 3940 Albionum
2589 3889 2836 3958 populus,
2892 3901 2948 3946 et
2989 3895 3273 3964 adjunctus
3313 3906 3396 3953 est
3426 3914 3524 3968 per

1939 3985 2082 4027 vera:
2135 3974 2256 4028 fidei
2310 3977 2641 4044 agnitionem
2699 3972 2810 4036 Deo
2857 3998 2978 4040 suo.
3023 3984 3120 4040 ilic
3167 3999 3369 4055 autem,
3402 3992 3521 4047 sine

1938 4063 2092 4142 cujus
2137 4065 2498 4122 sollicitudine
2523 4072 2676 4148 parVi
2705 4089 2809 4133 non
2838 4078 3203 4138 succumbant
3243 4095 3517 4154 passeres,

1939 4180 2122 4219 curam
2145 4167 2361 4236 Optima:
2396 4172 2768 4238 proventionis
2797 4175 2867 4230 ob
2894 4192 3006 4230 sua:
3031 4187 3226 4231 statum
3254 4179 3519 4232 conditio-

1936 4258 2020 4310 nis
2044 4259 2142 4326 ipsi
2173 4260 2365 4316 deinde
2397 4263 2662 4320 adhibuit.
2693 4266 2867 4337 Elegit
2921 4283 3154 4339 namque
3184 4271 3425 4324 venturis
3448 4273 3516 4326 ad

1936 4363 1994 4402 se
2017 4348 2208 4403 exinde
2243 4350 2426 4406 liberis
2450 4354 2722 4422 nutritios,
2754 4373 2930 4428 rcges,
2973 4356 3276 4428 pontifices,
3325 4361 3512 4425 duces,

1934 4439 2188 4507 decanos,
2219 4445 2550 4512 prtepositos.
2574 4457 2902 4518 ueteresque
2931 4450 3180 4506 Ecclesia:
3202 4466 3312 4509 suae
3339 4466 3515 4506 recso-

1935 4543 2042 4592 res,
2071 4530 2159 4596 qui
2187 4542 2302 4600 post
2337 4545 2551 4588 etnensa
2577 4536 2910 4607 singulorum
2940 4541 3114 4610 spatia
3155 4556 3371 4613 gregem
3403 4543 3516 4598 Deo

1932 4628 2178 4672 renatum
2211 4621 2308 4676 sub
2337 4624 2484 4691 pacis
2518 4628 2762 4682 custodia
2789 4639 3037 4699 regerent
3067 4646 3186 4685 cum
3206 4631 3437 4699 iustitia.

2002 4709 2054 4762 5.
2096 4710 2238 4766 inter
2265 4712 2362 4768 hos
2414 4717 2713 4786 praecipuos
2761 4720 2920 4790 regite
2968 4721 3296 4790 prrelatiouis
3345 4721 3513 4787 viros,

1930 4819 2089 4875 quem
2118 4806 2565 4866 Christianissimi
2612 4822 2668 4869 et
2716 4813 3002 4870 orthodoxi
3055 4815 3206 4869 multi
3237 4812 3518 4882 rcgnando

1931 4959 2113 5016 varios
2127 4978 2333 5042 versus,
2364 4966 2456 5042 sed
2482 4976 2664 5042 metro
2683 4983 2944 5042 perquam
2966 4968 3244 5042 νποῖηθηὲῖ
3273 4963 3527 5042 ί¹¹νθῖ¹ῖθ⁵

1932 5037 2208 5110 contextni
2233 5032 2706 5110 Vitte__admistos':
2739 5032 2881 5110 quod
2912 5050 3040 5092 mox
3072 5037 3349 5110 appellare
3376 5032 3538 5086 vide-

1934 5112 2023 5156 tur
2046 5108 2336 5172 satyricum
2365 5106 2697 5166 fatuitatem.
