4048 5368
502 189 638 245 1427

1526 190 1892 246 Βιὶιοςειὶτι
1942 189 2399 247 [ΚᾹΜΕΞΙΕΝΞΙΒ
2433 189 2745 259 MONACIIL

3638 189 3773 255 “9%

499 310 914 374 prmccsserant,
944 317 1173 373 quorum
1205 317 1348 359 nunc
1392 305 1617 371 nomina
1665 302 1952 375 difﬁcultas
1982 318 2098 377 non.
2117 307 2162 366 Λ
2193 302 2431 358 Plurima
2457 304 2741 360 verborum
2772 303 3217 373 vacuojactasset
3242 304 3310 362 ab
3335 320 3453 363 ore.

477 397 636 451 ‘sinit
666 395 854 450 rimari
878 410 974 467 per
1004 395 1236 467 singula,
1278 395 1543 466 gloriosus
1574 412 1670 451 rex
1715 395 2089 452 Aitbelstanus

475 487 618 559 '(M)
648 487 806 542 annis
859 486 1275 545 sin-celentibus
1317 495 1400 543 est
1452 503 1546 543 rex
1585 487 1881 559 Anglorum
1912 503 2088 542 annu-

500 587 765 636 meratus.
819 577 989 649 llajus
1031 580 1191 651 igitur
1245 579 1454 650 imperii
1527 581 1859 652 temporibus
1914 580 2089 636 oritur

482 678 637 742 ipuer
685 681 939 728 strenuus
985 673 1037 726 in
1069 672 1483 740 Westsaxouum
1531 674 1728 730 ﬁnibus
1758 674 1905 746 (15):
1937 672 2090 742 cujus

480 771 655 831 pater
690 762 1024 819 Hcorstanus
1053 763 1188 837 (16),
1224 774 1399 821 mater
1426 781 1555 822 vero
1576 765 1915 838 Cynedrydis
1938 765 2087 820 voci-

494 861 662 910 tatur.
689 853 857 922 Qu‘m
889 854 963 926 pii
1014 867 1290 925 parentes,
1350 856 1492 913 sacri
1548 856 1890 928 baptismatis
1930 860 2090 915 undis

494 957 791 1011 renatum,
848 947 1183 1003 Duistannm
1257 958 1603 1006 vocaverant.
1653 952 1837 1008 Crevit
1909 953 2091 1029 itique

494 1051 649 1109 pu‘r,
674 1039 977 1095 ettﬂ'ectus
1002 1048 1216 1096 esttam
1248 1040 1359 1097 Deo
1397 1058 1559 1113 qnam
1610 1043 1916 1102 hominibus
1961 1048 2092 1103 eba-

486 1143 613 1183 -rus.
643 1128 767 1184 Erat
799 1139 978 1186 autem
1012 1131 1257 1200 quaedam
1292 1132 1490 1203 regalis
1515 1133 1564 1187 in
1591 1134 1825 1190 confinio
1848 1136 2087 1207 ejusdem

488 1218 706 1288 praefati
754 1221 853 1276 viri
908 1222 1082 1278 insula
1114 1264 1128 1289 ,
1174 1223 1396 1295 antiquo
1450 1224 1751 1280 vicinorum
1827 1227 2089 1291 vocabqu

494 1311 779 1368 Glastonia
804 1325 1135 1385 nuncupata,
1169 1315 1290 1370 latis
1323 1316 1562 1372 locorum
1589 1318 1833 1373 dimensa
1858 1310 2087 1385 sinibus,

491 1406 728 1475 piscosis
775 1408 934 1478 aquis
978 1409 1325 1480 stagueisquc
1364 1411 1731 1475 circumducm
1759 1412 2085 1477 fluminibus.

494 1512 549 1556 et
579 1501 828 1571 plurimis
858 1501 1110 1557 humana:
1161 1503 1467 1574 indigentia:
1514 1513 1639 1572 apta
1673 1506 1880 1572 usibus,
1926 1516 2091 1579 atque

488 1594 671 1648 ‘stcris
704 1593 869 1663 (quod
917 1595 1214 1649 maximum
1245 1597 1349 1666 est)
1384 1595 1476 1652 Dei
1530 1596 1706 1652 dicata
1750 1599 2085 1655 muneribus.

497 1684 557 1738 In
611 1698 672 1738 ea
726 1684 992 1754 siquidem
1052 1686 1218 1756 ipsius
1272 1687 1389 1740 loca
1432 1687 1590 1757 primi
1622 1688 1905 1744 catholicae
1957 1689 2088 1761 legis

494 1773 757 1845 neopthi
809 1778 1087 1846 anziquam
1142 1777 1255 1845 (Π)
1305 1777 1416 1833 Deo
1481 1779 1719 1835 dictante
1769 1790 2090 1851 repererunt

493 1867 807 1934 ecclesiam,
838 1868 983 1925 nulla
1033 1870 1311 1926 hominum
1365 1879 1484 1926 arte
1536 1880 1924 1938 constructam,
1978 1874 2089 1929 imo

494 1959 745 2016 humana:
770 1962 930 2017 saluti
963 1964 1178 2018 caelitus
1210 1974 1451 2035 paratam
1483 1981 1497 2019 :
1533 1980 1694 2036 quam
1744 1968 2087 2036 postmodum

490 2051 612 2124 ipse
632 2054 891 2110 cmlorum
922 2054 1248 2120 Fabricator
1283 2056 1464 2113 multis
1492 2058 1876 2114 miraculorum
1921 2062 2089 2131 gestis

493 2138 787 2218 inult'sqne
814 2148 1194 2219 mysteriorum
1222 2149 1538 2215 virtutibus,
1567 2152 1707 2223 lianc
1735 2151 1836 2207 sibi
1860 2163 2090 2208 sanctae-

494 2253 602 2309 que
634 2240 881 2309 genitrici
917 2256 1028 2296 sua:
1077 2240 1257 2296 Maria:
1285 2251 1661 2297 consecratam
1712 2243 1826 2299 fore
1868 2247 2088 2301 demou-

494 2331 711 2386 stravit.
739 2331 876 2389 lluic
903 2333 1067 2388 etiam
1095 2333 1240 2388 aliud
1263 2332 1587 2389 addiderunt
1617 2350 1779 2404 opere
1818 2336 2088 2407 lapideum

492 2421 818 2489 oratorium,
848 2423 994 2494 quod
1044 2423 1264 2480 Christo
1313 2424 1535 2495 ejusque
1572 2426 1816 2495 aposzolo
1843 2428 1901 2483 S.
1927 2427 2089 2484 Petro

493 2508 902 2577 dedicaverunt.
929 2512 1100 2569 Porro
1124 2514 1319 2570 dehinc
1342 2505 1717 2573 universorum
1747 2502 2091 2591 circumqan

491 2614 600 2673 quc
633 2603 868 2662 fidelium
902 2604 1206 2675 frequentia
1229 2606 1465 2673 colebat,
1493 2616 1548 2664 et
1570 2608 1684 2678 jam
1709 2611 1868 2668 dieue
1897 2612 2089 2669 insula:

493 2694 799 2765 pretiosum
845 2697 1022 2755 locum
1083 2698 1362 2754 humiliter
1416 2699 1817 2772 frequentabat.
1848 2703 2090 2776 Contigit

494 2802 624 2858 ergo
652 2787 1231 2861 liujuscemodicaus’s
1253 2792 1570 2862 praedictum
1602 2794 1780 2850 virum
1834 2793 2091 2853 lleorsta-

493 2878 659 2943 naui,
686 2880 982 2937 comitante
1010 2897 1199 2938 secum
1232 2884 1390 2939 beato
1414 2899 1585 2955 puero
1615 2885 1916 2952 Dunstano,
1944 2897 2090 2943 trano

495 2971 607 3025 sire
627 2968 988 3037 Glastouiam,
1017 2981 1220 3041 etcum
1251 2972 1378 3029 inibi
1409 2990 1572 3032 causa
1594 2978 1861 3034 orationis
1890 2993 2087 3049 perno-

493 3073 728 3131 ctarent,
761 3062 893 3131 ecce
918 3067 1226 3124 suavissimi
1248 3069 1459 3140 soporis
1484 3069 1693 3127 felicem
1725 3074 1932 3131 obtexit
1953 3091 2087 3147 pau-

500 3155 642 3210 satio
691 3171 919 3227 puerum
983 3159 1222 3230 viditque
1264 3150 1476 3217 mentis
1526 3178 1755 3223 excessu
1801 3170 2091 3236 quemdam

498 3260 685 3303 senem
720 3250 878 3306 niveo
908 3252 1144 3309 candore
1167 3253 1442 3320 vestitum,
1491 3268 1586 3325 per
1615 3270 1830 3321 a‘mmna
1859 3273 1919 3313 se
1950 3261 2091 3316 sacri

500 3339 684 3411 templi
715 3342 853 3397 atria
883 3343 1192 3412 ducentem,
1225 3361 1288 3402 ac
1335 3347 1630 3403 monastica
1674 3349 1924 3418 aedificia,
1972 3367 2093 3423 qua:

496 3443 620 3502 post
641 3449 741 3505 per
760 3435 881 3506 ejus
904 3445 1242 3507 pastoratum
1267 3438 1584 3495 aedificanda
1607 3439 1847 3509 fuerant,
1870 3444 2092 3500 demon-

498 3535 791 3594 strantcm,
819 3543 886 3585 eo
935 3531 1125 3588 ordine
1177 3547 1285 3603 quo
1337 3548 1482 3589 nunc
1522 3542 1724 3589 statuta
1783 3535 2092 3595 referuntur

498 3619 689 3677 fuisse.

573 3711 627 3767 4.
669 3713 861 3771 Postea
895 3731 1025 3773 vero
1064 3717 1300 3791 religiosi
1332 3718 1499 3791 pueri,
1522 3718 1785 3776 Dunstani
1835 3730 2092 3793 parentes

502 3806 677 3862 sacris
703 3822 825 3881 eum
850 3808 1152 3877 litterarum
1183 3811 1310 3867 otiis
1340 3811 1689 3868 contulerunt
1736 3814 2043 3875 studentem
2074 3829 2089 3869 :

501 3899 587 3983 cui
610 3899 895 3957 confestim
924 3903 1187 3963 Dominus
1209 3912 1415 3960 tantam
1444 3904 1499 3960 in
1546 3905 1631 3960 bis
1674 3904 1940 3976 largitatis
1981 3922 2093 3962 sum

500 3990 753 4047 conferre
779 3994 1033 4065 dignatus
1057 4004 1143 4052 est
1170 3997 1419 4067 gratiam,
1445 4005 1504 4052 ut
1526 4006 1829 4054 coaetaneos
1849 4014 2094 4071 quosque

502 4084 856 4151 prmrelleret,
912 4094 972 4151 et,
1018 4102 1238 4151 suorum
1290 4099 1532 4163 tempora
1593 4089 1895 4162 studiorum
1949 4090 2093 4157 facili

503 4189 666 4229 cursu
695 4179 991 4235 transiliret
1023 4198 1035 4233 :
2082 4246 2085 4249 .

505 4264 613 4321 Sed
644 4270 786 4337 quod
822 4273 1124 4330 contulerat
1143 4275 1243 4338 sibi
1272 4276 1482 4349 signum
1507 4291 1715 4332 summa
1748 4276 2034 4349 Majestas,‘

504 4357 562 4411 In
592 4361 786 4416 studiis
816 4362 947 4432 ipsis
977 4380 1145 4434 parvo
1172 4384 1268 4438 pro
1294 4384 1452 4438 posse
1480 4369 1698 4440 patcbo.

502 4450 747 4529 Contigit
771 4454 916 4510 hunc
938 4456 1190 4514 laborare
1211 4461 1301 4523 diu
1326 4476 1450 4515 nam
1477 4460 1720 4519 febribus
1738 4462 1929 4525 arctis.

502 4542 564 4600 In
597 4536 820 4602 tantum
838 4558 898 4603 ut
927 4548 1215 4620 phrenesis
1240 4553 1487 4607 morbum
1515 4563 1793 4631 pateretur
1818 4570 2090 4622 amarum,

504 4636 798 4697 Immemor
823 4650 985 4712 atque
1006 4643 1088 4714 sui
1112 4658 1210 4715 per
1231 4644 1584 4709 deliramenta
1615 4662 1900 4718 nugarum,
1960 4705 1967 4708 ,

572 4811 688 4882 (14)
729 4811 1097 4869 .Etlielstanus
1121 4813 1262 4882 patri
1293 4826 1392 4868 suo
1417 4812 1684 4867 Edwardo
1712 4813 2095 4875 seniori,auno

504 4882 610 4937 924
642 4891 875 4946 mortuo,
905 4885 1186 4940 successit.
1224 4885 1298 4938 lta
1348 4884 1549 4952 passim
1577 4898 1787 4938 omnes.
1821 4884 2006 4938 Solum
2039 4887 2092 4939 in

504 4954 867 5024 Cluonolngia
893 4954 1187 5020 Saxonica,
1221 4954 1379 5010 Bedae
1408 4954 1660 5009 Historiae
1688 4956 1952 5019 subnexa,
2005 4970 2096 5011 re,

504 5022 681 5095 fertur
705 5022 807 5077 ιιοὰ
831 5025 895 5077 ad
926 5041 1126 5079 annum
1156 5036 1498 5095 sequentem.
1608 5069 1612 5074 .

578 5093 692 5163 (13)
729 5094 910 5165 Setjuti
943 5093 1356 5165 Wigorniensis,
1388 5095 1786 5157 Dunelmeusis,
1813 5094 2092 5148 Westmo-

505 5164 866 5236 uastat-iensis
912 5164 1113 5235 aliique
1159 5165 1243 5220 bis
1294 5167 1518 5221 verbis:
1560 5166 1728 5236 Cujus
1777 5164 2093 5236 temporibus

507 5234 680 5286 uritur
705 5250 834 5300 puer
855 5234 1098 5292 strenuus
1144 5236 1448 5291 Dunstanus
1476 5238 1531 5293 in
1567 5234 1950 5293 Wéstsaa‘onitt
1972 5235 2095 5304 ﬁui-

510 5309 628 5363 bus.
658 5304 864 5357 scilicet
899 5307 950 5358 in
977 5305 1396 5361 Somerscttensi
1428 5308 1710 5363 comitatu.

2190 395 2443 451 Cladibus
2468 397 2549 451 bis
2573 396 2746 452 fessus
2763 398 3121 454 committitur
3140 407 3193 454 et
3218 399 3430 456 mulieri

2190 488 2437 553 Cnidum,
2466 504 2585 558 quae
2614 496 2801 544 tenero
2830 499 2960 546 tunc
2990 491 3363 562 suppeditaret
3392 491 3641 559 alumno,

2191 578 2257 633 Et
2287 594 2471 634 curam
2494 588 2702 650 gereret
2726 581 2827 635 sub
2852 596 2913 636 ea
2948 597 3015 636 ne
3041 591 3193 654 peste
3219 584 3441 653 periret.

2190 671 2260 725 At
2285 680 2579 727 memorata
2614 672 2727 727 lues
2760 689 2993 743 puerum
3014 689 3178 744 super
3206 675 3312 731 alta
3334 676 3645 746 premebat,

2193 763 2263 819 Ut
2290 764 2435 818 velut
2463 765 2728 820 exanimis
2750 765 3010 837 jacuissct
3032 768 3098 822 ad
3128 767 3314 822 ultima
3352 777 3580 823 stratus.

2191 851 2455 913 Omnibus
2480 862 2537 910 et
2565 853 2820 910 membris
2847 855 3001 911 fleret
3020 856 3173 925 quasi
3200 857 3312 927 jam
3345 859 3671 914 moriturus.

2190 944 2433 1015 Cumque
2452 945 2541 1000 diu
2570 947 2648 1002 sic
2670 947 2811 1007 mole
2841 948 2964 1002 mali
2992 958 3317 1019 gravaretur
3340 950 3554 1020 operti;

2190 1036 2251 1090 Et
2269 1052 2329 1092 ce
2353 1047 2573 1108 repente
2599 1054 2823 1107 movens
2845 1039 3124 1111 abiit(18),
3162 1057 3497 1114 propereque
3525 1043 3780 1114 resurgit,

2168 1130 2408 1186 'Fustem
2440 1145 2503 1184 ac
2524 1131 2832 1186 surculeum
2862 1132 3041 1203 rapuit
3075 1142 3201 1187 tunc
3233 1132 3374 1189 forte
3403 1143 3719 1205 repertum;

2193 1220 2310 1288 Quo
2340 1236 2460 1276 cum
2486 1221 2798 1291 percutiens
2818 1224 3086 1279 ambabus
3116 1225 3360 1294 partibus
3383 1241 3568 1289 auras,

2190 1313 2234 1367 A
2262 1314 2487 1369 canibus
2517 1315 2721 1389 rabidis
2746 1315 2901 1386 quasi
2933 1331 2993 1371 se
3021 1316 3355 1382 defenderet,
3387 1318 3524 1376 ibat.

2194 1404 2283 1458 Sic
2316 1421 2533 1476 quoque
2561 1415 2718 1462 nocte
2748 1406 2933 1462 ferunt
2959 1418 3016 1461 ut
3037 1409 3103 1462 ad
3134 1425 3303 1477 usque
3326 1409 3570 1480 peribola
3608 1411 3790 1480 templi

2195 1496 2477 1569 Solivagus
2536 1509 2874 1573 properaret,
2903 1510 2958 1555 et
2989 1500 3113 1556 inde
3136 1501 3345 1556 veniret
3374 1501 3443 1555 ad
3474 1501 3621 1556 altos

2193 1590 2465 1644 Ascensus
2489 1592 2778 1661 graduum,
2810 1605 2929 1661 quo
2949 1590 3213 1645 scandere
3242 1606 3455 1645 summa
3484 1592 3749 1645 solebant

2192 1686 2442 1749 Artifices
2469 1700 2715 1756 operum,
2742 1686 2833 1755 qui
2863 1701 2991 1741 cum
3021 1685 3337 1741 discrimine
3361 1687 3557 1755 grandi

2190 1778 2382 1848 Ipsius,
2415 1778 2518 1833 lieu
2563 1778 2762 1833 timidi!
2805 1787 2995 1833 texere
3025 1779 3307 1834 caenm‘ma
3344 1778 3558 1846 templi.

2190 1869 2318 1931 lllic,
2350 1878 2410 1923 ut
2442 1868 2671 1934 validus,
2700 1885 2967 1924 summam
2996 1870 3316 1925 conscendit
3349 1871 3401 1924 in
3438 1885 3656 1936 arcem,

2192 1958 2258 2013 Et
2287 1958 2446 2013 nimis
2475 1958 2693 2013 incaute
2718 1972 2883 2028 super
2911 1959 3012 2013 bac
3039 1960 3189 2014 stetit
3215 1968 3379 2028 atque
3410 1962 3647 2020 meatit.

2192 2049 2298 2106 Sed
2326 2050 2537 2106 Domini
2567 2051 2740 2120 pietas
2767 2050 2945 2121 rapuit
2965 2051 3033 2106 de
3065 2050 3405 2122 fastigiorum

2190 2143 2418 2199 Casibus
2450 2143 2750 2209 insontem;
2782 2158 2989 2212 ponens
3009 2160 3225 2213 quoque
3253 2144 3379 2198 inde
3409 2144 3672 2198 deorsum

2160 2254 2165 2259 ·
2192 2235 2820 2309 luctdumem‘membris,
2845 2237 3074 2298 salvum,
3102 2252 3407 2306 saltumque.
3435 2237 3683 2292 locatum

2180 2316 2340 2385 t‘lntus
2364 2329 2415 2382 in
2454 2329 2557 2384 ltoc
2579 2328 2730 2391 idem
2761 2329 3040 2398 templum,
3071 2329 3136 2385 de
3166 2330 3406 2384 culmine
3438 2340 3697 2393 vectum;

2191 2419 2310 2489 Quo
2331 2422 2437 2476 duo
2465 2422 2718 2477 custodes
2741 2423 2948 2493 pariter
2977 2423 3043 2478 dc
3070 2437 3221 2477 more
3251 2422 3549 2487 cubabant,

2192 2512 2262 2568 Ut
2287 2513 2446 2567 simul
2482 2513 2624 2568 inter
2648 2527 2742 2568 eos
2772 2521 3029 2582 pausaret
3051 2513 3245 2570 tertius
3275 2512 3385 2568 illex

2188 2604 2308 2681 Ipse
2341 2614 2518 2660 tamen
2557 2608 2803 2673 nescivit,
2828 2622 2931 2677 qua
2963 2607 3167 2661 ratione
3195 2607 3431 2671 veniret,

2192 2696 2515 2768 Excogitare
2536 2697 2779 2762 modum,
2802 2699 3098 2766 vivensque
3119 2696 3222 2752 sub
3241 2696 3443 2750 adhere
3465 2695 3778 2766 quisquam

2191 2787 2344 2844 Ostia
2376 2804 2498 2845 nam
2527 2789 2706 2858 templi
2741 2788 2870 2844 nulli
2899 2800 3135 2860 patuere.
3154 2789 3375 2850 meanti,

2190 2881 2379 2953 Arcuit
2410 2890 2496 2937 ast
2516 2883 2707 2939 eadem
2736 2880 2942 2937 ferrum
2972 2882 3074 2938 sub
3108 2882 3314 2941 cortice
3345 2882 3547 2937 durum
3578 2882 3713 2954 (l9).

2193 2973 2409 3043 Optime
2439 2991 2582 3031 nunc
2608 2974 2795 3039 lector,
2825 2974 2990 3030 celeri
3019 2989 3268 3029 sermone
3295 2972 3491 3039 fatere,

2194 3066 2332 3135 Quid
2366 3067 2460 3122 tibi
2494 3067 2731 3122 veridico
2761 3066 3006 3121 videatur
3030 3067 3082 3120 in
3116 3066 3216 3121 hoc
3243 3066 3475 3136 pusioue
3504 3083 3521 3120 :

2196 3160 2253 3216 Si
2293 3160 2453 3215 talem
2488 3159 2704 3215 dubites
2735 3175 2993 3230 superum
3023 3160 3393 3215 conscendere
3423 3158 3721 3230 templum;

2194 3250 2296 3320 Qui
2324 3252 2412 3307 hic
2435 3251 2637 3311 clausis
2661 3251 2867 3306 foribus
2891 3266 2987 3320 pro
3004 3250 3307 3323 sdlvatione
3329 3251 3503 3312 ruime

2194 3344 2456 3400 Conditur
2486 3343 2538 3399 in
2570 3343 2788 3413 templo,
2821 3341 2921 3414 (ut)
2951 3342 3177 3397 redimat
3202 3342 3269 3397 de
3296 3341 3418 3397 labe
3445 3342 3683 3415 maligna

2194 3436 2335 3491 Post:
2357 3452 2387 3491 a
2424 3435 2702 3507 peqtlures
2729 3445 2785 3491 et.
2808 3436 2984 3509 mittat
3013 3434 3079 3489 ad
3102 3435 3306 3489 azthera
3335 3444 3563 3499 turmas,

2196 3528 2459 3599 Dogmata
2492 3529 2844 3591 distribuens,
2873 3543 2971 3581 nec
3001 3541 3106 3580 non
3134 3526 3381 3597 exempla
3411 3527 3752 3596 relinquens.

2195 3622 2462 3692 Exsurgat
2491 3620 2704 3690 patiens
2735 3603 2975 3680 immitis,
3009 3625 3131 3672 ruat
3160 3626 3323 3688 atque
3347 3619 3645 3689 superbus.

2195 3713 2330 3785 Nam
2359 3721 2562 3784 quanto
2591 3722 2709 3767 erat
2734 3711 3032 3767 crescendo
3061 3709 3367 3775 sublimior,
3393 3720 3549 3764 tanto
3577 3712 3788 3765 acuitao

2196 3806 2267 3861 tis
2315 3805 2534 3877 ingenio
2578 3804 2926 3874 locupletior;
2969 3812 3280 3873 quantoque
3326 3804 3579 3858 roticulis
3615 3818 3790 3857 anno—

2194 3913 2315 3953 rum
2377 3897 2670 3963 maturior,
2729 3905 2878 3950 lauto
2942 3896 3035 3950 Dei
3095 3895 3387 3950 dilectione
3445 3894 3787 3959 ferventior;

2194 4000 2401 4060 quanto
2455 4005 2584 4046 vero
2634 3991 2688 4044 in
2738 3989 2937 4045 divinis
2982 3988 3233 4043 laudibus
3288 3988 3584 4052 assuetior,
3641 3995 3799 4045 tanto.

2194 4083 2563 4154 perseveranti
2589 4082 2768 4141 animo
2800 4081 3111 4137 instantior.

2268 4176 2321 4229 5.
2367 4175 2622 4231 Videntes
2658 4175 2841 4243 itaque
2873 4184 3127 4244 parentes
3164 4171 3549 4242 prrenominati
3584 4179 3787 4226 tantam

2198 4270 2280 4325 sui
2328 4267 2711 4325 excellentiam
2762 4266 2885 4332 filii,
2936 4267 3154 4337 dignum
3205 4263 3308 4319 sibi
3357 4264 3642 4319 clericalis
3680 4263 3790 4334 (ΞΟ)

2116 4355 2169 4415 D
2199 4363 2505 4432 imposuere
2545 4375 2832 4416 censuram
2883 4358 3068 4420 ollicii,
3114 4358 3277 4426 inque
3318 4355 3535 4411 famoso
3572 4354 3787 4411 Glasto-

2200 4452 2374 4512 niensi
2411 4450 2664 4506 Ecclesim
2693 4450 3044 4505 sociavernut
3068 4448 3352 4510 cmuobio;
3383 4457 3668 4516 quatenus
3694 4445 3789 4499 ibi-

2199 4545 2321 4599 dem
2355 4544 2442 4599 dic
2474 4552 2745 4613 noctuque
2787 4543 2897 4597 Deo
2936 4541 3140 4610 Deique
3178 4539 3431 4610 genitrici
3487 4539 3787 4593 deservit-et

2200 4637 2401 4702 Maria,
2429 4644 2674 4706 tempore
2709 4635 2985 4694 cmitinuo.
3020 4633 3255 4704 Jamque
3285 4632 3598 4703 disciplinis
3639 4632 3788 4687 iunc-

2197 4816 2343 4883 scopi
2373 4814 2731 4876 Menevensis,
2755 4828 2905 4867 num.
2935 4811 3025 4867 12-.

2270 4879 2382 4957 (18)
2402 4884 2704 4957 Adalartlus
2723 4882 3141 4957 Blandirtiensis,
3160 4879 3373 4957 tentasti,
3386 4881 3507 4957 imo
3527 4880 3786 4957 angelice,

2196 4968 2254 5011 ut
2278 4950 2396 5012 bere
2421 4957 2562 5010 credi
2583 4953 2664 5020 [as
2692 4965 2791 5020 est,
2820 4953 3020 5007 medela
3049 4950 3289 5023 pristinas
3315 4952 3481 5006 saluti
3508 4950 3591 5004 est
3619 4950 3788 5004 reddi-

2197 5038 2303 5081 tus.

2267 5096 2382 5166 (l9)
2431 5095 2576 5149 Idem
2618 5093 2924 5149 Adalardus
2959 5093 3109 5147 addit
3155 5110 3171 5146 :
3216 5092 3283 5146 Αι
3330 5100 3601 5166 matrona,
3637 5090 3785 5159 cujus

2196 5184 2339 5222 cura:
2364 5164 2643 5234 'a’grotuns
2692 5176 2767 5218 est
2805 5166 3066 5234 creditus,
3121 5180 3284 5233 usque
3318 5164 3387 5215 ad
3426 5172 3786 5234 transcensth

2196 5240 2372 5307 pinna:
2400 5231 3020 5307 indefessugexploratﬁa:
3056 5231 3251 5307 cuncta
3275 5232 3598 5307 prospiciens
3633 5231 3782 5307 cccle-

2096 5342 2101 5351 -
2196 5300 2264 5361 sti
2290 5300 2536 5368 prodigio.
2567 5305 2721 5368 ﬁdele
2754 5300 3104 5358 testimonium
3139 5303 3419 5368 perhibuit.
3462 5300 3783 5368 Mirandum!
