  <div class='ocr_page' id='page_1' title='image "/cluster/home/n/w/nwhite01/storage/ocr_20150623/139/hvd.32044015471782/720.png"; bbox 0 0 4048 5368; ppageno 0'>
   <div class='ocr_carea' id='block_1_1' title="bbox 282 275 478 332">
    <p class='ocr_par' dir='ltr' id='par_1_1' title="bbox 282 275 478 332">
     <span class='ocr_line' id='line_1_1' title="bbox 282 275 478 332; baseline 0.015 -3"><span class='ocrx_word' id='word_1_1' title='bbox 282 291 284 293; x_wconf 89' lang='grc'>·</span> <span class='ocrx_word' id='word_1_2' title='bbox 339 275 478 332; x_wconf 67' lang='grc'><strong>1429</strong></span> 
     </span>
    </p>
   </div>
   <div class='ocr_carea' id='block_1_2' title="bbox 1509 272 2396 353">
    <p class='ocr_par' dir='ltr' id='par_1_2' title="bbox 1509 272 2396 353">
     <span class='ocr_line' id='line_1_2' title="bbox 1509 272 2396 353; baseline 0 -5"><span class='ocrx_word' id='word_1_3' title='bbox 1509 294 1665 348; x_wconf 70' lang='grc' dir='ltr'><strong>γιτΑ</strong></span> <span class='ocrx_word' id='word_1_4' title='bbox 1707 293 1948 350; x_wconf 65' lang='lat' dir='ltr'><strong>SANCTI</strong></span> <span class='ocrx_word' id='word_1_5' title='bbox 1988 272 2396 353; x_wconf 63' lang='lat' dir='ltr'><strong>ocxsrasr.’</strong></span> 
     </span>
    </p>
   </div>
   <div class='ocr_carea' id='block_1_3' title="bbox 3457 297 3598 354">
    <p class='ocr_par' dir='ltr' id='par_1_3' title="bbox 3457 297 3598 354">
     <span class='ocr_line' id='line_1_3' title="bbox 3457 297 3598 354; baseline -0.014 0"><span class='ocrx_word' id='word_1_6' title='bbox 3457 297 3598 354; x_wconf 73' lang='lat' dir='ltr'><strong>H50</strong></span> 
     </span>
    </p>
   </div>
   <div class='ocr_carea' id='block_1_4' title="bbox 327 390 3595 482">
    <p class='ocr_par' dir='ltr' id='par_1_4' title="bbox 327 390 3595 482">
     <span class='ocr_line' id='line_1_4' title="bbox 327 390 3595 482; baseline 0.008 -38"><span class='ocrx_word' id='word_1_7' title='bbox 327 404 433 446; x_wconf 78' lang='lat' dir='ltr'><strong>xus</strong></span> <span class='ocrx_word' id='word_1_8' title='bbox 473 390 709 458; x_wconf 81' lang='lat' dir='ltr'><strong>Deiiicis,</strong></span> <span class='ocrx_word' id='word_1_9' title='bbox 751 393 1006 454; x_wconf 80' lang='lat' dir='ltr'><strong>ﬂorentes</strong></span> <span class='ocrx_word' id='word_1_10' title='bbox 1041 414 1150 456; x_wconf 77' lang='lat' dir='ltr'><strong>sua:</strong></span> <span class='ocrx_word' id='word_1_11' title='bbox 1181 403 1690 482; x_wconf 26' lang='lat' dir='ltr'><strong>pubertatis‘annos</strong></span> <span class='ocrx_word' id='word_1_12' title='bbox 1732 410 1904 461; x_wconf 76' lang='lat' dir='ltr'><strong>evicta</strong></span> <span class='ocrx_word' id='word_1_13' title='bbox 1939 418 1982 472; x_wconf 75' lang='grc' dir='ltr'>Α</span> <span class='ocrx_word' id='word_1_14' title='bbox 2013 409 2126 479; x_wconf 84' lang='lat' dir='ltr'><strong>ipse</strong></span> <span class='ocrx_word' id='word_1_15' title='bbox 2156 410 2414 465; x_wconf 86' lang='lat' dir='ltr'><strong>Dominus</strong></span> <span class='ocrx_word' id='word_1_16' title='bbox 2445 409 2495 464; x_wconf 88' lang='lat' dir='ltr'><strong>in</strong></span> <span class='ocrx_word' id='word_1_17' title='bbox 2533 408 2822 480; x_wconf 81' lang='lat' dir='ltr'><strong>Evangelio</strong></span> <span class='ocrx_word' id='word_1_18' title='bbox 2854 410 2929 463; x_wconf 98' lang='lat' dir='ltr'><strong>ait</strong></span> <span class='ocrx_word' id='word_1_19' title='bbox 2960 425 2973 462; x_wconf 89' lang='lat'><strong>:</strong></span> <span class='ocrx_word' id='word_1_20' title='bbox 3015 407 3166 464; x_wconf 84' lang='lat' dir='ltr'><strong>Beati</strong></span> <span class='ocrx_word' id='word_1_21' title='bbox 3189 410 3335 466; x_wconf 79' lang='lat' dir='ltr'><strong>eritis</strong></span> <span class='ocrx_word' id='word_1_22' title='bbox 3361 429 3478 467; x_wconf 84' lang='lat' dir='ltr'><strong>cum</strong></span> <span class='ocrx_word' id='word_1_23' title='bbox 3511 433 3595 470; x_wconf 75' lang='lat' dir='ltr'><strong>vos</strong></span> 
     </span>
    </p>
   </div>
   <div class='ocr_carea' id='block_1_5' title="bbox 321 481 1905 563">
    <p class='ocr_par' dir='ltr' id='par_1_5' title="bbox 321 481 1905 563">
     <span class='ocr_line' id='line_1_5' title="bbox 321 481 1905 563; baseline 0.013 -29"><span class='ocrx_word' id='word_1_24' title='bbox 321 481 608 550; x_wconf 88' lang='lat' dir='ltr'><strong>juventute</strong></span> <span class='ocrx_word' id='word_1_25' title='bbox 639 485 869 541; x_wconf 88' lang='lat' dir='ltr'><strong>calcavit</strong></span> <span class='ocrx_word' id='word_1_26' title='bbox 901 499 992 545; x_wconf 91' lang='lat' dir='ltr'><strong>:et</strong></span> <span class='ocrx_word' id='word_1_27' title='bbox 1017 489 1194 559; x_wconf 89' lang='lat' dir='ltr'><strong>justus</strong></span> <span class='ocrx_word' id='word_1_28' title='bbox 1224 495 1273 548; x_wconf 95' lang='lat' dir='ltr'><strong>in</strong></span> <span class='ocrx_word' id='word_1_29' title='bbox 1312 495 1472 552; x_wconf 88' lang='lat' dir='ltr'><strong>domo</strong></span> <span class='ocrx_word' id='word_1_30' title='bbox 1503 481 1593 552; x_wconf 83' lang='lat' dir='ltr'><strong>Dei</strong></span> <span class='ocrx_word' id='word_1_31' title='bbox 1630 500 1733 563; x_wconf 90' lang='lat' dir='ltr'><strong>sui,</strong></span> <span class='ocrx_word' id='word_1_32' title='bbox 1765 501 1905 554; x_wconf 83' lang='lat' dir='ltr'><strong>sicut</strong></span> 
     </span>
    </p>
   </div>
   <div class='ocr_carea' id='block_1_6' title="bbox 325 573 1903 662">
    <p class='ocr_par' dir='ltr' id='par_1_6' title="bbox 325 573 1903 662">
     <span class='ocr_line' id='line_1_6' title="bbox 325 573 1903 662; baseline 0.012 -34"><span class='ocrx_word' id='word_1_33' title='bbox 325 573 522 631; x_wconf 83' lang='lat' dir='ltr'><strong>cedrus</strong></span> <span class='ocrx_word' id='word_1_34' title='bbox 571 576 780 641; x_wconf 91' lang='lat' dir='ltr'><strong>Libani,</strong></span> <span class='ocrx_word' id='word_1_35' title='bbox 829 581 1104 652; x_wconf 80' lang='lat' dir='ltr'><strong>vigoribus</strong></span> <span class='ocrx_word' id='word_1_36' title='bbox 1153 589 1411 644; x_wconf 88' lang='lat' dir='ltr'><strong>virtutum</strong></span> <span class='ocrx_word' id='word_1_37' title='bbox 1451 591 1634 646; x_wconf 88' lang='lat' dir='ltr'><strong>floruit</strong></span> <span class='ocrx_word' id='word_1_38' title='bbox 1679 611 1691 646; x_wconf 90' lang='lat'><strong>:</strong></span> <span class='ocrx_word' id='word_1_39' title='bbox 1741 595 1903 662; x_wconf 88' lang='lat' dir='ltr'><strong>inque</strong></span> 
     </span>
    </p>
   </div>
   <div class='ocr_carea' id='block_1_7' title="bbox 311 663 1900 741">
    <p class='ocr_par' dir='ltr' id='par_1_7' title="bbox 311 663 1900 741">
     <span class='ocr_line' id='line_1_7' title="bbox 311 663 1900 741; baseline 0.014 -22"><span class='ocrx_word' id='word_1_40' title='bbox 311 663 522 722; x_wconf 81' lang='lat' dir='ltr'><strong>&#39;divinis</strong></span> <span class='ocrx_word' id='word_1_41' title='bbox 552 669 826 738; x_wconf 86' lang='lat' dir='ltr'><strong>plantatus</strong></span> <span class='ocrx_word' id='word_1_42' title='bbox 865 677 1040 741; x_wconf 86' lang='lat' dir='ltr'><strong>atriis,</strong></span> <span class='ocrx_word' id='word_1_43' title='bbox 1075 679 1392 738; x_wconf 77' lang='lat' dir='ltr'><strong>incrementi</strong></span> <span class='ocrx_word' id='word_1_44' title='bbox 1427 686 1508 739; x_wconf 86' lang='lat' dir='ltr'><strong>sui</strong></span> <span class='ocrx_word' id='word_1_45' title='bbox 1555 688 1746 740; x_wconf 81' lang='lat' dir='ltr'><strong>robora</strong></span> <span class='ocrx_word' id='word_1_46' title='bbox 1785 689 1900 740; x_wconf 85' lang='lat' dir='ltr'><strong>sin-</strong></span> 
     </span>
    </p>
   </div>
   <div class='ocr_carea' id='block_1_8' title="bbox 321 757 1898 832">
    <p class='ocr_par' dir='ltr' id='par_1_8' title="bbox 321 757 1898 832">
     <span class='ocr_line' id='line_1_8' title="bbox 321 757 1898 832; baseline 0.014 -22"><span class='ocrx_word' id='word_1_47' title='bbox 321 757 462 826; x_wconf 81' lang='lat' dir='ltr'><strong>gulis</strong></span> <span class='ocrx_word' id='word_1_48' title='bbox 517 761 706 818; x_wconf 87' lang='lat' dir='ltr'><strong>diebus</strong></span> <span class='ocrx_word' id='word_1_49' title='bbox 750 769 1107 832; x_wconf 89' lang='lat' dir='ltr'><strong>protendebat</strong></span> <span class='ocrx_word' id='word_1_50' title='bbox 1161 772 1228 825; x_wconf 90' lang='lat' dir='ltr'><strong>ad</strong></span> <span class='ocrx_word' id='word_1_51' title='bbox 1274 775 1472 828; x_wconf 90' lang='lat' dir='ltr'><strong>sidera.</strong></span> <span class='ocrx_word' id='word_1_52' title='bbox 1526 776 1733 831; x_wconf 83' lang='lat' dir='ltr'><strong>Interea</strong></span> <span class='ocrx_word' id='word_1_53' title='bbox 1790 787 1898 832; x_wconf 89' lang='lat' dir='ltr'><strong>tam</strong></span> 
     </span>
    </p>
   </div>
   <div class='ocr_carea' id='block_1_9' title="bbox 321 860 1895 938">
    <p class='ocr_par' dir='ltr' id='par_1_9' title="bbox 321 860 1895 938">
     <span class='ocr_line' id='line_1_9' title="bbox 321 860 1895 938; baseline 0.014 -36"><span class='ocrx_word' id='word_1_54' title='bbox 321 865 518 919; x_wconf 86' lang='lat' dir='ltr'><strong>magna</strong></span> <span class='ocrx_word' id='word_1_55' title='bbox 544 869 656 908; x_wconf 63' lang='lat' dir='ltr'><strong>sure</strong></span> <span class='ocrx_word' id='word_1_56' title='bbox 689 860 1010 914; x_wconf 79' lang='lat' dir='ltr'><strong>constantiae</strong></span> <span class='ocrx_word' id='word_1_57' title='bbox 1043 863 1183 917; x_wconf 73' lang='lat' dir='ltr'><strong>fama</strong></span> <span class='ocrx_word' id='word_1_58' title='bbox 1216 866 1360 935; x_wconf 81' lang='lat' dir='ltr'><strong>regis</strong></span> <span class='ocrx_word' id='word_1_59' title='bbox 1394 868 1443 920; x_wconf 91' lang='lat' dir='ltr'><strong>in</strong></span> <span class='ocrx_word' id='word_1_60' title='bbox 1474 867 1674 937; x_wconf 88' lang='lat' dir='ltr'><strong>palatio</strong></span> <span class='ocrx_word' id='word_1_61' title='bbox 1701 870 1895 938; x_wconf 88' lang='lat' dir='ltr'><strong>patuit,</strong></span> 
     </span>
    </p>
   </div>
   <div class='ocr_carea' id='block_1_10' title="bbox 320 940 1899 1022">
    <p class='ocr_par' dir='ltr' id='par_1_10' title="bbox 320 940 1899 1022">
     <span class='ocr_line' id='line_1_10' title="bbox 320 940 1899 1022; baseline 0.015 -29"><span class='ocrx_word' id='word_1_62' title='bbox 320 950 380 994; x_wconf 88' lang='lat' dir='ltr'><strong>ut</strong></span> <span class='ocrx_word' id='word_1_63' title='bbox 411 940 568 1014; x_wconf 89' lang='lat' dir='ltr'><strong>longe</strong></span> <span class='ocrx_word' id='word_1_64' title='bbox 601 943 817 1016; x_wconf 87' lang='lat' dir='ltr'><strong>lateque</strong></span> <span class='ocrx_word' id='word_1_65' title='bbox 861 953 1160 1022; x_wconf 80' lang='lat' dir='ltr'><strong>magnificis</strong></span> <span class='ocrx_word' id='word_1_66' title='bbox 1203 972 1382 1011; x_wconf 88' lang='lat' dir='ltr'><strong>rerum</strong></span> <span class='ocrx_word' id='word_1_67' title='bbox 1427 957 1776 1015; x_wconf 79' lang='lat' dir='ltr'><strong>laudabilium</strong></span> <span class='ocrx_word' id='word_1_68' title='bbox 1819 961 1899 1015; x_wconf 82' lang='lat' dir='ltr'><strong>di-</strong></span> 
     </span>
    </p>
   </div>
   <div class='ocr_carea' id='block_1_11' title="bbox 317 1031 1899 1118">
    <p class='ocr_par' dir='ltr' id='par_1_11' title="bbox 317 1031 1899 1118">
     <span class='ocr_line' id='line_1_11' title="bbox 317 1031 1899 1118; baseline 0.015 -34"><span class='ocrx_word' id='word_1_69' title='bbox 317 1031 633 1103; x_wconf 82' lang='lat' dir='ltr'><strong>vulgaretur</strong></span> <span class='ocrx_word' id='word_1_70' title='bbox 666 1038 898 1095; x_wconf 88' lang='lat' dir='ltr'><strong>imliciis.</strong></span> <span class='ocrx_word' id='word_1_71' title='bbox 940 1041 1055 1098; x_wconf 77' lang='lat' dir='ltr'><strong>Non</strong></span> <span class='ocrx_word' id='word_1_72' title='bbox 1090 1055 1272 1102; x_wconf 89' lang='lat' dir='ltr'><strong>autem</strong></span> <span class='ocrx_word' id='word_1_73' title='bbox 1311 1049 1468 1118; x_wconf 81' lang='lat' dir='ltr'><strong>hujus</strong></span> <span class='ocrx_word' id='word_1_74' title='bbox 1505 1054 1686 1107; x_wconf 87' lang='lat' dir='ltr'><strong>tnundi</strong></span> <span class='ocrx_word' id='word_1_75' title='bbox 1731 1069 1899 1108; x_wconf 86' lang='lat' dir='ltr'><strong>vanos</strong></span> 
     </span>
    </p>
   </div>
   <div class='ocr_carea' id='block_1_12' title="bbox 316 1125 1898 1213">
    <p class='ocr_par' dir='ltr' id='par_1_12' title="bbox 316 1125 1898 1213">
     <span class='ocr_line' id='line_1_12' title="bbox 316 1125 1898 1213; baseline 0.015 -36"><span class='ocrx_word' id='word_1_76' title='bbox 316 1125 568 1192; x_wconf 80' lang='lat' dir='ltr'><strong>captabat</strong></span> <span class='ocrx_word' id='word_1_77' title='bbox 620 1127 856 1197; x_wconf 77' lang='lat' dir='ltr'><strong>favores,</strong></span> <span class='ocrx_word' id='word_1_78' title='bbox 910 1136 1004 1189; x_wconf 87' lang='lat' dir='ltr'><strong>sed</strong></span> <span class='ocrx_word' id='word_1_79' title='bbox 1059 1139 1230 1208; x_wconf 84' lang='lat' dir='ltr'><strong>copiis</strong></span> <span class='ocrx_word' id='word_1_80' title='bbox 1290 1141 1550 1198; x_wconf 86' lang='lat' dir='ltr'><strong>virtutum</strong></span> <span class='ocrx_word' id='word_1_81' title='bbox 1595 1155 1898 1213; x_wconf 63' lang='lat' dir='ltr'><strong>praeventus</strong></span> 
     </span>
    </p>
   </div>
   <div class='ocr_carea' id='block_1_13' title="bbox 315 1213 1896 1306">
    <p class='ocr_par' dir='ltr' id='par_1_13' title="bbox 315 1213 1896 1306">
     <span class='ocr_line' id='line_1_13' title="bbox 315 1213 1896 1306; baseline 0.016 -39"><span class='ocrx_word' id='word_1_82' title='bbox 315 1213 463 1270; x_wconf 84' lang='lat' dir='ltr'><strong>illam</strong></span> <span class='ocrx_word' id='word_1_83' title='bbox 493 1222 682 1275; x_wconf 62' lang='lat' dir='ltr'><strong>interni</strong></span> <span class='ocrx_word' id='word_1_84' title='bbox 715 1222 876 1296; x_wconf 84' lang='lat' dir='ltr'><strong>Regis</strong></span> <span class='ocrx_word' id='word_1_85' title='bbox 907 1227 1134 1298; x_wconf 78' lang='lat' dir='ltr'><strong>gloriam</strong></span> <span class='ocrx_word' id='word_1_86' title='bbox 1167 1233 1234 1286; x_wconf 92' lang='lat' dir='ltr'><strong>ab</strong></span> <span class='ocrx_word' id='word_1_87' title='bbox 1263 1233 1407 1288; x_wconf 89' lang='lat' dir='ltr'><strong>intus</strong></span> <span class='ocrx_word' id='word_1_88' title='bbox 1434 1238 1700 1305; x_wconf 79' lang='lat' dir='ltr'><strong>gestabat,</strong></span> <span class='ocrx_word' id='word_1_89' title='bbox 1734 1254 1896 1306; x_wconf 90' lang='lat' dir='ltr'><strong>quam</strong></span> 
     </span>
    </p>
   </div>
   <div class='ocr_carea' id='block_1_14' title="bbox 313 1305 1896 1402">
    <p class='ocr_par' dir='ltr' id='par_1_14' title="bbox 313 1305 1896 1402">
     <span class='ocr_line' id='line_1_14' title="bbox 313 1305 1896 1402; baseline 0.017 -41"><span class='ocrx_word' id='word_1_90' title='bbox 313 1305 416 1361; x_wconf 90' lang='lat' dir='ltr'><strong>sibi</strong></span> <span class='ocrx_word' id='word_1_91' title='bbox 448 1310 654 1378; x_wconf 88' lang='lat' dir='ltr'><strong>pollens</strong></span> <span class='ocrx_word' id='word_1_92' title='bbox 678 1317 960 1386; x_wconf 84' lang='lat' dir='ltr'><strong>sapientia,</strong></span> <span class='ocrx_word' id='word_1_93' title='bbox 1001 1321 1160 1378; x_wconf 91' lang='lat' dir='ltr'><strong>docto</strong></span> <span class='ocrx_word' id='word_1_94' title='bbox 1186 1324 1354 1394; x_wconf 84' lang='lat' dir='ltr'><strong>digito</strong></span> <span class='ocrx_word' id='word_1_95' title='bbox 1379 1328 1641 1385; x_wconf 89' lang='lat' dir='ltr'><strong>donormn</strong></span> <span class='ocrx_word' id='word_1_96' title='bbox 1679 1333 1896 1402; x_wconf 83' lang='lat' dir='ltr'><strong>spirita-</strong></span> 
     </span>
    </p>
   </div>
   <div class='ocr_carea' id='block_1_15' title="bbox 312 1396 1896 1492">
    <p class='ocr_par' dir='ltr' id='par_1_15' title="bbox 312 1396 1896 1492">
     <span class='ocr_line' id='line_1_15' title="bbox 312 1396 1896 1492; baseline 0.021 -42"><span class='ocrx_word' id='word_1_97' title='bbox 312 1396 467 1466; x_wconf 91' lang='lat' dir='ltr'><strong>lium,</strong></span> <span class='ocrx_word' id='word_1_98' title='bbox 498 1406 761 1463; x_wconf 89' lang='lat' dir='ltr'><strong>varictate</strong></span> <span class='ocrx_word' id='word_1_99' title='bbox 790 1411 955 1466; x_wconf 89' lang='lat' dir='ltr'><strong>etiam</strong></span> <span class='ocrx_word' id='word_1_100' title='bbox 983 1417 1305 1483; x_wconf 88' lang='lat' dir='ltr'><strong>studiorum,</strong></span> <span class='ocrx_word' id='word_1_101' title='bbox 1332 1437 1429 1476; x_wconf 89' lang='lat' dir='ltr'><strong>nec</strong></span> <span class='ocrx_word' id='word_1_102' title='bbox 1458 1439 1563 1477; x_wconf 89' lang='lat' dir='ltr'><strong>non</strong></span> <span class='ocrx_word' id='word_1_103' title='bbox 1587 1438 1896 1492; x_wconf 87' lang='lat' dir='ltr'><strong>gemmante</strong></span> 
     </span>
    </p>
   </div>
   <div class='ocr_carea' id='block_1_16' title="bbox 308 1491 1896 1574">
    <p class='ocr_par' dir='ltr' id='par_1_16' title="bbox 308 1491 1896 1574">
     <span class='ocr_line' id='line_1_16' title="bbox 308 1491 1896 1574; baseline 0.02 -31"><span class='ocrx_word' id='word_1_104' title='bbox 308 1491 487 1548; x_wconf 88' lang='lat' dir='ltr'><strong>nitore</strong></span> <span class='ocrx_word' id='word_1_105' title='bbox 512 1510 800 1554; x_wconf 85' lang='lat' dir='ltr'><strong>aureorum</strong></span> <span class='ocrx_word' id='word_1_106' title='bbox 834 1517 1145 1572; x_wconf 88' lang='lat' dir='ltr'><strong>ornatuum,</strong></span> <span class='ocrx_word' id='word_1_107' title='bbox 1174 1511 1415 1567; x_wconf 83' lang='lat' dir='ltr'><strong>dictavit.</strong></span> <span class='ocrx_word' id='word_1_108' title='bbox 1450 1514 1583 1570; x_wconf 80' lang='lat' dir='ltr'><strong>Nam</strong></span> <span class='ocrx_word' id='word_1_109' title='bbox 1619 1520 1782 1572; x_wconf 93' lang='lat' dir='ltr'><strong>multa</strong></span> <span class='ocrx_word' id='word_1_110' title='bbox 1809 1536 1896 1574; x_wconf 86' lang='lat' dir='ltr'><strong>sa-</strong></span> 
     </span>
    </p>
   </div>
   <div class='ocr_carea' id='block_1_17' title="bbox 267 1591 1893 1680">
    <p class='ocr_par' dir='ltr' id='par_1_17' title="bbox 267 1591 1893 1680">
     <span class='ocr_line' id='line_1_17' title="bbox 267 1591 1893 1680; baseline 0.02 -45"><span class='ocrx_word' id='word_1_111' title='bbox 267 1601 270 1604; x_wconf 85' lang='grc'><strong>·</strong></span> <span class='ocrx_word' id='word_1_112' title='bbox 308 1597 529 1640; x_wconf 87' lang='lat' dir='ltr'><strong>crorum</strong></span> <span class='ocrx_word' id='word_1_113' title='bbox 573 1597 628 1643; x_wconf 85' lang='lat' dir='ltr'><strong>et</strong></span> <span class='ocrx_word' id='word_1_114' title='bbox 664 1591 968 1651; x_wconf 89' lang='lat' dir='ltr'><strong>divinorum</strong></span> <span class='ocrx_word' id='word_1_115' title='bbox 1006 1600 1340 1657; x_wconf 84' lang='lat' dir='ltr'><strong>voluminum</strong></span> <span class='ocrx_word' id='word_1_116' title='bbox 1383 1617 1556 1675; x_wconf 88' lang='lat' dir='ltr'><strong>prata,</strong></span> <span class='ocrx_word' id='word_1_117' title='bbox 1602 1609 1748 1664; x_wconf 91' lang='lat' dir='ltr'><strong>velut</strong></span> <span class='ocrx_word' id='word_1_118' title='bbox 1777 1613 1893 1680; x_wconf 85' lang='lat' dir='ltr'><strong>apis</strong></span> 
     </span>
    </p>
   </div>
   <div class='ocr_carea' id='block_1_18' title="bbox 305 1671 1888 1769">
    <p class='ocr_par' dir='ltr' id='par_1_18' title="bbox 305 1671 1888 1769">
     <span class='ocr_line' id='line_1_18' title="bbox 305 1671 1888 1769; baseline 0.021 -44"><span class='ocrx_word' id='word_1_119' title='bbox 305 1671 610 1744; x_wconf 84' lang='lat' dir='ltr'><strong>ingeniosa,</strong></span> <span class='ocrx_word' id='word_1_120' title='bbox 641 1681 719 1736; x_wconf 91' lang='lat' dir='ltr'><strong>sic</strong></span> <span class='ocrx_word' id='word_1_121' title='bbox 753 1687 936 1752; x_wconf 90' lang='lat' dir='ltr'><strong>rapido</strong></span> <span class='ocrx_word' id='word_1_122' title='bbox 964 1704 1125 1744; x_wconf 91' lang='lat' dir='ltr'><strong>cursu</strong></span> <span class='ocrx_word' id='word_1_123' title='bbox 1157 1695 1376 1762; x_wconf 82' lang='lat' dir='ltr'><strong>capacis</strong></span> <span class='ocrx_word' id='word_1_124' title='bbox 1407 1696 1604 1768; x_wconf 89' lang='lat' dir='ltr'><strong>ingenii</strong></span> <span class='ocrx_word' id='word_1_125' title='bbox 1641 1703 1888 1769; x_wconf 87' lang='lat' dir='ltr'><strong>pervola-</strong></span> 
     </span>
    </p>
   </div>
   <div class='ocr_carea' id='block_1_19' title="bbox 303 1765 1888 1856">
    <p class='ocr_par' dir='ltr' id='par_1_19' title="bbox 303 1765 1888 1856">
     <span class='ocr_line' id='line_1_19' title="bbox 303 1765 1888 1856; baseline 0.023 -40"><span class='ocrx_word' id='word_1_126' title='bbox 303 1765 398 1826; x_wconf 85' lang='lat' dir='ltr'><strong>vit,</strong></span> <span class='ocrx_word' id='word_1_127' title='bbox 432 1778 490 1822; x_wconf 91' lang='lat' dir='ltr'><strong>ut</strong></span> <span class='ocrx_word' id='word_1_128' title='bbox 520 1782 751 1827; x_wconf 88' lang='lat' dir='ltr'><strong>mentem</strong></span> <span class='ocrx_word' id='word_1_129' title='bbox 789 1778 968 1845; x_wconf 81' lang='lat' dir='ltr'><strong>potius</strong></span> <span class='ocrx_word' id='word_1_130' title='bbox 998 1796 1156 1850; x_wconf 91' lang='lat' dir='ltr'><strong>quam</strong></span> <span class='ocrx_word' id='word_1_131' title='bbox 1186 1799 1380 1856; x_wconf 89' lang='lat' dir='ltr'><strong>corpus</strong></span> <span class='ocrx_word' id='word_1_132' title='bbox 1412 1765 1610 1845; x_wconf 73' lang='lat' dir='ltr'><strong>divinis</strong></span> <span class='ocrx_word' id='word_1_133' title='bbox 1641 1793 1888 1852; x_wconf 84' lang='lat' dir='ltr'><strong>reﬁceret</strong></span> 
     </span>
    </p>
   </div>
   <div class='ocr_carea' id='block_1_20' title="bbox 302 1855 1883 1949">
    <p class='ocr_par' dir='ltr' id='par_1_20' title="bbox 302 1855 1883 1949">
     <span class='ocr_line' id='line_1_20' title="bbox 302 1855 1883 1949; baseline 0.022 -40"><span class='ocrx_word' id='word_1_134' title='bbox 302 1855 648 1929; x_wconf 85' lang='lat' dir='ltr'><strong>lectionibus,</strong></span> <span class='ocrx_word' id='word_1_135' title='bbox 672 1875 726 1920; x_wconf 89' lang='lat' dir='ltr'><strong>et</strong></span> <span class='ocrx_word' id='word_1_136' title='bbox 755 1873 1157 1940; x_wconf 88' lang='lat' dir='ltr'><strong>receptaculum</strong></span> <span class='ocrx_word' id='word_1_137' title='bbox 1186 1878 1324 1932; x_wconf 78' lang='lat' dir='ltr'><strong>casti</strong></span> <span class='ocrx_word' id='word_1_138' title='bbox 1355 1884 1678 1949; x_wconf 84' lang='lat' dir='ltr'><strong>pectuscnli,</strong></span> <span class='ocrx_word' id='word_1_139' title='bbox 1709 1890 1883 1943; x_wconf 80' lang='lat' dir='ltr'><strong>sancti</strong></span> 
     </span>
    </p>
   </div>
   <div class='ocr_carea' id='block_1_21' title="bbox 302 1949 1887 2050">
    <p class='ocr_par' dir='ltr' id='par_1_21' title="bbox 302 1949 1887 2050">
     <span class='ocr_line' id='line_1_21' title="bbox 302 1949 1887 2050; baseline 0.021 -47"><span class='ocrx_word' id='word_1_140' title='bbox 302 1949 538 2018; x_wconf 85' lang='lat' dir='ltr'><strong>Spiritus</strong></span> <span class='ocrx_word' id='word_1_141' title='bbox 565 1955 690 2012; x_wconf 86' lang='lat' dir='ltr'><strong>flatu</strong></span> <span class='ocrx_word' id='word_1_142' title='bbox 718 1961 1016 2029; x_wconf 88' lang='lat' dir='ltr'><strong>perfusum,</strong></span> <span class='ocrx_word' id='word_1_143' title='bbox 1056 1978 1212 2037; x_wconf 88' lang='lat' dir='ltr'><strong>gustu</strong></span> <span class='ocrx_word' id='word_1_144' title='bbox 1252 1979 1510 2028; x_wconf 87' lang='lat' dir='ltr'><strong>nectarco</strong></span> <span class='ocrx_word' id='word_1_145' title='bbox 1539 1975 1730 2033; x_wconf 82' lang='lat' dir='ltr'><strong>devote</strong></span> <span class='ocrx_word' id='word_1_146' title='bbox 1761 1995 1887 2050; x_wconf 89' lang='lat' dir='ltr'><strong>sup-</strong></span> 
     </span>
    </p>
   </div>
   <div class='ocr_carea' id='block_1_22' title="bbox 298 2041 1878 2139">
    <p class='ocr_par' dir='ltr' id='par_1_22' title="bbox 298 2041 1878 2139">
     <span class='ocr_line' id='line_1_22' title="bbox 298 2041 1878 2139; baseline 0.02 -47"><span class='ocrx_word' id='word_1_147' title='bbox 298 2041 474 2112; x_wconf 90' lang='lat' dir='ltr'><strong>pleret</strong></span> <span class='ocrx_word' id='word_1_148' title='bbox 539 2061 777 2104; x_wconf 90' lang='lat' dir='ltr'><strong>sensum.</strong></span> <span class='ocrx_word' id='word_1_149' title='bbox 856 2052 1025 2108; x_wconf 86' lang='lat' dir='ltr'><strong>Porro</strong></span> <span class='ocrx_word' id='word_1_150' title='bbox 1090 2057 1528 2117; x_wconf 88' lang='lat' dir='ltr'><strong>llibcrniensium</strong></span> <span class='ocrx_word' id='word_1_151' title='bbox 1606 2070 1878 2139; x_wconf 83' lang='lat' dir='ltr'><strong>peregrini</strong></span> 
     </span>
    </p>
   </div>
   <div class='ocr_carea' id='block_1_23' title="bbox 298 2129 1885 2215">
    <p class='ocr_par' dir='ltr' id='par_1_23' title="bbox 298 2129 1885 2215">
     <span class='ocr_line' id='line_1_23' title="bbox 298 2129 1885 2215; baseline 0.021 -33"><span class='ocrx_word' id='word_1_152' title='bbox 298 2129 496 2198; x_wconf 75' lang='lat' dir='ltr'><strong>locum,</strong></span> <span class='ocrx_word' id='word_1_153' title='bbox 541 2153 699 2207; x_wconf 78' lang='lat' dir='ltr'><strong>quem</strong></span> <span class='ocrx_word' id='word_1_154' title='bbox 739 2141 872 2207; x_wconf 81' lang='lat' dir='ltr'><strong>dixi,</strong></span> <span class='ocrx_word' id='word_1_155' title='bbox 904 2144 1198 2202; x_wconf 70' lang='lat' dir='ltr'><strong>Glastonize</strong></span> <span class='ocrx_word' id='word_1_156' title='bbox 1228 2149 1368 2204; x_wconf 81' lang='lat' dir='ltr'><strong>sicut</strong></span> <span class='ocrx_word' id='word_1_157' title='bbox 1406 2163 1461 2207; x_wconf 88' lang='lat' dir='ltr'><strong>et</strong></span> <span class='ocrx_word' id='word_1_158' title='bbox 1505 2166 1716 2213; x_wconf 66' lang='lat' dir='ltr'><strong>caetera:</strong></span> <span class='ocrx_word' id='word_1_159' title='bbox 1754 2162 1885 2215; x_wconf 82' lang='lat' dir='ltr'><strong>fide-</strong></span> 
     </span>
    </p>
   </div>
   <div class='ocr_carea' id='block_1_24' title="bbox 296 2219 1883 2308">
    <p class='ocr_par' dir='ltr' id='par_1_24' title="bbox 296 2219 1883 2308">
     <span class='ocr_line' id='line_1_24' title="bbox 296 2219 1883 2308; baseline 0.023 -36"><span class='ocrx_word' id='word_1_160' title='bbox 296 2219 429 2276; x_wconf 88' lang='lat' dir='ltr'><strong>limn</strong></span> <span class='ocrx_word' id='word_1_161' title='bbox 465 2230 652 2291; x_wconf 78' lang='lat' dir='ltr'><strong>turhte,</strong></span> <span class='ocrx_word' id='word_1_162' title='bbox 701 2247 892 2300; x_wconf 74' lang='lat' dir='ltr'><strong>magno</strong></span> <span class='ocrx_word' id='word_1_163' title='bbox 933 2237 1181 2292; x_wconf 87' lang='lat' dir='ltr'><strong>colebant</strong></span> <span class='ocrx_word' id='word_1_164' title='bbox 1213 2239 1427 2307; x_wconf 66' lang='lat' dir='ltr'><strong>adectu,</strong></span> <span class='ocrx_word' id='word_1_165' title='bbox 1468 2257 1520 2300; x_wconf 90' lang='lat' dir='ltr'><strong>et</strong></span> <span class='ocrx_word' id='word_1_166' title='bbox 1552 2252 1785 2307; x_wconf 77' lang='lat' dir='ltr'><strong>maxime</strong></span> <span class='ocrx_word' id='word_1_167' title='bbox 1814 2254 1883 2308; x_wconf 90' lang='lat' dir='ltr'><strong>ob</strong></span> 
     </span>
    </p>
   </div>
   <div class='ocr_carea' id='block_1_25' title="bbox 295 2312 1880 2404">
    <p class='ocr_par' dir='ltr' id='par_1_25' title="bbox 295 2312 1880 2404">
     <span class='ocr_line' id='line_1_25' title="bbox 295 2312 1880 2404; baseline 0.021 -39"><span class='ocrx_word' id='word_1_168' title='bbox 295 2312 357 2366; x_wconf 65' lang='lat' dir='ltr'><strong>Bg</strong></span> <span class='ocrx_word' id='word_1_169' title='bbox 386 2315 608 2373; x_wconf 84' lang='lat' dir='ltr'><strong>Patricii</strong></span> <span class='ocrx_word' id='word_1_170' title='bbox 633 2322 987 2395; x_wconf 81' lang='lat' dir='ltr'><strong>(2|)junioris</strong></span> <span class='ocrx_word' id='word_1_171' title='bbox 1012 2330 1299 2399; x_wconf 91' lang='lat' dir='ltr'><strong>honorem,</strong></span> <span class='ocrx_word' id='word_1_172' title='bbox 1327 2337 1416 2404; x_wconf 91' lang='lat' dir='ltr'><strong>qui</strong></span> <span class='ocrx_word' id='word_1_173' title='bbox 1442 2336 1650 2395; x_wconf 86' lang='lat' dir='ltr'><strong>faustus</strong></span> <span class='ocrx_word' id='word_1_174' title='bbox 1680 2344 1880 2399; x_wconf 80' lang='lat' dir='ltr'><strong>ibidem</strong></span> 
     </span>
    </p>
   </div>
   <div class='ocr_carea' id='block_1_26' title="bbox 295 2408 1880 2497">
    <p class='ocr_par' dir='ltr' id='par_1_26' title="bbox 295 2408 1880 2497">
     <span class='ocr_line' id='line_1_26' title="bbox 295 2408 1880 2497; baseline 0.023 -36"><span class='ocrx_word' id='word_1_175' title='bbox 295 2408 350 2462; x_wconf 92' lang='lat' dir='ltr'><strong>in</strong></span> <span class='ocrx_word' id='word_1_176' title='bbox 394 2409 624 2468; x_wconf 89' lang='lat' dir='ltr'><strong>Domino</strong></span> <span class='ocrx_word' id='word_1_177' title='bbox 656 2418 928 2486; x_wconf 86' lang='lat' dir='ltr'><strong>quievisse</strong></span> <span class='ocrx_word' id='word_1_178' title='bbox 959 2436 1233 2481; x_wconf 88' lang='lat' dir='ltr'><strong>narratur.</strong></span> <span class='ocrx_word' id='word_1_179' title='bbox 1271 2428 1471 2485; x_wconf 83' lang='lat' dir='ltr'><strong>llornm</strong></span> <span class='ocrx_word' id='word_1_180' title='bbox 1508 2437 1670 2490; x_wconf 86' lang='lat' dir='ltr'><strong>etiam</strong></span> <span class='ocrx_word' id='word_1_181' title='bbox 1715 2437 1880 2497; x_wconf 87' lang='lat' dir='ltr'><strong>libros</strong></span> 
     </span>
    </p>
   </div>
   <div class='ocr_carea' id='block_1_27' title="bbox 293 2505 1882 2596">
    <p class='ocr_par' dir='ltr' id='par_1_27' title="bbox 293 2505 1882 2596">
     <span class='ocr_line' id='line_1_27' title="bbox 293 2505 1882 2596; baseline 0.021 -43"><span class='ocrx_word' id='word_1_182' title='bbox 293 2511 460 2556; x_wconf 69' lang='lat' dir='ltr'><strong>rectm</strong></span> <span class='ocrx_word' id='word_1_183' title='bbox 490 2505 608 2560; x_wconf 76' lang='lat' dir='ltr'><strong>fidei</strong></span> <span class='ocrx_word' id='word_1_184' title='bbox 640 2511 909 2566; x_wconf 91' lang='lat' dir='ltr'><strong>tramitem</strong></span> <span class='ocrx_word' id='word_1_185' title='bbox 937 2516 1374 2588; x_wconf 84' lang='lat' dir='ltr'><strong>philosophantes</strong></span> <span class='ocrx_word' id='word_1_186' title='bbox 1403 2525 1690 2596; x_wconf 72' lang='lat' dir='ltr'><strong>diligenter</strong></span> <span class='ocrx_word' id='word_1_187' title='bbox 1722 2547 1882 2588; x_wconf 77' lang='lat' dir='ltr'><strong>exco-</strong></span> 
     </span>
    </p>
   </div>
   <div class='ocr_carea' id='block_1_28' title="bbox 293 2589 1879 2681">
    <p class='ocr_par' dir='ltr' id='par_1_28' title="bbox 293 2589 1879 2681">
     <span class='ocr_line' id='line_1_28' title="bbox 293 2589 1879 2681; baseline 0.025 -41"><span class='ocrx_word' id='word_1_188' title='bbox 293 2589 415 2654; x_wconf 90' lang='lat' dir='ltr'><strong>luit,</strong></span> <span class='ocrx_word' id='word_1_189' title='bbox 447 2593 784 2668; x_wconf 87' lang='lat' dir='ltr'><strong>aliorumquc</strong></span> <span class='ocrx_word' id='word_1_190' title='bbox 814 2603 1184 2674; x_wconf 89' lang='lat' dir='ltr'><strong>prudentium,</strong></span> <span class='ocrx_word' id='word_1_191' title='bbox 1215 2625 1350 2681; x_wconf 91' lang='lat' dir='ltr'><strong>quos</strong></span> <span class='ocrx_word' id='word_1_192' title='bbox 1382 2616 1450 2669; x_wconf 85' lang='lat' dir='ltr'><strong>ab</strong></span> <span class='ocrx_word' id='word_1_193' title='bbox 1483 2616 1672 2673; x_wconf 87' lang='lat' dir='ltr'><strong>intinto</strong></span> <span class='ocrx_word' id='word_1_194' title='bbox 1700 2626 1879 2680; x_wconf 74' lang='lat' dir='ltr'><strong>cordis</strong></span> 
     </span>
    </p>
   </div>
   <div class='ocr_carea' id='block_1_29' title="bbox 218 2687 1879 2771">
    <p class='ocr_par' dir='ltr' id='par_1_29' title="bbox 218 2687 1879 2771">
     <span class='ocr_line' id='line_1_29' title="bbox 218 2687 1879 2771; baseline 0.025 -42"><span class='ocrx_word' id='word_1_195' title='bbox 218 2732 225 2737; x_wconf 90' lang='lat'><em>_</em></span> <span class='ocrx_word' id='word_1_196' title='bbox 290 2693 514 2750; x_wconf 83' lang='lat' dir='ltr'><strong>aspectu</strong></span> <span class='ocrx_word' id='word_1_197' title='bbox 548 2687 763 2744; x_wconf 82' lang='lat' dir='ltr'><strong>Patrum</strong></span> <span class='ocrx_word' id='word_1_198' title='bbox 789 2705 1103 2752; x_wconf 87' lang='lat' dir='ltr'><strong>sanctorum</strong></span> <span class='ocrx_word' id='word_1_199' title='bbox 1131 2705 1434 2761; x_wconf 88' lang='lat' dir='ltr'><strong>assertione</strong></span> <span class='ocrx_word' id='word_1_200' title='bbox 1461 2709 1721 2767; x_wconf 88' lang='lat' dir='ltr'><strong>solidatos</strong></span> <span class='ocrx_word' id='word_1_201' title='bbox 1755 2730 1879 2771; x_wconf 86' lang='lat' dir='ltr'><strong>esse</strong></span> 
     </span>
    </p>
   </div>
   <div class='ocr_carea' id='block_1_30' title="bbox 289 2775 1876 2871">
    <p class='ocr_par' dir='ltr' id='par_1_30' title="bbox 289 2775 1876 2871">
     <span class='ocr_line' id='line_1_30' title="bbox 289 2775 1876 2871; baseline 0.024 -49"><span class='ocrx_word' id='word_1_202' title='bbox 289 2775 585 2840; x_wconf 83' lang='lat' dir='ltr'><strong>persensit,</strong></span> <span class='ocrx_word' id='word_1_203' title='bbox 610 2780 824 2836; x_wconf 64' lang='lat' dir='ltr'><strong>solubFli</strong></span> <span class='ocrx_word' id='word_1_204' title='bbox 860 2801 1075 2855; x_wconf 86' lang='lat' dir='ltr'><strong>semper</strong></span> <span class='ocrx_word' id='word_1_205' title='bbox 1109 2796 1442 2850; x_wconf 87' lang='lat' dir='ltr'><strong>scrutamine</strong></span> <span class='ocrx_word' id='word_1_206' title='bbox 1470 2798 1762 2871; x_wconf 87' lang='lat' dir='ltr'><strong>indagavit.</strong></span> <span class='ocrx_word' id='word_1_207' title='bbox 1799 2805 1876 2862; x_wconf 82' lang='lat' dir='ltr'><strong>Ita</strong></span> 
     </span>
    </p>
   </div>
   <div class='ocr_carea' id='block_1_31' title="bbox 290 2865 1876 2967">
    <p class='ocr_par' dir='ltr' id='par_1_31' title="bbox 290 2865 1876 2967">
     <span class='ocr_line' id='line_1_31' title="bbox 290 2865 1876 2967; baseline 0.026 -54"><span class='ocrx_word' id='word_1_208' title='bbox 290 2876 424 2967; x_wconf 61' lang='lat' dir='ltr'><strong>vero</strong></span> <span class='ocrx_word' id='word_1_209' title='bbox 454 2865 576 2920; x_wconf 77' lang='lat' dir='ltr'><strong>vitae</strong></span> <span class='ocrx_word' id='word_1_210' title='bbox 605 2884 714 2923; x_wconf 77' lang='lat' dir='ltr'><strong>sua:</strong></span> <span class='ocrx_word' id='word_1_211' title='bbox 744 2875 980 2930; x_wconf 88' lang='lat' dir='ltr'><strong>studium</strong></span> <span class='ocrx_word' id='word_1_212' title='bbox 1011 2882 1320 2950; x_wconf 60' lang='lat' dir='ltr'><strong>COCI‘CCin,</strong></span> <span class='ocrx_word' id='word_1_213' title='bbox 1361 2897 1417 2941; x_wconf 92' lang='lat' dir='ltr'><strong>ut</strong></span> <span class='ocrx_word' id='word_1_214' title='bbox 1447 2891 1876 2967; x_wconf 81' lang='lat' dir='ltr'><strong>quotiescunque</strong></span> 
     </span>
    </p>
   </div>
   <div class='ocr_carea' id='block_1_32' title="bbox 287 2948 1874 3046">
    <p class='ocr_par' dir='ltr' id='par_1_32' title="bbox 287 2948 1874 3046">
     <span class='ocr_line' id='line_1_32' title="bbox 287 2948 1874 3046; baseline 0.028 -47"><span class='ocrx_word' id='word_1_215' title='bbox 287 2948 490 3006; x_wconf 69' lang='grc' dir='ltr'><strong>(Ιίνίεω</strong></span> <span class='ocrx_word' id='word_1_216' title='bbox 531 2953 823 3027; x_wconf 78' lang='lat' dir='ltr'><strong>Scriptura:</strong></span> <span class='ocrx_word' id='word_1_217' title='bbox 865 2964 1031 3022; x_wconf 86' lang='lat' dir='ltr'><strong>libros</strong></span> <span class='ocrx_word' id='word_1_218' title='bbox 1074 2982 1432 3041; x_wconf 77' lang='lat' dir='ltr'><strong>scrutaretur,</strong></span> <span class='ocrx_word' id='word_1_219' title='bbox 1473 2980 1613 3038; x_wconf 75' lang='lat' dir='ltr'><strong>Deus</strong></span> <span class='ocrx_word' id='word_1_220' title='bbox 1651 2948 1874 3046; x_wconf 64' lang='lat' dir='ltr'><strong>CIImICO</strong></span> 
     </span>
    </p>
   </div>
   <div class='ocr_carea' id='block_1_33' title="bbox 285 3041 1944 3162">
    <p class='ocr_par' dir='ltr' id='par_1_33' title="bbox 285 3041 1944 3162">
     <span class='ocr_line' id='line_1_33' title="bbox 285 3041 1944 3162; baseline 0.014 -56"><span class='ocrx_word' id='word_1_221' title='bbox 285 3041 498 3106; x_wconf 66' lang='lat' dir='ltr'><strong>Pi‘l‘ilel&#39;</strong></span> <span class='ocrx_word' id='word_1_222' title='bbox 525 3045 860 3119; x_wconf 63' lang='lat' dir='ltr'><strong>loqueretur;</strong></span> <span class='ocrx_word' id='word_1_223' title='bbox 887 3060 1100 3125; x_wconf 85' lang='lat' dir='ltr'><strong>quoties</strong></span> <span class='ocrx_word' id='word_1_224' title='bbox 1120 3073 1322 3130; x_wconf 88' lang='lat' dir='ltr'><strong>autem,</strong></span> <span class='ocrx_word' id='word_1_225' title='bbox 1341 3070 1488 3125; x_wconf 90' lang='lat' dir='ltr'><strong>curis</strong></span> <span class='ocrx_word' id='word_1_226' title='bbox 1517 3076 1870 3135; x_wconf 70' lang='lat' dir='ltr'><strong>saecularibus</strong></span> <span class='ocrx_word' id='word_1_227' title='bbox 1900 3110 1944 3162; x_wconf 67' lang='grc' dir='ltr'><strong><em>ρ</em></strong></span> 
     </span>
     <span class='ocr_line' id='line_1_34' title="bbox 285 3132 1944 3162; baseline 0 0"><span class='ocrx_word' id='word_1_228' title='bbox 285 3132 497 3162; x_wconf 49' lang='lat' dir='ltr'><strong>caluum.</strong></span> <span class='ocrx_word' id='word_1_229' title='bbox 557 3143 721 3162; x_wconf 66' lang='lat'><strong>---__.:_</strong></span> <span class='ocrx_word' id='word_1_230' title='bbox 939 3152 988 3162; x_wconf 27' lang='grc' dir='ltr'><strong>γ..</strong></span> <span class='ocrx_word' id='word_1_231' title='bbox 1150 3155 1161 3162; x_wconf 89' lang='grc'>.</span> <span class='ocrx_word' id='word_1_232' title='bbox 1234 3159 1243 3162; x_wconf 84' lang='grc'><em>,</em></span> <span class='ocrx_word' id='word_1_233' title='bbox 1931 3149 1944 3162; x_wconf 78' lang='grc' dir='ltr'><strong><em>Δ</em></strong></span> 
     </span>
    </p>
   </div>
   <div class='ocr_carea' id='block_1_34' title="bbox 1968 500 3596 573">
    <p class='ocr_par' dir='ltr' id='par_1_34' title="bbox 1968 500 3596 573">
     <span class='ocr_line' id='line_1_35' title="bbox 1968 500 3596 573; baseline 0.006 -19"><span class='ocrx_word' id='word_1_234' title='bbox 1968 509 1971 511; x_wconf 84' lang='grc'><em>’</em></span> <span class='ocrx_word' id='word_1_235' title='bbox 2007 501 2206 554; x_wconf 78' lang='lat' dir='ltr'><strong>oderint</strong></span> <span class='ocrx_word' id='word_1_236' title='bbox 2243 501 2494 566; x_wconf 75' lang='lat' dir='ltr'><strong>homines,</strong></span> <span class='ocrx_word' id='word_1_237' title='bbox 2534 509 2641 556; x_wconf 88' lang='lat' dir='ltr'><strong>etc.</strong></span> <span class='ocrx_word' id='word_1_238' title='bbox 2678 500 2829 570; x_wconf 86' lang='lat' dir='ltr'><strong>(Luc.</strong></span> <span class='ocrx_word' id='word_1_239' title='bbox 2856 517 2930 567; x_wconf 89' lang='lat' dir='ltr'><strong>vt,</strong></span> <span class='ocrx_word' id='word_1_240' title='bbox 2978 501 3096 573; x_wconf 73' lang='lat'><strong>9.2),</strong></span> <span class='ocrx_word' id='word_1_241' title='bbox 3143 502 3213 558; x_wconf 87' lang='lat' dir='ltr'><strong>Et</strong></span> <span class='ocrx_word' id='word_1_242' title='bbox 3255 505 3596 564; x_wconf 81' lang='lat' dir='ltr'><strong>auditoribus</strong></span> 
     </span>
    </p>
   </div>
   <div class='ocr_carea' id='block_1_35' title="bbox 2005 589 3595 660">
    <p class='ocr_par' dir='ltr' id='par_1_35' title="bbox 2005 589 3595 660">
     <span class='ocr_line' id='line_1_36' title="bbox 2005 589 3595 660; baseline 0.004 -16"><span class='ocrx_word' id='word_1_243' title='bbox 2005 591 2116 644; x_wconf 82' lang='lat' dir='ltr'><strong>suis</strong></span> <span class='ocrx_word' id='word_1_244' title='bbox 2146 609 2158 644; x_wconf 91' lang='lat'><strong>:</strong></span> <span class='ocrx_word' id='word_1_245' title='bbox 2187 589 2244 646; x_wconf 89' lang='lat' dir='ltr'><strong>Si</strong></span> <span class='ocrx_word' id='word_1_246' title='bbox 2265 593 2328 645; x_wconf 84' lang='lat' dir='ltr'><strong>de</strong></span> <span class='ocrx_word' id='word_1_247' title='bbox 2353 592 2545 645; x_wconf 86' lang='lat' dir='ltr'><strong>mundo</strong></span> <span class='ocrx_word' id='word_1_248' title='bbox 2566 592 2819 660; x_wconf 76' lang='lat' dir='ltr'><strong>fuissetis,</strong></span> <span class='ocrx_word' id='word_1_249' title='bbox 2846 593 3072 646; x_wconf 76' lang='lat' dir='ltr'><strong>mundus</strong></span> <span class='ocrx_word' id='word_1_250' title='bbox 3103 596 3244 659; x_wconf 83' lang='lat' dir='ltr'><strong>quod</strong></span> <span class='ocrx_word' id='word_1_251' title='bbox 3279 611 3434 649; x_wconf 85' lang='lat' dir='ltr'><strong>suum</strong></span> <span class='ocrx_word' id='word_1_252' title='bbox 3478 607 3595 650; x_wconf 71' lang='lat' dir='ltr'><strong>erat</strong></span> 
     </span>
    </p>
   </div>
   <div class='ocr_carea' id='block_1_36' title="bbox 2005 683 3594 758">
    <p class='ocr_par' dir='ltr' id='par_1_36' title="bbox 2005 683 3594 758">
     <span class='ocr_line' id='line_1_37' title="bbox 2005 683 3594 758; baseline 0.004 -25"><span class='ocrx_word' id='word_1_253' title='bbox 2005 683 2237 752; x_wconf 76' lang='lat' dir='ltr'><strong>ditigeret</strong></span> <span class='ocrx_word' id='word_1_254' title='bbox 2263 699 2280 746; x_wconf 85' lang='lat'><em>;</em></span> <span class='ocrx_word' id='word_1_255' title='bbox 2304 684 2427 752; x_wconf 82' lang='lat' dir='ltr'><strong>quia</strong></span> <span class='ocrx_word' id='word_1_256' title='bbox 2458 699 2572 737; x_wconf 72' lang='lat' dir='ltr'><strong>vero</strong></span> <span class='ocrx_word' id='word_1_257' title='bbox 2607 683 2670 737; x_wconf 86' lang='lat' dir='ltr'><strong>de</strong></span> <span class='ocrx_word' id='word_1_258' title='bbox 2693 683 2893 738; x_wconf 85' lang='lat' dir='ltr'><strong>mundo</strong></span> <span class='ocrx_word' id='word_1_259' title='bbox 2919 701 3022 738; x_wconf 88' lang='lat' dir='ltr'><strong>non</strong></span> <span class='ocrx_word' id='word_1_260' title='bbox 3046 687 3191 750; x_wconf 82' lang='lat' dir='ltr'><strong>estis,</strong></span> <span class='ocrx_word' id='word_1_261' title='bbox 3223 687 3316 740; x_wconf 86' lang='lat' dir='ltr'><strong>sed</strong></span> <span class='ocrx_word' id='word_1_262' title='bbox 3339 702 3431 757; x_wconf 87' lang='lat' dir='ltr'><strong>ego</strong></span> <span class='ocrx_word' id='word_1_263' title='bbox 3461 686 3594 758; x_wconf 79' lang='lat' dir='ltr'><strong>elegi</strong></span> 
     </span>
    </p>
   </div>
   <div class='ocr_carea' id='block_1_37' title="bbox 2006 774 3592 845">
    <p class='ocr_par' dir='ltr' id='par_1_37' title="bbox 2006 774 3592 845">
     <span class='ocr_line' id='line_1_38' title="bbox 2006 774 3592 845; baseline 0.001 -19"><span class='ocrx_word' id='word_1_264' title='bbox 2006 790 2094 826; x_wconf 79' lang='lat' dir='ltr'><strong>ros</strong></span> <span class='ocrx_word' id='word_1_265' title='bbox 2121 774 2183 826; x_wconf 83' lang='lat' dir='ltr'><strong>de</strong></span> <span class='ocrx_word' id='word_1_266' title='bbox 2208 775 2423 838; x_wconf 86' lang='lat' dir='ltr'><strong>mundo,</strong></span> <span class='ocrx_word' id='word_1_267' title='bbox 2459 785 2730 844; x_wconf 74' lang='lat' dir='ltr'><strong>propterea</strong></span> <span class='ocrx_word' id='word_1_268' title='bbox 2755 775 2863 828; x_wconf 86' lang='lat' dir='ltr'><strong>odit</strong></span> <span class='ocrx_word' id='word_1_269' title='bbox 2893 791 2978 829; x_wconf 79' lang='lat' dir='ltr'><strong>vos</strong></span> <span class='ocrx_word' id='word_1_270' title='bbox 3020 775 3246 830; x_wconf 82' lang='lat' dir='ltr'><strong>mundus</strong></span> <span class='ocrx_word' id='word_1_271' title='bbox 3279 775 3459 845; x_wconf 80' lang='lat' dir='ltr'><strong>(Joan.</strong></span> <span class='ocrx_word' id='word_1_272' title='bbox 3499 793 3592 842; x_wconf 84' lang='lat' dir='ltr'><strong>xv,</strong></span> 
     </span>
    </p>
   </div>
   <div class='ocr_carea' id='block_1_38' title="bbox 2006 864 3593 935">
    <p class='ocr_par' dir='ltr' id='par_1_38' title="bbox 2006 864 3593 935">
     <span class='ocr_line' id='line_1_39' title="bbox 2006 864 3593 935; baseline 0.005 -19"><span class='ocrx_word' id='word_1_273' title='bbox 2006 864 2112 934; x_wconf 74' lang='lat' dir='ltr'><strong>l9).</strong></span> <span class='ocrx_word' id='word_1_274' title='bbox 2163 864 2403 935; x_wconf 89' lang='lat' dir='ltr'><strong>ltcmque</strong></span> <span class='ocrx_word' id='word_1_275' title='bbox 2446 885 2456 918; x_wconf 93' lang='lat'>:</span> <span class='ocrx_word' id='word_1_276' title='bbox 2511 865 2662 920; x_wconf 86' lang='lat' dir='ltr'><strong>Beati</strong></span> <span class='ocrx_word' id='word_1_277' title='bbox 2703 867 2825 919; x_wconf 82' lang='lat' dir='ltr'><strong>estis</strong></span> <span class='ocrx_word' id='word_1_278' title='bbox 2868 883 2985 921; x_wconf 84' lang='lat' dir='ltr'><strong>cum</strong></span> <span class='ocrx_word' id='word_1_279' title='bbox 3035 868 3403 922; x_wconf 78' lang='lat' dir='ltr'><strong>maledixerint</strong></span> <span class='ocrx_word' id='word_1_280' title='bbox 3452 869 3593 924; x_wconf 76' lang='lat' dir='ltr'><strong>vobis</strong></span> 
     </span>
    </p>
   </div>
   <div class='ocr_carea' id='block_1_39' title="bbox 2003 957 3593 1029">
    <p class='ocr_par' dir='ltr' id='par_1_39' title="bbox 2003 957 3593 1029">
     <span class='ocr_line' id='line_1_40' title="bbox 2003 957 3593 1029; baseline 0.003 -18"><span class='ocrx_word' id='word_1_281' title='bbox 2003 957 2272 1022; x_wconf 82' lang='lat' dir='ltr'><strong>homines,</strong></span> <span class='ocrx_word' id='word_1_282' title='bbox 2305 970 2350 1011; x_wconf 87' lang='lat' dir='ltr'><strong>et</strong></span> <span class='ocrx_word' id='word_1_283' title='bbox 2393 959 2650 1026; x_wconf 81' lang='lat' dir='ltr'><strong>persecuti</strong></span> <span class='ocrx_word' id='word_1_284' title='bbox 2694 976 2779 1013; x_wconf 79' lang='lat' dir='ltr'><strong>vos</strong></span> <span class='ocrx_word' id='word_1_285' title='bbox 2821 960 3040 1029; x_wconf 79' lang='lat' dir='ltr'><strong>fuerint,</strong></span> <span class='ocrx_word' id='word_1_286' title='bbox 3082 973 3128 1015; x_wconf 90' lang='lat' dir='ltr'><strong>et</strong></span> <span class='ocrx_word' id='word_1_287' title='bbox 3169 962 3395 1016; x_wconf 73' lang='lat' dir='ltr'><strong>dixerint</strong></span> <span class='ocrx_word' id='word_1_288' title='bbox 3441 977 3593 1016; x_wconf 84' lang='lat' dir='ltr'><strong>omne</strong></span> 
     </span>
    </p>
   </div>
   <div class='ocr_carea' id='block_1_40' title="bbox 2001 1047 3592 1121">
    <p class='ocr_par' dir='ltr' id='par_1_40' title="bbox 2001 1047 3592 1121">
     <span class='ocr_line' id='line_1_41' title="bbox 2001 1047 3592 1121; baseline 0.004 -22"><span class='ocrx_word' id='word_1_289' title='bbox 2001 1047 2198 1100; x_wconf 80' lang='lat' dir='ltr'><strong>malum</strong></span> <span class='ocrx_word' id='word_1_290' title='bbox 2227 1048 2502 1102; x_wconf 73' lang='lat' dir='ltr'><strong>adversum</strong></span> <span class='ocrx_word' id='word_1_291' title='bbox 2530 1066 2637 1113; x_wconf 80' lang='lat' dir='ltr'><strong>ros,</strong></span> <span class='ocrx_word' id='word_1_292' title='bbox 2659 1051 2962 1104; x_wconf 84' lang='lat' dir='ltr'><strong>mentientes</strong></span> <span class='ocrx_word' id='word_1_293' title='bbox 2987 1062 3200 1121; x_wconf 85' lang='lat' dir='ltr'><strong>propter</strong></span> <span class='ocrx_word' id='word_1_294' title='bbox 3223 1069 3322 1107; x_wconf 87' lang='lat' dir='ltr'><strong>me.</strong></span> <span class='ocrx_word' id='word_1_295' title='bbox 3355 1049 3592 1106; x_wconf 77' lang='lat' dir='ltr'><strong>Gaudete</strong></span> 
     </span>
    </p>
   </div>
   <div class='ocr_carea' id='block_1_41' title="bbox 2001 1136 3592 1212">
    <p class='ocr_par' dir='ltr' id='par_1_41' title="bbox 2001 1136 3592 1212">
     <span class='ocr_line' id='line_1_42' title="bbox 2001 1136 3592 1212; baseline 0.003 -22"><span class='ocrx_word' id='word_1_296' title='bbox 2001 1136 2054 1191; x_wconf 90' lang='lat' dir='ltr'><strong>in</strong></span> <span class='ocrx_word' id='word_1_297' title='bbox 2084 1139 2172 1192; x_wconf 89' lang='lat' dir='ltr'><strong>illo</strong></span> <span class='ocrx_word' id='word_1_298' title='bbox 2203 1138 2290 1193; x_wconf 89' lang='lat' dir='ltr'><strong>die</strong></span> <span class='ocrx_word' id='word_1_299' title='bbox 2317 1150 2362 1192; x_wconf 88' lang='lat' dir='ltr'><strong>et</strong></span> <span class='ocrx_word' id='word_1_300' title='bbox 2389 1139 2666 1204; x_wconf 73' lang='lat' dir='ltr'><strong>exsultate,</strong></span> <span class='ocrx_word' id='word_1_301' title='bbox 2694 1140 2942 1209; x_wconf 84' lang='lat' dir='ltr'><strong>quoniam</strong></span> <span class='ocrx_word' id='word_1_302' title='bbox 2966 1156 3158 1196; x_wconf 78' lang='lat' dir='ltr'><strong>merces</strong></span> <span class='ocrx_word' id='word_1_303' title='bbox 3187 1152 3356 1196; x_wconf 82' lang='lat' dir='ltr'><strong>vestra</strong></span> <span class='ocrx_word' id='word_1_304' title='bbox 3380 1143 3592 1212; x_wconf 81' lang='lat' dir='ltr'><strong>copiosa</strong></span> 
     </span>
    </p>
   </div>
   <div class='ocr_carea' id='block_1_42' title="bbox 1999 1228 3588 1304">
    <p class='ocr_par' dir='ltr' id='par_1_42' title="bbox 1999 1228 3588 1304">
     <span class='ocr_line' id='line_1_43' title="bbox 1999 1228 3588 1304; baseline 0.004 -22"><span class='ocrx_word' id='word_1_305' title='bbox 1999 1238 2074 1282; x_wconf 83' lang='lat' dir='ltr'><strong>est</strong></span> <span class='ocrx_word' id='word_1_306' title='bbox 2123 1229 2176 1282; x_wconf 89' lang='lat' dir='ltr'><strong>in</strong></span> <span class='ocrx_word' id='word_1_307' title='bbox 2227 1229 2366 1283; x_wconf 74' lang='lat' dir='ltr'><strong>caelis</strong></span> <span class='ocrx_word' id='word_1_308' title='bbox 2419 1228 2633 1300; x_wconf 76' lang='lat' dir='ltr'><strong>(Matth.</strong></span> <span class='ocrx_word' id='word_1_309' title='bbox 2677 1246 2728 1295; x_wconf 92' lang='lat' dir='ltr'><strong>v,</strong></span> <span class='ocrx_word' id='word_1_310' title='bbox 2783 1232 2893 1301; x_wconf 75' lang='lat' dir='ltr'><strong>ll).</strong></span> <span class='ocrx_word' id='word_1_311' title='bbox 2933 1231 3046 1288; x_wconf 86' lang='lat' dir='ltr'><strong>llac</strong></span> <span class='ocrx_word' id='word_1_312' title='bbox 3082 1245 3215 1304; x_wconf 81' lang='lat' dir='ltr'><strong>ergo</strong></span> <span class='ocrx_word' id='word_1_313' title='bbox 3252 1249 3442 1290; x_wconf 90' lang='lat' dir='ltr'><strong>servus</strong></span> <span class='ocrx_word' id='word_1_314' title='bbox 3492 1233 3588 1289; x_wconf 91' lang='lat' dir='ltr'><strong>Dci</strong></span> 
     </span>
    </p>
   </div>
   <div class='ocr_carea' id='block_1_43' title="bbox 1999 1318 3590 1392">
    <p class='ocr_par' dir='ltr' id='par_1_43' title="bbox 1999 1318 3590 1392">
     <span class='ocr_line' id='line_1_44' title="bbox 1999 1318 3590 1392; baseline 0.004 -20"><span class='ocrx_word' id='word_1_315' title='bbox 1999 1318 2307 1374; x_wconf 83' lang='lat' dir='ltr'><strong>Danstanus</strong></span> <span class='ocrx_word' id='word_1_316' title='bbox 2338 1321 2648 1374; x_wconf 87' lang='lat' dir='ltr'><strong>firmissima</strong></span> <span class='ocrx_word' id='word_1_317' title='bbox 2701 1325 2987 1392; x_wconf 84' lang='lat' dir='ltr'><strong>sponsione</strong></span> <span class='ocrx_word' id='word_1_318' title='bbox 3013 1320 3377 1391; x_wconf 65' lang='lat' dir='ltr'><strong>confortatus,</strong></span> <span class='ocrx_word' id='word_1_319' title='bbox 3438 1323 3590 1379; x_wconf 86' lang='lat' dir='ltr'><strong>velut</strong></span> 
     </span>
    </p>
   </div>
   <div class='ocr_carea' id='block_1_44' title="bbox 1998 1411 3588 1487">
    <p class='ocr_par' dir='ltr' id='par_1_44' title="bbox 1998 1411 3588 1487">
     <span class='ocr_line' id='line_1_45' title="bbox 1998 1411 3588 1487; baseline 0.004 -22"><span class='ocrx_word' id='word_1_320' title='bbox 1998 1411 2160 1465; x_wconf 91' lang='lat' dir='ltr'><strong>homo</strong></span> <span class='ocrx_word' id='word_1_321' title='bbox 2199 1411 2396 1467; x_wconf 89' lang='lat' dir='ltr'><strong>surdus</strong></span> <span class='ocrx_word' id='word_1_322' title='bbox 2420 1421 2474 1466; x_wconf 87' lang='lat' dir='ltr'><strong>et</strong></span> <span class='ocrx_word' id='word_1_323' title='bbox 2505 1413 2657 1483; x_wconf 82' lang='lat' dir='ltr'><strong>quasi</strong></span> <span class='ocrx_word' id='word_1_324' title='bbox 2699 1430 2888 1469; x_wconf 67' lang='lat' dir='ltr'><strong>mecm</strong></span> <span class='ocrx_word' id='word_1_325' title='bbox 2921 1415 3316 1487; x_wconf 88' lang='lat' dir='ltr'><strong>objurgationis</strong></span> <span class='ocrx_word' id='word_1_326' title='bbox 3351 1431 3460 1472; x_wconf 92' lang='lat' dir='ltr'><strong>non</strong></span> <span class='ocrx_word' id='word_1_327' title='bbox 3491 1433 3588 1473; x_wconf 85' lang='lat' dir='ltr'><strong>cu-</strong></span> 
     </span>
    </p>
   </div>
   <div class='ocr_carea' id='block_1_45' title="bbox 2000 1506 3586 1578">
    <p class='ocr_par' dir='ltr' id='par_1_45' title="bbox 2000 1506 3586 1578">
     <span class='ocr_line' id='line_1_46' title="bbox 2000 1506 3586 1578; baseline 0.004 -20"><span class='ocrx_word' id='word_1_328' title='bbox 2000 1521 2147 1565; x_wconf 82' lang='lat' dir='ltr'><strong>rans,</strong></span> <span class='ocrx_word' id='word_1_329' title='bbox 2178 1506 2402 1560; x_wconf 76' lang='lat' dir='ltr'><strong>effectus</strong></span> <span class='ocrx_word' id='word_1_330' title='bbox 2429 1517 2512 1561; x_wconf 87' lang='lat' dir='ltr'><strong>est</strong></span> <span class='ocrx_word' id='word_1_331' title='bbox 2543 1526 2556 1561; x_wconf 92' lang='lat'><strong>:</strong></span> <span class='ocrx_word' id='word_1_332' title='bbox 2587 1523 2710 1562; x_wconf 85' lang='lat' dir='ltr'><strong>cum</strong></span> <span class='ocrx_word' id='word_1_333' title='bbox 2753 1509 2839 1562; x_wconf 72' lang='lat' dir='ltr'><strong>vix</strong></span> <span class='ocrx_word' id='word_1_334' title='bbox 2870 1524 3106 1578; x_wconf 89' lang='lat' dir='ltr'><strong>unquam</strong></span> <span class='ocrx_word' id='word_1_335' title='bbox 3139 1509 3363 1565; x_wconf 90' lang='lat' dir='ltr'><strong>canibus</strong></span> <span class='ocrx_word' id='word_1_336' title='bbox 3392 1519 3586 1564; x_wconf 84' lang='lat' dir='ltr'><strong>contra</strong></span> 
     </span>
    </p>
   </div>
   <div class='ocr_carea' id='block_1_46' title="bbox 1995 1595 3586 1670">
    <p class='ocr_par' dir='ltr' id='par_1_46' title="bbox 1995 1595 3586 1670">
     <span class='ocr_line' id='line_1_47' title="bbox 1995 1595 3586 1670; baseline 0.006 -23"><span class='ocrx_word' id='word_1_337' title='bbox 1995 1609 2055 1648; x_wconf 92' lang='lat' dir='ltr'><strong>sc</strong></span> <span class='ocrx_word' id='word_1_338' title='bbox 2086 1595 2410 1651; x_wconf 89' lang='lat' dir='ltr'><strong>latrantibus</strong></span> <span class='ocrx_word' id='word_1_339' title='bbox 2448 1601 2722 1667; x_wconf 83' lang='lat' dir='ltr'><strong>aperuerit</strong></span> <span class='ocrx_word' id='word_1_340' title='bbox 2759 1613 2820 1654; x_wconf 92' lang='lat' dir='ltr'><strong>os</strong></span> <span class='ocrx_word' id='word_1_341' title='bbox 2853 1615 3008 1655; x_wconf 88' lang='lat' dir='ltr'><strong>suum</strong></span> <span class='ocrx_word' id='word_1_342' title='bbox 3042 1615 3138 1670; x_wconf 90' lang='lat' dir='ltr'><strong>per</strong></span> <span class='ocrx_word' id='word_1_343' title='bbox 3173 1616 3372 1656; x_wconf 74' lang='lat' dir='ltr'><strong>amara:</strong></span> <span class='ocrx_word' id='word_1_344' title='bbox 3407 1602 3586 1657; x_wconf 87' lang='lat' dir='ltr'><strong>incre-</strong></span> 
     </span>
    </p>
   </div>
   <div class='ocr_carea' id='block_1_47' title="bbox 1995 1688 3585 1761">
    <p class='ocr_par' dir='ltr' id='par_1_47' title="bbox 1995 1688 3585 1761">
     <span class='ocr_line' id='line_1_48' title="bbox 1995 1688 3585 1761; baseline 0.006 -21"><span class='ocrx_word' id='word_1_345' title='bbox 1995 1688 2229 1757; x_wconf 90' lang='lat' dir='ltr'><strong>pationis</strong></span> <span class='ocrx_word' id='word_1_346' title='bbox 2266 1688 2562 1759; x_wconf 89' lang='lat' dir='ltr'><strong>eloquium.</strong></span> <span class='ocrx_word' id='word_1_347' title='bbox 2597 1689 2699 1761; x_wconf 90' lang='lat' dir='ltr'><strong>lpsi</strong></span> <span class='ocrx_word' id='word_1_348' title='bbox 2725 1707 2854 1748; x_wconf 86' lang='lat' dir='ltr'><strong>vero</strong></span> <span class='ocrx_word' id='word_1_349' title='bbox 2883 1692 2933 1746; x_wconf 90' lang='lat' dir='ltr'><strong>in</strong></span> <span class='ocrx_word' id='word_1_350' title='bbox 2965 1693 3404 1748; x_wconf 86' lang='lat' dir='ltr'><strong>machinamento</strong></span> <span class='ocrx_word' id='word_1_351' title='bbox 3434 1695 3585 1749; x_wconf 89' lang='lat' dir='ltr'><strong>mali-</strong></span> 
     </span>
    </p>
   </div>
   <div class='ocr_carea' id='block_1_48' title="bbox 1920 1761 3582 1854">
    <p class='ocr_par' dir='ltr' id='par_1_48' title="bbox 1920 1761 3582 1854">
     <span class='ocr_line' id='line_1_49' title="bbox 1920 1761 3582 1854; baseline 0.004 -23"><span class='ocrx_word' id='word_1_352' title='bbox 1920 1761 2079 1831; x_wconf 72' lang='lat' dir='ltr'><strong>Bthe</strong></span> <span class='ocrx_word' id='word_1_353' title='bbox 2099 1788 2530 1846; x_wconf 84' lang='lat' dir='ltr'><strong>perseverantes,</strong></span> <span class='ocrx_word' id='word_1_354' title='bbox 2556 1781 2825 1836; x_wconf 87' lang='lat' dir='ltr'><strong>criminati</strong></span> <span class='ocrx_word' id='word_1_355' title='bbox 2851 1791 2980 1836; x_wconf 85' lang='lat' dir='ltr'><strong>sunt</strong></span> <span class='ocrx_word' id='word_1_356' title='bbox 3006 1782 3155 1837; x_wconf 91' lang='lat' dir='ltr'><strong>illum</strong></span> <span class='ocrx_word' id='word_1_357' title='bbox 3181 1782 3315 1837; x_wconf 86' lang='lat' dir='ltr'><strong>falsa</strong></span> <span class='ocrx_word' id='word_1_358' title='bbox 3344 1783 3582 1854; x_wconf 88' lang='lat' dir='ltr'><strong>quadam</strong></span> 
     </span>
    </p>
   </div>
   <div class='ocr_carea' id='block_1_49' title="bbox 1991 1868 3581 1946">
    <p class='ocr_par' dir='ltr' id='par_1_49' title="bbox 1991 1868 3581 1946">
     <span class='ocr_line' id='line_1_50' title="bbox 1991 1868 3581 1946; baseline 0.005 -24"><span class='ocrx_word' id='word_1_359' title='bbox 1991 1868 2298 1937; x_wconf 87' lang='lat' dir='ltr'><strong>objectione</strong></span> <span class='ocrx_word' id='word_1_360' title='bbox 2344 1886 2533 1925; x_wconf 90' lang='lat' dir='ltr'><strong>coram</strong></span> <span class='ocrx_word' id='word_1_361' title='bbox 2596 1888 2745 1941; x_wconf 82' lang='lat' dir='ltr'><strong>rege,</strong></span> <span class='ocrx_word' id='word_1_362' title='bbox 2806 1873 3348 1946; x_wconf 88' lang='lat' dir='ltr'><strong>impetraveruntque</strong></span> <span class='ocrx_word' id='word_1_363' title='bbox 3403 1887 3463 1930; x_wconf 92' lang='lat' dir='ltr'><strong>ut</strong></span> <span class='ocrx_word' id='word_1_364' title='bbox 3511 1876 3581 1930; x_wconf 86' lang='lat' dir='ltr'><strong>ab</strong></span> 
     </span>
    </p>
   </div>
   <div class='ocr_carea' id='block_1_50' title="bbox 1987 1961 3582 2033">
    <p class='ocr_par' dir='ltr' id='par_1_50' title="bbox 1987 1961 3582 2033">
     <span class='ocr_line' id='line_1_51' title="bbox 1987 1961 3582 2033; baseline 0.006 -22"><span class='ocrx_word' id='word_1_365' title='bbox 1987 1972 2173 2012; x_wconf 73' lang='lat' dir='ltr'><strong>eorum</strong></span> <span class='ocrx_word' id='word_1_366' title='bbox 2203 1961 2478 2014; x_wconf 90' lang='lat' dir='ltr'><strong>consortio</strong></span> <span class='ocrx_word' id='word_1_367' title='bbox 2509 1962 2843 2031; x_wconf 80' lang='lat' dir='ltr'><strong>pelleretur:</strong></span> <span class='ocrx_word' id='word_1_368' title='bbox 2885 1979 3070 2033; x_wconf 87' lang='lat' dir='ltr'><strong>quem,</strong></span> <span class='ocrx_word' id='word_1_369' title='bbox 3107 1965 3151 2020; x_wconf 84' lang='lat' dir='ltr'><strong>si</strong></span> <span class='ocrx_word' id='word_1_370' title='bbox 3191 1980 3338 2020; x_wconf 65' lang='lat' dir='ltr'><strong>sanae</strong></span> <span class='ocrx_word' id='word_1_371' title='bbox 3381 1965 3582 2020; x_wconf 87' lang='lat' dir='ltr'><strong>mentis</strong></span> 
     </span>
    </p>
   </div>
   <div class='ocr_carea' id='block_1_51' title="bbox 1986 2053 3574 2129">
    <p class='ocr_par' dir='ltr' id='par_1_51' title="bbox 1986 2053 3574 2129">
     <span class='ocr_line' id='line_1_52' title="bbox 1986 2053 3574 2129; baseline 0.006 -25"><span class='ocrx_word' id='word_1_372' title='bbox 1986 2060 2189 2114; x_wconf 79' lang='lat' dir='ltr'><strong>essent,</strong></span> <span class='ocrx_word' id='word_1_373' title='bbox 2219 2053 2374 2107; x_wconf 86' lang='lat' dir='ltr'><strong>unice</strong></span> <span class='ocrx_word' id='word_1_374' title='bbox 2405 2053 2736 2110; x_wconf 73' lang='lat' dir='ltr'><strong>dilexissem.</strong></span> <span class='ocrx_word' id='word_1_375' title='bbox 2779 2056 2984 2112; x_wconf 89' lang='lat' dir='ltr'><strong>Deinde</strong></span> <span class='ocrx_word' id='word_1_376' title='bbox 3005 2058 3347 2113; x_wconf 86' lang='lat' dir='ltr'><strong>atrocissima</strong></span> <span class='ocrx_word' id='word_1_377' title='bbox 3380 2059 3574 2129; x_wconf 87' lang='lat' dir='ltr'><strong>impie-</strong></span> 
     </span>
    </p>
   </div>
   <div class='ocr_carea' id='block_1_52' title="bbox 1989 2143 3575 2222">
    <p class='ocr_par' dir='ltr' id='par_1_52' title="bbox 1989 2143 3575 2222">
     <span class='ocr_line' id='line_1_53' title="bbox 1989 2143 3575 2222; baseline 0.007 -28"><span class='ocrx_word' id='word_1_378' title='bbox 1989 2143 2114 2197; x_wconf 87' lang='lat' dir='ltr'><strong>tatis</strong></span> <span class='ocrx_word' id='word_1_379' title='bbox 2146 2145 2562 2213; x_wconf 59' lang='lat' dir='ltr'><strong>prtcvalesccntc</strong></span> <span class='ocrx_word' id='word_1_380' title='bbox 2597 2147 2765 2212; x_wconf 85' lang='lat' dir='ltr'><strong>rabie,</strong></span> <span class='ocrx_word' id='word_1_381' title='bbox 2813 2149 3085 2218; x_wconf 86' lang='lat' dir='ltr'><strong>rapientes</strong></span> <span class='ocrx_word' id='word_1_382' title='bbox 3119 2151 3392 2205; x_wconf 87' lang='lat' dir='ltr'><strong>insontem</strong></span> <span class='ocrx_word' id='word_1_383' title='bbox 3435 2167 3575 2222; x_wconf 88' lang='lat' dir='ltr'><strong>qua-</strong></span> 
     </span>
    </p>
   </div>
   <div class='ocr_carea' id='block_1_53' title="bbox 1985 2229 3574 2312">
    <p class='ocr_par' dir='ltr' id='par_1_53' title="bbox 1985 2229 3574 2312">
     <span class='ocr_line' id='line_1_54' title="bbox 1985 2229 3574 2312; baseline 0.009 -30"><span class='ocrx_word' id='word_1_384' title='bbox 1985 2229 2195 2286; x_wconf 82' lang='lat' dir='ltr'><strong>drilidis</strong></span> <span class='ocrx_word' id='word_1_385' title='bbox 2215 2235 2493 2300; x_wconf 78' lang='lat' dir='ltr'><strong>membris,</strong></span> <span class='ocrx_word' id='word_1_386' title='bbox 2519 2235 2661 2290; x_wconf 82' lang='lat' dir='ltr'><strong>velut</strong></span> <span class='ocrx_word' id='word_1_387' title='bbox 2684 2252 2838 2292; x_wconf 88' lang='lat' dir='ltr'><strong>ovem</strong></span> <span class='ocrx_word' id='word_1_388' title='bbox 2863 2240 3184 2308; x_wconf 88' lang='lat' dir='ltr'><strong>patientem,</strong></span> <span class='ocrx_word' id='word_1_389' title='bbox 3211 2241 3574 2312; x_wconf 85' lang='lat' dir='ltr'><strong>manibusque</strong></span> 
     </span>
    </p>
   </div>
   <div class='ocr_carea' id='block_1_54' title="bbox 1985 2318 3576 2404">
    <p class='ocr_par' dir='ltr' id='par_1_54' title="bbox 1985 2318 3576 2404">
     <span class='ocr_line' id='line_1_55' title="bbox 1985 2318 3576 2404; baseline 0.008 -30"><span class='ocrx_word' id='word_1_390' title='bbox 1985 2335 2046 2375; x_wconf 90' lang='lat' dir='ltr'><strong>ac</strong></span> <span class='ocrx_word' id='word_1_391' title='bbox 2089 2323 2314 2391; x_wconf 88' lang='lat' dir='ltr'><strong>pedibus</strong></span> <span class='ocrx_word' id='word_1_392' title='bbox 2352 2318 2683 2394; x_wconf 83' lang='lat' dir='ltr'><strong>restrictum,</strong></span> <span class='ocrx_word' id='word_1_393' title='bbox 2717 2327 3060 2399; x_wconf 89' lang='lat' dir='ltr'><strong>projccerunt</strong></span> <span class='ocrx_word' id='word_1_394' title='bbox 3093 2331 3144 2385; x_wconf 91' lang='lat' dir='ltr'><strong>in</strong></span> <span class='ocrx_word' id='word_1_395' title='bbox 3181 2331 3442 2387; x_wconf 89' lang='lat' dir='ltr'><strong>lutulenta</strong></span> <span class='ocrx_word' id='word_1_396' title='bbox 3480 2349 3576 2404; x_wconf 84' lang='lat' dir='ltr'><strong>pa-</strong></span> 
     </span>
    </p>
   </div>
   <div class='ocr_carea' id='block_1_55' title="bbox 1982 2412 3573 2482">
    <p class='ocr_par' dir='ltr' id='par_1_55' title="bbox 1982 2412 3573 2482">
     <span class='ocr_line' id='line_1_56' title="bbox 1982 2412 3573 2482; baseline 0.01 -16"><span class='ocrx_word' id='word_1_397' title='bbox 1982 2412 2231 2468; x_wconf 85' lang='lat' dir='ltr'><strong>lustrintn</strong></span> <span class='ocrx_word' id='word_1_398' title='bbox 2275 2416 2389 2471; x_wconf 89' lang='lat' dir='ltr'><strong>loca</strong></span> <span class='ocrx_word' id='word_1_399' title='bbox 2434 2435 2447 2472; x_wconf 94' lang='lat'>:</span> <span class='ocrx_word' id='word_1_400' title='bbox 2493 2429 2546 2474; x_wconf 89' lang='lat' dir='ltr'><strong>et</strong></span> <span class='ocrx_word' id='word_1_401' title='bbox 2580 2429 2638 2474; x_wconf 92' lang='lat' dir='ltr'><strong>ut</strong></span> <span class='ocrx_word' id='word_1_402' title='bbox 2680 2437 2802 2476; x_wconf 91' lang='lat' dir='ltr'><strong>eum</strong></span> <span class='ocrx_word' id='word_1_403' title='bbox 2842 2423 2896 2477; x_wconf 91' lang='lat' dir='ltr'><strong>in</strong></span> <span class='ocrx_word' id='word_1_404' title='bbox 2929 2423 3130 2480; x_wconf 86' lang='lat' dir='ltr'><strong>furoris</strong></span> <span class='ocrx_word' id='word_1_405' title='bbox 3164 2426 3248 2482; x_wconf 91' lang='lat' dir='ltr'><strong>sui</strong></span> <span class='ocrx_word' id='word_1_406' title='bbox 3295 2427 3573 2482; x_wconf 85' lang='lat' dir='ltr'><strong>dementia</strong></span> 
     </span>
    </p>
   </div>
   <div class='ocr_carea' id='block_1_56' title="bbox 1982 2507 3540 2588">
    <p class='ocr_par' dir='ltr' id='par_1_56' title="bbox 1982 2507 3540 2588">
     <span class='ocr_line' id='line_1_57' title="bbox 1982 2507 3540 2588; baseline 0.01 -30"><span class='ocrx_word' id='word_1_407' title='bbox 1982 2507 2527 2577; x_wconf 74' lang='lat' dir='ltr'><strong>contemptibiliorem</strong></span> <span class='ocrx_word' id='word_1_408' title='bbox 2570 2509 2886 2577; x_wconf 86' lang='lat' dir='ltr'><strong>efliecrcnt,</strong></span> <span class='ocrx_word' id='word_1_409' title='bbox 2928 2516 3158 2586; x_wconf 86' lang='lat' dir='ltr'><strong>pedibus</strong></span> <span class='ocrx_word' id='word_1_410' title='bbox 3215 2518 3540 2588; x_wconf 87' lang='lat' dir='ltr'><strong>superimpri</strong></span> 
     </span>
    </p>
   </div>
   <div class='ocr_carea' id='block_1_57' title="bbox 1982 2597 3570 2668">
    <p class='ocr_par' dir='ltr' id='par_1_57' title="bbox 1982 2597 3570 2668">
     <span class='ocr_line' id='line_1_58' title="bbox 1982 2597 3570 2668; baseline 0.01 -20"><span class='ocrx_word' id='word_1_411' title='bbox 1982 2597 2202 2650; x_wconf 77' lang='lat' dir='ltr'><strong>ruebant</strong></span> <span class='ocrx_word' id='word_1_412' title='bbox 2235 2615 2248 2652; x_wconf 89' lang='lat'><strong>:</strong></span> <span class='ocrx_word' id='word_1_413' title='bbox 2276 2614 2580 2668; x_wconf 89' lang='lat' dir='ltr'><strong>quousque,</strong></span> <span class='ocrx_word' id='word_1_414' title='bbox 2607 2605 2905 2658; x_wconf 90' lang='lat' dir='ltr'><strong>secundum</strong></span> <span class='ocrx_word' id='word_1_415' title='bbox 2924 2605 3214 2662; x_wconf 85' lang='lat' dir='ltr'><strong>voluntatis</strong></span> <span class='ocrx_word' id='word_1_416' title='bbox 3240 2623 3424 2663; x_wconf 88' lang='lat' dir='ltr'><strong>eorum</strong></span> <span class='ocrx_word' id='word_1_417' title='bbox 3451 2626 3570 2664; x_wconf 91' lang='lat' dir='ltr'><strong>ma-</strong></span> 
     </span>
    </p>
   </div>
   <div class='ocr_carea' id='block_1_58' title="bbox 1981 2683 3568 2756">
    <p class='ocr_par' dir='ltr' id='par_1_58' title="bbox 1981 2683 3568 2756">
     <span class='ocr_line' id='line_1_59' title="bbox 1981 2683 3568 2756; baseline 0.012 -20"><span class='ocrx_word' id='word_1_418' title='bbox 1981 2683 2176 2750; x_wconf 83' lang='lat' dir='ltr'><strong>litiam,</strong></span> <span class='ocrx_word' id='word_1_419' title='bbox 2242 2689 2308 2742; x_wconf 85' lang='lat' dir='ltr'><strong>in.</strong></span> <span class='ocrx_word' id='word_1_420' title='bbox 2359 2689 2545 2745; x_wconf 86' lang='lat' dir='ltr'><strong>fetenti</strong></span> <span class='ocrx_word' id='word_1_421' title='bbox 2606 2693 2888 2749; x_wconf 86' lang='lat' dir='ltr'><strong>volutahro</strong></span> <span class='ocrx_word' id='word_1_422' title='bbox 2950 2696 3396 2753; x_wconf 79' lang='lat' dir='ltr'><strong>dehonestarent.</strong></span> <span class='ocrx_word' id='word_1_423' title='bbox 3455 2699 3568 2756; x_wconf 78' lang='lat' dir='ltr'><strong>Illis</strong></span> 
     </span>
    </p>
   </div>
   <div class='ocr_carea' id='block_1_59' title="bbox 1979 2779 3568 2863">
    <p class='ocr_par' dir='ltr' id='par_1_59' title="bbox 1979 2779 3568 2863">
     <span class='ocr_line' id='line_1_60' title="bbox 1979 2779 3568 2863; baseline 0.011 -35"><span class='ocrx_word' id='word_1_424' title='bbox 1979 2785 2158 2830; x_wconf 82' lang='lat' dir='ltr'><strong>autem</strong></span> <span class='ocrx_word' id='word_1_425' title='bbox 2191 2779 2587 2847; x_wconf 82' lang='lat' dir='ltr'><strong>recedentibus,</strong></span> <span class='ocrx_word' id='word_1_426' title='bbox 2615 2784 2703 2837; x_wconf 85' lang='lat' dir='ltr'><strong>vix</strong></span> <span class='ocrx_word' id='word_1_427' title='bbox 2726 2786 2838 2855; x_wconf 87' lang='lat' dir='ltr'><strong>ipsc</strong></span> <span class='ocrx_word' id='word_1_428' title='bbox 2868 2801 2898 2842; x_wconf 88' lang='lat' dir='ltr'><strong>c</strong></span> <span class='ocrx_word' id='word_1_429' title='bbox 2923 2788 3117 2857; x_wconf 88' lang='lat' dir='ltr'><strong>palude</strong></span> <span class='ocrx_word' id='word_1_430' title='bbox 3145 2789 3384 2847; x_wconf 84' lang='lat' dir='ltr'><strong>fluminis</strong></span> <span class='ocrx_word' id='word_1_431' title='bbox 3412 2793 3568 2863; x_wconf 80' lang='lat' dir='ltr'><strong>quasi</strong></span> 
     </span>
    </p>
   </div>
   <div class='ocr_carea' id='block_1_60' title="bbox 1978 2867 3566 2949">
    <p class='ocr_par' dir='ltr' id='par_1_60' title="bbox 1978 2867 3566 2949">
     <span class='ocr_line' id='line_1_61' title="bbox 1978 2867 3566 2949; baseline 0.012 -30"><span class='ocrx_word' id='word_1_432' title='bbox 1978 2867 2255 2936; x_wconf 82' lang='lat' dir='ltr'><strong>depicatus</strong></span> <span class='ocrx_word' id='word_1_433' title='bbox 2281 2873 2516 2927; x_wconf 82' lang='lat' dir='ltr'><strong>surrexit</strong></span> <span class='ocrx_word' id='word_1_434' title='bbox 2555 2893 2568 2928; x_wconf 92' lang='lat'><strong>:</strong></span> <span class='ocrx_word' id='word_1_435' title='bbox 2603 2884 2658 2930; x_wconf 90' lang='lat' dir='ltr'><strong>et</strong></span> <span class='ocrx_word' id='word_1_436' title='bbox 2692 2877 2759 2930; x_wconf 89' lang='lat' dir='ltr'><strong>ad</strong></span> <span class='ocrx_word' id='word_1_437' title='bbox 2785 2880 3074 2948; x_wconf 87' lang='lat' dir='ltr'><strong>quemdam</strong></span> <span class='ocrx_word' id='word_1_438' title='bbox 3105 2881 3425 2949; x_wconf 90' lang='lat' dir='ltr'><strong>amicorum,</strong></span> <span class='ocrx_word' id='word_1_439' title='bbox 3458 2900 3566 2938; x_wconf 85' lang='lat' dir='ltr'><strong>uno</strong></span> 
     </span>
    </p>
   </div>
   <div class='ocr_carea' id='block_1_61' title="bbox 1977 2959 3565 3044">
    <p class='ocr_par' dir='ltr' id='par_1_61' title="bbox 1977 2959 3565 3044">
     <span class='ocr_line' id='line_1_62' title="bbox 1977 2959 3565 3044; baseline 0.014 -32"><span class='ocrx_word' id='word_1_440' title='bbox 1977 2959 2103 3014; x_wconf 72' lang='lat' dir='ltr'><strong>inde</strong></span> <span class='ocrx_word' id='word_1_441' title='bbox 2149 2963 2437 3018; x_wconf 86' lang='lat' dir='ltr'><strong>distantem</strong></span> <span class='ocrx_word' id='word_1_442' title='bbox 2469 2966 2746 3035; x_wconf 91' lang='lat' dir='ltr'><strong>milliario,</strong></span> <span class='ocrx_word' id='word_1_443' title='bbox 2778 2981 2834 3025; x_wconf 95' lang='lat' dir='ltr'><strong>ut</strong></span> <span class='ocrx_word' id='word_1_444' title='bbox 2867 2972 2941 3027; x_wconf 90' lang='lat' dir='ltr'><strong>ibi</strong></span> <span class='ocrx_word' id='word_1_445' title='bbox 2978 2989 3038 3030; x_wconf 90' lang='lat' dir='ltr'><strong>se</strong></span> <span class='ocrx_word' id='word_1_446' title='bbox 3068 2974 3334 3044; x_wconf 87' lang='lat' dir='ltr'><strong>ablueret,</strong></span> <span class='ocrx_word' id='word_1_447' title='bbox 3375 2979 3565 3035; x_wconf 86' lang='lat' dir='ltr'><strong>venire</strong></span> 
     </span>
    </p>
   </div>
   <div class='ocr_carea' id='block_1_62' title="bbox 1977 3053 3563 3140">
    <p class='ocr_par' dir='ltr' id='par_1_62' title="bbox 1977 3053 3563 3140">
     <span class='ocr_line' id='line_1_63' title="bbox 1977 3053 3563 3140; baseline 0.013 -36"><span class='ocrx_word' id='word_1_448' title='bbox 1977 3053 2261 3123; x_wconf 88' lang='lat' dir='ltr'><strong>disposuit.</strong></span> <span class='ocrx_word' id='word_1_449' title='bbox 2288 3056 2657 3116; x_wconf 87' lang='lat' dir='ltr'><strong>Occurrerunt</strong></span> <span class='ocrx_word' id='word_1_450' title='bbox 2684 3079 2813 3120; x_wconf 89' lang='lat' dir='ltr'><strong>vero</strong></span> <span class='ocrx_word' id='word_1_451' title='bbox 2843 3065 2917 3120; x_wconf 80' lang='lat' dir='ltr'><strong>liii</strong></span> <span class='ocrx_word' id='word_1_452' title='bbox 2951 3083 3116 3122; x_wconf 87' lang='lat' dir='ltr'><strong>canes</strong></span> <span class='ocrx_word' id='word_1_453' title='bbox 3141 3069 3382 3140; x_wconf 80' lang='lat' dir='ltr'><strong>ejusdem</strong></span> <span class='ocrx_word' id='word_1_454' title='bbox 3407 3087 3563 3126; x_wconf 87' lang='lat' dir='ltr'><strong>accr-</strong></span> 
     </span>
    </p>
   </div>
   <div class='ocr_carea' id='block_1_63' title="bbox 283 3132 3558 3234">
    <p class='ocr_par' dir='ltr' id='par_1_63' title="bbox 283 3132 3558 3234">
     <span class='ocr_line' id='line_1_64' title="bbox 283 3132 3558 3234; baseline 0.017 -70"><span class='ocrx_word' id='word_1_455' title='bbox 283 3132 519 3201; x_wconf 46' lang='lat' dir='ltr'><strong>solums’</strong></span> <span class='ocrx_word' id='word_1_456' title='bbox 554 3143 860 3200; x_wconf 47' lang='lat' dir='ltr'><strong>orationum</strong></span> <span class='ocrx_word' id='word_1_457' title='bbox 895 3152 1021 3204; x_wconf 60' lang='lat' dir='ltr'><strong>oms</strong></span> <span class='ocrx_word' id='word_1_458' title='bbox 1055 3155 1412 3226; x_wconf 52' lang='lat' dir='ltr'><strong>mulcelmulr&#39;</strong></span> <span class='ocrx_word' id='word_1_459' title='bbox 1450 3164 1561 3233; x_wconf 62' lang='lat' dir='ltr'><strong>ipse</strong></span> <span class='ocrx_word' id='word_1_460' title='bbox 1595 3184 1717 3224; x_wconf 71' lang='lat' dir='ltr'><strong>cum</strong></span> <span class='ocrx_word' id='word_1_461' title='bbox 1763 3132 1868 3229; x_wconf 58' lang='lat' dir='ltr'><strong>Do:</strong></span> <span class='ocrx_word' id='word_1_462' title='bbox 1900 3132 1945 3171; x_wconf 76' lang='lat'><strong>&quot;‘</strong></span> <span class='ocrx_word' id='word_1_463' title='bbox 1979 3149 2101 3204; x_wconf 87' lang='lat' dir='ltr'><strong>rimi</strong></span> <span class='ocrx_word' id='word_1_464' title='bbox 2128 3165 2142 3204; x_wconf 91' lang='lat'><strong>:</strong></span> <span class='ocrx_word' id='word_1_465' title='bbox 2168 3153 2496 3222; x_wconf 87' lang='lat' dir='ltr'><strong>etquoniam</strong></span> <span class='ocrx_word' id='word_1_466' title='bbox 2525 3156 2639 3212; x_wconf 89' lang='lat' dir='ltr'><strong>luto</strong></span> <span class='ocrx_word' id='word_1_467' title='bbox 2659 3157 3030 3232; x_wconf 89' lang='lat' dir='ltr'><strong>detnrpatum,</strong></span> <span class='ocrx_word' id='word_1_468' title='bbox 3059 3165 3231 3234; x_wconf 82' lang='lat' dir='ltr'><strong>magis</strong></span> <span class='ocrx_word' id='word_1_469' title='bbox 3255 3174 3558 3220; x_wconf 85' lang='lat' dir='ltr'><strong>monstrum</strong></span> 
     </span>
    </p>
   </div>
   <div class='ocr_carea' id='block_1_64' title="bbox 284 3224 1128 3298">
    <p class='ocr_par' dir='ltr' id='par_1_64' title="bbox 284 3224 1128 3298">
     <span class='ocr_line' id='line_1_65' title="bbox 284 3224 1128 3298; baseline 0.028 -24"><span class='ocrx_word' id='word_1_470' title='bbox 284 3224 438 3278; x_wconf 85' lang='lat' dir='ltr'><strong>mino</strong></span> <span class='ocrx_word' id='word_1_471' title='bbox 460 3230 666 3296; x_wconf 78' lang='lat' dir='ltr'><strong>pariter</strong></span> <span class='ocrx_word' id='word_1_472' title='bbox 699 3233 800 3288; x_wconf 84' lang='lat' dir='ltr'><strong>fari</strong></span> <span class='ocrx_word' id='word_1_473' title='bbox 834 3230 1128 3298; x_wconf 84' lang='lat' dir='ltr'><strong>videretur.</strong></span> 
     </span>
    </p>
   </div>
   <div class='ocr_carea' id='block_1_65' title="bbox 357 3315 1868 3422">
    <p class='ocr_par' dir='ltr' id='par_1_65' title="bbox 357 3315 1868 3422">
     <span class='ocr_line' id='line_1_66' title="bbox 357 3315 1868 3422; baseline 0.03 -54"><span class='ocrx_word' id='word_1_474' title='bbox 357 3315 409 3369; x_wconf 87' lang='lat'><strong>6.</strong></span> <span class='ocrx_word' id='word_1_475' title='bbox 452 3319 617 3388; x_wconf 87' lang='lat' dir='ltr'><strong>Igitur</strong></span> <span class='ocrx_word' id='word_1_476' title='bbox 666 3325 790 3380; x_wconf 89' lang='lat' dir='ltr'><strong>dum</strong></span> <span class='ocrx_word' id='word_1_477' title='bbox 849 3329 964 3385; x_wconf 71' lang='lat' dir='ltr'><strong>haec</strong></span> <span class='ocrx_word' id='word_1_478' title='bbox 1017 3339 1277 3393; x_wconf 78' lang='lat' dir='ltr'><strong>exercitia</strong></span> <span class='ocrx_word' id='word_1_479' title='bbox 1329 3343 1593 3404; x_wconf 89' lang='lat' dir='ltr'><strong>bonorum</strong></span> <span class='ocrx_word' id='word_1_480' title='bbox 1643 3367 1868 3422; x_wconf 88' lang='lat' dir='ltr'><strong>operum</strong></span> 
     </span>
    </p>
   </div>
   <div class='ocr_carea' id='block_1_66' title="bbox 280 3421 1869 3503">
    <p class='ocr_par' dir='ltr' id='par_1_66' title="bbox 280 3421 1869 3503">
     <span class='ocr_line' id='line_1_67' title="bbox 280 3421 1869 3503; baseline 0.028 -44"><span class='ocrx_word' id='word_1_481' title='bbox 280 3421 470 3462; x_wconf 85' lang='lat' dir='ltr'><strong>secum</strong></span> <span class='ocrx_word' id='word_1_482' title='bbox 506 3427 812 3486; x_wconf 85' lang='lat' dir='ltr'><strong>agerentur,</strong></span> <span class='ocrx_word' id='word_1_483' title='bbox 855 3426 1094 3481; x_wconf 90' lang='lat' dir='ltr'><strong>nonnulli</strong></span> <span class='ocrx_word' id='word_1_484' title='bbox 1132 3433 1471 3498; x_wconf 88' lang='lat' dir='ltr'><strong>propriorum</strong></span> <span class='ocrx_word' id='word_1_485' title='bbox 1510 3421 1773 3500; x_wconf 84' lang='lat' dir='ltr'><strong>sodalium</strong></span> <span class='ocrx_word' id='word_1_486' title='bbox 1814 3457 1869 3503; x_wconf 85' lang='lat' dir='ltr'><strong>ct</strong></span> 
     </span>
    </p>
   </div>
   <div class='ocr_carea' id='block_1_67' title="bbox 276 3497 1865 3607">
    <p class='ocr_par' dir='ltr' id='par_1_67' title="bbox 276 3497 1865 3607">
     <span class='ocr_line' id='line_1_68' title="bbox 276 3497 1865 3607; baseline 0.028 -59"><span class='ocrx_word' id='word_1_487' title='bbox 276 3497 664 3567; x_wconf 83' lang='lat' dir='ltr'><strong>palatinorum,</strong></span> <span class='ocrx_word' id='word_1_488' title='bbox 721 3520 832 3564; x_wconf 91' lang='lat' dir='ltr'><strong>tum</strong></span> <span class='ocrx_word' id='word_1_489' title='bbox 881 3524 1060 3583; x_wconf 84' lang='lat' dir='ltr'><strong>quam&#39;</strong></span> <span class='ocrx_word' id='word_1_490' title='bbox 1091 3523 1326 3578; x_wconf 88' lang='lat' dir='ltr'><strong>maxime</strong></span> <span class='ocrx_word' id='word_1_491' title='bbox 1369 3543 1497 3583; x_wconf 88' lang='lat' dir='ltr'><strong>vero</strong></span> <span class='ocrx_word' id='word_1_492' title='bbox 1534 3539 1865 3607; x_wconf 85' lang='lat' dir='ltr'><strong>consangui-</strong></span> 
     </span>
    </p>
   </div>
   <div class='ocr_carea' id='block_1_68' title="bbox 277 3602 1862 3689">
    <p class='ocr_par' dir='ltr' id='par_1_68' title="bbox 277 3602 1862 3689">
     <span class='ocr_line' id='line_1_69' title="bbox 277 3602 1862 3689; baseline 0.027 -50"><span class='ocrx_word' id='word_1_493' title='bbox 277 3602 507 3648; x_wconf 83' lang='lat' dir='ltr'><strong>neorum</strong></span> <span class='ocrx_word' id='word_1_494' title='bbox 543 3609 785 3664; x_wconf 91' lang='lat' dir='ltr'><strong>suorum,</strong></span> <span class='ocrx_word' id='word_1_495' title='bbox 822 3603 911 3670; x_wconf 88' lang='lat' dir='ltr'><strong>qui</strong></span> <span class='ocrx_word' id='word_1_496' title='bbox 941 3605 1235 3665; x_wconf 78' lang='lat' dir='ltr'><strong>salutiferis</strong></span> <span class='ocrx_word' id='word_1_497' title='bbox 1263 3615 1474 3673; x_wconf 87' lang='lat' dir='ltr'><strong>actibus</strong></span> <span class='ocrx_word' id='word_1_498' title='bbox 1510 3619 1626 3689; x_wconf 88' lang='lat' dir='ltr'><strong>ejus</strong></span> <span class='ocrx_word' id='word_1_499' title='bbox 1653 3602 1862 3680; x_wconf 74' lang='lat' dir='ltr'><strong>invide-</strong></span> 
     </span>
    </p>
   </div>
   <div class='ocr_carea' id='block_1_69' title="bbox 276 3679 1861 3776">
    <p class='ocr_par' dir='ltr' id='par_1_69' title="bbox 276 3679 1861 3776">
     <span class='ocr_line' id='line_1_70' title="bbox 276 3679 1861 3776; baseline 0.025 -42"><span class='ocrx_word' id='word_1_500' title='bbox 276 3679 430 3742; x_wconf 90' lang='lat' dir='ltr'><strong>bant,</strong></span> <span class='ocrx_word' id='word_1_501' title='bbox 461 3698 662 3742; x_wconf 75' lang='lat' dir='ltr'><strong>sancza:</strong></span> <span class='ocrx_word' id='word_1_502' title='bbox 691 3691 858 3746; x_wconf 76' lang='lat' dir='ltr'><strong>vinea:</strong></span> <span class='ocrx_word' id='word_1_503' title='bbox 886 3695 1046 3750; x_wconf 83' lang='lat' dir='ltr'><strong>vitem</strong></span> <span class='ocrx_word' id='word_1_504' title='bbox 1077 3702 1478 3776; x_wconf 81' lang='lat' dir='ltr'><strong>palmitemque,</strong></span> <span class='ocrx_word' id='word_1_505' title='bbox 1518 3712 1584 3765; x_wconf 90' lang='lat' dir='ltr'><strong>ad</strong></span> <span class='ocrx_word' id='word_1_506' title='bbox 1616 3716 1861 3774; x_wconf 68' lang='lat' dir='ltr'><strong>cmlestia</strong></span> 
     </span>
    </p>
   </div>
   <div class='ocr_carea' id='block_1_70' title="bbox 273 3780 1861 3866">
    <p class='ocr_par' dir='ltr' id='par_1_70' title="bbox 273 3780 1861 3866">
     <span class='ocr_line' id='line_1_71' title="bbox 273 3780 1861 3866; baseline 0.026 -41"><span class='ocrx_word' id='word_1_507' title='bbox 273 3788 446 3844; x_wconf 79' lang='lat' dir='ltr'><strong>regna</strong></span> <span class='ocrx_word' id='word_1_508' title='bbox 493 3780 825 3849; x_wconf 88' lang='lat' dir='ltr'><strong>tendentem,</strong></span> <span class='ocrx_word' id='word_1_509' title='bbox 868 3785 1085 3844; x_wconf 89' lang='lat' dir='ltr'><strong>beatum</strong></span> <span class='ocrx_word' id='word_1_510' title='bbox 1131 3794 1380 3852; x_wconf 87' lang='lat' dir='ltr'><strong>videlicet</strong></span> <span class='ocrx_word' id='word_1_511' title='bbox 1428 3801 1766 3862; x_wconf 81' lang='lat' dir='ltr'><strong>Dunstanutn</strong></span> <span class='ocrx_word' id='word_1_512' title='bbox 1807 3811 1861 3866; x_wconf 86' lang='lat' dir='ltr'><strong>in</strong></span> 
     </span>
    </p>
   </div>
   <div class='ocr_carea' id='block_1_71' title="bbox 269 3869 1860 3962">
    <p class='ocr_par' dir='ltr' id='par_1_71' title="bbox 269 3869 1860 3962">
     <span class='ocr_line' id='line_1_72' title="bbox 269 3869 1860 3962; baseline 0.022 -40"><span class='ocrx_word' id='word_1_513' title='bbox 269 3869 495 3925; x_wconf 76' lang='lat' dir='ltr'><strong>Christo</strong></span> <span class='ocrx_word' id='word_1_514' title='bbox 524 3873 838 3944; x_wconf 89' lang='lat' dir='ltr'><strong>pollentem,</strong></span> <span class='ocrx_word' id='word_1_515' title='bbox 873 3880 1069 3952; x_wconf 84' lang='lat' dir='ltr'><strong>linguis</strong></span> <span class='ocrx_word' id='word_1_516' title='bbox 1098 3889 1270 3942; x_wconf 79' lang='lat' dir='ltr'><strong>arutis</strong></span> <span class='ocrx_word' id='word_1_517' title='bbox 1302 3897 1635 3962; x_wconf 87' lang='lat' dir='ltr'><strong>serpentium</strong></span> <span class='ocrx_word' id='word_1_518' title='bbox 1666 3903 1860 3956; x_wconf 86' lang='lat' dir='ltr'><strong>morsi-</strong></span> 
     </span>
    </p>
   </div>
   <div class='ocr_carea' id='block_1_72' title="bbox 266 3960 1856 4056">
    <p class='ocr_par' dir='ltr' id='par_1_72' title="bbox 266 3960 1856 4056">
     <span class='ocr_line' id='line_1_73' title="bbox 266 3960 1856 4056; baseline 0.021 -41"><span class='ocrx_word' id='word_1_519' title='bbox 266 3961 484 4033; x_wconf 82' lang='lat' dir='ltr'><strong>busquc</strong></span> <span class='ocrx_word' id='word_1_520' title='bbox 518 3960 758 4024; x_wconf 80' lang='lat' dir='ltr'><strong>direrutn</strong></span> <span class='ocrx_word' id='word_1_521' title='bbox 799 3972 1061 4039; x_wconf 82' lang='lat' dir='ltr'><strong>dentium,</strong></span> <span class='ocrx_word' id='word_1_522' title='bbox 1106 3986 1163 4030; x_wconf 93' lang='lat' dir='ltr'><strong>ut</strong></span> <span class='ocrx_word' id='word_1_523' title='bbox 1210 3979 1343 4035; x_wconf 86' lang='lat' dir='ltr'><strong>hirci</strong></span> <span class='ocrx_word' id='word_1_524' title='bbox 1383 3960 1624 4056; x_wconf 71' lang='lat' dir='ltr'><strong>setfgeri,</strong></span> <span class='ocrx_word' id='word_1_525' title='bbox 1664 3993 1856 4049; x_wconf 89' lang='lat' dir='ltr'><strong>rodere</strong></span> 
     </span>
    </p>
   </div>
   <div class='ocr_carea' id='block_1_73' title="bbox 267 4051 1856 4141">
    <p class='ocr_par' dir='ltr' id='par_1_73' title="bbox 267 4051 1856 4141">
     <span class='ocr_line' id='line_1_74' title="bbox 267 4051 1856 4141; baseline 0.023 -37"><span class='ocrx_word' id='word_1_526' title='bbox 267 4051 358 4106; x_wconf 84' lang='lat' dir='ltr'><strong>vel</strong></span> <span class='ocrx_word' id='word_1_527' title='bbox 384 4056 675 4122; x_wconf 74' lang='lat' dir='ltr'><strong>praecidere</strong></span> <span class='ocrx_word' id='word_1_528' title='bbox 697 4062 873 4114; x_wconf 91' lang='lat' dir='ltr'><strong>conati</strong></span> <span class='ocrx_word' id='word_1_529' title='bbox 902 4074 1044 4117; x_wconf 88' lang='lat' dir='ltr'><strong>sunt.</strong></span> <span class='ocrx_word' id='word_1_530' title='bbox 1070 4067 1385 4126; x_wconf 84' lang='lat' dir='ltr'><strong>Conflabant</strong></span> <span class='ocrx_word' id='word_1_531' title='bbox 1409 4051 1551 4130; x_wconf 52' lang='lat' dir='ltr'><strong>eui-.n</strong></span> <span class='ocrx_word' id='word_1_532' title='bbox 1576 4051 1856 4141; x_wconf 86' lang='lat' dir='ltr'><strong>sublivido</strong></span> 
     </span>
    </p>
   </div>
   <div class='ocr_carea' id='block_1_74' title="bbox 268 4150 1851 4232">
    <p class='ocr_par' dir='ltr' id='par_1_74' title="bbox 268 4150 1851 4232">
     <span class='ocr_line' id='line_1_75' title="bbox 268 4150 1851 4232; baseline 0.025 -38"><span class='ocrx_word' id='word_1_533' title='bbox 268 4152 433 4198; x_wconf 87' lang='lat' dir='ltr'><strong>antro</strong></span> <span class='ocrx_word' id='word_1_534' title='bbox 471 4150 665 4203; x_wconf 74' lang='lat' dir='ltr'><strong>ttzcvosi</strong></span> <span class='ocrx_word' id='word_1_535' title='bbox 713 4154 946 4228; x_wconf 84' lang='lat' dir='ltr'><strong>pectoris</strong></span> <span class='ocrx_word' id='word_1_536' title='bbox 992 4156 1320 4228; x_wconf 87' lang='lat' dir='ltr'><strong>inopinatam</strong></span> <span class='ocrx_word' id='word_1_537' title='bbox 1362 4165 1415 4219; x_wconf 78' lang='lat' dir='ltr'><strong>in</strong></span> <span class='ocrx_word' id='word_1_538' title='bbox 1461 4183 1584 4224; x_wconf 86' lang='lat' dir='ltr'><strong>eum</strong></span> <span class='ocrx_word' id='word_1_539' title='bbox 1615 4174 1851 4232; x_wconf 89' lang='lat' dir='ltr'><strong>scabiem</strong></span> 
     </span>
    </p>
   </div>
   <div class='ocr_carea' id='block_1_75' title="bbox 264 4238 1853 4321">
    <p class='ocr_par' dir='ltr' id='par_1_75' title="bbox 264 4238 1853 4321">
     <span class='ocr_line' id='line_1_76' title="bbox 264 4238 1853 4321; baseline 0.022 -35"><span class='ocrx_word' id='word_1_540' title='bbox 264 4238 554 4299; x_wconf 85' lang='lat' dir='ltr'><strong>mendacii,</strong></span> <span class='ocrx_word' id='word_1_541' title='bbox 624 4241 867 4297; x_wconf 84' lang='lat' dir='ltr'><strong>dicentes</strong></span> <span class='ocrx_word' id='word_1_542' title='bbox 931 4245 1077 4301; x_wconf 92' lang='lat' dir='ltr'><strong>illum</strong></span> <span class='ocrx_word' id='word_1_543' title='bbox 1124 4268 1190 4304; x_wconf 85' lang='lat' dir='ltr'><strong>cx</strong></span> <span class='ocrx_word' id='word_1_544' title='bbox 1232 4252 1383 4308; x_wconf 88' lang='lat' dir='ltr'><strong>libris</strong></span> <span class='ocrx_word' id='word_1_545' title='bbox 1427 4259 1755 4319; x_wconf 84' lang='lat' dir='ltr'><strong>salutaribus</strong></span> <span class='ocrx_word' id='word_1_546' title='bbox 1799 4277 1853 4321; x_wconf 89' lang='lat' dir='ltr'><strong>ct</strong></span> 
     </span>
    </p>
   </div>
   <div class='ocr_carea' id='block_1_76' title="bbox 264 4325 1844 4418">
    <p class='ocr_par' dir='ltr' id='par_1_76' title="bbox 264 4325 1844 4418">
     <span class='ocr_line' id='line_1_77' title="bbox 264 4325 1844 4418; baseline 0.023 -42"><span class='ocrx_word' id='word_1_547' title='bbox 264 4325 402 4379; x_wconf 90' lang='lat' dir='ltr'><strong>viris</strong></span> <span class='ocrx_word' id='word_1_548' title='bbox 442 4329 660 4395; x_wconf 90' lang='lat' dir='ltr'><strong>peritis,</strong></span> <span class='ocrx_word' id='word_1_549' title='bbox 697 4347 801 4386; x_wconf 90' lang='lat' dir='ltr'><strong>non</strong></span> <span class='ocrx_word' id='word_1_550' title='bbox 839 4335 996 4390; x_wconf 87' lang='lat' dir='ltr'><strong>saluti</strong></span> <span class='ocrx_word' id='word_1_551' title='bbox 1046 4340 1352 4398; x_wconf 89' lang='lat' dir='ltr'><strong>animarum</strong></span> <span class='ocrx_word' id='word_1_552' title='bbox 1401 4350 1705 4418; x_wconf 80' lang='lat' dir='ltr'><strong>profutura,</strong></span> <span class='ocrx_word' id='word_1_553' title='bbox 1750 4358 1844 4411; x_wconf 86' lang='lat' dir='ltr'><strong>sed</strong></span> 
     </span>
    </p>
   </div>
   <div class='ocr_carea' id='block_1_77' title="bbox 261 4416 1426 4490">
    <p class='ocr_par' dir='ltr' id='par_1_77' title="bbox 261 4416 1426 4490">
     <span class='ocr_line' id='line_1_78' title="bbox 261 4416 1426 4490; baseline 0.017 -22"><span class='ocrx_word' id='word_1_554' title='bbox 261 4416 423 4470; x_wconf 67' lang='lat' dir='ltr'><strong>avita:</strong></span> <span class='ocrx_word' id='word_1_555' title='bbox 470 4421 785 4487; x_wconf 81' lang='lat' dir='ltr'><strong>gentilitatis</strong></span> <span class='ocrx_word' id='word_1_556' title='bbox 828 4427 1120 4484; x_wconf 85' lang='lat' dir='ltr'><strong>vanissima</strong></span> <span class='ocrx_word' id='word_1_557' title='bbox 1173 4433 1426 4490; x_wconf 87' lang='lat' dir='ltr'><strong>didicisse</strong></span> 
     </span>
    </p>
   </div>
   <div class='ocr_carea' id='block_1_78' title="bbox 258 4505 1839 4591">
    <p class='ocr_par' dir='ltr' id='par_1_78' title="bbox 258 4505 1839 4591">
     <span class='ocr_line' id='line_1_79' title="bbox 258 4505 1839 4591; baseline 0.02 -32"><span class='ocrx_word' id='word_1_558' title='bbox 258 4505 610 4564; x_wconf 88' lang='lat' dir='ltr'><strong>bistoriarmn</strong></span> <span class='ocrx_word' id='word_1_559' title='bbox 654 4511 875 4570; x_wconf 87' lang='lat' dir='ltr'><strong>frivolas</strong></span> <span class='ocrx_word' id='word_1_560' title='bbox 917 4517 1095 4574; x_wconf 88' lang='lat' dir='ltr'><strong>colere</strong></span> <span class='ocrx_word' id='word_1_561' title='bbox 1134 4520 1570 4590; x_wconf 87' lang='lat' dir='ltr'><strong>incantationum</strong></span> <span class='ocrx_word' id='word_1_562' title='bbox 1613 4536 1839 4591; x_wconf 79' lang='lat' dir='ltr'><strong>nzcnias.</strong></span> 
     </span>
    </p>
   </div>
   <div class='ocr_carea' id='block_1_79' title="bbox 257 4594 1844 4698">
    <p class='ocr_par' dir='ltr' id='par_1_79' title="bbox 257 4594 1844 4698">
     <span class='ocr_line' id='line_1_80' title="bbox 257 4594 1844 4698; baseline 0.021 -47"><span class='ocrx_word' id='word_1_563' title='bbox 257 4594 401 4653; x_wconf 82' lang='lat' dir='ltr'><strong>lluic</strong></span> <span class='ocrx_word' id='word_1_564' title='bbox 448 4610 625 4657; x_wconf 89' lang='lat' dir='ltr'><strong>autem</strong></span> <span class='ocrx_word' id='word_1_565' title='bbox 673 4608 863 4662; x_wconf 77' lang='lat' dir='ltr'><strong>morbo</strong></span> <span class='ocrx_word' id='word_1_566' title='bbox 912 4614 1177 4667; x_wconf 58' lang='lat' dir='ltr'><strong>mendacii</strong></span> <span class='ocrx_word' id='word_1_567' title='bbox 1229 4615 1420 4673; x_wconf 87' lang='lat' dir='ltr'><strong>beatus</strong></span> <span class='ocrx_word' id='word_1_568' title='bbox 1474 4624 1578 4678; x_wconf 91' lang='lat' dir='ltr'><strong>tiro</strong></span> <span class='ocrx_word' id='word_1_569' title='bbox 1629 4641 1844 4698; x_wconf 90' lang='lat' dir='ltr'><strong>semper</strong></span> 
     </span>
    </p>
   </div>
   <div class='ocr_carea' id='block_1_80' title="bbox 256 4685 1839 4788">
    <p class='ocr_par' dir='ltr' id='par_1_80' title="bbox 256 4685 1839 4788">
     <span class='ocr_line' id='line_1_81' title="bbox 256 4685 1839 4788; baseline 0.021 -48"><span class='ocrx_word' id='word_1_570' title='bbox 256 4685 537 4744; x_wconf 88' lang='lat' dir='ltr'><strong>Christum</strong></span> <span class='ocrx_word' id='word_1_571' title='bbox 593 4698 876 4763; x_wconf 87' lang='lat' dir='ltr'><strong>opposuit,</strong></span> <span class='ocrx_word' id='word_1_572' title='bbox 926 4701 1016 4769; x_wconf 91' lang='lat' dir='ltr'><strong>qui</strong></span> <span class='ocrx_word' id='word_1_573' title='bbox 1068 4706 1282 4771; x_wconf 88' lang='lat' dir='ltr'><strong>omnia,</strong></span> <span class='ocrx_word' id='word_1_574' title='bbox 1338 4719 1626 4780; x_wconf 87' lang='lat' dir='ltr'><strong>antequam</strong></span> <span class='ocrx_word' id='word_1_575' title='bbox 1689 4685 1839 4788; x_wconf 64' lang='lat' dir='ltr'><strong>fiant,</strong></span> 
     </span>
    </p>
   </div>
   <div class='ocr_carea' id='block_1_81' title="bbox 255 4781 1836 4877">
    <p class='ocr_par' dir='ltr' id='par_1_81' title="bbox 255 4781 1836 4877">
     <span class='ocr_line' id='line_1_82' title="bbox 255 4781 1836 4877; baseline 0.022 -46"><span class='ocrx_word' id='word_1_576' title='bbox 255 4781 413 4833; x_wconf 85' lang='lat' dir='ltr'><strong>novit</strong></span> <span class='ocrx_word' id='word_1_577' title='bbox 447 4799 459 4834; x_wconf 94' lang='lat'><strong>:</strong></span> <span class='ocrx_word' id='word_1_578' title='bbox 505 4783 556 4836; x_wconf 91' lang='lat' dir='ltr'><strong>in</strong></span> <span class='ocrx_word' id='word_1_579' title='bbox 589 4786 740 4856; x_wconf 87' lang='lat' dir='ltr'><strong>cujus</strong></span> <span class='ocrx_word' id='word_1_580' title='bbox 781 4804 1009 4856; x_wconf 83' lang='lat' dir='ltr'><strong>persona</strong></span> <span class='ocrx_word' id='word_1_581' title='bbox 1050 4793 1314 4866; x_wconf 86' lang='lat' dir='ltr'><strong>benignus</strong></span> <span class='ocrx_word' id='word_1_582' title='bbox 1343 4805 1605 4872; x_wconf 73' lang='lat' dir='ltr'><strong>pr0plteta</strong></span> <span class='ocrx_word' id='word_1_583' title='bbox 1651 4781 1836 4877; x_wconf 78' lang='lat' dir='ltr'><strong>David,</strong></span> 
     </span>
    </p>
   </div>
   <div class='ocr_carea' id='block_1_82' title="bbox 253 4872 1838 4969">
    <p class='ocr_par' dir='ltr' id='par_1_82' title="bbox 253 4872 1838 4969">
     <span class='ocr_line' id='line_1_83' title="bbox 253 4872 1838 4969; baseline 0.023 -46"><span class='ocrx_word' id='word_1_584' title='bbox 253 4881 308 4924; x_wconf 86' lang='lat' dir='ltr'><strong>et</strong></span> <span class='ocrx_word' id='word_1_585' title='bbox 334 4872 681 4932; x_wconf 78' lang='lat' dir='ltr'><strong>fidelissimus</strong></span> <span class='ocrx_word' id='word_1_586' title='bbox 717 4880 832 4949; x_wconf 88' lang='lat' dir='ltr'><strong>ejus</strong></span> <span class='ocrx_word' id='word_1_587' title='bbox 866 4884 1038 4946; x_wconf 87' lang='lat' dir='ltr'><strong>testis.</strong></span> <span class='ocrx_word' id='word_1_588' title='bbox 1069 4891 1292 4945; x_wconf 87' lang='lat' dir='ltr'><strong>oraculo</strong></span> <span class='ocrx_word' id='word_1_589' title='bbox 1326 4906 1630 4960; x_wconf 75' lang='lat' dir='ltr'><strong>przeventus</strong></span> <span class='ocrx_word' id='word_1_590' title='bbox 1662 4899 1838 4969; x_wconf 83' lang='lat' dir='ltr'><strong>Spiri-</strong></span> 
     </span>
    </p>
   </div>
   <div class='ocr_carea' id='block_1_83' title="bbox 1974 3244 3562 3318">
    <p class='ocr_par' dir='ltr' id='par_1_83' title="bbox 1974 3244 3562 3318">
     <span class='ocr_line' id='line_1_84' title="bbox 1974 3244 3562 3318; baseline 0.009 -22"><span class='ocrx_word' id='word_1_591' title='bbox 1974 3258 2135 3312; x_wconf 74' lang='lat' dir='ltr'><strong>quam</strong></span> <span class='ocrx_word' id='word_1_592' title='bbox 2185 3244 2458 3300; x_wconf 84' lang='lat' dir='ltr'><strong>hominem</strong></span> <span class='ocrx_word' id='word_1_593' title='bbox 2499 3259 2854 3318; x_wconf 86' lang='lat' dir='ltr'><strong>putaverunt,</strong></span> <span class='ocrx_word' id='word_1_594' title='bbox 2915 3253 3119 3308; x_wconf 89' lang='lat' dir='ltr'><strong>crudeli</strong></span> <span class='ocrx_word' id='word_1_595' title='bbox 3171 3255 3365 3309; x_wconf 88' lang='lat' dir='ltr'><strong>latratu</strong></span> <span class='ocrx_word' id='word_1_596' title='bbox 3416 3256 3562 3310; x_wconf 88' lang='lat' dir='ltr'><strong>hunc</strong></span> 
     </span>
    </p>
   </div>
   <div class='ocr_carea' id='block_1_84' title="bbox 1976 3337 3559 3412">
    <p class='ocr_par' dir='ltr' id='par_1_84' title="bbox 1976 3337 3559 3412">
     <span class='ocr_line' id='line_1_85' title="bbox 1976 3337 3559 3412; baseline 0.006 -20"><span class='ocrx_word' id='word_1_597' title='bbox 1976 3337 2292 3394; x_wconf 88' lang='lat' dir='ltr'><strong>invaserunt</strong></span> <span class='ocrx_word' id='word_1_598' title='bbox 2321 3359 2334 3394; x_wconf 88' lang='lat'><strong>:</strong></span> <span class='ocrx_word' id='word_1_599' title='bbox 2369 3350 2548 3396; x_wconf 89' lang='lat' dir='ltr'><strong>tamen</strong></span> <span class='ocrx_word' id='word_1_600' title='bbox 2581 3352 2641 3397; x_wconf 89' lang='lat' dir='ltr'><strong>ut</strong></span> <span class='ocrx_word' id='word_1_601' title='bbox 2670 3343 3000 3400; x_wconf 88' lang='lat' dir='ltr'><strong>blandientis</strong></span> <span class='ocrx_word' id='word_1_602' title='bbox 3032 3361 3218 3402; x_wconf 89' lang='lat' dir='ltr'><strong>vocem</strong></span> <span class='ocrx_word' id='word_1_603' title='bbox 3245 3347 3559 3412; x_wconf 88' lang='lat' dir='ltr'><strong>audierunt,</strong></span> 
     </span>
    </p>
   </div>
   <div class='ocr_carea' id='block_1_85' title="bbox 1972 3431 3552 3508">
    <p class='ocr_par' dir='ltr' id='par_1_85' title="bbox 1972 3431 3552 3508">
     <span class='ocr_line' id='line_1_86' title="bbox 1972 3431 3552 3508; baseline 0.005 -24"><span class='ocrx_word' id='word_1_604' title='bbox 1972 3444 2095 3484; x_wconf 85' lang='lat' dir='ltr'><strong>mox</strong></span> <span class='ocrx_word' id='word_1_605' title='bbox 2121 3431 2284 3502; x_wconf 90' lang='lat' dir='ltr'><strong>(esse)</strong></span> <span class='ocrx_word' id='word_1_606' title='bbox 2317 3431 2459 3487; x_wconf 89' lang='lat' dir='ltr'><strong>illius</strong></span> <span class='ocrx_word' id='word_1_607' title='bbox 2481 3447 2548 3488; x_wconf 83' lang='lat' dir='ltr'><strong>ex</strong></span> <span class='ocrx_word' id='word_1_608' title='bbox 2589 3448 2654 3488; x_wconf 91' lang='lat' dir='ltr'><strong>eo</strong></span> <span class='ocrx_word' id='word_1_609' title='bbox 2680 3437 3054 3492; x_wconf 90' lang='lat' dir='ltr'><strong>tantummodo</strong></span> <span class='ocrx_word' id='word_1_610' title='bbox 3071 3438 3358 3493; x_wconf 87' lang='lat' dir='ltr'><strong>reticentes</strong></span> <span class='ocrx_word' id='word_1_611' title='bbox 3384 3453 3552 3508; x_wconf 77' lang='lat' dir='ltr'><strong>agno-</strong></span> 
     </span>
    </p>
   </div>
   <div class='ocr_carea' id='block_1_86' title="bbox 1969 3522 3553 3600">
    <p class='ocr_par' dir='ltr' id='par_1_86' title="bbox 1969 3522 3553 3600">
     <span class='ocr_line' id='line_1_87' title="bbox 1969 3522 3553 3600; baseline 0.007 -26"><span class='ocrx_word' id='word_1_612' title='bbox 1969 3530 2183 3575; x_wconf 84' lang='lat' dir='ltr'><strong>verunt.</strong></span> <span class='ocrx_word' id='word_1_613' title='bbox 2213 3522 2364 3579; x_wconf 89' lang='lat' dir='ltr'><strong>Tunc</strong></span> <span class='ocrx_word' id='word_1_614' title='bbox 2390 3524 2478 3579; x_wconf 91' lang='lat' dir='ltr'><strong>ille</strong></span> <span class='ocrx_word' id='word_1_615' title='bbox 2505 3540 2688 3580; x_wconf 88' lang='lat' dir='ltr'><strong>sccmn</strong></span> <span class='ocrx_word' id='word_1_616' title='bbox 2722 3544 2786 3583; x_wconf 86' lang='lat' dir='ltr'><strong>ex</strong></span> <span class='ocrx_word' id='word_1_617' title='bbox 2819 3529 3087 3598; x_wconf 86' lang='lat' dir='ltr'><strong>profundo</strong></span> <span class='ocrx_word' id='word_1_618' title='bbox 3107 3531 3287 3586; x_wconf 89' lang='lat' dir='ltr'><strong>cordis</strong></span> <span class='ocrx_word' id='word_1_619' title='bbox 3312 3531 3553 3600; x_wconf 84' lang='lat' dir='ltr'><strong>suspirio</strong></span> 
     </span>
    </p>
   </div>
   <div class='ocr_carea' id='block_1_87' title="bbox 1968 3609 3550 3690">
    <p class='ocr_par' dir='ltr' id='par_1_87' title="bbox 1968 3609 3550 3690">
     <span class='ocr_line' id='line_1_88' title="bbox 1968 3609 3550 3690; baseline 0.008 -27"><span class='ocrx_word' id='word_1_620' title='bbox 1968 3609 2361 3680; x_wconf 82' lang='lat' dir='ltr'><strong>ingemiscens,</strong></span> <span class='ocrx_word' id='word_1_621' title='bbox 2392 3615 2467 3668; x_wconf 90' lang='lat' dir='ltr'><strong>ait</strong></span> <span class='ocrx_word' id='word_1_622' title='bbox 2506 3632 2520 3668; x_wconf 88' lang='lat'><strong>:</strong></span> <span class='ocrx_word' id='word_1_623' title='bbox 2564 3617 2609 3672; x_wconf 93' lang='grc' dir='ltr'><strong>Ο</strong></span> <span class='ocrx_word' id='word_1_624' title='bbox 2646 3633 2785 3672; x_wconf 67' lang='lat' dir='ltr'><strong>smva</strong></span> <span class='ocrx_word' id='word_1_625' title='bbox 2835 3621 3262 3690; x_wconf 83' lang='lat' dir='ltr'><strong>propinquorum</strong></span> <span class='ocrx_word' id='word_1_626' title='bbox 3305 3637 3550 3676; x_wconf 84' lang='lat' dir='ltr'><strong>meorum</strong></span> 
     </span>
    </p>
   </div>
   <div class='ocr_carea' id='block_1_88' title="bbox 1964 3706 3552 3770">
    <p class='ocr_par' dir='ltr' id='par_1_88' title="bbox 1964 3706 3552 3770">
     <span class='ocr_line' id='line_1_89' title="bbox 1964 3706 3552 3770; baseline 0.003 -8"><span class='ocrx_word' id='word_1_627' title='bbox 1964 3706 2208 3770; x_wconf 86' lang='lat' dir='ltr'><strong>vesania,</strong></span> <span class='ocrx_word' id='word_1_628' title='bbox 2251 3707 2302 3760; x_wconf 92' lang='lat' dir='ltr'><strong>in</strong></span> <span class='ocrx_word' id='word_1_629' title='bbox 2337 3707 2588 3761; x_wconf 90' lang='lat' dir='ltr'><strong>caninam</strong></span> <span class='ocrx_word' id='word_1_630' title='bbox 2621 3710 2882 3764; x_wconf 67' lang='lat' dir='ltr'><strong>Stevitiam</strong></span> <span class='ocrx_word' id='word_1_631' title='bbox 2916 3713 2983 3766; x_wconf 87' lang='lat' dir='ltr'><strong>de</strong></span> <span class='ocrx_word' id='word_1_632' title='bbox 3021 3712 3324 3767; x_wconf 81' lang='lat' dir='ltr'><strong>dilectionis</strong></span> <span class='ocrx_word' id='word_1_633' title='bbox 3356 3712 3552 3766; x_wconf 85' lang='lat' dir='ltr'><strong>huma-</strong></span> 
     </span>
    </p>
   </div>
   <div class='ocr_carea' id='block_1_89' title="bbox 1966 3799 3550 3860">
    <p class='ocr_par' dir='ltr' id='par_1_89' title="bbox 1966 3799 3550 3860">
     <span class='ocr_line' id='line_1_90' title="bbox 1966 3799 3550 3860; baseline 0.002 -5"><span class='ocrx_word' id='word_1_634' title='bbox 1966 3802 2135 3856; x_wconf 88' lang='lat' dir='ltr'><strong>nitate</strong></span> <span class='ocrx_word' id='word_1_635' title='bbox 2181 3802 2428 3855; x_wconf 89' lang='lat' dir='ltr'><strong>mutata!</strong></span> <span class='ocrx_word' id='word_1_636' title='bbox 2477 3799 2612 3855; x_wconf 83' lang='lat' dir='ltr'><strong>Nam</strong></span> <span class='ocrx_word' id='word_1_637' title='bbox 2659 3802 3049 3859; x_wconf 86' lang='lat' dir='ltr'><strong>irrationabilis</strong></span> <span class='ocrx_word' id='word_1_638' title='bbox 3099 3820 3294 3860; x_wconf 88' lang='lat' dir='ltr'><strong>canmn</strong></span> <span class='ocrx_word' id='word_1_639' title='bbox 3352 3811 3550 3858; x_wconf 89' lang='lat' dir='ltr'><strong>natura</strong></span> 
     </span>
    </p>
   </div>
   <div class='ocr_carea' id='block_1_90' title="bbox 1964 3891 3547 3949">
    <p class='ocr_par' dir='ltr' id='par_1_90' title="bbox 1964 3891 3547 3949">
     <span class='ocr_line' id='line_1_91' title="bbox 1964 3891 3547 3949; baseline 0.001 -1"><span class='ocrx_word' id='word_1_640' title='bbox 1964 3891 2318 3947; x_wconf 89' lang='lat' dir='ltr'><strong>humanitatis</strong></span> <span class='ocrx_word' id='word_1_641' title='bbox 2387 3892 2517 3947; x_wconf 91' lang='lat' dir='ltr'><strong>mihi</strong></span> <span class='ocrx_word' id='word_1_642' title='bbox 2581 3892 2949 3948; x_wconf 53' lang='lat' dir='ltr'><strong>dilectionem&#39;</strong></span> <span class='ocrx_word' id='word_1_643' title='bbox 2993 3895 3166 3949; x_wconf 87' lang='lat' dir='ltr'><strong>cauda</strong></span> <span class='ocrx_word' id='word_1_644' title='bbox 3249 3894 3547 3949; x_wconf 76' lang='lat' dir='ltr'><strong>blandicnti</strong></span> 
     </span>
    </p>
   </div>
   <div class='ocr_carea' id='block_1_91' title="bbox 1961 3983 3544 4055">
    <p class='ocr_par' dir='ltr' id='par_1_91' title="bbox 1961 3983 3544 4055">
     <span class='ocr_line' id='line_1_92' title="bbox 1961 3983 3544 4055; baseline 0.001 -17"><span class='ocrx_word' id='word_1_645' title='bbox 1961 3983 2210 4038; x_wconf 68' lang='lat' dir='ltr'><strong>exhibuit</strong></span> <span class='ocrx_word' id='word_1_646' title='bbox 2267 4002 2280 4037; x_wconf 92' lang='lat'><strong>:</strong></span> <span class='ocrx_word' id='word_1_647' title='bbox 2331 3983 2705 4055; x_wconf 85' lang='lat' dir='ltr'><strong>propinquitas</strong></span> <span class='ocrx_word' id='word_1_648' title='bbox 2761 4001 2890 4041; x_wconf 88' lang='lat' dir='ltr'><strong>vero</strong></span> <span class='ocrx_word' id='word_1_649' title='bbox 2944 3986 3300 4041; x_wconf 88' lang='lat' dir='ltr'><strong>humanitatis</strong></span> <span class='ocrx_word' id='word_1_650' title='bbox 3353 3985 3544 4051; x_wconf 82' lang='lat' dir='ltr'><strong>oblita,</strong></span> 
     </span>
    </p>
   </div>
   <div class='ocr_carea' id='block_1_92' title="bbox 1960 4073 3545 4140">
    <p class='ocr_par' dir='ltr' id='par_1_92' title="bbox 1960 4073 3545 4140">
     <span class='ocr_line' id='line_1_93' title="bbox 1960 4073 3545 4140; baseline 0.003 -14"><span class='ocrx_word' id='word_1_651' title='bbox 1960 4088 2154 4126; x_wconf 87' lang='lat' dir='ltr'><strong>canum</strong></span> <span class='ocrx_word' id='word_1_652' title='bbox 2192 4075 2323 4127; x_wconf 90' lang='lat' dir='ltr'><strong>mihi</strong></span> <span class='ocrx_word' id='word_1_653' title='bbox 2365 4073 2734 4129; x_wconf 84' lang='lat' dir='ltr'><strong>infestantinm</strong></span> <span class='ocrx_word' id='word_1_654' title='bbox 2778 4077 3128 4132; x_wconf 84' lang='lat' dir='ltr'><strong>severitatem</strong></span> <span class='ocrx_word' id='word_1_655' title='bbox 3170 4076 3427 4140; x_wconf 90' lang='lat' dir='ltr'><strong>inseruit;</strong></span> <span class='ocrx_word' id='word_1_656' title='bbox 3465 4075 3545 4132; x_wconf 90' lang='lat' dir='ltr'><strong>sic</strong></span> 
     </span>
    </p>
   </div>
   <div class='ocr_carea' id='block_1_93' title="bbox 1958 4162 3543 4238">
    <p class='ocr_par' dir='ltr' id='par_1_93' title="bbox 1958 4162 3543 4238">
     <span class='ocr_line' id='line_1_94' title="bbox 1958 4162 3543 4238; baseline 0.003 -20"><span class='ocrx_word' id='word_1_657' title='bbox 1958 4163 2235 4233; x_wconf 87' lang='lat' dir='ltr'><strong>improbus</strong></span> <span class='ocrx_word' id='word_1_658' title='bbox 2255 4164 2388 4219; x_wconf 88' lang='lat' dir='ltr'><strong>ordo</strong></span> <span class='ocrx_word' id='word_1_659' title='bbox 2415 4162 2698 4219; x_wconf 85' lang='lat' dir='ltr'><strong>amborum</strong></span> <span class='ocrx_word' id='word_1_660' title='bbox 2736 4166 2786 4220; x_wconf 92' lang='lat' dir='ltr'><strong>in</strong></span> <span class='ocrx_word' id='word_1_661' title='bbox 2813 4166 3057 4238; x_wconf 89' lang='lat' dir='ltr'><strong>utrisque</strong></span> <span class='ocrx_word' id='word_1_662' title='bbox 3088 4166 3312 4222; x_wconf 88' lang='lat' dir='ltr'><strong>mutavit</strong></span> <span class='ocrx_word' id='word_1_663' title='bbox 3333 4167 3543 4238; x_wconf 88' lang='lat' dir='ltr'><strong>justam</strong></span> 
     </span>
    </p>
   </div>
   <div class='ocr_carea' id='block_1_94' title="bbox 1953 4253 2914 4307">
    <p class='ocr_par' dir='ltr' id='par_1_94' title="bbox 1953 4253 2914 4307">
     <span class='ocr_line' id='line_1_95' title="bbox 1953 4253 2914 4307; baseline 0.022 -3"><span class='ocrx_word' id='word_1_664' title='bbox 1953 4253 2116 4307; x_wconf 90' lang='lat' dir='ltr'><strong>viam.</strong></span> <span class='ocrx_word' id='word_1_665' title='bbox 2898 4255 2914 4259; x_wconf 53' lang='grc'><strong>’</strong></span> 
     </span>
    </p>
   </div>
   <div class='ocr_carea' id='block_1_95' title="bbox 2584 4367 2912 4425">
    <p class='ocr_par' dir='ltr' id='par_1_95' title="bbox 2584 4367 2912 4425">
     <span class='ocr_line' id='line_1_96' title="bbox 2584 4367 2912 4425; baseline 0.012 -4"><span class='ocrx_word' id='word_1_666' title='bbox 2584 4367 2811 4425; x_wconf 77' lang='lat' dir='ltr'><strong>CAPUT</strong></span> <span class='ocrx_word' id='word_1_667' title='bbox 2849 4369 2912 4425; x_wconf 88' lang='lat' dir='ltr'><strong>ll.</strong></span> 
     </span>
    </p>
   </div>
   <div class='ocr_carea' id='block_1_96' title="bbox 1473 4437 1877 4554">
    <p class='ocr_par' dir='ltr' id='par_1_96' title="bbox 1473 4437 1850 4510">
     <span class='ocr_line' id='line_1_97' title="bbox 1473 4437 1850 4510; baseline 0.029 -18"><span class='ocrx_word' id='word_1_668' title='bbox 1473 4437 1739 4510; x_wconf 85' lang='lat' dir='ltr'><strong>carmina,</strong></span> <span class='ocrx_word' id='word_1_669' title='bbox 1797 4456 1850 4502; x_wconf 90' lang='lat' dir='ltr'><strong>ct</strong></span> 
     </span>
    </p>
   </div>
   <div class='ocr_carea' id='block_1_97' title="bbox 1980 4437 3552 4554">
    <p class='ocr_par' dir='ltr' id='par_1_97' title="bbox 1980 4475 3552 4554">
     <span class='ocr_line' id='line_1_98' title="bbox 1980 4475 3552 4554; baseline 0.006 -24"><span class='ocrx_word' id='word_1_670' title='bbox 1980 4475 2310 4554; x_wconf 60' lang='lat' dir='ltr'><strong>Monac/totus</strong></span> <span class='ocrx_word' id='word_1_671' title='bbox 2363 4475 2786 4554; x_wconf 10' lang='lat' dir='ltr'><strong>S.Hl)unstoui.i</strong></span> <span class='ocrx_word' id='word_1_672' title='bbox 2862 4481 3019 4538; x_wconf 82' lang='lat' dir='ltr'><strong>Gesta</strong></span> <span class='ocrx_word' id='word_1_673' title='bbox 3077 4495 3150 4539; x_wconf 74' lang='grc' dir='ltr'><strong>εει</strong></span> <span class='ocrx_word' id='word_1_674' title='bbox 3195 4486 3312 4554; x_wconf 77' lang='lat' dir='ltr'><strong>pius</strong></span> <span class='ocrx_word' id='word_1_675' title='bbox 3367 4484 3552 4542; x_wconf 68' lang='lat' dir='ltr'><strong>obitus.</strong></span> 
     </span>
    </p>
   </div>
   <div class='ocr_carea' id='block_1_98' title="bbox 2023 4545 3499 4632">
    <p class='ocr_par' dir='ltr' id='par_1_98' title="bbox 2023 4545 3499 4632">
     <span class='ocr_line' id='line_1_99' title="bbox 2023 4545 3499 4632; baseline 0.007 -34"><span class='ocrx_word' id='word_1_676' title='bbox 2023 4545 2358 4615; x_wconf 62' lang='lat' dir='ltr'><strong>Ait/temeth</strong></span> <span class='ocrx_word' id='word_1_677' title='bbox 2388 4548 2574 4602; x_wconf 69' lang='lat' dir='ltr'><strong>vidtur.</strong></span> <span class='ocrx_word' id='word_1_678' title='bbox 2608 4553 2905 4621; x_wconf 70' lang='lat' dir='ltr'><strong>Antiphonti</strong></span> <span class='ocrx_word' id='word_1_679' title='bbox 2937 4571 3001 4608; x_wconf 78' lang='lat' dir='ltr'><strong>ea:</strong></span> <span class='ocrx_word' id='word_1_680' title='bbox 3036 4545 3238 4632; x_wconf 68' lang='lat' dir='ltr'><strong>cithara</strong></span> <span class='ocrx_word' id='word_1_681' title='bbox 3268 4555 3499 4625; x_wconf 88' lang='lat' dir='ltr'><strong>prolata.</strong></span> 
     </span>
    </p>
   </div>
   <div class='ocr_carea' id='block_1_99' title="bbox 2021 4636 3544 4719">
    <p class='ocr_par' dir='ltr' id='par_1_99' title="bbox 2021 4636 3544 4719">
     <span class='ocr_line' id='line_1_100' title="bbox 2021 4636 3544 4719; baseline 0.01 -31"><span class='ocrx_word' id='word_1_682' title='bbox 2021 4637 2073 4689; x_wconf 86' lang='lat'><strong>7.</strong></span> <span class='ocrx_word' id='word_1_683' title='bbox 2115 4636 2379 4691; x_wconf 78' lang='lat' dir='ltr'><strong>intellexit</strong></span> <span class='ocrx_word' id='word_1_684' title='bbox 2413 4640 2576 4712; x_wconf 83' lang='lat' dir='ltr'><strong>igitur</strong></span> <span class='ocrx_word' id='word_1_685' title='bbox 2609 4643 2696 4717; x_wconf 83' lang='lat' dir='ltr'><strong>ille</strong></span> <span class='ocrx_word' id='word_1_686' title='bbox 2721 4644 2900 4719; x_wconf 84' lang='lat' dir='ltr'><strong>avitus</strong></span> <span class='ocrx_word' id='word_1_687' title='bbox 2928 4647 3148 4702; x_wconf 89' lang='lat' dir='ltr'><strong>hutnani</strong></span> <span class='ocrx_word' id='word_1_688' title='bbox 3186 4646 3404 4719; x_wconf 87' lang='lat' dir='ltr'><strong>generis</strong></span> <span class='ocrx_word' id='word_1_689' title='bbox 3430 4646 3544 4702; x_wconf 86' lang='lat' dir='ltr'><strong>ini-</strong></span> 
     </span>
    </p>
   </div>
   <div class='ocr_carea' id='block_1_100' title="bbox 1949 4717 3548 4807">
    <p class='ocr_par' dir='ltr' id='par_1_100' title="bbox 1949 4717 3548 4807">
     <span class='ocr_line' id='line_1_101' title="bbox 1949 4717 3548 4807; baseline 0.007 -27"><span class='ocrx_word' id='word_1_690' title='bbox 1949 4726 2140 4789; x_wconf 84' lang='lat' dir='ltr'><strong>micns,</strong></span> <span class='ocrx_word' id='word_1_691' title='bbox 2181 4739 2539 4784; x_wconf 88' lang='lat' dir='ltr'><strong>memoratum</strong></span> <span class='ocrx_word' id='word_1_692' title='bbox 2585 4717 2856 4801; x_wconf 85' lang='lat' dir='ltr'><strong>juvenem,</strong></span> <span class='ocrx_word' id='word_1_693' title='bbox 2904 4753 3000 4807; x_wconf 89' lang='lat' dir='ltr'><strong>per</strong></span> <span class='ocrx_word' id='word_1_694' title='bbox 3034 4737 3286 4792; x_wconf 89' lang='lat' dir='ltr'><strong>sinistros</strong></span> <span class='ocrx_word' id='word_1_695' title='bbox 3314 4735 3548 4795; x_wconf 82' lang='lat' dir='ltr'><strong>nuntios</strong></span> 
     </span>
    </p>
   </div>
   <div class='ocr_carea' id='block_1_101' title="bbox 1948 4817 3550 4899">
    <p class='ocr_par' dir='ltr' id='par_1_101' title="bbox 1948 4817 3550 4899">
     <span class='ocr_line' id='line_1_102' title="bbox 1948 4817 3550 4899; baseline 0.009 -30"><span class='ocrx_word' id='word_1_696' title='bbox 1948 4817 2251 4873; x_wconf 89' lang='lat' dir='ltr'><strong>invidorum</strong></span> <span class='ocrx_word' id='word_1_697' title='bbox 2295 4821 2558 4876; x_wconf 81' lang='lat' dir='ltr'><strong>sodalium</strong></span> <span class='ocrx_word' id='word_1_698' title='bbox 2599 4840 2748 4899; x_wconf 80' lang='lat' dir='ltr'><strong>quos</strong></span> <span class='ocrx_word' id='word_1_699' title='bbox 2775 4828 3020 4892; x_wconf 89' lang='lat' dir='ltr'><strong>miserat,</strong></span> <span class='ocrx_word' id='word_1_700' title='bbox 3059 4828 3243 4896; x_wconf 87' lang='lat' dir='ltr'><strong>pravis</strong></span> <span class='ocrx_word' id='word_1_701' title='bbox 3281 4823 3550 4884; x_wconf 74' lang='lat' dir='ltr'><strong>volunta-</strong></span> 
     </span>
    </p>
   </div>
   <div class='ocr_carea' id='block_1_102' title="bbox 1946 4908 3565 4989">
    <p class='ocr_par' dir='ltr' id='par_1_102' title="bbox 1946 4908 3565 4989">
     <span class='ocr_line' id='line_1_103' title="bbox 1946 4908 3565 4989; baseline 0.004 -29"><span class='ocrx_word' id='word_1_702' title='bbox 1946 4908 2086 4962; x_wconf 90' lang='lat' dir='ltr'><strong>tibus</strong></span> <span class='ocrx_word' id='word_1_703' title='bbox 2115 4911 2226 4963; x_wconf 91' lang='lat' dir='ltr'><strong>suis</strong></span> <span class='ocrx_word' id='word_1_704' title='bbox 2252 4914 2725 4989; x_wconf 18' lang='lat' dir='ltr'><strong>parmn‘cessisse,</strong></span> <span class='ocrx_word' id='word_1_705' title='bbox 2759 4917 2957 4986; x_wconf 76' lang='lat' dir='ltr'><strong>quibus</strong></span> <span class='ocrx_word' id='word_1_706' title='bbox 2990 4915 3191 4972; x_wconf 88' lang='lat' dir='ltr'><strong>incum</strong></span> <span class='ocrx_word' id='word_1_707' title='bbox 3230 4913 3565 4974; x_wconf 77' lang='lat' dir='ltr'><strong>insidianti-</strong></span> 
     </span>
    </p>
   </div>
   <div class='ocr_carea' id='block_1_103' title="bbox 256 4968 3576 5079">
    <p class='ocr_par' dir='ltr' id='par_1_103' title="bbox 256 4968 3576 5079">
     <span class='ocr_line' id='line_1_104' title="bbox 256 4968 3576 5079; baseline 0.014 -63"><span class='ocrx_word' id='word_1_708' title='bbox 256 4972 344 5016; x_wconf 89' lang='lat' dir='ltr'><strong>tus</strong></span> <span class='ocrx_word' id='word_1_709' title='bbox 387 4969 581 5032; x_wconf 87' lang='lat' dir='ltr'><strong>sancti,</strong></span> <span class='ocrx_word' id='word_1_710' title='bbox 618 4968 669 5021; x_wconf 91' lang='lat' dir='ltr'><strong>in</strong></span> <span class='ocrx_word' id='word_1_711' title='bbox 712 4969 874 5028; x_wconf 80' lang='lat' dir='ltr'><strong>falsos</strong></span> <span class='ocrx_word' id='word_1_712' title='bbox 921 4989 1174 5034; x_wconf 84' lang='lat' dir='ltr'><strong>auctores</strong></span> <span class='ocrx_word' id='word_1_713' title='bbox 1227 4981 1522 5039; x_wconf 74' lang='lat' dir='ltr'><strong>Dominica:</strong></span> <span class='ocrx_word' id='word_1_714' title='bbox 1567 4992 1839 5055; x_wconf 82' lang='lat' dir='ltr'><strong>passionis</strong></span> <span class='ocrx_word' id='word_1_715' title='bbox 1944 4997 2044 5054; x_wconf 87' lang='lat' dir='ltr'><strong>bus</strong></span> <span class='ocrx_word' id='word_1_716' title='bbox 2068 5003 2234 5055; x_wconf 86' lang='lat' dir='ltr'><strong>armis</strong></span> <span class='ocrx_word' id='word_1_717' title='bbox 2263 4984 2521 5057; x_wconf 85' lang='lat' dir='ltr'><strong>dimicare</strong></span> <span class='ocrx_word' id='word_1_718' title='bbox 2551 5005 2868 5072; x_wconf 84' lang='lat' dir='ltr'><strong>inchoavit;</strong></span> <span class='ocrx_word' id='word_1_719' title='bbox 2903 5007 2997 5060; x_wconf 89' lang='lat' dir='ltr'><strong>sed</strong></span> <span class='ocrx_word' id='word_1_720' title='bbox 3028 5018 3234 5079; x_wconf 89' lang='lat' dir='ltr'><strong>quanta</strong></span> <span class='ocrx_word' id='word_1_721' title='bbox 3269 5005 3369 5059; x_wconf 90' lang='lat' dir='ltr'><strong>sibi</strong></span> <span class='ocrx_word' id='word_1_722' title='bbox 3413 5015 3576 5066; x_wconf 45' lang='lat' dir='ltr'><strong>tcn‘</strong></span> 
     </span>
    </p>
   </div>
   <div class='ocr_carea' id='block_1_104' title="bbox 251 5053 3594 5170">
    <p class='ocr_par' dir='ltr' id='par_1_104' title="bbox 251 5053 3594 5170">
     <span class='ocr_line' id='line_1_105' title="bbox 1567 5053 3576 5079; baseline 0.006 -26"><span class='ocrx_word' id='word_1_723' title='bbox 1567 5053 1578 5055; x_wconf 97' lang='lat'><strong>_</strong></span> <span class='ocrx_word' id='word_1_724' title='bbox 2031 5053 2036 5054; x_wconf 62' lang='lat'><strong><em>,</em></strong></span> <span class='ocrx_word' id='word_1_725' title='bbox 2272 5053 2280 5054; x_wconf 32' lang='grc' dir='ltr'><em>κ</em></span> <span class='ocrx_word' id='word_1_726' title='bbox 2343 5053 2518 5057; x_wconf 33' lang='grc' dir='ltr'><em>κ</em></span> <span class='ocrx_word' id='word_1_727' title='bbox 2551 5053 2830 5062; x_wconf 45' lang='lat' dir='ltr'><strong>mw&quot;.--</strong></span> <span class='ocrx_word' id='word_1_728' title='bbox 2855 5053 2868 5072; x_wconf 85' lang='lat'><strong>,</strong></span> <span class='ocrx_word' id='word_1_729' title='bbox 2903 5053 2997 5060; x_wconf 76' lang='lat'><strong>----</strong></span> <span class='ocrx_word' id='word_1_730' title='bbox 3032 5053 3234 5079; x_wconf 50' lang='lat'><strong>1...&quot;..-</strong></span> <span class='ocrx_word' id='word_1_731' title='bbox 3271 5053 3369 5059; x_wconf 62' lang='grc' dir='ltr'><strong>---μ</strong></span> <span class='ocrx_word' id='word_1_732' title='bbox 3415 5053 3576 5066; x_wconf 58' lang='grc' dir='ltr'><strong>η..-</strong></span> 
     </span>
     <span class='ocr_line' id='line_1_106' title="bbox 251 5053 3594 5170; baseline 0.013 -62"><span class='ocrx_word' id='word_1_733' title='bbox 251 5053 327 5110; x_wconf 89' lang='lat' dir='ltr'><strong>ita</strong></span> <span class='ocrx_word' id='word_1_734' title='bbox 353 5053 629 5127; x_wconf 84' lang='lat' dir='ltr'><strong>inquiens,</strong></span> <span class='ocrx_word' id='word_1_735' title='bbox 654 5061 757 5114; x_wconf 89' lang='lat' dir='ltr'><strong>ait:</strong></span> <span class='ocrx_word' id='word_1_736' title='bbox 787 5057 1192 5125; x_wconf 66' lang='lat' dir='ltr'><strong>Insui-rexerant</strong></span> <span class='ocrx_word' id='word_1_737' title='bbox 1222 5075 1274 5128; x_wconf 87' lang='lat' dir='ltr'><strong>in</strong></span> <span class='ocrx_word' id='word_1_738' title='bbox 1305 5091 1385 5127; x_wconf 88' lang='lat' dir='ltr'><strong>me</strong></span> <span class='ocrx_word' id='word_1_739' title='bbox 1411 5087 1560 5131; x_wconf 83' lang='lat' dir='ltr'><strong>testes</strong></span> <span class='ocrx_word' id='word_1_740' title='bbox 1578 5081 1766 5152; x_wconf 85' lang='lat' dir='ltr'><strong>iniqui,</strong></span> <span class='ocrx_word' id='word_1_741' title='bbox 1789 5095 1835 5140; x_wconf 84' lang='lat' dir='ltr'><strong>et</strong></span> <span class='ocrx_word' id='word_1_742' title='bbox 1945 5095 2305 5147; x_wconf 83' lang='lat' dir='ltr'><strong>tatncntorum</strong></span> <span class='ocrx_word' id='word_1_743' title='bbox 2345 5092 2636 5148; x_wconf 88' lang='lat' dir='ltr'><strong>luctamina</strong></span> <span class='ocrx_word' id='word_1_744' title='bbox 2687 5094 3000 5164; x_wconf 87' lang='lat' dir='ltr'><strong>ingesscrit,</strong></span> <span class='ocrx_word' id='word_1_745' title='bbox 3073 5108 3310 5170; x_wconf 80' lang='lat' dir='ltr'><strong>sequens</strong></span> <span class='ocrx_word' id='word_1_746' title='bbox 3371 5092 3594 5168; x_wconf 63' lang='lat' dir='ltr'><strong>libelli</strong></span> 
     </span>
    </p>
   </div>
   <div class='ocr_carea' id='block_1_105' title="bbox 247 5148 3490 5198">
    <p class='ocr_par' dir='ltr' id='par_1_105' title="bbox 247 5148 3490 5198">
     <span class='ocr_line' id='line_1_107' title="bbox 247 5148 3490 5198; baseline 0.001 -2"><span class='ocrx_word' id='word_1_747' title='bbox 247 5148 466 5198; x_wconf 82' lang='lat' dir='ltr'><strong>mentita</strong></span> <span class='ocrx_word' id='word_1_748' title='bbox 487 5161 560 5198; x_wconf 80' lang='lat' dir='ltr'><strong>est</strong></span> <span class='ocrx_word' id='word_1_749' title='bbox 584 5151 834 5198; x_wconf 61' lang='lat' dir='ltr'><strong>iniquitas</strong></span> <span class='ocrx_word' id='word_1_750' title='bbox 860 5153 1138 5198; x_wconf 69' lang='grc' dir='ltr'><strong>ςὶΙιΗΡςηΙ</strong></span> <span class='ocrx_word' id='word_1_751' title='bbox 1187 5151 1309 5198; x_wconf 61' lang='grc' dir='ltr'><strong><em>νς-νέ</em></strong></span> <span class='ocrx_word' id='word_1_752' title='bbox 1366 5165 1454 5198; x_wconf 76' lang='lat' dir='ltr'><strong>.tm</strong></span> <span class='ocrx_word' id='word_1_753' title='bbox 1507 5167 1564 5198; x_wconf 64' lang='lat' dir='ltr'><strong>ra.</strong></span> <span class='ocrx_word' id='word_1_754' title='bbox 1941 5180 1955 5198; x_wconf 84' lang='lat'><strong>.</strong></span> <span class='ocrx_word' id='word_1_755' title='bbox 2019 5184 2030 5194; x_wconf 92' lang='lat'><strong>.</strong></span> <span class='ocrx_word' id='word_1_756' title='bbox 2233 5185 2243 5194; x_wconf 93' lang='lat'><strong>.</strong></span> <span class='ocrx_word' id='word_1_757' title='bbox 2447 5185 2476 5197; x_wconf 80' lang='lat'><strong>_.</strong></span> <span class='ocrx_word' id='word_1_758' title='bbox 2570 5185 2579 5196; x_wconf 90' lang='lat'><strong>.</strong></span> <span class='ocrx_word' id='word_1_759' title='bbox 2629 5185 2662 5197; x_wconf 81' lang='lat'><strong>..</strong></span> <span class='ocrx_word' id='word_1_760' title='bbox 2744 5148 2838 5198; x_wconf 39' lang='lat'><strong>‘1-</strong></span> <span class='ocrx_word' id='word_1_761' title='bbox 2892 5185 2928 5198; x_wconf 59' lang='grc' dir='ltr'>,ι</span> <span class='ocrx_word' id='word_1_762' title='bbox 2970 5186 2982 5197; x_wconf 86' lang='grc'><strong>.</strong></span> <span class='ocrx_word' id='word_1_763' title='bbox 3152 5148 3168 5170; x_wconf 86' lang='grc'><strong><em>³</em></strong></span> <span class='ocrx_word' id='word_1_764' title='bbox 3251 5187 3263 5198; x_wconf 91' lang='grc'><strong>.</strong></span> <span class='ocrx_word' id='word_1_765' title='bbox 3452 5187 3490 5198; x_wconf 75' lang='lat'><strong>._</strong></span> 
     </span>
    </p>
   </div>
  </div>
