4048 5368
577 184 711 242 “Si

1573 192 1940 253 BRIDFERTI
1979 189 2438 259 llAliESlENSLS
2475 200 2785 265 MONACIII

3703 205 3842 267 t5!

569 299 787 356 interea
816 299 1149 372 proplnquus
1178 299 1346 376 ipsius
1374 302 1642 377 Elphegns
1671 305 1807 378 (22),
1833 308 2154 380 COgnomine
2183 311 2229 370 Α
2258 311 2408 380 lapsu
2431 311 2484 371 in
2511 317 2712 372 terram
2740 314 2974 380 corruit;
3010 322 3327 389 tantumque
3352 326 3590 391 tangens
3619 317 3837 391 capillos

572 390 791 466 Calvus,
818 391 1011 462 prresul
1032 408 1245 464 quoque
1267 393 1462 462 ﬁdelis,
1488 396 1845 466 petitionibus
1874 398 2058 456 multis
2101 406 2156 455 et

573 463 944 553 Spiritualilaus
993 463 1211 539 mon‘tis
1261 501 1384 540 eum
1447 489 1653 557 rogavit
1679 497 1739 545 ut
1784 489 1939 544 lieret
1968 505 2155 547 mana.

573 573 731 630 citus.
762 572 916 641 Quod
944 573 1033 630 ille
1065 575 1321 632 instinctu
1350 577 1557 647 prmfati
1588 578 1921 638 fraudatoris
1950 597 2154 639 renun-

574 665 740 732 tians,
772 665 955 721 malui:
1005 683 1264 737 sponsare
1305 669 1673 740 juvenculam,
1719 670 1871 741 cujus
1912 675 2154 742 quotidie

569 757 847 815 blanditiis
872 758 1162 827 foveretur,
1183 776 1344 832 qttam
1368 777 1518 819 more
1540 766 1927 822 monachorum
1956 767 2151 823 biden»

574 847 702 904 tinis
730 849 878 905 indui
923 852 1246 922 panniculis.
1289 854 1357 910 Ut
1402 863 1583 911 autem
1611 857 1694 912 vir
1720 859 1812 914 Dei
1864 859 2027 915 verba
2059 861 2155 916 ab-

572 943 791 999 nuentis
815 944 1040 1009 audivit,
1072 960 1197 1000 mox
1223 961 1289 1003 ex
1318 948 1426 1005 imo
1446 950 1682 1018 pectoris
1707 952 1941 1021 suspirio
1960 953 2152 1023 petivit

567 1048 735 1105 regna
785 1051 1021 1104 superna
1084 1047 1359 1110 regentem
1392 1081 1407 1107 ,
1463 1050 1730 1113 quatenus
1787 1043 1864 1098 illi
1929 1043 2152 1100 inferret

567 1126 966 1183 correctionum
992 1143 1212 1185 suarum
1227 1132 1455 1202 judicia,
1488 1145 1541 1189 ut
1571 1133 1724 1202 cujus
1773 1136 1976 1190 monita
2010 1144 2150 1192 te.n-

569 1226 724 1275 neret
747 1219 946 1275 acriter
972 1233 1290 1291 agnosceret
1321 1241 1334 1278 :
1370 1226 1534 1295 quod,
1572 1227 1682 1282 Deo
1728 1226 2150 1285 misericorditer

567 1306 802 1376 favente,
827 1312 880 1366 in
921 1315 1071 1382 parvi
1103 1319 1358 1373 momenti
1383 1318 1557 1389 spatio
1582 1319 1784 1376 factum
1824 1322 2147 1394 comproba-

568 1409 657 1453 tur
684 1399 871 1458 fuisse.
906 1403 983 1459 Eo
1005 1422 1237 1477 namque
1255 1404 1419 1465 modo
1470 1411 1796 1480 turgentium
1843 1414 2148 1470 vesicarum

566 1491 720 1549 dolor
763 1496 1118 1554 intolerabilis
1169 1515 1330 1557 omne
1374 1517 1570 1573 corpus
1616 1504 1786 1573 ipsius
1828 1503 2058 1572 obtexit,
2089 1517 2148 1563 ut

565 1582 968 1656 elephanzimtm
998 1590 1245 1648 morbum
1266 1608 1322 1649 se
1345 1595 1452 1663 pati
1478 1603 1716 1665 putaret,
1744 1606 1798 1653 et
1847 1613 1999 1668 spem
2022 1599 2146 1655 vita:

563 1680 798 1749 propria:
846 1683 1062 1751 penitus
1118 1700 1224 1741 non
1295 1688 1540 1745 haberet.
1587 1689 1737 1747 Tunc
1803 1657 2199 1757 festinanter,l

565 1782 764 1840 magno
791 1787 992 1845 angore
1025 1787 1332 1849 correptus,
1363 1780 1529 1847 misit,
1552 1792 1608 1838 et
1635 1782 1703 1838 ad
1733 1798 1794 1841 se
1806 1786 2139 1856 pontiﬁcem,

556 1858 672 1927 jam
726 1875 852 1922 ante
881 1883 910 1923 a
951 1883 1011 1924 se
1051 1880 1317 1940 spretum,
1367 1874 1555 1931 humili
1600 1892 1763 1947 prece
1811 1881 2056 1944 vocavit,
2087 1887 2144 1936 et

559 1953 780 2010 obedire
803 1969 865 2012 se
889 1958 1022 2015 velle
1046 1960 1163 2030 ejus
1202 1962 1532 2023 salutaribus
1582 1969 1800 2026 monitis
1826 1970 2094 2025 nuntiavit
2123 1987 2140 2024 :

524 2098 529 2102 .
560 2053 617 2099 at
642 2043 731 2100 ille
763 2048 1032 2106 visitando
1058 2054 1298 2120 veniens,
1333 2058 1667 2115 consolatam
1709 2072 1764 2116 et
1793 2061 2140 2117 emendatum

556 2134 669 2191 Deo
700 2140 1021 2195 monachum
1044 2147 1399 2206 consecravit.

628 2227 681 2283 8.
719 2227 846 2286 Pius
868 2231 1031 2303 igitur
1053 2247 1108 2291 et
1134 2238 1446 2296 misericors
1470 2240 1729 2300 Dominus
1745 2259 1961 2301 servum
1983 2261 2139 2301 suum

557 2317 899 2377 Dunstanum
940 2324 1009 2381 ab
1056 2342 1241 2386 amore
1290 2329 1573 2387 mulierum
1629 2334 1810 2391 ta!i:er
1854 2338 2143 2397 miseratus

555 2412 784 2468 retrax't
816 2428 830 2466 :
863 2415 954 2484 qui
988 2416 1068 2487 (ut
1093 2417 1334 2476 historia:
1359 2422 1599 2494 tradunt)
1622 2423 1889 2482 Joannem
1924 2438 2143 2498 aposto-

520 2556 529 2563 ,
555 2500 666 2558 lum
696 2512 751 2560 ct
770 2508 1160 2577 evangelistam
1189 2515 1499 2583 speci-aliter
1520 2518 1623 2572 sibi
1650 2518 1909 2576 dilectum
1954 2537 1983 2577 a
2023 2524 2142 2579 tha-

556 2589 720 2648 lamis
748 2598 1055 2666 nuptiarum
1085 2604 1387 2667 revocavit.
1409 2605 1542 2661 Cum
1566 2608 1666 2665 bac
1710 2625 1843 2681 ergo
1887 2611 1983 2668 Dei
2021 2628 2140 2669 cor-

556 2685 819 2754 rectione,
841 2697 897 2742 et
924 2688 1065 2746 beati
1090 2694 1348 2752 antistitis
1373 2697 1592 2771 Elpliegi
1622 2703 1947 2760 documento
1999 2706 2141 2763 salu-

556 2778 897 2845 tari,amoris
924 2783 1147 2841 eii‘ectus
1168 2799 1311 2844 esset
1335 2793 1721 2863 inleliigentite.
1749 2813 2139 2872 nonnunquam

555 2880 680 2938 post
707 2872 945 2942 ejusdem
970 2879 1242 2947 pontiﬁcis
1263 2881 1515 2953 altnitati,
1554 2888 1729 2958 gratia
1773 2891 2141 2951 saluberrimae

557 2962 819 3018 doctrina:
884 2982 1157 3040 causaque
1234 2974 1549 3043 parcntelee.
1593 2980 1775 3035 sedula
1834 2982 2214 3063 adiuret-chatra

556 3053 983 3112 continuatione.
1013 3058 1225 3117 interea
1277 3063 1514 3136 religiosi
1545 3066 2000 3127 Wintoniensium
2026 3074 2138 3148 (:25)

554 3143 703 3200 cives
725 3145 1020 3205 invitarent
1040 3152 1202 3208 eutnd
1226 3170 1288 3209 m
1312 3153 1403 3213 De}
1430 3159 1738 3229 pontificem
1756 3162 1823 3216 ad
1850 3143 2139 3234 quamdam

552 3247 710 3290 novas
737 3238 980 3304 ecclesiae
1028 3243 1447 3316 dedicationem,
1480 3264 1644 3320 quam
1678 3252 1732 3306 in
1774 3268 1874 3308 sua
1920 3255 2140 3314 civitate

555 3320 860 3391 Wintonia,
891 3345 995 3400 qua
1018 3334 1256 3405 regimen
1280 3340 1601 3407 przesulatus
1629 3343 1743 3414 ipse
1774 3347 2013 3416 tenebat,
2043 3366 2139 3418 pro

554 3416 758 3473 summi
809 3416 1059 3479 Numinis
1114 3430 1415 3484 reverentia
1453 3434 1834 3504 condiderant,
1884 3437 1938 3493 in
1983 3416 2139 3508 parte

549 3511 855 3568 meridiana
886 3517 1158 3588 popularis
1181 3521 1394 3590 plateae.
1419 3539 1539 3594 quin
1566 3542 1707 3583 nunc
1737 3529 1962 3587 ecclesia
1987 3534 2137 3591 occi-

549 3602 754 3659 dentali
776 3616 932 3676 parte
960 3612 1213 3669 omnibus
1255 3615 1499 3673 ecclesiis
1544 3618 1777 3677 vicinior
1822 3624 2143 3693 perhibetur

551 3708 696 3751 esse.
720 3694 779 3752 tn
806 3698 966 3770 hujus
995 3707 1404 3765 consecratione
1431 3710 1602 3768 adfuit
1626 3713 1766 3771 inter
1793 3715 1929 3773 alios
1955 3717 2136 3790 plures

550 3802 675 3846 cum
691 3793 946 3861 pontifice
972 3795 1139 3851 etiam
1160 3796 1493 3868 Dunstanus,
1519 3817 1639 3859 cum
1660 3808 1944 3877 praecipuis
1970 3825 2133 3871 unus.

528 3879 669 3959 .Qua
711 3883 961 3942 dedicata
1010 3897 1304 3961 coegerunt
1357 3907 1509 3949 more
1549 3894 1904 3955 humanitatis
1951 3902 2133 3959 virum

548 3977 925 4033 venerandum
952 3994 1077 4035 cum
1099 3981 1212 4037 suis
1237 3982 1304 4037 ad
1330 3993 1518 4054 parata
1546 3987 1829 4043 ebaritatis
1859 3994 2129 4062 convivia,

546 4061 729 4120 laetum
749 4065 892 4122 diem
916 4083 1016 4138 pro
1045 4071 1183 4126 tanti
1208 4072 1310 4127 viri
1334 4075 1681 4132 veneratione
1707 4093 1912 4149 proque
1937 4097 2131 4138 conse-

549 4157 810 4215 crationis
837 4160 1096 4221 ducentes
1144 4164 1479 4223 celebritate.
1507 4167 1755 4226 Pontifex
1785 4181 1963 4229 autem
2009 4183 2132 4245 post

546 4248 848 4319 gratiarum
885 4255 1129 4313 actiones
1150 4273 1271 4315 curn
1302 4259 1423 4314 suis.
1462 4259 1780 4317 imminente
1815 4261 1929 4331 jam
1972 4276 2131 4323 nocte

2258 403 2540 474 utriusque
2592 406 2808 476 capitis,
2856 405 3060 463 nullum
3099 423 3289 465 eorum
3328 410 3497 475 laesit;
3555 427 3741 480 quem,
3787 414 3837 468 ni

2259 493 2438 560 fallor,
2465 496 2552 551 ille
2579 498 2847 570 malignus
2875 497 3139 571 cujusque
3152 500 3285 571 justi
3332 503 3517 573 operis
3568 494 3836 570 immitius,

2254 598 2323 639 ex
2349 586 2710 656 improbitatis
2756 604 2865 644 suae
2897 589 3093 658 jaeulis
3139 589 3368 647 furendo
3416 593 3644 662 (lt-jecit,
3691 595 3839 665 quasi

2255 677 2526 748 geminam
2557 681 2691 734 iram
2718 680 2769 735 in
2794 682 3041 751 utrisque
3070 680 3209 738 foret
3230 683 3466 740 ulturus.

2325 771 2377 827 9.
2419 771 2656 843 Con'igit
2704 786 2884 829 auzem
2932 776 3120 831 iisdem
3171 779 3502 847 temporibus
3552 778 3839 847 quemdam

2252 859 2644 921 Glastonicnsis
2690 866 2943 923 Ecclesiae
2986 868 3291 936 diaconem,
3353 874 3576 927 nomine
3604 871 3840 927 Wulfre—

2254 951 2403 1019 dum,
2458 964 2686 1010 mortem
2736 957 2969 1015 subiisse
3017 962 3362 1031 temporalem
3397 981 3411 1015 :
3444 963 3538 1033 qui
3594 962 3660 1017 Β.
3706 963 3840 1017 Dun-

2253 1053 2433 1108 stano,
2464 1054 2707 1117 tempore
2750 1048 2877 1102 dum
2928 1050 3158 1117 viveret,
3186 1052 3441 1121 praelatus
3486 1052 3607 1123 (9.4)
3636 1056 3839 1124 pariter

2251 1138 2459 1191 exst2tit
2486 1148 2540 1192 et
2561 1138 3093 1199 fauriliarisamator.
3134 1143 3232 1200 llic
3256 1161 3388 1216 ergo
3410 1162 3517 1200 non
3549 1148 3839 1203 admodum

2251 1229 2411 1303 lcngo
2443 1242 2685 1304 tempore
2729 1251 2849 1308 post
2893 1239 3189 1296 discessum
3218 1243 3467 1312 apparuit
3496 1244 3548 1299 ei
3580 1244 3843 1315 σπάθης,

2251 1324 2417 1380 multa
2440 1325 2508 1382 de
2534 1329 2844 1385 cmlestibus
2870 1332 3403 1405 incognita,iu5ttper
3432 1337 3603 1391 etiam
3624 1351 3839 1391 omnem

2248 1414 2444 1468 seriem
2469 1415 2591 1470 vita:
2615 1432 2746 1481 sum,
2777 1435 2996 1491 sumque
3016 1418 3212 1479 futura:
3238 1426 3439 1490 :ctatis,
3463 1435 3517 1480 et
3545 1434 3836 1481 eventuum

2248 1503 2514 1560 bonorum
2568 1503 2901 1565 tnalorumve
2946 1512 3055 1568 fata
3111 1516 3395 1572 deﬁniens.
3447 1518 3670 1573 Auditis
3712 1532 3838 1573 vero

2248 1594 2440 1653 beatus
2466 1597 2548 1653 vir
2569 1602 2732 1657 tantis
2754 1605 3133 1674 mySIeriorum
3163 1606 3475 1671 luminibus,
3531 1607 3845 1680 talibusque.

2248 1687 2647 1749 inevitabilibus
2668 1696 2791 1752 vita:
2814 1712 2925 1752 sua:
2948 1700 3189 1765 casibus,
3217 1701 3291 1755 ait
3322 1702 3375 1755 in
3407 1717 3644 1757 excessu
3678 1718 3831 1757 men-

2243 1784 2314 1836 t's
2335 1785 2580 1854 positus:
2616 1786 2671 1842 Si
2703 1803 2825 1857 qua:
2878 1798 3028 1846 certo
3054 1790 3221 1847 relatu
3252 1792 3489 1849 allirmas
3526 1810 3660 1849 vera
3716 1804 3838 1849 sunt

2244 1884 2299 1929 et
2328 1877 2621 1945 credenda,
2682 1882 2824 1934 unde
2873 1884 3231 1953 cognoscam?
3286 1884 3497 1953 QuiLus
3539 1887 3717 1957 signis
3748 1873 3837 1956 ιῖἕῖέ

2246 1965 2372 2021 tulaa
2416 1968 2896 2027 demonstrationis
2945 1973 3034 2029 illa
3104 1976 3239 2031 mihi
3295 1977 3603 2047 patebunt?
3642 1977 3713 2031 At
3754 1976 3838 2032 ilie

2244 2057 2542 2115 duxiteum
2571 2063 2623 2116 in
2657 2062 2854 2118 atrium
2884 2066 3087 2137 templi,
3117 2084 3225 2138 quo
3272 2084 3503 2139 corpora
3552 2069 3837 2124 defuncto.

2244 2163 2363 2204 rum
2434 2150 2655 2207 humata
2726 2155 3056 2226 quiescunt,
3096 2158 3371 2230 digitoque
3442 2163 3838 2216 demonstravit

2243 2242 2466 2298 australi
2492 2244 2734 2301 ecclesia:
2760 2256 2915 2316 parte
2951 2248 3127 2303 locum
3156 2251 3557 2317 inconvulsnm,
3579 2264 3635 2307 et
3662 2253 3829 2307 dixit:

2243 2333 2379 2402 Quia
2406 2336 2541 2403 hate,
2570 2354 2692 2408 quae
2717 2340 2810 2394 tibi
2840 2340 3023 2408 retuli,
3054 2358 3180 2399 vera
3207 2353 3352 2409 sunt,
3381 2347 3672 2401 evidenter
3699 2347 3836 2403 scito

2242 2427 2366 2496 quia
2393 2428 2494 2484 hoc
2546 2430 2598 2485 in
2646 2417 2765 2487 loco
2812 2443 2938 2488 ante
2985 2434 3222 2489 triduum
3270 2438 3559 2508 presbyter
3615 2439 3835 2507 qufdam

2243 2520 2549 2590 sepelietur.
2583 2532 2639 2580 et
2668 2525 2902 2580 nondum
2927 2527 3267 2593 inﬁrmatur;
3295 2529 3679 2599 mrpnscu‘lum
3704 2545 3832 2585 vero

2243 2608 2359 2675 ejus
2391 2611 2458 2666 ab
2485 2612 2806 2668 occidentali
2838 2626 2992 2684 parte
3022 2616 3200 2686 templi
3244 2619 3529 2688 praesentis
3560 2619 3857 2699 tumulum.

2242 2699 2369 2754 dum
2398 2700 2689 2758 deferetur.
2740 2704 2822 2759 Ad
2865 2706 3005 2761 hanc
3029 2707 3253 2762 visionis
3301 2723 3490 2762 vocem
3521 2711 3716 2764 beatus
3738 2726 3831 2764 cx-

2242 2792 2587 2863 pergel‘actus
2615 2795 2947 2865 Dunstanus,
2979 2810 3205 2869 postque
3233 2802 3424 2856 horam
3456 2803 3693 2872 primam
3722 2803 3833 2859 diei

2242 2897 2456 2937 memor
2483 2886 2632 2939 mira:
2662 2887 3030 2954 revelationis,
3063 2904 3186 2943 cum
3229 2890 3557 2959 quibusdam
3591 2892 3647 2945 in
3694 2908 3829 2961 prae-

2248 2981 2489 3029 notatum
2531 2973 2631 3030 sibi
2678 2976 3034 3045 spiritualiter
3081 2983 3378 3035 cmmeterii
3435 2982 3618 3038 locum
3662 2986 3823 3049 venit,

2246 3079 2343 3118 nec
2376 3080 2482 3119 non
2514 3066 2783 3136 accipiens
2807 3068 3034 3137 lapidem
3055 3085 3219 3125 unum
3238 3071 3581 3139 jactabilem,
3617 3075 3671 3128 in
3700 3088 3829 3131 eum.

2244 3156 2491 3226 projecit,
2545 3156 2754 3227 hocque
2807 3161 3014 3215 addidit
3060 3177 3073 3216 :
3117 3162 3173 3216 Si
3220 3176 3346 3216 vera
3414 3174 3546 3219 sunt
3605 3181 3730 3234 qua:
3775 3167 3826 3223 in

2241 3247 2443 3303 somnis
2498 3248 2627 3314 vidi,
2681 3250 2899 3319 quidam
2939 3252 3226 3324 presbyter
3273 3254 3362 3308 hic
3410 3265 3543 3310 ante
3588 3258 3827 3312 triduum

2242 3340 2398 3394 debet
2420 3341 2654 3397 humari.
2669 3341 2840 3424 Porro
2858 3345 3232 3401 recedentibus
3253 3346 3356 3401 illis
3376 3347 3523 3402 venit
3545 3349 3829 3419 cujusdam

2240 3429 2598 3498 Ethelﬂedm,
2624 3435 2970 3490 nobilissima:
2993 3452 3057 3491 ac
3084 3438 3507 3507 religiosissima:
3539 3450 3827 3508 matrontc,

2240 3526 2504 3597 magister
2534 3536 2591 3581 et
2619 3529 2875 3583 sacerdos
2923 3543 3046 3583 cum
3096 3528 3203 3584 alio
3230 3530 3503 3584 sociorum
3532 3532 3824 3587 contuber-

2237 3619 2449 3685 bcrnio,
2501 3628 2557 3675 ct
2601 3620 2835 3676 obtinuit
2892 3620 2996 3677 sibi
3049 3622 3191 3676 inter
3244 3623 3423 3693 aliqua
3484 3624 3835 3695 cloqniorum

2237 3707 2440 3764 famina
2462 3710 2708 3764 eumdem
2734 3710 2912 3766 locum
2942 3711 2993 3764 in
3043 3712 3395 3781 sepuituram,
3426 3714 3615 3769 dicens
3643 3731 3659 3767 :
3694 3715 3826 3770 Cum

2237 3807 2483 3855 mortuus
2514 3799 2684 3860 fuero.
2710 3799 2818 3868 hic,
2842 3814 3054 3870 precor,
3078 3801 3300 3871 sepelire
3330 3817 3436 3857 me.
3494 3802 3631 3858 Erat
3657 3803 3798 3874 siqui

2237 3891 2357 3946 dem
2411 3893 2524 3961 ipse
2571 3891 2863 3946 multorum
2922 3893 3230 3948 testimonio
3269 3894 3448 3950 adhuc
3500 3895 3554 3949 in
3596 3911 3827 3964 corpore

2234 3995 2430 4046 sanus;
2458 3982 2552 4037 sed
2593 3998 2715 4036 cum
2766 3983 2889 4037 inde
2918 3991 3037 4052 post
3066 3998 3294 4053 pauctnn
3338 3985 3627 4050 abiissent,
3673 3987 3821 4055 gravi

2234 4071 2426 4127 morbo
2453 4071 2696 4126 ﬁnitimae
2727 4073 2850 4126 vitae
2876 4074 3180 4127 sarcinatos
3198 4082 3303 4128 est.
3335 4075 3539 4129 Deinde
3563 4075 3618 4127 in
3668 4084 3827 4131 nocte

2233 4162 2414 4219 futura
2471 4174 2776 4221 extremum
2834 4164 3083 4234 spiritum
3140 4166 3363 4221 Christo.
3398 4166 3633 4222 Domino
3672 4185 3821 4223 com-

2234 4255 2530 4318 mendavit,
2569 4264 2622 4312 et
2660 4267 2785 4310 ante
2815 4256 3048 4310 triduum
3110 4257 3160 4310 in
3212 4257 3329 4326 ipso
3367 4273 3481 4313 sum
3537 4257 3819 4313 electionis

547 4341 821 4407 surrexit,
852 4352 908 4399 et
954 4345 1079 4403 data
1123 4347 1505 4406 benedictione
1554 4352 1967 4410 convivantibus
2018 4365 2129 4411 tam
2159 4346 2205 4406 Β
2234 4347 2373 4413 loco,
2399 4348 2489 4419 qui
2515 4347 2576 4403 Β.
2605 4348 2878 4403 Dunstano
2908 4348 3058 4418 prius
3081 4348 3389 4419 assignatus
3409 4348 3611 4415 fuerat,
3642 4350 3819 4424 sepul-

544 4428 681 4499 viris
704 4446 865 4502 quam
890 4433 1124 4498 feminis.
1153 4438 1323 4494 Deum
1361 4441 1752 4508 benedicendo,
1805 4443 1872 4499 ad
1911 4447 2128 4516 propria

530 4524 843 4599 remeavit;
868 4534 922 4582 et
945 4538 1213 4585 venerunt
1236 4529 1546 4590 incedentes
1567 4549 1663 4603 per
1684 4535 1826 4590 viam
1854 4537 1920 4593 ad
1948 4553 2029 4594 ec;
2046 4538 2128 4596 le-

542 4611 686 4670 siatn
714 4613 776 4669 Β.
814 4630 967 4686 papa:
1013 4615 1278 4687 Gregorio
1308 4632 1711 4691 consecratam;
1746 4624 1925 4695 ibique
1953 4628 2129 4683 subsi-

541 4715 699 4765 stens
723 4709 1010 4780 episcopus
1031 4709 1168 4766 dixit
1188 4710 1250 4766 Β.
1281 4713 1562 4769 Dunstano
1593 4732 1606 4768 :
1640 4715 2018 4787 Compleamns
2038 4719 2131 4777 hic

545 4800 687 4871 apud
714 4801 1011 4858 oratoriqu
1032 4802 1210 4859 sancti
1225 4802 1403 4860 Patris
1422 4806 1592 4863 nostri
1608 4806 1855 4879 Gregorii
1884 4822 2126 4867 nostram

533 4893 889 4963 .completorii
918 4895 1132 4952 boram.
1162 4896 1231 4954 Et
1257 4907 1627 4965 accesserunt,
1660 4910 1783 4971 post
1810 4917 1972 4958 voces
2003 4918 2130 4957 ora-

547 4985 780 5056 tionum,
811 4991 1101 5064 iungentes
1128 4996 1306 5066 capita
1334 5013 1431 5054 sua
1457 4999 1510 5053 in
1538 5015 1703 5055 unum
1736 5017 1750 5053 :
1783 5015 1891 5069 quo
1917 4999 2129 5055 confes-

537 5077 730 5146 .siones
755 5095 882 5136 suas
925 5084 1082 5140 solita
1111 5090 1502 5145 consuetudine
1533 5089 1770 5146 vicissim
1812 5090 2123 5159 proderent.

535 5164 665 5237 ,Qua
709 5180 930 5238 peracta
954 5174 1081 5229 dum
1131 5175 1355 5233 daretur
1406 5179 1474 5234 ab
1528 5180 1782 5250 episc0po
1809 5177 2127 5232 delictorum

545 5257 821 5325 remissio,
870 5261 1005 5331 lapis
1043 5279 1369 5337 permagnus
1413 5269 1482 5327 ab
1529 5269 1640 5327 alto
1687 5283 1814 5326 aere
1843 5268 2021 5333 irruit.
2049 5276 2126 5332 εις

839 5351 877 5368 h

2234 4447 2319 4494 tus
2343 4446 2446 4493 est.

2303 4531 2454 4586 Tune
2483 4530 2695 4586 Domini
2718 4543 2909 4585 servus
2931 4531 3100 4587 sensit
3120 4547 3216 4602 per
3244 4531 3435 4588 stecnla
3469 4532 3711 4597 faustus,

2303 4622 2524 4678 Talibus
2547 4637 2614 4677 ex
2646 4622 2814 4692 signis
2840 4620 3054 4676 fuerant
3087 4623 3210 4692 quia
3244 4635 3437 4678 cuncta
3467 4623 3675 4683 futura,

2301 4713 2432 4790 Quae
2452 4712 2552 4793 sibi
2574 4712 2685 4782 jam
2711 4714 2885 4769 tlictas
2904 4713 3148 4769 Wull'red
3175 4729 3423 4770 sermone
3445 4714 3654 4771 ferebat
3689 4733 3703 4769 :

2301 4806 2520 4867 \‘isibus
2544 4815 2707 4877 atque
2732 4806 2852 4862 istis
2881 4806 3101 4861 humuts
3124 4808 3451 4877 sapiensque
3489 4812 3708 4875 beatus,

2300 4901 2452 4956 Felix
2474 4908 2528 4954 et
2551 4900 2780 4965 validus,
2812 4909 3022 4958 cautus.
3049 4911 3339 4968 castusque
3362 4899 3594 4963 refulsit,

2299 4992 2440 5046 Ante
2464 4994 2629 5047 Deum
2655 4990 2738 5044 vel
2765 5001 2890 5046 ante
2914 4992 3159 5046 homines
3185 5006 3280 5061 per
3305 5001 3548 5062 tempora
3581 4994 3727 5046 vitae.

2302 5081 2387 5137 οιο.
2430 5080 2582 5136 Nunc
2607 5089 2845 5150 emptum
2876 5096 3181 5135 sermonem
3227 5081 3478 5150 paul..tim
3514 5079 3807 5135 diﬂ‘ercudo

2232 5172 2558 5237 intermino,
2586 5171 2759 5225 donec
2792 5169 3039 5242 quasdam
3066 5171 3246 5225 brevia
3284 5172 3467 5232 verba,
3498 5186 3620 5239 qua:
3645 5171 3807 5224 omit-

2233 5264 2392 5319 tenda
2443 5278 2552 5318 non
2587 5273 2829 5329 autumo,
2885 5277 3053 5331 parvo
3090 5261 3356 5331 proferam
3403 5262 3641 5331 eloquio.
3674 5261 3808 5316 Erat
