4048 5368
312 284 466 359 stas

1482 289 1640 345 VlTA
1684 288 1929 346 SANCTI
1950 286 2341 371 ‘DUNSTANI.

3425 283 3571 341 1454

282 405 463 476 genie
486 403 734 470 orta,scd
758 404 961 460 strictis
977 402 1131 461 nodis
1152 404 1347 460 invitia:
1368 403 1646 476 religionis
1668 403 1886 469 innexa,
1918 408 1962 466 Α
1987 400 2110 471 jure
2138 399 2381 472 graviter
2407 397 2671 455 inﬁrmari
2711 415 2726 453 :
2760 397 2846 454 cui
2881 397 2941 453 Β.
2978 396 3290 455 Dumlanus
3345 410 3568 453 causam

295 494 461 565 cujus
490 508 684 549 nomen
714 494 862 550 brevi
890 494 1178 549 mentiotzis
1213 502 1417 549 attactu
1463 509 1637 564 nuper
1662 493 1889 565 contigi-

295 599 447 640 suus.
475 583 602 640 Haec
623 594 743 655 post
770 585 1031 641 antisstun
1051 585 1252 649 virum,
1282 585 1446 641 vitam
1479 583 1677 640 dueere
1702 583 1889 637 vidua-

288 672 550 745 ]cm(25)
585 689 685 744 pro
737 674 931 730 virium
981 675 1245 743 quali:ate
1290 675 1626 739 desiderans,
1675 673 1887 729 casulas

290 766 407 821 sibi
435 767 813 822 eommanentli
842 766 896 820 in
921 765 1179 822 alliuitate
1206 767 1344 822 sacri
1370 766 1549 836 templi
1581 768 1646 821 ad
1674 766 1885 837 plagam

282 857 694 913 occidentalem
711 858 1103 923 constituit,nt
1132 873 1230 928 pro
1278 860 1428 926 regni
1472 859 1711 915 caelestis
1740 859 1886 914 desi-

282 944 458 1001 ‘derio
484 945 683 1001 ibidem
714 946 942 1003 Domino
969 946 1097 1002 Jesu
1125 948 1340 1005 Chrislo
1363 950 1447 1003 die
1474 958 1746 1019 noctuque
1776 963 1884 1003 non

282 1034 593 1093 desisteret
623 1035 894 1092 famulari.
929 1039 1065 1094 liuic
1099 1054 1229 1093 vero
1259 1055 1472 1111 semper
1494 1044 1683 1095 beatas
1704 1042 1887 1096 aditu:-

291 1125 459 1181 rebat
485 1128 818 1193 Dttnstanus,
839 1130 931 1199 qui
969 1130 1107 1185 bane
1135 1146 1245 1199 pra:
1270 1132 1482 1186 caneris
1518 1133 1692 1187 modis
1722 1132 1888 1185 mira-

288 1214 505 1272 bilibus
548 1218 854 1285 adamavit;
900 1220 1145 1290 ejusque,
1193 1237 1353 1275 causa
1401 1222 1678 1292 religionis
1723 1221 1884 1277 simul

282 1307 469 1362 etiam
504 1309 944 1381 propinquitatis.
987 1321 1281 1381 egestatem
1332 1313 1519 1368 sedulo
1564 1314 1881 1369 sublevavit.

281 1395 419 1457 δοκι
466 1408 553 1455 est
597 1410 780 1455 autem
829 1413 1028 1459 nostra:
1072 1405 1444 1473 possibilitatis
1482 1420 1739 1463 enirtare
1789 1420 1886 1477 per

287 1491 513 1562 singula
544 1492 833 1548 verborum
872 1494 1104 1567 elaquia,
1150 1497 1363 1565 qualem
1392 1499 1472 1552 vel
1519 1509 1777 1567 quantam
1822 1513 1883 1555 se

287 1580 357 1636 in
411 1583 611 1638 divinis
670 1594 1003 1654 prmparatet
1048 1588 1342 1658 obsequiis.
1399 1590 1656 1644 Dominus
1706 1600 1883 1644 tamen

280 1672 542 1727 omnium
575 1674 846 1744 inspector
872 1685 1227 1740 secretarum,
1261 1689 1368 1732 tam
1405 1680 1457 1733 in
1498 1680 1703 1740 ultimis
1724 1688 1882 1735 metze

282 1778 411 1822 Sua:
460 1766 809 1837 temporibus,
847 1784 1008 1837 quam
1048 1770 1212 1823 etiam
1255 1770 1383 1824 dum
1430 1771 1483 1826 in
1536 1772 1639 1825 hoc
1682 1773 1883 1827 mundo

278 1855 504 1926 dcgttit,
553 1859 708 1927 cujus
755 1868 901 1914 esset
944 1861 1122 1915 meriti
1174 1862 1483 1917 declaravit.
1549 1863 1671 1919 Haec
1720 1865 1883 1933 igitur

278 1960 459 2003 omne
500 1963 686 2003 semen
727 1951 956 2020 regium,
991 1951 1059 2006 de
1086 1966 1195 2022 quo
1241 1954 1357 2024 ipsa
1385 1954 1680 2009 nobilitatis
1716 1955 1884 2027 origi-

280 2051 420 2092 nczn
446 2037 621 2104 duxit,
649 2038 841 2094 intimo
866 2039 1152 2096 eharitatis
1170 2044 1368 2096 ardore
1389 2045 1574 2097 direxit
1604 2062 1617 2096 :
1650 2044 1883 2112 ideoque

279 2129 472 2199 gratia
503 2129 803 2185 dulcedinis
842 2133 907 2185 de
937 2131 1051 2185 suis
1091 2148 1233 2203 sa'pe
1274 2135 1433 2187 relms
1472 2136 1689 2205 regibus
1719 2136 1883 2189 mini-

279 2220 512 2272 stravit.
552 2218 629 2273 Ex
662 2221 765 2276 hac
800 2236 931 2291 ergo
965 2224 1053 2294 pia
1081 2224 1472 2279 consuetudine
1500 2225 1743 2295 glorioso
1768 2226 1880 2297 regi

270 2307 641 2367 Ethelstano
661 2313 950 2382 prandium
976 2315 1119 2383 quod
1150 2316 1327 2385 potuit
1349 2317 1503 2370 obvia
1533 2319 1878 2389 prteparavit,

278 2400 424 2470 quia
468 2401 610 2456 hunc
648 2418 814 2460 causa
864 2406 1233 2475 precamiuum
1286 2409 1621 2466 Glasmniam
1665 2411 1881 2468 venisse

272 2491 582 2561 prwscivit.
611 2490 857 2549 Seientes
891 2510 1019 2551 vero
1047 2497 1463 2555 ministrationis
1493 2499 1658 2571 regiae
1687 2502 1882 2571 praevi-

279 2596 450 2637 sorcs
479 2585 621 2653 quod
668 2588 907 2643 dedisset
944 2604 1038 2645 rex
1076 2591 1221 2661 nepti
1248 2608 1358 2646 suae
1382 2591 1685 2648 divertcndi
1713 2595 1782 2647 ad
1820 2607 1880 2649 se

279 2676 643 2744 promissam,
678 2689 941 2735 venerunt
980 2681 1067 2737 die
1114 2682 1439 2754 prmcedenti
1469 2684 1535 2738 ad
1578 2684 1875 2739 videndum

278 2764 334 2818 si
381 2766 563 2820 omnia
609 2779 896 2839 paratnnm
935 2772 1237 2828 ministeria
1276 2774 1475 2829 habilia
1519 2773 1750 2830 fuissent
1795 2774 1878 2830 vel

280 2863 439 2926 apta.
469 2857 531 2911 Et
554 2861 857 2930 conspectis
878 2865 1130 2919 omnibus
1151 2863 1405 2920 dixerunt
1435 2866 1502 2919 ad
1535 2866 1720 2921 illaut:
1746 2863 1878 2920 Uni-

280 2960 470 3003 ἴριδες»
523 2950 944 3008 ministrationis
999 2956 1377 3010 sulIieit-tttiant
1429 2957 1618 3021 habes,
1672 2956 1720 3011 si
1778 2956 1876 3011 tibi

279 3038 541 3093 ntedonis
596 3040 706 3112 (26)
765 3043 945 3115 liquor
993 3061 1102 3101 non
1156 3046 1405 3104 defuerit.
1461 3048 1534 3104 At
1590 3047 1875 3104 illazNon

276 3128 531 3199 patiatur
573 3132 791 3189 domina
848 3150 988 3199 mea,
1031 3147 1218 3192 saneta
1288 3139 1456 3194 Mater
1512 3130 1729 3196 Domini
1769 3139 1874 3196 ntei

279 3215 420 3279 Jcsu
445 3219 641 3277 Christi
674 3222 863 3290 Maria,
906 3236 963 3281 ut
996 3227 1085 3283 ille
1124 3229 1256 3286 mihi
1304 3230 1387 3285 vel
1443 3231 1574 3299 quid
1625 3231 1681 3287 in
1726 3232 1875 3303 regia

279 3310 556 3382 d‘gnitatc
579 3315 813 3372 deiiciat.
841 3317 904 3373 Et
930 3319 1045 3375 hee
1070 3321 1276 3388 dicens,
1299 3322 1577 3393 antiquam
1611 3325 1700 3379 Dei
1725 3325 1876 3396 geni-

282 3404 447 3459 tricis
471 3404 650 3463 Marize
678 3408 962 3465 ecclesiam
1009 3413 1333 3481 quantocius
1375 3414 1616 3480 intravit,
1648 3429 1875 3484 seseque

267 3493 365 3566 .ibi
401 3506 652 3565 rogatnra
679 3502 997 3569 prostravit,
1023 3504 1116 3557 diu
1136 3503 1434 3573 deposcens
1463 3506 1682 3575 superni
1709 3505 1875 3578 Regis

280 3585 762 3655 Opulentissimum
798 3591 897 3646 sibi
935 3583 1127 3647 adesse
1173 3594 1628 3664 supplementum,
1669 3599 1738 3651 ad
1774 3613 1871 3651 att-

279 3676 519 3747 ‘gendatn
544 3680 684 3749 regis
722 3680 1199 3738 ministrationem.
1232 3685 1370 3751 Quid
1400 3687 1563 3756 ergo?
1593 3685 1749 3741 Venit
1778 3702 1871 3741 rex

281 3767 523 3838 stipatus
568 3771 735 3825 multo
776 3775 1033 3829 cemitatu
1075 3775 1140 3828 ad
1174 3787 1386 3846 tempus
1419 3777 1772 3848 pradinitum;
1815 3788 1873 3836 ct

278 3869 414 3933 post
442 3877 663 3932 precum
698 3865 1103 3937 missarumque‘
1128 3867 1518 3926 celebrationes
1546 3869 1700 3926 laetus
1735 3871 1874 3926 invi-

189 3945 193 3948 ’
283 3958 463 4013 tatutn
513 3953 755 4010 introivit
799 3958 871 4012 ad
914 3960 1219 4028 prandium.
1264 3960 1331 4016 Et
1377 3970 1502 4017 tunc
1552 3961 1767 4033 quidem
1812 3963 1870 4018 in

281 4043 465 4114 primo
500 4044 790 4113 propinatu
835 4049 1135 4103 exhausere
1175 4049 1306 4105 illud
1348 4066 1442 4106 vas
1486 4052 1756 4117 uredinis,
1801 4052 1871 4109 ad

282 4129 451 4198 tutius
464 4136 712 4205 palmula:
737 4153 1046 4195 mersurum
1074 4157 1089 4193 :
1114 4151 1169 4195 et
1189 4141 1266 4196 sic
1277 4153 1489 4213 postea,
1515 4145 1625 4200 Deo
1640 4154 1871 4214 augente

282 4234 342 4283 et
372 4227 527 4284 beata
553 4241 895 4300 promerente
919 4243 1188 4299 matrona,
1223 4235 1295 4288 nil
1326 4236 1574 4293 minuens
1607 4237 1867 4306 substitit,

282 4318 583 4389 pincernis,
610 4332 666 4375 ut
686 4322 889 4378 assolet
914 4324 968 4378 in
997 4326 1269 4395 regalibus
1301 4329 1589 4391 conviviis,
1612 4328 1870 4387 cornibus

1988 490 2302 561 providendi
2342 489 2515 546 solers
2554 488 2819 554 exhibuit,
2858 497 2914 543 et
2952 488 3104 557 quasi
3136 488 3412 557 propriam
3452 501 3571 543 mea

1990 591 2128 639 trem
2156 584 2315 639 unice
2343 582 2656 638 custodivit.
2687 580 2929 652 Contigit
2957 595 3088 651 ergo
3118 581 3204 635 bis
3231 581 3575 650 impedienti-

1988 672 2089 727 bus
2111 673 2275 733 curis.
2293 672 2466 744 ipsum
2490 672 2640 729 horis
2663 669 3113 742 vespertinalibus
3133 670 3343 736 abesse,
3364 676 3420 724 et
3444 683 3572 725 cum

1986 762 2343 833 psallentibus
2372 779 2526 820 more
2555 763 2718 819 solito
2755 777 2862 838 non
2905 760 3074 816 fuisse
3112 761 3346 817 catervis
3393 777 3406 814 :
3453 759 3575 829 ipso

1986 860 2166 908 tamen
2214 854 2350 909 tiniti
2397 855 2503 911 dici
2552 852 2893 924 crepusculo,
2945 867 3067 908 cum
3110 867 3170 906 se
3213 852 3573 923 sequentibus

1987 948 2348 1014 scholasticis,
2373 948 2485 1004 ibat
2510 951 2576 1004 a-J
2593 949 2703 1018 jam
2726 947 3069 1002 observatam
3085 944 3572 1001 eeelesiamnttar—

1986 1039 2171 1094 datum
2200 1040 2495 1108 contpleret
2520 1037 2776 1092 ollicittm.
2807 1037 2873 1091 Et
2902 1037 3027 1090 dum
3059 1034 3190 1089 foris
3218 1043 3341 1088 ante
3366 1035 3567 1090 ostium

1985 1130 2227 1186 ecclesia:
2271 1130 2533 1200 psallendi
2581 1128 2753 1197 gratia
2812 1135 3007 1191 staret,
3058 1125 3197 1179 vidit
3242 1123 3456 1180 eminus
3501 1134 3571 1179 ei

1985 1222 2213 1278 Orientis
2241 1221 2362 1275 ςαξιί
2400 1220 2714 1275 climatibus
2758 1228 3202 1287 prorumpentem
3230 1216 3444 1270 niveam
3477 1231 3571 1271 eoo

1985 1312 2246 1377 lumbam,
2285 1313 2423 1367 mira
2450 1311 2851 1381 pulchritudine
2881 1316 2936 1364 et
2961 1325 3100 1363 nova
3124 1309 3304 1380 specie
3328 1308 3571 1375 reniten-
3594 1329 3603 1334 -

1987 1415 2114 1461 tetu.
2160 1408 2326 1462 Erant
2360 1421 2490 1460 vero
2529 1404 2907 1460 extremitates
2940 1401 3146 1456 alarum
3187 1416 3407 1456 suarum
3454 1399 3571 1468 igni

1985 1500 2297 1556 scintillanti
2312 1499 2646 1564 consimiles,
2670 1509 2721 1552 ct
2742 1496 2937 1567 quibus
2958 1496 3168 1550 volatus
3184 1494 3425 1550 fulminei
3452 1494 3569 1567 (27)

1985 1590 2314 1645 icluantihtts
2349 1590 2539 1659 pennis
2576 1589 2806 1658 sparsim
2842 1585 3210 1640 fundebantur
3245 1600 3341 1655 per
3375 1599 3501 1639 aera
3549 1600 3565 1640 :

1986 1696 2107 1751 qua:
2137 1680 2202 1734 ad
2231 1680 2402 1734 beata:
2433 1690 2690 1734 matrona:
2728 1678 2864 1733 atria
2901 1676 3065 1732 celeri
3100 1684 3280 1731 meatu
3312 1673 3567 1730 convolao

1918 1754 1961 1814 Β
1992 1772 2087 1847 vit.
2132 1770 2327 1825 Beatus
2366 1778 2544 1824 autem
2588 1767 2917 1833 Dttustanus,
2963 1766 3190 1820 inﬁrmae
3223 1767 3415 1819 amica:
3456 1780 3567 1820 non

1986 1862 2290 1924 iutmemor,
2335 1860 2590 1914 continuo
2633 1858 2886 1929 perpletis
2928 1857 3241 1928 psalmodiis
3290 1868 3569 1925 regressus

1981 1963 2086 2022 est,
2111 1964 2162 2008 et
2191 1954 2418 2010 veniens
2450 1954 2656 2008 audivit
2688 1953 2831 2006 illam
2859 1952 3001 2006 intra
3035 1966 3256 2008 suorum
3290 1958 3441 2020 septa
3468 1963 3567 2005 ve-

1980 2047 2265 2110 laniinum,
2292 2046 2450 2102 seriis
2481 2045 2842 2105 sermonibus,
2875 2044 3027 2114 quasi
3065 2058 3189 2098 eum
3224 2043 3457 2112 quodam
3487 2040 3569 2097 fa-

1982 2138 2182 2195 miliari
2218 2139 2414 2203 amico,
2458 2152 2556 2207 per
2593 2137 2734 2192 vices
2765 2137 3052 2190 verborum
3082 2134 3563 2190 sermocinantem.

1981 2232 2222 2287 Accessit
2249 2246 2381 2302 ergo
2418 2232 2655 2286 humane
2686 2229 2751 2284 ad
2784 2229 3118 2284 confidentes
3153 2226 3440 2282 ancillulas
3469 2226 3568 2282 ob-

1981 2325 2307 2380 servatrices
2337 2324 2566 2385 dmttinm
2595 2337 2729 2387 suae,
2763 2332 2819 2378 et
2845 2322 3070 2387 mirans,
3100 2336 3224 2375 eum
3246 2334 3353 2389 quo
3380 2319 3570 2388 loquc‘

1983 2425 2153 2479 retur,
2183 2417 2501 2486 interrogat.
2530 2413 2596 2468 At
2632 2413 2735 2467 illa:
2781 2427 2838 2467 se
2864 2413 3076 2466 nescire
3100 2409 3387 2473 dixerunt;
3420 2408 3515 2465 sed
3544 2422 3561 2464 :

1978 2508 2282 2577 Antequam
2314 2516 2391 2570 tu,
2424 2506 2697 2576 inquiunt,
2723 2505 2957 2565 venires,
2982 2501 3230 2555 immensi
3258 2498 3567 2569 splendoris

1975 2600 2137 2671 jubar
2179 2608 2348 2653 totum
2395 2599 2495 2654 hoc
2531 2597 2837 2652 cubiculum
2889 2593 3158 2648 rutilando
3204 2591 3462 2661 replevit;
3510 2597 3569 2645 et

1979 2701 2189 2763 postea,
2221 2701 2468 2747 cessante
2517 2690 2739 2752 lumine,
2779 2690 2895 2759 ipsa
2940 2687 3021 2757 (ut
3060 2687 3174 2756 ipse.
3204 2699 3348 2739 nunc
3385 2679 3567 2752 audis)

1981 2778 2125 2855 loqui
2164 2799 2297 2855 erga
2342 2783 2651 2853 loquentem
2699 2796 2804 2834 non
2846 2779 3097 2834 cessavit.
3146 2777 3300 2832 Tunc
3344 2775 3564 2845 quidem

1978 2874 2236 2943 paulatim
2268 2882 2322 2928 et
2352 2875 2464 2943 ipse
2494 2871 2793 2942 spectando
2832 2869 3057 2930 resedit,
3094 2867 3270 2922 donec
3310 2865 3397 2920 illa
3429 2879 3566 2936 quo.

1979 2966 2268 3022 dummodo
2299 2980 2328 3019 a
2360 2964 2567 3032 loquela
2596 2963 2920 3031 quiesceret.
2947 2960 3014 3014 Et
3037 2959 3162 3014 dum
3196 2972 3261 3012 ea
3295 2957 3457 3011 etiam
3492 2956 3564 3012 ab

1978 3058 2196 3128 eloquio
2221 3057 2534 3129 quievisset,
2571 3070 2693 3108 mox
2720 3052 2785 3106 ad
2813 3052 2956 3107 illam
2987 3050 3203 3118 rejectis
3228 3047 3560 3104 velantinum

1981 3149 2316 3206 anfractibus
2355 3148 2594 3209 intravit,
2628 3154 2684 3200 et
2716 3161 2837 3199 eum
2880 3158 2990 3212 quo
3031 3142 3345 3210 loqueretur
3389 3139 3568 3209 ipsam

1978 3242 2326 3298 familiariter
2369 3237 2739 3305 interrogavit.
2779 3235 2849 3290 At
2891 3235 2975 3288 illa
3015 3235 3151 3289 dixit
3180 3233 3396 3289 adeum
3430 3244 3447 3284 :
3478 3228 3561 3285 Tu

1974 3348 2195 3405 quoque
2225 3332 2398 3399 illurn,
2423 3338 2713 3399 antequam
2751 3326 2859 3381 huc
2888 3326 3126 3392 venires,
3153 3324 3461 3379 venientem
3483 3322 3568 3377 vi.

1977 3427 2124 3489 disti,
2159 3434 2217 3480 et
2257 3440 2399 3480 nunc
2426 3438 2548 3477 cum
2583 3437 2692 3491 quo
2719 3420 2823 3476 sim
2855 3418 3032 3473 locuta
3073 3416 3414 3489 interrogas?
3445 3415 3564 3485 Ipse

1974 3521 2121 3576 enim
2149 3531 2358 3573 mecum
2387 3514 2730 3584 loquebatur,
2759 3514 2852 3583 qui
2881 3514 2976 3569 tibi
3007 3512 3258 3583 psallenti
3294 3512 3419 3566 dum
3443 3516 3563 3565 sta-

1974 3610 2074 3668 bas
2116 3619 2242 3663 ante
2283 3606 2481 3661 ostium
2519 3604 2784 3665 ecclesiae.
2832 3606 3084 3681 apparuit
3130 3622 3144 3658 :
3191 3604 3281 3673 qtti
3326 3611 3384 3658 et
3426 3600 3570 3657 mihi

1975 3687 2136 3757 modo
2165 3713 2379 3751 omnem
2401 3696 2577 3750 exitus
2601 3695 2702 3748 mei
2736 3681 2999 3748 ratio'iiem
3025 3710 3122 3764 per
3147 3693 3391 3748 ordinem
3414 3707 3559 3747 nun-
3630 3731 3643 3745 .

1973 3792 2148 3847 tiavit.
2177 3788 2342 3844 Vobis
2372 3796 2549 3840 tamen
2579 3784 2769 3838 amicis
2804 3784 2938 3849 meis
2978 3800 3085 3838 non
3140 3798 3225 3839 εει
3261 3781 3558 3837 admodum

1938 3870 2209 3947 -necesse
2243 3878 2555 3935 contristari
2600 3876 2665 3931 de
2697 3891 2806 3941 me,
2844 3876 3099 3946 quoniam
3133 3876 3265 3930 mihi
3302 3874 3557 3930 morienti

1970 3974 2067 4029 Dei
2090 3970 2194 4026 mei
2224 3968 2592 4025 misericordia
2623 3967 2862 4023 obviahit
2888 3967 3028 4039 (9.8),
3070 3978 3127 4023 et
3151 3967 3386 4038 paradisi
3415 3982 3553 4034 gau-

1970 4065 2058 4120 dia
2106 4059 2533 4117 misericorditer
2584 4059 2787 4114 intrare
2840 4057 3124 4113 concedet.
3172 4054 3291 4109 Tibi
3346 4064 3551 4121 autem,

1971 4155 2125 4227 quasi
2166 4152 2454 4224 singularis
2492 4152 2681 4207 amica:
2723 4151 2995 4212 ministro,
3040 4151 3092 4203 id
3122 4148 3300 4219 operis
3332 4148 3553 4217 impono

1970 4257 2030 4302 ut
2062 4258 2113 4300 tu
2137 4260 2348 4315 quoque
2378 4258 2534 4297 mane
2561 4252 2770 4296 mature
2801 4241 2930 4295 tnihi
2956 4240 3121 4295 facias
3144 4240 3364 4317 balneas
3383 4253 3559 4299 access

1972 4347 2165 4400 lerare,
2194 4346 2249 4391 et
2279 4332 2503 4390 funerea
2537 4335 2861 4390 vestimenta
2899 4349 3018 4402 qtae
3049 4315 3258 4388 mecuui
3294 4347 3413 4385 sum
3447 4315 3566 4387 ιιι-ί

284 4412 476 4468 scissis
500 4414 727 4482 aliisque
761 4415 1068 4475 indiscreta:
1095 4420 1415 4486 quantitatis
1446 4421 1662 4477 vasibus
1695 4430 1866 4478 totum
1898 4440 1945 4497 υ
1970 4433 2149 4488 bitura
2183 4442 2506 4500 prmparare,
2534 4436 2762 4496 postque
2789 4426 3033 4495 corporis
3059 4424 3384 4480 lavationem
3418 4424 3554 4480 mis.

283 4500 432 4556 diem
489 4505 922 4574 prepinantibns.
977 4507 1129 4575 Quod
1176 4509 1303 4564 dum
1361 4511 1608 4567 mirabile
1667 4511 1870 4569 factum

286 4604 386 4664 res
418 4592 543 4663 ipse
578 4594 749 4650 relatu
789 4597 1214 4653 ministrantimn
1257 4601 1519 4667 audisset,
1568 4603 1644 4657 ait
1688 4615 1872 4661 mente

287 4680 604 4742 immutatus
658 4688 726 4743 ad
795 4703 923 4743 suos
981 4707 996 4745 :
1056 4688 1438 4755 Peccavimus,
1508 4694 1671 4750 nimis
1733 4699 1872 4754 hanc

286 4771 548 4832 famulam
589 4777 687 4835 Dei
722 4782 1094 4851 superﬂuitate
1130 4784 1491 4842 multitudinis
1530 4800 1732 4844 nostra:
1780 4807 1875 4862 ag-

276 4880 599 4937 gravantes.
646 4872 714 4928 Et
745 4889 996 4951 surgens,
1038 4875 1270 4935 salutata
1311 4888 1497 4949 nepte,
1536 4881 1685 4936 subit
1730 4883 1871 4938 viam

288 4972 463 5019 suam.

364 5046 447 5109 ll.
488 5054 665 5126 Cmpit
695 5067 872 5115 autem
898 5060 1015 5116 btet:
1041 5059 1242 5116 famula
1266 5059 1384 5129 Dei,
1418 5068 1695 5119 transacto
1726 5066 1871 5123 beati

290 5148 608 5203 certaminis
635 5163 820 5219 cursu,
849 5151 1194 5223 proximante
1210 5152 1330 5225 jam
1366 5152 1494 5220 line,
1529 5169 1597 5210 es
1631 5155 1872 5214 humano

1971 4541 2061 4581 sas
2085 4524 2381 4584 celebrare,
2421 4528 2475 4575 et
2508 4535 2632 4574 mox
2664 4530 2904 4587 tempore
2945 4516 3375 4588 participationis
3413 4515 3561 4571 sacri

1973 4616 2252 4685 sanguinis
2294 4615 2647 4687 corporisque
2696 4614 2909 4670 Domini
2959 4614 3130 4668 nostri
3179 4611 3310 4667 Jesu
3352 4609 3565 4665 Christi

1973 4708 2407 4767 communionem
2458 4708 2738 4777 accipere,
2790 4716 2852 4761 ut
2903 4705 2984 4762 sic
3038 4704 3227 4759 eodem
3286 4709 3569 4756 momento

1972 4803 2118 4857 viam
2145 4802 2412 4856 universae
2446 4800 2705 4862 nationis,
2740 4797 2969 4852 Domino
2998 4795 3249 4854 ducente,
3288 4789 3577 4854 incedam,

1974 4889 2125 4958 Quod
2163 4890 2253 4946 ille
2293 4888 2708 4954 instantissime,
2757 4899 2956 4956 parens
2995 4884 3051 4936 in
3093 4879 3349 4935 onmibus
3388 4877 3575 4939 beata;

1972 4996 2235 5039 matrona:
2264 4982 2566 5052 praeceptis,
2598 4997 2667 5035 ne
2691 4979 2934 5032 ultimam
2963 4969 3306 5044 prmvisionis
3332 4982 3445 5021 sua:
3471 4986 3594 5039 cus.

1973 5078 2227 5139 stodiam,
2257 5074 2412 5128 ttcdio
2431 5065 2929 5140 quoquetarditatis
2946 5063 3299 5123 submissum,
3321 5068 3600 5131 torpenu

1976 5183 2121 5225 cura:
2158 5165 2546 5227 committeret,
2572 5156 2907 5226 adimplevit.
2942 5155 3055 5213 Sed
3085 5165 3139 5213 et
3175 5151 3266 5211 illa
3294 5149 3437 5220 quod
3475 5156 3643 5231 sib;
