4048 5368
493 309 635 369 ιιδδ

1508 308 1877 369 BNDFERTI
1918 311 2378 372 RASIESIENSIS
2415 307 2719 368 MONACHI

3621 256 3773 349 Has

494 432 562 483 de
592 441 652 483 se
687 426 740 481 in
782 435 942 483 nocte
978 428 1080 484 hoc
1116 428 1173 483 in
1206 428 1293 484 die
1326 428 1567 484 futurum
1595 428 1739 497 (erat
1772 434 2081 498 ostensum)
2113 443 2156 501 Α
2186 435 2279 492 Dei
2307 435 2414 492 Deo
2442 434 2666 490 reddere
2699 430 2971 487 festinavit
3005 425 3220 500 (Matth.
3254 438 3390 487 xm,
3417 419 3536 490 2|).
3570 412 3788 471 Simili-

494 518 688 575 ordine
732 535 841 590 quo
888 520 1214 591 praedixerat
1276 521 1584 578 certissime
1628 524 1952 593 complevit;
2010 526 2085 582 ita

495 611 741 683 inquam,
784 621 844 667 ιιι
885 621 1003 680 post
1040 614 1220 669 missa:
1274 614 1614 686 mysterium,
1674 624 1799 685 post
1841 614 2087 673 saluber-

497 705 699 761 rimum
756 704 1112 761 Eucharistiue
1184 714 1430 775 gustum,
1490 708 1606 777 ipsa
1684 708 1892 777 pariter
1960 723 2086 765 cum

497 796 655 853 finita
696 797 859 855 missa
893 799 1061 854 vitam
1097 797 1311 855 felicem
1352 800 1405 855 in
1438 799 1669 856 Domino
1702 799 1831 857 Jesu
1868 798 2087 859 Christo

498 889 703 945 finiret.

499 978 651 1036 Tunc
672 982 932 1052 praevisor
958 998 1151 1051 ovans,
1171 986 1409 1041 animam
1431 1001 1555 1043 cum
1581 996 1728 1043 sorte
1757 988 2085 1060 propinqua,

498 1069 784 1127 C.mtmisit
817 1073 1064 1141 Domino,
1100 1076 1373 1131 tumulans
1412 1080 1516 1131 sub
1541 1078 1750 1133 honore
1779 1080 2039 1147 cadaver,

501 1163 561 1219 Et
594 1179 688 1219 sua
714 1165 808 1220 dat
832 1167 1059 1233 sanctis,
1088 1167 1228 1224 sicut
1256 1178 1414 1224 antea
1453 1169 1566 1238 ipsa
1594 1170 1810 1225 volebat

499 1252 741 1325 Corpore
770 1258 896 1310 dum
923 1258 1076 1313 visit.
1108 1259 1292 1314 Sedet
1319 1261 1523 1315 assecla
1556 1259 1693 1315 liber
1722 1260 1925 1327 abibat,

500 1346 706 1416 Uptans
746 1347 868 1412 hoc,
909 1347 1119 1403 Domini
1164 1352 1633 1418 requiescatntin
1661 1356 1931 1407 suavitate

574 1438 661 1491 12.
707 1438 805 1493 llic
844 1454 873 1492 e
902 1438 1011 1495 iam
1040 1440 1183 1496 inter
1212 1456 1368 1496 sacra
1401 1440 1701 1498 litterarum
1722 1443 1922 1510 studia,
1948 1452 2008 1498 ιιι
2034 1442 2087 1499 in

500 1530 756 1588 Omnibus
803 1542 947 1587 esset
987 1533 1230 1597 idoneas,
1273 1546 1444 1588 artem
1491 1535 1787 1599 scribenti,
1838 1550 1937 1589 nec
1983 1548 2091 1589 ncn

501 1622 859 1676 citliarizamli
896 1624 1207 1694 pariterque
1237 1626 1487 1698 pingendi
1529 1626 1777 1698 peritiam
1808 1626 2092 1698 diligenter

501 1724 602 1769 ese
626 1710 758 1775 init,
787 1724 968 1782 atque.
1012 1723 1068 1766 ut
1106 1725 1177 1769 ita
1204 1714 1403 1778 dicant,
1444 1716 1687 1771 onmium
1722 1732 1901 1770 rcrmn
1936 1727 2093 1769 uten-

503 1804 683 1858 sitiam
732 1806 853 1873 rio-il
903 1807 1176 1876 inspector
1238 1806 1455 1865 effulsit.
1504 1810 1848 1881 Quapropter
1897 1809 2093 1865 nobilis
2125 1792 2167 1851 Β

504 1896 748 1963 quedam
800 1907 1068 1955 matrona.
1112 1896 1429 1969 {Edelpyrm
1479 1912 1813 1970 nuncupata,
1855 1901 2093 1969 quodam

505 1985 836 2040 tuomcntnlo
883 1988 1094 2043 vitiavit
1139 2006 1262 2044 enm
1310 1989 1563 2046 familiari
1620 2002 1845 2062 precata
1884 1993 1951 2046 ad
1996 2005 2089 2058 se,

505 2087 769 2145 quatenus
798 2077 887 2134 ille
914 2081 980 2133 ad
1017 2082 1258 2137 divinmn
1290 2084 1495 2137 cultum
1556 2085 1852 2155 quamdam
1897 2083 2093 2140 stolam

504 2169 606 2222 sibi
639 2170 868 2225 diversis
907 2171 1261 2227 formularum
1297 2176 1374 2229 scl
1398 2178 1673 2230 o.natibus
1710 2177 1823 2247 ipse
1857 2182 2094 2248 prtupln-

504 2273 677 2330 geret,
709 2279 871 2331 quam
889 2276 1074 2332 postea
1099 2276 1283 2335 posset
1304 2282 1440 2321 auro
1462 2269 1801 2339 gemmisque
1832 2271 2095 2325 Variando

505 2369 786 2425 pOmparc.
841 2356 991 2423 Quod
1045 2374 1170 2413 cum
1230 2361 1494 2415 veniendo
1565 2360 1802 2424 fecisset.
1864 2363 2098 2432 sumpsit

506 2462 690 2503 meum
713 2464 778 2503 es
810 2467 960 2505 more
986 2452 1254 2507 citharam
1278 2469 1453 2521 suam,
1471 2470 1633 2524 quain
1661 2453 1840 2525 lingua
1868 2466 2094 2524 paterna

507 2539 731 2607 liarpam
759 2553 1038 2613 vocamus.
1079 2557 1186 2611 quo
1231 2558 1290 2599 se
1321 2545 1654 2615 temporibus
1687 2544 1913 2607 alternis
1942 2560 2096 2600 men-

511 2640 698 2698 tesipie
726 2635 794 2685 ad
826 2647 887 2688 se
919 2636 1254 2690 tendentium
1280 2636 1675 2704 jucundaretur
1704 2638 1758 2693 in
1789 2637 1900 2692 illa.
1943 2636 2099 2694 'l'unc

507 2740 706 2795 quippe
737 2728 970 2796 quadam
1017 2728 1103 2784 die
1145 2740 1264 2798 post
1292 2731 1600 2799 prandium,
1630 2731 1759 2785 dum
1804 2730 1870 2786 ad
1905 2729 2098 2786 iterata

507 2835 670 2889 opera
716 2830 824 2874 tam
867 2822 980 2890 ipse
1018 2837 1179 2890 quam
1221 2824 1478 2894 praedicta
1527 2832 1772 2877 matrona
1814 2837 1936 2878 οιιςιι
1986 2822 2099 2878 suis

507 2928 558 2979 ιιι
578 2914 908 2968 eratricibus
939 2923 1355 2977 reverterentur,
1385 2931 1452 2969 ex
1474 2925 1669 2969 eventu
1703 2915 1937 2970 mirabili
1964 2930 2097 2970 con-

510 3002 631 3071 tigit
652 3013 708 3056 ut
739 3008 852 3057 lucc
880 3007 1067 3059 eadem
1102 3007 1242 3059 beati
1276 3007 1470 3060 tironis
1500 3006 1733 3072 cithara,
1772 3008 2015 3083 pendens
2043 3007 2100 3061 in

508 3095 705 3150 cubitis
733 3096 960 3163 pariete.
994 3097 1340 3153 audiendbus
1370 3100 1581 3153 cunctis
1605 3109 1800 3167 sponte
1831 3114 1948 3161 sua,
1981 3099 2100 3156 sine

509 3192 659 3243 tactu
714 3185 1053 3258 crjusqaam,
1105 3190 1442 3259 jubilationis
1496 3191 1774 3246 modulmn
1817 3190 1925 3246 alta
1965 3206 2100 3247 voce

510 3293 849 3348 personaret.
892 3278 1062 3347 linjus
1100 3286 1246 3335 enim
1292 3281 1606 3352 antlpbona:
1648 3282 1935 3337 tnelodiam
1967 3297 2099 3338 con-

512 3373 745 3427 cinendo
771 3375 1067 3443 personuit,
1091 3385 1146 3430 et
1166 3377 1235 3429 ad
1266 3374 1428 3431 tinem
1460 3390 1630 3445 usque
1658 3376 1799 3431 serie
1825 3376 2100 3431 cantando

511 3465 763 3535 perduxit
805 3484 816 3518 :
855 3464 1106 3521 Gaudent
1146 3467 1197 3521 in
1236 3468 1389 3523 (telis
1420 3469 1615 3539 animae
1640 3478 1979 3534 sanctorum,
2004 3469 2099 3539 qui

512 3558 716 3612 Christi
741 3559 967 3630 vestigia
1000 3569 1125 3615 sunt
1150 3563 1354 3627 secuti;
1384 3571 1439 3617 et
1465 3563 1591 3631 quia
1630 3567 1729 3632 pro
1764 3560 1882 3630 ejus
1913 3577 2101 3619 amore

432 3691 441 3700 .
512 3653 829 3722 sanguinem
861 3668 1015 3707 suum
1041 3650 1317 3718 fuderunt,
1352 3654 1475 3711 iieo
1501 3669 1626 3710 cu.n
1655 3655 1875 3710 Christo
1898 3669 2100 3722 regna-

510 3743 647 3799 bant
672 3744 749 3810 .in
795 3752 1076 3801 teter-num.
1127 3745 1280 3813 Quod
1321 3761 1445 3803 cum
1485 3747 1783 3812 audissent,
1823 3747 2100 3818 perterriti

511 3846 624 3890 tant
657 3838 768 3907 ipse
793 3852 953 3906 quam
989 3839 1287 3895 memorata
1324 3842 1594 3906 matrona,
1635 3855 1940 3912 omnesque
1966 3855 2099 3911 ope-

513 3929 745 3985 ratrices
775 3930 962 4001 ipsius,
990 3932 1375 3988 obliviscentes
1399 3931 1885 4003 omninooperum'
1911 3934 1964 3987 in
1988 3948 2100 3986 ma-

512 4021 694 4087 nibus,
725 4024 942 4079 attoniti
968 4027 1336 4082 seseinvicem
1356 4026 1716 4096 aspiciebant,
1738 4026 1875 4081 satis
1901 4025 2104 4078 mirano

514 4123 597 4170 tes
642 4116 773 4185 quid
822 4118 951 4177 illud
1005 4119 1252 4178 mirabile
1295 4129 1509 4192 gestum
1558 4118 1684 4175 novi
1730 4116 2104 4190 praetiguraret

510 4209 762 4279 exempli.

522 4320 531 4327 ‘
1136 4306 1365 4364 CAPUT
1398 4305 1482 4361 Ill.

639 4422 796 4482 gestte
833 4416 927 4468 sub
970 4414 1249 4472 Edmundo
1288 4434 1426 4488 rege.
1467 4417 1690 4472 Abbatia
1726 4412 2103 4471 Clastoniensis

759 4496 1028 4555 susciptt;
1065 4489 1360 4542 da'monum
1399 4490 1605 4542 insidia:
1642 4488 1864 4542 etilatw.

588 4576 675 4631 13.
719 4577 917 4633 Deinde
942 4587 1119 4635 auten
1149 4580 1403 4636 defuncto
1433 4594 1556 4652 rege
1587 4580 1929 4635 Etlielstano
1961 4577 2096 4647 (‘29).

513 4672 568 4719 et
596 4676 739 4721 statu
772 4664 1178 4737 regni'mntato,
1210 4672 1349 4740 regis
1402 4671 1598 4725 succed
1636 4670 1766 4736 niis,
1798 4668 2100 4724 Eadmnndi

515 4760 743 4829 scilicet,
775 4778 838 4816 su
878 4761 893 4815 l
921 4761 1079 4817 mitas
1112 4763 1169 4816 Β.
1206 4760 1564 4830 Dunstanum,
1596 4766 1686 4834 (ιιιί
1747 4764 1872 4819 vita:
1900 4770 2101 4832 proba-

516 4851 641 4905 bilis
670 4864 717 4905 et
749 4851 942 4922 lingua:
967 4855 1252 4909 exstiterat
1274 4856 1520 4919 eruditae,
1556 4870 1773 4925 conspet
1795 4856 1935 4910 tibus
1985 4853 2102 4921 ejus

514 4943 708 4996 adesse
735 4943 1009 5014 praecepit.
1043 4955 1100 4999 ιιι
1130 4946 1293 4999 etiam
1320 4945 1434 5017 ipse
1466 4945 1610 5000 inter
1639 4945 1817 5015 regius
1846 4958 2104 5013 proceris

518 5043 572 5088 et
599 5038 868 5105 palatinos
920 5038 1192 5109 principes
1238 5046 1694 5095 annumeraretur
1748 5037 1971 5094 electus.
2008 5034 2103 5089 llis

518 5120 608 5176 ille
635 5126 823 5194 impn'i
846 5141 872 5181 s
896 5123 1109 5184 temere
1129 5145 1233 5184 mzn
1258 5130 1536 5194 resistens,
1566 5128 1660 5185 sed
1688 5142 1895 5183 memor
1927 5127 2105 5195 po:ius

520 5213 730 5271 Domini
760 5221 1034 5293 praitepti.
1076 5237 1196 5293 qua":
1242 5225 1385 5295 regis
1412 5234 1568 5279 erant
1598 5222 1731 5295 regi,
1766 5235 1887 5292 qua:
1924 5226 2104 5273 autem

595 5350 700 5368 lhn\
773 5350 866 5368 .1.»
917 5353 929 5368 ι
966 5364 974 5368 -
1400 5352 1419 5368 ‘_
1855 5354 1958 5368 ΛιΛ
2032 5352 2067 5368 Io

2189 538 2272 585 ter
2291 537 2495 595 autem,
2519 528 2558 581 Β
2597 519 3151 598 Jacnlii(30)apostoli
3180 516 3493 574 admonitus
3505 510 3783 581 jussione,

2187 621 2334 677 omni
2368 621 2618 675 humanm
2643 627 2907 673 creatura:
2939 613 3282 681 maximeque
3328 604 3536 678 potenti
3564 617 3627 658 se
3654 599 3789 655 sub-

2186 708 2316 765 dere
2348 724 2453 764 non
2499 708 2750 771 cessavit,
2790 706 2895 760 sive
2937 704 3043 774 regi
3080 701 3231 772 quasi
3272 692 3618 769 pra’ceilenti,
3676 689 3790 763 sies

2186 800 2406 855 ducibus
2435 812 2685 871 tanquam
2706 800 2771 852 ab
2797 813 2856 853 eo
2880 796 3071 858 missis,
3086 794 3154 847 ad
3179 792 3459 848 vindictam
3490 783 3788 849 malorum,

2188 893 2396 948 tandem
2421 908 2538 947 vero
2562 891 2835 955 bonorum,
2860 899 2964 943 etc.
2991 885 3042 957 (Ι
3062 884 3203 940 Petr.
3231 898 3295 947 ιι,
3323 879 3434 950 15).
3457 876 3579 932 Non
3604 874 3789 928 minus

2189 1000 2346 1052 vero,
2377 985 2431 1040 ni
2464 982 2635 1043 fallor,
2658 982 2714 1036 Β.
2736 980 2883 1035 Pauli
2914 977 3137 1049 apostoli
3166 973 3302 1030 infra
3330 968 3787 1031 comminiscens,

2191 1079 2282 1150 qui
2312 1079 2389 1133 ait
2442 1095 2456 1132 :
2508 1076 2692 1132 Omnis
2761 1074 2939 1128 anima
2994 1070 3331 1141 potestatibus
3384 1061 3790 1131 sublimioribus

2189 1170 2398 1227 subdita
2424 1180 2497 1225 est
2524 1183 2543 1223 :
2575 1186 2677 1224 non
2699 1178 2775 1223 est
2799 1170 2937 1222 enim
2961 1176 3207 1236 potestas,
3247 1163 3347 1215 nisi
3378 1177 3413 1213 α
3462 1158 3571 1212 Deo
3595 1171 3615 1210 :
3651 1152 3791 1218 Qua

2191 1275 2367 1319 autem
2389 1272 2533 1331 sunt,
2563 1279 2594 1314 a
2629 1261 2736 1316 Deo
2766 1260 3010 1314 ordinata
3046 1255 3406 1320 sunt;itaque
3448 1251 3542 1321 qui
3586 1247 3793 1302 resistit

2190 1353 2452 1424 potestati,
2485 1351 2581 1406 Dei
2600 1350 2923 1405 ordinationi
2950 1349 3172 1411 resistit;
3200 1348 3285 1416 qui
3306 1352 3485 1401 autem
3511 1339 3791 1401 resistunt,

2192 1445 2289 1515 ipsi
2346 1445 2445 1500 sibi
2496 1445 2889 1498 damnationem
2942 1441 3219 1502 acquirunt
3249 1436 3434 1508 (Prov.
3463 1448 3588 1495 snt,
3620 1430 3696 1499 1).
3723 1427 3792 1482 Et

2193 1540 2389 1594 iteium
2419 1555 2434 1592 :
2470 1537 2850 1606 Redditeergo,
2876 1536 3104 1596 fratres,
3147 1532 3387 1584 (mnibus
3436 1526 3658 1588 debita;
3702 1519 3793 1575 cui

2193 1632 2772 1698 tributumﬂributuat;
2800 1630 2884 1683 cui
2907 1623 3147 1697 vectigal,
3194 1619 3442 1693 vectigal;
3491 1617 3581 1671 cui
3628 1614 3793 1668 timo-

2195 1745 2326 1794 rem,
2353 1729 2623 1790 timorem;
2648 1723 2734 1778 cui
2774 1725 3047 1786 honorem,
3101 1719 3350 1772 honorem
3398 1710 3593 1783 (lbid.,
3619 1709 3709 1774 7);
3736 1715 3796 1775 et

2196 1823 2327 1879 item
2371 1820 2511 1887 ,buic
2556 1818 2733 1873 eidem
2788 1812 3036 1884 apostolo
3088 1810 3142 1866 in
3200 1810 3314 1879 ipsa
3364 1822 3478 1861 sua
3521 1801 3795 1858 elatione

2197 1911 2460 1968 Dominus
2486 1908 2740 1965 dicebat:
2778 1905 2980 1960 Durum
3003 1899 3207 1957 esttibi
3256 1908 3445 1955 contra
3500 1892 3794 1965 potestatis

2196 2019 2332 2061 mete
2358 1999 2637 2058 stimulum
2682 1997 2967 2053 calcitrare
3006 1995 3147 2065 (Act.
3172 2009 3249 2056 ts,
3293 1990 3369 2061 5).
3406 1988 3532 2044 llaec
3556 1987 3707 2042 enim
3737 1993 3795 2039 et

2197 2097 2284 2153 bis
2337 2093 2536 2151 similia
2593 2106 2875 2148 sacrarum
2932 2087 3335 2159 Scripturarmn
3406 2089 3689 2153 praecepta
3728 2076 3793 2133 Β.

2197 2190 2515 2246 Dunstauns
2534 2187 2588 2243 in
2615 2184 2737 2242 sinu
2762 2183 2944 2241 cordis
2967 2182 3048 2238 sui
3075 2180 3361 2250 diligenter
3382 2174 3701 2236 abscondit,
3725 2184 3796 2227 ne

2197 2292 2445 2355 peccaret
2471 2278 2731 2344 Domino;
2762 2278 2856 2333 sed
2893 2276 2946 2331 in
2979 2274 3353 2328 mandatorum
3383 2266 3504 2336 ejus
3552 2263 3791 2333 eloquia,

2198 2373 2555 2443 faucibusque
2609 2372 2777 2443 i[§ill3
2834 2382 2997 2436 super
3051 2363 3156 2421 mel
3205 2372 3261 2418 et
3319 2359 3504 2415 favum
3545 2356 3790 2425 dulciora

2200 2467 2374 2540 (Psal.
2404 2481 2562 2525 svnt.
2591 2462 2640 2519 i‘
2662 2462 2995 2529 ).luceruam
3022 2458 3133 2512 veri
3158 2455 3374 2510 lmuinis
3402 2451 3639 2523 pedibus
3656 2448 3791 2513 suis,

2199 2559 2396 2630 quibus
2446 2556 2563 2612 vias
2595 2554 2804 2611 Domini
2859 2550 3181 2617 ambularet,
3239 2545 3506 2615 disposuit
3552 2543 3691 2611 (Si).
3726 2541 3792 2595 Et

2199 2646 2487 2723 postquam
2516 2664 2574 2704 se
2596 2646 2869 2702 mandatis
2892 2644 2981 2699 Dei
3005 2641 3083 2697 sui
3115 2638 3390 2695 cordatius
3419 2634 3676 2690 edoctum
3708 2631 3790 2685 rel

2200 2744 2562 2800 illuminatum
2611 2734 2929 2810 agnoverat,
2973 2734 3178 2806 jnravit
3218 2745 3402 2787 secum
3453 2736 3512 2783 et.
3561 2725 3791 2780 firmiter

2202 2838 2392 2893 statuit
2435 2835 2488 2889 in
2528 2834 2774 2889 cordimn
2825 2845 3045 2885 suorum
3075 2826 3320 2886 secretis,
3356 2821 3640 2877 custodire
3687 2818 3789 2873 ﬁne

2201 2926 2574 2998 tenusjudicia
2600 2922 2826 2991 jnstitiae
2854 2936 2986 2985 sum,
3018 2927 3076 2973 ut
3123 2919 3261 2973 idem
3305 2914 3568 2969 Dominus
3596 2913 3664 2966 de
3691 2911 3791 2964 bac

2201 3018 2389 3074 eadem
2439 3015 2706 3071 sententia
2757 3014 2886 3068 alibi
2935 3011 3193 3067 dicebat:
3243 3008 3347 3073 Qui
3387 3002 3790 3076 μεταπίπτει-ει

2128 3140 2172 3202 C
2205 3102 2366 3179 usque
2394 3110 2445 3160 in
2471 3109 2650 3177 ﬁnem,
2682 3107 2765 3160 Itic
2788 3105 2963 3160 salsus
2984 3104 3078 3159 erit
3104 3100 3317 3173 (Manli.
3347 3094 3399 3160 ἰ.
3426 3098 3543 3202 22):
3585 3096 3658 3202 iit

2204 3214 2322 3254 ram
2353 3217 2365 3253 :
2400 3195 2530 3253 Esto
2577 3198 2749 3267 ﬁdelis
2784 3212 2945 3267 usque
2984 3196 3051 3250 ad
3095 3204 3310 3247 mortem
3343 3232 3357 3256 ,
3402 3203 3451 3244 et
3504 3189 3648 3243 dabo
3701 3185 3790 3240 tibi

2201 3307 2448 3345 coronam
2484 3292 2600 3345 rita:
2631 3290 2815 3360 (Apoc.
2848 3306 2908 3356 ιι,
2940 3288 3051 3359 ιθ).
3100 3286 3192 3341 Sic
3247 3300 3349 3339 na-i
3374 3297 3502 3354 que,
3544 3279 3791 3351 quamvis

2203 3384 2493 3450 laboriose,
2526 3401 2630 3439 una
2659 3400 2781 3440 cum
2813 3381 3139 3439 sublimibus
3170 3381 3222 3435 in
3273 3377 3438 3448 regali
3472 3376 3679 3447 palatio
3706 3374 3790 3428 diu

2200 3476 2453 3547 degebat,
2478 3477 2635 3532 binas
2665 3476 2903 3532 habenas
2954 3488 3111 3529 sacro
3161 3470 3533 3527 moderamine
3580 3478 3787 3529 tenens.

2202 3567 2335 3638 legis
2356 3568 2605 3624 videlicet
2629 3577 2685 3625 et
2718 3566 2994 3631 tbeoricae,
3021 3579 3122 3621 nec
3146 3581 3253 3619 non
3278 3573 3331 3616 et
3355 3561 3612 3633 practicze
3637 3560 3777 3613 vitae.

2202 3658 2459 3713 Videntcs
2484 3674 2614 3715 vero
2641 3658 2878 3714 nonnulli
2900 3657 3350 3714 cmnmorantinm
3381 3653 3613 3707 militum
3642 3653 3777 3707 banc

2201 3750 2632 3804 Conversationis
2666 3750 2778 3820 (59.)
2810 3765 2920 3804 sua:
2950 3748 3331 3809 constantiam,
3354 3753 3644 3815 cmperunt
3672 3757 3788 3798 eum

2202 3841 2362 3896 unica
2387 3840 2672 3895 charitatis
2710 3840 2994 3898 dulcedine
3041 3841 3126 3894 vel
3178 3835 3558 3910 germanitatis
3606 3846 3788 3889 amore

2203 3930 2753 4003 diiigere.Perplures
2777 3942 2954 3987 autem
2985 3931 3323 3995 cconlrario,
3340 3927 3620 3983 nebulosis
3645 3941 3787 3981 mcu-

2206 4022 2352 4075 tibns
2377 4022 2620 4089 obducti,
2652 4038 2869 4092 coepere
2898 4025 3147 4079 eumdem
3185 4021 3283 4076 Dei
3330 4022 3506 4075 virum
3557 4018 3784 4073 amariso

2205 4112 2345 4166 simo
2386 4113 2512 4168 odio
2560 4115 2820 4169 vanitatis
2875 4114 3179 4179 detestari,
3221 4121 3275 4168 ct
3336 4109 3787 4181 prosperitatibus

2205 4203 2376 4274 ipsius
2408 4216 2580 4260 morte
2610 4218 2765 4263 tenus
2791 4208 3051 4261 invidere.
3083 4206 3145 4261 lli
3193 4206 3450 4260 nimirum
3477 4213 3786 4259 exsecram-

2204 4312 2311 4359 rcs,
2343 4298 2395 4351 in
2420 4308 2767 4370 augmentum
2816 4299 3033 4353 malitia:
3089 4313 3222 4363 sum,
3253 4310 3610 4366 quoscunque
3657 4293 3786 4348 alios

2204 4400 2475 4458 poteram,
2529 4393 2595 4446 ad
2644 4393 3076 4463 persequendum
3141 4394 3305 4446 etiam
3382 4390 3647 4445 famulum
3699 4387 3784 4442 Dei

2132 4482 2599 4550 Ddeposeebant.
2635 4485 2842 4539 'l‘andiu
2895 4486 3043 4540 enim
3101 4486 3245 4540 circa
3306 4483 3458 4537 illum
3517 4488 3784 4536 torserunt

2203 4572 2503 4629 funiculum
2559 4577 2860 4645 iniquitatis
2915 4592 3125 4641 eorum,
3172 4575 3384 4644 seipsos
3435 4572 3618 4641 potius
3646 4572 3782 4624 ineo

2203 4668 2393 4720 nexui-i
2417 4683 2580 4735 quam
2622 4668 2790 4728 illum,
2819 4678 2877 4722 ut
2908 4672 3083 4739 ipsum
3132 4681 3312 4737 regem
3345 4662 3607 4719 infectum
3650 4661 3782 4714 vitiis

2205 4760 2868 4829 ipsorumattaminareut.
2894 4771 2949 4815 et
2982 4760 3262 4815 credulum
3319 4757 3555 4812 fallaciis
3602 4768 3780 4809 eorum

2204 4844 2481 4919 edicerent
2513 4869 2528 4909 :
2558 4853 2650 4925 qui
2681 4836 2959 4915 continuo,
2989 4862 3046 4907 ut
3091 4855 3240 4923 prius
3270 4850 3444 4906 fuerat
3475 4852 3547 4905 ab
3594 4848 3782 4918 iniquis

2207 4942 2503 4999 instructus
2532 4985 2547 5012 ,
2600 4961 2795 5017 magno
2845 4944 3027 5001 furore
3086 4953 3383 5014 permotus,
3425 4941 3593 5010 jussit
3632 4942 3778 5021 'etnn,

2206 5037 2386 5092 ablata
2413 5038 2701 5108 dignitate.
2725 5038 2889 5092 etiam
2921 5037 3067 5092 omni
3101 5037 3305 5091 honore
3331 5035 3574 5105 privari,
3607 5042 3660 5087 ct
3685 5032 3777 5087 sibi

2206 5127 2323 5183 seni
2360 5137 2626 5182 moratum
2652 5128 2766 5197 (53)
2788 5127 2876 5183 tibi
2913 5127 3094 5190 vellet,
3132 5128 3252 5182 sine
3297 5140 3356 5179 se
3402 5124 3627 5194 suisque
3665 5138 3780 5178 cou-

2207 5220 2447 5291 quireie.
2481 5219 2653 5274 Erant
2675 5228 2853 5274 autem
2883 5223 3023 5288 apud
3053 5218 3320 5273 Ceodriuu
3368 5215 3529 5285 (34),.
3558 5216 3648 5271 ubi
3678 5215 3777 5271 hac

2286 5354 2389 5368 l--\
2447 5353 2490 5368 ΙΙ
