4048 5368
234 265 390 324 μὅῖ
1418 283 1585 339 ‘VITA
1624 285 1868 343 SANCTI
1907 289 2276 350 DUNSTANI.
3373 306 3518 368 M58

221 380 386 440 facta
414 381 649 449 fuerant,
678 385 779 442 viri
806 389 1162 455 venerabiles,
1190 393 1337 464 regni
1362 395 1610 451 videlicet
1636 396 1830 453 Oricn-
1857 402 1901 462 Α
1931 416 2089 469 num;
2115 413 2170 460 et
2199 407 2533 475 apprehensa
2563 407 2679 478 ejus
2710 409 2956 479 dextera,
2990 429 3154 470 causa
3191 415 3518 487 placatronts

227 473 308 530 tis
337 475 673 579 (35,).nunt3i,
697 493 818 532 cum
844 495 969 550 rege
996 490 1123 537 tunc
1153 483 1487 555 hospitantes
1518 505 1530 541 :
1560 505 1698 558 quos
1719 491 1827 557 ille,
1932 508 2024 548 seu
2058 473 2527 565 etiam—dignitatis
2562 500 2836 557 osculatus
2876 512 2959 558 est
2997 503 3164 570 illum,
3191 473 3517 579 .ducensque'

221 567 395 636 quasi
443 565 556 636 jam
610 569 804 624 exsilio
852 571 1179 640 deputatus,
1240 576 1384 632 alittd
1431 579 1532 634 sibi
1579 581 1830 650 ignorans
1932 584 1998 638 ad
2042 586 2432 641 sacerdotalem
2475 590 2810 658 cathedram,
2849 603 2905 648 et
2944 595 3225 665 imponens
3271 565 3516 656 illum-iu

221 657 525 758 consilium
561 673 851 728 aggressus
887 672 988 723 est,
1024 664 1074 718 id
1103 679 1269 720 orans
1298 684 1365 721 ne
1413 685 1470 723 se
1516 671 1760 743 relictum
1800 689 1830 727 a
1932 691 2073 740 eam,
2103 678 2239 732 dixit
2273 693 2286 731 :
2317 680 2445 734 Esto
2475 682 2619 735 sedis
2649 683 2803 737 istius
2827 686 3077 757 princeps
3108 690 3402 760 potensque
3437 693 3520 745 in-

222 761 369 817 rege
393 747 491 814 ipsi
525 749 860 813 desererent,
887 753 981 806 sed
1014 770 1196 808 secum
1227 758 1292 808 ad
1321 773 1366 827 p:
1394 758 1549 812 triam
1582 763 1832 830 quamvis
1933 785 2131 833 sessor,
2166 780 2220 824 et
2254 775 2821 840 praesentislicclesire
2853 777 3197 835 fidelissimus
3231 772 3520 849 abbas;‘et

221 840 298 890 ad
337 838 629 940 incolrtum
683 842 1063 908 perducerent.
1120 847 1189 900 At
1241 847 1314 901 illi
1363 851 1634 905 mmstitite
1667 854 1832 923 ipsius
1933 864 2192 932 quidquid
2238 838 2330 918 tibi
2369 867 2434 919 ad
2476 867 2642 920 divini
2695 869 2868 923 cultus
2913 873 3258 940 augmeutr'un
3305 875 3386 926 vel
3414 838 3514 930 'ad

221 929 661 1031 (ἴο-ιἸκιιῘξεηιΡξι
717 935 1122 1002 SI’Of’lt'ldCI'm-l
1176 938 1224 991 ei
1279 955 1504 1011 qtttrqtte
1547 944 1699 1014 regni
1745 946 1830 1000 sui
1932 969 2102 1009 sacrae
2145 956 2340 1024 regulae
2379 959 2812 1027 supplementum
2853 961 2918 1014 de
2960 964 3177 1031 prppria
3218 965 3518 1020 adruiniru-

220 1022 548 1088 cmmoda,
575 1023 618 1076 si
649 1037 831 1078 secum
861 1029 1218 1083 comitaturus
1253 1032 1445 1086 adiret.

1942 1048 2132 1103 latione
2183 1049 2441 1115 defuerit,
2495 1068 2594 1122 ego
2647 1054 2776 1108 illtrd
2828 1059 2974 1126 regia
3030 1056 3280 1129 largitate
3325 1059 3519 1116 devote

309 1114 403 1166 Η.
447 1115 556 1167 Ibat
585 1115 768 1185 itaque
803 1133 894 1173 rex
947 1136 1064 1173 mox
1100 1123 1266 1174 altera
1305 1125 1428 1188 die,
1463 1142 1570 1196 quo
1621 1144 1680 1183 se
1727 1146 1831 1185 una
1932 1144 2213 1212 ευνριριιο,
2432 1114 2435 1115 ν
2529 1114 2556 1122 ⁷
2891 1114 2918 1126 ν
3114 1114 3142 1129 ’⁸
3221 1191 3228 1197 1
3363 1153 3365 1155 .

223 1217 365 1260 c-rm
416 1206 529 1259 suis
589 1223 739 1260 more
790 1209 950 1264 soiit'r
999 1211 1389 1280 iucuudarctur
1437 1220 1700 1274 venabulo
1736 1239 1748 1274 :
1779 1232 1832 1279 et

226 1297 370 1350 dum
403 1298 468 1351 ad
497 1299 661 1352 silvas
687 1303 930 1355 venaturi
982 1306 1324 1371 perveniunt,
1377 1311 1620 1367 diversos
1670 1315 1832 1371 calles

227 1400 266 1440 n
294 1403 656 1443 -rr'u:rosorum
688 1391 847 1446 transi
878 1409 962 1443 um
991 1396 1240 1450 certatim
1290 1400 1579 1470 arripiunt.
1613 1403 1676 1457 Et
1705 1421 1833 1461 ecce

225 1491 302 1533 ex
360 1479 680 1532 multimodo
727 1483 1181 1539 corniculantium
1236 1493 1464 1561 stripitu
1529 1511 1833 1568 earrunrque

229 1567 468 1630 latratu,
503 1569 654 1622 multi
700 1585 984 1624 cervorum
1019 1572 1190 1630 levem
1230 1577 1409 1647 fugam
1468 1567 1833 1639 itricruntziex

228 1657 444 1725 quibus
469 1675 558 1712 rex
585 1660 731 1715 solus
755 1678 876 1715 cum
907 1679 1099 1718 cauum
1129 1679 1347 1722 caterva
1399 1688 1562 1727 unum
1610 1676 1712 1743 sibi
1747 1693 1835 1733 ve-

230 1759 468 1804 r-atrrrue
489 1752 702 1820 excepit
729 1769 740 1804 :
767 1764 819 1807 et
847 1755 992 1809 hunc
1014 1757 1100 1810 ditt
1119 1761 1438 1827 perdiversa
1465 1765 1618 1820 devia
1637 1770 1833 1837 equina

230 1851 264 1892 ιι
285 1840 487 1902 ;ilitrte
510 1857 815 1912 earumque
841 1845 1200 1902 insectatione
1227 1850 1494 1920 fatigavit.
1526 1857 1616 1910 Est
1650 1870 1832 1914 autem

232 1928 314 1982 ibi
369 1931 423 1983 in
459 1934 722 2000 proximis
769 1934 902 1991 locis
947 1937 1088 1993 Ceod
1115 1941 1199 2006 iis,
1239 1946 1504 2011 quoddam
1547 1948 1687 2005 inter
1729 1951 1833 2005 alia

230 2019 400 2088 plura
429 2023 639 2090 praecisi
673 2027 868 2081 montis
907 2031 1286 2097 prteeipitium,
1335 2036 1470 2090 mira
1517 2041 1734 2106 quidem
1780 2053 1836 2098 et

232 2107 510 2165 inmensa
536 2113 900 2181 profunditate
932 2121 1195 2176 devexum
1225 2136 1238 2176 :
1266 2126 1332 2178 ad
1361 2128 1501 2195 quod
1530 2129 1668 2184 idem
1718 2149 1838 2188 cer-

234 2217 363 2270 vus,
411 2209 594 2263 nescio
618 2224 725 2276 quo
755 2221 931 2279 pacto,
969 2215 1069 2267 nisi
1116 2230 1180 2269 ex
1229 2218 1318 2271 Dei
1349 2229 1404 2274 et
1432 2222 1644 2277 occrrlto
1691 2224 1838 2278 arbi-

237 2307 376 2355 tro.
406 2296 658 2368 fugiendo
679 2301 926 2371 deterit;
958 2315 1013 2360 ct
1045 2324 1285 2379 prtcceps
1341 2313 1539 2367 sesein
1567 2317 1669 2368 ima
1694 2317 1839 2386 ejus-

239 2387 372 2442 dem
404 2397 696 2463 prtecepirii
738 2412 839 2449 una
893 2414 1014 2452 cum
1071 2402 1298 2458 canibus
1346 2406 1697 2473 sequentibus
1741 2409 1834 2463 de-

241 2487 466 2548 mersit,
506 2495 560 2539 ct
617 2489 981 2556 pt-rtfeulatim
1043 2495 1212 2548 attriti
1275 2497 1324 2548 itr
1375 2509 1602 2553 mortem
1636 2501 1839 2569 pa:iter

241 2587 595 2631 corruerunt.
622 2579 886 2635 Similiter
909 2593 1088 2638 aulerrr
1119 2595 1173 2640 et
1221 2603 1312 2642 rex
1357 2604 1501 2658 sequ.
1526 2607 1588 2644 ns
1618 2606 1838 2648 cervum

244 2675 301 2717 et
325 2681 514 2729 canes,
544 2685 664 2723 cum
705 2687 756 2724 nr
780 2688 902 2742 -gr:o
928 2675 1158 2730 volantis
1182 2681 1304 2748 equi
1339 2680 1539 2750 impetu
1573 2683 1740 2750 venit,
1783 2694 1839 2739 et

246 2761 440 2814 statim
487 2762 601 2818 viso
656 2768 959 2834 prtecil-iio
1020 2786 1236 2824 cursuzu
1292 2774 1453 2827 aeeelr
1477 2778 1648 2832 rantis
1691 2779 1838 2847 equi,

248 2861 517 2920 quantum
547 2856 735 2924 quibat
762 2859 988 2925 viribus,
1020 2863 1257 2916 retinere
1303 2875 1529 2921 conatus
1574 2878 1674 2923 est.
1732 2869 1840 2924 Sed

245 2956 284 3014 (ι
325 2945 512 2998 cuiam
552 2946 671 3000 colli
704 2953 1041 3006 contumacis
1099 2964 1150 3007 et
1195 2956 1378 3025 rigidae
1423 2959 1653 3014 cervicis
1700 2971 1838 3027 erat,

249 3048 357 3088 non
392 3039 588 3106 potuit.
614 3038 751 3106 Quid
780 3042 984 3098 multa?
1019 3044 1176 3100 Omni
1203 3063 1296 3117 Spe
1333 3051 1453 3104 vita:
1502 3068 1612 3107 sum
1640 3054 1838 3122 ablata,

251 3125 309 3191 in
369 3144 564 3186 manus
614 3131 708 3187 Dei
758 3134 840 3189 sui
897 3138 1134 3194 animam
1192 3145 1611 3213 commendavit,
1660 3148 1844 3205 ditens

252 3226 441 3286 tamen
477 3223 619 3278 intra
644 3241 702 3281 se
735 3245 747 3280 :
781 3225 997 3284 Gratias
1050 3232 1142 3285 tibi
1172 3247 1302 3300 ago,
1358 3235 1654 3302 AltiSsime,
1702 3239 1845 3308 quod

254 3326 346 3367 me
399 3329 506 3367 non
551 3316 767 3370 memini
824 3317 1058 3388 aliquem
1108 3323 1191 3377 bis
1247 3324 1436 3380 diebus
1476 3327 1703 3393 lmsisse,
1741 3329 1844 3385 nisi

252 3403 433 3466 solum
461 3405 791 3463 Duustanuru
823 3428 835 3464 :
870 3422 924 3468 et
955 3414 1055 3467 lzoc
1081 3427 1327 3486 prompta
1360 3417 1636 3475 voluntate
1657 3429 1711 3475 ct
1738 3421 1845 3474 vita

253 3503 474 3553 servata
517 3499 892 3554 reconciliatus
929 3503 1028 3557 sibi
1055 3506 1378 3562 etucnzlabo.
1440 3507 1521 3562 Ad
1571 3509 1713 3577 quod
1770 3511 1850 3566 di-

254 3595 429 3651 ctum,
479 3589 622 3644 beati
682 3592 783 3646 viri
823 3595 1054 3663 meritis,
1103 3598 1298 3652 restit't
1330 3614 1501 3668 equus
1549 3601 1714 3671 (quod
1733 3601 1846 3669 jam

255 3676 461 3739 horreo
482 3680 686 3754 dicere)
720 3683 772 3737 in
798 3683 988 3739 ultimo
1007 3687 1292 3758 prtee'p'tii
1316 3689 1541 3758 cespite,
1571 3690 1658 3744 ubi
1684 3693 1850 3760 pedes

255 3772 620 3842 prIOr-rsequi
681 3776 847 3843 ipsius
896 3793 1032 3846 pene
1061 3778 1276 3834 fuerant
1329 3781 1382 3835 in
1437 3781 1542 3834 iura
1572 3784 1849 3854 voraginis

256 3866 480 3933 ruituri.
509 3866 658 3922 Tunc
682 3868 772 3923 ille
803 3870 966 3924 corde
997 3872 1202 3939 pariter
1225 3880 1279 3927 ct
1312 3888 1406 3928 ore
1449 3874 1716 3928 maximas
1742 3877 1849 3931 Deo

257 3973 356 4026 pro
379 3961 506 4014 vine
528 3976 637 4015 stre
661 3962 1001 4016 restitutione
1028 3965 1167 4034 grati
1189 3981 1232 4017 ts
1264 3964 1538 4020 referebat
1563 3975 1619 4020 et
1642 3967 1848 4034 laudes,

262 4064 449 4107 secum
477 4054 632 4123 plane
665 4055 986 4126 intelligens,
1021 4069 1075 4110 et
1112 4058 1306 4126 saepius
1355 4058 1408 4111 in
1449 4059 1691 4112 cordium
1722 4075 1850 4115 suo-

262 4158 384 4212 rum
415 4160 566 4201 scere
593 4146 1101 4218 isrecompensans,
1141 4164 1200 4203 se
1246 4164 1364 4204 esse
1421 4166 1520 4220 pro
1570 4153 1704 4206 tanti
1749 4153 1852 4208 viri

262 4237 501 4293 vindicta
536 4239 773 4294 lini.irna:
803 4243 958 4298 u:0rti
982 4240 1152 4296 ferme
1170 4245 1518 4312 deputatum;
1549 4252 1599 4298 et
1631 4246 1853 4301 veniens

265 4327 506 4393 domum,
531 4330 696 4400 jussit
740 4332 838 4388 sibi
878 4349 1107 4404 pr0perc
1148 4333 1208 4387 Β.
1259 4334 1601 4389 Dunstanum
1631 4352 1851 4405 magna

265 4436 388 4476 cum
418 4423 762 4479 festinatione
787 4427 1061 4480 advocari.
1094 4425 1194 4492 Qui
1223 4443 1344 4482 cum
1397 4437 1621 4483 vomitus
1671 4431 1852 4486 venis-

268 4525 369 4580 set,
391 4517 464 4571 ait
490 4517 556 4570 ad
586 4533 708 4571 eum
749 4533 882 4580 rex:
914 4518 1130 4572 Festina
1175 4521 1498 4589 quantocius
1548 4537 1854 4592 prcharare

271 4607 364 4662 tibi
397 4609 685 4672 calzafluru,
714 4619 771 4663 ut
798 4612 971 4679 possis
1001 4627 1211 4666 mecum
1257 4628 1426 4681 parvo
1457 4615 1717 4669 comitatu
1748 4633 1854 4686 quo

272 4689 444 4753 iturus
481 4716 596 4754 sunt
630 4703 728 4753 ire.
759 4701 825 4755 Et
874 4702 1156 4769 continuo,
1203 4703 1446 4758 ascensis
1497 4706 1676 4773 equis,
1712 4710 1854 4764 viam

270 4803 388 4860 qua:
413 4793 561 4846 ducit
605 4792 937 4848 Glastoniam
984 4803 1131 4850 recto
1179 4797 1396 4850 tramite
1447 4805 1772 4868 terruerunt;
1800 4811 1857 4857 et

272 4893 393 4936 cum
439 4883 567 4940 illuc
616 4887 812 4939 ducatu
863 4899 1232 4957 pervenerunt
1260 4927 1276 4954 ,
1317 4887 1576 4943 ecclesias
1632 4891 1768 4959 Dei,
1798 4903 1858 4948 ut.

272 4978 527 5043 oportuit,
564 4978 771 5032 oraturi
809 4979 1174 5034 intraverunt.
1233 4981 1298 5034 Et
1346 4980 1552 5047 statim,
1602 4987 1858 5053 precibus

273 5065 502 5137 impletis
555 5069 820 5139 tersisque
880 5069 1067 5127 ocellis
1111 5087 1143 5126 e
1198 5074 1564 5142 lacrymarum
1642 5079 1855 5143 rivulis,

274 5171 366 5214 rex
415 5163 610 5218 iterato
662 5172 950 5218 vocaverat
992 5162 1059 5216 ad
1105 5178 1164 5220 se
1201 5164 1466 5220 famulum
1499 5167 1590 5222 Dei
1624 5168 1856 5229 Dunsta-

276 5341 292 5368 1
339 5277 448 5362 (διξ)
490 5274 761 5359 Orientale
791 5293 1008 5349 regnum
1031 5275 1599 5348 ἱῐιιαινιιαλῗερςετὶαηι,
1624 5290 1862 5343 οι-ῑρηια-

2006 1235 2092 1287 15.
2133 1236 2298 1306 Igitur
2327 1246 2443 1305 post
2494 1237 2608 1292 lucc
2652 1255 2840 1293 servus
2897 1241 2988 1295 Dei
3041 1242 3352 1297 Dunstanus
3404 1244 3516 1312 jatn

1934 1326 2132 1380 dictam
2163 1327 2478 1395 dignitatem
2505 1327 2658 1395 jussu
2706 1333 2846 1399 regis
2875 1332 3089 1402 regendi
3121 1335 3291 1402 gratia
3337 1349 3520 1387 susce-

1935 1417 2013 1486 pit
2040 1435 2052 1471 :
2079 1426 2131 1471 et
2163 1418 2264 1471 hoc
2315 1419 2572 1487 praulicto
2623 1421 2787 1473 modo
2823 1421 3232 1477 saluberrimam
3265 1424 3321 1478 S.
3353 1425 3523 1477 liene-

1935 1509 2060 1562 dicti
2112 1525 2344 1579 sequens
2392 1511 2811 1574 institutionem,
2838 1513 3043 1580 prirrrrrs
3069 1516 3233 1568 abbas
3264 1515 3385 1583 ('56)
3412 1515 3518 1568 Att-

1937 1597 2088 1666 glicm
2114 1599 2347 1652 nationis
2369 1601 2562 1654 enituit
2592 1618 2605 1652 ε
2636 1590 2824 1669 sicque
2845 1612 3203 1672 spontaneum
3231 1619 3296 1657 cx
3322 1603 3520 1657 affectu

1938 1689 2117 1742 cordis
2135 1689 2452 1743 famulatum
2484 1691 2590 1745 Deo
2605 1694 2828 1747 reddere
2851 1694 3166 1749 devovebat.
3195 1695 3345 1748 'l‘nnc
3367 1710 3519 1764 ergo,

1939 1783 2276 1850 perprudens
2290 1783 2479 1852 opilio,
2509 1784 2740 1852 primum
2763 1795 2912 1854 septa
2943 1787 3305 1840 claustrorum
3331 1801 3520 1841 morta-

1938 1873 2088 1926 sticis
2136 1872 2378 1926 aedificiis
2413 1874 2732 1944 exterisque
2765 1875 3255 1942 imrrrttuitionibus,
3306 1887 3361 1930 ut
3406 1875 3520 1943 jam

1937 1966 2066 2020 olim
2092 1981 2120 2018 a
2149 1967 2379 2034 quodam
2403 1982 2531 2022 sene
2563 1969 2663 2022 sibi
2689 1968 3002 2022 denOtaturu
3028 1984 3122 2037 per
3137 1969 3520 2023 revelationem

1938 2057 2136 2118 fuerat.
2169 2073 2235 2112 ex
2292 2060 2437 2112 omni
2471 2069 2624 2128 parte
2680 2060 2907 2114 firmiter
2963 2062 3222 2125 munivit;
3274 2061 3362 2114 ubi
3396 2075 3528 2116 oves

1939 2147 2271 2210 Dominicas,
2315 2148 2471 2218 longe
2522 2149 2738 2218 lateque
2765 2151 3026 2221 gregatim
3072 2151 3344 2214 collectas,
3378 2166 3446 2205 ne
3493 2147 3525 2205 a

1939 2239 2062 2310 lupo
2117 2241 2368 2296 invisibili
2422 2241 2858 2308 dilaniaretttur,
2914 2243 3233 2297 includeret.
3301 2243 3526 2307 Deinde,

1940 2335 2080 2388 idem
2120 2333 2214 2388 Dei
2267 2337 2658 2405 dogmatizator
2681 2347 3025 2405 aggregattrm
3057 2334 3362 2390 curuobiunr
3391 2334 3527 2388 sibi-

1941 2441 2047 2494 que
2075 2428 2420 2481 commisstrrn
2447 2428 2611 2481 divini
2639 2428 2783 2481 verbi
2817 2428 2984 2498 cmpit
3029 2427 3267 2480 fomento
3295 2426 3526 2489 nutrire,

1940 2527 1994 2571 et
2025 2518 2171 2571 fonte
2217 2519 2472 2587 superno,
2503 2534 2670 2573 sacrm
2716 2520 2922 2573 Scilicet
2952 2519 3244 2586 Scriptura:
3274 2516 3526 2571 mellifluo

1941 2606 2268 2660 documento
2293 2617 2499 2676 potare,
2525 2609 2724 2661 docens
2762 2622 2856 2674 per
2905 2617 3162 2676 augustas
3197 2604 3357 2671 ltujns
3400 2605 3526 2658 vita:

1941 2699 2162 2753 semitas
2189 2700 2254 2753 ad
2276 2709 2508 2754 attentas
2531 2700 2751 2754 delicias
2774 2701 3053 2770 epularum
3083 2698 3382 2754 cmlestium
3405 2712 3526 2752 esse

1945 2793 2353 2845 transeundum.
2381 2791 2534 2846 Patet
2557 2808 2788 2861 namque
2818 2793 3070 2845 omnibus
3118 2805 3253 2860 pene
3295 2791 3530 2844 circum-

1942 2897 2155 2951 quaque
2223 2882 2488 2946 fidelibus,
2534 2883 2696 2950 qnod,
2733 2892 2851 2950 post
2915 2897 3210 2951 paucorum
3260 2893 3526 2933 annorum

1945 2974 2390 3041 intercapedines,
2424 2973 2672 3043 discipuli
2699 2988 2837 3042 quos
2884 2973 2997 3042 ipse
3029 2982 3244 3027 teneros
3291 2972 3341 3025 in
3381 2985 3525 3024 vera:

1870 3093 1914 3154 ο
1949 3065 2070 3119 fidei
2095 3065 2560 3128 vitcm,(jlrristum
2580 3064 2831 3119 videlicet
2850 3074 2903 3118 et
2927 3065 3233 3126 Dominum,
3252 3060 3530 3154 suadendo

1946 3159 2272 3225 inseruerat,
2319 3158 2548 3212 ubertim
2597 3159 2934 3222 crcsrebaut,
2989 3153 3044 3210 et
3116 3156 3346 3210 fructum
3402 3153 3533 3208 boni

1945 3252 2126 3320 operis
2154 3251 2424 3322 morigera
2472 3260 2760 3305 venustate
2802 3251 3066 3304 ferebant.
3103 3244 3362 3317 Quodque
3411 3255 3534 3316 post

1948 3342 2062 3398 lnec
2090 3342 2306 3412 plurimi
2332 3342 2570 3396 Ecclesia
2583 3358 2697 3395 rum
2728 3337 2990 3412 pastores,
3014 3335 3362 3396 documentis
3388 3337 3533 3390 illius

1947 3441 2000 3488 et
2026 3433 2286 3503 exemplis
2333 3433 2604 3498 instructi,
2655 3434 2721 3488 ad
2764 3431 3141 3502 diversas’xjam
3170 3431 3421 3486 civitates
3449 3427 3535 3483 vel

1947 3525 2015 3578 ad
2047 3525 2148 3578 alia
2178 3534 2485 3580 sanctorum
2509 3524 2623 3577 loca
2654 3525 2997 3592 petebantur,
3046 3522 3205 3576 electi
3246 3530 3303 3574 ut
3349 3526 3536 3574 eSsent

1949 3616 2078 3670 inibi
2107 3615 2247 3668 sacri
2277 3615 2554 3684 regiminis
2593 3624 2645 3668 et
2682 3629 2885 3667 uorrnte
2927 3610 3155 3680 iustitia:
3211 3611 3530 3675 imbutores,

1948 3706 2222 3775 praepositi
2255 3705 2529 3768 videlicet,
2566 3705 2777 3770 decarri,
2815 3703 3059 3767 abbates,
3110 3701 3346 3770 episcopi
3395 3700 3530 3771 (57),

1951 3797 2110 3850 etiam
2149 3794 2563 3863 archiepiscopi,
2599 3793 2810 3848 caeteris
2851 3807 2916 3848 ex
2961 3793 3245 3847 ordinibus
3271 3801 3538 3859 prteStan-

1954 3886 2165 3943 tissimi.
2227 3885 2547 3956 Quicunque
2606 3896 2788 3940 autem
2848 3886 2914 3939 de
2969 3883 3295 3954 discipulatu
3362 3883 3534 3951 ipsius

1951 3980 2140 4034 iisdem
2166 3980 2499 4050 temporibus
2524 3980 2800 4048 corporeis
2833 3979 3060 4033 nexibus
3089 3977 3194 4032 fine
3220 3988 3376 4030 tenus
3396 3989 3532 4034 .eno-

1951 4071 2082 4134 dati,
2130 4082 2314 4126 necem
2362 4070 2645 4125 srrbieruut
2695 4070 3084 4134 inevitabilem,
3131 4067 3239 4122 alia
3285 4067 3534 4137 polorum

1953 4163 2142 4232 gaudia
2167 4162 2351 4232 procul
2379 4161 2539 4215 dubio
2571 4160 2860 4230 petierunt.
3157 4158 3159 4160 ’

2026 4256 2112 4308 lli.
2159 4255 2403 4324 Cumque
2451 4261 2708 4307 veterrurs
2753 4252 2958 4306 iuvisor
3002 4260 3184 4306 mente
3231 4247 3535 4321 perspicaci

1955 4348 2274 4416 cornperiret
2313 4345 2456 4416 quod
2489 4347 2680 4399 beatus
2711 4343 2888 4406 Pater,
2917 4343 3169 4412 equidem
3202 4342 3536 4405 Dunstanus,

1882 4435 1930 4493 D
1957 4451 2134 4494 tantas
2163 4440 2262 4495 sibi
2297 4449 2501 4492 turmas
2529 4439 2830 4508 diripiendo
2853 4431 2882 4490 ε
2913 4428 3166 4490 manibus
3190 4430 3538 4494 extorsisset,

1952 4533 2236 4588 fraudibus
2265 4532 2677 4601 quibuseuuquc
2715 4530 2886 4584 valrrit
2911 4527 3190 4583 adversari
3233 4525 3356 4588 sibi,
3395 4523 3539 4578 sicut

1951 4627 2063 4697 jam
2093 4627 2341 4696 superius
2368 4626 2512 4694 loqui
2536 4626 2821 4695 coopimus,
2847 4624 3036 4678 diebus
3062 4638 3126 4678 ac
3151 4619 3400 4676 noctibus
3430 4630 3547 4706 non

1957 4720 2209 4773 cessavit.
2245 4718 2378 4772 Nam
2412 4717 2644 4786 quadam
2674 4725 2854 4781 nocte,
2878 4717 3004 4768 drrrn
3040 4713 3242 4767 athleta
3270 4707 3362 4761 Dei
3398 4703 3542 4759 infra

1958 4819 2109 4878 septa
2149 4810 2505 4864 claustrorqu
2562 4807 2877 4878 psalmodiis
2925 4795 3236 4873 vigiliisque
3283 4804 3544 4851 constans

1959 4904 2360 4970 immoraretur,
2393 4902 2644 4970 apparuit
2672 4899 2720 4953 ei
2752 4897 2843 4951 Dei
2875 4903 2930 4948 et
2956 4894 3236 4946 hominum
3264 4884 3547 4951 inimicus.

1959 4995 2204 5066 hispidus
2246 5004 2300 5048 et
2346 4997 2582 5050 horrens
2621 4994 2673 5044 in
2719 4988 2902 5042 ursina
2951 4987 3153 5068 specie,
3187 4978 3374 5068 volens
3417 4989 3572 5074 eun-15

1959 5087 2358 5158 quodammodo
2397 5096 2550 5140 torva
2589 5079 2972 5148 imaginatione
3012 5082 3347 5165 perterrere,
3378 5074 3446 5165 ‘et
3483 5069 3587 5165 ab"

1959 5155 2121 5251 opere
2143 5179 2276 5234 satis
2298 5178 2400 5233 sibi
2427 5171 2704 5229 contrario
2725 5167 3035 5224 dolositatis
3051 5157 3318 5226 industria
3346 5155 3578 5225 aliqua-

1958 5311 2081 5368 pag.
2113 5294 2166 5348 8.
2191 5285 2571 5368 archiepiscopi
2600 5292 2654 5337 et
2677 5282 2910 5368 episcopi
2938 5295 2970 5362 ᾳ
3013 5269 3584 5368 ςοηῖοῃ-ιιὶηὲιῗὲξῗῖ

3221 5363 3241 5368 _
3274 5352 3587 5368 annsnnlnn—
