4048 5368
563 278 705 351 1439

1583 286 1956 345 Βιιιῡιηῑιιτι
1994 286 2453 353 RAMESIENSIS
2490 297 2797 357 MONACHI

3680 307 3807 363 tuo

560 423 720 468 tenus
748 383 1063 465 dissociare.
1104 402 1211 459 Sed
1246 417 1385 494 cum,
1417 405 1662 475 agonisla
1708 405 1800 460 Dei
1832 415 2133 460 monstrum
2162 406 2210 467 Δ
2239 404 2453 480 sumpto
2478 414 2793 484 psalmodio,
2821 416 2909 473 ille
2932 420 3219 478 nebulosus
3251 420 3438 479 illusor
3459 424 3682 494 agnitus
3707 436 3805 493 est,

559 500 666 557 hoc
690 495 966 554 ini‘micale
992 494 1223 566 spiritali
1250 493 1421 566 magis
1445 509 1608 563 quam
1637 495 1907 566 corporali
1940 496 2135 551 intuitu
2168 514 2171 519 ί

558 587 943 663 perspexisset,
974 600 1041 641 eo
1066 585 1310 641 securior
1335 584 1564 655 inceptis
1594 584 1686 640 Dei
1712 584 1962 642 laudibus
1984 586 2137 642 velut

559 678 645 737 vir
669 678 901 734 invictus
928 676 1260 748 perduravit.
1300 675 1496 732 Postea
1526 687 1707 732 autem
1746 693 1917 748 parvo
1960 679 2135 733 inter-

558 770 726 828 misso
755 777 1028 825 momento
1062 768 1233 825 adfuit
1263 767 1340 824 illi
1366 768 1582 834 iterum,
1613 785 1720 824 non
1748 769 1802 824 in
1833 770 2030 838 prioris
2054 769 2134 825 lu-

559 861 728 918 sionis
752 860 944 932 effigie,
974 860 1069 916 sed
1106 860 1159 915 in
1196 860 1390 916 canina
1420 862 1554 916 satis
1578 860 1683 917 sibi
1712 860 1980 930 condigna
2010 876 2132 931 spe-

557 954 660 1020 cie,
685 964 886 1010 utsunt
911 953 1128 1011 fraudes
1150 954 1322 1025 ipsius
1342 955 1397 1009 in
1417 955 1669 1010 omnibus
1686 954 1970 1023 improba);
1995 970 2134 1025 qua-

557 1053 715 1103 tenus
763 1046 908 1101 hunc
961 1046 1216 1101 simulata
1276 1061 1473 1102 canum
1526 1046 1733 1100 stevitia
1788 1046 2131 1111 impediendo

556 1137 854 1206 deluderet,
893 1147 947 1194 et
975 1140 1043 1194 ab
1081 1139 1342 1194 orationis
1386 1139 1590 1205 studio,
1631 1139 1676 1193 si
1725 1152 1833 1210 quo
1862 1140 2128 1211 potuisset

554 1228 790 1299 ingenio.
815 1237 1198 1300 sequestraret.
1232 1228 1602 1298 Nequidquam
1634 1237 1812 1284 tamen
1848 1239 2006 1285 tenax
2041 1229 2128 1285 ille

554 1326 793 1375 tentatur
818 1320 871 1375 in
902 1318 1162 1375 famulum
1184 1318 1276 1375 Dei
1301 1318 1550 1374 nefandis
1574 1321 1824 1376 versutia:
1848 1335 1958 1376 sua:
1985 1320 2129 1375 frau-

553 1408 712 1465 dibus
743 1409 1005 1467 insaniit:
1044 1424 1204 1478 quem
1241 1408 1476 1477 undique
1515 1409 1683 1465 armis
1721 1409 1843 1465 fidei
1879 1407 2125 1466 fulcitum

552 1498 720 1557 fuisse
775 1501 1186 1571 comprobavit;
1236 1499 1464 1570 ideoque
1510 1514 1578 1555 ex
1630 1502 1819 1558 eodem
1867 1504 2126 1573 praedicto

550 1601 752 1649 saneta!
774 1593 955 1648 crucis
979 1592 1203 1661 spiculo,
1228 1594 1368 1663 quod
1392 1606 1605 1663 semper
1628 1609 1812 1649 secum
1836 1596 1986 1650 chira
2011 1596 2123 1666 (58)

550 1683 773 1740 dextera
790 1684 1146 1750 convrbebat,
1169 1698 1520 1754 repercussus
1537 1686 1868 1743 annibilatus
1889 1694 1992 1742 est.
2016 1688 2122 1743 Sed

548 1780 606 1833 et
639 1773 754 1842 ipse
795 1773 1141 1829 nihilominus
1184 1741 1247 1829 in.
1277 1773 1486 1828 laudem
1531 1774 1735 1832 Christi
1777 1777 1882 1839 sui,
1927 1777 2121 1848 spretis
2148 1741 2198 1804 Β

548 1863 845 1925 adversarii
871 1865 1237 1933 tentamcntis,
1268 1866 1521 1922 manebat
1552 1867 1871 1937 intrepidus.
1903 1869 2124 1928 Addidit

547 1971 762 2029 quoque
787 1958 928 2014 idem
965 1958 1202 2029 perfidus
1231 1960 1393 2015 draco
1424 1975 1575 2015 more
1595 1962 1816 2031 vipereo
1846 1961 2007 2018 tertio
2038 1978 2126 2018 re-

545 2062 787 2118 Icrpeze,
824 2048 1058 2121 probans
1078 2050 1122 2105 si
1158 2049 1294 2105 forte
1314 2050 1490 2106 adlmc
1518 2050 1694 2105 virum
1721 2051 1816 2105 Dei
1848 2051 2124 2107 remissio-

546 2143 625 2200 ris
656 2144 820 2198 animi
852 2146 919 2198 ad
938 2143 1264 2200 vincendum
1293 2143 1585 2200 invenisset
1611 2161 1625 2198 :
1657 2154 1712 2199 et
1744 2154 1873 2199 tunc
1901 2144 2120 2214 quidem

543 2250 612 2292 ex
636 2235 876 2303 improba
900 2236 1081 2290 cordis
1104 2236 1494 2305 compositione
1519 2250 1639 2290 sese
1661 2236 1891 2290 mutavit
1914 2236 1971 2290 in
2004 2243 2122 2292 tur-

546 2341 667 2403 pem
694 2328 1055 2398 vulpeculam,
1084 2336 1143 2382 ut
1164 2327 1248 2381 vel
1277 2327 1356 2382 sic
1378 2326 1638 2381 fanmlum
1660 2327 1755 2381 Dei
1785 2326 1957 2382 cauda
1988 2342 2123 2397 qua-

546 2416 700 2475 tienti
737 2418 995 2487 varioque
1021 2416 1267 2473 discursu
1302 2416 1370 2471 ab
1400 2417 1697 2472 intentione
1728 2417 1821 2473 Dei
1849 2418 1929 2474 sui
1960 2433 2119 2473 aver-

544 2515 704 2562 teret.
747 2506 919 2575 Quem
970 2524 1092 2563 cum
1140 2507 1331 2567 beatus
1377 2509 1540 2565 Pater
1588 2510 1902 2565 Dunstanus
1955 2511 2121 2568 toties

542 2606 960 2655 trausmutatum
999 2602 1242 2667 vidisset,
1285 2601 1573 2658 subridens
1616 2603 1751 2658 dixit
1794 2603 1868 2658 illi
1909 2620 1922 2658 :
1974 2604 2119 2661 Vade

542 2687 675 2758 iam,
697 2689 935 2753 inimice,
965 2692 1092 2761 quia
1118 2709 1259 2749 nunc
1286 2694 1498 2750 tibimet
1518 2695 1652 2749 satis
1675 2696 1870 2751 similis
1892 2694 2117 2754 eﬂ‘ectus

539 2780 861 2850 apparuisti,
893 2782 1141 2853 factoque
1160 2783 1340 2842 crucis
1363 2784 1643 2857 signaculo
1667 2785 1919 2843 inimicus
1942 2788 2119 2859 dispa-

539 2872 672 2928 ruit.

610 2964 700 3019 t7.
740 2963 836 3020 His
864 2973 920 3021 et
944 2965 1315 3036 hujuscemodi
1345 2969 1512 3025 armis
1539 2968 1830 3027 larvalibus
1864 2985 2005 3042 saepe
2033 2985 2118 3028 se-

2237 505 2383 560 velut
2403 510 2592 562 umbra
2631 508 2919 582 nigerrima
2943 512 2997 566 in
3023 512 3279 583 praedicto
3315 514 3595 572 schemate
3616 516 3803 573 confu-

2234 611 2327 655 sus
2357 600 2667 657 abscedere.
2768 628 2773 629 ί
3289 604 3292 608 “

2303 691 2392 747 18.
2432 690 2563 746 Erat
2590 709 2823 766 namque
2847 697 2972 752 huic
2998 696 3175 753 eidem
3198 699 3315 753 viro
3340 698 3434 755 Dei
3465 713 3536 756 ex
3565 700 3806 755 humana

2233 792 2520 854 parentum
2558 786 2944 856 propagatione
2982 789 3199 859 quidam
3240 804 3556 857 germanus,
3591 790 3809 845 nomine

2232 871 2548 942 Wulfricus,
2581 890 2739 945 quem
2765 877 2865 931 sibi
2891 876 3191 934 forinsecus
3221 879 3273 933 in
3303 879 3557 934 villarum
3586 895 3807 934 suarum

2230 966 2458 1036 negotiis
2487 976 2757 1036 potentem
2789 971 3157 1056 prmposittttn,
3184 985 3253 1025 ne
3283 970 3363 1024 vel
3395 973 3513 1040 ipse
3534 970 3622 1025 vel
3661 972 3806 1040 quis-

2187 1101 2191 1104 .
2228 1057 2372 1126 piam
2401 1072 2464 1111 ex
2498 1060 2798 1113 monastica
2827 1060 3159 1130 professione
3193 1059 3321 1116 foris
3345 1070 3665 1132 vagaretur,
3699 1062 3808 1116 ioc-

2228 1157 2317 1217 pta
2349 1147 2425 1201 rei
2449 1147 2724 1203 smcularis
2748 1149 3103 1213 discussione,
3151 1151 3454 1205 constituit.
3482 1150 3585 1205 llic
3614 1166 3807 1220 nempe

2227 1248 2349 1309 post
2387 1255 2666 1294 emensum
2699 1243 2954 1310 temporis
2990 1243 3072 1296 sui
3105 1244 3360 1313 spatium,
3399 1243 3587 1298 letbali
3619 1246 3807 1299 cendi-

2229 1330 2374 1385 tione
2415 1341 2741 1399 prmventus,
2784 1333 3133 1402 temporalem
3176 1348 3363 1388 necem
3395 1334 3655 1388 obeundo
3682 1333 3805 1387 sub-

2227 1418 2358 1474 ibat.
2394 1419 2507 1474 llac
2539 1420 2605 1476 de
2632 1436 2792 1475 causa
2821 1422 3047 1493 contigit
3070 1436 3257 1477 omnes
3287 1424 3591 1494 pneseripti
3620 1424 3804 1494 templi

2225 1511 2520 1565 monachos
2546 1512 2612 1565 ad
2639 1510 2799 1569 funus
2824 1512 2992 1581 ipsius
3014 1514 3243 1578 exiisse;
3271 1513 3613 1583 manumque,
3641 1512 3825 1569 παρ’

2223 1614 2315 1674 pto
2358 1604 2554 1658 abbate
2598 1604 2712 1659 solo
2758 1619 3031 1676 parvoque
3076 1605 3402 1660 scholastice
3446 1604 3565 1674 (qui
3614 1614 3802 1673 postea

2225 1695 2463 1765 pontifex
2485 1694 2722 1761 effectus,
2758 1698 2872 1752 hrrc
2903 1696 3056 1751 nobis
3089 1696 3377 1757 intimavit)
3408 1696 3557 1750 domi
3589 1711 3799 1749 remane

2223 1787 2385 1851 sisse,
2430 1795 2490 1840 ut
2533 1802 2653 1842 cum
2695 1788 2864 1842 sacris
2894 1787 3167 1857 exsequiis
3194 1787 3441 1841 exanime
3481 1801 3687 1855 corpus
3733 1786 3799 1839 ad

2222 1878 2631 1944 monasterium,
2675 1892 2782 1948 quo
2821 1878 3186 1932 tumulandum
3231 1886 3367 1942 erat,
3404 1878 3799 1946 perducerent.

2221 1969 2431 2025 interea
2452 1969 2617 2025 abbas
2638 1985 2759 2025 cum
2785 1969 2976 2025 eodem
3001 1970 3328 2025 scholastieo
3357 1969 3701 2032 ambulabat,
3732 1971 3799 2043 ad

2220 2059 2511 2115 videndum
2537 2061 2619 2131 (ut
2645 2060 2886 2131 autumo)
2922 2058 2967 2115 si
3007 2062 3119 2132 jam
3158 2060 3354 2115 fratres
3394 2076 3519 2115 cum
3556 2060 3800 2115 defuncti

2220 2150 2541 2220 corpusculo
2561 2150 3030 2221 propinquassent.
3061 2151 3125 2206 Et
3153 2151 3277 2206 dum
3300 2165 3512 2220 semper
3541 2167 3609 2206 ex
3648 2166 3801 2205 more

2218 2239 2497 2309 psallendo
2526 2239 2827 2306 incederet,
2854 2241 3006 2296 venit
3048 2256 3113 2296 ex
3146 2241 3436 2312 improviso
3473 2241 3617 2295 ultra
3650 2243 3797 2296 θηεῖ-

2219 2348 2383 2404 quam
2405 2332 2688 2388 ecclesiam
2712 2333 2983 2403 quoddam
3008 2333 3212 2388 missile
3241 2348 3454 2397 saxum,
3481 2335 3796 2388 vehementi

2217 2425 2397 2480 volatu
2426 2434 2621 2482 conatu
2652 2427 2795 2481 beati
2824 2426 2998 2484 Patris
3026 2435 3189 2496 caput
3216 2426 3503 2490 collidere;
3536 2427 3658 2491 sed,
3688 2427 3796 2481 De'o

2219 2517 2557 2583 defendente,
2603 2519 2862 2589 nequibat
2909 2536 2923 2575 :
2971 2528 3341 2573 verumtamen
3393 2519 3636 2589 pileum,
3685 2534 3799 2588 quo

2217 2622 2377 2682 caput
2404 2610 2634 2674 velabat,
2665 2610 2853 2682 procul
2879 2611 3030 2681 quasi
3063 2610 3323 2681 perticam
3357 2625 3520 2663 unam
3548 2626 3580 2662 a
3615 2611 3797 2679 capite

2217 2704 2503 2758 decussum
2530 2702 2775 2773 proiecit.
2805 2702 2908 2769 Qui
2940 2716 3237 2756 conversus
3267 2700 3400 2755 dixit
3426 2714 3613 2754 secum
3643 2701 3793 2754 ince-

2217 2791 2365 2847 denti
2390 2792 2713 2848 scbolastico
2741 2810 2754 2847 :
2784 2792 3040 2849 Accelera
3067 2808 3218 2864 ergo,
3238 2799 3291 2846 et
3317 2807 3446 2861 cape
3464 2792 3795 2862 quantocius

2216 2884 2320 2940 hoc
2352 2885 2579 2940 rotabile
2610 2900 2821 2951 saxum,
2853 2893 2910 2939 ut
2944 2884 3156 2939 deferas
3192 2898 3314 2938 eum
3343 2884 3795 2954 conspiciendum

2217 2979 2287 3033 ad
2322 2994 2427 3033 me.
2470 2977 2619 3045 Quod
2653 2994 2774 3033 cum
2804 2978 2891 3033 ille
2934 2978 3098 3033 nimis
3127 2977 3489 3046 penderesqu
3528 2990 3596 3029 ex
3642 2974 3791 3044 iussu

538 3050 734 3108 ductor
761 3055 1018 3124 antiquus
1057 3055 1277 3110 beatum
1320 3054 1540 3112 Patrem
1583 3058 1940 3124 Duusmnum,
1988 3060 2116 3118 licet

2218 3071 2395 3127 Patris
2420 3070 2509 3126 vix
2535 3072 2793 3127 elevando
2829 3073 3128 3137 reveheret,
3156 3071 3231 3126 ait
3260 3071 3603 3125 venerandus
3634 3070 3795 3124 Pater

539 3142 688 3200 inani
722 3145 998 3210 conﬂictu,
1024 3145 1279 3217 fatigavit
1303 3162 1317 3201 :
1348 3149 1495 3204 velut
1523 3151 1685 3206 etiam
1714 3159 1952 3223 tempore
1977 3170 2118 3223 quo-

538 3235 686 3292 dam.
717 3234 844 3290 dum
893 3236 945 3291 in
989 3238 1248 3294 orationis
1276 3256 1438 3310 opere
1486 3252 1613 3296 ante
1649 3242 1822 3299 altare
1858 3245 2119 3315 martyris

540 3323 742 3381 Christi
761 3325 976 3397 Georgii
1004 3328 1272 3399 vigJando
1294 3332 1602 3389 desudaret.
1631 3334 1910 3404 lgnoratur
1939 3337 2118 3406 itaque

536 3432 654 3488 quo
679 3433 831 3482 casu,
875 3428 1056 3475 utrum
1091 3435 1158 3475 ex
1198 3422 1405 3490 pra'fati
1440 3424 1769 3483 framlatoris
1806 3427 2113 3497 injectione,

534 3521 615 3564 an
637 3521 707 3561 ex
729 3506 1032 3577 vigiliarum
1050 3511 1471 3577 continuatione,
1490 3515 1592 3570 sibi
1609 3516 1790 3571 subito
1805 3518 1949 3572 inter
1969 3519 2116 3587 psal-

534 3596 708 3655 lentia
725 3602 886 3655 verba
910 3600 1047 3655 lenis
1060 3604 1269 3671 soporis
1285 3605 1543 3662 dormitio
1568 3607 1863 3678 irrepserat
1880 3627 1892 3663 :
1912 3611 1963 3665 vi
1971 3627 2118 3665 sum-

531 3705 649 3760 .que
677 3701 761 3746 est
802 3692 901 3758 illi,
934 3706 1055 3758 nec,
1101 3703 1160 3750 ut
1207 3696 1281 3750 ita
1321 3696 1521 3762 dicam,
1558 3701 1770 3767 petiitus
1798 3701 2115 3769 dormienti,

541 3781 682 3861 quod
710 3781 950 3853 hispidus
974 3800 1150 3849 ursus,
1176 3786 1431 3857 ingeuset
1450 3790 1748 3853 horribilis,
1779 3808 1973 3863 magno
1991 3809 2114 3848 cum

540 3867 743 3938 impetu
774 3870 999 3935 \eniret,
1027 3884 1357 3943 poneretque
1381 3879 1544 3943 pedes
1578 3879 1895 3946 horrendos,
1927 3882 1994 3936 ad
2029 3882 2112 3938 di-

527 3958 849 4015 laniandum
895 3972 1245 4032 praeparatos,
1285 3979 1448 4035 super
1492 3977 1780 4040 utrumque
1826 3972 2111 4028 humerum

537 4049 683 4117 illius
704 4053 963 4116 sedentis,
988 4055 1146 4109 avido
1167 4071 1379 4127 quoque
1401 4059 1548 4113 hiatu
1582 4071 1919 4131 superstans,
1952 4066 2110 4135 quasi

538 4146 607 4201 ad
638 4147 1002 4202 devorandum
1033 4161 1177 4204 eum.
1213 4151 1456 4222 Cumque
1484 4156 1566 4209 vir
1589 4154 1681 4210 Dei
1718 4172 1785 4213 ex
1819 4158 1967 4215 illato
1998 4170 2109 4217 ter-

538 4252 665 4293 rore
702 4238 942 4295 funditus
975 4243 1278 4312 evigilaret,
1327 4248 1557 4316 arripuit
1593 4252 1915 4317 quantocius
1947 4266 2109 4321 quem

536 4340 721 4382 secum
755 4343 969 4398 semper
1012 4347 1173 4387 manu
1216 4335 1518 4392 advehebat
1555 4339 1824 4405 baculum,
1863 4343 2014 4398 nisus
2038 4358 2107 4399 ex

539 4415 774 4472 btnuano
798 4418 981 4475 furore
1004 4422 1294 4478 nefandum
1317 4436 1615 4483 monstrum
1643 4443 1926 4498 percutere
1952 4451 1966 4486 :
2001 4434 2106 4489 ictu

536 4512 718 4560 tamen
746 4522 1079 4578 supervacuo
1106 4518 1370 4581 percussit
1401 4521 1581 4590 templi
1616 4524 1901 4592 parietem,
1930 4526 2107 4580 maxi-

537 4608 686 4661 mum
727 4596 970 4665 plausum
1004 4616 1099 4670 per
1128 4620 1287 4661 omne
1323 4610 1577 4678 templum
1607 4615 1948 4670 audientibus
1980 4616 2105 4672 red-

536 4689 693 4752 dens.
725 4692 838 4762 Ipse
871 4705 1049 4750 autem
1082 4697 1219 4753 in'se
1248 4704 1580 4773 regrediens,
1610 4707 1887 4765 validioris
1915 4726 2107 4782 pugna

534 4793 860 4847 congressus
893 4784 1033 4849 iniit,
1073 4786 1216 4842 hunc
1245 4791 1492 4847 videlicet
1526 4795 1789 4865 psalmum
1819 4802 1959 4857 sacri
1987 4817 2107 4857 cer-

534 4869 756 4951 taminis
781 4874 1115 4932 decantando
1139 4895 1155 4932 :
1186 4875 1447 4952 Exsurge!
1472 4883 1637 4948 Deus,
1660 4903 1861 4959 usque;
1886 4891 1963 4944 sic
1986 4908 2106 4961 per-

531 4974 654 5019 eant
675 4977 967 5034 peccatores
995 4986 1026 5024 α
1049 4971 1183 5040 {acie
1211 4973 1307 5029 Dei
1333 4974 1501 5048 (Ρεει.
1529 4996 1692 5045 vatt,
1715 4983 1792 5052 5),
1821 4995 1880 5039 ιιι
1907 4999 2100 5054 supra;

535 5066 662 5109 nam
703 5071 765 5110 eo
813 5058 864 5113 in
905 5059 1022 5117 loco
1057 5077 1341 5135 superatus
1378 5084 1410 5124 a
1448 5085 1656 5139 smnno,
1688 5075 1952 5142 psallendi
1985 5085 2100 5131 stu-

534 5142 682 5200 dium
719 5146 1026 5220 dereliquit,
1052 5162 1106 5207 et
1135 5156 1443 5227 confestim,
1487 5174 1544 5217 ut
1572 5164 1746 5231 aiunt,
1785 5166 1837 5220 in
1878 5164 1982 5222 hoc
2012 5180 2101 5222 re-

532 5294 536 5299 ’
604 5276 719 5368 ea
758 5279 937 5368 ειςιιεναο
964 5282 1370 5368 iussaene.
1398 5291 1583 5348 amco
1616 5298 1760 5368 χείρ·
1820 5366 1863 5368 __
1916 5322 1923 5327 -

2222 3156 2531 3220 Dunstanus
2565 3184 2578 3220 :
2606 3166 2651 3221 Ο
2676 3167 2972 3221 adversans
2999 3165 3248 3221 inimice!
3282 3164 3392 3233 jam
3422 3166 3511 3219 ditt
3543 3181 3610 3219 ex
3640 3163 3795 3218 indu-

2218 3257 2351 3312 stria
2403 3256 2636 3327 maligna
2688 3256 2849 3326 bujus
2894 3256 3024 3309 mibi
3075 3255 3267 3325 lapidis
3306 3256 3474 3310 ictum
3525 3255 3793 3309 insidians

2218 3346 2584 3416 prmparabas.
2631 3345 2743 3402 Non
2789 3347 2931 3401 enim
2956 3354 3094 3413 erat,
3122 3345 3430 3401 testimonio
3464 3345 3792 3409 multorum,

2218 3438 2522 3507 hujusmodi
2578 3438 2712 3509 lapis
2767 3438 3055 3493 admodum
3104 3452 3331 3508 magnus
3398 3436 3486 3489 vel
3546 3436 3794 3491 modicus

2218 3530 2273 3586 in
2324 3532 2409 3587 his
2461 3531 2946 3585 Smnersctensium
2997 3527 3107 3600 (59)
3148 3530 3363 3589 finibus,
3408 3527 3514 3581 nisi
3562 3526 3705 3581 forte
3738 3526 3793 3582 iu

2217 3622 2543 3695 quibuslibet
2574 3620 2797 3693 lapideis
2823 3622 3075 3693 operibus
3102 3639 3115 3676 :
3146 3632 3200 3678 et
3230 3621 3432 3676 idcirco
3471 3620 3655 3691 palam
3696 3635 3790 3690 pa-

2218 3716 2319 3768 tuit
2346 3713 2413 3769 de
2441 3712 2595 3783 cujus
2624 3714 2863 3784 improba
2896 3728 3057 3768 manu
3096 3714 3326 3769 emissus
3365 3713 3659 3782 prosilivit.
3690 3709 3791 3765 Ve‘

2216 3817 2517 3859 rumtamen
2543 3814 2663 3875 pust
2685 3808 2797 3860 hinc
2830 3806 2992 3875 jussit
3025 3807 3197 3875 ipsum
3222 3818 3435 3866 saxum,
3469 3803 3598 3857 licet
3632 3802 3793 3856 insui

2214 3898 2597 3953 detrimentum
2613 3898 2837 3953 missum
2857 3896 3064 3961 fuisset,
3081 3897 3338 3954 custodiae
3359 3896 3623 3952 innexum
3637 3894 3789 3967 quasi

2213 4005 2312 4062 pro
2342 3990 2652 4046 testimonio
2683 4006 2983 4047 reservare.

2822 4080 2905 4135 CA
2916 4079 3049 4137 PUT
3086 4079 3173 4137 iV.

2245 4193 2378 4248 Acta
2419 4192 2513 4247 sub
2552 4191 2761 4247 Edrch
2812 4201 2859 4245 et
2911 4191 3092 4247 Edwio
3139 4191 3358 4259 regibus.
3405 4186 3757 4262 Episcopatus

2697 4273 2984 4318 recusatur.
3026 4261 3307 4316 Exsilium.

2281 4354 2368 4409 i9.
2408 4352 2692 4423 Perempto
2740 4353 2903 4422 igitur
2949 4369 3075 4423 rege
3101 4350 3415 4408 Eadmuntlo
3438 4351 3553 4420 (40)
3592 4351 3665 4406 ab
3694 4352 3789 4405 inlo

2133 4415 2187 4479 δ
2209 4462 2318 4517 quo
2340 4446 2579 4516 cleptore
2604 4415 2788 4515 ’(4ι›,“
2803 4460 2927 4500 mox
2970 4415 3251 4516 proximus
3277 4415 3470 4505 iurares,
3504 4415 3787 4500 Eadredus

2204 4537 2481 4600 v.delicet,
2506 4552 2725 4611 regnum
2748 4536 2993 4591 naturale
3031 4535 3255 4590 fratrem
3303 4535 3649 4590 succedendo
3696 4550 3787 4588 sus

2206 4630 2400 4702 scepit.
2438 4629 2537 4686 Hic
2572 4630 2755 4699 itaque
2784 4629 2836 4684 in
2866 4629 3197 4685 sublimitate
3245 4628 3534 4683 roboratus
3562 4630 3784 4682 beatum

2204 4719 2422 4776 Patrem
2451 4720 2781 4774 Dunstanum
2815 4725 2965 4772 tanto
3010 4717 3293 4773 ch:-.ritatis
3330 4718 3530 4770 ardore
3568 4715 3781 4779 dilexit,

2204 4820 2265 4867 ut
2294 4811 2494 4866 nullum
2527 4826 2663 4881 pene
2683 4825 2749 4864 ex
2780 4810 3011 4879 primatu
3040 4809 3142 4865 sibi
3172 4807 3520 4879 prmtulisset.
3545 4806 3618 4860 At
3646 4821 3778 4861 con-

2206 4908 2290 4956 tra
2315 4902 2395 4955 vir
2421 4900 2534 4968 Dei,
2564 4911 2624 4957 ut
2649 4900 2889 4971 dibgenti
2934 4916 2995 4957 se
3041 4899 3213 4956 vicem
3259 4900 3463 4954 amoris
3489 4899 3559 4953 ab
3590 4899 3781 4953 intimo

2204 4993 2386 5049 cordis
2410 4990 2605 5049 affectu
2644 4993 2982 5062 rependeret,
3002 4992 3239 5047 omnium
3265 4992 3368 5046 sibi
3395 4991 3775 5045 charissimum

2203 5086 2359 5142 Solita
2386 5085 2742 5157 appellatione
2773 5102 2950 5156 regem
2974 5085 3307 5140 acclamavit.
3339 5083 3419 5138 Ex
3449 5085 3554 5138 hac
3581 5085 3776 5153 quippe

2201 5178 2485 5233 charitatis
2504 5175 2724 5244 fiducia,
2748 5177 3018 5234 commisit
3039 5176 3116 5232 illi
3159 5190 3254 5232 rex
3301 5176 3506 5247 optima
3546 5191 3772 5248 quaeque

2198 5310 2269 5368 26
2299 5309 2419 5364 Maii
2458 5311 2590 5366 feria
2615 5310 2672 5368 2.
