4048 5368
170 261 280 311 tttt
1302 247 1456 302 \‘ITA
1497 245 1742 301 SANCTI
1782 241 2151 300 DUNSTAM.
3245 246 3382 306 μη

166 364 784 437 suorumsupellectilinm,
818 376 979 436 quam
1013 360 1193 430 plures
1223 360 1434 415 scilicet
1481 359 1690 414 ruralcs
1720 365 1770 427 Α
1797 372 1979 412 secum
2011 354 2273 410 militibus
2294 353 2553 410 fetentem
2581 368 2839 410 nauseam
2885 353 3204 424 exspuendo
3223 353 3384 441 fecis-

165 459 549 522 cartulas,etiam
573 465 785 514 veteres
808 453 1229 525 przecedentium
1256 467 1440 522 regum
1471 451 1692 505 thesau-
1797 455 1899 504 set.
1944 447 2047 514 Qui
2097 446 2223 502 licet.
2269 447 2350 500 sic
2397 455 2750 516 aegrotantem
2797 447 2959 500 vitam
2989 458 3266 518 utcunque
3293 450 3385 506 diu

165 565 257 616 ros,
286 566 368 606 nec
393 565 492 605 non
515 559 568 603 et
594 549 836 603 diversas
859 546 1090 617 propria:
1134 544 1438 613 adeptionis
1465 558 1577 597 suae
1601 557 1695 612 εει·
1797 538 2027 593 vivendo
2071 538 2124 593 in
2175 538 2417 593 abuteuti
2460 553 2690 610 corpore
2741 538 3102 607 pertraheret,
3159 541 3386 613 largitor

163 659 262 709 zas,
294 644 380 697 sub
422 641 715 697 munimine
745 637 1062 694 monasterii
1115 637 1198 691 sui
1242 635 1474 689 ﬁdeliter
1519 644 1698 688 cusl0~
1801 640 1982 686 tatnen
2012 632 2429 702 augmentabilis
2455 632 2654 700 saepius
2677 631 2899 686 milleno
2942 633 3184 702 pondere
3233 635 3389 689 inva-

162 735 369 790 dieudas.
403 733 461 787 Et
490 731 616 787 dum
664 741 787 801 post
833 729 1066 785 meantia
1127 737 1369 796 tempora
1413 727 1538 782 felix
1591 727 1696 790 vir,
1801 723 1976 779 dendo
2003 725 2146 780 hunc
2171 740 2343 795 usque
2385 726 2450 780 ad
2494 727 2802 782 accubitum
2860 727 3061 784 nzisere
3110 731 3388 799 perduxit.

162 841 306 880 senex
339 824 528 879 scilicet
577 822 880 890 Ethelgar,
919 819 1347 890 Chrydioncnsis
1376 817 1487 889 (12;
1519 814 1701 871 Et'cle-
1802 813 1954 870 Tunc
1985 815 2074 870 ille
2107 830 2174 871 ex
2207 815 2364 887 longo
2411 816 2671 889 languore
2715 834 2918 890 anceps
2963 823 3197 892 propriae
3243 827 3392 889 vitae,

162 916 243 968 size
266 911 455 984 praesul,
504 910 706 966 carnali
754 910 870 982 lege
904 919 1150 974 coactus,
1177 907 1342 962 vitam
1389 907 1441 962 in
1485 906 1702 962 Christo
1803 907 1952 962 misit
1995 908 2421 978 circumquaque
2497 911 2563 964 ad
2633 914 3042 983 congregandas
3111 915 3397 972 facultates

161 1004 336 1069 ﬁniret,
372 1003 630 1075 persuasit
652 1003 764 1073 jam
797 1002 976 1056 dictus
1007 1014 1100 1054 rex
1150 1001 1326 1053 virum
1361 998 1700 1053 DeiDunsIa-
1806 1011 1958 1063 suas,
1991 1013 2128 1067 quas
2150 999 2275 1052 dum
2309 1009 2491 1069 posset
2511 1012 2809 1071 spontaneo
2861 1005 3138 1074 liberoque
3188 1007 3396 1062 dictant

159 1110 273 1149 num
301 1094 488 1149 crebris
517 1091 898 1155 hortamentis,
924 1101 1194 1161 quatenus
1247 1088 1496 1144 orbatum
1548 1087 1704 1142 Patre
1807 1088 1922 1157 ipse
1945 1091 2060 1146 suis
2085 1091 2320 1145 vivendo
2349 1092 2682 1162 disponeret.
2729 1105 2956 1166 propter
2998 1097 3102 1152 hoc
3137 1099 3282 1152 enim
3314 1099 3399 1152 vir

156 1185 493 1255 pontiﬁcatqu
521 1185 621 1240 sub
650 1199 779 1240 cura
804 1182 1058 1253 pastorali
1113 1181 1226 1251 ipse
1260 1181 1610 1250 suscepisset.
1639 1180 1704 1234 At
1807 1181 1901 1234 Dei
1927 1181 2264 1245 Duuslanus,
2299 1183 2442 1237 velut
2466 1184 2554 1238 alii
2581 1185 2841 1254 regalium
2866 1203 3122 1256 gaztirum
3147 1191 3400 1244 custodes

155 1277 239 1340 ille
271 1277 433 1331 statim
462 1275 638 1331 facilis
685 1275 788 1331 sibi
839 1274 990 1329 verbi
1044 1273 1448 1328 excusationem
1499 1271 1704 1341 reiecit,
1809 1268 1946 1335 ibat;
1979 1281 2039 1326 ut
2091 1288 2226 1340 quas
2269 1289 2432 1328 causa
2486 1291 2552 1328 tu
2587 1276 2824 1332 todiendi
2872 1293 3057 1334 secum
3117 1281 3398 1347 habuerat,

156 1371 384 1441 inquiens
422 1384 479 1426 se
501 1387 606 1426 non
635 1385 758 1426 esse
788 1368 948 1438 hujus
979 1368 1268 1439 pastoralis
1295 1383 1442 1422 curae
1488 1381 1709 1436 prospe-
1811 1366 1924 1436 regi
1952 1374 2274 1436 reportaret.
2300 1367 2365 1420 Et
2395 1368 2518 1420 dum
2548 1379 2668 1436 post
2701 1370 2913 1440 aliquos
2945 1371 3061 1425 dies
3093 1372 3256 1436 viam,
3305 1388 3400 1442 per

155 1471 308 1528 ctum,
338 1478 428 1530 pec
450 1463 628 1516 adhuc
672 1462 763 1516 tali
807 1470 1076 1530 tantaeque
1125 1460 1374 1530 dignitati
1435 1460 1707 1524 idon'um,
1811 1471 1974 1526 quam
2028 1467 2291 1521 venerat,
2329 1473 2452 1513 cum
2503 1460 2792 1515 satcinatis
2845 1462 3158 1517 faenlatum
3210 1464 3403 1534 opibus

153 1566 252 1619 quo
273 1561 441 1620 posset
473 1561 581 1606 tam
613 1550 781 1604 latum
821 1550 1042 1613 Christo
1071 1549 1210 1603 ovile
1260 1547 1526 1618 probabili
1583 1562 1710 1601 cau-
1813 1557 2198 1613 reverteretur,
2231 1550 2370 1602 facta
2415 1559 2496 1603 est
2526 1567 2625 1604 vox
2658 1551 2873 1605 cmlitus
2905 1553 3168 1618 immissa,
3219 1556 3409 1611 dicens

152 1643 249 1698 tela
297 1644 406 1698 sine
434 1645 516 1699 sui
555 1643 724 1696 exitio
754 1643 1048 1698 custodire.
1105 1641 1230 1696 Ilaec
1269 1650 1323 1696 et
1372 1641 1454 1694 his
1514 1639 1710 1694 similia
1743 1714 1774 1716 ξ
1816 1639 1931 1694 illi.
1966 1639 2104 1694 Ecce
2130 1655 2273 1694 nunc
2305 1657 2394 1694 rex
2425 1642 2705 1697 Eaitredus
2733 1643 2846 1715 (4.4)
2871 1644 3002 1698 obiit
3032 1645 3084 1697 in
3139 1661 3290 1716 pace.
3322 1645 3404 1700 Ad

150 1731 612 1786 contradicentium
648 1747 960 1787 sermonum
993 1746 1378 1802 nonnunquam
1407 1730 1516 1800 regi
1545 1745 1711 1800 oppo-
1742 1714 1788 1772 Β
1818 1733 1957 1786 hanc
1979 1747 2107 1801 ergo
2136 1745 2320 1787 vacem
2349 1729 2609 1797 caballus,
2643 1735 2696 1806 in
2736 1751 2844 1805 quo
2873 1736 2956 1789 vir
2983 1737 3084 1799 Dei,
3106 1737 3414 1806 equitabat,

147 1821 266 1885 suit,
288 1823 683 1896 donecpnmem
717 1821 834 1890 ejus
856 1823 1160 1878 suasionem
1190 1823 1404 1892 penitus
1430 1822 1715 1876 abnuendo
1816 1825 1994 1879 subito
2022 1839 2310 1893 percussus
2345 1825 2571 1890 interiit,
2598 1805 2725 1894 quia
2764 1841 2869 1880 non
2916 1828 3129 1882 vafebat
3160 1805 3407 1883 sublimi-

145 1925 517 1986 contpesceret.
562 1916 953 1970 Verumtamen
985 1925 1253 1970 secretam
1307 1914 1598 1970 voluntatis
1652 1913 1716 1966 il-
1819 1915 1944 1969 tatis
1972 1915 2227 1983 angelicae
2253 1916 2865 1985 sulferrepi-trseatiam.
2899 1917 2966 1971 Et
2994 1934 3116 1972 cum
3149 1919 3409 1985 venisset,

140 2005 242 2060 lius
268 2007 608 2061 intentionem
641 2022 987 2077 nequaquam
1033 2007 1211 2062 adhuc
1258 2016 1470 2060 tnutare
1515 2020 1717 2076 praeva-
1819 2007 2016 2076 reperit
2051 2022 2229 2076 regem
2255 2007 2353 2060 sub
2379 2009 2567 2061 eodem
2601 2017 2862 2076 tempore.
2890 2023 2998 2076 quo
3028 2002 3252 2078 angelus
3280 2010 3328 2064 ei
3354 2010 3407 2064 in

138 2095 264 2161 luit;
290 2097 537 2167 quoniam
561 2113 722 2169 quem
749 2113 859 2168 pra:
879 2099 1096 2154 caeteris
1118 2097 1280 2152 altius
1308 2097 1548 2163 amabat,
1574 2099 1716 2152 lmuc
1814 2098 1936 2168 ipso
1966 2097 2163 2152 itinere
2187 2097 2478 2162 nuntiavit,
2523 2107 2697 2152 morte
2745 2113 3000 2174 suprema
3032 2099 3240 2152 ﬁnitum
3273 2118 3284 2151 :
3319 2115 3406 2154 cui-

138 2186 342 2241 altioris
368 2187 698 2244 excellentia:
748 2187 866 2242 ﬁeri
914 2187 1188 2258 cupiebat.
1224 2189 1568 2258 Quapropter
1616 2202 1714 2257 po-
1813 2193 1902 2266 jus
1951 2195 2210 2247 amissum
2267 2193 2516 2263 spiritum
2585 2203 2828 2248 astantes
2873 2203 3105 2247 caterva:
3151 2192 3410 2259 ﬁdelium,

134 2277 430 2331 Snitverba
453 2277 748 2334 voluntatis
784 2293 896 2333 sua:
930 2278 982 2333 in
1009 2293 1104 2333 ore
1131 2278 1363 2348 propriae
1414 2277 1716 2348 genitricis.
1819 2285 2133 2355 pariterque
2160 2286 2440 2341 exanimes
2498 2295 2649 2340 artus
2702 2300 2852 2340 more
2908 2284 3217 2340 mortalium
3260 2300 3404 2356 sepe-

134 2373 318 2427 dicens
337 2371 408 2426 illi
437 2387 450 2423 :
482 2371 633 2438 Volo,
661 2386 695 2426 ο
721 2372 790 2426 mi
819 2371 1169 2427 dilectissimo
1196 2381 1388 2436 mater,
1421 2380 1479 2425 ut
1524 2380 1578 2424 tu
1612 2370 1716 2424 sub
1821 2374 2050 2440 liendos,
2075 2376 2343 2432 conditori
2374 2376 2602 2431 Domino
2627 2377 2726 2431 sub
2757 2377 2905 2447 pacis
2926 2377 3112 2446 requie
3134 2392 3412 2433 commen-

133 2461 343 2532 praudii
395 2460 469 2515 tui
510 2471 755 2532 tempore
829 2471 1077 2516 nostrum
1138 2460 1426 2530 Specialem
1484 2461 1718 2514 amicum
1820 2468 2104 2523 (laverunt.

133 2555 466 2607 Dunstanum
525 2562 701 2607 tecum
750 2554 954 2608 habeas
1006 2553 1312 2616 invitatum,
1339 2560 1394 2606 et
1424 2552 1548 2606 dum
1578 2551 1722 2606 inter

133 2643 255 2696 heta
287 2642 531 2696 convivia
561 2643 771 2697 blandis
804 2642 1041 2697 vicissim
1082 2642 1296 2695 utimini
1326 2641 1576 2713 loquelis,
1601 2649 1720 2694 stu-

133 2731 258 2785 deus
285 2747 407 2784 eum
439 2731 677 2784 femiuali
712 2729 958 2784 facundia
985 2730 1283 2792 adhortari,
1309 2745 1416 2799 quo
1447 2729 1541 2784 ﬁat
1565 2730 1717 2800 juxta

133 2831 381 2877 nostram
411 2823 815 2892 suggestionem
849 2837 1020 2893 nuper
1044 2823 1274 2876 viduata:
1299 2822 1554 2878 Ecclesiae
1585 2839 1721 2891 pon-

133 2915 286 2969 tifex.
321 2915 477 2982 Quod
501 2930 625 2970 cum
681 2915 772 2970 illa
825 2916 1034 2969 nisibus
1060 2917 1327 2970 universis
1353 2915 1588 2980 fecisset,
1616 2932 1724 2972 non

133 3008 305 3074 pOtuit
355 3022 481 3060 eum
512 3022 541 3060 a
585 3007 816 3076 pristino
849 3008 1265 3062 remmtiationis
1294 3006 1508 3076 eloquio
1545 3021 1726 3062 retuu-

133 3113 267 3156 Lare.
312 3101 553 3157 Consilio
587 3115 765 3156 tamen
809 3101 976 3172 ipsius
1014 3099 1336 3160 Aill'tvoldns
1360 3103 1494 3173 (45),
1528 3103 1608 3157 vir
1635 3117 1727 3158 ve-

134 3193 430 3258 terandus,
458 3193 527 3247 ob
553 3193 844 3262 pollentem
876 3203 1236 3260 venustatem,
1262 3195 1489 3248 sortitus
1524 3203 1606 3248 cst
1658 3194 1728 3250 ad

133 3283 518 3338 )ontiﬁcaluut
551 3284 822 3338 eumdem.

199 3373 294 3426 20.
341 3371 514 3426 Nocte
561 3375 741 3442 itaque
772 3373 1122 3443 subsequenti
1168 3375 1340 3431 visum
1387 3385 1470 3431 est
1510 3376 1584 3432 illi
1634 3391 1730 3446 per

134 3473 462 3518 tocturnatn
492 3464 900 3532 revelationem,
928 3467 1068 3534 quod
1100 3483 1222 3522 cum
1279 3477 1528 3536 prompto
1557 3469 1730 3523 comi-

141 3569 240 3610 atu
277 3557 516 3612 Romam
567 3573 860 3630 properare
905 3560 1146 3615 deberet.
1194 3562 1577 3630 Apparu-rrnnt
1629 3564 1730 3633 ipsi

139 3668 170 3703 ιι
199 3649 310 3703 viis
339 3649 554 3703 eisdem
583 3648 775 3704 Petrus
805 3660 859 3705 et
907 3649 1106 3706 Paulus
1166 3669 1289 3707 cum
1327 3654 1568 3717 Andrea,
1598 3670 1732 3722 pan-

133 3741 324 3794 lcntcs
347 3739 398 3792 ci
435 3739 645 3794 diversa
668 3750 722 3792 et
747 3741 1022 3808 inopinata
1057 3750 1345 3795 eventuum
1398 3758 1621 3797 suorum
1647 3759 1734 3798 se-

133 3840 322 3884 rt'cta:
365 3829 632 3899 ﬁnitoque
677 3831 929 3886 familiari
987 3834 1353 3903 apostolorum
1439 3835 1731 3907 colloquio,

133 3924 387 3976 indi-cas
419 3925 592 3994 virga,
615 3939 776 3994 quam
807 3940 966 3978 manu
1009 3929 1252 3996 gerebat,
1285 3929 1553 3996 percussit
1585 3930 1732 3984 illum

133 4023 231 4069 ctu
266 4029 381 4068 non
415 4015 653 4080 modico,
684 4015 908 4070 dicens:
943 4015 1051 4072 lloc
1082 4018 1276 4072 habeto
1311 4021 1540 4089 praemii,
1591 4021 1732 4091 quod

134 4107 486 4177 postulatus
519 4107 688 4162 nostri
716 4110 1046 4164 consortium
1087 4113 1200 4166 heri
1253 4115 1552 4168 reensa-ido
1602 4125 1738 4170 tem-

133 4197 304 4250 isisti.
344 4197 663 4266 Statimque
701 4200 1110 4270 expergefactus
1140 4213 1258 4272 post
1288 4204 1511 4269 dictum,
1558 4207 1736 4275 requi-

135 4289 249 4341 ivit
297 4288 606 4342 cubantem
663 4304 845 4343 coram
904 4304 963 4345 se
1023 4294 1372 4358 monachum,
1405 4295 1528 4366 quis
1561 4296 1735 4365 ipsum

139 4378 227 4431 cri
269 4379 514 4449 virgulae
538 4377 648 4432 iettt
677 4387 878 4432 temere
904 4383 1278 4447 percussisset.
1321 4387 1389 4439 At
1440 4385 1528 4440 ille
1563 4403 1573 4438 :
1607 4384 1734 4440 Nul-
1766 4403 1812 4462 ι)

134 4485 219 4532 rs,
297 4469 561 4539 inquam,
619 4478 671 4524 te
725 4470 1090 4541 quiescentem
1149 4473 1328 4544 aliquo
1371 4479 1735 4546 percussionis

134 4572 298 4626 ιειυ,
335 4578 435 4618 me
465 4563 696 4628 sciente,
739 4565 1058 4633 contigerat.
1089 4564 1136 4619 ls
1160 4581 1309 4636 ergo,
1333 4571 1736 4638 praemeditatus

134 4655 182 4707 it
209 4671 225 4706 :
266 4653 470 4722 Modo,
506 4654 580 4708 fili
605 4655 695 4719 uti,
732 4655 863 4719 St'iO,
899 4655 1078 4721 modo,
1105 4671 1133 4708 a
1159 4673 1265 4726 quo
1292 4659 1394 4712 sim
1426 4674 1735 4728 percussus,

133 4759 400 4814 gnosco.
430 4745 712 4816 EratqueJ
738 4746 876 4817 proh
908 4745 1088 4801 dolor!
1137 4762 1228 4802 rex
1260 4747 1575 4816 Eadraedus,
1609 4752 1740 4806 dile-

133 4848 240 4894 tus
271 4840 590 4907 Dunstani,
621 4857 721 4912 per
747 4856 909 4896 omne
933 4849 1141 4912 tempus
1171 4842 1380 4910 imperii
1406 4843 1487 4898 sui
1512 4844 1736 4900 nimimn

133 4948 440 5002 unguens,
477 4933 549 4988 ita
605 4943 664 4987 ut
710 4933 1019 4990 refcetionis
1071 4943 1310 5005 tempore
1355 4945 1542 5005 sorpto
1575 4953 1740 4995 succo

133 5025 414 5088 iborum,
477 5024 739 5095 reliquam
791 5035 1000 5097 partem
1032 5041 1322 5096 parumper
1353 5028 1606 5086 dentibus
1647 5032 1742 5087 ob-

133 5115 312 5168 -itam
342 5115 424 5170 ab
452 5129 550 5170 ore
575 5117 870 5187 reiecisset,
918 5124 974 5170 et
1019 5118 1097 5174 sic
1141 5131 1289 5186 saepe
1328 5118 1744 5190 convlivantibus

1637 5218 1730 5237 σιω

170 5245 314 5316 (42)
362 5247 701 5317 (.‘hrydiona,
751 5265 845 5306 seu
893 5245 1243 5313 Creditiouis,
1303 5252 1432 5307 urbs
1490 5217 1744 5314 aliis};

133 5317 278 5368 [1120
319 5318 556 5368 Kirlon.
587 5319 725 5368 facta
751 5319 1072 5368 enisconnlis
1094 5336 1242 5368 anno
1271 5317 1401 5368 609:
1435 5339 1556 5368 nnm
1585 5332 1744 5368 cnduc

1890 2597 1981 2651 21.
2024 2597 2155 2652 Post
2202 2598 2345 2652 hunc
2393 2599 2632 2653 surrexit
2683 2598 2926 2668 Eadwig,
2980 2600 3122 2656 ﬁlius
3161 2598 3415 2654 videlicet

1823 2687 2126 2742 Eadmundi
2183 2689 2345 2757 regis,
2393 2698 2551 2743 aetate
2597 2689 2816 2758 quidem
2850 2689 3087 2759 juvenis,
3145 2703 3416 2760 parvaque

1825 2781 2086 2852 regnandi
2116 2779 2400 2850 prudentia
2456 2781 2681 2850 pollens,
2717 2781 2842 2837 licet
2894 2784 2946 2836 in
2989 2792 3216 2852 utraque
3264 2782 3418 2852 plebe

1826 2883 2012 2938 regum
2043 2884 2300 2923 numeros
2333 2870 2659 2940 nominaque
2691 2871 2968 2942 suppleret
3011 2873 3235 2927 electus.
3284 2872 3418 2927 Huic

1827 2960 2092 3030 qumdam,
2119 2960 2244 3014 licet
2273 2960 2490 3014 natione
2519 2961 2796 3029 praecelsa,
2829 2963 3008 3030 inepta
3059 2973 3238 3017 tamen
3293 2980 3413 3017 mu-

1753 3059 1796 3121 (ς,
1829 3050 1930 3105 lier
1956 3066 2078 3105 cum
2134 3051 2314 3104 adulta
2360 3051 2493 3118 ﬁlia,
2539 3066 2638 3121 per
2687 3051 2979 3108 nefandum
3031 3054 3420 3111 familiaritatis

1831 3143 2162 3198 lenocinium
2201 3143 2458 3198 sectaudo
2509 3145 2810 3200 inhmrcbat
2851 3164 2864 3199 :
2904 3157 3132 3204 entignus
3172 3141 3420 3205 videlice'

1831 3249 1938 3304 quo
1964 3248 2085 3288 sese
2115 3232 2196 3290 vel
2224 3233 2388 3287 etiam
2427 3245 2610 3290 natam
2643 3252 2794 3290 suam
2823 3237 2924 3292 sub
2947 3239 3219 3308 conjugali
3273 3239 3425 3295 titulo

1832 3325 1907 3380 illi
1941 3325 2267 3380 innectendo
2296 3326 2530 3380 snt-iuret
2564 3344 2577 3380 :
2609 3343 2746 3398 quas
2776 3330 2886 3397 ille,
2910 3332 3154 3394 ntaiunt,
3181 3333 3421 3387 alterna-

1836 3417 1952 3478 tim,
1983 3417 2123 3485 quod
2145 3416 2258 3484 jam
2291 3417 2455 3486 pudet
2485 3418 2688 3484 dicere,
2724 3421 2863 3492 turpi
2891 3421 3107 3491 palpata
3141 3433 3194 3477 et
3220 3423 3427 3493 absque

1833 3509 2040 3579 pudore
2065 3511 2348 3581 utriusque
2375 3511 2666 3571 libidinose
2715 3515 2988 3570 tractavit.
3024 3516 3241 3571 Etcum
3295 3527 3425 3572 tem-

1835 3614 1967 3669 pore
2023 3610 2224 3655 Statuto
2284 3602 2352 3655 ab
2395 3603 2670 3658 universis
2739 3605 3035 3676 Anglorum
3096 3605 3428 3674 principibus

1835 3693 2107 3747 communi
2146 3693 2410 3748 electione
2451 3704 2746 3766 ungeretnr
2797 3707 2852 3750 et
2907 3709 3324 3752 consecraretur
3374 3699 3428 3752 in

1835 3798 2038 3852 regem,
2073 3783 2161 3838 die
2204 3783 2393 3838 eodem
2450 3795 2572 3856 post
2622 3787 2802 3855 regale
2859 3803 3030 3842 saeta:
3077 3789 3429 3844 insututionis

1836 3883 2192 3940 unguentum,
2251 3884 2474 3944 repente
2529 3878 2818 3945 prosilivit,
2871 3880 3125 3945 lascivus,
3177 3879 3431 3951 linquens

1838 3965 1957 4020 lazta
1989 3965 2239 4020 convivia
2268 3966 2350 4022 vel
2404 3968 2666 4024 decihiles
2696 3981 3016 4038 optimatum
3045 3986 3266 4026 suorum
3299 3987 3432 4028 conc

1838 4052 2134 4118 sessiones,
2162 4055 2227 4108 ad
2261 4057 2576 4124 prtedictum
2619 4058 2867 4127 luparum
2913 4059 3334 4128 palpamentum.
3365 4061 3432 4118 Et

1839 4159 1963 4199 cum
1993 4144 2220 4200 vidisset
2245 4159 2488 4201 summus
2517 4149 2832 4217 pontiﬁcum
2862 4148 2977 4205 Odo
3005 4149 3117 4222 (45)
3162 4153 3306 4221 regis
3333 4168 3433 4222 pe-

1839 4239 2148 4305 tulantiam,
2181 4242 2417 4320 maxime
2446 4242 2499 4294 in
2531 4245 2960 4300 consecrationis
3001 4260 3114 4300 sua:
3142 4244 3252 4311 die,
3282 4247 3434 4302 omni

1839 4348 1937 4404 per
1964 4349 2155 4403 gyrum
2181 4335 2469 4388 conﬁdenti
2504 4337 3040 4407 senatuidisplicere,
3059 4339 3137 4393 ait
3159 4341 3436 4410 coepisco-

1840 4425 1922 4495 pis
1951 4425 2063 4479 suis
2107 4435 2162 4478 et
2206 4425 2420 4480 czeteris
2451 4427 2821 4496 principibus:
2850 4429 3008 4495 Eant,
3057 4445 3176 4496 oro,
3209 4415 3436 4502 quilibet

1839 4531 1906 4570 ex
1952 4515 2106 4570 vobis
2159 4515 2228 4568 ad
2281 4518 2646 4572 reducendqu
2702 4534 2904 4589 regem,
2955 4536 3065 4592 quo
3101 4523 3173 4578 sit
3212 4539 3434 4579 suorum

1839 4618 2154 4684 satellitum,
2205 4625 2266 4673 ut
2309 4622 2592 4686 condecet,
2626 4621 2678 4675 in
2710 4621 2814 4677 hoc
2859 4624 3028 4695 regali
3067 4624 3316 4680 convivio
3354 4627 3439 4694 ju-

1839 4722 2049 4778 cundus
2071 4735 2380 4776 consessor.
2401 4720 2470 4774 At
2509 4721 2583 4776 illi
2612 4721 2914 4777 molestiam
2942 4727 3088 4796 regis
3113 4722 3198 4778 vel
3245 4725 3442 4785 mulie-

1839 4840 1961 4880 rum
1989 4823 2385 4895 querimoniam
2431 4823 2730 4880 incurrisse
2771 4834 3119 4893 metuentes,
3154 4827 3351 4898 singuli
3382 4846 3445 4890 se

1843 4929 2229 4984 subtrahentes
2253 4942 2511 4984 recusare
2533 4936 2841 4996 coeperunt.
2865 4931 2952 4986 Ad
2982 4939 3293 4988 extremum
3315 4947 3454 4991 vero

1843 5029 2153 5100 selegerunt
2176 5043 2238 5082 ex
2266 5029 2524 5083 omnibus
2553 5029 2711 5091 duos,
2739 5042 2875 5096 quos
2899 5034 3097 5089 animo
3119 5036 3465 5094 constantis-

1845 5130 2011 5188 simos
2068 5134 2372 5192 noverant,
2413 5124 2749 5180 Dunstauum
2803 5126 3034 5189 scilicet
3090 5125 3381 5198 abbatem,
3417 5145 3475 5194 ει

1918 5265 2032 5335 (Η)
2077 5260 2354 5316 Eadredus
2385 5272 2481 5311 rex
2523 5267 2766 5314 mortuus
2804 5269 2890 5314 est
2946 5283 3045 5324 an.
3084 5260 3217 5323 955.
3264 5264 3361 5331 qui
3417 5272 3478 5327 in

1918 5341 2178 5368 .unnanntn
2214 5345 2311 5368 cun
2343 5341 2440 5368 nnl‘
2477 5327 2792 5368 Minhnplnna
2843 5331 3150 5368 ΔΙΓΛ...1...η
3191 5331 3342 5368 mlitn
3412 5340 3463 5368 Ι-

1850 5327 2178 5368 ιηέιηπζιηηιη
2214 5345 2311 5368 cun
2343 5341 2440 5368 nnl‘
2477 5327 2792 5368 Minhnplnna
2843 5331 3150 5368 ΔΙΓΛ...1...η
3191 5327 3342 5368 ριιίῖη
