4048 5368
540 266 565 321 Ι
576 262 680 319 465

1566 252 1933 311 BlllDFlSl‘tTl
1975 248 2435 307 RASlESlENSlS
2473 248 2786 307 MONAClll

3688 248 3824 303 Nu

537 363 834 450 Cynegium
863 375 1305 450 (46)episcopum
1329 370 1570 443 ejusdem
1598 370 2116 427 Dunstaniconsan-
2144 370 2193 431 Α
2224 365 2385 420 mince
2424 364 2676 435 ejectum,
2725 381 2888 443 causa
2942 367 3229 449 charitatis
3273 383 3358 425 νει
3408 368 3820 440 compatientia

460 516 463 519 .
539 473 819 549 guiueum,
862 477 921 523 ut
963 468 1205 522 omnium
1243 466 1416 538 jussni
1452 465 1895 532 obtemperantes
1935 474 2119 530 regem

537 560 807 616 volentem
828 556 910 612 vel
932 558 1199 611 uolentem
1220 557 1538 610 reducerent
1555 555 1621 607 ad
1645 553 1889 607 relictam
1913 552 2118 605 sedem.

536 649 606 705 Et
634 648 856 718 ingressi
881 648 1033 716 juxta
1070 646 1376 717 principum
1413 660 1635 699 suorum
1675 641 1846 710 jussu,
1896 641 2122 695 iuvenca

538 749 666 795 runt
710 738 911 808 regiam
955 752 1238 800 coronam,
1272 752 1392 806 qua:
1437 734 1573 788 miro
1620 731 1838 787 metallo
1878 731 1993 785 auri
2036 729 2121 785 vel

537 814 749 897 argenti
782 840 1229 896 gemmarumque
1258 825 1409 878 vario
1442 823 1616 877 nitore
1655 821 1900 876 confecta
1944 820 2123 889 splen-

538 920 722 980 debat,
759 918 942 988 procul
981 934 1010 971 a
1042 917 1216 987 capite
1248 917 1313 970 ad
1346 929 1544 971 terram
1584 930 1753 985 usque
1781 916 2118 984 negligenter

538 1010 807 1075 avulsam,
848 1011 1130 1080 ipsumque
1174 1024 1324 1063 more
1371 1010 1609 1079 maligno
1652 1009 1793 1064 inter
1841 1022 2119 1078 utrasque,

537 1102 686 1157 velut
714 1102 765 1156 in
804 1103 894 1156 vili
931 1102 1213 1156 suillorum
1250 1101 1550 1164 volntahro,
1594 1101 1926 1163 creberrime
1967 1101 2120 1155 volno

540 1200 767 1251 tantem.
806 1200 860 1245 et
889 1191 1176 1245 dixerunt:
1214 1189 1392 1244 Nostri
1428 1205 1525 1243 nos
1559 1207 1813 1259 proceres
1845 1192 1911 1244 ad
1952 1200 2001 1246 te
2036 1208 2123 1246 ro-

538 1282 756 1352 gitando
793 1281 1077 1344 miserunt,
1107 1288 1292 1334 nteas
1320 1281 1644 1349 quantocius
1683 1281 1751 1335 ad
1793 1282 2120 1352 condignum

536 1373 799 1429 sessionis
835 1384 937 1428 tute
970 1372 1285 1434 triclinium.
1329 1380 1383 1425 et
1426 1387 1493 1425 ne
1533 1387 1759 1441 spernas
1797 1373 2119 1442 Optituatum

539 1474 755 1520 tuorum
790 1466 926 1520 la'tis
954 1466 1220 1520 interche
1249 1466 1532 1519 conviviis.
1563 1466 1635 1519 At
1666 1464 1976 1519 Dunstanus
2012 1466 2123 1534 pri-

539 1572 688 1612 mum
718 1556 1047 1625 increpitans
1070 1554 1352 1609 mulierum
1387 1556 1632 1625 ineptias.
1664 1570 1823 1608 manu
1846 1570 1964 1617 sua,
1992 1555 2119 1609 dum

539 1651 706 1707 nollet
739 1664 1035 1718 exsurgere
1074 1651 1144 1713 ei,
1190 1645 1427 1702 extraxit
1465 1663 1588 1702 eum
1633 1649 1698 1702 de
1745 1648 1997 1702 mcechali
2029 1664 2123 1720 ge-

2222 456 2456 527 hospitio
2478 469 2849 530 susceperunt,
2879 459 3197 517 frementem
3228 463 3373 534 regis
3401 464 3546 517 iram
3577 463 3823 533 graviter

2223 549 2620 606 incurrerunt:
2671 562 2724 607 et
2776 542 3058 624 propterea
3102 556 3323 611 insanos
3370 556 3571 612 ﬂuctus
3623 557 3822 612 tzubifi

2222 642 2454 717 ajqnoris
2481 643 2783 711 periculoso
2818 646 3032 717 navigio
3071 655 3309 709 tranare,
3344 657 3397 700 ct
3437 649 3656 703 incerta
3686 647 3822 702 Gal-

2224 709 2415 782 liarum
2444 730 2636 784 exsilia
2680 732 2832 787 adire
2872 746 3095 790 coactus
3127 746 3228 791 cst.
3268 737 3332 790 Et
3369 740 3499 792 dum
3543 738 3824 791 velificata

2221 818 2387 895 cvrlnci
2423 823 2575 891 quasi
2630 824 2728 876 tria
2769 824 3020 879 milliaria
3064 828 3229 881 maris
3273 828 3562 897 ingressus
3607 827 3823 893 fuisset,

2223 924 2488 967 venerunt
2530 917 2704 970 nuntii
2752 917 2820 972 ab
2868 920 3051 989 iniqua
3095 920 3319 990 populat
3352 921 3455 984 ice,
3509 930 3571 975 ut
3613 919 3823 984 ferunt,

2223 1003 2315 1070 qui
2341 1003 2527 1058 oculos
2548 998 2721 1071 illius,
2754 1008 2797 1061 si
2838 1024 2891 1061 tn
2920 1010 3004 1063 his
3035 1011 3203 1065 maris
3238 1010 3520 1065 illlOl'EbllS
3562 1011 3824 1065 iuremus

2223 1092 2431 1159 fuisset,
2462 1097 2702 1151 erm-udo
2735 1098 3115 1169 dempsisseut.
3155 1101 3272 1170 ipse
3314 1112 3498 1155 autem
3533 1116 3824 1170 :equoreas

2224 1184 2340 1238 vias
2364 1187 2511 1254 ponti
2537 1187 2753 1242 cmrulei
2794 1189 2982 1259 rapido
3003 1194 3162 1244 cursu
3196 1191 3536 1257 transiliens,
3572 1192 3728 1247 venit
3757 1192 3824 1245 ad

2224 1276 2458 1347 ignotam
2491 1278 2763 1349 regionem
2786 1280 2898 1348 jam
2931 1282 3088 1337 dicta:
3118 1282 3327 1347 Galliae,
3378 1283 3540 1353 cujus
3569 1298 3717 1354 pene
3751 1285 3825 1339 lo-

2222 1368 2436 1437 qn.:lam
2472 1370 2743 1439 ritumque
2773 1362 3079 1442 ignorabat.
3115 1373 3243 1437 Sed,
3287 1376 3596 1431 comitante
3632 1390 3824 1430 secum

2225 1458 2597 1514 misericordia
2644 1462 2735 1515 Dei
2771 1464 2873 1525 sui,
2905 1465 3114 1519 invenit
3149 1482 3333 1519 coram
3367 1468 3613 1537 quodam
3661 1477 3822 1524 terra

2224 1549 2367 1604 illius
2393 1554 2641 1622 principe
2664 1554 2776 1626 (47)
2807 1557 3064 1627 gratiam,
3093 1559 3185 1629 qui
3214 1575 3337 1614 cum
3374 1572 3609 1631 paterno
3639 1563 3823 1616 chari-

2227 1640 2351 1695 tatis
2387 1641 2583 1697 alfectn
2613 1645 2714 1699 sub
2739 1647 2918 1701 exsilii
2958 1649 3040 1704 sui
3085 1658 3329 1721 tempore
3368 1654 3695 1707 custodivit.
3725 1652 3821 1708 llic

540 1758 767 1799 nearum
819 1742 1113 1805 accubitu;
1186 1741 1546 1811 impositoque
1606 1741 1913 1797 diademate
1970 1742 2123 1797 duxit

2228 1732 2428 1803 itaque,
2454 1736 2705 1804 quamvis
2727 1738 2954 1808 benigne
2984 1743 3082 1796 snb
3113 1741 3353 1817 ejusdem
3378 1744 3651 1815 principis
3687 1760 3818 1799 cura

539 1849 746 1899 secum,
778 1832 900 1890 licet
933 1833 982 1887 vi
1009 1848 1038 1886 a
1065 1831 1383 1886 mulieribus
1414 1842 1650 1902 raptum,
1685 1831 1753 1887 ad
1784 1831 1963 1902 regale
1993 1848 2125 1889 cou-

539 1928 788 1983 sortium.

609 2020 699 2074 2'3.
741 2019 892 2073 Tunc
921 2017 1108 2073 eadem
1141 2017 1444 2088 :Edelgyw,
1475 2016 1556 2071 sic
1590 2025 1710 2071 erat
1739 2029 1933 2072 nomen
1967 2016 2120 2087 igno-

540 2112 787 2169 miniosae
816 2110 1077 2173 mulieris,
1108 2111 1297 2164 inanes
1317 2112 1478 2163 orbes
1506 2108 1784 2162 oculorum
1812 2120 2001 2163 contra
2036 2123 2123 2163 ve-

539 2206 839 2272 nerandum
861 2201 1108 2255 abbatem
1128 2199 1357 2253 ferventi
1391 2197 1574 2252 lurore
1600 2199 1840 2263 retorsit,
1870 2199 2123 2268 inquiens

542 2293 850 2362 hujusmodi
871 2292 1145 2346 hominem
1162 2290 1298 2343 ultra
1316 2293 1531 2344 mdium
1556 2304 1675 2343 esse
1697 2289 2117 2358 magnanimum,

541 2383 635 2454 qui
679 2385 821 2454 regis
859 2383 911 2436 in
951 2389 1217 2436 secretum
1250 2379 1570 2434 temerarius
1602 2380 1851 2432 intraret.
1898 2378 2123 2433 Audivi-

542 2491 664 2530 mus
685 2476 830 2529 enim
856 2474 907 2528 in
932 2482 1172 2526 veterum
1198 2487 1381 2541 regum
1405 2469 1600 2524 libellis
1619 2468 1922 2523 chahelem
1937 2485 2123 2551 errore

543 2566 859 2637 gentilitatis
878 2576 933 2620 et
953 2566 1171 2634 vipereo
1193 2579 1399 2618 veneno
1420 2560 1714 2633 perfusam,
1740 2563 1825 2617 die
1852 2572 2123 2633 noctuque

542 2656 598 2712 in
636 2658 924 2727 piophctas
952 2656 1043 2710 Dei
1075 2671 1260 2709 amara
1298 2654 1657 2709 detestatione
1692 2656 1928 2717 sevisse,
1958 2664 2011 2709 et
2055 2656 2122 2712 ad

543 2758 776 2801 mortem
807 2762 976 2817 usque
1001 2745 1250 2816 persequi
1294 2760 1400 2798 non
1441 2744 1715 2798 destitisse
1748 2761 1761 2797 :
1806 2744 1879 2797 ita
1911 2753 1966 2799 et
2008 2744 2123 2825 lucc

543 2841 827 2908 tmpulcus
854 2840 1059 2906 virago,
1095 2852 1158 2890 ex
1194 2836 1290 2889 hac
1322 2836 1407 2889 die
1442 2833 1718 2905 prmdicta,
1745 2835 1934 2888 eodem
1964 2831 2125 2889 Jeza-

543 2927 678 2983 bcils
718 2928 842 2981 ﬂatu
888 2922 1198 2981 venenifero
1239 2921 1479 2994 perfu-a,
1528 2923 1653 2977 licet
1703 2923 1919 2978 nomine
1962 2924 2121 2978 Chri-

542 3020 718 3075 stiano
746 3027 988 3073 uteretur
1014 3018 1251 3087 indigna,
1280 3016 1455 3069 virum
1489 3015 1579 3069 Dei
1622 3015 1959 3068 Dunstanum
1988 3031 2120 3068 con-

541 3110 681 3166 siliis
713 3110 1131 3164 iuimicabilibus
1159 3108 1406 3178 persequi
1441 3122 1547 3161 non
1586 3108 1812 3178 quievit,
1842 3122 2123 3178 quousque

544 3200 855 3271 pestiferam
904 3198 1294 3254 exsecratioais
1342 3213 1452 3251 sua:
1498 3196 1830 3252 voluntatem
1882 3213 2003 3251 cutn
2038 3198 2127 3269 ad-

547 3300 706 3345 aucta
738 3291 877 3359 regis
908 3289 1188 3343 inimicitia
1216 3286 1553 3356 adimpleret.
1585 3287 1738 3341 'l'uuc
1776 3286 1862 3341 illa
1892 3302 1957 3341 ex
1988 3304 2125 3358 pra:-

545 3381 677 3437 dicti
711 3382 850 3453 regis
878 3395 1143 3435 consensu
1186 3395 1402 3433 omnem
1435 3378 1577 3432 illius
1613 3378 1821 3433 ordinis
1864 3381 2122 3435 honorem

547 3486 872 3542 omnemque
896 3469 1243 3541 supellectilis
1263 3485 1374 3524 sua:
1398 3469 1757 3524 substantiam
1782 3470 1894 3524 suis
1918 3470 2127 3540 legibus

545 3550 880 3633 subjuguvit;
910 3565 1038 3632 quin
1065 3561 1251 3627 etiam,
1270 3572 1494 3632 urgente
1519 3561 1659 3632 regis
1683 3563 1927 3632 imperio,
1949 3564 2126 3633 ipsum

544 3654 613 3707 ad
644 3651 935 3707 incolatum
973 3650 1295 3706 calamitatis
1340 3648 1592 3704 celeriter
1628 3650 1740 3720 ipsa
1781 3652 2123 3721 proscripsit.

545 3742 662 3801 Non
692 3744 836 3798 enim
864 3754 982 3798 erat
1020 3742 1178 3810 hujus
1213 3742 1443 3795 furentis
1478 3738 1694 3796 lerninae
1726 3744 1949 3797 vesania
1994 3745 2127 3797 adeo

542 3834 895 3899 attendenda,
947 3833 1041 3886 sed
1088 3831 1492 3901 discipulorum,
1554 3847 1690 3903 quos
1735 3823 1854 3901 ipse
1906 3842 2127 3888 teneros

544 3937 800 3983 nectarco
852 3925 1104 3994 dogmate
1152 3922 1470 3976 imbueudos
1522 3921 1819 3988 nutriebat,
1879 3923 2124 3980 cIauCnla

545 4015 875 4073 tnachinatio
906 4013 1075 4084 magis
1105 4013 1364 4081 stupenda
1400 4029 1413 4066 :
1450 4027 1574 4065 nam
1613 4023 1667 4066 et
1709 4011 1808 4083 ipsi
1843 4016 2126 4084 conSpira-

546 4108 709 4164 tionis
741 4106 941 4175 iuiqme
962 4104 1062 4158 sub
1091 4103 1302 4158 occulta
1331 4101 1521 4157 fraude
1553 4114 1922 4159 assentatores
1950 4103 2123 4172 fuere,

545 4202 663 4273 qui,
706 4200 752 4254 si
797 4207 1016 4269 possent
1045 4197 1228 4267 iniqua
1266 4196 1381 4267 ejus
1414 4197 1693 4266 dispendia
1725 4197 2004 4263 detestari,
2034 4197 2126 4251 de-

547 4292 809 4347 buissent.
840 4289 905 4342 Et
931 4290 1055 4342 dum
1086 4287 1353 4355 ejectores
1383 4284 1625 4359 ejusdem
1656 4295 1881 4342 cunctas
1921 4302 2128 4363 resecr-

546 4384 883 4440 clesiasticas
917 4384 984 4434 ad
1014 4381 1464 4436 conscribemhuu
1494 4382 1884 4452 prospicerent,
1917 4396 2045 4436 ecce
2072 4383 2123 4435 in

547 4487 705 4547 parte
720 4471 1076 4526 occidentalis
1105 4473 1285 4541 templi
1304 4487 1494 4542 aspera
1528 4488 1627 4527 vox
1658 4472 1882 4527 ridentis
1906 4472 2128 4539 diaboli,

550 4564 705 4635 quasi
740 4577 836 4616 vox
862 4562 1163 4632 plaudentis
1198 4562 1480 4626 ancillulae,
1514 4563 1697 4616 audita
1728 4571 1827 4617 est.
1859 4562 1940 4615 Ad
1969 4577 2131 4631 quem

553 4656 639 4710 vir
681 4640 798 4719 Dei,
840 4638 965 4707 dum
1008 4650 1129 4720 quis
1182 4660 1327 4705 esset
1381 4642 1561 4705 mente
1608 4644 1882 4721 perspexit
1923 4663 1939 4705 :
1988 4650 2133 4719 Noli,

554 4748 751 4819 inquit,
807 4744 1049 4810 inimice,
1104 4752 1311 4798 tantum
1367 4744 1631 4814 gaudere;
1697 4746 1821 4813 quia
1870 4744 2130 4813 quantum

553 4836 781 4896 nuncin
818 4849 1038 4890 recessu
1075 4847 1195 4889 meo
1236 4834 1514 4902 gaudebis,
1572 4841 1781 4888 tantum
1828 4834 2028 4889 iterum
2078 4835 2132 4890 in

550 4928 808 4991 adventu,
835 4926 1131 4991 damnante,
1153 4932 1205 4979 te
1228 4924 1358 4989 Deo,
1401 4924 1728 4980 tristaberis.
1976 4966 1979 4971 .
2108 4970 2112 4975 .

623 5018 718 5073 23.
757 5016 1076 5084 Quicunque
1106 5022 1287 5069 autem
1334 5014 1631 5070 amicorum
1677 5025 1798 5086 post
1839 5017 1953 5072 haec
1990 5018 2133 5072 hunc

552 5108 804 5167 eumdem
839 5108 1013 5162 virum
1046 5106 1163 5174 Dei,
1193 5106 1391 5177 injusto
1417 5107 1643 5163 arbitrio
1678 5109 2020 5164 criminantis
2055 5109 2134 5165 fe-

624 5326 737 5368 ῘᾸΒΧ
777 5326 876 5368 nni
929 5330 1018 5368 hin
1061 5327 1319 5368 ίῖυηοηὲιη
1367 5323 1668 5368 αηηοιιιίίιη·
1721 5330 1955 5368 nchnrln
1994 5332 2132 5368 omni

2224 1823 2498 1881 foveretur
2521 1829 2780 1898 quotidie,
2813 1833 3030 1887 assidua
3058 1842 3236 1890 tamen
3262 1846 3444 1891 mente
3469 1839 3730 1893 manebat
3764 1840 3817 1893 ia

2222 1916 2418 1984 patria,
2441 1918 2507 1973 de
2536 1934 2640 1988 qua
2670 1930 2911 1977 remotus
2940 1922 3113 1979 fuerat
3141 1926 3260 1980 sine
3292 1926 3518 1997 pietatis
3551 1941 3815 1982 censura.

2222 2008 2324 2074 Qui
2351 2010 2514 2066 etiam
2544 2028 2685 2083 sa-pe
2709 2015 3073 2071 abundantem
3098 2016 3460 2089 lacrymarum
3483 2018 3723 2074 imbrem
3746 2035 3814 2075 ex

2221 2102 2501 2157 oculorum
2560 2104 2776 2161 fluentis
2827 2107 3230 2179 ingemiscendo
3286 2112 3532 2179 deduxit,
3596 2114 3818 2182 quoties

2224 2194 2550 2268 constitutus
2594 2196 2646 2250 in
2706 2197 2899 2253 exsilio
2940 2200 3189 2254 meminit
3228 2211 3489 2271 quantam
3535 2202 3818 2275 religionis

2222 2285 2602 2342 celsitudinem
2653 2289 2705 2343 in
2752 2293 3083 2348 monasterio
3127 2294 3437 2366 dereliquit.
3486 2295 3673 2350 Etiam
3723 2280 3815 2351 diu

2224 2382 2278 2437 in
2310 2386 2487 2439 rums'ti
2532 2389 2712 2443 cordis
2746 2391 3261 2448 meditationedum
3296 2394 3441 2448 circa
3476 2410 3594 2449 rem
3624 2396 3814 2466 hujus-

2224 2475 2366 2528 ntodi
2392 2476 2678 2547 cegitarct,
2708 2493 2835 2535 ecce
2862 2483 3096 2549 qnadam
3130 2491 3286 2537 nocte
3314 2484 3448 2538 vidit
3472 2484 3687 2539 visione
3721 2501 3815 2540 no-

2227 2566 2435 2622 tissima
2468 2570 2804 2636 dormieudu,
2837 2574 2979 2642 quod
3011 2573 3123 2644 jam
3168 2583 3347 2629 mente
3379 2579 3645 2647 pet-avida
3694 2594 3812 2633 am-

2224 2664 2406 2722 biebat
2451 2668 2755 2738 vigilando;
2807 2673 2909 2727 hoc
2948 2674 3209 2729 duntaxat
3253 2677 3396 2744 quod
3449 2692 3608 2732 more
3654 2679 3815 2734 solio

2226 2757 2416 2813 fuisset
2458 2761 2509 2813 in
2542 2764 2869 2817 monasterio
2906 2780 3011 2818 una
3045 2782 3165 2820 cum
3198 2776 3411 2822 astante
3454 2766 3689 2823 fratrum
3729 2786 3817 2825 ca-

2228 2860 2398 2917 terva,
2431 2854 2556 2907 dum
2587 2854 2774 2910 laudes
2801 2857 3190 2927 vespertinales
3211 2859 3496 2927 psalleudo
3533 2863 3812 2930 pe;soi\'c-

2226 2955 2346 2999 rent
2371 2956 2757 3017 canerentqne,
2784 2959 2900 3018 post
2922 2951 3272 3004 noViSsimum
3300 2954 3577 3007 canticum
3604 2954 3813 3023 Magni-

2151 3072 2195 3133 C
2223 3034 2348 3103 ﬁcat
2373 3036 2547 3090 anima
2569 3053 2682 3091 mea
2702 3038 3001 3105 Dominum,
3027 3043 3166 3095 hanc
3189 3042 3547 3112 antiphonam
3569 3062 3583 3097 :
3607 3048 3814 3112 «(iure

2229 3124 2544 3182 detraxistis
2600 3131 2940 3185 Sermouibns
2981 3133 3267 3187 veritatis:
3306 3137 3373 3188 ad
3420 3137 3815 3206 increpantium

2230 3221 2391 3272 verba
2414 3222 2737 3288 componitis
2759 3239 2770 3273 :
2789 3232 2845 3275 et
2867 3224 3182 3279 subvertere
3214 3227 3449 3282 nitimini
3467 3229 3711 3284 atuicum
3728 3246 3816 3285 ve-

2230 3312 2435 3364 strum?
2463 3324 2954 3387 vcrtnntamen....,
2979 3336 2996 3368 ι
3032 3317 3198 3372 hocin
3221 3317 3341 3375 loco
3358 3322 3457 3375 visi
3473 3331 3604 3376 sunt
3629 3338 3814 3377 clunes

2231 3401 2436 3470 pariter
2474 3394 2663 3456 relicto
2697 3416 2860 3458 cantu
2894 3409 3107 3474 penitus
3150 3408 3401 3472 reticere,
3453 3426 3634 3480 neque
3684 3412 3813 3467 ulte-

2230 3493 2343 3546 rius
2368 3507 2485 3546 e.nu
2520 3494 2663 3548 nnllo
2692 3497 2849 3551 modo
2874 3515 3032 3561 posse
3072 3502 3233 3561 verbo
3263 3501 3347 3555 vel
3373 3518 3507 3557 voce
3533 3506 3808 3573 pet-linire,

2231 3596 2478 3650 quamws
2509 3598 2664 3639 Casso
2687 3585 2871 3641 labore
2898 3587 3171 3643 inultoties
3205 3590 3455 3644 iteratam
3490 3607 3601 3647 non
3626 3595 3726 3649 nisi
3748 3595 3809 3648 ad

2228 3676 2477 3728 conuictu
2510 3676 2685 3732 locum
2728 3681 2998 3734 cantando
3025 3683 3417 3751 perducerent;
3440 3697 3496 3739 et
3539 3703 3805 3756 nunquam

2230 3765 2337 3820 duo
2367 3769 2592 3824 finitima
2626 3775 2791 3826 verba
2834 3775 3174 3829 modulantes
3205 3777 3582 3833 admitterent.
3616 3786 3684 3834 At
3723 3782 3805 3836 ille

2228 3862 2582 3930 pereamdcm
2605 3866 2865 3919 visionem
2892 3866 3180 3938 increpans
3200 3885 3296 3925 cos
3320 3889 3333 3924 :
3364 3872 3494 3938 Cur,
3527 3875 3722 3944 inquit,
3744 3876 3804 3931 ad

2230 3956 2619 4025 pcrliuicndam
2637 3961 2990 4030 antiphonam
3007 3964 3117 4035 (48)
3132 3980 3235 4019 non
3248 3952 3640 4025 vultisdicerei
3657 3991 3670 4025 :
3686 3972 3804 4040 Qua!

2229 4048 2526 4117 Cogitasns,
2556 4051 2787 4120 explete.
2824 4072 2843 4104 ι
2871 4052 2989 4107 Mox
3013 4056 3100 4110 ille
3127 4058 3367 4113 divinum
3393 4076 3720 4132 responsum
3740 4042 3800 4119 ex

2228 4139 2330 4195 alia
2375 4153 2528 4211 parte
2558 4144 2839 4214 perpendit
2868 4150 2969 4203 sub
3000 4148 3100 4205 hac
3142 4167 3271 4207 voce
3312 4172 3324 4207 :
3371 4155 3517 4221 ldco,
3566 4160 3806 4229 inquam,

2228 4233 2353 4301 quia
2386 4248 2659 4304 nutiquam
2708 4239 2850 4306 quod
2889 4252 3072 4295 mente
3113 4242 3409 4299 moliuntur
3452 4245 3806 4317 implebunt:

2228 4334 2288 4378 ut
2328 4334 2380 4379 te
2417 4341 2631 4397 quoque
2674 4329 2743 4384 ab
2789 4330 2950 4402 hujus
2985 4338 3301 4414 monasterii
3348 4349 3625 4408 potestate
3665 4343 3807 4411 aufe-

2161 4417 2205 4472 D
2230 4416 2400 4470 rendo
2425 4418 2679 4473 erellaut.
2714 4421 2777 4475 Et
2806 4424 3068 4494 evigilans
3099 4437 3221 4494 post
3254 4429 3423 4486 visum
3460 4435 3674 4502 gratias
3705 4438 3807 4506 egit

2234 4508 2531 4565 consolauti
2586 4528 2646 4569 se
2697 4516 2996 4573 Altissimo.
3058 4519 3239 4576 Patuit
3308 4524 3511 4596 quippe
3578 4543 3647 4583 ex
3717 4530 3808 4583 hac

2235 4600 2535 4656 certissima
2570 4604 2903 4660 revelatione‘
2935 4611 3101 4679 quod,
3132 4612 3272 4667 sicut
3298 4618 3552 4685 superius
3601 4634 3803 4691 sermo:

2235 4692 2394 4747 nibus
2417 4695 2743 4764 quibuslibet
2761 4705 3329 4773 commemoraximus,
3354 4710 3604 4765 nonnulli
3624 4726 3803 4766 eorum

2234 4783 2463 4841 clanculi
2493 4786 2875 4858 persecutores
2896 4794 3039 4849 illius
3064 4798 3345 4855 exstitere.

2872 4883 3098 4939 CAPUT
3144 4888 3203 4942 V.

2235 4967 2580 5044 Episcopatus
2614 4972 2993 5044 l'l’igornieiisis
3033 4989 3080 5031 el
3121 4978 3471 5038 Londineusis
3507 4998 3527 5037 :
3562 4986 3685 5040 dein
3728 5004 3803 5041 ar-

2342 5041 2751 5113 chiepiscopatus
2778 5041 3193 5104 Cantuariensis.
3234 5052 3347 5105 lter
3388 5054 3707 5109 Romanum.

2303 5131 2393 5187 24.
2436 5133 2660 5190 Factum
2694 5147 2776 5192 est
2805 5150 2985 5195 autem
3024 5150 3082 5195 ut
3106 5157 3198 5197 rex
3224 5143 3483 5214 praefatus
3511 5148 3565 5201 in
3593 5158 3801 5218 prater-

2236 5333 2521 5368 ηιορῖιινιιηνι
2553 5337 2811 5368 ι--ηε--μ
2875 5343 2927 5360 ν·
2951 5358 3010 5362 -κο
3032 5359 3064 5364 ομ-
3097 5342 3188 5368 ῒ-ι.
3225 5360 3344 5368 ..-,..
3369 5360 3421 5366 -_.

3435 5353 3525 5368 η...
3575 5353 3775 5368 ρ-.--ἰιορ
