4048 5368
305 283 442 341 1415

1481 285 1638 338 VITA
1681 281 1924 337 SANCTI
1967 282 2342 340 DL'NSTANI.

3444 294 3581 350 {HG

300 403 554 485 euptibus
585 403 741 459 annis
766 404 984 475 penitus
1018 415 1049 457 a
1082 400 1318 456 Brumali
1352 400 1464 472 (49)
1493 400 1688 471 popqu
1718 399 1884 455 relin-
1913 401 1960 458 Α
1984 401 2241 470 pastorali
2272 401 2591 457 servandam
2621 417 2637 457 :
2663 403 2716 458 in
2743 418 2848 476 qua
2875 405 3058 460 statim
3089 421 3229 462 verae
3261 405 3381 462 tilei
3411 408 3579 464 vitem

301 503 561 566 queretur
589 502 950 562 contemptus,
993 492 1251 562 quoniam
1297 491 1350 545 in
1403 491 1695 545 connnisso
1740 489 1886 557 regi-

301 587 444 642 mine
468 587 787 656 insipienter
814 586 1031 656 egisset,
1058 600 1278 656 sagaces
1321 584 1404 637 vel
1448 584 1720 653 sapientes
1757 583 1884 638 odio

297 680 556 735 vanitatis
582 679 920 749 disperdens,
952 688 1007 732 et
1039 679 1255 748 ignaros
1287 692 1532 747 quosque
1568 677 1669 730 sibi
1700 677 1884 730 consi-

298 772 454 827 miles
498 771 677 825 studio
719 769 1023 824 dilectionis
1080 769 1370 822 ascissens.
1439 765 1567 822 Post
1612 768 1757 822 hunc
1806 768 1881 822 i‘a

296 864 537 920 omnium
577 862 979 932 conspiratione
1024 861 1292 924 relictum,
1339 859 1550 928 elegere
1591 859 1722 922 sibi,
1771 860 1882 914 Dco

295 955 556 1018 dictante,
585 954 913 1022 Eadgarum,
938 950 1176 1019 ejusdem
1205 950 1438 1022 Eadwigi
1458 966 1800 1020 germanum,
1829 950 1879 1005 in

293 1062 498 1117 regem,
544 1048 637 1117 qui
666 1047 814 1117 virga
843 1044 1106 1114 imperiali
1143 1041 1370 1109 injustos
1387 1042 1528 1111 ju-te
1551 1053 1878 1114 percuteret,

292 1139 553 1208 benignos
574 1148 754 1192 autem
785 1138 884 1191 sub
908 1138 1097 1191 eadem
1122 1137 1396 1205 :equitatis
1419 1137 1622 1207 virgula
1651 1131 1898 1207 p-iciﬁce'

292 1231 610 1286 custodiret.
639 1217 858 1300 Sicque,
877 1229 1130 1284 universo
1154 1227 1350 1299 populo
1380 1238 1636 1292 testante,
1664 1227 1877 1298 publica

292 1339 380 1379 res
404 1339 590 1394 regum
623 1338 690 1377 ex
731 1321 1045 1377 deﬁnitione
1077 1322 1349 1392 sagacium
1388 1320 1631 1390 St-juncta
1673 1332 1778 1386 est,
1820 1333 1880 1377 ttt

291 1412 558 1469 famosum
612 1412 810 1468 ﬂnmcn
872 1411 1117 1468 Tamesa:
1181 1429 1405 1482 regnum
1471 1410 1878 1469 tlistcrntinarct

287 1507 596 1558 amborum.
650 1503 804 1558 Tunc
853 1502 1134 1572 Eadgarus
1176 1518 1203 1555 a
1257 1503 1513 1570 prmdicto
1556 1503 1748 1573 popqu
1796 1504 1875 1559 sic

286 1594 514 1649 sortitus
542 1594 609 1647 ad
638 1610 883 1665 regnum,
928 1594 1073 1648 misit
1109 1602 1240 1647 nutu
1287 1594 1376 1648 Dei
1409 1595 1474 1647 ad
1506 1595 1871 1648 revocandum

286 1684 658 1740 venerandum
709 1685 957 1741 abbatem
998 1686 1068 1740 ab
1115 1698 1300 1746 exoso,
1360 1685 1412 1739 in
1459 1701 1566 1754 quo
1617 1687 1868 1755 degebat,

283 1777 478 1832 exsilio
529 1795 541 1832 :

280 1867 722 1922 antecessoribus
755 1868 942 1937 ipsius,
979 1868 1176 1937 quibus
1214 1884 1399 1922 secum
1430 1885 1552 1923 cum
1583 1867 1868 1924 salutifero

277 1959 514 2012 consilio
557 1958 943 2029 infatigabilem
990 1959 1162 2014 ﬁdelis
1207 1960 1513 2030 obsequelac
1547 1960 1867 2017 famulatum

278 2051 543 2121 persolvit
575 2069 587 2105 :
617 2067 778 2121 quem
811 2050 880 2105 ab
911 2051 1145 2106 incolatu
1180 2053 1459 2106 reductum
1488 2053 1636 2108 omni
1663 2055 1868 2109 honore

276 2144 584 2212 dignitatis,
637 2153 695 2197 ιιι
735 2154 944 2198 tantunt
996 2145 1255 2214 oportuit,
1297 2145 1610 2200 custodivit.
1657 2147 1866 2201 lnterca

274 2250 567 2304 germanus
602 2235 846 2305 ejusdem
891 2235 1141 2302 Eadgari,
1174 2237 1297 2304 quia
1335 2235 1478 2303 justa
1521 2237 1613 2291 Dei
1657 2237 1864 2307 judicia

273 2324 544 2380 deviando
608 2325 938 2395 dereliquit,
1002 2325 1359 2380 novissimum
1416 2324 1600 2380 flatum
1663 2328 1863 2382 misera

272 2426 453 2468 morte
494 2416 758 2484 expiravit
787 2415 898 2485 (50)
937 2430 950 2470 :
996 2424 1050 2470 et
1092 2432 1315 2487 regnum
1350 2416 1492 2472 illius
1533 2418 1669 2487 ipse,
1713 2419 1863 2474 velut

267 2520 462 2572 aequus
502 2505 673 2558 hic-res
715 2505 781 2558 ab
820 2515 1047 2574 utroque
1087 2505 1284 2574 populo
1323 2505 1551 2570 electus,
1597 2507 1858 2575 suscepit,

267 2595 558 2665 divisaque
588 2611 874 2664 regnorum
897 2594 1016 2663 jura
1048 2595 1100 2648 itt
1127 2612 1288 2649 ttttttnt
1316 2597 1416 2650 sibi
1444 2607 1713 2666 sceptrum
1741 2598 1861 2652 Sub-

269 2685 452 2747 dendo
483 2686 776 2754 copulavit.
823 2684 921 2740 llic
967 2687 1160 2740 iterato
1198 2685 1260 2738 Β.
1306 2688 1638 2742 thttstantttn
1671 2689 1722 2742 itt
1766 2688 1860 2742 ad-

266 2787 514 2848 emptum
538 2778 780 2846 prts.in;e
813 2777 1092 2847 dignitatis
1122 2778 1380 2832 honorem
1419 2777 1676 2844 reslttuit,
1708 2778 1858 2832 simi-

269 2868 402 2924 liter
431 2882 484 2924 et
507 2879 720 2923 atavam
751 2885 904 2924 suam
933 2878 988 2922 et
1015 2869 1305 2922 nonnullos
1337 2869 1495 2932 alios,
1521 2886 1658 2938 quos
1688 2869 1858 2925 frater

269 2965 468 3034 ipsius,
500 2964 551 3018 in
582 2965 772 3019 eadem
814 2973 971 3017 antea
1008 2963 1344 3020 sul-.limitate
1374 2964 1722 3029 constitutus,
1756 2964 1856 3019 ini-

268 3071 384 3128 quo
403 3055 608 3120 judicio
631 3055 858 3125 przedari
886 3055 1160 3125 prrccepit.

341 3145 435 3200 25.
476 3145 667 3200 Postea
695 3145 870 3198 factus
899 3152 981 3199 est
1010 3161 1236 3215 magnus
1268 3147 1590 3216 sapientium
1622 3162 1857 3202 conven-

267 3245 361 3290 tus
385 3237 438 3290 in
466 3236 582 3292 loco
609 3237 697 3306 qui
719 3246 944 3291 vocatur
965 3235 1317 3291 Bradanfoort
1337 3237 1468 3308 (5|).
1495 3250 1547 3292 et
1573 3254 1636 3291 eo
1661 3240 1710 3291 in
1738 3238 1856 3293 loco

265 3327 516 3382 omnium
564 3342 629 3380 cx
677 3327 940 3382 electione
976 3328 1258 3382 ordinatus
1315 3339 1395 3382 est
1445 3330 1755 3384 Dunstanus
1790 3332 1857 3385 ad

273 3420 610 3490 episcopum,
653 3428 880 3474 eotcnus
935 3421 1170 3475 maxime
1211 3436 1318 3491 quo
1344 3421 1504 3492 regali
1556 3422 1857 3490 prresentiae

262 3520 489 3584 propter
511 3514 731 3584 provida
758 3514 1162 3583 prudctttiarum
1191 3529 1410 3567 suarum
1442 3515 1667 3568 consilia
1711 3515 1856 3585 jugi-

264 3613 350 3657 ter
377 3602 654 3658 adfuisset.
683 3604 751 3657 Et
779 3606 904 3657 dum
933 3606 1106 3658 accitu
1137 3603 1301 3673 regali
1351 3605 1591 3659 moribus
1644 3606 1855 3660 Dcit‘ieis

261 3712 360 3751 res
391 3696 579 3750 fuisset
612 3713 639 3750 a
687 3697 744 3752 Β.
783 3698 1063 3752 Dunstano
1118 3697 1200 3752 vel
1256 3698 1468 3752 caeteris
1516 3699 1854 3767 sapientibus

257 3791 519 3844 decenter
549 3790 875 3858 instructusj,
908 3789 1072 3860 cmpit
1112 3790 1308 3859 passim
1353 3791 1626 3858 improbos
1675 3792 1854 3860 cppri-

257 3893 434 3942 mere,
476 3878 651 3948 jttstos
692 3895 904 3949 quoque
926 3890 977 3934 et
1009 3880 1279 3947 modestos
1306 3894 1440 3948 puro
1494 3888 1710 3948 pectore
1741 3881 1852 3934 dili-

257 3982 410 4038 gere,
440 3983 594 4038 reges
623 3978 672 4022 ct
699 3978 958 4039 tyrannos
981 3970 1406 4037 circutnqua‘pte
1432 3970 1533 4024 sibi
1558 3971 1849 4038 subjicere,

255 4061 566 4115 destructas
601 4061 692 4115 Dei
716 4061 976 4116 ecclesias
1005 4077 1266 4116 renovare
1312 4061 1394 4115 vel
1441 4063 1638 4128 ditare,
1691 4073 1745 4117 ct
1784 4065 1850 4119 ad

259 4150 476 4206 laudem
500 4153 692 4206 summi
724 4153 960 4206 numinis
989 4151 1314 4206 famulantes
1365 4162 1612 4208 catervas
1660 4171 1852 4226 aggre-

254 4257 412 4312 gare,
444 4259 771 4313 omnemque
821 4243 1093 4314 regionem
1152 4243 1294 4297 illius
1336 4245 1436 4298 sttb
1490 4245 1640 4314 pacis
1675 4246 1850 4300 muni-

255 4333 408 4386 ntine
441 4333 692 4404 regaliter
739 4336 1032 4388 custodire.
1068 4334 1271 4390 Deinde
1301 4345 1487 4404 pastor
1513 4335 1710 4404 (factus
1742 4338 1847 4405 est)

1990 491 2379 562 paltnitemque
2401 491 2628 562 iustitiae
2653 495 2833 566 sagaci
2860 496 3008 552 cultu
3039 497 3326 568 plantavit,
3355 509 3409 554 et
3438 500 3581 555 triti-

1987 603 2143 644 ccttm
2173 600 2373 643 sanctae
2399 588 2685 644 Trinitatis
2713 605 2897 645 semen
2949 591 3002 645 in
3030 593 3366 648 credentium
3397 594 3578 650 cordi-

1988 682 2107 746 bus,
2138 681 2340 737 evulsis
2367 698 2618 737 errorum
2659 683 2894 747 tribulis,
2927 687 3215 741 seminavit
3247 706 3258 741 :
3289 701 3387 758 per
3409 689 3574 758 quod,

1985 783 2107 843 post
2153 775 2436 842 przrsentis
2488 774 2666 830 S3301“
2721 786 2918 830 metam
2946 775 3209 831 bonorum
3237 794 3482 848 operum,
3509 777 3578 834 ad

1985 862 2371 934 vitamjugiter
2400 874 2708 918 manentem
2761 866 3102 933 pervenirent
3155 867 3452 922 indemnes.
3481 867 3576 923 Vi-

1985 955 2117 1009 dcns
2141 956 2317 1023 itaque
2345 973 2437 1009 rex
2465 958 2890 1025 praenominatus
2938 959 3080 1027 quod
3109 961 3454 1015 commissam
3477 961 3578 1015 Ec-

1983 1047 2202 1101 clesium
2231 1048 2452 1118 perVTgil
2477 1058 2662 1118 pastor
2685 1050 2790 1104 rite
2819 1051 3054 1116 regendo
3082 1051 3401 1116 custodiret,
3429 1067 3575 1107 com-

1983 1139 2126 1193 misit
2154 1139 2201 1193 ei
2253 1139 2688 1196 Lnndoniensem
2738 1142 3060 1206 Ecclesiam,
3115 1159 3206 1214 po
3254 1155 3440 1214 postea
3485 1160 3574 1215 pa-

1981 1239 2128 1285 store
2153 1229 2264 1300 (53)
2293 1231 2591 1297 viduatam,
2615 1248 2721 1302 quo
2761 1234 2994 1301 [ltll‘illm
3037 1234 3276 1290 civitatis
3305 1236 3449 1291 illius
3479 1251 3575 1306 po-

1980 1322 2125 1392 pulo,
2160 1338 2258 1377 nec
2293 1333 2473 1378 nonet
2503 1325 2727 1394 reliquie
2749 1327 3094 1380 orientalium
3130 1327 3404 1381 Saxonum
3437 1327 3572 1382 tnul-

1982 1408 2218 1474 titudini,
2250 1409 2470 1481 pontem
2500 1414 2666 1467 etiam
2708 1414 2772 1467 ad
2823 1415 2930 1468 alta
2989 1415 3234 1486 polorum
3286 1417 3571 1473 cacumina

1978 1503 2273 1559 scandendi
2306 1519 2594 1573 prmparar.
2623 1512 2657 1557 t.
2696 1503 2802 1558 llas
2831 1505 2919 1557 ille
2975 1507 3220 1573 geminas
3275 1507 3566 1572 Ecclesias,

1978 1609 2076 1664 per
2104 1593 2268 1649 multa
2299 1611 2564 1648 annorum
2593 1597 2986 1650 transeuntium
3010 1604 3277 1666 tempora,
3303 1598 3402 1652 sub
3431 1598 3574 1670 regi-

1977 1687 2123 1742 mine
2178 1687 2503 1756 pontiticalfs
2559 1687 2894 1743 excellentiae
2944 1689 3158 1744 curiose
3210 1691 3459 1759 regebat;
3513 1697 3568 1745 ct

591 1793 696 1832 non
746 1777 1030 1832 immemor
1077 1786 1293 1846 quantm
1344 1778 1660 1832 reverentiae
1708 1778 1874 1833 fuerit
1905 1753 1947 1812 θ
1977 1774 2187 1850 utrique
2211 1781 2336 1835 ovili
2361 1783 2502 1834 viam
2539 1797 2658 1850 qua:
2681 1781 2828 1836 ducit
2877 1782 2942 1835 ad
2975 1795 3102 1836 vera
3146 1782 3348 1836 Christi
3381 1781 3567 1849 ovilia,

1974 1871 2218 1943 exemplo
2243 1875 2451 1944 pariter
2477 1883 2532 1928 et
2559 1873 2884 1930 documento
2930 1877 3256 1930 monstravit
3287 1875 3421 1945 (51).

2041 2010 2128 2065 26.
2172 2010 2466 2081 Postquam
2503 2020 2684 2066 autem
2729 2027 2879 2067 mors
2905 2012 3162 2080 perarida
3192 2013 3564 2067 venerandum

1970 2099 2141 2154 Odam
2170 2101 2308 2169 (55),
2360 2101 2792 2171 metropolitatae
2840 2101 3079 2157 civitatis
3122 2101 3564 2172 archiprazsulem

1968 2192 2335 2261 Ecclesiteque
2387 2192 2587 2246 Christi
2623 2203 2912 2259 rectorem,
2945 2208 3009 2247 es
3063 2193 3321 2246 Atlantica
3368 2195 3564 2248 condi-

1967 2284 2118 2339 tione
2166 2295 2566 2354 consumptum,
2614 2286 2903 2339 insatiabili
2934 2295 3120 2339 vorata
3153 2285 3398 2352 finierat,
3430 2302 3564 2340 cor-

1967 2376 2293 2433 numertus
2314 2389 2394 2433 est
2432 2378 2701 2434 Elfsinus
2752 2379 3210 2433 Wintoniensiutn
3262 2388 3446 2447 pastor
3495 2381 3560 2434 ad

1963 2472 2210 2527 eamdem
2235 2474 2432 2526 summi
2467 2473 2754 2528 sacerdotii
2789 2475 2992 2528 sedent.
3027 2473 3127 2539 Qui
3165 2489 3286 2528 cum
3319 2456 3561 2528 ex'sunt-

1965 2577 2176 2615 morum
2224 2562 2538 2629 pontificum
2584 2563 3010 2625 consuetudine,
3046 2563 3414 2632 postulaturus
3446 2563 3561 2631 [al-

1963 2655 2092 2708 lium
2136 2655 2448 2722 principalis
2477 2653 2659 2708 infula:
2698 2655 3013 2708 Romuleam
3047 2655 3234 2708 urbem
3266 2655 3560 2709 contende-

1961 2754 2045 2798 ret
2077 2745 2572 2814 propcrare.o"tfnit
2595 2745 2668 2798 ilt‘i
2703 2746 2754 2797 in
2786 2744 2998 2814 Alpinis
3021 2744 3296 2798 montibus
3319 2745 3554 2798 maxima

1961 2837 2101 2890 nivis
2129 2836 2447 2901 difficultas;
2473 2851 2592 2905 qu:c
2625 2845 2774 2889 tanto
2798 2852 2920 2891 eum
2944 2836 3062 2906 gelu
3096 2836 3291 2905 rigoris
3317 2836 3528 2889 ohstrin
3547 2864 3559 2874 ο

1962 2937 2137 2992 xcrat,
2169 2935 2226 2982 ut
2254 2927 2308 2980 in
2337 2928 2420 2982 his
2453 2928 2736 2981 moriendo
2782 2926 3055 2989 deﬁceret,
3091 2935 3146 2980 et
3195 2925 3428 2996 regressi
3479 2934 3557 2980 tu-

1959 3019 2448 3089 nntlatopontitiee
2491 3017 2732 3088 ejusdem
2785 3019 3112 3072 comitantes
3161 3016 3437 3082 tirunculi,
3472 3031 3556 3072 re-

1884 3100 1928 3160 C
1963 3112 2281 3164 nuntiavere
2309 3109 2627 3180 lacrytnanti
2677 3109 2867 3173 relatu,
2921 3118 3127 3162 tatttttttt
3171 3109 3271 3164 sibi
3325 3108 3554 3162 intortu-

1964 3203 2111 3255 niutn
2155 3203 2204 3253 in
2232 3201 2504 3270 prmdiclis
2548 3201 2822 3254 montibus
2859 3202 3172 3270 contigisse.
3228 3200 3357 3254 Post
3401 3197 3554 3266 cujus

1961 3291 2484 3346 consummationem
2539 3291 2752 3360 elegere
2799 3290 3197 3362 Byrhttlnttnn,
3251 3290 3553 3346 Dorcetene-

1960 3386 2099 3439 sium
2124 3386 2501 3454 prtevisorcm,
2541 3386 2606 3437 ad
2639 3400 2911 3439 sumntum
2941 3395 3143 3439 sancta:
3176 3383 3555 3438 Dorobernen-

1959 3476 2034 3530 sis
2059 3476 2314 3530 [feelcsize
2360 3475 2697 3532 sacerdotem
2726 3486 2818 3530 :et
2859 3483 2977 3531 erat
3027 3476 3109 3528 vir
3147 3475 3250 3529 iste
3301 3473 3467 3539 mitis,
3499 3481 3556 3528 et

1960 3567 2255 3630 tnodcsus,
2301 3576 2355 3620 et
2407 3568 2649 3628 humilis,
2702 3577 2755 3620 ct
2809 3567 3096 3637 benignus,
3131 3566 3180 3619 itt
3231 3575 3438 3619 tantum
3491 3574 3552 3619 ut

1959 3658 2193 3710 tumidos
2224 3672 2468 3726 quosque
2493 3658 2574 3711 vel
2622 3657 2849 3712 rebelles
2890 3659 2990 3710 sub
3037 3656 3394 3710 correctionis
3425 3671 3550 3709 ver-

1958 3753 2105 3810 bere.
2133 3767 2264 3816 non,
2297 3763 2375 3816 ut,
2409 3752 2704 3816 debuisset,
2748 3751 3049 3805 cohiberet.
3085 3751 3177 3803 Est
3208 3765 3240 3802 n
3263 3748 3549 3818 smqaejus

1957 3852 2249 3903 rettorant,
2289 3853 2347 3896 ut
2377 3844 2512 3897 bene
2559 3843 2732 3897 bonos
2782 3842 3112 3908 custodiant,
3145 3851 3200 3896 et
3226 3841 3292 3896 ad
3323 3841 3427 3896 mel
3451 3855 3548 3895 ora

1955 3944 2217 4005 (paulum
2247 3944 2454 4004 qtteunt
2481 3933 2686 3988 viribus
2712 3934 2979 3987 universis
3008 3931 3327 3998 informem;
3359 3948 3546 4003 repro-

1954 4031 2052 4083 bos
2107 4035 2287 4081 autem
2318 4035 2373 4081 ct
2421 4026 2650 4084 rebelles
2699 4028 2800 4081 sub
2844 4025 3156 4095 asperitatis
3206 4025 3546 4081 correctione

1955 4122 2304 4191 redarguunt,
2335 4121 2508 4174 donec
2544 4135 2639 4175 eos
2686 4135 2717 4173 a
2772 4118 2874 4173 viis
2927 4119 3223 4171 vanitatum
3273 4127 3544 4174 avertant.

1952 4219 2303 4289 Competiens
2348 4235 2477 4288 ergo
2525 4235 2618 4273 rex
2665 4219 2808 4286 quod
2837 4217 3128 4286 prazdictus
3151 4215 3388 4286 pontifex
3431 4215 3545 4270 haec

1945 4317 2067 4387 jura
2097 4321 2434 4389 praescripta,
2492 4320 2546 4372 in
2591 4319 2879 4373 commissa
2911 4318 3012 4371 sibi
3067 4317 3240 4388 plebe.
3285 4330 3542 4372 mansne-

254 4421 650 4494 Wigoriceusis
714 4423 1008 4478 Ecclesiae:
1041 4433 1221 4493 utpote
1299 4424 1658 4495 Cynewalahts
1733 4427 1844 4497 (5“2)
1879 4445 1922 4503 ι)
1953 4422 2154 4502 Sccndo
2181 4421 2402 4475 minime
2432 4419 2786 4486 adimpleret;
2815 4419 2976 4486 jussit
2997 4433 3121 4473 eum
3153 4418 3270 4473 vias
3292 4433 3388 4487 per
3408 4433 3544 4489 quas

253 4529 411 4570 more
441 4516 752 4570 mortalium
799 4531 1067 4584 cursuque
1108 4518 1227 4570 vita:
1283 4517 1596 4587 temporalis
1648 4519 1844 4573 educto

254 4609 561 4671 succubuit,
589 4617 641 4663 et
661 4609 896 4678 suscepit
927 4609 985 4662 B.
1020 4608 1257 4677 pontifex
1293 4611 1599 4666 Dunstanus
1643 4613 1846 4666 consti-

254 4709 408 4756 tutus
434 4718 462 4755 a
491 4717 617 4772 rege
667 4703 806 4756 hanc
844 4703 1088 4758 eamdem
1132 4703 1430 4758 Ecelcsiatn
1480 4703 1580 4758 sub
1619 4706 1844 4761 solertia

329 4870 438 4943 (49)
479 4874 519 4926 Α
559 4872 913 4929 Mercettsibtts
961 4875 1166 4930 scilicet
1214 4887 1267 4931 et
1321 4877 1842 4938 Northimbrensibus

251 4943 343 5020 uti
382 4953 630 5020 asserunt
671 4944 1079 5020 \\'igot°ttiejt:sis,
1133 4948 1506 5003 Dunchncnsis
1549 4960 1603 5004 ct
1649 4954 1760 5020 alii,
1787 4965 1843 5009 et

252 5011 496 5068 referunt
524 5014 591 5067 ad
623 5011 822 5068 ant-uin
857 5017 979 5070 957.
1746 5011 1759 5020 ’
1811 5061 1813 5064 .

326 5084 435 5154 (5U)
475 5088 632 5138 Anno
664 5084 768 5139 959
821 5085 1062 5140 Edwium
1115 5091 1398 5159 expirasse
1441 5091 1647 5160 passim
1683 5111 1842 5152 asso-

252 5165 376 5208 l‘lllil
403 5166 676 5209 auctores.

276 5293 288 5302 _
313 5225 431 5302 iiii)
463 5224 891 5302 _Iirr5_dfort‘dicta
924 5226 1038 5278 loca
1073 5227 1179 5283 duo
1207 5231 1257 5282 in
1299 5228 1716 5302 Doreestricnsi,
1755 5249 1841 5293 to-

1949 4523 2200 4576 veniebat
2225 4522 2422 4585 redire,
2455 4532 2508 4575 et
2537 4521 2780 4576 relictam
2812 4520 3129 4591 dignitatem
3181 4535 3372 4575 rursus
3404 4521 3544 4576 reci-

1949 4635 2079 4690 pere
2120 4621 2524 4691 possidendam.
2570 4621 2778 4676 Dehittc
2819 4622 3102 4676 constituit
3133 4637 3197 4677 ex
3237 4621 3424 4676 divino
3454 4637 3544 4677 re-

1946 4732 2133 4794 Spcetu
2168 4733 2222 4778 et
2250 4722 2575 4793 sapientium
2598 4722 2828 4778 consilio
2849 4722 3211 4787 Duuslanum,
3233 4707 3394 4789 qnem
3443 4735 3543 4779 no-

2019 4898 2128 4969 (33)
2173 4898 2458 4952 ΒήιΙιριηιο
2516 4900 2769 4969 episcopo
2833 4895 3182 4969 Londinensi
3228 4907 3374 4969 anno
3430 4893 3542 4969 95_8

1950 4961 2188 5032 mortuo,
2218 4969 2465 5034 Edgnrns
2501 4961 2818 5024 ltlercittrttttt
2848 4982 2939 5021 rex
2969 4966 3114 5019 illam
3144 4961 3448 5020 Ecclesiam
3480 4967 3546 5022 S.

1948 5041 2222 5094 Dunstano
2250 5042 2410 5093 etiam
2437 5040 2729 5093 commisit.

2019 5113 2128 5179 (5i)
2167 5110 2327 5164 Adiit
2360 5105 2966 5179 Westtnonasteriensis
2989 5107 3061 5161 ad
3088 5107 3294 5162 dictum
3336 5115 3561 5164 annum

1945 5174 2086 5240 959:
2113 5174 2215 5249 ρμί
2237 5182 2474 5250 protinus
2506 5179 2642 5246 apud
2661 5174 3223 5250 Ηῆξδιριρριειςιιςιςνὶιιηι,Δ
3247 5181 3572 5250 conati-nego

1945 5259 2014 5302 at!
2047 5244 2315 5302 duodecim
2348 5244 2629 5302 monachos
2654 5245 2902 5302 cmttobio.
2932 5245 2984 5296 in
3012 5247 3129 5301 loco
3166 5244 3258 5300 ubi
3281 5246 3576 5302 quondam
