4048 5368
552 363 690 418 {HT

1570 324 1937 404 natarent:
1977 340 2438 402 tiAtiEStENSts
2477 340 2786 397 nomen:

3685 336 3827 397 “ﬂ

549 482 703 530 verat
730 484 852 528 esse
876 471 1235 533 constantem,
1266 440 1344 520 ’δᾶ
1397 477 1667 519 summum
1716 460 1988 531 prtcdictte
2031 455 2133 516 Ec-
2160 466 2207 521 Α
2236 454 2393 509 tifero
2423 462 2772 520 monstraret,
2819 454 2931 523 ipsc
2977 454 3057 525 (ut
3096 455 3170 508 ait
3213 452 3528 527 Apostnlus)
3554 454 3825 525 reprobus

544 566 731 629 .clesia:
752 562 1107 619 sacerdotem.

620 657 711 714 27.
754 653 875 711 Mox
903 652 990 706 ille
1031 657 1283 718 suscepto
1315 642 1621 702 sacerdotio
1668 642 1874 714 prolixa
1902 640 2014 713 (56)
2034 639 2128 695 iti-

548 764 707 813 uera,
730 761 851 817 quae
873 744 1099 800 summis
1128 749 1257 796 sunt
1305 738 1678 794 sacerdotibus
1722 736 1899 800 solita,
1934 736 2130 790 Ruina-

550 855 679 896 nam
703 849 962 907 prospero
984 832 1118 888 calle
1142 830 1371 887 tetendit
1392 829 1459 883 ad
1484 828 1702 892 urbem;
1761 835 1986 896 eratque
2025 824 2131 901 Do:

544 931 729 986 minus
756 928 938 984 socius
978 923 1191 980 itineris
1213 921 1374 981 illius.
1401 928 1454 975 et
1484 934 1615 991 pura
1646 918 1750 973 ﬁde
1780 932 1839 973 se
1883 916 2131 973 ret-ineu—

549 1034 656 1078 tem
690 1019 1056 1087 nonreliqoit,
1095 1016 1238 1071 sicut
1263 1014 1377 1085 ipse
1408 1027 1503 1083 per
1555 1010 1877 1080 PrOphetam
1902 1009 2128 1064 cuicun-

550 1130 656 1184 que
705 1112 849 1168 ﬁdeli
904 1107 1209 1178 repromisit
1242 1105 1463 1161 dicens:
1488 1102 1814 1158 Intellectum
1849 1100 1941 1154 tibi
1969 1098 2127 1164 dabo,

538 1218 596 1271 et
634 1206 890 1258 instruant
937 1201 1061 1253 tein
1085 1200 1168 1252 rio
1205 1197 1303 1251 hac
1331 1212 1434 1267 qua
1463 1194 1751 1266 gradieris;
1782 1192 2004 1263 ﬁrmabo
2040 1206 2129 1243 su-

548 1314 641 1368 per
668 1309 716 1349 te
738 1293 919 1349 oculos
945 1307 1083 1346 meos
1110 1288 1281 1359 (Paul.
1318 1303 1469 1351 χχιι,
1513 1288 1590 1357 8).
1637 1286 1704 1340 Et
1736 1285 1931 1340 iterum
1962 1300 1976 1337 :
2018 1282 2128 1354 Ego

540 1398 668 1441 ante
701 1397 748 1440 te
771 1386 874 1448 ibo,
902 1394 947 1436 et
966 1382 1216 1451 gloriosos
1247 1391 1399 1434 terra:
1421 1377 1706 1432 humilinbo
1729 1376 1864 1447 (Isa.
1894 1391 2019 1439 XLV.
2045 1377 2124 1449 2).

545 1480 789 1549 Cumque
840 1477 944 1531 iter
973 1475 1190 1544 Iungunt
1223 1470 1561 1542 properando
1591 1468 1831 1531 fecisset,
1863 1478 1918 1524 et
1943 1469 2127 1524 omnia

545 1570 820 1633 victualia,
850 1583 971 1638 quae
999 1565 1083 1620 vel
1109 1565 1306 1633 equino
1335 1561 1632 1632 gestamine
1663 1561 1743 1614 vel
1772 1559 1875 1614 alia
1924 1558 2134 1615 condu~

544 1664 725 1720 ctione
755 1658 1022 1719 ferebant,
1046 1653 1289 1724 pmpriis
1305 1652 1388 1707 vel
1416 1651 1611 1707 alienis
1647 1652 1957 1706 hominibus
1981 1650 2132 1723 peni-

546 1763 635 1807 tus
682 1750 913 1805 fuissent
965 1760 1223 1815 expensa,
1271 1743 1346 1801 ait
1400 1742 1736 1812 procuratori
1778 1757 1875 1796 suo
1922 1757 1938 1795 :
1989 1741 2128 1809 Quid

545 1842 705 1898 nobis
729 1835 1208 1894 administrationis
1229 1834 1395 1889 babes
1410 1834 1475 1888 ad
1503 1835 1677 1888 noctis
1696 1832 1851 1903 hujus
1870 1843 2137 1888 sustenta-
2170 1806 2211 1865 Β
2244 1828 2407 1899 peris,
2457 1837 2516 1883 ut
2560 1828 2760 1884 Paulus
2795 1830 2972 1886 aiebat
3013 1832 3293 1907 apostolus.
3329 1852 3344 1888 :

545 1935 751 1989 tionem
801 1928 1224 1986 conferendum?
1263 1927 1447 1984 Atille
1484 1928 1870 1983 stomachando
1912 1943 2132 1999 respon-

547 2028 726 2093 debat,
765 2023 989 2079 dicens:
1033 2020 1264 2077 Prorsus
1306 2019 1468 2085 nihil;
1496 2020 1621 2090 quia
1664 2028 1723 2074 tu
1766 2021 1974 2076 tibimet
2004 2020 2135 2077 nihil

547 2130 830 2173 reservare
853 2114 1103 2174 curabas.
1137 2112 1263 2168 dum
1284 2112 1543 2181 quidquid
1569 2112 1742 2167 victus
1763 2114 1964 2168 habere
1995 2113 2138 2168 vide-

545 2209 764 2270 bamur,
788 2205 1025 2277 propriis
1047 2203 1131 2259 vel
1152 2204 1397 2259 externis
1422 2202 1611 2271 dapsili
1657 2202 1812 2271 jussu
1838 2204 2137 2262 distribue-

535 2310 660 2351 'ras.
714 2295 781 2350 Et
829 2295 967 2350 dixit
1020 2293 1096 2347 illi
1141 2295 1465 2363 episc0pus:
1497 2292 1637 2357 Noli,
1666 2310 1870 2363 quaeso,
1909 2295 2136 2352 nimium

550 2387 677 2442 inde
700 2385 942 2449 turbari;
972 2384 1227 2455 quoniam
1257 2383 1517 2438 Dominus
1555 2395 1742 2440 noster
1792 2383 1952 2440 Jesus
1979 2386 2137 2442 Chri-

547 2488 669 2536 stus
692 2459 824 2550 erga
864 2490 1053 2531 omnes
1077 2475 1130 2530 in
1161 2491 1218 2531 se
1244 2476 1532 2531 credentes
1557 2486 1643 2531 est
1690 2477 1825 2532 satis
1851 2475 2036 2550 largus
2082 2487 2143 2534 et

549 2572 723 2628 dives.
777 2572 848 2626 At
878 2569 967 2625 ille
1017 2584 1272 2625 rursum:
1308 2568 1487 2635 Modo,
1521 2569 1715 2641 inquit,
1749 2571 1958 2627 videbis
2009 2573 2137 2643 quid

551 2666 648 2724 tibi
674 2673 987 2721 comesturo
1010 2662 1258 2726 Christus
1284 2671 1407 2718 tuus
1430 2664 1529 2719 sub
1550 2664 1709 2735 hujus
1756 2665 1932 2721 noctis
1957 2666 2137 2737 spatio

547 2758 621 2815 sit
646 2756 992 2819 daturusaEt
1038 2754 1276 2809 surrexit
1320 2752 1587 2823 pontifex,
1626 2754 1753 2824 quia
1784 2762 1996 2826 tempus
2044 2771 2139 2811 ve-

549 2847 852 2920 spertinum
880 2842 1231 2909 instabat,’ut
1260 2844 1312 2899 in
1345 2844 1478 2898 locis
1501 2845 1725 2900 remotis
1761 2860 1997 2917 congrua
2047 2863 2138 2903 ve-

549 2939 805 3010 spertina:
828 2936 1004 2990 laudis
1032 2934 1211 2988 ofﬁcia
1235 2933 1575 3004 adimpleret.
1599 2935 1790 2991 Adhuc
1834 2937 1981 2991 enim
2020 2935 2138 3005 jam

552 3028 731 3082 dictus
757 3032 1078 3096 procurator
1109 3021 1274 3078 stulto
1294 3038 1572 3078 murmure
1592 3035 1710 3094 post
1736 3025 2028 3091 clamabat,
2050 3028 2136 3085 di-

549 3124 680 3175 cens
704 3133 719 3171 :
758 3116 929 3187 Perge
955 3116 1151 3187 oppido
1171 3118 1401 3172 adorare
1424 3125 1628 3172 tantum
1652 3117 1927 3174 Christum
1954 3130 2130 3189 tuum,

549 3212 628 3268 nil
653 3209 797 3265 aliud
828 3218 1025 3265 nostra:
1055 3209 1395 3264 necessitatis
1421 3212 1725 3267 attendens.
1762 3212 1933 3269 Erant
1976 3229 2136 3271 nam-

551 3319 662 3376 que
691 3305 744 3357 in
772 3304 875 3358 hac
900 3302 1089 3358 eadem
1116 3301 1263 3367 villa,
1290 3316 1394 3370 qua
1425 3311 1553 3357 tunc
1584 3304 1667 3357 vir
1706 3302 1799 3360 Dei
1848 3322 1973 3361 cum
2023 3309 2136 3363 suis

552 3392 957 3462 hostiilabatur,
993 3391 1269 3459 cujusdam
1323 3394 1621 3449 venerandi
1672 3396 1885 3452 abbatis
1935 3399 2133 3465 nuntii,

551 3484 736 3538 triduo
784 3482 928 3538 beati
980 3484 1269 3537 adventum
1321 3485 1592 3553 pontificis
1646 3486 2138 3554 przestolantesmt

554 3583 842 3639 venerunt,
882 3574 1197 3644 priusquam
1244 3573 1334 3630 ille
1379 3586 1559 3647 coepta
1604 3579 1925 3648 veSpertitm
1964 3580 2139 3639 laudis

554 3664 735 3720 ofﬁcia
763 3663 1034 3719 cantando
1074 3674 1381 3735 perageret,
1431 3682 1553 3722 cum
1603 3670 1799 3740 opimis
1839 3671 2136 3741 gratiarum

556 3756 903 3822 muneribus,
929 3755 1291 3825 omnibusque
1319 3756 1558 3829 regiouit
1580 3758 1725 3816 illius
1745 3756 1975 3826 deliciis,
2003 3765 2136 3818 cha-

544 3846 776 3902 ‘ritativc
804 3861 873 3901 ex
931 3859 1027 3902 ore
1072 3846 1284 3902 abbatis
1342 3847 1678 3920 fratrumque
1726 3867 1948 3908 suorum
1994 3854 2137 3910 ﬁdeli

533 3937 823 4009 *pltalange
845 3937 1146 3993 salutantes
1165 3939 1496 4010 episcopum.
1522 3942 1667 4008 Quas
1694 3941 1783 3997 ille
1802 3943 2133 4001 benedictio-

556 4044 688 4084 num
736 4027 1039 4084 eharitates
1093 4038 1373 4099 gratanter
1449 4032 1721 4103 accipiens
1754 4074 1770 4099 ,
1823 4034 2141 4092 resalutavit

558 4121 858 4192 gratiosum
883 4119 1158 4186 abbatem,
1191 4136 1314 4178 curn
1361 4122 1556 4181 devoto
1585 4139 1769 4181 secum
1814 4128 2138 4183 morantium

538 4212 792 4268 fratrum
822 4213 1204 4269 contubernio.
1251 4213 1443 4271 Postea
1472 4230 1601 4270 vero
1635 4233 1701 4273 ex
1733 4217 1921 4274 iisdem
1948 4235 2138 4275 mune-

536 4301 733 4368 eribus,
767 4301 997 4358 fratrum
1031 4319 1246 4374 quoque
1268 4306 1653 4375 praedictorum
1687 4308 1955 4365 charitate
1977 4309 2144 4365 colla-

559 4392 657 4458 tis,
680 4394 769 4449 diu
792 4394 1046 4451 deliciose
1067 4398 1408 4467 properando
1434 4399 1689 4455 vivebant
1720 4417 1734 4453 :
1765 4416 1829 4456 ac
1858 4411 2021 4456 sttnta
2048 4403 2144 4456 de-

2230 532 2536 601 cﬁiccretur
2582 544 2633 614 (1
2663 545 2785 601 Cor.
2819 561 2897 611 ιι,
2925 544 3040 615 27),
3070 544 3408 617 propria-que
3446 546 3828 618 praedicationi

2231 637 2561 692 contrarius.
2590 635 2795 692 Deinde
2834 647 3012 692 autem
3065 639 3339 693 destructa
3400 654 3695 707 renovare,
3732 655 3828 697 ne-

2231 726 2400 795 glecta
2422 742 2637 798 quoque
2660 726 2980 796 justiﬁcare,
3013 729 3131 783 loca
3182 741 3365 784 sancta
3399 731 3604 792 ditare,
3648 732 3828 797 justus

2231 830 2439 883 amare,
2463 828 2710 873 errantes
2732 820 2796 873 ad
2822 820 2964 874 viam
3010 836 3286 885 revocare,
3316 820 3409 879 Dei
3440 824 3711 878 ecclesias
3746 821 3830 877 fa-

2230 908 2466 975 bricare,
2503 924 2806 981 nomenque
2832 911 2945 966 veri
2970 913 3210 983 pastoris
3240 914 3295 968 in
3344 912 3608 969 omnibus
3653 914 3830 970 adim-

2228 1003 2398 1074 plere.

2300 1093 2391 1149 29.
2432 1093 2542 1164 Ego
2571 1093 2810 1164 quidem,
2850 1094 2896 1149 si
2936 1093 3023 1149 die
3051 1103 3319 1165 noctuque
3357 1095 3617 1153 millenos
3660 1113 3825 1155 sonos

2230 1184 2406 1242 ferrea
2439 1186 2616 1256 lingua
2646 1196 2839 1241 contra
2867 1197 3115 1241 naturam
3156 1189 3491 1258 emitterent,
3526 1191 3819 1263 nequirem

2230 1279 2419 1348 utique
2449 1280 2627 1333 omnii
2675 1279 3003 1335 beneﬁciosa
3050 1280 3305 1335 \irtntmn
3354 1298 3582 1337 suat-um
3626 1298 3821 1353 opera,

2231 1384 2351 1440 qua:
2390 1370 2473 1424 vcl
2505 1370 2789 1426 manifeste
2823 1372 2907 1426 vel
2933 1371 3096 1427 etiam
3123 1384 3332 1429 secrete
3366 1376 3605 1443 peregit,
3642 1391 3826 1445 prom-

2232 1461 2425 1532 psisse.
2459 1461 2635 1527 Unum
2669 1470 2848 1516 autem
2871 1477 2938 1518 ex
2970 1464 3088 1533 ipso
3120 1480 3204 1519 me
3234 1480 3394 1537 posse
3420 1468 3629 1521 referre
3659 1468 3825 1536 proﬁc

2235 1562 2373 1617 teor,
2398 1555 2540 1618 quod
2569 1555 2816 1623 quamvis
2845 1554 2934 1610 hic
2969 1572 3166 1611 carneo
3202 1569 3387 1627 septns
3423 1559 3698 1615 velamine
3734 1561 3826 1616 dc-

2233 1645 2436 1712 gafsset
2475 1644 2527 1697 in
2566 1645 2725 1712 imis,
2772 1657 2951 1701 mente
2984 1657 3183 1713 tamen,
3223 1650 3336 1706 sive
3376 1650 3664 1722 vigilaret,
3707 1654 3822 1709 sive

2233 1747 2260 1788 s
2282 1749 2424 1788 mtuo
2449 1734 2700 1790 detentus
2731 1737 3059 1805 quiesceret,
3102 1755 3317 1809 semper
3351 1744 3611 1799 manebat
3645 1745 3700 1798 in
3731 1761 3822 1800 su-

3396 1835 3602 1889 Νοεετη
3647 1852 3821 1892 autem

2238 1922 2556 1975 conversatio
2580 1922 2631 1975 in
2662 1922 2803 1977 caelis
2835 1934 2911 1977 est
2943 1922 3112 1995 (Phil.
3136 1941 3218 1990 ut,
3247 1926 3362 1993 20).
3401 1927 3517 1982 [loc
3561 1930 3821 1985 nimirum

2236 2011 2533 2080 sepissime
2579 2014 2770 2081 patuit,
2810 2014 2938 2068 dum
2985 2014 3252 2089 (dictavit)
3300 2017 3483 2070 divina
3536 2034 3822 2075 sacramus

2237 2100 2660 2184 modulaminutn
2698 2104 2931 2169 cantica,
2968 2120 3089 2175 qua:
3130 2106 3199 2160 ab
3241 2105 3557 2163 hominibus
3594 2111 3822 2179 quidem

2236 2211 2514 2265 nunquam
2557 2196 2788 2265 accepit,
2826 2198 2919 2251 sed
2961 2212 3027 2251 ex
3066 2199 3240 2253 beatis
3283 2205 3534 2270 superine
3580 2194 3821 2271 regioni;

2238 2286 2446 2343 civibus
2477 2302 2572 2355 per
2605 2286 2890 2358 sopitalem
2917 2286 3029 2358 (57}
3053 2287 3435 2343 revelatiOuem
3464 2290 3655 2358 eapaci
3690 2291 3724 2344 d
3745 2294 3823 2346 oi-

2237 2390 2388 2434 cerat
2417 2379 2715 2445 intellectu,
2764 2389 2823 2435 ut
2854 2381 2967 2436 bare
3002 2395 3235 2452 sequens
3269 2383 3541 2436 sententia
3589 2384 3817 2438 manife-

2238 2479 2365 2527 stat.
2388 2472 2629 2540 Quadam
2653 2482 2814 2528 nocte
2836 2474 2902 2528 ad
2925 2472 3086 2544 hujus
3110 2471 3334 2528 visionis
3363 2473 3670 2543 exemplar,
3698 2482 3819 2543 past

2236 2564 2324 2634 pia
2356 2579 2576 2634 precum
2611 2565 2787 2620 studia
2824 2574 3053 2635 postque
3088 2564 3439 2619 novissimum
3477 2564 3818 2635 completorii

2237 2654 2497 2720 cilicium,
2526 2657 2654 2709 dum
2684 2655 2841 2711 beata
2890 2657 3131 2717 membra
3163 2657 3330 2738 quieti
3361 2657 3628 2722 dedisset,
3669 2670 3819 2714 certa

2239 2746 2699 2803 demonstratione
2730 2749 3013 2819 conspexit
3037 2743 3307 2818 quomodo
3342 2753 3582 2819 propria,
3613 2767 3736 2821 qua:
3760 2765 3821 2807 se

2239 2836 2365 2892 huic
2390 2836 2588 2892 mundo
2611 2838 2874 2905 ediderat,
2906 2847 3080 2893 mater
3107 2839 3319 2894 cuidam
3355 2841 3467 2907 regi
3499 2840 3817 2911 pra-potenti

2239 2925 2305 2979 ad
2330 2925 2664 2996 conjugalcm
2694 2941 2969 2997 sponsam,
2993 2928 3094 2984 sitb
3120 2942 3330 2983 summo
3358 2929 3667 2999 principum
3693 2946 3821 2984 suo-

2240 3032 2359 3071 rum
2389 3019 2696 3074 testimonio
2717 3020 2967 3089 dolisque
2983 3020 3081 3075 sub
3113 3021 3291 3085 titulo,
3320 3022 3673 3091 copularetur
3688 3037 3819 3078 con-

2232 3101 2428 3176 jugio;
2471 3116 2527 3162 et
2566 3116 2621 3161 ut
2672 3109 2827 3163 fieret
2864 3109 2915 3162 in
2959 3109 3045 3163 his
3093 3110 3364 3179 regalibus
3421 3112 3629 3180 nuptiis
3672 3104 3815 3167 tanta

2239 3198 2581 3269 psallentium
2625 3198 2827 3263 ltetitia,
2860 3210 2919 3254 ut
2961 3202 3105 3256 onmi
3151 3217 3217 3257 ex
3258 3213 3411 3273 parte
3448 3202 3817 3270 jucundantes

2239 3291 2445 3347 militiae
2495 3303 2851 3361 personarent
2901 3294 3160 3364 hymnum
3217 3296 3647 3362 suavissimum,
3694 3312 3815 3352 cum

2236 3382 2393 3437 laude
2425 3397 2620 3438 sonora
2648 3383 2825 3438 eidem
2864 3384 2973 3456 regi
3011 3385 3357 3440 modulanda.
3407 3387 3476 3442 lit
3522 3387 3653 3442 dum
3698 3388 3811 3442 hac

2238 3478 2328 3534 diu
2362 3462 2670 3548 agerentur,
2694 3481 2923 3536 accessit
2957 3480 3099 3536 inter
3127 3480 3469 3552 psallentium
3500 3496 3667 3538 voces
3692 3481 3810 3551 qui-

2232 3565 2360 3627 dam
2377 3572 2611 3642 juvenis,
2634 3572 2794 3628 niveo
2817 3574 3046 3629 vestitus
3071 3573 3329 3639 candore,
3353 3575 3541 3628 dicens
3569 3575 3673 3630 sub
3696 3572 3806 3642 ipsa

2238 3659 2443 3714 visione
2486 3662 2730 3729 pontiﬁci
2770 3679 2784 3715 :
2828 3660 3019 3717 Nonne
3063 3664 3213 3718 vides
3247 3672 3302 3718 et
3343 3663 3500 3717 audis
3545 3663 3810 3732 quomodo

2227 3749 2415 3817 omnis
2440 3751 2557 3807 haec
2591 3767 2762 3808 ovans
2794 3752 3081 3807 mul.itudo
3111 3769 3289 3822 regem
3322 3768 3578 3819 magnum
3613 3755 3666 3806 in
3706 3762 3811 3807 tur-

2238 3843 2342 3898 mis
2363 3844 2476 3898 suis
2502 3845 2878 3912 concrepaudo
2908 3843 3194 3912 gloriﬁcat,
3237 3856 3289 3897 te
3326 3843 3441 3898 solo
3476 3844 3713 3899 silente?
3736 3844 3809 3898 Tu

2240 3946 2409 4002 quare
2452 3931 2504 3986 in
2531 3934 2801 4002 prteconio
2832 3933 2967 3989 tanti
2997 3934 3140 4005 regis
3177 3933 3474 4003 condignas
3512 3935 3703 3990 laudes
3724 3947 3811 3990 ore

2239 4021 2417 4081 solum
2436 4024 2717 4079 .tobtscum
2740 4040 2846 4079 non
2870 4040 3119 4090 resonas,
3140 4026 3231 4095 qui
3252 4041 3359 4094 pra:
3383 4027 3604 4081 ett-teris
3631 4027 3813 4097 prteci-

2239 4130 2342 4185 pne
2368 4116 2605 4186 gaudere
2633 4117 2859 4173 deberes
2881 4132 2977 4187 pro
3001 4125 3148 4173 tanta
3174 4117 3515 4187 capulatione
3539 4120 3815 4188 parentis?

2241 4203 2394 4261 Tunc
2416 4207 2507 4265 ille
2528 4207 2833 4278 hujusmodi
2858 4210 3100 4265 carmina
3122 4225 3182 4267 se
3200 4210 3412 4266 nescire
3436 4210 3811 4280 respondebat,

2241 4311 2408 4366 seque
2453 4314 2677 4369 prorsus
2710 4300 2838 4371 quid
2877 4301 2930 4355 in
2962 4301 3120 4357 laude
3153 4303 3292 4372 regis
3321 4302 3605 4371 prtelocnti
3636 4314 3814 4359 canta.

2240 4397 2365 4443 rent
2404 4389 2701 4459 ignorasse.
2748 4391 2818 4446 At
2865 4391 2956 4447 ille
2998 4410 3012 4446 :
3057 4392 3170 4459 Vis,
3216 4393 3408 4463 inquit,
3453 4403 3514 4447 ut
3554 4395 3811 4449 instruant

560 4482 691 4537 hinc
719 4487 1079 4539 marmoratio
1116 4488 1363 4555 procacis
1408 4490 1663 4557 ministri,
1714 4491 1868 4547 ﬁrma
1916 4507 1983 4547 ex
2038 4492 2140 4547 ﬁde
2168 4489 2220 4550 D
2246 4479 2373 4549 quid
2398 4488 2448 4534 ιθ
2469 4488 2691 4534 “mare
2710 4480 3083 4550 oportealmt
3109 4490 3235 4537 (“1m
3263 4476 3453 4537 humili
3482 4482 3812 4554 Ρτοίθεείπιθ

561 4568 837 4642 pontiﬁcis
863 4571 944 4625 sic
974 4583 1255 4643 superata,
1280 4576 1507 4647 quievit.

631 4659 721 4715 28.
763 4659 1002 4715 Tandem
1030 4665 1096 4718 ad
1122 4674 1362 4734 optatam
1386 4667 1640 4724 Romanae
1664 4664 2141 4737 Sedis'Ecclesiam,

559 4751 793 4810 Domino
820 4751 1071 4819 ducente,
1095 4756 1366 4824 pervenit,
1412 4757 1504 4813 ubi
1551 4759 1776 4828 pallium
1828 4761 2140 4831 principale,

560 4844 668 4902 sub
725 4843 1045 4913 praesulatus
1098 4846 1399 4918 privilegio,
1445 4864 1549 4903 una
1596 4864 1717 4905 cum
1771 4850 2144 4908 benedictione

544 4935 859 5013 _apostolica
887 4935 1121 5008 gloriose
1145 4938 1419 5010 suscepit:
1444 4955 1767 5012 rursumque
1790 4942 1996 4999 loccltis
2016 4957 2144 4999 san-

562 5036 776 5085 ctorum
802 5028 1069 5095 lustratis,
1096 5038 1152 5086 et
1176 5029 1363 5087 solatis
1407 5030 1609 5089 Christi
1661 5034 2006 5105 pauperibus,
2047 5049 2145 5105 per

563 5121 715 5192 pacis
736 5120 932 5175 itinera
958 5118 1029 5177 ad
1047 5123 1276 5192 patriam
1304 5139 1476 5194 usque
1503 5128 1785 5182 remeavit.
1824 5128 1894 5183 Et
1911 5144 2032 5184 cum
2055 5143 2145 5182 ve-

566 5210 739 5267 nisset
765 5224 1009 5266 summus
1030 5212 1325 5285 Anglorum
1361 5216 1627 5288 pontifex,
1655 5217 1922 5289 spirituali
1969 5218 2146 5274 chari-

567 5309 742 5336 ιηισιιο
765 5300 985 5336 omnium

1042 5304 1201 5336 amni!
1236 5306 1469 5336 Ἀσίω-ιο*
1518 5319 1575 5336 ..ι
1622 5308 1902 5344 -..ιιι-..ξιιμ
1936 5309 2143 5344 ηωιορςο

2244 4584 2305 4624 se
2325 4569 2461 4625 velle
2491 4578 2804 4635 testaretur,
2827 4586 2953 4627 mox
2989 4573 3181 4627 imbuit
3201 4588 3325 4628 eum
3348 4575 3508 4645 hujus
3541 4572 3811 4645 exemplar

2245 4657 2552 4731 antipbonte
2580 4658 2661 4714 :0
2696 4659 2811 4714 Rex
2833 4662 3063 4731 gentium
3091 4662 3384 4716 dominator
3407 4664 3669 4729 omnium,
3697 4680 3808 4735 pro-

2243 4757 2357 4818 pter
2388 4749 2560 4803 sedem
2585 4749 2874 4820 majestatis
2896 4762 3000 4806 tua:
3020 4752 3090 4805 da
3122 4754 3265 4806 nobis
3297 4752 3708 4823 indulgentiam,
3731 4768 3808 4806 re;

2245 4836 2470 4907 Christe,
2513 4850 2862 4911 peccatorum.
2909 4842 3157 4899 Alleluia.
3204 4842 3317 4899 Hac
3368 4845 3573 4900 etenim
3625 4846 3809 4916 sapius

2204 4956 2215 4962 ι
2246 4929 2458 4992 iterata.
2502 4940 2556 4986 et
2585 4933 2639 4986 in
2679 4934 2867 4989 eadem
2912 4937 3117 4992 visione
3145 4934 3282 4989 bene
3308 4936 3547 5002 ﬁrmata,
3577 4950 3809 4991 murmur

2246 5017 2567 5089 getninabile
2593 5019 3004 5094 expergefactus
3028 5024 3239 5089 emisit;
3264 5024 3360 5080 sed
3382 5026 3643 5080 continuo
3656 5024 3808 5093 jussit

2245 5122 2365 5164 eam
2390 5108 2692 5168 litterarum
2714 5114 2770 5169 in
2791 5115 3073 5178 memoria,
3103 5114 3416 5185 priusquam
3442 5114 3702 5171 oblivioni
3722 5114 3805 5169 da-

2245 5208 2415 5262 retur.
2441 5203 2811 5265 conscribere.
2834 5213 2890 5257 et
2914 5205 3276 5273 conscriptam
3298 5204 3517 5259 cuidam
3550 5207 3807 5260 monacho

2246 5295 2357 5342 tam
2385 5300 2659 5336 recentum
2674 5290 2923 5336 didicisse
2947 5296 3192 5336 nrmopnit
3222 5310 3235 5335 9
3260 5304 3309 5336 at
3340 5297 3488 5336 ἴθι-1η
3517 5312 3675 5336 mnum
3697 5297 3804 5336 nni.
