4048 5368
156 316 322 374 1449

1411 313 1569 374 VITA
1613 317 1693 372 SA
1705 315 1858 372 NCTI
1911 311 2279 376 DUNSTANI.

3345 320 3486 378 “50

156 450 412 494 marum
463 433 685 496 dicente
733 458 745 493 :
783 439 956 494 Verus
986 447 1070 492 est
1096 437 1240 493 enim
1269 447 1322 492 et
1357 451 1461 492 non
1492 436 1681 499 falsus,
1710 435 1804 504 qni
1838 446 1880 496 Α
1912 437 2258 505 exposcebat,
2295 437 2481 492 dicens
2513 448 2527 491 :
2561 436 2680 508 Ipse
2727 450 2801 494 est
2843 456 2948 510 pax
2991 450 3190 506 nostra,
3234 441 3324 508 qui
3365 440 3486 510 fecit

157 527 323 582 hanc
370 529 525 585 mihi
562 545 816 586 sonoram
860 526 1262 601 (antiphonam)
1302 529 1404 582 sub
1435 527 1612 582 noctis
1642 525 1801 593 hujus

155 619 412 674 visione
484 620 777 676 imbuendo
829 619 1173 675 monstravit.
1221 619 1358 674 llinc
1403 618 1592 689 procul
1638 617 1802 671 dubio

160 710 353 783 (sicut
378 711 515 782 jam
555 715 807 785 superius
835 713 1094 781 diximus)
1118 712 1332 774 claruit,
1362 713 1414 766 in
1440 712 1634 781 quibus
1658 711 1802 766 loco-

160 819 300 859 rum
336 808 634 876 partibus,
667 808 792 862 dum
819 821 1048 878 corpore
1076 806 1403 876 quiesceret,
1432 806 1624 876 spiritu
1659 804 1801 860 felici

161 897 425 953 interim
462 901 582 968 ipse
609 882 920 955 mansisset.

242 989 350 1043 50.
399 980 573 1046 Nunc
599 991 810 1056 vellem,
839 991 1153 1061 priusquam
1185 986 1314 1046 hinc
1335 987 1549 1060 longius
1576 987 1803 1057 legendo

163 1097 592 1152 properarem,
623 1083 857 1152 peritum
883 1082 1014 1136 mihi
1046 1083 1393 1152 interpretem
1426 1081 1492 1135 ad
1523 1081 1680 1147 hujus
1705 1079 1804 1133 mi-

166 1186 252 1228 ra!
279 1173 540 1229 visionis
564 1174 694 1228 mihi
718 1173 1034 1244 mysterium
1050 1184 1335 1242 coaptare:
1359 1181 1474 1236 aut,
1501 1172 1544 1226 si
1571 1172 1802 1242 «prodam

166 1266 507 1321 conamine
536 1266 850 1330 Valuissem,
882 1266 997 1335 ipse
1023 1265 1141 1333 ejus
1170 1266 1674 1334 interpretationem
1704 1278 1804 1332 pro

168 1365 352 1426 posse
378 1357 624 1424 virium,
655 1358 783 1412 licet
803 1359 924 1428 igne
943 1358 1139 1427 tepenti
1167 1357 1534 1428 liquefactam,
1560 1356 1806 1411 exsolve-

173 1457 263 1502 re.
301 1448 558 1503 Matrem
586 1451 784 1519 quippe
811 1450 938 1504 almi
966 1450 1259 1518 pontiﬁcis,
1287 1450 1464 1520 magni
1501 1450 1642 1519 regis
1669 1465 1801 1503 con-

169 1538 339 1610 iugio
368 1540 723 1610 c0pulatam,
749 1548 992 1595 sanctam
1029 1550 1158 1610 puto
1190 1541 1477 1610 designare
1503 1539 1804 1594 Ecclesiam

174 1631 328 1703 (58),
364 1648 506 1700 qua:
533 1631 618 1686 vel
641 1631 790 1686 illum
819 1631 899 1685 vel
923 1632 1088 1686 etiam
1117 1631 1254 1686 alios
1281 1631 1631 1701 quamplures
1657 1645 1806 1685 more

177 1734 460 1780 materno
493 1740 594 1794 per
626 1723 925 1794 spiritalem
965 1724 1108 1779 sacri
1146 1724 1488 1793 baptismatis
1521 1734 1734 1778 uterum
1774 1741 1802 1779 a

176 1817 354 1888 primi
375 1815 634 1886 parentis
654 1814 768 1885 (59)
783 1814 1064 1885 privilegio
1079 1817 1439 1883 regeneravit.
1467 1815 1542 1869 lta
1559 1815 1802 1884 quidem,

179 1926 313 1982 qua:
367 1926 532 1966 nunc
577 1925 791 1965 summo
831 1912 964 1981 regi,
1005 1912 1224 1966 Christo
1254 1912 1506 1967 videlicet
1553 1913 1804 1978 Domino,

180 2017 288 2071 per
320 2017 483 2056 verre
518 2002 639 2056 ﬁdei
669 2002 1022 2072 agnitionem,
1046 2018 1249 2074 perque
1272 2004 1439 2058 divini
1469 2005 1670 2060 amoris
1693 2022 1806 2060 am-

183 2097 452 2166 plexum,
487 2096 638 2151 velut
662 2111 862 2165 sponsa
895 2095 1185 2164 conjuncta
1227 2098 1344 2152 viro
1380 2113 1501 2163 suo,
1540 2099 1807 2155 inluerere

183 2187 422 2241 videtur
453 2204 471 2240 :
512 2187 627 2242 lucc
655 2187 842 2243 eadem
873 2199 1062 2243 sancta
1094 2199 1270 2244 mater
1301 2191 1546 2245 Ecclesia
1580 2192 1631 2246 in
1667 2192 1809 2245 Can-

191 2276 307 2331 tico
335 2275 693 2331 canticorum
720 2277 925 2332 clamat
956 2295 969 2330 :
1005 2276 1309 2332 Introduxit
1334 2297 1413 2334 me
1444 2297 1534 2333 rex
1559 2282 1610 2334 in
1654 2282 1806 2335 cubi-

189 2365 386 2419 culum
421 2381 612 2430 suum,
638 2366 1014 2420 exsultabintus
1044 2378 1093 2421 et
1117 2367 1417 2422 (tutabimur
1437 2371 1489 2423 in
1519 2381 1586 2432 te,
1615 2387 1810 2423 memo-

195 2473 280 2511 res
324 2457 561 2511 uberum
603 2468 813 2511 tuarum
852 2474 1008 2527 super
1044 2459 1222 2512 vinum
1271 2475 1290 2512 :
1339 2462 1461 2513 recti
1501 2461 1726 2530 diligunt
1761 2470 1810 2514 te

196 2547 387 2616 (Cant.
422 2563 464 2612 I,
497 2547 577 2619 5).
611 2549 676 2602 Et
698 2548 893 2604 iterum
929 2566 942 2604 :
975 2548 1283 2603 Introduxit
1316 2567 1393 2604 me
1422 2566 1515 2604 rex
1548 2553 1601 2604 in
1625 2550 1810 2605 cellam

195 2641 478 2694 vinariam
518 2657 539 2694 :
580 2642 844 2696 ordinavit
886 2642 940 2696 in
990 2658 1072 2695 me
1120 2643 1450 2708 cltaritalem,
1499 2643 1681 2712 fulcite
1731 2661 1812 2698 me

199 2731 460 2799 ﬂoribus,
487 2732 680 2801 stipata
711 2748 791 2786 me
811 2731 985 2797 malis,
1015 2734 1142 2802 quia
1173 2749 1350 2788 amore
1377 2733 1623 2804 langueo.
1653 2734 1811 2790 La’va

203 2821 323 2889 ejus
351 2821 455 2874 sub
488 2825 658 2890 capite
689 2838 820 2887 nica,
855 2832 901 2876 et
935 2824 1121 2877 dextra
1153 2824 1295 2878 illius
1319 2825 1704 2895 amplexabitur
1733 2843 1813 2881 me

203 2911 392 2980 (Cant.
442 2929 511 2973 ιι,
555 2913 690 2982 4-6),
729 2924 836 2968 etc.
879 2914 1054 2970 Aliter
1102 2925 1284 2970 autem
1317 2925 1541 2972 autumo
1584 2928 1810 2972 matrem

201 3003 460 3072 ejusdem
489 3003 618 3057 almi
641 3003 930 3072 pontiﬁcis,
966 3005 1075 3074 regi
1103 3007 1362 3074 prteeelso
1391 3007 1443 3060 in
1462 3009 1812 3062 matrimonio

1904 537 2122 596 utraque
2152 545 2312 582 unum
2342 529 2561 601 (Ephes.
2595 545 2656 594 tt,
2687 531 2796 600 Η),
2827 541 2936 585 etc.
2967 531 3119 597 Quod
3150 532 3294 585 enim
3329 529 3482 601 juve-

1905 631 2027 671 nem
2079 620 2291 673 viderat
2346 629 2496 675 veste
2545 621 2699 676 nivea
2767 623 3114 686 candentem,
3168 621 3365 690 partim
3424 636 3486 678 se

1905 723 2094 776 aspere
2122 711 2508 780 increpantem,
2533 713 2676 782 quod
2700 713 2750 766 in
2774 713 3015 782 pradicti
3040 713 3300 782 principis
3326 713 3484 768 laude

1907 801 2194 867 reticeret;
2225 805 2474 874 angelum
2498 805 2774 859 custodem
2800 805 2969 875 ipsius
2995 819 3116 859 esse
3141 820 3248 860 non
3275 804 3488 871 dubito,

1905 895 1996 964 qui
2029 895 2205 950 verbis
2223 912 2347 951 eum
2369 897 2705 968 spiritalibus
2725 899 3022 953 erudiendo
3046 897 3371 967 prtemonuit
3420 911 3492 952 ne

1906 993 2040 1045 nmti
2091 993 2243 1047 canis
2294 994 2722 1048 taciturnitatem
2783 993 3096 1065 (imitatus),
3152 993 3493 1064 permitteret

1906 1081 2164 1136 latentem
2203 1082 2506 1148 inimicum,
2547 1082 2720 1139 furetn
2757 1084 3008 1138 videlicet
3033 1083 3328 1142 diabolum,
3375 1083 3495 1136 ani-

1908 1187 2024 1226 mas
2057 1171 2157 1225 sibi
2189 1173 2624 1230 commissorum.
2677 1174 3005 1228 talentmnvc
3045 1174 3137 1228 Dei
3183 1174 3264 1228 sui
3305 1172 3490 1226 furtim

1907 1266 2199 1334 praeripere
2235 1283 2247 1318 :
2282 1266 2374 1320 sed
2408 1275 2465 1319 ut
2493 1282 2589 1320 ore
2626 1267 2905 1336 perpatulo
2937 1267 3281 1335 prtedicarct,
3311 1273 3366 1320 et
3403 1265 3493 1332 pia

1908 1358 2086 1413 cordis
2115 1355 2455 1412 confessione
2489 1370 2804 1427 personaret
2833 1359 3110 1413 Christum
3144 1373 3265 1413 esse
3310 1371 3494 1427 regem

1906 1459 1960 1504 et
2011 1450 2403 1503 dominatorem
2451 1451 2716 1513 omnium,
2774 1451 3098 1513 ccelestium,
3153 1451 3494 1503 terrestrium

1908 1548 1963 1594 et
1989 1538 2358 1603 infernarum;
2392 1549 2446 1593 et
2485 1549 2544 1594 ut
2585 1541 2756 1609 ipsum
2799 1550 3018 1609 propior
3054 1539 3236 1594 sedem
3277 1554 3496 1593 nomen-

1908 1643 2012 1698 que
2065 1628 2365 1698 majestatis
2413 1644 2542 1692 suae,
2597 1629 2748 1698 prius
2802 1644 2899 1696 pro
2961 1629 3098 1692 suis,
3153 1628 3348 1682 deinde
3397 1641 3496 1697 pro

1912 1719 2230 1789 populorum
2288 1719 2503 1774 delictis
2556 1719 2909 1788 interpellans
2961 1727 3236 1782 exoraret,
3291 1726 3351 1771 ut
3416 1718 3498 1771 eis

1908 1812 2028 1881 pius
2072 1822 2416 1881 peccatorum
2460 1813 2761 1866 exstitisset
2798 1811 3174 1880 iudultor,pro
3215 1809 3409 1878 quibus
3437 1823 3498 1863 se

1908 1904 2073 1959 semel
2105 1914 2331 1973 paterno
2356 1921 2554 1975 parcns
2586 1914 2860 1974 prmcepto
2893 1903 3092 1958 oll‘erre
3129 1918 3236 1957 non
3265 1899 3491 1956 distulit.

2529 2015 2757 2070 CAPUT
2801 2015 2884 2070 Vl.

2095 2096 2272 2151 Varia:
2311 2097 2552 2151 visiones.
2601 2095 2930 2165 f’rrrparatio
2969 2096 3038 2148 ad
3078 2104 3316 2149 mortem.

1979 2178 2068 2232 5|.
2111 2176 2207 2229 llis
2228 2177 2400 2230 modis
2426 2177 2696 2246 prtedictis
2726 2191 2865 2243 sa'pe
2893 2190 3172 2229 Sacrorum
3194 2174 3498 2230 carminum

1911 2267 2272 2322 modulamina
2307 2281 2398 2320 seu
2423 2279 2650 2320 crateras
2678 2267 2784 2320 [)eo
2812 2266 3069 2320 decil:ilrs
3093 2267 3278 2322 laudes
3307 2267 3500 2336 spiritu

1911 2357 2156 2427 pervigili
2177 2372 2244 2412 ex
2275 2356 2472 2412 divinis
2501 2357 2862 2411 imbutoribus
2911 2357 3176 2411 didicerat
3201 2397 3214 2418 ,
3246 2359 3500 2426 quamvis

1912 2452 2030 2521 ejus
2062 2453 2285 2507 lmmani
2317 2463 2466 2507 artus
2491 2453 2542 2506 in
2593 2453 2768 2506 somni
2802 2467 2996 2520 sopore
3048 2451 3256 2505 sul;ac;i
3301 2451 3506 2520 jacuis—

1913 2557 2065 2607 sent,
2101 2553 2162 2600 ut
2207 2545 2346 2601 illud
2390 2553 2470 2600 est
2519 2543 2866 2598 Salomonis:
2903 2543 3014 2611 Ego
3049 2543 3274 2606 dormio,
3322 2551 3370 2594 et
3414 2559 3506 2594 cor

1912 2655 2084 2693 meum
2109 2638 2285 2709 vigilat
2311 2637 2489 2709 (Cant.
2522 2653 2574 2700 v,
2602 2636 2678 2700 2‘).
2713 2635 2778 2688 Et
2807 2635 3000 2689 iterum
3048 2634 3308 2704 propheta
3338 2633 3508 2689 Isaias

1914 2731 2031 2785 ait:
2068 2730 2143 2785 De
2190 2738 2347 2784 nocte
2396 2728 2580 2798 vigilat
2619 2728 2838 2796 spiritus
2876 2742 3028 2780 meus
3055 2727 3119 2780 ad
3151 2736 3220 2792 te,
3254 2725 3509 2794 Doinine,

1913 2823 2038 2892 quia
2077 2823 2165 2877 lux
2192 2835 2309 2875 mea
2340 2805 2607 2890 percepta
2639 2829 2724 2873 tua
2769 2829 2897 2874 sunt
2944 2817 3081 2890 (Isai
3119 2835 3267 2883 χχιι,
3297 2819 3372 2889 9).
3405 2818 3508 2886 Qui

1915 2916 2078 2970 etiam
2110 2914 2162 2966 in
2189 2913 2390 2966 mundo
2417 2911 2647 2980 positus,
2675 2912 2818 2980 ipsos
2842 2911 3061 2964 humani
3091 2911 3304 2980 generis
3327 2911 3511 2964 inimi-

1915 3023 2010 3062 cos
2046 3005 2196 3061 claro
2226 3005 2507 3074 conspexit
2530 3003 2751 3066 intuitu,
2777 3011 2834 3056 ut
2863 3003 3179 3058 imminente
3201 3003 3510 3058 miserrima

203 3092 590 3162 conjunczam,
623 3095 825 3164 proprii
860 3096 1180 3164 praasulatus
1205 3097 1502 3151 Ecclesium
1526 3116 1684 3167 posse
1715 3101 1810 3154 de-
1838 3124 1884 3185 ρ
1920 3100 2059 3170 regis
2091 3097 2388 3152 Eadmundi
2449 3096 2819 3163 peremptione
2862 3093 3197 3148 declaratum
3256 3102 3358 3148 est.
3411 3091 3512 3148 llic

207 3183 460 3254 signare,
491 3199 656 3253 quam
693 3186 793 3240 sub
823 3201 987 3240 manu
1019 3187 1206 3240 :eterni
1237 3189 1402 3259 regis,
1429 3188 1630 3243 Christi
1665 3191 1814 3245 vidc-

210 3275 341 3332 licet
371 3287 432 3333 et
481 3277 716 3343 Domini,
765 3280 957 3334 matris
998 3279 1116 3334 vice
1149 3282 1556 3335 custodiendam
1585 3298 1649 3336 ac
1681 3299 1815 3352 pura

211 3368 560 3440 virginitatis
584 3370 895 3442 integritate
921 3371 1218 3426 solaturam
1248 3373 1362 3444 (60)
1392 3384 1723 3444 susceperat,
1758 3386 1818 3432 ut

213 3457 362 3514 idem
407 3459 678 3516 Dominus
707 3475 805 3530 pro
831 3461 1151 3531 populorum
1180 3462 1408 3531 piaculis
1431 3465 1609 3518 crucis
1640 3465 1690 3518 in
1723 3481 1818 3534 pa-

217 3554 391 3610 tibulo
417 3554 636 3621 aﬂixus,
671 3565 900 3610 matrem
926 3571 1079 3610 suam
1121 3553 1395 3626 Virginem
1425 3558 1619 3628 virgini
1654 3559 1819 3613 disci-

214 3646 347 3714 pulo
389 3646 816 3702 commendabat
859 3647 1046 3701 dicens
1085 3663 1098 3699 :
1139 3645 1280 3701 Ecce
1311 3646 1407 3701 tibi
1459 3648 1513 3701 in
1564 3658 1812 3711 matrem,

217 3751 399 3793 meam
428 3739 718 3794 committo
734 3738 1088 3793 Genitrieem.
1121 3738 1355 3794 Turmas
1379 3755 1595 3810 quoque
1620 3743 1819 3796 milita-

217 3841 327 3892 res,
367 3830 489 3901 regi
532 3845 629 3885 suo
659 3829 880 3884 laudum
910 3830 1185 3884 canticum
1223 3830 1546 3887 exsultando
1572 3845 1816 3902 perstre-

220 3932 438 3990 pentes,
487 3937 756 3992 supernos
796 3936 916 3976 esse
962 3923 1280 3992 angelorum
1327 3924 1493 3989 cives,
1541 3927 1631 3995 qui
1677 3927 1821 3995 quod

224 4017 560 4086 quandoque
591 4014 794 4070 inimici
831 4015 1111 4070 hominum
1153 4015 1223 4071 ob
1254 4015 1652 4072 discordantem
1687 4017 1822 4091 deli-

225 4109 442 4158 ctorum
498 4104 813 4158 distantiam
860 4105 1207 4171 exstiterunt,
1261 4121 1367 4161 non
1415 4105 1627 4172 dillido;
1674 4122 1822 4167 nunc

228 4207 381 4258 vero,
406 4196 669 4266 quoniam
695 4195 998 4251 caelestium
1030 4197 1190 4251 simul
1225 4207 1280 4251 et
1305 4201 1645 4252 terrestrium
1680 4200 1824 4254 inco-

232 4282 311 4340 las
341 4287 393 4341 in
434 4304 599 4342 unam
638 4286 1074 4358 patrisfamiliam
1101 4290 1425 4360 conjunctos
1453 4306 1573 4346 esse
1604 4293 1822 4363 conspi-

232 4377 404 4445 ciunt,
431 4381 542 4437 Deo
568 4382 823 4452 regivero
839 4381 926 4437 die
947 4391 1220 4451 noctuque
1244 4383 1550 4452 hujusmodi
1573 4387 1820 4442 carmina

1916 3190 2101 3258 itaque
2149 3203 2264 3252 rex,
2315 3187 2442 3240 dum
2487 3201 2610 3240 cum
2663 3184 2774 3237 suis
2803 3184 3036 3253 propria:
3070 3183 3351 3254 dignitatis
3393 3183 3510 3237 loca

1917 3294 2068 3333 inore
2097 3277 2258 3332 solito
2280 3276 2664 3330 convivatnrus
2694 3272 2974 3338 lustraret,
3003 3273 3229 3343 contigit
3272 3271 3334 3326 B.
3365 3271 3516 3326 Duri--

1918 3386 2074 3432 stano
2100 3376 2278 3429 adhuc
2311 3373 2491 3428 abbati
2523 3372 2766 3441 ejusdem
2798 3371 2940 3441 regis
2978 3372 3245 3427 interesse
3291 3372 3516 3426 comitas

1921 3470 2018 3535 tui,
2073 3471 2139 3524 ad
2173 3468 2454 3538 enjnsdam
2503 3465 2746 3536 primarii
2801 3465 2973 3529 ducis,
3024 3473 3208 3534 utpote
3260 3464 3514 3530 Elfstani,

1921 3564 2036 3633 ipso
2086 3563 2138 3615 in
2191 3563 2386 3615 itinere
2433 3561 2736 3629 proximum
2772 3558 3083 3628 (castrum),
3112 3574 3340 3627 esseque
3395 3573 3516 3612 coc-

1919 3662 2218 3722 questrem.
2247 3649 2313 3701 Et
2336 3663 2464 3704 ecce
2490 3655 2711 3716 repente
2735 3646 3131 3716 progressionis
3156 3647 3298 3700 viam
3325 3661 3511 3700 coram

1921 3759 1979 3798 se
2010 3741 2302 3812 aspiciens,
2336 3740 2470 3793 vidit
2499 3739 2641 3792 inter
2673 3738 2849 3809 regios
2873 3736 3139 3792 tubicines
3182 3736 3513 3791 horrendum

1923 3834 2200 3890 inimicum
2223 3831 2459 3887 ludendo
2481 3830 2771 3887 cursitare.
2800 3829 2970 3898 Quem
3000 3845 3123 3884 cum
3148 3828 3239 3883 diu
3286 3828 3516 3882 attonite

1922 3930 2119 3986 fuisset
2148 3928 2400 3993 intuitus,
2423 3928 2499 3982 ait
2527 3925 2786 3997 praedicto
2834 3923 3116 3980 comitanti
3165 3938 3349 3977 secum
3407 3922 3515 3992 pri-

1923 4020 2098 4076 mario
2134 4038 2147 4074 :
2180 4019 2346 4074 Putas
2386 4027 2458 4082 te,
2482 4016 2553 4070 mi
2578 4013 2795 4081 dilecte,
2820 4015 3004 4070 videre
3054 4028 3212 4083 posse
3241 4013 3384 4083 quod
3436 4011 3516 4066 vi-

1924 4114 2060 4170 deo?
2081 4115 2150 4168 At
2182 4111 2268 4166 ille
2293 4129 2306 4164 :
2333 4109 2502 4175 Nihil,
2531 4108 2726 4178 inquit,
2751 4117 2948 4177 praeter
2973 4107 3114 4176 quod
3146 4114 3358 4175 oportet
3382 4118 3516 4168 eone

1925 4207 2116 4276 spicio.
2149 4205 2213 4260 Et
2235 4204 2360 4258 ille:
2396 4202 2560 4272 Signa
2584 4216 2714 4271 ergo
2758 4199 2963 4254 salubri
3002 4208 3204 4254 sanctae
3233 4197 3412 4253 crucis
3442 4202 3516 4251 si-

1925 4296 2053 4370 gillo
2073 4295 2260 4352 oculos
2287 4295 2557 4364 proprios,
2583 4301 2635 4347 et
2661 4292 2827 4362 proba
2853 4293 2895 4346 si
2937 4291 3080 4358 quod
3132 4285 3288 4343 video
3341 4288 3517 4358 possis

1926 4389 2134 4444 videre.
2160 4387 2404 4456 Cumque
2421 4389 2574 4455 jussu
2597 4383 2738 4438 beati
2762 4382 2940 4436 Patris
2963 4381 3222 4436 Dunstani
3254 4379 3357 4433 levi
3386 4395 3516 4434 san-

234 4481 430 4526 canere
477 4487 583 4527 non
622 4471 894 4526 desistunt
933 4489 946 4525 :
997 4471 1234 4526 Laudem
1277 4474 1443 4530 dicite
1483 4475 1594 4529 Deo
1635 4487 1822 4532 nostro
1849 4462 1904 4522 Ῑ)
1929 4488 2028 4536 cla:
2050 4476 2606 4546 crucisimprcssione
2629 4473 2822 4529 oculos
2858 4489 2985 4529 suos
3007 4475 3378 4544 consignaret,
3433 4471 3517 4524 vi-

239 4572 428 4616 omnes
457 4563 633 4618 sancti
669 4562 810 4632 ejus,
841 4571 896 4618 et
921 4565 1011 4633 qui
1042 4565 1244 4620 timetis
1276 4581 1399 4619 eum
1428 4567 1604 4637 pusilli
1629 4579 1683 4622 et
1709 4585 1825 4624 ma-

240 4651 350 4720 gni,
380 4656 636 4722 quoniam
677 4656 928 4726 regnavit
959 4657 1220 4711 Dominus
1263 4658 1407 4714 Deus
1437 4669 1622 4714 noster
1650 4662 1824 4716 omni-

243 4754 430 4813 potens
459 4749 512 4803 in
553 4751 712 4816 ctelo,
757 4750 965 4820 pariter
995 4760 1050 4806 et
1085 4751 1140 4804 in
1186 4760 1328 4806 terra
1377 4769 1390 4805 :
1441 4761 1496 4807 et
1534 4765 1822 4823 propterea

247 4843 570 4908 gaudeamus
591 4853 645 4898 ct
666 4844 1000 4902 exsultemus
1022 4854 1075 4901 et
1095 4846 1286 4900 demus
1305 4845 1533 4916 gloriam
1558 4848 1604 4900 ei
1635 4848 1822 4917 (Apoc.

247 4944 356 4996 nx,
380 4931 454 5002 5).
482 4933 630 4988 lianc
652 4934 897 4988 eamdem
930 4936 1152 5006 gloriam
1185 4936 1426 4992 ccelestis
1457 4935 1660 4991 militiae
1689 4939 1828 4992 mul-

254 5019 414 5076 titudo
433 5036 560 5080 nato
583 5025 810 5079 Domino
827 5027 1214 5091 decantans,in
1241 5028 1473 5085 excelsis
1502 5040 1555 5083 et
1579 5030 1630 5083 in
1680 5040 1825 5088 terra

249 5127 428 5180 pacem
448 5119 603 5176 bona:
628 5119 916 5177 voluntatis
936 5121 1246 5177 hominibus
1270 5123 1558 5179 nuntiabat
1586 5123 1739 5194 (Luc.
1762 5145 1825 5194 It,

257 5203 357 5276 14).
381 5208 546 5278 Ipsam
577 5211 830 5282 equidem
857 5228 1066 5283 pacem,
1109 5228 1270 5283 quam
1302 5216 1494 5269 beatus
1532 5216 1827 5286 Apostolus

1927 4573 2006 4628 dit
2036 4573 2199 4637 illico,
2229 4570 2382 4640 quasi
2403 4584 2501 4640 pro
2531 4569 2664 4622 tanti
2707 4569 2806 4622 viri
2838 4551 3236 4631 testiﬁcatione,
3266 4564 3520 4619 eun'rdem

1927 4666 2021 4720 Dei
2051 4673 2101 4720 et
2134 4664 2436 4726 hominum,
2465 4677 2625 4730 quem
2653 4660 2841 4715 beatus
2886 4659 3048 4714 Pater
3072 4659 3305 4720 viderat,
3338 4654 3522 4707 inimi-

1927 4772 2072 4820 cum,
2099 4756 2200 4810 sub
2231 4752 2514 4821 cujusdam
2552 4751 2824 4806 homuncii
2870 4749 3056 4818 nigelli
3103 4746 3284 4820 specie
3323 4741 3526 4796 salien-

1930 4857 2059 4913 tem,
2091 4866 2100 4898 :
2138 4855 2191 4902 et
2219 4861 2342 4900 mox
2368 4859 2435 4900 ex
2469 4843 2726 4898 inimicali
2759 4841 2976 4896 nefandi
3007 4836 3278 4894 dmmonis
3299 4833 3536 4886 demon-

1928 4940 2191 4997 strationc
2217 4939 2403 5006 utique
2427 4935 2624 5008 (licuit)
2645 4930 3078 5002 deprehendere,
3133 4929 3314 4994 aliqua
3369 4923 3553 4988 preti“

1931 5031 2225 5088 infortunia
2256 5027 2580 5100 quibusdam
2605 5043 2669 5080 ex
2699 5026 2778 5079 eis
2799 5024 2990 5076 adesse
3016 5020 3246 5083 futura;
3274 5012 3571 5078 factisque

1930 5127 2300 5183 schematibus
2329 5121 2509 5177 erucis
2535 5119 2786 5172 inimicus
2816 5115 3137 5180 disparuit.

2000 5217 2091 5272 52.
2133 5214 2427 5286 Postquam
2464 5217 2646 5264 autem
2673 5210 2738 5264 de
2759 5206 2859 5261 hac
2887 5204 3172 5273 improba
3218 5188 3610 5269 apparitione
