4048 5368
567 364 699 423 HM

1627 364 1991 424 BlllDFEli'l‘l
2035 366 2495 422 RASil'JSlENSlS
2535 363 2844 423 MONACHI

3707 363 3831 421 {1'3

562 478 836 551 conspecti
874 479 1109 537 illuseris
1165 479 1312 551 loqui
1362 481 1717 552 quieris-sent,
1749 482 1970 557 rogavit.
1999 482 2141 537 idem
2173 490 2217 548 Α
2248 480 2511 546 Quoniam
2540 481 2757 550 quidem
2789 480 2849 535 Β.
2876 477 3034 533 l‘ater
3057 480 3370 533 Dunstanus
3396 477 3595 548 spiritu
3638 478 3757 543 Dei,
3781 494 3835 536 ut

560 573 891 642 praelocutus
924 574 1174 644 princeps
1198 570 1309 643 jam
1341 576 1542 629 dictum
1585 575 1674 629 Dei
1709 575 1909 635 virum,
1954 584 2147 644 quate-

564 678 667 718 nus
700 664 803 719 sibi
834 664 1057 719 visionis
1084 680 1196 719 suae
1211 664 1428 719 somnia
1456 681 1627 735 nuper
1651 665 1989 735 promulgata
2043 663 2150 719 sol-

562 755 739 811 vendo
771 754 1102 812 enexuisset.
1134 754 1531 827 Dixitnamque
1558 773 1616 812 se
1643 772 1740 827 per
1770 758 2038 812 visionum
2069 756 2152 809 in-

563 847 706 907 dicia
730 847 930 903 vidisse
958 858 1317 904 memoratum
1347 862 1526 921 regem
1555 865 1677 905 cum
1726 849 1840 905 suis
1891 846 2151 918 principi-

562 938 665 992 bus
684 937 1062 1009 universisque
1080 940 1452 1010 Optimatihus,
1483 940 1640 996 solita
1664 957 1731 996 ex
1757 940 2150 996 causnetmline

564 1029 618 1084 in
651 1030 836 1101 palatii
866 1033 948 1088 sui
985 1026 1223 1090 triclinio
1248 1033 1582 1099 consedere;
1613 1043 1668 1089 et
1697 1034 1838 1088 inter
1868 1033 1988 1088 laeta
2044 1032 2148 1087 mi-

564 1122 914 1178 nistrantium
976 1138 1041 1180 ac
1084 1123 1500 1193 jucundantium
1568 1125 1812 1181 convivia
1840 1166 1856 1191 ,
1901 1124 2150 1180 eumdem

564 1227 724 1277 quem
748 1212 862 1267 dixi
892 1226 1072 1284 regem
1104 1228 1295 1270 somno
1320 1215 1552 1285 sopitum
1581 1215 1918 1270 obdormisse
1943 1232 1956 1268 :
2007 1222 2152 1285 post-

564 1319 670 1374 que
690 1319 910 1375 gravem
937 1305 1282 1362 dormitionis
1311 1322 1421 1363 sua:
1468 1308 1762 1373 sarcinam,
1798 1321 1986 1362 omnes
2016 1320 2153 1376 pene

562 1395 836 1465 principes
892 1395 977 1450 vel
1019 1396 1296 1467 sapientes
1344 1397 1513 1467 ipsius
1545 1398 1597 1452 in
1627 1398 1809 1452 hircos
1854 1410 2153 1466 capt-asque

564 1486 801 1541 humana
827 1486 1015 1543 relicta
1040 1488 1214 1559 efﬁgie
1238 1497 1625 1544 commutasse.
1644 1488 1742 1545 Cui
1770 1486 2057 1544 confestim
2087 1487 2148 1542 Β.

563 1577 876 1634 Dunstanus
928 1581 1246 1650 prophetico
1295 1583 1591 1638 instructus
1619 1582 1833 1653 eloquio
1863 1581 2155 1653 restionde-

561 1671 680 1738 bat,
718 1671 905 1727 dicens
934 1688 949 1727 :
984 1673 1249 1729 Dormitio
1279 1674 1421 1745 regis
1450 1674 1643 1730 mortis
1697 1674 1868 1744 ipsius
1894 1674 2152 1728 indicium

564 1765 848 1835 est;quod
891 1774 1071 1822 autem
1126 1776 1406 1837 maguates
1459 1765 1544 1822 vel
1590 1765 1865 1837 sapientes
1908 1764 2050 1820 illius
2098 1763 2152 1818 in

2250 574 2325 627 ait
2358 573 2668 644 Apostolus,
2699 572 2960 643 agebatur
2984 572 3161 642 (Rom.
3198 586 3315 634 vnn,
3354 572 3464 641 ιιι),
3490 570 3700 627 idcirco
3729 573 3836 627 ha'c

2247 673 2301 717 et
2337 664 2422 718 bis
2459 663 2658 718 similia
2685 663 2839 733 quasi
2871 663 3011 717 ﬁlius
3064 664 3156 717 Dei
3209 671 3589 732 promeruerat
3642 674 3839 732 myste-

2249 755 2327 809 ria
2361 770 2375 810 :
2410 755 2461 808 in
2495 762 2700 810 tantum
2727 770 2943 825 quoque
2966 764 3023 809 ut
3067 753 3311 824 plerique
3355 770 3481 808 eum
3534 766 3839 809 assererem

2248 842 2541 901 vanissima
2582 846 2870 901 verborum
2902 837 3257 918 deliramenta
3294 846 3568 915 proferre,
3596 846 3725 901 dum
3752 863 3841 902 ore

2248 937 2566 1008 prophetico
2591 937 2875 1006 sanctique
2932 937 3168 1007 Spiritus
3213 937 3537 992 imbuitione
3590 938 3842 1008 perplura

2205 1028 2587 1097 "praediceret,
2623 1043 2745 1097 qum
2790 1037 2973 1096 postea
3025 1028 3196 1096 signis
3244 1028 3677 1084 evidentissimis
3719 1046 3843 1085 cou-

2250 1120 2525 1190 spcxinnts
2550 1118 2688 1174 facta
2715 1119 2848 1191 (6|).

2320 1208 2410 1262 54.
2454 1208 2552 1264 ilic
2580 1198 2746 1265 etiam
2769 1210 2901 1264 vidit
2922 1220 2978 1264 et
3010 1210 3216 1265 audivit
3245 1210 3365 1265 sine
3411 1207 3710 1279 cujuslibet
3742 1212 3844 1267 dif.

2252 1300 2509 1356 ﬁcultatis
2536 1302 2816 1357 obstaculo
2843 1304 3088 1371 qnmdam
3115 1303 3246 1357 mira
3274 1303 3647 1372 spiritualium
3668 1320 3845 1359 secre-

2253 1400 2597 1463 lut‘ttm,qu:n
2628 1410 2772 1449 nunc
2806 1409 3037 1466 pangant
3091 1395 3373 1465 mysteria.
3427 1394 3563 1450 Erat
3618 1413 3848 1467 namque

2251 1486 2337 1539 vir
2362 1486 2707 1539 venerandus
2738 1485 2790 1538 in
2822 1499 3007 1539 amore
3034 1483 3154 1549 Dei,
3206 1494 3266 1539 ut
3315 1485 3557 1540 diximus
3580 1527 3597 1550 ,
3639 1501 3849 1555 semper

2253 1590 2537 1640 accensus,
2567 1584 2618 1630 et
2652 1588 2942 1646 propterea
2984 1575 3101 1631 loca
3154 1590 3437 1631 sacrorum
3467 1580 3848 1632 cmuohiorum

2252 1666 2323 1721 ob
2392 1666 2696 1720 animarum
2760 1667 3175 1723 mdiﬁcationem
3242 1668 3512 1723 circuibat
3562 1669 3846 1724 sollicitus.

2257 1756 2419 1811 Venit
2444 1756 2608 1810 etiam
2642 1772 2706 1811 cx
2738 1756 2840 1812 bac
2883 1758 3088 1813 salubri
3121 1759 3519 1814 consuetudine
3561 1762 3632 1813 ad
3680 1760 3848 1815 locum

563 1863 715 1908 muta
745 1854 997 1911 animalia
1021 1856 1103 1911 vel
1145 1857 1478 1912 insensibilia
1528 1865 1893 1912 commutatus
1943 1852 2147 1918 vidisti,
2184 1846 2224 1904 Β
2256 1848 2614 1914 thermarum,
2650 1849 2738 1903 ubi
2771 1849 2943 1904 calida
2982 1850 3198 1922 lympha
3247 1851 3315 1906 de
3372 1850 3554 1921 abyssi
3617 1850 3852 1907 latibulis

566 1943 806 1999 futurum
837 1953 1048 2016 tempus
1074 1947 1343 2017 designat,
1377 1946 1430 2002 in
1462 1962 1572 2019 quo
1609 1961 1747 2017 pene
1792 1945 2027 2000 universi
2070 1958 2152 1997 re-

565 2036 742 2105 gionis
775 2036 930 2093 istius
977 2038 1250 2108 principes
1278 2054 1568 2110 rerumque
1615 2047 1854 2094 rectores
1875 2035 2151 2091 voluntate

568 2127 866 2183 nltroueaa
899 2129 983 2183 via
1033 2131 1305 2193 veritatis.
1349 2130 1503 2199 cujus
1551 2130 1651 2201 ipsi
1703 2130 1811 2184 sint
1854 2129 2150 2198 sapientes,

568 2224 823 2287 tanquam
854 2218 1048 2275 stolida
1083 2221 1340 2276 animalia
1388 2237 1495 2277 non
1547 2221 1811 2276 habentes
1854 2228 2151 2290 pastorem,

566 2307 876 2365 deviabunt.

636 2421 726 2477 '53.
769 2423 865 2480 llis
898 2424 969 2480 ita
998 2427 1165 2498 gestis
1194 2426 1261 2483 ad
1290 2428 1468 2485 vicum
1496 2428 1728 2500 regium,
1780 2428 1849 2484 de
1893 2427 1980 2484 his
2006 2440 2153 2481 sem-

567 2528 664 2585 per
688 2516 1139 2584 sermocinantcs,
1168 2530 1552 2591 pervenerunt.
1597 2520 1871 2590 Factoque
1918 2519 2020 2574 diei
2076 2518 2155 2589 ip-

566 2608 680 2662 sius
708 2609 1029 2678 crepusculo
1078 2611 1212 2666 vidit
1252 2612 1451 2667 iterum
1480 2613 1564 2668 vir
1601 2614 1694 2669 Dei
1744 2612 2055 2668 Dunstanus
2101 2611 2152 2665 in

565 2700 876 2768 vespertino
924 2701 1064 2773 regis
1107 2702 1358 2759 convivio
1413 2705 1662 2760 eumdem
1716 2704 1803 2759 vel
1847 2703 2153 2775 quctupiam

566 2788 731 2843 alium
758 2790 1061 2859 inimicmn,
1084 2795 1229 2850 inter
1255 2795 1669 2866 frcquentantes
1695 2797 1970 2852 ministros
1999 2797 2158 2851 ober-

568 2893 802 2938 ranlem.
834 2885 1060 2952 Deinde,
1090 2887 1141 2942 ni
1168 2886 1343 2953 fallor,
1363 2896 1487 2960 post
1511 2888 1770 2955 triduum,
1801 2889 1918 2959 ipso
1938 2902 2156 2960 quoque

568 2973 655 3028 die
681 2990 786 3046 quo
808 2991 899 3033 rex
918 2977 1030 3047 jam
1055 2978 1231 3035 dictus
1264 2979 1409 3037 ferro
1445 2980 1621 3036 fuerat
1668 2981 1974 3051 periturus;
2023 2980 2154 3035 vidit

570 3069 734 3123 tertio
758 3073 1044 3140 quemdam
1073 3072 1337 3144 ignotum,
1368 3074 1556 3146 ignoro
1603 3075 1820 3145 quidem
1847 3083 2026 3129 utrum
2055 3072 2158 3127 ini-

567 3160 900 3229 micabilem,
930 3178 1024 3219 seu
1060 3165 1227 3220 etiam
1286 3166 1586 3237 spiritalem
1647 3168 1843 3230 virum,
1900 3181 2153 3238 magnam

569 3257 751 3308 tamen
781 3255 1004 3324 prolixae
1028 3257 1289 3314 chartula:
1339 3258 1585 3315 rotellam
1634 3260 1687 3314 in
1732 3275 1893 3315 manu
1937 3271 2155 3331 gestan-

571 3351 703 3411 tem,
729 3345 938 3403 densim
961 3349 1205 3419 apicibus
1234 3351 1624 3422 conscriptam,
1652 3367 1720 3407 eo
1743 3351 1992 3407 videlicet
2023 3360 2159 3407 tem-

569 3436 720 3507 poris
771 3448 1047 3494 momento
1098 3456 1206 3511 quo
1240 3457 1336 3497 rex
1362 3459 1391 3498 a
1425 3442 1715 3498 missarum
1765 3442 2154 3521 celebratione,

575 3528 873 3586 novissimo
917 3531 1186 3602 petiturus
1218 3536 1489 3604 convivio,
1517 3537 1584 3593 ad
1614 3536 1792 3591 aulam
1820 3550 1993 3606 usque
2021 3536 2161 3591 redi-

571 3623 687 3678 bat.
716 3623 887 3692 Quem
935 3641 1058 3681 eum
1092 3628 1454 3702 interrogaret
1496 3632 1619 3701 quis
1672 3642 1838 3697 esset,
1885 3630 2163 3699 respondit

573 3727 707 3771 voce
738 3717 1007 3775 Saxonica
1063 3736 1122 3777 se
1150 3736 1218 3778 ex
1244 3722 1483 3780 Orientis
1524 3725 1673 3796 regni
1728 3723 1970 3796 partibus
2015 3737 2158 3791 esse,

574 3820 742 3876 seque
764 3824 870 3865 una
900 3826 1022 3867 cum
1052 3825 1196 3883 rege,
1226 3813 1471 3885 quardam
1502 3815 1757 3886 nuptialis
1784 3815 1931 3870 verbi
1958 3816 2161 3869 habere

574 3908 808 3957 secreta.
841 3901 892 3958 ls
916 3903 1042 3958 dum
1069 3915 1211 3962 esset
1241 3906 1351 3978 regi
1378 3908 1675 3972 nuntiatus,
1702 3916 1865 3977 atque
1904 3908 1959 3962 in
2016 3905 2162 3961 illius

574 3993 921 4061 praescnt’am
956 3997 1450 4064 supervenientium
1498 4013 1649 4054 more
1699 3997 1877 4053 induci
1917 3998 2158 4062 deberet,

576 4097 845 4155 nusquam
873 4087 1121 4158 apparuit
1146 4106 1159 4142 :
1190 4090 1284 4146 sed
1313 4091 1528 4156 eodem,
1548 4090 1683 4164 proh
1730 4090 1916 4146 dolor!
1947 4089 2069 4155 die,
2101 4097 2164 4144 ut

577 4177 834 4247 diximus,
864 4196 1065 4238 amarae
1108 4184 1297 4240 mortis
1325 4185 1612 4250 acerbitas,
1648 4200 1744 4255 per
1772 4185 1941 4239 sicam
1970 4181 2162 4253 perﬁdi

580 4267 832 4338 latronis,
858 4273 1156 4342 penetralia
1187 4277 1369 4333 cordis
1416 4277 1583 4348 ipsius
1632 4278 1863 4333 latenter
1895 4277 2160 4333 introivit.

581 4356 723 4414 Ecce
749 4363 894 4417 enim
921 4379 1081 4434 quam
1107 4376 1316 4424 mature
1345 4369 1413 4425 de
1443 4384 1569 4441 rege
1598 4369 1737 4424 beati
1772 4368 1871 4423 viri
1918 4369 2165 4425 (laruere

580 4453 869 4521 praesagia.
913 4453 991 4509 De
1040 4458 1372 4528 principibus
1408 4472 1588 4516 autem
1635 4477 1740 4517 non
1786 4461 1890 4516 nisi
1924 4460 2164 4533 Eadwigi

583 4540 729 4612 regis
762 4546 1113 4615 temporibus,
1142 4550 1189 4605 si
1241 4566 1335 4606 rex
1383 4551 1507 4622 jure
1564 4563 1728 4623 queat
1763 4552 2016 4625 appellari
2070 4553 2162 4623 qui

584 4647 687 4690 nee
715 4647 838 4693 sese
865 4650 971 4693 nec
993 4637 1128 4695 alios
1154 4656 1400 4713 quosque
1448 4645 1589 4701 bene
1631 4655 1867 4712 rexerat,
1917 4653 2162 4717 patuere.

540 4828 547 4833 .
591 4847 611 4855 _
656 4776 770 4855 (Gl)
795 4778 976 4855 Aliam
999 4782 1098 4837 sub
1132 4782 1347 4854 Edgaro
1380 4799 1526 4855 rege,
1551 4784 1746 4840 factam
1782 4784 2045 4840 visionem
2081 4799 2166 4838 re-

585 4847 693 4904 fert
714 4848 981 4906 Osbertus
1006 4857 1147 4925 apud
1195 4847 1412 4909 Suriutn
1439 4847 1526 4911 his
1555 4857 1760 4911 verbis:
1794 4856 1913 4909 Alio
1935 4855 2163 4925 quodam

586 4930 814 4991 tempore
851 4937 945 4977 rex
981 4925 1037 4978 in
1081 4925 1166 4979 die
1203 4925 1477 4980 Dominica
1509 4944 1663 4981 utam:
1700 4937 1939 4980 renatum
1972 4927 2081 4988 ivit,
2116 4935 2164 4979 et

586 4988 944 5066 Damianum,
972 4995 1064 5066 qui
1082 5005 1209 5050 tunc
1232 4996 1367 5064 forte
1392 5013 1563 5051 secum
1590 5008 1725 5063 erat,
1752 5000 1964 5050 missam
1988 5011 2163 5059 suam,

585 5059 765 5148 donec
791 5059 1007 5147 veniret,
1054 5059 1270 5148 (fi/ferre
1304 5068 1503 5148 petivit.
1547 5059 2008 5148 Appropinquante
2027 5082 2165 5148 nergo

2254 1935 2505 2005 guttatim
2536 1937 2850 2004 vaporando
2880 1936 3090 2000 ebullit,
3129 1952 3289 2006 quem
3315 1936 3510 1991 incola:
3550 1936 3853 1992 locumsub

2253 2036 2478 2096 paterna
2534 2026 2715 2094 lingua
2769 2026 3001 2082 Balbum
3052 2026 3162 2099 (ΟΞ)
3186 2026 3331 2082 soliti
3379 2036 3507 2082 sunt
3555 2026 3853 2097 appellare.

2256 2117 2320 2172 Et
2344 2133 2465 2172 cum
2490 2117 2689 2172 ibidem
2717 2118 2784 2173 ab
2804 2117 3045 2187 ejusdem
3079 2116 3181 2173 loci
3226 2116 3489 2172 fratribus
3526 2118 3857 2173 charitatite

2256 2220 2539 2281 susceptus
2569 2212 2862 2281 deguisset,
2898 2211 3033 2265 vidit
3061 2219 3179 2280 post
3211 2211 3424 2279 prandii
3442 2210 3643 2265 horam
3670 2210 3857 2280 cujus-

2255 2302 2379 2357 dam
2412 2302 2779 2358 scholasticuli
2828 2317 2897 2357 ex
2936 2301 3231 2358 Glastonia:
3280 2303 3538 2357 cmuobio
3588 2303 3854 2367 animam,

2256 2396 2324 2452 ad
2349 2394 2610 2452 cmlorum
2642 2393 2916 2460 sublimia,
2940 2395 3008 2449 ab
3028 2392 3231 2463 angelis
3259 2392 3351 2447 Dei
3370 2408 3493 2449 cum
3526 2393 3858 2465 hymnorum

2255 2486 2506 2543 laudibus
2535 2487 2896 2558 deportatum,
2925 2501 2989 2541 ac
3020 2485 3229 2554 magnis
3257 2500 3626 2554 supernorum
3650 2484 3857 2539 civium

2256 2580 2529 2651 exsequiis
2556 2580 2683 2635 hinc
2712 2589 2765 2634 et
2793 2579 2918 2635 inde
2939 2579 3213 2649 stipatam.
3236 2577 3393 2633 Venit
3420 2588 3610 2631 autem
3636 2586 3858 2647 postera

2256 2670 2543 2740 die,qnasi
2583 2670 2649 2726 ad
2699 2668 2860 2738 hujus
2908 2668 3061 2724 mira:
3111 2667 3337 2723 visionis
3382 2667 3855 2730 testificationcm,

2257 2761 2476 2830 quidam
2527 2777 2558 2817 e
2601 2761 2862 2831 praedicto
2933 2759 3185 2815 emnobio
3237 2758 3583 2829 praepositus,
3638 2757 3859 2810 nomine

2257 2854 2562 2926 Ceolwyus,
2610 2853 2801 2909 volens
2869 2852 3173 2908 monastica
3251 2850 3480 2905 consilia
3542 2863 3855 2918 causzsjue

2260 2945 2488 3001 fratrum
2516 2961 2736 3001 suorum
2758 2961 2879 3000 cum
2912 2943 3167 3014 pontiﬁce
3221 2942 3426 3013 pariter
3482 2956 3639 2994 more
3684 2941 3856 2994 solito

2257 3044 2497 3108 captare.
2524 3035 2682 3091 llunc
2706 3035 2795 3091 ille
2825 3035 2893 3090 de
2922 3033 3252 3089 monasterio
3280 3032 3615 3097 venientem,
3662 3030 3851 3085 statim

2258 3138 2377 3199 post
2401 3128 2585 3181 datam
2625 3124 3054 3181 benedictionem
3084 3163 3099 3187 ,
3132 3122 3385 3185 sollicite,
3423 3121 3467 3175 si
3495 3122 3686 3175 omnia
3731 3135 3853 3174 cum

2185 3217 2230 3279 C
2261 3218 2522 3274 fratribus
2549 3218 2662 3271 suis
2694 3222 2877 3271 essent
2924 3229 3207 3285 prospera,
3256 3210 3616 3281 intertogavit
3646 3228 3661 3263 :
3699 3209 3853 3279 isque

2261 3322 2494 3367 mortem
2562 3308 2713 3378 pueri
2785 3307 3010 3362 minime
3086 3305 3525 3367 comminisceus,
3576 3302 3856 3373 respoud.t

2262 3403 2516 3458 universa
2548 3401 2647 3456 sub
2670 3398 2998 3470 integritatis
3027 3396 3291 3466 sospitate
3318 3394 3487 3449 fuisse
3527 3393 3847 3449 constituta.

2262 3494 2335 3549 At
2366 3492 2454 3547 ille
2480 3507 2733 3547 sermone
2755 3490 3020 3554 modesto,
3047 3488 3305 3559 quoniam
3340 3484 3577 3555 propria:
3626 3483 3854 3538 visionis

2262 3585 2442 3640 fuerat
2495 3583 2782 3638 admodum
2836 3580 3201 3652 persipicacior
3249 3577 3382 3634 illo:
3428 3576 3547 3631 Non
3608 3586 3849 3640 autumo,

2265 3675 2460 3745 inquit,
2499 3674 2680 3730 omnia
2713 3673 2854 3743 apud
2883 3686 3075 3745 omnes
3108 3669 3362 3725 humanis
3415 3669 3472 3722 in
3529 3667 3851 3723 excessibus

2264 3763 2380 3822 fore
2401 3764 2777 3836 profutura.El
2813 3762 2899 3819 ille
2923 3779 2936 3814 :
2962 3761 3100 3816 Sunt
3123 3760 3375 3831 equidem
3405 3760 3855 3827 omnia,exctpto

2265 3859 2409 3927 quod
2460 3865 2663 3911 nostra:
2704 3855 2981 3910 societatis
3022 3852 3281 3924 puerulus
3333 3851 3590 3905 hesterna
3640 3851 3732 3904 die
3759 3849 3853 3903 sub

2266 3955 2513 4018 tempore
2564 3946 2861 4000 meridiano
2909 3959 3097 3999 necem
3143 3941 3514 3998 inevitabilem
3572 3939 3853 3997 moriendo

2265 4040 2505 4097 subibat.
2560 4037 2673 4093 Hoc
2721 4044 2823 4103 est,
2883 4036 3056 4105 inquit
3105 4044 3328 4090 sanctus
3371 4033 3686 4103 episcopus,
3716 4029 3853 4102 quod

2266 4132 2400 4188 dixi.
2447 4129 2772 4199 Requiescat
2822 4126 2952 4182 felix
3009 4125 3233 4196 spiritus
3278 4123 3492 4195 ipsius,
3552 4122 3849 4178 secundum

2270 4223 2532 4279 visionem
2561 4232 2826 4287 nostram,
2862 4220 2914 4274 in
2952 4234 3106 4291 pace.

2337 4313 2427 4370 35.
2469 4313 2669 4368 lterum
2694 4321 2874 4367 autem
2908 4313 3036 4366 dum
3065 4309 3285 4382 proprio
3321 4308 3717 4364 immoraretur
3740 4321 3845 4361 mo-

2267 4407 2531 4472 nasterio,
2561 4407 2663 4461 hoc
2684 4415 2768 4461 est
2791 4403 3105 4469 Glaslonim,
3130 4402 3445 4458 ambulabat
3471 4401 3616 4456 idem
3638 4400 3853 4455 ovilium

2267 4498 2469 4555 Christi
2503 4498 2673 4553 solers
2706 4495 2984 4567 praevisor,
3012 4510 3134 4549 cum
3162 4493 3443 4563 quodlibet
3462 4491 3714 4559 ejusdem
3748 4504 3855 4545 ruo-

2199 4604 2242 4665 D
2270 4590 2493 4646 naSIerii
2516 4589 2803 4651 monacho,
2826 4586 2893 4641 de
2919 4586 3082 4641 domo
3110 4584 3166 4638 in
3191 4584 3433 4646 domum,
3460 4580 3702 4635 fratrum
3726 4595 3856 4649 quo-

2276 4698 2380 4752 que
2417 4679 2784 4737 communium
2824 4676 3104 4749 pabularia
3152 4689 3247 4731 seu
3290 4683 3489 4729 extera
3539 4672 3856 4727 earumdem

2271 4819 2439 4873 vertit.
2484 4814 2753 4884 Factaque
2788 4829 2892 4867 non
2925 4811 3113 4884 grandi
3148 4806 3449 4884 iulerrallo,
3483 4806 3681 4884 iterum
3716 4813 3858 4884 eam

2270 4905 2325 4943 se
2374 4889 2589 4951 ductus,
2631 4877 2829 4939 audivit
2859 4877 3103 4937 in'coelis
3138 4881 3365 4951 altisona
3398 4894 3517 4931 uoce
3562 4877 3716 4951 diri:
3762 4878 3851 4935 tte,

2273 4960 2438 5012 tuissa
2467 4948 2681 5011 esthd
2704 4956 2841 5024 quod
2867 4970 3007 5025 citra,
3037 4952 3147 5007 Deo
3178 4948 3401 5025 gratias,
3435 4948 3857 5025 responderent.

2272 5039 2604 5081 occurrentes
2646 5016 2822 5080 clerici
2861 5023 3017 5094 regis,
3059 5016 3228 5092 regem
3267 5019 3451 5094 adesse
3483 5016 3857 5094 roci[eranlur,

2274 5098 2598 5148 sarerdotem
2630 5106 2683 5148 ut
2709 5087 3041 5148 festinantius
3066 5087 3278 5146 missum
3302 5089 3542 5148 celebret,
3567 5087 3857 5138 obsecrant.
