4048 5368
269 335 406 391 N53

1443 338 1593 393 VITA
1638 332 1878 391 SANGTI
1922 332 2283 389 DL'NSTAXL

3378 322 3515 382 NB-l

268 467 381 505 nec:
403 450 573 504 ssaria
595 449 1017 505 consideratum.
1048 448 1112 503 Et
1144 449 1266 503 dum
1298 453 1584 504 rcmeando
1615 466 1840 519 conspeo
1868 456 1915 512 Α
1944 449 2196 518 quoniam
2267 447 2378 501 tias
2430 443 2654 517 justitice
2704 442 3019 509 ambulavit,
3074 441 3351 513 suscipere
3396 454 3514 496 me-

268 541 369 596 ctis
400 540 574 611 copiis
607 541 815 594 veniret
853 538 917 592 ad
945 540 1294 594 occidentalia
1322 542 1554 608 antiquae
1586 539 1841 593 Ευιιιοδίιυ

268 631 511 697 climata,
558 632 761 685 audivit
810 630 1019 684 eminus
1068 646 1250 684 vocem
1299 632 1514 685 etelilus
1564 631 1841 700 inopinato

268 722 782 785 omineimmissam,
807 737 925 791 qua:
947 737 1129 775 secum
1156 723 1489 777 incedentem
1516 724 1840 776 tnonaelnnn

270 813 337 867 ad
366 813 619 867 ccelestcs
649 812 870 867 delicias
899 811 1093 867 blando
1128 814 1228 867 sub
1256 813 1469 883 eloquio
1499 814 1841 877 invitaverat,

270 902 457 958 dicens
483 920 495 956 :
524 903 679 968 Veni,
703 903 849 966 veni,
874 902 1121 974 :Elfsige,
1153 905 1275 958 veni
1306 922 1319 957 :
1350 906 1428 959 sic
1450 906 1592 959 enim
1620 914 1757 969 erat,
1787 915 1845 960 ttt

270 994 487 1063 Opinor,
537 992 776 1062 ejusdem
828 993 1011 1048 fratris
1055 1010 1272 1049 nomen.
1318 993 1469 1049 Tunc
1519 996 1713 1071 Beatus
1763 997 1847 1050 vir

271 1085 450 1139 meriti
487 1084 701 1139 clientis
734 1086 813 1138 sui
846 1087 1253 1141 advocationem
1291 1087 1616 1156 intelligens,
1663 1090 1797 1142 dixit
1829 1106 1842 1143 :

272 1174 525 1228 Accelera
556 1190 683 1240 ergo
714 1174 945 1239 fortiter,
990 1174 1179 1241 frater,
1223 1192 1487 1246 apparare
1527 1186 1577 1232 te
1618 1189 1850 1247 quanto-

273 1265 417 1329 cius;
452 1266 705 1333 quoniam
738 1265 925 1318 diebus
948 1266 1249 1329 citissimis,
1281 1276 1507 1319 vocatus
1536 1283 1565 1319 a
1600 1267 1845 1333 Domino,

272 1358 340 1411 ab
380 1356 537 1424 lmjus
579 1357 759 1411 mundi
809 1356 998 1412 scoriis
1050 1360 1308 1428 migrabis
1345 1361 1411 1415 ad
1459 1359 1651 1429 ipsum.
1696 1360 1849 1425 Quod

273 1448 490 1518 quidem
525 1448 712 1503 diebus
745 1464 849 1502 non
894 1449 1027 1503 adeo
1072 1448 1256 1504 tnultis
1300 1450 1633 1520 interpositis
1664 1453 1735 1504 ita
1782 1451 1849 1505 dc

272 1555 359 1605 eo,
402 1549 461 1594 ut
506 1541 848 1610 praedixerat,
894 1542 1156 1610 probabili
1203 1542 1440 1598 imliculo
1492 1544 1847 1613 adimpletum

272 1638 377 1684 cst.
422 1628 498 1683 De
530 1631 656 1684 hinc
688 1631 739 1683 in
770 1630 957 1685 eodem
992 1631 1110 1686 loco
1144 1634 1463 1702 quadratam
1501 1633 1719 1702 paribus
1750 1650 1851 1687 an-

272 1719 414 1791 gulis
439 1719 720 1775 ecclesiam
747 1721 796 1775 in
812 1724 1025 1775 modum
1041 1720 1308 1777 fanunculi
1335 1723 1847 1792 construerejussit,

274 1824 330 1869 et
366 1822 737 1869 constructam
784 1815 836 1868 in
873 1815 1130 1869 honorem
1176 1815 1302 1870 almi
1342 1816 1595 1885 Baptista:
1627 1814 1851 1871 Joannis

273 1904 575 1959 honoriﬁce
602 1907 963 1959 consecravit.
999 1906 1044 1961 Ο
1076 1923 1329 1977 magnum
1363 1908 1577 1975 gloriosi
1609 1908 1852 1978 prmsnlis

274 1996 554 2058 meritum,
593 1996 682 2065 qui
730 1997 927 2050 meruit
965 1998 1149 2051 vivens
1194 1998 1375 2053 videre
1421 2000 1735 2069 angelorum
1776 2000 1853 2053 vi-

273 2087 477 2153 siones,
513 2104 777 2159 vocesque
810 2090 1084 2145 mirabiles
1108 2091 1419 2146 eorumdem
1452 2091 1671 2146 audire!

350 2180 438 2233 56.
484 2179 618 2234 lluic
644 2180 807 2250 igitur
833 2181 956 2234 dum
987 2181 1037 2233 in
1071 2182 1285 2250 propria
1316 2182 1634 2251 prmsulatus
1662 2182 1741 2237 sui
1772 2182 1853 2237 ci-

275 2269 449 2323 vitate
475 2270 873 2337 commauebal,
906 2279 1105 2325 sancta:
1139 2272 1550 2346 consuetudinis
1582 2272 1723 2326 inter
1754 2287 1855 2325 cae-

279 2370 396 2414 tera
426 2361 815 2415 sublimitatum
844 2363 1017 2416 studia
1044 2362 1165 2428 fuit,
1198 2364 1334 2416 utin
1364 2365 1589 2418 secretis
1616 2364 1853 2418 noctium

280 2451 611 2520 temporibus
655 2452 765 2523 (65)
810 2464 998 2508 sancta
1039 2454 1175 2521 loca,
1223 2465 1443 2526 propter
1485 2458 1853 2511 multimodam

277 2544 596 2613 pOpulorum
629 2545 693 2597 ad
730 2558 790 2599 se
817 2545 1144 2599 venientium
1170 2546 1546 2613 inhzesionem,
1579 2547 1660 2600 vel
1690 2547 1854 2601 etiam

278 2637 509 2692 aliorum
562 2638 852 2692 multorum
903 2640 1337 2709 occupationem,
1391 2651 1580 2695 sancta
1641 2656 1857 2710 semper

281 2727 582 2796 psalmodia
628 2729 963 2783 decantando
1007 2728 1282 2784 lustraret.
1324 2730 1392 2784 Et
1428 2731 1573 2785 venit
1614 2733 1712 2786 hac
1744 2732 1858 2802 lege

282 2816 563 2886 religionis
591 2817 820 2871 innexus
843 2819 911 2871 ad
954 2817 1079 2872 almi
1128 2819 1303 2874 l’alris
1337 2819 1621 2890 Augustini
1657 2822 1857 2875 aedicu-

282 2911 417 2977 lam,
468 2914 767 2979 nocturnis,
809 2922 867 2967 ut
910 2914 1044 2979 dixi,
1082 2914 1413 2984 temporibus
1451 2928 1705 2970 oraturus
1752 2933 1766 2970 :
1805 2924 1860 2970 et

282 3002 413 3055 dum
449 3017 507 3056 se
535 3004 706 3057 sacris
736 3002 865 3056 inibi
907 3002 1180 3073 suppleret
1206 3004 1566 3069 orationibus,
1597 3006 1883 3075 processit

1944 547 2144 591 I'llCl'ﬂi.

2015 628 2101 682 57.
2165 624 2317 680 Nunc
2385 641 2554 697 ergo,
2630 626 2886 694 quoniam
2949 624 3198 679 universa
3250 624 3516 679 bonorum

1945 732 2159 775 actuum
2181 738 2396 775 suorum
2426 719 2706 783 exercitia,
2735 719 2777 772 si
2807 719 2894 773 die
2922 728 3190 788 noetuque
3216 718 3267 772 in
3302 728 3515 772 summa

1946 811 2309 867 meditationis
2358 811 2673 879 sagacitate,
2726 822 2917 862 somno
2966 807 3197 861 naturali
3246 806 3514 876 privatus,

1948 908 2286 969 inmtorarer,
2335 920 2544 975 nequeo
2582 903 2898 974 explanare;
2933 918 3145 971 acquum
3176 910 3353 955 tamen
3396 914 3518 955 esse

1946 998 2181 1051 arbitror
2232 1004 2290 1049 ut
2325 1009 2387 1048 ea
2410 994 2597 1048 saltem
2626 1009 2745 1062 qum
2772 992 2856 1047 vel
2886 1001 3097 1062 egomet
3129 992 3235 1044 vidi
3262 990 3342 1045 vcl
3371 990 3521 1044 audi-

1948 1089 2023 1153 vi,
2067 1086 2213 1154 justa
2268 1087 2360 1140 Dei
2419 1084 2785 1140 admonitione
2827 1082 3165 1146 stimulatus,
3217 1096 3314 1152 pro
3362 1095 3520 1150 posse

1949 1180 2227 1234 charitaiis
2248 1178 2494 1232 enodem.
2515 1176 2645 1231 Iluic
2662 1176 2883 1239 etenim,
2906 1174 3031 1228 dum
3057 1174 3337 1227 tzediosum
3363 1172 3521 1238 hujus

1951 1273 2074 1325 vita:
2104 1270 2393 1324 incolatum
2420 1268 2687 1321 laboriose
2714 1266 2959 1329 incoluit,
2982 1279 3253 1320 summum
3282 1263 3520 1317 studium

1951 1363 2051 1417 fuit
2079 1372 2133 1415 ut
2166 1362 2413 1417 videlicet
2445 1360 2615 1414 sacris
2648 1359 2699 1413 in
2727 1359 3061 1414 orationibus
3086 1368 3139 1412 et
3169 1359 3220 1413 in
3252 1356 3522 1412 Davidicis

1951 1455 2134 1509 decem
2160 1454 2480 1508 chordarum
2507 1452 2817 1521 psalmodiis
2840 1452 2952 1522 jugi
2986 1450 3283 1521 frequentia
3309 1450 3523 1504 insiste-

1954 1556 2058 1611 ret,
2084 1555 2175 1600 aut
2214 1546 2266 1599 in
2306 1545 2504 1616 vigiliis
2540 1559 2760 1599 suavem
2790 1559 3039 1597 somnum
3072 1542 3373 1611 superando
3402 1555 3525 1611 pcr-

1954 1648 2200 1695 noctarct
2227 1639 2478 1701 assiduis,
2512 1646 2603 1689 aut
2629 1636 2678 1689 in
2709 1634 3094 1689 ecclesiasticis
3120 1632 3356 1687 fervidus
3382 1647 3527 1687 sem-

1953 1750 2049 1805 per
2078 1734 2352 1788 insudaret
2381 1732 2593 1800 operari
2616 1730 2900 1799 operibus;
2930 1738 3023 1781 aut
3049 1728 3213 1799 etiam
3242 1726 3527 1799 mendosos

1954 1829 2140 1891 libros,
2188 1827 2312 1879 dum
2362 1825 2590 1895 primam
2640 1822 2865 1876 orientis
2908 1820 3014 1874 diei
3067 1819 3240 1873 lucem
3281 1815 3525 1872 contueri

1953 1918 2147 1988 potuit,
2180 1931 2331 1969 erasa
2362 1915 2686 1982 scriptorum
2721 1911 2952 1965 falsitate
2985 1910 3316 1979 corrigeret;
3349 1916 3441 1961 aut
3468 1914 3528 1959 ut

1955 2025 2080 2064 vera
2111 2018 2165 2062 et
2208 2006 2339 2060 falsa
2373 2005 2513 2059 inter
2559 2005 2731 2057 virum
2770 2012 2824 2057 ct
2864 2004 3036 2057 virum
3081 2002 3265 2071 sagaci
3312 1998 3528 2069 ingenio

1949 2097 2239 2168 judicando
2289 2098 2652 2159 discerneret;
2700 2102 2791 2147 aut
2837 2082 3114 2163 inpacatos
3158 2105 3398 2162 quosque
3448 2089 3530 2143 vel

1957 2189 2200 2244 rixantes
2226 2188 2432 2258 placido
2457 2183 2705 2240 sermone
2728 2184 3026 2238 concordes
3048 2182 3284 2236 elﬁceret
3305 2190 3357 2235 et
3380 2180 3533 2250 quie-

1957 2288 2071 2343 tos;
2100 2288 2193 2333 aut
2223 2279 2415 2341 viduis,
2466 2275 2744 2346 orphanis.
2778 2274 3077 2343 peregrinis
3114 2282 3168 2327 et
3208 2272 3430 2326 advenis
3473 2270 3529 2324 in

1956 2371 2069 2425 suis
2116 2370 2532 2423 necessuatlbus
2551 2367 2638 2436 pio
2680 2364 2972 2436 profuisset
3014 2362 3376 2428 adminiculo;
3439 2370 3535 2415 aut

1956 2471 2015 2514 ut
2056 2459 2201 2527 justa
2252 2458 2677 2527 sequestratione
2724 2457 2906 2523 inepta
2962 2453 3043 2507 vel
3102 2453 3302 2521 injusta
3362 2450 3535 2503 disso-

1958 2552 2127 2605 ciaret
2183 2548 2464 2617 conjugia,
2514 2556 2607 2600 aut
2656 2560 2871 2599 omnem
2928 2545 3220 2598 humanum
3282 2539 3532 2595 ordinem

1961 2643 2171 2698 trifarie
2229 2651 2476 2710 paratum
2540 2640 2593 2693 in
2640 2639 2860 2709 proprio
2912 2636 3203 2691 soliditatis
3257 2630 3533 2703 pI'ijSllO

1958 2733 2123 2787 verba
2177 2732 2299 2785 vita:
2352 2731 2594 2783 lirtnarct
2645 2728 2729 2781 vel
2779 2726 3068 2795 exemplo,
3120 2732 3213 2776 aut
3270 2723 3336 2776 de
3384 2720 3533 2790 justo

1960 2822 2372 2892 conquisitionis
2420 2836 2530 2875 sine
2593 2834 2755 2874 censu
2829 2816 3090 2873 ecclesias
3168 2813 3260 2869 Dei
3334 2811 3535 2882 placita

1961 2916 2226 2986 probitate
2255 2912 2559 2967 sublevaret
2596 2911 2879 2974 dilaudas;
2912 2918 3004 2962 aut
3039 2907 3203 2962 etiam
3250 2904 3535 2973 utriusque

1960 3007 2169 3062 ordinis
2195 3005 2496 3076 imperitos,
2526 3003 2672 3057 viros
2703 3002 2950 3057 videlicet
2973 3000 3056 3054 vel
3094 2998 3342 3065 feminas,
3375 3010 3537 3067 quos-

282 3093 353 3146 ad
375 3093 687 3147 orientalem
718 3094 809 3149 Dei
838 3110 1115 3163 puerpera:
1141 3095 1254 3164 (61)
1278 3096 1582 3156 ecclesiam.
1621 3106 1858 3151 tantum-
1887 3120 1931 3181 ρ
1964 3115 2176 3171 cunque
2221 3100 2308 3153 die
2366 3108 2635 3167 noctuque
2678 3105 2888 3167 poterat
2929 3095 3134 3151 cmlesti
3187 3093 3319 3159 sale,
3373 3092 3425 3146 id
3456 3096 3541 3146 est

282 3182 410 3238 dem
461 3195 797 3255 precaturus.
852 3186 1095 3256 Cumque
1146 3188 1211 3242 ad
1262 3188 1401 3243 hanc
1452 3191 1861 3260 propinquanth

284 3274 673 3344 pSallendoque
730 3277 988 3341 venisset,
1043 3276 1183 3332 forte
1234 3293 1301 3333 ex
1360 3279 1634 3347 insperato
1684 3282 1862 3335 noctis

284 3377 485 3423 eventu
534 3370 781 3423 audierat
820 3368 1065 3425 insolitas
1105 3372 1466 3427 sonoritarum
1516 3371 1630 3442 (65)
1681 3388 1859 3438 voces,

266 3456 480 3515 -subtili
530 3460 895 3515 modulamine
929 3463 983 3515 in
1029 3462 1131 3516 hac
1170 3463 1359 3518 eadem
1390 3463 1611 3518 basilica
1640 3480 1864 3518 concre-

286 3563 503 3621 pantes.
534 3550 601 3606 At
622 3551 709 3605 ille
737 3553 992 3607 continuo
1018 3569 1115 3623 per
1133 3555 1417 3623 quemdam
1446 3555 1611 3623 patuli
1646 3556 1865 3609 forami-

290 3641 379 3694 nis
410 3641 613 3694 hiatum
660 3642 972 3712 inspiciens,
1020 3643 1152 3696 vidit
1190 3643 1535 3712 prazlocutam
1580 3645 1864 3698 ecclesiam

290 3732 441 3786 omni
464 3747 581 3786 esse
601 3730 801 3803 fulgida
824 3733 944 3788 luce
970 3735 1261 3803 perfusam,
1286 3744 1341 3788 et
1364 3734 1635 3804 virgineas
1660 3745 1866 3789 turmas

291 3823 348 3878 in
385 3821 550 3876 choro
588 3825 794 3893 gyranti
824 3824 1083 3895 hymnum
1120 3825 1261 3881 hunc
1289 3838 1459 3893 poetae
1500 3825 1702 3879 Sedulii
1746 3839 1869 3879 cur-

292 3913 511 3967 sitando
539 3923 826 3968 cantantes
855 3927 870 3966 :
901 3913 1216 3979 Cantemus,
1264 3916 1418 3978 socii,
1466 3917 1717 3979 Domino,
1757 3926 1864 3971 etc.

290 4003 537 4072 Itemque
577 4005 863 4073 perpendit
891 4006 1108 4059 easdem
1141 4016 1262 4075 post
1300 4022 1514 4062 versum
1547 4017 1601 4061 et
1648 4022 1867 4061 versum

292 4110 431 4149 voce
451 4096 750 4164 reciproca,
774 4095 925 4163 quasi
952 4095 1004 4149 in
1026 4097 1419 4151 circumitionis
1442 4113 1551 4151 suae
1578 4105 1868 4164 concentu,

292 4188 531 4257 primum
547 4186 868 4242 versiculum
902 4187 1140 4257 ejusdem
1183 4188 1474 4257 hymniculi
1509 4203 1659 4242 more
1682 4189 1873 4243 buma-

295 4292 491 4331 narum
522 4278 785 4348 virginum
824 4278 1138 4347 repsallere,
1166 4279 1443 4334 dicentes:

370 4368 680 4431 Cantemus,
714 4370 869 4432 socii,
899 4369 1144 4434 Domino,
1173 4380 1453 4425 cantemus
1481 4370 1740 4425 honorem
1774 4387 1788 4425 :

378 4458 560 4513 Dulcis
588 4476 739 4513 amor
760 4460 958 4513 Christi
988 4468 1240 4528 personet
1260 4476 1355 4515 ore
1385 4461 1493 4529 pio,
1520 4470 1623 4516 etc.

298 4547 428 4603 llaec
469 4547 686 4617 inquam
737 4549 1039 4602 veneranda
1071 4548 1333 4602 donorum
1379 4550 1702 4620 spiritalium
1736 4552 1871 4608 insi-

296 4642 450 4714 guia,
481 4641 691 4710 aliaque
716 4642 1021 4703 innumera,
1050 4654 1168 4707 qua!
1192 4655 1290 4693 nec
1312 4655 1412 4707 ego
1436 4656 1532 4694 nec
1557 4640 1693 4695 alius
1723 4644 1875 4712 quis-

297 4751 466 4806 quam
512 4735 671 4805 hujus
714 4734 839 4788 vitae
896 4732 1068 4789 incola
1118 4732 1357 4803 quolibet
1390 4734 1624 4786 humano
1661 4735 1878 4804 eloquio

295 4827 557 4898 praevalet
617 4840 905 4893 enarrare,
961 4826 1211 4896 egregius
1269 4824 1464 4896 praesul
1521 4825 1874 4893 Duustanus,

371 4964 481 5031 (63)
520 4964 575 5018 In
599 4964 717 5034 Vita
749 4962 805 5034 S.
840 4961 1134 5017 Ethelberti
1168 4964 1307 5034 regis
1334 4962 1644 5016 Cantiorum
1676 4962 1748 5017 24
1779 4963 1881 5019 Fe-

300 5035 531 5099 bruarii,
560 5052 612 5087 η.
660 5033 694 5085 5
747 5033 845 5085 ista
899 5036 1199 5088 habentur:
1228 5033 1307 5087 Ad
1348 5035 1717 5087 monasterium
1772 5035 1877 5091 SS.

304 5104 453 5157 Petri
492 5116 537 5156 et
576 5102 728 5156 Pauli
760 5101 815 5155 S.
849 5103 1151 5156 Dimatanus
1178 5103 1371 5155 crebris
1424 5102 1661 5155 noctibus
1692 5104 1881 5158 orandi

303 5174 474 5242 gratia
496 5172 724 5242 veniens,
750 5172 991 5227 visionem
1020 5172 1575 5242 supernorumhcivium
1617 5174 1790 5228 videre
1835 5183 1881 5227 et

305 5238 509 5280 Ϊηηηηὶι
544 5241 830 5280 ρωΙριΙίΙηιι
851 5245 1095 5280 impun“
1115 5243 1299 5280 nurui!
1342 5238 1444 5280 "ni
1472 5242 1663 5280 smninc
1687 5244 1883 5280 Αἱνὲοορ

1965 3191 2218 3247 salutaris
2258 3189 2538 3258 sapientia:
2605 3189 2947 3252 documento,
3003 3186 3264 3241 condiret.
3311 3182 3541 3251 Ideoque

1965 3283 2141 3338 omnis
2172 3280 2515 3349 hchnglica
2544 3288 2686 3333 terra
2713 3279 2957 3333 doctrina
2982 3277 3097 3346 ejus
3125 3283 3312 3330 sancta
3337 3272 3542 3342 repleta

1964 3384 2068 3439 est,
2104 3373 2312 3444 fulgens
2340 3386 2520 3425 coram
2550 3369 2661 3424 Deo
2689 3379 2743 3423 et
2798 3367 3127 3433 hominibus,
3181 3367 3324 3421 sicut
3366 3363 3444 3419 sol
3486 3370 3543 3417 et

1967 3468 2091 3521 luna
2122 3484 2135 3520 :
2170 3474 2262 3519 aut
2298 3464 2460 3519 etiam
2513 3462 2728 3533 quando
2779 3462 2988 3516 debitas
3042 3457 3381 3513 vernulitatis
3427 3453 3542 3525 (66)

1967 3573 2077 3611 sua:
2102 3557 2259 3610 horas
2270 3563 2600 3621 caeterasque
2615 3552 2775 3606 missa
2784 3568 2898 3604 rum
2923 3548 3311 3604 celebrationes
3327 3545 3543 3601 Christo

1970 3646 2198 3699 Domino
2228 3643 2438 3698 solvere
2464 3641 2781 3703 censuisset,
2813 3646 2965 3692 tanta
3004 3636 3201 3691 mentis
3232 3633 3544 3704 integritate

1969 3751 2063 3791 eas
2084 3733 2426 3791 .decantando
2452 3732 2717 3791 exercuit.
2749 3738 2807 3784 ut
2836 3743 2957 3783 cum
2999 3728 3115 3796 ipso
3143 3725 3369 3780 Domino
3402 3722 3543 3776 facie

1969 3828 2035 3881 ad
2066 3828 2256 3881 faciem
2285 3826 2383 3881 fari
2413 3824 2722 3887 videretur;
2750 3821 2877 3876 licet
2901 3828 3059 3873 antea
3082 3826 3137 3871 et
3163 3812 3544 3870 tumultuantis

1969 3918 2149 3988 populi
2199 3914 2534 3971 conflictibus
2588 3911 2816 3966 nimium
2869 3917 3015 3964 esset
3051 3907 3320 3971 irretitus;
3374 3900 3548 3959 oculis

1972 4007 2193 4062 interim
2213 4018 2278 4059 ac
2316 4002 2562 4058 manibus
2586 4015 2734 4055 more
2756 4000 2816 4053 Β.
2850 3997 3067 4052 Martini
3096 3997 3149 4051 in
3176 3994 3372 4049 cretum
3401 4004 3543 4047 sem-

1971 4114 2069 4168 per
2097 4096 2342 4162 intentis,
2357 4108 2627 4162 nunquam
2651 4092 2719 4145 ab
2744 4090 2990 4146 oratione
3006 4087 3255 4158 spiritum
3273 4084 3546 4140 relaxans.

1974 4190 2305 4257 Quotiesque
2351 4185 2564 4254 aliquod
2607 4183 2749 4237 aliud
2793 4196 2930 4251 opus
2975 4177 3322 4250 perfectionis
3373 4173 3550 4244 dignm

1974 4279 2060 4335 vel
2082 4280 2245 4335 etiam
2272 4277 2428 4331 laude
2451 4284 2750 4339 exerceret,
2781 4274 2834 4328 in
2880 4272 3053 4327 sacris
3094 4270 3255 4326 etiam
3292 4268 3546 4324 sacerdo-

1977 4380 2090 4426 tum
2152 4368 2601 4431 ordinationibus,
2648 4364 3110 4432 ecclesiarumque
3161 4359 3244 4414 vel
3294 4358 3547 4414 altarium

1898 4451 1950 4511 D
1977 4457 2494 4521 consecrationibus,
2546 4470 2639 4513 seu
2683 4454 2846 4510 etiam
2880 4454 2935 4508 in
2983 4450 3315 4522 quibuslibet
3366 4461 3551 4503 rerum

1978 4552 2278 4605 divinarum
2310 4546 2761 4611 institutionibus,
2817 4546 2919 4601 hoc
2957 4559 3171 4614 semper
3210 4540 3380 4596 nimio
3425 4553 3556 4594 rore

1978 4642 2341 4713 lacrymarum
2372 4640 2602 4710 peregit,
2626 4654 2762 4709 quas
2789 4636 3074 4692 invisibilis
3107 4634 3381 4690 habitator
3427 4643 3561 4684 sano

1978 4743 2098 4788 ctus
2126 4746 2337 4803 quoque
2368 4730 2628 4800 Spiritus,
2650 4729 2741 4799 qui
2768 4728 2822 4783 in
2861 4726 3140 4797 eojugiter
3160 4719 3448 4784 habitavit,
3491 4734 3575 4778 ex

1978 4822 2257 4880 oculorum
2285 4820 2473 4875 rivulis
2493 4828 2744 4889 potenter
2761 4817 2965 4872 elicuit.

1982 4963 2191 5019 cuidam
2232 4959 2345 5013 viro
2395 4956 2662 5026 apparuit,
2707 4942 3627 5026 dicens:Vadogtﬂic‘fp1859po

1984 5015 2258 5090 Μηδίαηο
2292 5044 2309 5082 :
2341 5015 2472 5081 Hw'c'
2492 5026 2585 5078 tibi
2612 5015 2826 5074 mandat
2851 5015 3084 5088 famulus
3131 5015 3336 5090 Christi

3378 5005 3654 5064 Δάν-ίαν

1984 5037 2258 5090 Dumtano
2292 5044 2309 5082 :
2341 5037 2469 5081 ﬂwc
2492 5037 2585 5078 ιιυι
2612 5037 2826 5074 mandat
2851 5037 3084 5088 jamutus
3131 5037 3336 5070 uinu-
3378 5037 3502 5083 ττι..
3528 5037 3654 5075 ια.

1984 5121 2101 5159 nus.
2134 5101 2212 5154 Tu
2268 5099 2321 5150 in
2371 5095 2609 5149 domibus
2644 5090 2919 5158 diligenter
2957 5085 3217 5159 coapertis
3270 5087 3674 5159 requjescisg

1982 5145 2507 5230 'e'f'vifaierhboinini
2548 5161 2709 5230 nostri
2742 5145 2943 5230 vatque”
2965 5145 3088 5230 nos;
3108 5145 3682 5230 [απιιιιίξξιὶρηξέιῖ

1985 5223 2098 5280 Σ.οή
2122 5223 2342 5278 εηβξηηιη»
2376 5242 2627 5278 mutemus.
2663 5225 2781 5276 Otto
2816 5223 3001 5274 audito
3054 5223 3370 5274 Dunstamu
3417 5223 3677 5270 ωσι...
