4048 5368
555 206 725 291 4455»

1620 204 1679 262 S.
1713 200 2078 261 ELFRICUS
2104 199 2419 258 ARCillEP.
2446 203 2794 262 CANTUAR.

3679 201 3811 260 ιιεε

621 320 711 377 58.
748 322 993 394 Cumque
1020 337 1285 394 supernus
1328 322 1603 392 inspector
1629 321 1696 374 ad
1726 318 1835 374 alta
1880 316 2124 387 polorum
2156 313 2203 371 Α
2229 315 2425 384 quibus
2448 316 2637 372 venire
2667 317 2980 385 videbatur,
3003 314 3342 374 ascenderet.
3372 313 3475 384 Qui
3502 329 3631 372 cum
3653 316 3811 388 hujus

552 411 797 484 fastigia,
819 413 936 470 haec
957 415 1044 484 pia
1074 416 1365 485 omniaque
1394 414 1537 470 beati
1566 413 1665 468 viri
1703 413 1879 468 studia
1933 410 2127 465 diutis-

551 502 692 559 sima
745 503 1115 577 speculatione
1177 504 1556 574 conspiceret,
1618 504 1835 558 tandem
1889 502 2134 558 decrevit

551 582 872 665 clementius
894 594 1054 650 linem
1086 593 1479 650 laboriosorum
1501 594 1854 649 luctaminum
1883 608 2128 658 suornm,

553 695 613 740 ut
635 700 757 741 cum
785 685 959 741 beatis
987 685 1299 757 angelorum
1326 685 1632 758 agminibus
1688 694 2129 741 remunerantem

552 780 829 833 nummum
852 778 1122 849 acciperet
1163 778 1216 835 in
1244 780 1415 843 caelis.
1448 796 1547 850 pro
1575 795 1682 851 quo
1711 778 2006 849 sepissime
2044 791 2130 832 su-

551 864 727 932 darat,
756 856 883 922 dum
910 876 1151 937 portaret
1179 868 1295 924 leve
1315 884 1453 925 onus
1479 868 1647 939 ipsius
1673 869 1727 923 in
1758 867 1939 922 terris.
1966 866 2132 921 Insta-

551 953 643 1010 bat
668 970 901 1028 namque
923 959 1037 1015 dies
1056 958 1262 1029 pariter
1285 958 1493 1014 Domini
1516 959 1606 1014 Dei
1640 958 1807 1013 nostri
1832 957 2128 1012 Aseensio-

551 1047 657 1113 Itis,
682 1047 906 1121 diesque
945 1051 1314 1107 advocationis
1358 1051 1547 1121 ipsius,
1601 1052 1654 1106 in
1687 1067 1794 1123 quo
1836 1061 2011 1106 tamen
2044 1052 2129 1107 die

554 1137 782 1196 Domino
843 1142 1082 1199 dictante
1134 1144 1419 1200 missarum
1475 1145 1709 1200 celebria
1779 1145 1895 1199 sine
1948 1145 2128 1213 aliqua

551 1230 767 1286 laesione
810 1233 1196 1302 compleverat,
1228 1244 1282 1289 et
1332 1236 1685 1290 novissimum
1735 1236 1881 1290 verbi
1915 1235 2008 1290 Dei
2043 1235 2129 1291 fo-

550 1333 789 1399 mentum
822 1327 1112 1381 commisso
1132 1327 1234 1381 sibi
1264 1327 1458 1398 populo
1496 1327 1679 1383 multis
1711 1344 1834 1383 cum
1866 1327 2130 1399 lacryma-

550 1427 670 1468 rum
687 1414 950 1470 imbribus
971 1416 1323 1483 ministravit;
1349 1420 1548 1475 docens
1570 1433 1785 1489 semper
1818 1419 1906 1473 Dei
1932 1418 2127 1473 Filium

548 1506 617 1561 de
666 1508 893 1562 summis
938 1509 1197 1565 caelorum
1257 1511 1476 1566 sedibus
1531 1527 1631 1582 pro
1674 1512 1911 1567 humana
1954 1512 2129 1567 salute

2230 407 2624 464 exhortationis
2640 407 2936 464 clausulam
2965 407 3304 462 terminando
3331 406 3622 475 posuisset,
3646 406 3811 462 nimia

2229 499 2410 554 cordis
2437 499 2701 555 cltaritate
2748 499 3014 569 poposcit,
3046 497 3190 567 quod
3227 497 3339 566 ipse
3365 493 3624 567 primitus
3652 496 3809 552 celeri

2229 592 2489 663 petitione
2514 592 2846 663 impetravit,
2898 591 3001 645 hoc
3044 588 3335 659 siquidem,
3365 596 3429 643 ut
3464 589 3811 657 omnipotens

2231 684 2489 743 Dominus
2537 694 2765 754 paterna
2831 683 3033 751 pietate
3077 680 3492 751 quibuscuuque
3540 677 3809 743 ﬁdelibus,

2228 777 2487 832 membris
2506 776 2754 831 videlicet
2773 772 2899 829 Iesu
2920 772 3144 834 Christi.
3168 769 3461 825 scandendi
3493 766 3811 822 facultatem

2228 871 2579 934 condonaret,
2602 883 2710 940 quo
2738 866 3061 938 principium
3083 873 3139 919 et
3159 873 3318 934 caput
3359 874 3814 933 quorumcunque

2228 959 2477 1015 Christus
2505 962 2555 1013 in
2588 958 2843 1028 praedicta
2895 956 2983 1011 die
3029 963 3280 1026 potenter
3330 952 3683 1007 ascenderat.
3722 950 3813 1005 llis

2228 1052 2318 1107 ille
2344 1051 2594 1120 alloquiis
2653 1050 2971 1119 caeterisque
3020 1046 3453 1117 praedicamentis
3500 1043 3817 1099 salubribus

2231 1155 2313 1201 ter
2334 1144 2434 1201 sub
2458 1160 2564 1198 una
2590 1144 2694 1199 diei
2750 1143 2921 1213 ipsius
2973 1139 3339 1196 celebratione
3388 1135 3816 1193 commissorum

2230 1238 2392 1294 corda
2419 1235 2634 1291 allatius
2658 1233 2965 1304 permonuit
2997 1249 3008 1284 :
3041 1231 3217 1300 primo
3242 1229 3412 1292 enim,
3445 1235 3508 1280 ut
3557 1224 3817 1280 ecclesia-

2229 1332 2397 1385 sticus
2424 1329 2559 1383 ordo
2580 1335 2702 1397 post
2730 1325 2976 1381 lectionis
3007 1320 3356 1393 Evangelium
3382 1320 3511 1389 jure
3544 1318 3812 1381 insinuat;

2227 1424 2466 1478 secundo
2501 1428 2623 1491 post
2650 1420 2938 1491 gratuitam
2965 1416 3175 1471 collatae
3198 1414 3300 1469 sibi
3333 1411 3626 1483 potestatis
3656 1409 3817 1464 bene-

2229 1512 2551 1576 dictionem;
2587 1509 2747 1563 tertio
2775 1522 2925 1571 vero,
2952 1516 3073 1580 post
3101 1505 3202 1575 piae
3218 1503 3367 1575 pacis
3390 1500 3814 1561 conferentium,

548 1597 895 1654 descendisse
922 1599 988 1654 ad
1013 1609 1205 1664 terras,
1236 1618 1343 1673 quo
1380 1619 1436 1658 se
1458 1602 1782 1674 Patremque
1823 1619 1978 1659 suum
2021 1621 2123 1659 una
2153 1665 2196 1675 _
2229 1605 2445 1675 quando
2497 1601 2770 1658 communi
2819 1601 3062 1657 carmine
3091 1599 3389 1663 cecinimus
3419 1612 3435 1653 :
3467 1596 3659 1667 Agnus
3699 1593 3815 1657 Dei.

549 1702 672 1741 cum
703 1688 944 1743 Flamine
972 1706 1129 1746 sacro
1155 1665 1318 1747 unum
1345 1708 1466 1750 esse
1498 1695 1663 1750 Deum
1692 1665 1889 1766 patula
1919 1697 2125 1766 patefa-
2153 1665 2201 1725 Β
2228 1665 2317 1771 qui
2338 1696 2479 1751 tollis
2507 1705 2718 1767 peccata
2741 1694 2943 1752 mundi.
2974 1694 3212 1746 miserere
3234 1690 3402 1755 nobis,
3436 1696 3569 1743 tunc
3597 1685 3815 1759 quidem

548 1772 699 1832 ceret
725 1779 956 1847 pietate;
985 1789 1037 1835 et
1069 1783 1354 1849 utcadem,
1399 1799 1505 1854 qua
1548 1786 1807 1855 praelatus
1855 1803 1973 1841 sum
2016 1787 2122 1854 dic,

2230 1800 2282 1847 et
2306 1791 2421 1860 ipse
2442 1788 2758 1844 commissos
2781 1786 2883 1842 sibi
2907 1783 3202 1855 agnicnlos,
3230 1796 3260 1835 a
3283 1789 3638 1851 peccatorum
3671 1776 3818 1846 prius

548 1866 759 1923 devicto
802 1870 1015 1928 diabolo
1061 1883 1118 1928 et
1175 1875 1405 1932 liberato
1457 1878 1652 1948 populo
1680 1894 1800 1946 suo,
1840 1881 2029 1949 cmlos,
2059 1883 2126 1937 de
2230 1879 2560 1952 ponderibus
2590 1878 2833 1942 leviatos,
2858 1875 3034 1946 pio....
3074 1873 3273 1944 reliqua
3300 1870 3678 1923 drsiJenmmr

547 1981 3050 2021 Mm

1603 2169 2761 2287 COMMENTARIUM

1186 2402 1297 2480 IN
1359 2402 1750 2483 LIBRUM
1810 2405 2095 2487 BEDIE
2152 2408 2283 2486 DE
2322 2407 2668 2487 BERUM
2726 2406 3168 2487 NATURA.

1400 2574 1613 2640 (Exstat
1648 2580 1784 2634 inter
1809 2577 1982 2650 Opera
2018 2580 2198 2648 Βεὼρ,
2228 2591 2361 2637 tom.
2388 2581 2429 2650 l,
2454 2598 2579 2656 pag.
2610 2583 2712 2640 187
2738 2581 2918 2653 seqq.)

1966 2737 2417 2757 ——-—.

1603 2860 2759 2984 COMMENTARIUM

1425 3081 1509 3142 IN
1545 3080 1845 3143 LIBRUM
1886 3084 1985 3143 DE
2014 3081 2391 3157 LOQUELA
2426 3085 2580 3145 PER
2613 3085 2955 3149 GESTUM.

1723 3203 1883 3276 (Opp.
1904 3205 2086 3274 Bedte,
2120 3204 2276 3274 ibid.,
2304 3223 2426 3278 pag.
2459 3204 2612 3278 686.)

580 3385 3811 3440 Mm

3315 3426 3572 3438 ..ψ

1898 3535 2072 3579 ANNO
2106 3535 2334 3581 DOMINI
2377 3537 2513 3584 Μγι.

935 3683 2006 3851 SANCTUS
2143 3689 3408 3856 AELFRICUS

1531 3933 2121 3991 ARCHIEPISCOPUS
2158 3934 2733 3997 CANTUAMENSIS.

1931 4076 2291 4094 ——_—

783 4189 1293 4308 NOTITIA
1356 4215 2019 4338 HISTORICA‘
2075 4217 2202 4307 IN
2273 4219 2820 4311 SANCTUM
2889 4221 3587 4318 IELFRICUM.

1429 4408 1705 4482 (MABILL.,
1745 4411 1874 4465 Acta
1899 4409 2005 4466 SS.
2046 4409 2268 4476 Bened.,
2311 4418 2442 4471 tom.
2474 4408 2605 4482 Vlll,
2638 4430 2757 4488 pag.
2798 4417 2915 4489 55.)

1966 4529 2021 4536 -ο

2026 4521 2259 4542 ———-—“

615 4656 667 4711 Ι.
703 4654 878 4723 Hujus
904 4654 1076 4710 sancti
1107 4652 1362 4732 antistitis
1390 4666 1586 4732 nomen
1618 4655 1767 4732 varie
1808 4658 1946 4725 apud
1965 4727 1974 4732 _
1997 4657 2110 4732 _An-
2144 4640 2186 4697 C
2220 4653 2428 4732 duobus
2456 4655 2691 4732 Elfricis,
2720 4658 3015 4732 n_bi__multa
3066 4662 3313 4732 congerit
3359 4665 3427 4718 de
3459 4677 3654 4722 nostro
3684 4668 3803 4725 ΕΙ-

540 4725 805 4796 ειῑεθηοξν
828 4734 1076 4796 auctores
1105 4725 1369 4796 scriptum
1395 4725 1634 4796 legitur,
1662 4726 1752 4796 qui
1786 4742 1911 4780 eum
1941 4727 2112 4796 Alfri-

540 4793 680 4854 cum.
709 4794 1021 4863 Elfricum,
1052 4795 1338 4862 Elfricum.
1370 4793 1654 4862 Alvricum,
1675 4793 1975 4857 Alvredum,
2007 4793 2115 4852 imo

538 4874 597 4918 et
663 4864 930 4919 Saxonice
983 4865 1130 4918 Atria
1186 4865 1508 4934 quandoque
1574 4865 1866 4934 appellant.
1932 4865 2115 4922 Genus

540 4933 742 5004 ipsius,
785 4943 1037 5004 parentes
1074 4942 1167 4989 aut
1215 4933 1442 5004 patriam
1488 4933 2110 5004 nemoreommemorat;

519 5003 705 5075 nobili
752 5003 932 5075 tamen
979 5018 1176 5075 genere
1216 5003 1385 5075 natus
1424 5004 1624 5075 dicitur
1647 5003 1715 5075 _in
1769 5005 1993 5075 epistola
2046 5008 2113 5060 ad

539 5070 1004 5141 cantitarienses;
1040 5088 1200 5141 quam
1231 5074 1369 5127 infra
1408 5070 1818 5128 exhibebimus;
1856 5074 1911 5128 ln
1941 5075 2112 5129 Abin-

540 5139 818 5210 gdoniensi
861 5157 954 5195 seu
981 5139 1416 5197 Abbendoniensi
1439 5142 1729 5210 percelebri
1764 5145 2112 5210 monasterio,

540 5209 686 5277 quod
730 5209 790 5282 in
839 5225 969 5280 agro
1021 5210 1332 5266 Berrocensi
1364 5209 1545 5282 .situm
1589 5220 1694 5275 est,
1743 5212 1910 5266 vitam
1938 5216 2115 5282 egisse

508 5277 899 5368 ~mLoknasti'can'i
931 5289 1182 5368 asserunt
1206 5295 1412 5368 omnes,
1464 5281 1619 5349 cujus
1662 5283 1855 5368 etiam.
1879 5277 2115 5351 cmnobii

2198 4724 2356 4798 [frica
2398 4728 2556 4798 scitu
2586 4741 2691 4780 non
2717 4728 2992 4798 indigna;
3044 4724 3201 4788 hunc
3223 4750 3354 4790 vero
3389 4734 3583 4792 Sancti
3611 4724 3801 4795 Albani

2221 4795 2467 4877 abbatem
2485 4794 2651 4878 fuisse
2678 4796 2797 4878 plus
2823 4794 2984 4867 quam
3010 4804 3285 4878 probabile
3312 4806 3617 4878 existimat.
3638 4794 3804 4864 Perro

2219 4864 2275 4920 in
2298 4865 2414 4933 ejus
2450 4864 2734 4941 electionis
2763 4864 3177 4941 decreto,'quod
3209 4874 3295 4929 hic
3326 4874 3467 4929 infra
3520 4879 3804 4933 exhibebi-

2220 4950 2369 5012 mus,
2393 4936 2745 5012 _monac|i_us_,
2796 4953 2913 5012 non
2940 4936 3116 5012 abbas
3143 4944 3475 5012 appellatur;
3510 4963 3611 5002 nec
3662 4949 3803 5004 nllus

2221 5005 2438 5087 scriptis
2490 5006 2768 5087 mandavit
2823 5008 2952 5087 quid
2992 5005 3413 5087 _abb_a_s'_egerit,
3461 5005 3563 5070 aut
3595 5029 3802 5087 quanto

2223 5082 2461 5143 tempore
2495 5076 2548 5130 id
2594 5091 2792 5132 munus
2833 5079 3046 5133 obierit.
3101 5076 3282 5137 Multis
3326 5076 3628 5143 virtutibus
3674 5103 3797 5142 eum

2218 5144 2467 5199 lloruisse
2516 5144 2567 5197 in
2626 5147 2956 5201 monasterio
3012 5151 3451 5209 Abbendnniensi
3502 5158 3665 5212 testis
3718 5166 3802 5212 est

2219 5213 2445 5334 epistola
2480 5229 2638 5282 quam
2687 5230 2754 5269 ex
2798 5215 3001 5272 Νωοωί
3050 5218 3375 5290 Harpsl’eldii
3422 5224 3660 5281 Historia
3690 5228 3801 5282 An-

2220 5298 2253 5334 u
2279 5283 2434 5334 icana
2467 5283 2664 5334 smculo
2693 5286 2926 5334 decimo-
2960 5289 3139 5334 nauita
3181 5294 3433 5334 sanatum.
3464 5295 3571 5334 tum
3613 5298 3796 5334 πως..

2220 5283 2434 5364 glicana
2467 5283 2664 5368 steculo
2693 5286 2927 5353 decimo,
2960 5289 3139 5358 capite
3162 5283 3433 5363 'septimo,
3464 5295 3571 5351 buc
3613 5298 3796 5368 proie-
