4048 5368
583 258 717 316 1471

1644 255 1701 310 S.
1737 253 2032 310 ZELFBICI
2074 253 2166 306 AD
2195 248 2577 307 WULFINUM
2605 248 2816 306 EPISC.

3705 254 3821 311 M7!

1340 389 1402 443 ιι,
1771 427 1776 433 .
2136 455 2138 458 ν
2189 391 2236 449 Λ
2264 385 2635 450 celebrabant,
2659 399 2758 440 nec
2784 392 3187 440 sacramentum
3212 387 3462 458 corporis
3484 396 3537 444 et
3565 390 3823 460 sanguinis

578 517 580 520 ν
659 486 790 542 Post
818 484 1022 540 Christi
1059 498 1188 538 vero
1218 477 1591 538 ascensionem
1639 480 1693 534 in
1741 494 1962 550 regnum
2003 471 2166 533 c'mlo-

583 594 728 642 rum,
774 587 829 632 et
867 591 1150 632 excessum
1178 572 1568 628 venerabilium
1607 571 1726 641 ejus
1771 570 2162 642 apostolorum,

583 677 732 722 tanta
763 668 996 722 excitata
1026 674 1109 720 est
1138 665 1189 718 in
1221 674 1489 719 terrarum
1523 663 1702 717 medio
1731 662 2058 732 persecutio,
2107 668 2167 714 ut

582 759 652 814 ad
707 757 971 828 synodum
1038 754 1355 825 congregari
1405 753 1700 822 nequibant
1757 752 1991 806 ministri
2046 750 2164 815 Dei,

584 859 874 922 propterea
921 848 1065 918 quod
1112 849 1312 902 eorum"
1353 845 1480 901 vitis
1530 843 1928 899 insidiabantur
1977 851 2168 913 gentes

580 941 848 1006 ethniem;
873 940 1046 995 donec
1067 939 1455 994 Constantinus
1477 937 1677 1003 Caesar,
1709 935 1998 1007 imperium
2013 935 2166 991 orbis

585 1041 890 1092 assecutus.
922 1030 1270 1086 Christianus
1302 1030 1481 1085 ﬁeret.

1323 1123 1411 1177 III.

576 1209 580 1212 ’
655 1218 810 1274 Tunc
850 1217 1201 1289 congregavit
1240 1215 1328 1271 ille
1377 1215 1429 1268 in
1461 1213 1638 1269 Nicma
1680 1213 1901 1268 civitate
1933 1226 2164 1268 cccxvnt

578 1309 859 1379 episcopos
887 1322 948 1361 ex
981 1309 1231 1362 omnibus
1261 1303 1570 1358 nationibus
1616 1303 1682 1357 ad
1733 1301 2165 1356 conﬁrmandam

580 1398 742 1452 ﬁdem
767 1398 1113 1453 catholicam.
1153 1394 1324 1450 Erant
1359 1394 1412 1448 in
1461 1395 1564 1448 hac
1615 1392 1819 1465 synodo
1855 1391 2007 1446 multi
2046 1391 2166 1459 epi-

578 1490 728 1562 scopi
782 1491 1086 1560 insignibus
1140 1487 1274 1542 clari
1324 1486 1622 1552 miraculis,
1675 1494 1728 1540 et
1776 1484 1831 1540 hi
1893 1483 2164 1538 missalcm

578 1581 866 1651 quemdam
900 1579 1259 1643 sacerdotem,
1304 1577 1495 1633 Arium
1527 1577 1764 1642 nomine,
1798 1574 1903 1629 telo
1935 1574 2166 1628 anathe-

579 1674 743 1728 matis
798 1671 1262 1742 perstrinxeruut,
1309 1669 1453 1740 quod
1505 1684 1612 1723 non
1670 1666 1919 1722 crederet
1966 1663 2163 1718 Filium

2270 477 2468 532 Christi
2501 475 2976 545 administrabant,
3009 481 3103 535 sed
3132 480 3297 536 boves
3324 479 3650 548 offerebant,
3679 497 3824 552 usque

2272 565 2398 621 dum
2422 565 2670 621 Christus
2709 577 2834 623 ante
2857 571 3160 640 passionem
3192 587 3346 627 suam
3375 571 3506 627 illud
3529 587 3824 630 sacramen-

2271 666 2385 712 tum
2447 659 2924 728 sanctiﬁcaverat,
3007 664 3338 736 missamque
3413 666 3743 722 instituerat.
3774 706 3824 724 ..

2269 747 2430 803 modo
2457 763 2553 820 per
2578 765 2700 804 eum
2733 751 2892 807 exist.
2923 791 2936 805 .
2972 791 2988 806 .
3019 791 3034 807 .
3065 793 3080 807 .
3111 791 3132 807 .

2989 845 3122 901 VIII.

2263 919 2265 992 ί
2338 931 2701 988 Constitutum
2725 935 2890 991 etiam
2920 935 3020 991 fuit
3053 937 3105 992 in
3130 936 3318 993 eadem
3346 939 3562 1010 synodo
3605 948 3663 995 ut
3690 941 3734 997 is
3753 944 3825 1012 qui

2268 1019 2484 1074 viduam
2539 1021 2793 1090 duxerat,
2841 1033 2931 1080 aut
2965 1025 3324 1096 repudiatam,
3349 1036 3442 1082 aut
3480 1029 3555 1084 ad
3589 1032 3828 1085 secundas

2269 1113 2486 1182 nuptias
2528 1115 2837 1181 transierat,
2883 1119 2951 1172 ad
2999 1132 3216 1172 sacrum
3260 1119 3511 1175 ordinem
3570 1135 3826 1190 nunquam

2268 1215 2452 1274 postea
2477 1216 2870 1274 assumeretur,
2917 1223 3017 1264 nec
3057 1219 3477 1267 consecraretur
3521 1213 3582 1267 in
3611 1215 3828 1268 sacerdo

2271 1306 2378 1352 tem
2435 1311 2450 1351 :
2506 1301 2601 1352 sed
2665 1299 2710 1354 is
2758 1301 2850 1369 qui
2913 1309 3075 1356 casta:
3131 1303 3292 1364 unius
3361 1303 3558 1358 uxoris
3627 1307 3828 1359 maritus

2268 1387 2469 1452 fuerat,
2498 1388 2564 1442 ad
2610 1398 2820 1444 castum
2861 1392 3110 1448 ordinem
3159 1393 3439 1464 eligendus
3489 1393 3664 1460 foret,
3698 1393 3827 1464 juxta

2269 1478 2319 1534 id
2355 1480 2499 1550 quod
2527 1481 2806 1552 apostolus
2849 1482 3046 1541 Paulus
3088 1485 3144 1540 in
3179 1485 3409 1556 epistola
3449 1501 3559 1543 sua
3593 1487 3827 1558 scriptum

2268 1571 2506 1626 tradidit.

3005 1666 3102 1723 IX.

583 1765 681 1820 Dei
713 1765 946 1819 viventis
990 1764 1044 1818 in
1094 1771 1415 1834 perpetuum
1460 1759 1685 1830 tequalis
1736 1773 1858 1814 esse
1912 1756 2162 1828 potentia:
2195 1747 2238 1801 Β
2335 1755 2476 1811 Nulli
2505 1757 2668 1814 liceat
2715 1760 2983 1816 sacerdoti
3014 1762 3080 1817 iis
3113 1763 3381 1819 interesse
3419 1765 3737 1835 nuptiarum
3758 1781 3830 1821 eeo

578 1874 704 1913 cum
745 1857 910 1913 Patre
961 1871 1059 1912 suo
1085 1855 1340 1926 glorioso.
1395 1852 1685 1923 Ipsumque
1737 1851 1900 1920 igitur
1949 1849 2166 1905 Satanae

578 1949 916 2004 tradiderunt
942 1961 1167 2002 omnes:
1189 1946 1281 2001 sed
1309 1946 1354 2000 is
1388 1945 1559 2000 noluit
1590 1943 1932 2013 resipiscere,
1964 1955 2159 2010 usque-

578 2041 705 2095 dum
731 2039 898 2096 ell'usa
927 2055 1050 2096 eum
1082 2039 1204 2095 alvo
1233 2037 1488 2094 intestina
1517 2037 1694 2094 suain
1734 2035 1984 2116 latrinam
2017 2035 2164 2089 vide-

579 2140 688 2187 rat.

1324 2219 1414 2274 IV.

654 2311 710 2365 ln
753 2311 856 2366 hac
881 2311 1087 2384 synodo
1117 2310 1362 2365 instituta
1410 2309 1511 2364 fuit
1560 2319 1762 2365 sanctae
1809 2309 2069 2366 Ecclesiae
2097 2309 2164 2364 li-

575 2402 777 2473 turgia,
812 2411 866 2456 et
915 2401 1037 2456 ﬁdei
1093 2401 1407 2473 Symbolum
1457 2417 1564 2470 quo
1615 2401 1669 2456 in
1718 2401 1883 2456 missa
1937 2401 2162 2469 utimur,

574 2489 942 2562 nonnullaque
971 2489 1075 2545 alia
1115 2491 1182 2546 ad
1233 2490 1435 2545 cultum
1465 2501 1518 2546 et
1547 2489 1828 2547 servitium
1861 2489 1958 2544 Dei
1992 2490 2165 2560 perti-

573 2597 679 2637 nen
689 2582 784 2638 tia.

579 2747 584 2752 δ
647 2769 1020 2826 Decreverunt
1043 2764 1154 2834 jam
1185 2777 1294 2820 tum
1325 2782 1516 2822 omnes
1557 2768 1797 2822 unanimi
1834 2767 2163 2837 cogitatione

578 2865 640 2911 ut
671 2873 846 2928 neque
876 2859 1182 2929 episcopus,
1209 2873 1382 2929 neque
1408 2859 1665 2915 sacerdos
1699 2861 1958 2924 ntissalis,
1989 2874 2162 2928 neque

576 2946 858 3012 diaconus,
893 2963 991 3003 nec
1018 2950 1107 3018 qui
1146 2965 1272 3004 vere
1299 2958 1380 3004 est
1407 2949 1746 3016 ‘canonicus,
1776 2951 1830 3004 in
1870 2950 2033 3004 domo
2063 2965 2159 3005 sua

575 3053 757 3096 secum
827 3041 1049 3095 haberet
1098 3042 1332 3110 aliquam
1387 3041 1693 3108 mulierem,
1758 3042 1861 3097 nisi
1926 3049 2155 3097 matrem

574 3130 656 3184 vel
689 3146 931 3184 sororem
970 3148 1145 3198 suam,
1192 3133 1415 3186 amitam
1456 3133 1538 3188 vel
1569 3142 1920 3194 materteram
1957 3147 2154 3198 suam;

575 3230 632 3276 et
661 3223 753 3290 qui
815 3222 974 3278 aliter
1015 3222 1228 3290 fecerit,
1270 3225 1462 3280 ordine
1512 3234 1567 3279 et
1611 3225 1779 3296 gradu
1838 3241 1938 3282 suo
1973 3225 2155 3296 priva-

578 3320 734 3367 retur.
2153 3297 2158 3309 ’

1330 3406 1393 3459 VI

650 3496 1004 3552 Considerate
1048 3498 1212 3569 igitur
1246 3499 1404 3569 digna
1439 3499 1552 3553 hzec
1582 3500 1788 3554 auditu.
1831 3501 1966 3557 Cum
2011 3504 2155 3560 enim

580 3583 888 3644 habueritis
912 3587 1156 3643 ecclesiae
1187 3602 1379 3644 vesme
1402 3589 1842 3658 sollicitudinem,
1875 3607 1907 3646 e
1928 3604 2154 3648 contra-

575 3683 680 3736 rio.
707 3721 722 3736 .
755 3719 769 3734 .
795 3720 808 3734 .
839 3718 853 3734 .
884 3717 899 3734 .
927 3719 941 3736 .
974 3680 1191 3735 adduct.
1228 3719 1243 3733 .
1274 3719 1288 3734 .
1318 3720 1331 3734 .
1363 3719 1376 3734 .
1413 3721 1424 3734 .
1457 3718 1472 3736 .
1505 3719 1519 3735 .
1546 3720 1560 3735 .
1589 3719 1604 3736 .
1631 3719 1645 3736 .
1679 3720 1694 3736 .
1742 3683 1896 3752 quasi
1937 3686 2155 3755 pericu-

575 3772 748 3827 losum
778 3788 884 3826 non
940 3781 1108 3838 esset,
1148 3773 1486 3828 sacerdotem
1542 3775 1726 3829 vivere
1781 3791 1934 3831 more
1970 3777 2156 3847 conju-

575 3863 684 3931 gati
712 3861 820 3935 [vel
867 3863 1104 3918 hominis
1159 3862 1379 3935 plebei].
1434 3864 1542 3918 Sed
1592 3865 1785 3921 dicetis
1832 3882 1957 3922 eum
2013 3869 2155 3923 haud

573 3967 732 4022 posse
801 3967 991 4006 carere
1047 3951 1404 4008 muliebribus
1459 3955 1723 4011 servitiis.
1783 3955 2151 4026 Respondeo:

573 4042 819 4110 Quonam
867 4051 1025 4111 pacto
1063 4041 1231 4096 vitam
1269 4051 1651 4114 transegerunt
1689 4050 1859 4105 sancti
1891 4048 2020 4103 olim
2053 4050 2154 4105 viri

574 4133 781 4200 absque
808 4130 1009 4186 femina
1059 4131 1144 4187 vel
1183 4147 1374 4199 uxore,
1411 4135 1505 4204 qui
1559 4136 1615 4190 in
1664 4140 1966 4194 mercedem
2017 4141 2153 4195 casti

573 4219 873 4273 sui-animi
905 4220 1013 4274 vita
1065 4235 1210 4276 nunc
1247 4221 1504 4277 fruuntur
1535 4227 1896 4295 sempiterna?
1929 4228 2011 4282 Ad
2051 4230 2154 4286 hoc

574 4306 754 4361 dicent
779 4311 1088 4366 sacerdotes
1143 4312 1364 4366 Petrum
1393 4313 1649 4371 habuisse
1674 4331 1921 4374 uxorem.
1951 4319 2150 4376 Verum

2266 1847 2626 1916 lebritatibus,
2654 1849 2710 1904 in
2739 1851 2941 1922 quibus
2973 1863 3068 1907 aut
3091 1855 3342 1910 secunda:
3367 1855 3456 1910 vir
3487 1857 3652 1911 uxori
3674 1857 3829 1927 jungi-

2267 1949 2373 2003 tur,
2405 1947 2501 1994 aut
2526 1944 2770 1998 secundo
2795 1943 2916 2000 viro
2945 1943 3176 2012 femina;
3209 1961 3310 2002 nec
3339 1947 3426 2000 vel
3454 1947 3660 2003 iisdem
3689 1948 3827 2002 bene

2263 2031 2470 2098 dicere,
2519 2041 2580 2089 ut
2633 2035 2915 2091 admonuit
2961 2051 3108 2093 eum.
3136 2075 3152 2093 .
3181 2078 3195 2092 .
3222 2076 3239 2094 .
3269 2078 3284 2094 .
3320 2079 3334 2094 .
3358 2077 3373 2094 .
3406 2079 3421 2093 .
3454 2078 3470 2094 .
3500 2040 3581 2094 ita
3613 2039 3748 2110 quod
3786 2040 3828 2093 in

2263 2123 2516 2205 castitate
2572 2124 2794 2194 degant.
2849 2127 2943 2183 Sic
2996 2129 3249 2185 doctores
3297 2131 3672 2201 scripserunt,
3724 2131 3830 2186 licet

2260 2213 2554 2282 Apostolus
2578 2217 2794 2272 veniam
2830 2221 3060 2276 cesserit
3109 2221 3306 2276 iterum
3337 2224 3580 2279 ducendi
3608 2238 3828 2286 uxorem,

2261 2305 2307 2360 si
2336 2320 2472 2360 uxor
2491 2307 2627 2369 ejus.
2661 2345 2678 2363 .
2710 2346 2724 2363 .
2753 2341 2776 2367 ο
2805 2349 2820 2364 .
2852 2349 2868 2364 .
2911 2310 3159 2368 Canones
3185 2323 3366 2368 autem
3381 2313 3500 2382 jam
3527 2324 3646 2370 tum
3667 2316 3828 2386 probi-

2261 2395 2392 2451 bent
2453 2399 2909 2472 benedictionem,
2980 2412 3036 2460 et
3083 2404 3349 2473 ejusmodi
3406 2409 3828 2465 connubeutibus

2258 2488 2544 2561 imponunt
2571 2493 2735 2549 etiam
2761 2497 3157 2566 paenitentiam.

2539 2589 2541 2592 ⁴
3020 2589 3088 2645 Χ.

2332 2677 2548 2748 Septem
2597 2682 2796 2751 gradus
2831 2667 3115 2740 constituti
3147 2696 3275 2742 sunt
3308 2688 3360 2742 in
3398 2687 3658 2746 Ecclesia
3689 2707 3703 2743 :
3733 2689 3826 2760 pri-

2262 2783 2404 2833 mus,
2430 2772 2718 2838 ostiarius;
2747 2775 3036 2838 secundus,
3065 2777 3269 2846 lector;
3305 2783 3526 2847 tertius,
3544 2782 3824 2842 exorcista;

2260 2875 2504 2934 quartus,
2540 2866 2854 2938 acolythus;
2902 2869 3140 2938 quintus,
3195 2872 3600 2942 subdiaconus;
3645 2882 3824 2938 sextus,

2258 2955 2549 3024 diaconus;
2575 2959 2858 3027 septimus,
2889 2961 3198 3033 presbyter.

2998 3052 3088 3106 XI.

2273 3161 2277 3164 έ
2332 3138 2381 3193 1.
2437 3137 2703 3194 Ostiarius
2755 3149 2840 3195 ρει
2891 3141 3151 3197 ostiorum
3205 3143 3386 3214 templi
3445 3160 3551 3200 seu
3602 3146 3826 3202 ecclesiae

2260 3242 2460 3299 custos,
2489 3237 2576 3304 qui
2631 3251 3012 3306 campanarum
3053 3239 3231 3295 sonitu
3281 3241 3534 3311 designat
3585 3250 3822 3312 tempora,

2260 3323 2618 3398 ﬁdelibusque
2638 3328 2883 3384 ecclesia:
2933 3331 3076 3386 fores
3121 3332 3316 3403 aperit,
3373 3333 3690 3391 inﬁdelibus
3717 3348 3823 3389 vero

2257 3415 2513 3472 eccludit.
3793 3442 3796 3444 ‘

2991 3513 3102 3569 XII.

2327 3602 2382 3657 2.
2423 3603 2618 3660 Lector
2669 3606 2714 3662 is
2755 3616 2838 3662 est
2871 3608 2961 3678 qui
3019 3608 3147 3678 legit
3206 3609 3257 3663 in
3315 3610 3550 3666 ecclesia
3609 3611 3724 3675 Dei,
3766 3611 3818 3663 ad

2258 3695 2361 3750 hoc
2393 3697 2557 3752 etiam
2609 3700 2888 3755 ordinatus
2934 3709 2991 3754 ut
3046 3701 3266 3756 verbum
3329 3701 3426 3758 Dei
3471 3705 3677 3776 populo
3703 3719 3815 3774 prae-

2259 3786 2423 3841 dicet.

2960 3883 3099 3939 XIII.

2327 3968 2383 4023 5.
2425 3968 2706 4025 Exoreista
2732 3972 2868 4026 idem
2895 3985 2978 4028 est
2999 3975 3088 4044 qui
3119 3976 3384 4047 malignos
3410 3977 3639 4047 spiritus
3665 3975 3813 4033 homi-

2260 4073 2353 4114 nes
2383 4062 2689 4118 cruciantes
2718 4065 3100 4133 omnipotentis
3146 4066 3240 4121 Dei
3273 4068 3492 4124 nomine
3526 4070 3740 4140 prodire
3758 4082 3811 4122 ex

2255 4148 2457 4204 eisdem
2491 4149 2787 4219 adjurando
2817 4154 2983 4224 cogit.

2969 4244 3105 4301 XIV.

2322 4327 2378 4383 4.
2419 4329 2676 4402 Acolytus
2717 4332 2917 4390 dicitur
2942 4337 3032 4406 qui
3079 4338 3358 4394 candelam
3388 4340 3472 4396 vel
3496 4356 3706 4397 cereum
3729 4356 3805 4395 ac-

573 4407 701 4499 estz.
719 4400 819 4454 sub
848 4401 963 4500 lege
985 4404 1129 4500 enim
1159 4405 1350 4471 veteri,
1379 4407 1508 4461 dum
1534 4407 1588 4462 in
1615 4407 1819 4465 Christi
1842 4411 2020 4467 adhuc
2043 4428 2147 4468 nou
2182 4440 2231 4500 ι)
2255 4433 2476 4474 censum
2502 4400 2630 4489 fert,
2664 4423 2791 4478 dum
2829 4400 3166 4496 evangelium
3196 4429 3396 4500 legitur
3443 4433 3496 4486 in
3548 4433 3641 4488 Dei
3670 4432 3804 4486 mini-

575 4487 816 4543 veuisset
866 4491 1196 4559 clientelam,
1252 4495 1466 4550 beneei
1512 4497 1712 4554 licuit:
1747 4502 2151 4572 quamprimum

572 4587 756 4632 autem
814 4578 990 4635 factus
1042 4592 1126 4637 est
1174 4583 1472 4655 discipulus
1510 4588 1731 4654 Christi,
1766 4592 1856 4660 qui
1884 4593 2155 4648 castitatis

569 4671 877 4742 exemplum
899 4674 1152 4744 praabuit,
1185 4693 1410 4734 uxorem
1455 4681 1825 4753 dereliquitet
1873 4687 2151 4743 mundana

571 4777 780 4817 Olllllla.

1305 4860 1416 4916 VII.

641 4943 700 4998 In
724 4943 843 5016 lege
873 4948 1040 5004 veteri
1071 4951 1319 5020 pontiﬁci
1350 4952 1504 5008 licuit
1540 4970 1765 5015 uxorem
1795 4958 1898 5014 sibi
1937 4975 2152 5018 sumere

568 5050 761 5104 puram
795 5037 1081 5107 virginem,
1135 5051 1189 5098 et
1216 5059 1283 5099 ex
1328 5046 1628 5115 ea_prolem
1672 5050 1936 5106 suscitare
1979 5067 2154 5123 usque

2255 4509 2438 4576 sterio,
2487 4511 2572 4566 vel
2647 4513 2775 4568 dum
2827 4517 3083 4572 sacerdos
3132 4530 3539 4577 sacramentum
3590 4522 3804 4592 corporis

2253 4600 2464 4656 Domini
2489 4604 2556 4659 ad
2579 4604 2750 4661 altare
2778 4618 3090 4675 consecrat;
3123 4625 3228 4666 non
3256 4612 3330 4668 ita
3357 4621 3534 4669 tamen
3551 4617 3622 4669 ad
3635 4628 3800 4669 arcen-

2252 4693 2378 4748 dum
2431 4695 2758 4766 caliginosas
2808 4702 3078 4766 tenebras,
3138 4704 3232 4760 sed
3263 4704 3332 4758 ad
3380 4705 3718 4762 indicandum
3749 4721 3799 4760 eo

2252 4782 2455 4840 lumine
2477 4787 2889 4858 beatitudinem,
2913 4793 2982 4847 ad
3007 4792 3283 4852 Christum
3305 4796 3698 4864 honorandum,
3724 4796 3796 4867 qui

2251 4887 2333 4932 est
2361 4877 2542 4934 lumen
2573 4890 2844 4938 nourum.

2976 4975 3092 5031 XV.

2273 5012 2278 5016 .
2976 4975 3024 5030 Χ
3077 5016 3092 5031 .

2266 5109 2268 5112 .
2319 5059 2374 5115 5.
2413 5061 2785 5122 Subdiaconus
2828 5066 2874 5123 is
2900 5077 2987 5124 est
3031 4975 3127 5132 qvui
3154 5071 3382 5129 diacono
3418 5087 3541 5130 vasa
3572 5073 3790 5132 porricit.
