4048 5368
196 256 335 315 “73

1688 227 2026 293 CANOXES.

3323 216 3462 276 1474

194 385 346 437 zare,
392 366 696 439 populoque
734 375 947 419 cteuam
980 355 1193 414 Domini
1239 352 1782 410 exhibere............
1811 350 1858 404 A
1885 344 1998 399 rale
2033 343 2160 397 item
2208 339 2461 403 nitidum,
2499 347 2559 393 ut
2608 334 2809 393 Christi
2850 332 3099 388 convenit
3134 333 3461 389 ministerio.

196 458 467 515 Salvatori
506 454 802 519 deservire,
852 460 908 506 et
952 449 1079 504 vita:
1131 444 1369 501 caalestis
1421 441 1687 497 rationem
1726 439 1778 493 in

198 551 450 606 castitate
478 548 676 610 colere,
716 554 771 599 et
816 542 1020 599 omnia.
1048 578 1061 593 .
1095 577 1108 592 .
1137 577 1152 592 .
1178 576 1193 591 .
1221 574 1236 591 .
1268 536 1409 591 sicut
1436 533 1591 587 decet
1634 530 1779 583 illum

194 640 469 695 ordinem.
521 636 789 691 Sacerdos
826 632 919 703 qui
974 636 1223 685 versatur
1286 625 1494 694 absque
1533 621 1782 685 diacono,

196 744 399 785 nomen
423 737 592 796 tenet,
621 742 729 782 non
761 724 1145 782 ministerium.

910 811 1072 865 XVII.

273 910 333 968 7.
378 910 671 980 Presbyter
702 914 788 963 est
835 902 1089 960 sacerdos
1142 897 1397 962 missalis,
1447 903 1541 950 aut
1585 890 1786 955 senior,

201 1020 313 1061 non
338 1020 367 1059 a
399 1011 706 1063 senectute,
745 998 839 1052 sed
884 995 1026 1065 quod
1066 992 1218 1048 senili
1256 990 1450 1061 gaudet
1478 983 1785 1057 prudentia.

200 1096 353 1151 Illius
378 1104 464 1150 est
493 1107 691 1162 corpus
724 1088 934 1145 Domini
969 1086 1021 1140 in
1070 1085 1425 1138 Sacramenta
1464 1088 1791 1133 consecrare

202 1191 396 1246 eodem
427 1188 586 1245 modo
607 1202 713 1256 quo
743 1184 993 1239 Salvator
1024 1181 1137 1250 ipse
1171 1177 1420 1234 instituit.
1466 1175 1595 1243 Ejus
1620 1184 1701 1226 est
1731 1179 1791 1224 ut

198 1279 459 1350 populum
506 1284 668 1333 ducat
696 1274 762 1329 ad
800 1274 979 1335 Iidem,
1009 1278 1214 1325 cumet
1265 1266 1624 1336 praedicando.
1675 1272 1787 1315 tum

200 1382 258 1428 et
286 1386 441 1427 sacra
474 1367 778 1423 tninisteria
806 1374 961 1419 caste
982 1358 1351 1429 exsequendo,
1385 1354 1707 1409 Christianis
1734 1368 1793 1409 se

201 1464 513 1533 exemplum
546 1462 813 1531 przebens,
859 1466 915 1513 et
952 1456 1115 1509 vitam
1145 1467 1315 1522 agens
1358 1466 1462 1503 non
1515 1463 1611 1517 pro
1645 1459 1793 1499 more

204 1554 490 1609 laicorum.
566 1551 719 1605 Haud
776 1548 945 1618 pluris
1010 1546 1240 1599 interest
1300 1542 1442 1595 inter
1513 1536 1791 1593 missalem

202 1644 586 1715 presbyterum
639 1648 696 1695 et
742 1639 1053 1709 episcopum
1102 1649 1263 1705 quam
1312 1630 1455 1702 quod
1508 1630 1793 1699 episc0pns

1886 434 2054 490 Nemo
2081 432 2354 504 quidpiam
2387 431 2605 500 impune
2636 428 2873 499 proferat
2918 428 3058 497 quod
3094 442 3199 480 non
3248 437 3465 494 semper

1884 528 2103 597 dignum
2162 525 2321 579 fuerit
2370 523 2507 592 apud
2564 522 2755 587 Deum,
2797 531 2854 577 ut
2898 522 2948 576 ei
2981 520 3203 586 serviat,
3237 534 3359 573 cum
3409 517 3465 572 in

1883 617 2189 687 prudentia,
2216 628 2329 670 tum
2361 615 2413 669 in
2444 614 2701 684 puritate.

2587 724 2772 779 XXIII.

1958 820 2253 890 Presbyter
2288 819 2477 882 etiam,
2509 833 2603 873 seu
2628 817 2863 873 missalis
2891 816 3165 879 sacerdos,
3196 815 3248 870 in
3278 814 3467 870 diebus

1890 912 2032 968 Solis
2061 921 2115 965 et
2160 910 2490 976 missalibus,
2530 910 2793 981 evangelii
2847 909 2964 978 ejus
3007 908 3335 963 intellectum
3365 922 3461 975 po-

1889 1004 2016 1075 pqu
2039 1004 2180 1057 dicet
2206 1003 2452 1070 Anglice,
2489 1012 2543 1057 et
2564 1004 2803 1073 ipsorum
2827 1004 2988 1056 etiam
3023 1001 3183 1071 Pater
3206 1011 3379 1053 noster
3409 1005 3465 1052 et

1892 1092 2059 1147 Credo
2090 1093 2248 1147 toties
2276 1093 2488 1161 quoties
2512 1094 2707 1161 poterit
2754 1093 2822 1145 ad
2863 1108 2954 1146 eos
3006 1089 3346 1145 instruendus
3374 1088 3467 1142 ad-

1893 1188 2100 1249 hibere,
2149 1194 2203 1241 et
2257 1198 2314 1241 ut
2357 1186 2667 1257 Symbolum
2718 1186 2838 1241 ﬁdei
2873 1187 3184 1241 memoriter
3230 1186 3467 1249 discant,

1894 1279 2359 1347 christianamque
2409 1294 2562 1332 suam
2619 1286 2835 1331 teneant
2884 1277 3301 1340 confeSsionem,
3356 1291 3471 1329 moo

1896 1377 2059 1421 nente
2110 1367 2213 1421 hoc
2266 1367 2515 1430 Domino,
2572 1381 2677 1420 una
2724 1377 2778 1421 et
2836 1371 3093 1437 propheta
3149 1368 3468 1436 inquientc:

1897 1457 2062 1511 Canes
2110 1458 2240 1510 muti
2292 1474 2395 1511 non
2442 1467 2659 1528 possunt
2692 1458 2889 1511 latrare
2917 1457 3052 1526 (Isa.
3080 1456 3215 1525 Lux).
3248 1454 3476 1524 Oportet

1896 1563 1995 1602 nos
2017 1548 2217 1603 latrare
2242 1557 2296 1603 et
2325 1548 2599 1602 exhortari
2637 1548 2826 1608 laicos.
2873 1562 2940 1601 ne
2969 1547 3106 1601 forte
3135 1562 3231 1615 pro
3262 1546 3474 1601 defectu

1898 1642 2271 1697 instructionis
2315 1641 2606 1711 perdamus
2648 1656 2763 1696 eos.
2815 1641 2889 1695 De
2938 1638 3211 1708 insipienti
3253 1638 3475 1691 doctore

204 1737 536 1790 constitutus
579 1732 650 1787 sit
697 1708 1167 1785 adiordinationes
1219 1721 1601 1784 conferendas,
1643 1729 1697 1772 et
1725 1717 1792 1771 ad

1905 1732 1968 1784 ait
1992 1731 2239 1786 Christus
2272 1732 2325 1786 in
2370 1731 2663 1799 Evangelia
2693 1748 2705 1782 :
2736 1729 2915 1784 Ca'cns
2959 1730 3001 1781 si
3030 1745 3166 1781 ca’co
3218 1727 3473 1780 ducatum

206 1827 562 1887 visitandum,
628 1839 721 1879 seu
779 1820 1213 1889 inspiciendum,
1270 1814 1679 1881 curandumque
1728 1824 1793 1864 ea

204 1934 330 1989 qua:
360 1920 453 1991 ad
509 1920 679 1974 Deum
728 1918 999 1987 pertinent
1044 1910 1185 1981 (“Dei
1234 1908 1381 1979 jura)
1432 1907 1573 1976 quod
1608 1906 1796 1959 nimia:

204 2012 525 2066 crederetur
573 2006 948 2070 multitudini,
1019 2005 1062 2058 si
1125 2003 1301 2057 omnis
1354 2001 1638 2069 presbyter
1694 1998 1797 2051 hoc

207 2105 359 2157 idem
400 2102 621 2156 faceret.
671 2099 846 2154 Ambo
876 2095 1140 2167 siquidem
1196 2107 1361 2145 unum
1421 2096 1604 2144 tenent
1646 2102 1798 2141 eum-

205 2193 445 2263 demque
496 2192 764 2256 ordinem,
827 2189 1077 2258 quamvis
1123 2181 1334 2255 dignior
1402 2180 1473 2235 sit
1523 2178 1612 2233 illa
1668 2190 1797 2247 pars

205 2285 475 2356 episcopi.

921 2368 1104 2427 XVIII.

293 2464 411 2520 Non
461 2474 544 2520 est
572 2449 722 2517 'alius
765 2461 900 2517 ordo
950 2457 1275 2514 constitutus
1322 2453 1375 2509 in
1420 2447 1802 2508 ecclesiasticis

209 2559 533 2615 ministeriis
558 2567 753 2628 praeter
802 2561 1133 2608 memoratos
1182 2556 1387 2616 septem
1420 2546 1574 2599 istos.
1618 2541 1804 2595 Iliona-

208 2650 448 2703 chorum
484 2658 538 2702 et
563 2647 816 2703 abbatum
840 2643 1044 2699 classes
1067 2639 1291 2694 alterius
1317 2645 1444 2691 sunt
1474 2632 1712 2704 generis,
1748 2638 1805 2685 et

212 2753 398 2808 neque
445 2737 562 2791 istis
612 2741 1062 2796 annumerantur,
1112 2741 1287 2797 neque
1336 2724 1543 2780 ordinis
1579 2720 1805 2789 alicujus

210 2845 421 2885 nomen
444 2829 705 2884 obtinent.
735 2825 872 2880 Dicti
895 2834 1077 2878 autem
1107 2820 1329 2875 ordines
1371 2815 1549 2871 sancti
1580 2822 1727 2876 sunt,
1751 2820 1807 2866 et

213 2922 523 2991 perducunt
555 2917 993 2989 presbyterorum
1021 2925 1242 2966 suorum
1272 2908 1483 2963 animas
1529 2906 1597 2960 ad
1626 2903 1801 2960 beati-

214 3014 465 3068 tudinem
497 3010 542 3065 si
574 3022 706 3078 pure
744 3014 1055 3062 teneantur.

937 3094 1081 3151 XIX.

295 3200 377 3252 Ad
400 3197 742 3268 presbyteros
773 3200 1005 3264 spectat,
1040 3197 1096 3245 et
1146 3184 1425 3241 ministros
1473 3182 1565 3238 Dei
1598 3194 1804 3243 omnes,

218 3298 287 3345 ut
311 3288 597 3343 ecclesiam
614 3302 765 3341 suam
792 3293 983 3339 sancto
1005 3280 1185 3337 colant
1209 3276 1492 3346 obsequio,
1522 3284 1726 3343 septem
1756 3273 1808 3327 in

216 3395 289 3433 ea
318 3379 563 3433 borarios
597 3385 789 3431 cantus
811 3372 1058 3444 psallam,
1089 3380 1199 3425 uta
1226 3368 1430 3438 synodo
1455 3366 1810 3420 constitutum

220 3481 335 3535 est,
388 3470 440 3525 id
472 3478 558 3525 est
599 3477 789 3524 cantus
829 3465 1209 3525 antelucanos,
1257 3470 1449 3515 cantus
1492 3458 1808 3521 matutinus,

223 3572 422 3620 Cantus
452 3561 734 3624 tertianus,
763 3559 845 3615 vel
870 3558 937 3612 ad
991 3558 1177 3609 horam
1217 3554 1321 3607 diei
1356 3551 1591 3613 tertiam,
1622 3558 1812 3603 cantus

226 3655 586 3718 meridianus,
635 3662 823 3708 cantus
854 3648 1085 3711 nonalis,
1131 3645 1212 3700 vel
1260 3645 1327 3699 ad
1374 3644 1563 3697 horam
1610 3655 1812 3695 nonani

225 3748 362 3811 diei,
399 3756 591 3802 cantus
631 3744 991 3815 veSpertinus,
1039 3749 1233 3795 cantus
1284 3744 1601 3799 nocturnus,
1635 3732 1725 3802 qui
1758 3739 1815 3786 et

228 3840 516 3910 septimus.

961 3922 1080 3981 XX.

305 4022 584 4077 Tenentur
633 4019 689 4074 hi
742 4018 903 4073 etiam
955 4030 1144 4086 preces
1175 4010 1427 4067 obnixius
1463 4008 1688 4063 fundere
1717 4020 1817 4076 pro

230 4131 362 4186 rege
398 4122 452 4169 et
503 4114 741 4181 ipsorum
791 4109 1063 4177 episcopo,
1097 4105 1258 4159 etiam
1313 4116 1411 4171 pro
1449 4100 1564 4154 suis
1601 4096 1819 4154 benefa-

232 4207 479 4263 ctoribus
506 4215 560 4260 et
597 4218 694 4259 oro
715 4201 860 4257 oumi
892 4199 1090 4270 populo
1120 4196 1448 4252 Christiano.

963 4287 1105 4343 XXI.

1895 1832 2124 1891 praestet,
2150 1822 2302 1874 ambo
2329 1822 2384 1874 in
2413 1822 2615 1890 foveam
2662 1820 2851 1873 cadunt
2878 1819 3028 1889 (Luc.
3057 1820 3152 1882 vr).
3184 1816 3370 1872 Caecus
3393 1824 3477 1870 cst

1898 1912 2086 1967 doctor
2113 1913 2202 1981 qui
2228 1912 2438 1966 litteras
2466 1911 2656 1975 nescit,
2683 1919 2736 1965 et
2765 1910 3067 1980 ignorantia
3107 1924 3202 1962 sua
3230 1907 3397 1961 laicos
3424 1914 3480 1959 et

1897 2001 2143 2057 indoctos
2165 2001 2386 2071 decipit.
2423 1999 2673 2056 Caveatis
2715 1998 2771 2054 in
2803 2001 2905 2053 hoc
2933 1998 3115 2069 igitur,
3145 2004 3306 2067 prout
3344 2010 3480 2064 opus

1899 2091 2084 2148 fuerit.

1972 2295 2157 2352 Sancti
2182 2296 2345 2351 etiam
2368 2296 2557 2352 Patres
2606 2303 2915 2352 statuerunt
2963 2303 3025 2350 ut
3070 2293 3327 2349 Ecclesiae
3383 2290 3483 2348 Dei

1901 2389 2141 2445 decimas
2172 2405 2297 2444 suas
2357 2393 2558 2459 quique
2609 2390 2909 2448 conferant,
2959 2391 3348 2455 tradanturque
3402 2398 3482 2439 ea!

1901 2478 2198 2543 sacerdoti,
2231 2480 2323 2548 qui
2352 2481 2569 2534 easdem
2617 2479 2669 2532 in
2704 2488 2813 2533 tres
2841 2478 3131 2533 distribuat
3157 2475 3431 2545 portiones
3463 2490 3477 2527 :

1903 2584 2064 2623 unam
2088 2569 2155 2622 ad
2180 2568 2425 2622 ecclesia:
2447 2569 2865 2638 reparationem,
2895 2565 3123 2620 alteram
3155 2562 3484 2633 pauperibus

1904 2657 2255 2727 erogandam,
2277 2659 2492 2713 tertiam
2516 2674 2646 2713 vero
2677 2657 2941 2712 ministris
2970 2657 3059 2711 Dei
3084 2656 3175 2725 qui
3199 2652 3485 2710 ecclesiam

1906 2751 1980 2806 ibi
2006 2758 2220 2806 curant.

2632 2840 2803 2895 XXV.

1978 2932 2387 2988 Constituet-unt
2425 2933 2589 2987 etiam
2644 2941 2700 2986 ut
2739 2946 2897 2987 nemo
2933 2931 3152 2986 missam
3181 2929 3486 2987 celebraret

1836 3055 1879 3113 ο
1914 3022 1966 3076 ἱιι
1999 3024 2158 3077 domo
2187 3037 2294 3075 non
2340 3029 2676 3088 consecrata,
2724 3021 2823 3076 nisi
2866 3032 3092 3090 urgente
3141 3021 3487 3086 necessitate,

1913 3113 1994 3168 vel
2019 3114 2287 3185 quispiam
2329 3113 2400 3169 sit
2435 3114 2702 3182 inﬁrmus,
2734 3125 2789 3170 et
2818 3117 2885 3171 ad
2906 3116 3190 3171 ecclesiam
3220 3114 3491 3185 proﬁcisci

1911 3213 2165 3277 nequeat.

2616 3296 2807 3355 XXVI.

1986 3390 2042 3443 Si
2072 3405 2206 3461 puer
2234 3404 2339 3444 non
2392 3390 2696 3459 baptizatus
2732 3391 2899 3444 libere
2938 3389 3237 3443 adducatur
3276 3388 3343 3443 ad
3377 3402 3495 3458 pre-

1914 3485 2213 3554 sbyterum,
2247 3491 2437 3536 caveat
2466 3484 2555 3538 ille
2590 3493 2649 3538 ut
2683 3484 2929 3538 eumdem
2962 3483 3209 3551 protinus
3236 3480 3488 3551 baptizet,

1915 3590 1984 3628 ne
2008 3573 2148 3627 forte
2179 3573 2442 3627 moriatur
2464 3572 2718 3627 ethnicus
2735 3612 2749 3625 .

2610 3678 2818 3734 XXVII.

1988 3774 2173 3830 Nullus
2192 3773 2476 3845 presbyter
2504 3788 2602 3843 pro
2636 3772 2881 3844 pecuniis
2908 3773 3102 3827 vendat
3132 3770 3492 3827 ministerium

1916 3884 2093 3933 suum,
2126 3882 2225 3921 nec
2261 3881 2359 3936 pro
2390 3866 2579 3921 eodem
2622 3865 2894 3934 quidpiam
2944 3871 3113 3933 petat,
3168 3877 3343 3932 neque
3394 3879 3494 3933 pro

1916 3957 2208 4028 baptismo,
2238 3971 2413 4025 neque
2447 3971 2547 4026 pro
2599 3955 2707 4009 alio
2753 3954 2935 4023 aliquo
2985 3954 3287 4009 ministerio
3340 3968 3498 4007 exse-

1918 4046 2132 4117 quendo
2165 4064 2178 4101 :
2211 4047 2400 4102 ne-sit
2450 4061 2637 4101 eorum
2698 4044 2913 4110 similis,
2972 4060 3109 4113 quos
3171 4044 3237 4099 de
3295 4043 3496 4113 templo

1920 4137 2167 4192 Christus
2223 4137 2338 4205 ipse
2401 4135 2573 4205 ﬂagro
2636 4136 2856 4204 expulit,
2920 4136 3065 4204 quod
3134 4142 3496 4189 mercaturam

1919 4228 2173 4298 nequiter
2195 4227 2526 4283 exercebant
2546 4226 2600 4280 in
2622 4225 2831 4280 eodem.
2859 4224 2955 4280 Dei
2980 4224 3242 4293 siquidem
3260 4222 3498 4277 ministri

1922 4336 2029 4375 non
2055 4320 2167 4388 jam
2203 4320 2407 4375 faciant
2456 4317 2773 4381 ministeria,
2814 4327 2873 4370 ιιι
2902 4318 3184 4388 pecuniam
3225 4315 3347 4371 inde
3392 4315 3499 4371 sibi

307 4385 572 4481 Xabelm-
608 4392 771 4481 etiam
835 4380 1117 4481 “959"”
1183 4376 1409 4481 qinIImE
1434 4415 1449 4441 ’
1502 4387 1813 4481 "3's???"
1851 4402 1900 4462 ι)
1925 4376 2228 4478 conferant,
2255 4410 2347 4465 sed
2383 4410 2684 4481 utgloriam
2716 4376 3022 4463 mereantur
3051 4407 3462 4478 sempiternam.

234 4477 516 4532 ordinatus
549 4473 731 4538 fuerit,
753 4486 901 4525 arma
924 4472 989 4525 ad
1005 4485 1139 4539 opus
1165 4466 1442 4539 Spirituale
1466 4464 1815 4536 pertinentia,

235 4566 490 4624 videlicet
514 4566 734 4622 codices
762 4579 966 4628 sacros,
998 4562 1047 4616 id
1076 4569 1161 4616 est
1189 4560 1527 4630 psalterium,
1551 4553 1819 4625 Epistola-

240 4676 362 4715 rum
387 4659 604 4724 Iibrum,
630 4667 684 4711 et
710 4657 904 4711 librum
938 4652 1366 4723 Evangeliorum,
1408 4649 1603 4703 librum
1633 4645 1820 4699 Missa-

237 4751 370 4816 Icm,
402 4750 568 4805 libros
604 4747 974 4812 Canticorum,
1001 4745 1193 4799 librum
1232 4740 1551 4806 Manualem,
1585 4754 1678 4794 seu
1710 4738 1819 4792 En-

233 4844 567 4916 chyridium,
618 4844 801 4911 gerim,
852 4838 1247 4902 Passionalem,
1301 4830 1734 4889 Paenitentialem
1766 4838 1822 4883 et

230 4935 664 4991 Lectionarium.
701 4934 821 4987 Ilaec
849 4942 909 4985 ut
959 4931 1150 4983 haheat
1193 4927 1559 4984 necessarium
1612 4931 1725 4987 est;
1767 4930 1824 4974 et

232 5032 398 5082 curet
447 5023 728 5094 presbyter
755 5020 1036 5088 diligenter
1088 5028 1147 5073 ut
1194 5028 1449 5072 accurate
1498 5013 1684 5070 omnia
1713 5010 1824 5066 sint

2594 4518 2826 4573 XXVIII.

1991 4610 2182 4671 IVullus
2210 4614 2447 4683 itemque
2472 4614 2755 4685 presbyter
2802 4628 2867 4666 ex
2901 4626 3223 4681 quacunque
3250 4609 3384 4661 lucri
3414 4611 3504 4667 vel

1924 4708 2233 4775 cupiditatis
2258 4719 2422 4759 causa
2454 4706 2522 4757 ab
2553 4721 2658 4758 una
2683 4701 2912 4757 ecclesia
2954 4701 3020 4752 ad
3043 4700 3204 4754 aliam
3238 4706 3508 4766 transeat,

1925 4794 1990 4847 ad
2038 4805 2269 4850 mortem
2301 4806 2472 4871 usque
2515 4791 2571 4847 in
2634 4790 2824 4847 eadem
2868 4789 3093 4852 haereat,
3140 4784 3226 4841 cui
3256 4782 3516 4853 primitus

1924 4887 2207 4946 ordinatus
2239 4885 2359 4941 fuit.

2646 4992 2840 5054 XXIX.

229 5124 509 5183 correcta,
537 5122 595 5169 et
621 5128 651 5167 a
676 5114 974 5169 scribarum
1008 5109 1151 5164 vitiis
1179 5109 1430 5164 liberata.

951 5198 1109 5254 XXII.

310 5294 546 5353 Habebit
576 5294 739 5350 etiam
766 5290 998 5347 missalia
1025 5296 1370 5355 vestimenta,
1398 5300 1457 5346 ut
1486 5294 1596 5347 Deo
1619 5290 1828 5345 serviat

1996 5108 2195 5174 Nullus
2223 5110 2505 5185 presbyter
2537 5124 2615 5166 ex
2642 5101 2844 5171 ineptia
2869 5098 3017 5154 bibat
3040 5097 3170 5167 plus
3221 5105 3382 5185 quam
3427 5092 3551 5150 de-

1928 5209 2037 5268 cel:
2096 5226 2205 5269 nec
2227 5182 2415 5256 valium
2469 5204 2749 5265 provocet
2779 5191 2844 5244 ad
2893 5187 3194 5244 bibendum
3225 5182 3365 5236 ultra
3391 5187 3563 5248 quod

1929 5292 2241 5363 desiderat,
2282 5306 2348 5345 ne
2377 5288 2514 5342 forte
2562 5286 2798 5346 minime
2838 5290 3058 5344 compos
3113 5273 3283 5333 fuerit
3310 5283 3428 5322 cum
3460 5276 3576 5331 vel
