4048 5368
582 216 722 276 H75
993 271 1000 278 .
1258 275 1260 278 ,

1287 309 1461 366 XXX.

648 398 943 471 Presbyter
969 413 1070 455 nec
1116 399 1187 455 sit
1221 412 1512 467 mercator,
1564 417 1666 458 nec
1709 412 2033 458 mercaturae
2061 418 2160 458 cu-
2205 441 2213 452 .

580 483 758 564 pitius,
791 509 912 557 nec,
947 492 1148 548 orni-so
1209 493 1490 564 theologia:
1543 496 1744 559 studio,
1793 511 1850 550 se
1901 495 1970 550 ad
2004 513 2161 549 unm-

583 583 757 638 danas
812 582 1060 638 conferat
1109 583 1619 649 sermocinationes,
1684 600 1783 640 nec
1817 600 1968 640 arma
2001 588 2158 653 ferat,

578 691 679 730 nec
726 675 1036 730 causidicus
1085 676 1196 739 sit,
1242 674 1325 729 vel
1383 677 1504 731 lites
1549 686 1693 746 agat,
1749 694 1849 732 nec
1911 679 1962 732 itt
2010 694 2164 733 mno-

581 768 742 840 poliis
782 756 935 823 bibat
978 783 1130 823 more
1159 768 1497 824 saecularium
1532 785 1546 822 :
1594 768 1966 837 juramcntum
1997 771 2159 824 etiam

580 878 649 916 ne
694 861 876 930 jurato
936 880 949 915 :
1005 877 1220 932 semper
1273 871 1452 917 autem
1501 869 1556 915 et
1609 861 1928 930 simpliri'er
1972 877 2162 916 verum

577 951 725 1008 dicat
791 952 996 1023 absque
1073 953 1360 1009 mendacio
1395 993 1410 1016 ,
1477 961 1535 1007 ut
1600 953 1743 1007 servi
1803 951 1900 1007 Dei
1967 954 2165 1008 docue-

578 1051 726 1096 runt.

1276 1129 1473 1188 XXXI.

649 1223 916 1280 Distincte
946 1225 1111 1280 etiam
1165 1224 1548 1295 peccatoribus
1596 1223 1843 1277 instituet
1890 1222 2164 1292 paeniten-

575 1314 729 1378 tiam,
765 1315 1054 1384 unicuique
1080 1316 1286 1370 scilicet
1319 1315 1472 1385 juxta
1525 1315 1704 1368 meriti
1735 1315 1816 1368 sui
1869 1314 2160 1380 rationem,

576 1407 735 1462 sicuti
769 1408 1102 1477 probabilius
1132 1424 1251 1463 eam
1282 1417 1629 1476 aSSequatur.
1659 1407 1892 1461 Inﬁrmis
1915 1418 1965 1461 et
1990 1423 2162 1477 {egro-

575 1499 645 1553 tis
671 1514 881 1554 caanam
914 1499 1129 1555 Domini
1179 1499 1534 1566 ministrabit,
1563 1501 1688 1552 dum
1735 1509 1914 1553 tamen
1949 1499 2162 1554 valeant

574 1590 714 1643 hanc
740 1590 1053 1659 dcglutire:
1103 1591 1456 1646 semimortua
1501 1601 1678 1644 autem
1744 1607 1848 1644 non
1897 1592 2156 1660 porriget,

1479 219 1536 277 S.
1567 219 1863 278 ASLFRICI
1901 221 1991 277 AD
2029 219 2405 277 WL’LFINUM
2442 221 2655 278 EPI9‘C.
2695 221 3028 307 CANOINES.
3420 290 3423 291 ν

2191 321 2241 378 Α
2273 322 2470 368 turam.
2497 314 2677 368 Prima
2706 314 2920 379 Nicaeae,
2949 322 3010 368 ut
3062 311 3154 369 hic
3201 319 3358 368 antea
3383 315 3809 371 memoravimus:

3701 223 3808 279 I570

2267 412 2391 471 post
2444 418 2564 457 eam
2631 404 2800 457 altera
2847 403 3339 473 Constantinopoli,
3396 417 3427 457 e
3471 418 3540 458 cr.
3583 406 3811 476 episcopis

2268 496 2472 550 sanctis
2508 495 2600 549 Dei
2633 497 2806 550 servis
2838 512 2852 562 ;
2911 496 3070 550 tertia
3099 493 3295 564 I‘Jphesi
3325 494 3449 559 fuit,
3477 509 3509 548 e
3539 509 3602 549 cc
3643 495 3814 564 episcoo

2265 586 2389 654 pis;
2443 597 2636 655 quarta
2686 602 2816 641 vero
2866 586 3221 648 Cbalcedoni,
3271 587 3360 639 ubi
3404 585 3590 638 multa:
3628 585 3815 639 aderant

2265 679 2644 747 episcoporum
2703 677 2982 732 centurire.
3022 678 3088 731 Et
3137 678 3189 731 bi
3237 691 3428 730 omnes
3475 675 3708 730 uttanimi
3752 690 3814 730 ιε·

2265 783 2427 823 sensu
2451 770 2632 822 omnia
2686 768 3082 823 conﬁrmarunt
3114 784 3232 837 qum
3275 769 3327 822 in
3387 767 3604 822 Nicaena
3650 777 3815 820 statue-

2264 859 2463 912 bantur
2499 860 2726 932 synodo,
2756 869 2810 914 et
2838 859 2890 914 in
2941 861 3139 930 quibus
3168 860 3366 913 violata
3396 859 3520 923 luit,
3555 872 3617 913 ea
3666 860 3811 913 omnia

2264 952 2526 1006 refecere.
2570 951 2830 1024 Quatuor
2886 952 3008 1007 ista:
3067 952 3258 1024 synodi
3314 953 3453 1005 adeo
3499 952 3815 1006 observanda

2265 1051 2392 1098 sunt
2442 1059 2472 1098 a
2499 1045 2700 1098 Christi
2741 1044 2981 1100 Ecclesia
3016 1055 3075 1098 ut
3101 1053 3338 1113 quatuor
3379 1041 3586 1096 Christi
3610 1042 3810 1095 codices.

2264 1133 2448 1190 Multas
2496 1151 2560 1190 ex
2617 1137 2708 1191 illo
2762 1145 3006 1205 tempore
3063 1135 3283 1188 fuerunt
3339 1134 3569 1204 synodi,
3623 1133 3709 1186 sed
3750 1132 3814 1186 bze

2264 1238 2500 1296 quatuor
2545 1239 2704 1282 erant
2756 1227 3100 1281 ﬁrtnissimzc.
3141 1225 3535 1279 Exstinxerunt
3563 1225 3702 1276 enim
3726 1224 3816 1276 ist:

2264 1320 2548 1375 haereticus
2582 1319 2701 1374 illas
2732 1320 3010 1374 doctrinas
3066 1332 3202 1386 quas
3238 1317 3502 1369 adversus
3554 1313 3714 1368 Deum
3733 1313 3817 1366 ha:-

2264 1412 2436 1466 retice
2486 1420 2783 1480 posuerunt
2815 1409 3068 1472 hterilici,
3119 1417 3174 1462 et
3216 1408 3626 1462 constituerunt
3650 1404 3816 1475 pariter

2263 1503 2692 1560 ecclesiasticum
2722 1504 3105 1558 ministerium.

2937 1593 3174 1649 XXXIV.

581 1681 709 1749 quia
751 1682 1005 1737 Christus
1053 1683 1226 1737 dicit:
1261 1682 1434 1737 Homo
1488 1687 1783 1736 manducat
1829 1683 1930 1737 hoc
1975 1698 2159 1737 sacra-
2187 1679 2232 1738 Β
2333 1686 2447 1753 Qua
2500 1686 2667 1756 igitur
2715 1684 2963 1749 audacia,
3000 1700 3033 1738 0
3088 1684 3424 1747 sacerdotes,
3471 1683 3694 1735 istorum
3731 1695 3816 1734 omo

573 1782 835 1826 mentum.

1255 1863 1472 1919 XXXII.

645 1953 877 2011 Habebit
906 1956 1071 2011 etiam
1103 1958 1388 2028 presbyter
1415 1967 1798 2012 consecratum
1844 1957 2020 2012 oleum
2057 1957 2160 2012 du«

571 2041 695 2110 plex
727 2063 740 2097 :
767 2045 870 2100 hoc
905 2045 1226 2110 infantibus,
1251 2047 1301 2099 id
1325 2048 1545 2115 mgrotis
1575 2057 1821 2116 paratum
1851 2063 1865 2112 ;
1900 2057 1952 2100 ct
1981 2063 2159 2117 aegro-

580 2142 664 2189 tos
687 2152 902 2206 semper
925 2137 1368 2208 nngetjacentes.
1403 2139 1632 2205 Quidam
1663 2153 1789 2192 vero
1821 2139 2006 2208 aegroti
2057 2141 2160 2195 hoc

577 2227 736 2280 nihili
764 2228 1029 2296 pendunt,
1078 2238 1132 2283 ct
1169 2229 1222 2283 in
1248 2229 1568 2300 a'gritndine
1600 2245 1694 2282 sua
1733 2245 1790 2283 se
1827 2238 1931 2283 non
1961 2247 2157 2285 concc-

571 2316 704 2372 dunt
735 2320 881 2389 ungi.
908 2320 1090 2375 Dieatm
1119 2320 1212 2389 qui
1236 2326 1247 2372 t
1273 2321 1338 2373 de
1368 2320 1438 2376 iis
1462 2321 1645 2376 docuit
1673 2321 1908 2376 Iacobus
1936 2323 2149 2378 Domini

575 2411 876 2478 apostolus,
926 2413 1018 2483 qui
1076 2415 1426 2469 credentibus
1485 2414 1611 2468 ait:
1670 2415 1937 2468 Tristatur
1967 2415 2159 2484 aiiquis

571 2505 844 2558 rastrum?
894 2503 1017 2558 Oret
1071 2520 1220 2574 aequa
1255 2505 1434 2559 animo
1481 2515 1527 2558 et
1586 2505 1800 2573 proflat.
1847 2504 2162 2575 lttﬁrtaatur

575 2601 692 2669 quis
714 2599 768 2652 in
797 2599 937 2655 vobis
969 2599 994 2652 1’
1021 2597 1248 2652 Iudaea:
1272 2600 1596 2670 presbyteros
1627 2600 1896 2664 Ecclesia,
1927 2612 1973 2654 et
2003 2609 2151 2654 orent

576 2708 734 2762 strper
762 2707 903 2756 eum,
953 2703 1200 2760 augentes
1234 2707 1351 2746 eum
1400 2690 1513 2746 aleo
1544 2694 1597 2746 in
1649 2692 1856 2747 nomine
1907 2692 2036 2746 Dom
2063 2693 2156 2745 ni:

571 2794 618 2836 et
650 2783 820 2836 oratio
853 2781 979 2850 ﬁdei
1023 2783 1242 2836 salvabit
1286 2783 1576 2852 inﬁrmum,
1634 2795 1681 2838 et
1728 2785 1993 2846 alleviabit
2040 2801 2158 2838 eum

575 2874 874 2938 Dominus;
909 2885 956 2928 et
988 2874 1036 2930 si
1068 2874 1123 2927 in
1169 2875 1398 2944 peccatis
1425 2876 1514 2941 sit,
1548 2875 1875 2930 remittemur
1898 2877 1965 2930 ei.
2014 2873 2155 2928 Cone

569 2967 791 3036 [itemini
831 2983 954 3037 ergo
978 2965 1292 3019 alterutrum
1334 2976 1551 3036 peccata
1583 2978 1776 3032 vestra,
1808 2978 1856 3020 et
1885 2976 2031 3020 orate
2061 2979 2154 3035 pro

567 3034 783 3113 invicem
816 3034 1186 3121 ut‘salprmini
1221 3034 1366 3128 (Jac.
1396 3059 1470 3126 ν).
1507 3057 1633 3113 IImc
1682 3059 1890 3112 loeutus
1939 3069 2022 3113 est
2061 3034 2154 3114 ila-
2182 3034 2225 3095 Ο

573 3151 744 3205 cobus
773 3150 839 3204 de
874 3150 1139 3220 ungendis
1176 3150 1416 3219 (egrotis.
1449 3148 1713 3219 Egrotus
1743 3162 1948 3212 autem,
1980 3152 2156 3220 prius-

571 3255 736 3308 quam
789 3242 1101 3311 inungatur,
1152 3241 1503 3295 conﬁtebitur
1549 3243 1616 3295 ab
1656 3242 1848 3295 intimo
1896 3243 2060 3296 corde
2109 3243 2153 3297 si

565 3331 702 3400 quid
734 3333 942 3402 peccati
969 3329 1302 3386 commiserit
1342 3347 1440 3400 pro
1473 3333 1584 3398 quo,
1640 3331 1858 3401 dignam
1891 3347 1995 3386 non
2017 3347 2152 3386 con-

569 3423 756 3480 tulerit
783 3422 1234 3489 satisfactionem,
1253 3422 1396 3477 sicut
1428 3423 1717 3492 Apostolus
1745 3424 1831 3478 hic
1851 3423 1965 3494 jam
1993 3439 2156 3493 supra

574 3534 698 3574 cum
738 3518 947 3573 monuit
979 3533 992 3570 :
1025 3525 1080 3571 et
1105 3531 1262 3571 nemo
1292 3525 1586 3586 praesumat
1633 3532 1855 3586 ungere,
1901 3518 2004 3572 nisi
2061 3533 2150 3573 ex-

573 3618 786 3675 oratus,
836 3617 892 3663 et
932 3617 1052 3678 post
1097 3617 1372 3677 peractam
1435 3607 1855 3664 confessionem.
1905 3609 1962 3664 Si
1987 3621 2149 3666 antea

566 3709 826 3772 peccator
847 3699 946 3754 fuit
977 3709 1034 3754 et
1060 3699 1357 3770 negligens,
1407 3697 1710 3770 faciatjam
1759 3701 1975 3754 demum
2017 3715 2152 3755 cou-

569 3790 884 3855 t‘essionem,
916 3789 1292 3858 paenitentiam
1319 3797 1373 3844 et
1428 3789 1829 3861 eleemosynam
1875 3799 2002 3844 ante
2057 3791 2156 3845 ob-

558 3880 703 3936 itum
739 3896 920 3944 suum,
949 3891 1008 3933 ut
1037 3881 1252 3934 inferno
1290 3895 1398 3935 non
1453 3881 1811 3951 adjndicctur,
1846 3883 1940 3938 sed
1971 3884 2152 3938 divina

565 3974 800 4045 gaudeat
823 3971 1219 4027 tuiseric0rdia.

1237 4061 1474 4122 XXXIII.

644 4154 889 4222 Quatuor
916 4163 1076 4209 erant
1115 4154 1306 4224 synodi
1337 4170 1436 4224 pro
1470 4168 1614 4209 verte
1666 4153 1786 4208 ﬁdei
1840 4152 2155 4210 defensione

577 4257 766 4302 contra
815 4247 1100 4302 haereticos
1132 4247 1500 4316 blasphemias
1559 4257 1874 4302 eructantes
1922 4248 1974 4301 in
2021 4264 2150 4302 sau-

574 4347 716 4392 ctatn
742 4338 1066 4394 Trinitatem
1096 4349 1153 4394 et
1195 4337 1498 4396 Salvatoris
1539 4341 1708 4396 nostri
1739 4342 2026 4395 humanam
2059 4357 2155 4394 na-

2265 1781 2413 1834 nium
2463 1778 2824 1847 despexe-ritis
2891 1776 3356 1830 constitutiones?
3403 1774 3656 1829 Mooachi
3702 1773 3816 1825 enim

2262 1871 2424 1924 unius
2471 1870 2704 1924 lominis
2753 1868 3171 1922 constitutiones
3204 1875 3408 1928 tenent,
3475 1865 3653 1919 sancti
3698 1863 3816 1915 vide-

2264 1963 2388 2018 licet
2414 1963 2713 2026 Benedicti,
2746 1971 2799 2016 et
2829 1961 3128 2015 secundum
3182 1958 3422 2028 regulam
3469 1957 3594 2027 ejus
3628 1955 3816 2017 vivunt;

2263 2071 2428 2125 quam
2480 2055 2523 2108 si
2560 2053 2902 2117 violaverint,
2955 2053 3240 2121 corrigunt
3283 2050 3470 2103 statim
3529 2048 3673 2102 omni
3715 2059 3814 2100 cum

2270 2146 2602 2209 humilitate,
2642 2145 2796 2215 juxta
2853 2143 3067 2197 abbatis
3106 2158 3296 2196 eorum
3345 2140 3698 2196 sententiam.
3735 2133 3818 2190 Vos

2263 2238 2428 2292 etiam
2461 2236 2671 2290 habetis
2712 2233 2950 2304 regulam
2992 2250 3005 2286 :
3060 2233 3107 2286 si
3158 2231 3244 2286 vel
3290 2246 3411 2286 eam
3445 2229 3629 2300 Iege-e
3670 2227 3818 2280 volue-

2263 2329 2426 2394 ritis,
2478 2327 2734 2381 videretis
2787 2325 2913 2395 qttid
2966 2327 3039 2379 sit
3099 2324 3255 2378 vobis
3310 2324 3690 2377 constitutum.
3733 2316 3817 2372 Vos

2261 2430 2441 2474 autem
2501 2400 2791 2472 mundanis
2843 2415 3188 2470 delectatnini
3242 2413 3713 2472 collocutionibus,
3756 2408 3818 2460 vi-

2261 2511 2559 2567 cecomites
2630 2509 2746 2564 ﬁeri
2776 2550 2790 2571 ,
2833 2505 3108 2577 praepositi
3145 2518 3246 2559 seu
3315 2503 3540 2563 ballivi,
3600 2499 3810 2570 neglecta

2261 2605 2472 2660 interea
2526 2601 2756 2658 ecclesia
2806 2611 3024 2666 vestra,
3082 2607 3141 2653 et
3203 2597 3289 2654 bis
3350 2611 3455 2650 una
3513 2589 3815 2649 constitutio-

2261 2695 2444 2750 nibus.

2951 2776 3164 2835 XXXV.

2331 2873 2616 2941 Volumus,
2663 2881 2725 2928 ut
2767 2871 3191 2928 constitutiones
3237 2866 3556 2940 perhibent,
3587 2878 3678 2919 vos
3723 2877 3814 2916 vos-

2262 2967 2550 3034 tnetipsos,
2596 2973 2754 3034 ptout
2806 2963 3145 3018 Christianos
3189 2961 3364 3026 decet,
3407 2959 3578 3012 citius
3621 2953 3813 3025 expedi-

2260 3075 2338 3126 rc,
2393 3058 2745 3126 ecclesimque
2807 3064 3001 3110 vestrae
3054 3054 3242 3109 sedulo
3294 3053 3600 3124 indulgere.
3640 3051 3690 3105 In
3742 3062 3813 3102 ec-

2258 3151 2422 3205 clesia
2457 3165 2587 3205 vero
2616 3165 2684 3204 ne
2737 3147 2819 3202 vel
2850 3147 3080 3202 fabulari
3135 3147 3315 3211 liceat,
3357 3154 3470 3198 aut.
3499 3180 3520 3197 .
3550 3180 3598 3197 ..
3621 3178 3639 3196 .
3661 3180 3677 3196 .
3700 3180 3714 3193 .
3738 3175 3779 3192 ..
3798 3175 3810 3188 .

2258 3245 2450 3315 loqui:
2508 3243 2773 3298 orationis
2820 3241 2964 3297 enim
3014 3241 3207 3294 domus
3246 3247 3352 3300 est,
3407 3253 3439 3291 a
3486 3237 3605 3290 Deo
3653 3246 3812 3289 conse-

2259 3348 2413 3393 crata
2465 3337 2519 3391 in
2564 3334 2836 3391 sermonis
2879 3331 3176 3402 spiritualis
3223 3327 3693 3385 exercitationem.
3724 3321 3810 3378 Nec

2261 3431 2314 3486 itt
2339 3444 2403 3483 ea
2457 3429 2730 3498 quispiam
2784 3425 2962 3490 bibat,
3015 3433 3111 3480 aut
3160 3423 3399 3478 indebita
3433 3421 3585 3484 edat,
3623 3432 3732 3472 cum
3756 3413 3810 3467 sit

2260 3520 2366 3574 illis
2416 3516 2754 3572 sanctiﬁcata
2783 3516 2873 3586 qui
2907 3514 3106 3569 ibidem
3153 3527 3355 3581 corpus
3382 3509 3600 3564 Domini
3649 3508 3700 3562 in
3722 3504 3804 3557 ﬁde

2257 3608 2727 3666 manducaverint.
2779 3606 2904 3663 Ilaec
2950 3605 3198 3676 quamvis
3237 3604 3412 3673 turpia
3466 3601 3676 3657 faciunt
3730 3596 3806 3650 lto-

2257 3703 2453 3767 mines,
2508 3701 2841 3755 bacchantes
2897 3713 3077 3768 saepe,
3125 3705 3181 3750 et
3242 3707 3414 3763 usque
3455 3691 3527 3745 ad
3575 3686 3805 3745 insaniam

2257 3793 2506 3847 bibentes
2534 3791 2586 3844 in
2639 3789 2800 3844 domo
2855 3788 2974 3853 Dei,
3021 3785 3416 3841 contumeliose
3441 3783 3684 3835 etiamet
3723 3785 3806 3828 tur-

2258 3883 2400 3954 piter
2451 3883 2720 3947 ludentes,
2775 3879 2904 3950 quin
2961 3887 3016 3936 et
3067 3878 3226 3932 ftedis
3272 3876 3617 3931 sermonibus
3665 3871 3802 3938 ipsam

2259 3976 2403 4030 hanc
2448 3975 2669 4030 domum
2716 3973 3204 4028 contaminantes:
3258 3970 3429 4024 satius
3469 3967 3555 4022 eis
3597 3964 3724 4018 foret
3761 3959 3800 4011 in

2257 4066 2418 4122 lectis
2469 4068 2582 4124 suis
2638 4067 2988 4137 acquiescere
3038 4079 3200 4134 quam
3231 4064 3398 4117 Deum
3434 4053 3726 4114 istiusmodi
3746 4050 3803 4105 ir-

2259 4159 2449 4214 ritare.

2797 4246 3042 4320 (Reliqua
3071 4240 3302 4314 desunt.)

486 4558 488 4561 ,
571 4509 820 4583 (Exstant
845 4511 1065 4583 Ai'lfrici
1093 4513 1470 4584 archiepiscopi
1499 4513 1749 4584 opuscula
1779 4515 2020 4584 qua'dam
2052 4530 2079 4567 ε
2103 4511 2370 4568 Saxonico
2399 4512 2646 4584 idiomate
2677 4511 2731 4584 in
2761 4507 3009 4564 Latinum
3051 4505 3331 4584 translata,
3381 4501 3621 4559 sublesta:
3659 4506 3796 4553 tam"

1117 4583 1242 4652 ﬁdei
1271 4580 1316 4636 et
1343 4580 1458 4654 qua:
1483 4580 1669 4639 manus
1696 4580 1986 4638 acut/tofm
2017 4585 2368 4655 interpolavit.
2403 4582 2532 4638 Haec
2559 4584 2676 4637 ideo
2699 4582 2827 4636 dare
2853 4580 3272 4651 superscdemus.
