4048 5368
553 292 692 351 “79

1831 286 2112 345 JOANNIS
2150 285 2310 344 XVIII
2350 289 2551 345 ΡΑΡᾹΞ

3686 294 3815 351 {180

552 404 707 463 simis
740 401 1176 475 possessionibus
1207 400 1521 458 roboratam
1567 410 1729 472 atque
1756 402 1988 457 uitatum
2031 411 2137 456 est.
2169 406 2215 464 Α
2245 398 2415 457 sessio
2435 413 2651 474 Quoque
2676 413 2800 460 cum
2850 402 3075 461 castello
3101 400 3390 474 Camenis,
3418 416 3475 463 et
3504 406 3564 463 S.
3593 409 3815 464 Andreae

555 500 826 557 Similiter
875 513 905 552 a
952 496 1227 552 Ludovico
1280 504 1636 566 cognomento
1682 493 1800 560 Pio,
1849 493 1966 563 ejus
2002 493 2137 560 ﬁlio,

552 590 732 647 omnis
762 589 964 645 ﬁscalis
995 587 1295 644 exactionis
1322 587 1404 642 vel
1432 586 1802 655 cujuscunque
1831 584 2019 651 legalis
2044 599 2137 638 seu

553 681 831 739 oﬁieiarize
885 679 1184 750 pensionis,
1228 677 1386 733 simul
1432 678 1598 733 etiam
1653 676 1929 748 synodalis
1974 675 2138 731 debili

556 772 796 827 omnium
818 769 1195 831 ecclesiarum,
1219 783 1340 838 quae
1364 761 1462 836 ipsi
1488 768 1816 821 monasterio
1837 766 2139 835 subjacent,

558 861 903 917 immunitate
937 856 1194 924 ditatum,
1228 873 1326 913 nos
1347 858 1523 912 eidem
1557 857 1780 925 antiquo
1811 857 2141 912 monasterio

558 950 827 1015 faventes,
851 949 1104 1016 precibus
1132 949 1342 1003 domnae
1381 945 1559 1001 Bertte
1584 947 1783 1017 regina:
1822 961 1885 1000 ac
1908 946 2141 1000 ﬁliorum

559 1044 676 1115 ejus
698 1042 993 1099 Tlteobaldi
1034 1052 1088 1096 et
1117 1040 1345 1106 Odonis,
1391 1038 1687 1109 apostolica
1720 1040 2049 1093 auctoritate
2087 1039 2141 1093 in

560 1146 881 1207 perpetuum
913 1134 1300 1190 conﬁrmamus
1349 1142 1513 1202 atque.
1542 1132 1975 1195 constabilimus,
2010 1142 2068 1187 ut
2098 1134 2142 1188 si

561 1229 684 1299 quis
708 1230 899 1284 barum
928 1243 1109 1283 rerum
1140 1235 1435 1281 temerator
1460 1224 1747 1286 exstiterit,
1794 1239 1890 1279 seu
1930 1241 2146 1295 posses-

562 1321 764 1387 siones,
793 1320 1074 1385 ecclesias,
1113 1329 1286 1375 terras
1316 1318 1397 1372 vel
1420 1328 1589 1387 aquas
1617 1318 1858 1387 ejusdem
1898 1317 1999 1374 loci
2033 1319 2146 1373 vio.

562 1414 676 1469 lare
703 1413 992 1469 tentaverit
1036 1413 1135 1468 sub
1164 1411 1529 1465 anatliematis
1552 1410 2146 1467 indictiouedamuatus

566 1506 658 1561 sit.
690 1506 765 1560 De
799 1505 888 1559 illo
939 1520 1081 1559 novo
1126 1504 1398 1567 coenobio,
1447 1504 1589 1572 quod
1638 1511 1759 1572 post
1787 1505 2145 1557 vastationem

563 1597 985 1655 Normanuicam
1015 1604 1385 1651 constructum
1408 1605 1487 1649 est
1524 1611 1553 1647 a
1585 1594 1919 1649 nobilissimo
1948 1595 2145 1650 comite

564 1689 898 1755 T'ICObo-IIIO,
926 1690 976 1743 in
1003 1680 1121 1743 loco
1148 1689 1238 1759 qui
1267 1688 1466 1743 dicitur
1496 1685 1800 1751 Salmurus,
1850 1688 1901 1742 in
1929 1688 2144 1742 abbatia

2241 496 2524 565 sanctique
2549 496 2825 553 Lamberti
2860 515 2983 554 tum
3015 502 3174 556 terris
3195 502 3263 556 ad
3286 517 3380 556 eas
3406 504 3814 571 pertinentibus,

2240 588 2470 642 ecclesia
2501 589 2557 645 S.
2587 588 2738 645 Petri
2767 607 2890 647 cum
2919 591 3121 661 capella
3150 595 3209 648 8.
3244 590 3492 672 ἔἰοειηηίει.
3536 594 3697 659 Item,
3721 595 3817 649 alia

2240 676 2366 731 villa
2397 694 2519 748 quas
2546 680 2747 736 dicitur
2788 682 3036 747 Alomna,
3066 700 3189 740 cum
3238 685 3487 742 ecclesiis
3533 686 3589 740 iu
3625 686 3819 740 honore

2244 766 2302 823 8.
2326 768 2553 827 Joannis
2582 782 2638 826 et
2680 770 2738 827 S.
2769 772 3031 841 Docelini,
3064 791 3185 830 curn
3226 779 3386 833 terris
3426 779 3494 832 ad
3544 794 3644 833 eas
3668 780 3822 849 perii.

2244 860 2515 916 neutibus.
2570 861 2691 918 Alia
2741 874 2956 935 queque
2998 864 3124 922 villa
3161 858 3376 923 nomine
3415 854 3671 935 Mironio,
3707 887 3818 925 cum

2243 954 2471 1011 ecclesia
2501 956 2554 1011 in
2595 958 2800 1014 honore
2832 959 2891 1015 S.
2924 961 3145 1016 Caesarii
3176 970 3232 1017 et
3263 963 3426 1018 terris
3456 979 3581 1033 qua:
3613 964 3683 1018 ad
3711 980 3820 1019 eam

2244 1047 2537 1115 pertinent.
2569 1048 2696 1105 Ilaec
2716 1051 2894 1105 omnia
2924 1053 3248 1108 auctoritate
3276 1053 3337 1107 Β.
3373 1052 3521 1108 Petri
3551 1056 3822 1124 aposttJno

2246 1154 2363 1192 rum
2388 1140 2644 1208 principis
2682 1155 2867 1196 coram
2902 1143 3014 1198 Deo
3053 1159 3116 1197 ac
3153 1144 3380 1198 terribili
3426 1145 3825 1212 futurojudicio

2245 1247 2344 1303 per
2369 1232 2530 1301 hujus
2558 1234 2842 1304 apostolici
2875 1238 3044 1290 noSIri
3072 1236 3335 1305 privilegii
3359 1238 3826 1292 conﬁrmationem

2245 1323 2421 1379 eidem
2452 1324 2574 1381 loco
2602 1327 2881 1381 sancimus
2903 1336 3066 1396 atque
3093 1329 3451 1390 decernimus,
3484 1336 3538 1382 et
3573 1344 3830 1398 quacun-

2244 1431 2350 1485 que
2376 1432 2405 1469 a
2434 1416 2685 1472 ﬁdelibus
2727 1418 2903 1474 eidem
2944 1419 3063 1474 loco
3093 1419 3348 1489 deinceps
3376 1419 3579 1474 collata
3611 1418 3827 1484 fuerint,

2246 1516 2305 1561 ut
2332 1508 2376 1562 si
2400 1507 2523 1577 quis
2550 1508 2787 1563 nefarius
2809 1510 3202 1574 contradicere,
3229 1511 3490 1565 invadere
3510 1521 3611 1565 aut
3638 1513 3833 1567 caTum-

2247 1596 2399 1651 niare
2416 1599 2845 1668 prmsumpserit,
2872 1599 3238 1654 anathematis
3279 1601 3495 1656 vinculo
3544 1601 3832 1655 innodatus

2248 1705 2276 1744 a
2314 1689 2745 1746 Christianorum
2782 1691 3041 1747 societate
3088 1692 3141 1746 in
3174 1702 3492 1763 perpetuum
3523 1704 3830 1764 separetur.

566 1792 764 1839 sancta:
792 1782 884 1836 Dei
916 1757 1206 1837 Geuitricis
1238 1780 1423 1835 Mariae
1450 1791 1507 1835 et
1549 1781 1724 1835 sancti
1773 1779 1997 1835 Joannis
2043 1781 2143 1834 Ba-
2177 1757 2222 1813 Β
2251 1779 2470 1835 Atvem
2510 1780 2601 1850 qui
2643 1780 2732 1850 pio
2788 1780 2986 1835 intuitu
3036 1757 3359 1836 observator
3402 1799 3468 1837 ac
3500 1784 3555 1836 in
3590 1757 3835 1837 omnibus

564 1874 762 1942 ptistte,
790 1887 910 1943 quze
960 1888 988 1926 a
1045 1871 1240 1927 Carolo
1289 1870 1400 1926 ﬁlio
1448 1870 1708 1926 Ludovici
1740 1870 1935 1927 collata
1969 1869 2149 1925 fuerat

565 1964 740 2021 eidem
772 1962 833 2018 S.
881 1961 1178 2027 Florentio,
1233 1960 1988 2053 postulantibus’supradictis
2020 1960 2146 2015 ﬁliis

569 2055 792 2121 nostris,
847 2055 1136 2111 statuimus
1189 2053 1487 2123 apostolica
1540 2068 1771 2108 censura
1831 2054 1931 2109 sub
1980 2053 2147 2108 divini

562 2148 749 2217 judicii
786 2146 1167 2211 obtestatione,
1220 2161 1287 2201 ne
1317 2145 1547 2200 aliorum
1574 2145 1943 2215 quorumlibet
1972 2145 2150 2200 domi-

571 2238 663 2294 nio
694 2235 1013 2307 subjiciatur
1041 2248 1134 2292 aut
1163 2236 1406 2293 inferiori
1454 2238 1707 2306 potestati
1745 2237 2030 2304 subdatur,
2055 2236 2151 2292 sed

570 2330 625 2385 in
676 2338 993 2399 perpetuum
1039 2343 1137 2400 per
1183 2329 1537 2385 succedentes
1577 2330 1820 2385 hacredes
1855 2329 2152 2385 Thcobaldi

571 2430 735 2490 atque
789 2418 1001 2474 Odonis
1050 2428 1269 2490 regatur
1328 2427 1493 2488 atque
1538 2418 1880 2474 defendatur.
1940 2419 1996 2475 Si
2028 2421 2153 2491 quis

570 2518 749 2565 autem
776 2522 963 2565 eorum
995 2509 1170 2578 ipsum
1196 2508 1371 2563 locum
1398 2509 1701 2578 cuicunque
1721 2519 1993 2565 extranea:
2018 2526 2151 2582 pcr-

570 2618 718 2658 sona:
748 2600 1123 2667 transfuderit,
1155 2616 1250 2655 seti
1276 2615 1614 2672 quaecunque
1640 2617 1870 2672 persona
1900 2605 2150 2660 eumdem

569 2698 747 2751 iocum
781 2697 850 2753 ab
877 2697 958 2753 eis
991 2707 1248 2771 expetere
1275 2708 1371 2756 aut
1400 2715 1654 2757 coemere
1686 2702 1994 2768 tentaverit,
2027 2718 2151 2757 cum

569 2783 709 2841 Juda
757 2786 1033 2858 proditore
1084 2790 1138 2844 in
1198 2799 1443 2847 extremo
1481 2790 1688 2860 judicio
1726 2793 2017 2848 anathema
2058 2794 2151 2848 sit.

571 2881 872 2953 Alligamus
901 2885 1064 2940 etiam
1097 2885 1285 2940 eodem
1316 2884 1661 2941 anathemate
1689 2901 1785 2942 eos
1822 2886 1914 2956 qui
1944 2885 2150 2956 aliquid

572 2975 640 3029 de
683 2974 769 3029 his
801 2989 921 3044 qua:
969 2976 1036 3031 ad
1093 2989 1334 3045 praesens
1382 2977 1524 3033 idem
1574 2979 1726 3033 iocus
1773 2977 2038 3049 possidet,
2070 2976 2154 3032 vel

572 3064 826 3138 deinceps
856 3068 1194 3139 acquisierit,
1251 3068 1469 3125 auferre
1499 3071 1808 3135 tentaverit,
1861 3085 1955 3126 seu
1985 3086 2153 3126 novas

573 3153 719 3226 leges
776 3158 996 3226 addere,
1054 3159 1158 3215 nisi
1208 3169 1471 3230 quantum
1522 3165 1876 3216 constitutum
1939 3170 2025 3218 est
2084 3163 2153 3217 ab

576 3249 986 3321 archiepiscopo
1012 3253 1257 3308 Arduino
1291 3263 1347 3309 et
1384 3253 1584 3310 comite
1609 3254 1797 3311 Odone
1834 3254 1944 3310 tilio
1979 3254 2158 3311 Theo-

576 3339 744 3395 baldi.
797 3342 1097 3398 Statuimus
1122 3344 1285 3399 etiam
1317 3353 1378 3399 ut
1422 3346 1469 3400 si
1501 3345 1724 3403 decreto
1772 3348 2156 3418 episcoporum

575 3447 745 3502 pagus
768 3432 857 3488 ille
883 3437 1460 3493 excommunicationis
1484 3439 1809 3494 sententiam
1848 3444 2148 3512 exceperit,

575 3525 738 3582 liceat
770 3527 946 3583 eidem
983 3528 1234 3584 emnobio
1277 3529 1473 3587 missas
1496 3538 1552 3585 et
1581 3531 1788 3602 reliqua
1818 3548 1973 3589 sacra
2015 3534 2160 3590 cele-

575 3619 758 3687 brare,
794 3634 968 3692 neque
992 3622 1061 3677 ab
1092 3621 1360 3693 episcopis
1391 3633 1618 3695 propter
1652 3625 1756 3681 hoc
1790 3626 2006 3697 aliquod
2029 3642 2161 3697 prat-

568 3710 835 3784 judicium
887 3715 1161 3771 sustinere
1213 3725 1461 3787 cogatur.
1488 3717 1641 3785 Quod
1684 3719 1728 3773 si
1780 3719 1961 3775 abbati
1992 3719 2162 3791 ipsius

575 3803 679 3860 loci
722 3803 902 3877 aliqua
931 3804 1201 3863 calumnia
1234 3808 1319 3864 vel
1350 3811 1557 3867 crimen
1616 3812 1969 3884 impingatur,
2000 3814 2163 3870 liceat

574 3909 702 3952 cum
730 3899 834 3954 sub
865 3898 1078 3955 duobus
1105 3910 1199 3955 aut
1221 3900 1395 3957 tribus
1416 3901 1687 3973 cpisc0pis
1708 3918 1930 3959 causam
1956 3904 2161 3971 dicere,

576 4004 753 4061 neque
796 3990 1165 4048 irreverenter
1192 3992 1310 4049 sine
1352 3993 1558 4061 judicio
1587 3994 1800 4050 illorum
1829 3994 2024 4052 debeat
2046 4010 2165 4055 mo-

573 4079 785 4139 Iestari.
822 4081 945 4138 Sint
967 4083 1151 4156 itaque
1173 4086 1315 4141 servi
1350 4086 1442 4140 Dei
1475 4085 1727 4141 monachi
1771 4086 1970 4143 ibidem
2009 4086 2165 4141 habi-

578 4181 777 4242 tantes,
808 4175 978 4246 quieti
1004 4178 1072 4233 ab
1097 4177 1244 4234 omni
1272 4178 1518 4234 molestia
1550 4178 1894 4249 cupidorum,
1920 4186 1976 4233 et
2004 4179 2167 4235 liceat

577 4266 659 4320 cis
691 4268 907 4337 propria
955 4268 1098 4325 bona
1125 4268 1431 4340 disponere,
1475 4267 1586 4323 Deo
1622 4268 1862 4336 favente,
1889 4285 1953 4326 ac
1979 4281 2163 4326 nostra

580 4358 872 4427 apostolica
895 4361 1222 4417 auctoritate
1242 4361 1624 4426 conﬁrmante,
1657 4370 1715 4415 ut
1739 4362 1883 4416 nulla
1926 4378 2163 4434 unquam

581 4442 844 4520 persona,
887 4450 1257 4522 cujuscunque
1303 4452 1605 4521 dignitatis,
1648 4452 1852 4523 aliquid
1897 4454 1965 4510 de
2003 4454 2165 4510 rebus
2195 4484 2240 4539 Ι)

582 4540 669 4596 vel
716 4541 1148 4611 possessionibus
1195 4558 1316 4611 quae
1366 4545 1433 4599 ad
1482 4560 1577 4602 eos
1623 4549 1901 4617 pertinent
1944 4561 2164 4619 quoquo

584 4632 746 4687 modo
774 4634 991 4689 auferre
1034 4632 1120 4689 vel
1168 4633 1406 4690 alienare
1451 4648 1764 4706 prtesumat.
1814 4638 1941 4694 Haec
1982 4650 2164 4696 autent

584 4733 715 4779 sunt
762 4725 926 4781 ﬁscus
983 4724 1316 4782 Lcntiliacus
1363 4743 1488 4784 cum
1552 4730 1784 4786 ecclesia
1840 4733 1893 4786 iu
1960 4731 2168 4789 honore

586 4815 647 4873 S.
674 4816 857 4874 Maria:
896 4829 951 4874 et
990 4817 1214 4889 capellis
1244 4818 1304 4874 S.
1336 4818 1529 4875 llilarii
1574 4836 1640 4876 ac
1687 4821 1747 4877 S.
1797 4823 2090 4889 Vincentii,
2112 4831 2171 4879 et

585 4910 839 4967 oumibus
893 4926 1012 4981 qua:
1062 4913 1116 4968 iu
1160 4925 1346 4969 castro
1393 4913 1510 4969 sitae
1570 4924 1715 4980 sunt,
1770 4916 1854 4972 vel
1904 4916 2169 4989 quidquid

590 5002 824 5073 amplius
852 5004 918 5058 ad
964 5005 1136 5075 ipsum
1164 5007 1416 5078 pertinet.
1465 5007 1620 5075 Item,
1656 5009 1782 5064 villa
1822 5023 1943 5079 qua:
1972 5009 2172 5065 dicitur

590 5092 894 5151 Distriacus
935 5110 1060 5153 cum
1104 5099 1335 5156 ecclesia
1386 5100 1444 5156 S.
1500 5100 1699 5156 Jttliani
1751 5101 2030 5173 martyris,
2063 5101 2170 5157 alia

589 5198 806 5258 quoque
834 5187 960 5243 villa
988 5205 1110 5259 qua:
1134 5192 1333 5247 dicitur
1357 5192 1531 5249 Ulmis
1553 5208 1677 5248 cum
1704 5192 1935 5249 ecclesia
1958 5192 2019 5247 8.
2042 5191 2174 5248 Vin-

590 5279 776 5343 centii,
810 5288 866 5335 ct
896 5280 1102 5351 capella
1133 5296 1254 5351 qua:
1278 5283 1481 5339 dicitur
1506 5284 1810 5340 Mainiacus
1850 5299 1975 5339 cum
2010 5285 2172 5341 terris

2250 1875 2525 1930 exstiterit
2564 1874 2876 1930 custodiens
2908 1872 3067 1943 hujus
3097 1876 3269 1930 nostri
3299 1876 3586 1946 apostolici
3640 1877 3836 1930 consti-

2253 1967 2375 2029 tuti,
2424 1964 2821 2021 benedictionis
2847 1966 3074 2034 gratiatu
3107 1981 3138 2018 a
3182 1965 3700 2022 misericordissima
3735 1967 3835 2021 Do-

2254 2057 2401 2111 mino
2430 2055 2541 2110 Deo
2573 2065 2761 2110 nostro
2792 2054 3164 2125 multipliciter
3187 2066 3572 2127 consequatur,
3616 2071 3686 2111 ac
3725 2056 3839 2110 vitae

2251 2157 2469 2203 aeterna:
2495 2148 2767 2218 particeps
2801 2146 2940 2203 eﬂici
2970 2158 3262 2203 mereatur.

2326 2240 2596 2311 Scriptum
2631 2256 2726 2310 per
2753 2234 2945 2295 manus
2984 2238 3200 2312 Georgii
3233 2239 3430 2295 notarii
3457 2255 3523 2296 ac
3563 2240 3838 2296 scriniarii

2255 2345 2457 2390 sanctae
2484 2334 2741 2390 Romana:
2767 2332 3021 2390 Ecclesia:
3042 2335 3094 2388 in
3120 2347 3303 2389 mense
3322 2332 3519 2403 Aprili,
3543 2334 3841 2388 indictione

2258 2426 2520 2483 secunda.

2254 2608 2481 2665 Joannis
2525 2606 2733 2663 XVIII
2774 2607 3104 2733 privigegium
3152 2626 3246 2690 pro
3281 2607 3518 2663 Ecclesia
3548 2607 3615 2664 8-.
3661 2607 3844 2662 Maria

2942 2695 3191 2733 seraeust.

2942 2695 3191 2749 sergeusr.

2854 2772 3032 2841 (Anno
3066 2771 3244 2846 teat.)

2425 2863 2681 2937 μίλιιιδι,
2713 2863 2901 2935 Papiri
2928 2864 3168 2935 άὶμιοηιη
3203 2875 3335 2920 tom.
3364 2863 3405 2928 I,
3435 2879 3488 2934 p.
3512 2861 3678 2936 238.]

2328 2974 2563 3033 Jonxes
2588 2977 2895 3047 cpiscopus,
2939 2992 3130 3032 servus
3158 2991 3444 3032 servorum
3476 2976 3592 3044 Dei,
3640 2978 3845 3031 univcr'

2259 3068 2335 3123 sis
2363 3079 2562 3124 sanctrc
2584 3067 2843 3124 Romana:
2866 3068 3122 3124 Ecclesite
3147 3068 3291 3123 liliis.
3758 3106 3763 3109 -

2328 3155 2497 3213 οίιὶοἰί
2521 3158 2692 3217 nostri
2720 3168 2804 3214 est
2829 3158 3069 3213 omnium
3099 3167 3413 3213 sanctarum
3440 3158 3533 3213 Dei
3564 3157 3843 3214 Ecclesia-

2260 3264 2380 3303 rutu
2411 3248 2691 3304 commoda
2743 3248 3072 3320 generaliter
3114 3249 3468 3305 considerare
3510 3259 3568 3305 et
3605 3252 3846 3305 maxime

2258 3354 2445 3395 earum
2468 3356 2588 3410 qua:
2616 3341 2983 3410 potentialiter
3016 3343 3116 3397 sub
3135 3342 3261 3413 jure
3302 3352 3358 3396 et
3383 3342 3630 3398 dominio
3656 3353 3847 3398 nostra

2259 3423 2513 3491 Romanae
2541 3432 2796 3489 Ecclesia:
2816 3433 3141 3489 consistunt.
3177 3435 3234 3488 Si
3264 3435 3394 3503 quid
3425 3444 3510 3490 est
3541 3435 3844 3492 incommo-

2259 3526 2386 3583 dunt
2412 3524 2653 3587 abolent,
2688 3540 2755 3580 ne
2775 3526 2925 3594 gravi
2963 3526 3412 3582 incommoditate
3440 3542 3536 3582 sua
3585 3530 3844 3601 neglectze

2258 3616 2524 3673 vilescunt
2597 3615 2681 3670 vel
2737 3616 2983 3687 qualibet
3036 3632 3136 3673 nos
3187 3632 3253 3672 ac
3306 3619 3598 3675 occasione
3673 3622 3847 3676 debita

2260 3709 2606 3764 solemnitate
2671 3717 2878 3762 careat.
2934 3707 3082 3762 Inter
3154 3722 3352 3764 exetera
3410 3726 3535 3766 cum
3618 3712 3846 3786 plurima

2261 3801 2601 3871 negotiorum
2630 3814 2829 3873 genera
2868 3801 2936 3856 ad
2963 3803 3148 3858 sedent
3176 3802 3480 3858 Romanam
3519 3819 3591 3859 ex
3621 3807 3845 3862 diversis

2263 3893 2446 3950 mundi
2470 3892 2722 3963 partibus
2768 3891 3104 3959 deferantur,
3149 3909 3385 3965 cumque
3424 3896 3491 3951 ad
3530 3897 3704 3954 multa
3726 3914 3846 3954 con-

2261 3985 2573 4063 stituenda,
2611 3985 2727 4042 sive
2774 3985 3080 4045 ordinanda
3120 3987 3491 4055 conferamur,
3524 3990 3672 4046 inter
3719 4008 3845 4047 non-

2262 4079 2412 4135 nulla
2460 4080 2871 4149 praesentiarum
2932 4081 3244 4152 accepimus
3298 4081 3429 4137 illud
3488 4098 3713 4155 quoque
3779 4086 3840 4139 ad

2264 4179 2487 4226 nostras
2515 4183 2681 4226 aures
2717 4170 2993 4240 pervenit;
3022 4170 3164 4240 quod
3191 4170 3405 4241 plebem
3430 4183 3637 4228 sancta:
3668 4173 3841 4229 Maria:

2267 4263 2413 4318 intra
2468 4262 2691 4320 civitate
2740 4277 2862 4334 qua:
2912 4274 3139 4319 vocatur
3205 4263 3385 4335 Iserge
3436 4262 3596 4333 juxta
3648 4266 3839 4322 fontun

2267 4353 2442 4409 sancti
2469 4353 2697 4409 Joannis
2743 4352 2999 4423 Baptistae
3026 4354 3212 4418 sitam,
3257 4356 3456 4425 partim
3507 4359 3842 4429 antiquitatis

2268 4458 2400 4512 suae,
2432 4444 2630 4515 partim
2664 4443 2990 4515 negligentia
3019 4445 3255 4514 pastoris
3300 4447 3470 4502 ruinae
3518 4448 3670 4519 lapsa
3708 4451 3840 4505 defe-

2266 4547 2435 4594 cerat.
2472 4538 2579 4593 Sed
2616 4545 2746 4591 nutu
2777 4537 2872 4592 Dei
2915 4536 3139 4606 ejusque
3185 4538 3462 4607 genitricis
3495 4538 3840 4596 Laudinolius

2266 4646 2472 4699 comes,
2528 4632 2674 4687 ﬁlius
2722 4630 2937 4687 comitis
2976 4629 3216 4685 Landoltl
3275 4630 3474 4697 ϐπερὶ,
3523 4648 3648 4688 cum
3692 4635 3837 4689 bona:

2268 4723 2547 4778 memoriae
2569 4722 2794 4777 Gemma
2821 4720 3051 4792 conjuge
3076 4736 3176 4776 sua
3199 4721 3266 4776 dc
3293 4722 3454 4777 rebus
3487 4725 3725 4794 propriis
3748 4738 3838 4794 pro

2268 4816 2637 4885 redemptione
2660 4814 2856 4868 anima:
2875 4827 3065 4869 eorum
3099 4814 3272 4885 ipsam
3309 4815 3590 4885 antiquam
3634 4817 3835 4887 plebem

2270 4907 2337 4962 ad
2366 4906 2629 4963 honorem
2668 4904 2728 4960 S.
2771 4903 2955 4960 Mariae
2979 4904 3325 4961 remdilicavit
3351 4916 3518 4975 atque
3545 4907 3834 4962 renovavit.

2268 5000 2470 5056 Fuerat
2494 5000 2638 5055 enim
2666 4998 2939 5067 quondam
2981 5007 3240 5065 occupata
3282 5000 3590 5070 pastoribus
3615 5001 3707 5071 qui
3737 5014 3837 5055 non

2269 5092 2371 5148 sibi
2404 5090 2746 5162 profecerant
2774 5090 2842 5146 ad
2868 5098 3237 5160 augmentum,
3276 5092 3369 5146 sed
3395 5093 3565 5149 totius
3593 5093 3838 5147 imminu-

2273 5182 2436 5236 tionis
2461 5181 2684 5236 dederat
2711 5180 3083 5251 opprobrium.
3130 5179 3275 5249 Ergo
3315 5182 3565 5250 quamvis
3603 5182 3835 5253 priorum

2271 5272 2494 5330 Patrum
2514 5272 2766 5344 exemplo
2791 5273 3102 5337 doceamur,
3130 5281 3190 5328 ut
3208 5273 3459 5328 entiribus
3479 5275 3728 5330 ecclesiis
3746 5288 3836 5343 pec
