4048 5368
542 330 567 383 1
576 326 679 385 ιδδ

1760 306 1765 313 ’
1800 324 2083 386 JOANNIS
2122 326 2283 385 xvtn
2320 327 2520 387 eam

3656 334 3796 393 "8|

541 452 615 506 tis
657 445 974 520 impendere
1000 446 1340 519 incessanter
1364 445 1567 502 eisdem
1594 444 1755 501 debet
1780 445 2117 515 suﬂ'ragium.
2151 448 2196 507 Α
2227 445 2624 503 terminabilem
2653 448 3023 509 diuturnitatis
3052 446 3286 520 palmam
3322 450 3604 508 altioribus
3654 452 3800 507 salu-

540 541 808 610 Quocirca
859 552 963 597 tute
1010 538 1382 610 postulationi,
1434 537 1883 594 reverendissime
1935 537 2029 601 lili,
2066 535 2118 590 in

539 631 885 686 concedendo
917 629 1012 683 tibi
1043 636 1254 697 tuaeque
1286 628 1398 684 sedi
1434 626 1746 698 apostolica:
1778 626 2119 681 auctoritatis

537 724 844 797 privilegio,
870 721 1138 778 et‘libenti
1167 722 1349 777 animo
1377 735 1669 777 annuimus
1722 729 1777 774 ct
1812 719 2117 789 gratissima

540 816 707 872 animi
735 812 1066 881 indulgentia
1093 813 1461 868 concedimus.
1493 812 1568 867 Ita
1616 812 1761 867 enim
1792 821 1954 881 caput
1985 826 2120 881 gau-

543 906 673 962 dere
732 904 964 976 poterit,
1016 904 1063 959 si
1128 902 1368 958 membra
1450 903 1655 975 integra
1728 903 1967 958 stabilito
2032 916 2113 956 ro-

537 998 671 1055 bore
699 1013 759 1054 se
786 997 989 1052 habere
1015 997 1270 1052 senserit.
1293 996 1460 1066 lgitur
1478 1005 1534 1050 ut
1556 995 1625 1050 ab
1652 995 1889 1064 antiquis
1914 1003 2116 1048 sanctae

537 1089 990 1147 Paterbornensis
1060 1087 1316 1143 Ecclesiae
1372 1087 1546 1149 sedes,
1607 1086 1691 1141 cui
1733 1087 1845 1141 Deo
1894 1095 2115 1140 auctore

536 1182 814 1252 praesides,
840 1180 1089 1245 fundata,
1127 1194 1192 1235 ac
1227 1193 1389 1234 renus
1411 1179 1609 1234 diversi
1665 1178 1881 1248 generis
1932 1178 2114 1232 dotata

537 1283 646 1336 est,
686 1282 851 1342 utque
902 1270 1165 1327 bonorum
1206 1275 1445 1325 virorum
1503 1285 1568 1325 ac
1619 1268 1855 1324 fidelium
1910 1268 2111 1324 Christi

538 1365 831 1420 collatione
853 1363 1118 1419 hactenus
1142 1363 1313 1433 cepiis
1350 1362 1659 1417 divitiarum
1683 1363 2114 1433 possessionum-

534 1474 639 1530 que
670 1457 976 1513 accrevisse
1001 1456 1116 1511 visa
1144 1464 1253 1520 est,
1279 1455 1353 1508 ita
1375 1469 1494 1509 eam
1519 1462 1778 1525 perpetuo
1829 1453 2109 1524 apostolici

529 1549 668 1619 juris
692 1557 958 1620 praecepto
991 1546 1088 1602 tibi
1138 1546 1349 1615 tuisque
1376 1546 1783 1602 successoribus
1820 1546 1873 1601 in
1922 1560 2111 1617 perpe-

536 1652 688 1696 tuum
716 1654 936 1696 manere
968 1636 1308 1694 decernimus
1337 1655 1353 1692 :
1388 1637 1654 1707 sintquefa
1684 1652 1970 1706 pravorum
2024 1636 2106 1691 in-

530 1734 809 1797 cursione,
840 1732 965 1787 dolo
992 1738 1048 1786 et
1096 1729 1399 1800 direptione
1433 1738 1569 1794 tuta,
1613 1744 1943 1799 quaecunque
1964 1743 2105 1798 prte-

538 1825 682 1881 dicta
732 1823 1009 1888 Ecclesia,
1060 1821 1167 1876 imo
1228 1820 1385 1875 sedes
1429 1820 1747 1889 episcopalis
1803 1820 2109 1890 possedisse

530 1920 798 1973 hactenus
824 1914 1063 1978 videtur;
1094 1911 1178 1967 vel
1205 1926 1538 1981 quaecunque
1567 1912 1850 1980 acquirere
1871 1909 2108 1965 fidelium

530 2006 734 2064 Christi
766 2003 1056 2060 collatione
1088 2001 1313 2072 poterit,
1340 2000 1395 2055 id
1423 2010 1507 2056 est
1532 2001 1704 2065 vicos,
1737 2000 2109 2071 possessiones

530 2105 733 2161 curtes,
756 2094 1035 2156 dimceses,
1069 2092 1480 2161 diteccseonque
1504 2084 1775 2146 terriIoria
1804 2091 1905 2145 sibi
1939 2091 2106 2160 perti-

529 2185 746 2251 nentia;
792 2185 921 2238 item
954 2193 1128 2247 arces,
1159 2180 1405 2241 castella,
1432 2196 1613 2251 agros,
1634 2181 1835 2246 vineta,
1867 2179 2106 2246 flumina,

534 2266 712 2342 lacus,
737 2289 859 2331 cum
905 2272 1158 2330 omnibus
1182 2287 1300 2342 qua:
1342 2271 1394 2326 in
1440 2272 1521 2327 eis
1551 2272 1684 2326 fiunt
1714 2272 2107 2338 instrumentis,

529 2382 716 2423 servos
746 2365 908 2421 etiam
948 2371 1002 2419 et
1031 2363 1281 2428 ancillas,
1321 2364 1560 2433 itemque
1610 2364 1861 2429 colonos,
1912 2379 2108 2419 census

530 2473 627 2514 seu
653 2455 878 2519 reditus,
902 2462 996 2509 aut
1021 2453 1185 2509 etiam
1212 2454 1524 2534 pensiones.
1555 2453 1659 2509 Ista
1685 2454 1890 2518 omnia.
1924 2463 1977 2509 et
2005 2456 2107 2510 sic-

532 2556 591 2603 ut
648 2562 813 2617 supra
842 2551 1044 2602 dictum
1071 2558 1174 2611 est,
1224 2560 1670 2616 quarumcunque
1711 2547 2108 2617 possessionem

529 2640 789 2710 praedicta
823 2638 1065 2695 Ecclesia
1112 2637 1315 2695 habere
1360 2638 1477 2694 visa
1522 2647 1626 2705 est,
1669 2649 1763 2693 aut
1815 2638 2105 2708 videbitur,

526 2730 851 2786 auctoritate
879 2727 1171 2800 apostolica
1211 2729 1387 2785 eidem
1421 2726 1804 2784 conﬁrmamus
1835 2736 1891 2784 et
1926 2742 2110 2783 corro-

526 2822 807 2885 boramus,
835 2826 892 2874 et
933 2819 987 2873 in
1025 2826 1343 2890 perpetuum
1395 2815 1577 2874 valere
1620 2817 1993 2881 decernimus,
2050 2826 2109 2872 ut

528 2910 675 2966 nulla
716 2909 966 2967 violentia
1013 2919 1107 2964 aut
1136 2909 1351 2979 ingenio
1385 2908 1453 2964 ab
1492 2924 1558 2965 ea
1600 2908 1972 2980 subripiantur
2015 2918 2108 2963 aut

524 3000 848 3057 alieneulur.
875 2998 1003 3054 Item
1026 2999 1367 3056 decernimus
1396 2999 1537 3054 beati
1559 2997 1706 3053 Petri
1738 2998 1963 3069 apostoli
2012 3014 2109 3052 au-

534 3090 791 3147 ctoritate
823 3100 880 3145 ut
915 3089 1058 3146 nulla
1106 3090 1376 3146 ordinatio
1421 3089 1493 3146 ibi
1524 3089 1843 3161 episcopalis
1884 3089 2100 3153 existat,

524 3184 580 3239 id
604 3192 685 3238 est
716 3181 891 3237 nullus
916 3191 1265 3237 consecretur
1296 3181 1580 3251 episcopus
1607 3180 1661 3235 in
1690 3179 1947 3251 praedicta
1993 3178 2100 3234 Ec-

526 3272 719 3338 clesia,
746 3272 851 3327 nisi
872 3271 1137 3327 electione
1170 3270 1402 3327 filiorum
1437 3269 1677 3338 ejusdem
1706 3268 1962 3347 Ecclesiae
2007 3284 2104 3340 ap.

527 3367 820 3436 probatus;
846 3365 888 3419 si
909 3364 1031 3433 quis
1058 3371 1239 3418 autem
1262 3362 1483 3417 insanus
1514 3371 1606 3417 aut
1635 3370 1992 3431 presumptor
2012 3376 2101 3416 res

524 3456 765 3526 ejusdem
793 3453 1051 3511 Ecclesiae
1076 3453 1429 3520 devastando,
1457 3462 1552 3509 aut
1579 3453 1900 3529 diripienda,
1936 3454 2097 3507 item-

523 3561 629 3616 que
648 3544 940 3602 minuendo
964 3553 1155 3601 contra
1196 3544 1301 3598 hoc
1340 3552 1541 3600 nostra;
1565 3544 1905 3600 auctoritatis
1933 3543 2100 3614 privi-

524 3636 720 3707 legium
756 3636 941 3692 venire
966 3634 1279 3701 tentaverit,
1311 3642 1404 3689 aut
1431 3633 1722 3690 observare
1770 3633 2093 3704 despexerit,

521 3727 624 3782 nisi
653 3726 917 3796 condigna
952 3724 1330 3781 emendatione
1359 3725 1670 3796 resipuerit,
1721 3725 2094 3781 excommuni-

521 3817 722 3873 cationi
779 3816 1079 3889 subjaceat,
1126 3816 1487 3873 anathematis
1516 3815 1731 3872 vinculo
1784 3814 2096 3881 iunodetur,

519 3908 900 3965 maledictione
927 3920 1132 3963 acterna
1155 3908 1442 3965 damnatus
1467 3909 1557 3975 sit,
1607 3923 1672 3964 ac
1694 3921 1818 3963 cum
1851 3906 2096 3978 reprobis

519 3998 700 4068 pcenis
723 3998 1003 4070 subjaceat
1034 3998 1272 4053 aeternis.

591 4091 785 4145 Datum
825 4099 879 4145 et
901 4091 1164 4160 scriptum
1211 4105 1308 4160 per
1351 4104 1546 4146 manus
1587 4089 1734 4146 Petri
1788 4089 2000 4146 abbatis
2041 4099 2094 4145 et

517 4180 825 4237 cancellarii
871 4182 1012 4236 sacri
1044 4182 1225 4251 palatii
1272 4198 1325 4235 tn
1364 4198 1548 4238 mense
1576 4183 1931 4251 Decembrio,
1957 4184 2093 4239 indi-

516 4270 697 4326 ctione
720 4278 915 4341 quarta
970 4268 1093 4345 [al.,
1124 4269 1334 4344 tertia],
1382 4287 1525 4328 anno
1587 4272 1813 4331 Domino
1862 4275 2094 4345 propitio

517 4363 696 4420 domui
726 4362 948 4419 Joannis
973 4364 1135 4421 XVIII
1162 4380 1315 4437 papae
1343 4368 1524 4424 tertio.

1249 4499 1355 4556 VII.

513 4598 744 4664 Ioannes
773 4606 978 4689 XV_fII_
1010 4611 1285 4689 conﬁrmat
1306 4613 1501 4689 donum
1524 4633 1556 4670 a
1568 4616 1839 4689 Allainaldo
1854 4633 2091 4689 ερικομο

853 4679 1233 4737 Parisiensibus
1258 4687 1525 4741 canonicis
1549 4687 1767 4756 factum.

820 4865 835 4874 ρ
1115 4798 1294 4868 (Anno
1316 4799 1494 4870 l006.)

927 4886 1119 4958 [Mum
1142 4887 1341 4944 Concil.
1365 4889 1508 4956 XIX,
1531 4892 1688 4965 29L]

580 4993 814 5053 Joasnss
860 5011 1161 5071 episcopus,
1190 5014 1385 5057 servus
1407 5017 1687 5060 servorum
1720 5006 1834 5064 Dei.

578 5088 887 5130 Imma-inca:
918 5091 1144 5132 rntinnic
1173 5092 1514 5134 inclilnlinnn
1550 5098 1602 5136 in
1627 5101 1951 5138 nnihnclilmr
1997 5120 2088 5140 nr-

2185 5116 2235 5140 nt
2290 5104 2596 5140 nnnnnllnpii
2647 5103 2785 5140 αηρνί
2848 5100 3230 5140 ῙΑίΔι-ςιηοηαῖε
3270 5101 3451 5140 ηοΙΜίἰ

2225 540 2418 596 larium
2449 540 2581 595 velis
2608 540 2866 596 virtutum
2886 542 3113 613 subrigi,
3144 558 3208 598 ac
3250 542 3582 599 felicioribus
3624 543 3797 599 bono-

2220 647 2340 687 rum
2372 632 2721 688 tncrcmentis
2744 647 2966 702 operum
2996 634 3182 688 diatim
3212 648 3649 705 unumquemque
3679 635 3802 689 sub-

2219 725 2449 789 moueri,
2500 738 2660 792 quam
2712 725 2784 779 sit
2829 724 3174 779 sanissimunt
3233 725 3392 781 facile
3438 738 3522 782 est
3578 726 3800 780 intueri.

2218 811 2425 880 Quibus
2454 814 2505 867 in
2536 812 2629 869 Dei
2658 813 2878 870 nomine
2922 824 2978 870 ct
3018 829 3152 884 pace
3197 826 3509 872 sanctorum
3553 815 3800 872 omnium

2219 913 2505 973 permotus
2536 919 2637 975 ego
2673 903 3015 975 Regcuoldus
3043 903 3374 961 Parisiorum
3411 908 3705 978 episcopus
3734 923 3801 960 es

2218 995 2321 1048 mei
2347 994 2461 1049 vice
2485 994 2645 1049 cilicii
2681 995 2957 1051 commissi
3002 998 3180 1069 gregis
3219 995 3459 1067 vigilanti
3492 1012 3623 1053 cura
3656 996 3801 1055 solli-

2217 1084 2376 1150 citus,
2408 1093 2463 1140 et
2490 1100 2700 1141 memor
2726 1095 2933 1155 magnae
2973 1087 3083 1142 dici
3131 1088 3396 1143 tremendi
3419 1090 3714 1155 examinis,
3749 1100 3802 1145 et

2216 1176 2498 1245 utriusque
2539 1176 2810 1246 justorum
2860 1178 2974 1233 sive
3023 1179 3342 1250 iujustorum
3400 1180 3799 1245 retributionis,

2213 1282 2391 1336 operm
2430 1269 2663 1338 pretium
2695 1270 2821 1325 duxi
2868 1285 2936 1325 ex
2993 1271 3302 1327 accessibus
3342 1273 3800 1343 patrimoniorum

2215 1372 2488 1425 meorum,
2526 1358 2669 1416 felici
2701 1363 3051 1429 commercio,
3083 1363 3216 1419 mihi
3254 1363 3591 1418 iulernorum
3620 1363 3801 1419 subsi-

2213 1447 2300 1501 dia
2323 1448 2519 1504 civium
2548 1449 2818 1505 freuorari.
2843 1450 3009 1521 Cujus
3030 1452 3328 1507 devotionis
3343 1451 3556 1508 fervore
3579 1467 3806 1508 succcm

2214 1555 2306 1595 sus
2337 1550 2522 1595 uotum
2556 1555 2675 1597 esse
2722 1542 2842 1600 volo
2891 1543 3164 1610 omnibus,
3218 1553 3328 1599 tam
3382 1543 3578 1599 futuris
3637 1560 3802 1615 quam

2211 1642 2266 1686 et
2292 1634 2671 1702 praesentibus,
2702 1635 2829 1705 quia
2864 1635 2935 1691 ob
2964 1636 3305 1707 sempiterna:
3333 1637 3554 1708 praemia
3611 1653 3791 1692 remu-

2214 1722 2535 1789 nerationis,
2564 1734 2619 1779 et
2650 1739 2748 1795 pro
2770 1726 3062 1782 obtinenda
3088 1727 3408 1783 delictorum
3438 1730 3600 1784 venia
3643 1730 3799 1801 geni-

2134 1794 2185 1848 ’Β
2214 1822 2387 1870 torqu
2417 1831 2680 1884 meorum,
2713 1819 2925 1874 comitis
2955 1819 3205 1875 videlicet
3230 1819 3503 1876 Buchardi
3522 1861 3537 1885 ,
3566 1821 3803 1891 ejusque

2211 1906 2601 1974 opinatissima:
2646 1908 2891 1978 conjugis
2917 1909 3213 1976 Elisabcth,
3243 1918 3302 1965 ut
3332 1912 3556 1981 gremiis
3594 1919 3805 1964 sancte

2211 1998 2636 2054 immortalitatis
2667 1999 3034 2066 confoveri,et
3054 2000 3391 2070 jneunditate
3417 2001 3554 2056 lucis
3573 2012 3803 2056 aeterna:

2210 2090 2472 2159 perpetim
2498 2104 2805 2145 mereamur
2825 2090 3015 2155 lactari,
3033 2090 3234 2161 placuit
3255 2101 3453 2148 vestrae
3478 2093 3804 2147 reverentia.-

2210 2181 2454 2253 synodali
2502 2192 2786 2247 conventu,
2820 2191 2875 2237 et
2904 2181 3086 2237 favore
3113 2225 3127 2250 ,
3158 2200 3221 2239 ac
3250 2185 3438 2239 notitia
3469 2196 3651 2240 emtas
3697 2185 3803 2239 rei.

2210 2272 2336 2341 pub.
2399 2274 2668 2343 quoddam
2714 2272 2949 2340 alodum,
2995 2275 3154 2344 vulgo
3200 2276 3497 2330 vocitatum
3557 2274 3798 2346 Largum

2209 2363 2486 2432 Campum,
2513 2366 2761 2419 conferre
2792 2365 3003 2420 Sancta:
3030 2365 3211 2420 Mariae
3236 2367 3598 2423 Parisiacensi
3626 2367 3805 2422 eccle-

2208 2456 2329 2522 εἰᾶθ’,
2361 2467 2416 2512 et
2452 2458 2611 2512 rebus
2639 2457 2724 2512 vel
2752 2457 2939 2512 usibus
2977 2458 3236 2529 deputare
3265 2456 3495 2513 fratrum
3526 2459 3663 2512 inibi
3702 2459 3796 2512 de-

2207 2546 2448 2617 gentium
2498 2547 2719 2618 Deoque
2775 2548 3037 2602 canonice
3080 2547 3450 2602 militantium.
3501 2547 3572 2602 Ut
3607 2560 3795 2603 autem

2207 2636 2496 2707 praedictus
2521 2634 2726 2706 Largus
2753 2633 3003 2705 Campus,
3039 2636 3093 2692 in
3119 2652 3256 2708 pago
3283 2646 3337 2693 et
3359 2639 3628 2693 comitatu
3665 2637 3798 2691 Wa-

2205 2728 2454 2783 stinieusi
2485 2728 2745 2793 consitus,
2800 2728 2971 2793 silvis,
3004 2718 3165 2783 ‘villis
3214 2737 3271 2784 et
3317 2728 3545 2791 villnlis,
3589 2728 3796 2790 vineis,

2207 2823 2404 2892 pratis.
2431 2822 2595 2877 terris
2626 2820 2786 2877 cultis
2817 2830 2872 2877 et
2893 2821 3131 2889 incultis,
3158 2837 3283 2878 cum
3333 2821 3565 2876 ecclesia
3608 2821 3665 2874 in
3702 2821 3795 2875 lio-

2206 2928 2340 2969 uore
2366 2911 2425 2968 S.
2458 2912 2712 2968 Maturini
2762 2914 2939 2969 dicata
2988 2928 3112 2969 cum
3156 2914 3409 2970 omnibus
3455 2914 3796 2982 appenditiis

2204 3005 2338 3073 suis,
2369 3020 2432 3061 ea
2458 3006 2675 3076 quidem
2707 3005 2823 3077 lege
2852 3022 2866 3059 :
2896 3021 2959 3061 ac
2985 3008 3145 3061 omn'e
3167 3004 3279 3075 jam
3326 3005 3453 3061 dicti
3481 3005 3791 3077 possessio-

2205 3113 2327 3154 nem
2359 3096 2517 3153 allodi
2551 3094 2609 3150 S.
2639 3095 2840 3162 Mariae,
2872 3106 2927 3150 et
2953 3096 3224 3166 praedictis
3253 3095 3471 3166 collegis
3505 3095 3792 3149 canonica

2205 3190 2636 3262 congregationis
2662 3188 2958 3254 offerimus,
2988 3198 3047 3244 ut
3084 3189 3255 3245 nostri
3317 3189 3640 3244 memoriale
3686 3188 3792 3241 illis

2200 3280 2270 3335 ab
2318 3281 2573 3337 omnibus
2622 3281 2888 3336 habeatur
2944 3281 2998 3336 in
3054 3280 3345 3351 psalteriis,
3382 3296 3447 3335 ac
3490 3280 3788 3333 missarum

2199 3373 2499 3429 solemniis.
2534 3388 2598 3429 ac
2622 3372 2835 3429 cunctis
2858 3373 3177 3443 vespertinis
3207 3388 3270 3428 ac
3292 3372 3709 3428 matutinalibus
3738 3371 3787 3423 vi

2199 3466 2362 3538 giliis,
2378 3476 2745 3538 perpetuoque
2757 3467 2828 3521 sit
2849 3474 3025 3521 ratum
3040 3464 3199 3533 jure;
3226 3465 3326 3519 tria
3348 3465 3582 3533 denique
3609 3463 3785 3518 nostri

2201 3553 2864 3621 anniversaria,videlicet
2885 3554 3146 3625 patris,et
3173 3553 3384 3619 matris,
3411 3562 3467 3608 et
3495 3554 3672 3624 ipsius
3693 3569 3787 3607 au-

2200 3651 2386 3707 tistitis
2413 3650 2737 3723 Rageuoldi,
2771 3658 2827 3706 ut
2851 3649 2912 3721 [ι.
2937 3648 3108 3715 omni,
3135 3648 3197 3703 E.
3226 3647 3313 3721 P.]
3347 3649 3497 3718 regni
3531 3649 3784 3702 devotio-

2197 3742 2558 3808 ne,etcelebri
2579 3742 3091 3797 counnemoratione
3114 3742 3393 3795 annuatim
3417 3739 3784 3810 profiteantur

2195 3834 2391 3889 obnixe
2414 3847 2719 3903 precamur.
2736 3832 2794 3889 Si
2823 3832 3085 3903 quisvero
3112 3832 3338 3891 rationis
3369 3847 3583 3901 expers,
3613 3832 3783 3885 livore

2195 3933 2251 3978 et
2275 3920 2484 3978 facibus
2506 3922 2750 3977 avaritiae
2778 3936 3063 3993 pervasus,
3090 3930 3286 3977 nostra!
3309 3922 3617 3976 devotionis
3646 3921 3785 3974 adeo

2194 4014 2508 4069 muniﬁcum
2530 4014 2725 4085 pignus
2758 4012 2996 4077 auferre,
3021 4022 3078 4069 et
3100 4013 3340 4083 quolibet
3361 4011 3505 4082 jure,
3535 4028 3779 4081 quacun.

2194 4120 2300 4176 que
2338 4106 2537 4175 injuria
2568 4106 2798 4160 voluerit
2829 4104 3111 4174 impedire,
3155 4104 3298 4159 mille
3344 4104 3464 4159 auri
3512 4103 3777 4158 librarum

2194 4195 2455 4251 fratribus
2482 4194 2565 4249 vel
2613 4194 2892 4250 canonicis
2942 4193 3000 4249 S.
3037 4192 3218 4248 Mariae
3260 4194 3410 4264 regia
3437 4191 3777 4248 sublimitate

2192 4297 2422 4359 cogatur
2447 4286 2747 4353 exsolvere,
2787 4296 2842 4343 et
2867 4286 3146 4343 rusticano
3175 4301 3345 4353 more,
3367 4286 3450 4341 vel
3487 4286 3775 4356 paralitate

2193 4380 2512 4442 submissus,
2536 4377 2783 4449 capitalis
2800 4393 2994 4434 census
3017 4378 3371 4434 dissolutione
3399 4376 3701 4449 plectatur,
3721 4384 3774 4428 et

2118 4497 2171 4556 Β
2197 4470 2265 4525 ad
2294 4467 2628 4527 tolerandum
2668 4483 2860 4539 perpcs
2914 4469 3080 4523 totius
3112 4468 3495 4539 perpetuitatis
3534 4477 3773 4523 tormen-

2198 4572 2330 4625 tum,
2362 4559 2687 4613 auctoritate
2716 4556 2916 4623 Patris,
2943 4566 2999 4613 et
3029 4556 3173 4623 Filii,
3223 4566 3275 4612 et
3321 4556 3558 4628 Spiritus
3596 4557 3770 4613 sancti

2191 4652 2262 4706 sit
2296 4648 2616 4705 tnaledictus
2639 4657 2694 4703 et
2726 4646 3010 4713 confusus,
3040 4658 3094 4702 et
3116 4646 3274 4701 nullis
3300 4658 3614 4702 sanctorum
3650 4644 3764 4701 suf-

2192 4740 2380 4810 fragiis
2411 4749 2683 4793 mereatur
2714 4734 2943 4801 mederi,
2971 4736 3151 4805 sitque
3182 4734 3505 4804 conjunctus
3553 4734 3767 4790 diabolo

2192 4840 2246 4885 et
2279 4829 2490 4901 angelis
2522 4829 2640 4899 ejus
2695 4828 2747 4882 iu
2798 4825 3009 4882 inferno
3052 4824 3318 4893 inferiori,
3369 4835 3426 4882 et
3467 4835 3655 4885 uereat
3710 4824 3763 4879 in

2188 4933 2470 4977 uernum.

2256 5009 2451 5066 Datum
2482 5023 2534 5065 tv
2565 5006 2703 5064 Non.
2733 5006 2988 5064 Deceml).
3015 5022 3111 5078 per
3133 5020 3324 5062 manus
3361 5005 3513 5063 Petri
3554 5003 3760 5060 abbatis

3521 5114 3658 5140 nnnn
3697 5113 3757 5140 Ill
