4048 5368
237 303 378 360 1183

229 499 464 557 Jauunis
491 499 540 556 Χ
554 501 694 558 VIII
719 519 868 572 papa:
906 501 1228 572 privilegium
1279 517 1373 570 pro
1422 499 1736 556 monasterio
1760 497 1818 552 S.

732 573 950 641 Βριιὶῃηί
977 573 1322 626 Dirionensis.

830 653 1006 709 :Anno
1046 650 1226 712 1006.)

414 727 580 802 [ςιιιι.
615 728 833 789 Christ.,
857 732 941 782 rd.
983 737 1110 790 vct.,
1143 737 1270 780 tom.
1303 727 1392 787 IV.
1421 725 1643 798 p.163.]

309 808 541 863 Jmsxss
596 810 902 876 episcopus,
941 822 1132 861 servus
1174 822 1454 862 servorum
1507 806 1601 861 Dei
1657 803 1820 860 Gott.-

232 913 412 952 Lsuio
443 899 622 951 abbati
650 897 898 952 salutem.

307 988 570 1052 Quoniam
598 988 944 1041 conceleuda
971 996 1096 1040 sunt
1119 1002 1237 1054 qua:
1270 987 1686 1040 rationabilibus
1725 987 1818 1042 de-

231 1078 450 1130 sideriis
489 1079 762 1147 pertinere
794 1089 1108 1142 noscuntur,
1137 1084 1301 1134 nestri
1342 1082 1675 1149 apostolatus
1721 1097 1816 1134 au-

230 1170 459 1222 ctoritas
507 1169 572 1221 ad
629 1172 987 1222 I‘Ul)0t'tlti;lllttl
1035 1171 1175 1238 piam
1233 1174 1572 1225 devotionem
1626 1181 1812 1226 sancta

230 1257 351 1313 loca
395 1261 825 1312 construentium
857 1261 908 1312 in
939 1262 1256 1329 praestandis
1315 1262 1608 1332 privilegiis
1652 1262 1814 1316 debet

215 1351 456 1402 ‘Iuinime
487 1351 773 1418 alnirgare.
803 1352 966 1418 Igitur
996 1351 1323 1405 innitendum
1352 1356 1401 1404 in
1429 1353 1519 1406 Dei
1548 1353 1814 1406 eharitato

234 1448 342 1492 tum
373 1439 646 1508 petitionis
674 1449 881 1502 votum,
911 1442 1034 1508 quia
1070 1457 1166 1509 per
1213 1442 1572 1496 venerabilem
1628 1442 1811 1497 Valte-

227 1527 372 1582 rium
398 1528 699 1582 xEdnorum
746 1532 1052 1599 pontilicein
1081 1549 1108 1583 a
1135 1533 1288 1584 nobis
1313 1533 1586 1601 postulare
1600 1535 1810 1588 studuit

225 1629 496 1687 quatenus
530 1621 914 1672 monasterium
964 1622 1105 1688 quod
1152 1623 1218 1673 ad
1261 1621 1467 1674 luudettl
1499 1632 1552 1676 et
1583 1624 1806 1690 gloriam

225 1709 432 1766 Christi
467 1711 673 1764 Domini
707 1713 898 1772 nostri,
932 1723 985 1764 et
1011 1711 1126 1777 ejus
1147 1712 1549 1779 gloriosissinm
1583 1715 1808 1782 genitri-

1367 297 1724 355 EPISTOLE
1767 296 1857 352 ΕΤ
1901 296 2308 354 οιΡιοιιΑτΑ.

1847 413 1892 468 Α
1926 419 2125 466 nostrae
2152 409 2493 466 auctoritatis
2539 410 2857 481 privilegio,
2887 407 3092 478 absque
3144 409 3250 466 ullo
3302 414 3507 469 terreni

3363 295 3508 353 MSS

1926 504 2087 573 pretii
2113 501 2354 557 conferat
2389 517 2633 557 numere.
2659 503 2811 569 Quod
2843 503 3093 556 similiter
3138 504 3204 557 de
3248 506 3509 560 oratoriis

1928 593 1980 646 in
2005 595 2260 663 prmdicto
2288 592 2404 648 loco
2437 593 2753 648 Fructuaria
2784 594 3085 658 anlilicatis,
3119 591 3200 648 vel
3231 593 3507 651 mdiﬁcam

1925 685 2030 750 dis,
2056 686 2414 754 omnibusque
2463 687 2782 741 necessaria:
2812 686 3240 743 consecrationis
3289 689 3507 744 ordina-

1925 775 2090 838 tione,
2117 778 2424 831 saneientes
2455 786 2562 830 tam
2607 778 2818 848 praelati
2873 776 3134 832 Guntardi
3177 778 3502 845 iudicatum,

1921 883 2084 937 quam
2112 869 2416 938 episcopale
2447 870 2743 932 decretum,
2776 869 3128 939 plurimorum
3167 887 3277 939 jam
3327 869 3510 942 pontis

1921 957 2078 1011 ﬁcum
2094 959 2158 1011 ad
2175 960 2567 1014 corroboranda
2590 976 2706 1029 quae
2735 960 2784 1013 in
2799 959 3034 1028 ejusdem
3051 961 3329 1030 judicatus
3343 965 3510 1022 Char...

1923 1051 2028 1106 tula
2053 1054 2418 1118 continentur,
2451 1055 2870 1122 subscriptione,
2904 1054 3283 1122 firmatum,“
3313 1066 3503 1110 aucto-

1919 1143 2080 1194 ritate
2102 1143 2488 1209 omnipotentis
2515 1143 2731 1211 Dei,qui
2760 1145 2918 1198 beato
2948 1144 3106 1198 Petro
3127 1146 3493 1214 apostolorum

1919 1233 2094 1300 primo
2144 1232 2324 1288 claves
2371 1250 2518 1304 regni
2570 1235 2841 1311 ctelorunr
2883 1237 3215 1302 tradidit,et
3265 1237 3504 1303 ejusdem

1916 1324 2075 1392 primi
2105 1327 2336 1393 pastoris
2362 1341 2424 1379 ac
2448 1336 2632 1381 nostra
2661 1328 2826 1396 ipsius
2864 1329 2979 1382 vice
3010 1331 3256 1399 quamvis
3288 1329 3508 1400 indigne

1918 1417 2253 1484 gerentibus,
2285 1417 2567 1484 prtesentis
2592 1418 2856 1486 privilegii
2894 1420 3086 1487 pagina
3115 1421 3504 1476 continuamus

1917 1517 2076 1575 atquc
2106 1508 2539 1562 corroboramus.
2575 1518 2677 1562 etc.
2715 1509 2770 1562 Si
2800 1509 2922 1578 quis
2943 1520 3119 1564 autem
3143 1522 3245 1565 etc.
3270 1511 3504 1569 Joannes

1916 1607 2116 1650 sancta:
2144 1597 2398 1650 Ecclesia:
2421 1599 2744 1665 aposmlicus
2789 1599 3003 1669 pra-sol,
3037 1599 3224 1665 Leoni,
3249 1600 3500 1665 Gessoni,

1928 1689 2331 1753 Constantino,
2402 1688 2680 1757 Sigefredo
2755 1692 3154 1746 venerabilibus
3209 1694 3500 1762 episcopis,

227 1764 312 1856 gis
336 1802 540 1865 Mum,
562 1812 612 1856 et
641 1803 695 1856 3.
733 1764 985 1872 margaris
1014 1764 1232 1871 πίνηίξηί
1260 1764 1814 1867 ᾑυηοίονείὸξεὶξέὶέέυ
1847 1764 1890 1817 Β
1921 1781 2241 1835 mandanms
2265 1781 2342 1834 eis
2377 1791 2432 1833 ut
2456 1797 2577 1834 cum
2621 1797 2829 1834 summa
2876 1783 3151 1851 diligentia
3181 1798 3504 1838 consecrent

223 1892 340 1960 jam
369 1910 581 1948 smnmo
596 1894 805 1962 coepisti
833 1894 1104 1947 desiderio
1129 1895 1179 1946 in
1203 1897 1460 1948 comitatu
1484 1897 1810 1964 lliporieusi,

230 1985 380 2039 inter
410 1987 545 2041 duos
579 1985 768 2040 ﬂuvios
809 1986 1010 2053 Orguin
1049 1986 1296 2039 videlicet
1323 1996 1482 2055 atque
1530 1989 1816 2054 Aneolim,

229 2077 398 2131 situm
449 2078 501 2130 in
558 2077 676 2132 loco
734 2079 826 2145 qui
878 2079 1082 2130 dicitur
1130 2077 1486 2146 Fructuaria,
1522 2081 1816 2150 privilegiis

227 2176 435 2221 sancta!
467 2166 722 2221 Romana:
763 2176 819 2221 et
849 2168 1156 2237 apostolicae
1185 2170 1328 2224 sedis
1374 2172 1685 2226 omnimodo
1725 2173 1816 2226 de-

225 2267 451 2312 coretur
494 2258 816 2312 lirniissimze
860 2261 1175 2314 stabilitatis
1223 2263 1668 2317 corroborationc
1698 2301 1712 2325 ,
1757 2274 1815 2317 ut

226 2350 333 2404 sub
361 2351 587 2405 tuitione
609 2366 674 2405 ac
701 2352 1006 2420 patrocinio
1028 2363 1226 2406 sanctce
1257 2354 1575 2409 universalis
1595 2356 1679 2409 cui
1709 2356 1815 2412 Deo

227 2451 453 2496 auctore
480 2444 811 2497 deservimns
859 2443 1130 2508 Ecclesiae,
1159 2444 1269 2513 jam
1301 2461 1363 2498 ex
1404 2447 1502 2499 hoc
1555 2449 1817 2502 constitu-

231 2532 616 2594 tum,alterius
651 2551 924 2603 nunquam
963 2533 1068 2601 juri
1125 2549 1179 2588 et
1219 2538 1407 2590 ditioni
1467 2537 1816 2596 submittatur

227 2619 508 2677 Ecclesiae.
574 2623 806 2693 ideoque
863 2633 970 2678 tam
1017 2625 1176 2693 justis
1221 2627 1463 2684 faventes
1525 2631 1812 2686 desideriis

230 2716 336 2770 hac
395 2726 578 2770 nostra
620 2717 962 2772 decernimus
1006 2721 1331 2775 auctoritate
1384 2723 1674 2790 apostolica
1730 2725 1811 2778 id-

232 2808 418 2874 ipsum
447 2809 728 2878 prtel'attnn
786 2811 987 2868 Christi
1035 2814 1334 2883 genitricis,
1367 2832 1428 2870 ac
1475 2817 1532 2870 S.
1589 2817 1812 2886 Benigni

227 2899 376 2966 quod
424 2912 738 2957 construere
797 2905 986 2959 niteris
1037 2908 1424 2960 moeasterium
1459 2948 1473 2972 ,
1516 2910 1712 2964 amodo
1759 2918 1813 2962 et

226 3005 404 3059 usque
433 2992 483 3046 in
515 2994 674 3049 ﬁnem
698 2996 896 3060 smculi,
921 2999 1332 3067 8t!b|):tll‘0t.itti0
1362 3009 1412 3053 et
1439 3002 1662 3056 tuitione
1686 3013 1813 3056 san-

1917 1872 2186 1927 abhatiam
2220 1889 2336 1941 qua:
2368 1873 2800 1929 Fructuariensis
2827 1885 3066 1929 vocatur.

1989 1961 2176 2015 Datum
2207 1978 2256 2015 iv
2291 1961 2429 2017 Non.
2492 1962 2799 2018 Decembris
2850 1980 2945 2032 per
2994 1981 3186 2020 manus
3243 1963 3499 2037 lngilnnis

1917 2053 2185 2105 scriniarii
2217 2069 2387 2106 sacrae
2421 2054 2724 2122 apostolicae
2757 2055 2921 2119 sedis,
2953 2072 3094 2109 anno
3126 2073 3181 2110 ιιι
3214 2059 3499 2128 pontiﬁca-

1919 2149 2005 2195 tus
2032 2143 2210 2195 domni
2241 2141 2467 2196 Joannis
2495 2143 2668 2196 Octavi
2726 2144 2917 2197 decimi
2950 2146 3224 2213 pontificis
3277 2147 3498 2211 summi,

1914 2241 1968 2286 et
1999 2233 2318 2287 universalis
2360 2249 2510 2302 papa:
2560 2232 2614 2290 in
2655 2236 3024 2290 sacratissima
3055 2238 3182 2293 sede
3238 2238 3298 2293 Β.
3352 2238 3500 2296 Petri

1913 2323 2161 2393 apostoli,
2188 2324 2375 2380 indict.
2410 2341 2465 2382 ν.

2652 2417 2744 2472 ῙΧ.

1913 2505 2140 2560 Joannes
2171 2520 2301 2562 xvttt
2328 2506 2578 2563 Ecclesim
2603 2508 2813 2583 Pisano!
2834 2513 3205 2565 cauonicorum
3218 2514 3500 2583 possessio-

2501 2595 2590 2633 nes
2617 2581 2920 2649 con/irruat.

2501 2691 2682 2760 (Anno
2721 2690 2906 2761 l007.)

2211 2781 2472 2853 [Consul
2493 2822 2508 2846 ,
2532 2779 2694 2835 Italia
2725 2798 2905 2849 sacra,
2933 2781 3018 2848 Ill,
3047 2778 3196 2856 556.]

1983 2892 2215 2948 Jousss
2239 2895 2545 2964 episcopus,
2571 2909 2761 2949 servus
2811 2907 3090 2951 servorum
3122 2898 3236 2962 Dei,
3266 2897 3502 2954 dilectis-

1914 2983 2067 3037 simis
2129 2983 2254 3038 tiliis
2313 2984 2516 3037 nostris
2561 2984 2932 3054 spiritualibus
2985 2987 3260 3042 canonicis
3288 2997 3494 3061 sanctas

226 3091 336 3137 ctie
381 3083 637 3140 Romanae
680 3097 736 3142 et
790 3090 1096 3156 apostolica:
1144 3091 1335 3145 matris
1371 3092 1638 3153 Ecclesiae,
1689 3109 1810 3147 eum

1923 3075 2015 3128 Dei
2045 3073 2336 3128 Genitricis
2359 3090 2680 3146 semperque
2712 3078 2940 3146 virginis
2964 3078 3164 3144 Marte,
3204 3080 3354 3136 vobis
3405 3095 3500 3136 ve-

224 3173 484 3230 omnibus
530 3193 650 3246 qua:
703 3180 771 3234 ad
823 3181 974 3234 illum
1030 3181 1332 3249 pertinent,
1365 3184 1812 3252 permanendum.

228 3264 534 3323 Statuimus
583 3285 816 3340 namque
868 3273 970 3326 sub
1012 3272 1175 3326 divini
1207 3273 1393 3341 judieii
1427 3275 1812 3342 obtestatione,

227 3365 282 3413 et
314 3356 372 3410 Β.
401 3357 545 3413 Petri
577 3363 941 3430 apostolorum
976 3363 1264 3432 principis,
1291 3373 1596 3434 nostrreqne
1638 3367 1815 3421 inuni-

228 3445 402 3500 litatis
425 3448 895 3513 interdictione,ut
924 3453 1101 3505 nullus
1133 3469 1368 3523 unquam
1395 3456 1810 3524 imperatorum,

225 3551 440 3606 regum,
473 3539 863 3607 episcoporum,
887 3542 1100 3607 ducum,
1118 3547 1512 3611 marehionum,
1532 3551 1810 3614 comitum,
1861 3598 1863 3600 .

225 3629 518 3698 nullusque
566 3631 845 3686 hominum
874 3635 926 3687 in
952 3633 1189 3703 quolibet
1217 3637 1408 3690 ordine
1431 3649 1483 3693 et
1512 3639 1812 3695 ministerio

226 3721 575 3786 constitutus,
608 3725 805 3778 audeat
842 3726 1084 3788 moleste,
1109 3729 1308 3792 causis,
1341 3729 1424 3784 vel
1457 3729 1812 3787 ordiuationi2

225 3809 332 3864 bus
352 3808 590 3877 ejusdem
625 3813 937 3866 monasterii
972 3814 1236 3869 violenter
1272 3817 1603 3882 incumbere,
1637 3822 1808 3876 autin

230 3903 666 3970 possessionibus
721 3903 803 3956 vel
847 3907 1180 3960 ornamentis
1221 3924 1340 3979 qua:
1381 3909 1448 3965 ibi
1491 3925 1520 3964 a
1564 3910 1812 3970 ﬁrfelitus

233 3992 430 4048 collata
461 3994 544 4049 vel
574 3995 902 4052 conferenda
941 3999 1144 4062 abbati,
1176 3999 1542 4072 fratribusque
1565 4003 1693 4057 inibi
1726 4020 1812 4059 sco

228 4088 470 4140 cundum
491 4087 793 4158 regularem
830 4090 1243 4157 institutionem,
1271 4102 1328 4146 ut
1358 4095 1520 4147 modo
1560 4094 1668 4150 Deo
1694 4111 1809 4151 ser-

227 4175 524 4244 vientibus,
557 4180 840 4234 temeraria
861 4185 1297 4253 praesumptione.
1314 4196 1433 4253 post
1460 4185 1618 4254 hujus
1641 4188 1812 4242 nostri

226 4267 496 4339 privilegii
524 4269 793 4334 notitiam,
823 4281 1115 4340 prtesumat
1166 4272 1400 4339 auferre,
1450 4287 1543 4329 aut
1590 4277 1811 4331 decima:

227 4360 462 4417 reditum
492 4362 561 4415 ab
599 4361 677 4415 eis
709 4363 957 4432 exigere,
986 4378 1080 4417 seu
1113 4365 1178 4418 de
1205 4364 1548 4420 doniinieatis
1578 4369 1810 4424 terrenis

1919 3166 2156 3234 strisiue
2175 3169 2579 3222 successoribus
2605 3171 2656 3223 in
2687 3179 3024 3240 perpetuum.

1987 3257 2182 3313 Nostro
2207 3257 2420 3327 quidem
2449 3259 2623 3314 ordini
2652 3259 2973 3330 eongruitut
2996 3262 3281 3318 maximam
3306 3279 3496 3320 curam

1914 3346 2264 3401 exhibeamus
2313 3362 2439 3418 erga
2485 3351 2869 3420 omnipotentis
2916 3351 3009 3406 Dei
3077 3352 3344 3410 Ecclesias
3375 3397 3390 3422 ,
3443 3368 3501 3412 et

1915 3454 2130 3510 semper
2177 3448 2360 3494 nostra
2404 3456 2558 3498 mens
2605 3442 2826 3513 pervigil
2858 3443 3057 3499 existat
3103 3446 3156 3500 in
3206 3445 3323 3504 illos
3361 3464 3500 3518 quos

1916 3529 2256 3599 agnoscimus
2279 3545 2398 3585 esse
2421 3529 2546 3586 Jesu
2580 3531 2782 3586 Christi
2813 3531 3023 3588 Domini
3043 3534 3298 3591 cultores.
3329 3537 3497 3608 Igitur

1917 3633 2104 3676 notum
2129 3623 2198 3676 sit
2219 3621 2474 3675 omnibus
2499 3623 2952 3689 hominibus,tam
2967 3625 3492 3696 praesentibusquam

1918 3713 2134 3779 futuris,
2175 3713 2299 3782 quia
2346 3714 2595 3768 canonici
2649 3714 2961 3771 Pisanensis
2991 3718 3247 3772 Ecclesiae
3299 3719 3494 3776 devote

1916 3807 2540 3878 supplicat-untnostrum
2569 3810 2922 3878 apostolatum
2949 3827 3043 3879 per
3067 3808 3328 3866 Joannem
3355 3828 3494 3884 prte-

1916 3902 2037 3955 l'ate‘e
2082 3901 2334 3956 Ecclesiae
2367 3902 2676 3965 diaconum,
2707 3911 2767 3954 at
2806 3903 3256 3960 coniirmaremus
3304 3905 3408 3962 illis
3437 3916 3494 3961 et

1913 3993 2164 4047 omnibus
2193 4006 2379 4047 eorum
2411 3991 2812 4048 successoribus
2831 3995 3012 4047 omnia
3039 4010 3160 4066 qua:
3191 4011 3333 4052 nunc
3361 3998 3494 4052 reti-

1915 4094 2045 4138 nent
2079 4100 2144 4139 ex
2183 4094 2338 4154 parte
2365 4085 2642 4139 canonica:
2680 4085 2769 4139 ubi
2807 4087 3086 4141 constituti
3119 4100 3245 4144 sunt
3267 4103 3492 4160 propter

1915 4175 2156 4230 divinum
2182 4191 2319 4244 opus
2345 4174 2752 4244 perliciendum.
2791 4173 2898 4231 Nos
2926 4187 3128 4246 autem,
3162 4179 3344 4234 divino
3373 4182 3487 4251 spi-

1917 4265 2124 4320 ramine
2148 4263 2875 4336 compuncti,inclinavimus
2906 4279 3113 4323 mentes
3158 4277 3373 4324 nostras
3420 4268 3490 4324 ad

1914 4366 2272 4433 peragendam
2319 4363 2648 4417 voluntatem
2706 4364 3081 4430 prainominati
3132 4363 3376 4435 diaconi,
3434 4379 3492 4423 et

226 4451 494 4508 hactenus
529 4452 810 4520 exsulatis,
842 4455 893 4509 in
923 4455 1084 4526 agris,
1127 4456 1319 4525 pratis,
1347 4459 1538 4520 vineis,
1570 4474 1664 4513 seu
1690 4460 1812 4530 qni-
1841 4456 1887 4513 D
1912 4463 2232 4510 Cteterorum
2265 4453 2375 4509 Deo
2422 4453 2772 4508 servientium
2821 4456 3227 4514 canonicorum.
3277 4459 3491 4514 Conliiu

226 4546 464 4602 buslibet
492 4545 652 4602 rebus
683 4547 1133 4614 velanimalibus,
1163 4548 1276 4603 sive
1318 4549 1385 4606 de
1425 4549 1676 4606 omnibus
1721 4553 1808 4606 in-

225 4636 414 4703 cultis,
441 4651 562 4706 quae
592 4637 831 4706 ipsorum
859 4639 1122 4695 industria
1155 4650 1282 4694 sunt
1327 4641 1410 4693 vel
1466 4641 1674 4696 fuerint
1716 4659 1810 4699 ex-

229 4725 396 4792 culta,
426 4728 540 4782 sive
565 4728 617 4781 in
649 4727 764 4795 ipso
791 4727 909 4782 loco
940 4727 1292 4791 Fructuariac,
1325 4730 1415 4784 ubi
1444 4731 1607 4784 situm
1633 4731 1808 4800 ipsum

229 4817 441 4872 videtur
471 4818 881 4883 monasterium,
911 4818 993 4872 vel
1016 4816 1319 4888 ubicunque
1359 4821 1455 4886 ipsi
1491 4821 1694 4889 aliquid
1740 4840 1810 4879 ex

221 4908 336 4977 jam
369 4908 495 4963 dicti
546 4907 864 4962 monasterii
912 4907 1034 4976 jure
1083 4910 1354 4976 possidere
1401 4908 1499 4962 visi
1577 4911 1809 4979 fuerint;

225 5007 616 5061 eontestamus,
647 5005 751 5049 etc.
785 4997 1086 5052 Statuimus
1131 5008 1185 5052 et
1213 5015 1310 5054 nos
1342 5008 1423 5064 ut,
1455 5009 1572 5066 post
1603 5003 1810 5059 obitum

225 5090 536 5145 decedentis
591 5085 844 5151 abbatis,
885 5102 1044 5142 nemo
1081 5103 1312 5158 unquam
1372 5091 1468 5155 ibi,
1505 5091 1605 5145 nisi
1651 5110 1812 5164 quem

226 5199 516 5212 annona-Ion»
567 5193 870 5212 ΛΠΙΠΙΊΙΙΙΠΙΟ
913 5188 960 5212 nl
1006 5177 1244 5212 rain-An.-
1299 5179 1523 5212 rnnII-Isn\
1568 5183 1808 5212 Λτ-ιιελρ-.-

1913 4560 2123 4600 mamus
2156 4545 2337 4614 itaque
2362 4544 2467 4599 illis
2499 4545 2759 4615 quidquid
2807 4561 2948 4602 nunc
2973 4549 3041 4603 ad
3081 4564 3321 4618 pnesens
3363 4553 3491 4604 reti-

1913 4646 2064 4701 nent,
2095 4639 2207 4694 sive
2237 4651 2356 4706 quze
2390 4652 2489 4708 per
2518 4638 2900 4706 subsequentia
2931 4647 3174 4710 tempora
3206 4641 3260 4695 in
3299 4640 3496 4710 ιιι-ωαξ-

1912 4737 1995 4782 cta
2023 4727 2281 4782 canonica
2313 4727 2594 4798 acquirere
2618 4729 2932 4801 pOSSImt,id
2955 4729 3495 4794 cstdecimationem,

1912 4820 2096 4875 vineas
2115 4830 2167 4874 et
2199 4829 2394 4886 terras,
2428 4835 2637 4876 necnon
2665 4829 2718 4876 et
2747 4821 2952 4889 reliqua
2977 4821 3204 4885 praedia.
3253 4817 3504 4882 Quicun-

1912 4926 2016 4980 que
2046 4921 2224 4964 autem
2257 4925 2321 4964 ex
2359 4911 2444 4964 his
2467 4913 2719 4966 erunibus
2768 4928 2798 4966 a
2841 4914 2956 4981 jam
3014 4910 3176 4966 dictis
3223 4908 3518 4968 canonicis

1914 5001 2128 5055 auferre
2178 5001 2465 5054 tentaverit
2497 5036 2511 5065 ,
2544 5003 2680 5056 sciat
2724 5014 2782 5054 se
2837 5001 3134 5056 incurrere
3165 4998 3220 5054 in
3254 4993 3532 5061 laqueum

1913 5102 2125 5146 aeternae
2146 5093 2425 5162 gehennre.
2453 5089 2675 5161 insuper
2702 5105 2765 5143 ex
2807 5089 3150 5150 auctoritate
3177 5083 3549 5152 omnipoteu-

1914 5183 1980 5212 εἶθ
2011 5182 2098 5210 nn:
2141 5193 2183 5210 ,ιι
2213 5183 2351 5210 ..Δηοῖ
2380 5180 2524 5210 ῐ)ΛΙ-ἶ
2559 5179 2783 5210 σιειιιτ-ΙΛΗ
2825 5188 2874 5210 1‘.
2902 5190 3100 5210 nl\!~l_.

3159 5180 3290 5208 -n:.~.l
3319 5187 3374 5208 cn
3404 5188 3502 5208 nec-
3522 5202 3556 5208 -
