  <div class='ocr_page' id='page_1' title='image "/cluster/home/n/w/nwhite01/storage/ocr_20150623/139/hvd.32044015471782/749.png"; bbox 0 0 3984 5316; ppageno 0'>
   <div class='ocr_carea' id='block_1_1' title="bbox 529 253 662 310">
    <p class='ocr_par' dir='ltr' id='par_1_1' title="bbox 529 253 662 310">
     <span class='ocr_line' id='line_1_1' title="bbox 529 253 662 310; baseline -0.015 -1"><span class='ocrx_word' id='word_1_1' title='bbox 529 253 662 310; x_wconf 64' lang='grc'><strong>1487</strong></span> 
     </span>
    </p>
   </div>
   <div class='ocr_carea' id='block_1_2' title="bbox 1814 244 2544 307">
    <p class='ocr_par' dir='ltr' id='par_1_2' title="bbox 1814 244 2544 307">
     <span class='ocr_line' id='line_1_2' title="bbox 1814 244 2544 307; baseline 0.001 -1"><span class='ocrx_word' id='word_1_2' title='bbox 1814 245 2098 306; x_wconf 80' lang='lat' dir='ltr'><strong>JOANNIS</strong></span> <span class='ocrx_word' id='word_1_3' title='bbox 2138 248 2303 305; x_wconf 72' lang='lat' dir='ltr'><strong>XVIII</strong></span> <span class='ocrx_word' id='word_1_4' title='bbox 2337 244 2544 307; x_wconf 60' lang='lat' dir='ltr'><strong>PAPE</strong></span> 
     </span>
    </p>
   </div>
   <div class='ocr_carea' id='block_1_3' title="bbox 3662 248 3783 303">
    <p class='ocr_par' dir='ltr' id='par_1_3' title="bbox 3662 248 3783 303">
     <span class='ocr_line' id='line_1_3' title="bbox 3662 248 3783 303; baseline 0.017 -2"><span class='ocrx_word' id='word_1_5' title='bbox 3662 248 3783 303; x_wconf 63' lang='grc' dir='ltr'><strong>ηπ</strong></span> 
     </span>
    </p>
   </div>
   <div class='ocr_carea' id='block_1_4' title="bbox 522 356 3783 437">
    <p class='ocr_par' dir='ltr' id='par_1_4' title="bbox 522 356 3783 437">
     <span class='ocr_line' id='line_1_4' title="bbox 522 356 3783 437; baseline -0.003 -13"><span class='ocrx_word' id='word_1_6' title='bbox 522 376 672 434; x_wconf 90' lang='lat' dir='ltr'><strong>runt,</strong></span> <span class='ocrx_word' id='word_1_7' title='bbox 693 380 788 423; x_wconf 88' lang='lat' dir='ltr'><strong>seu</strong></span> <span class='ocrx_word' id='word_1_8' title='bbox 817 378 939 437; x_wconf 69' lang='lat' dir='ltr'><strong>quae</strong></span> <span class='ocrx_word' id='word_1_9' title='bbox 971 363 1027 420; x_wconf 91' lang='lat' dir='ltr'><strong>iu</strong></span> <span class='ocrx_word' id='word_1_10' title='bbox 1055 369 1219 420; x_wconf 98' lang='lat' dir='ltr'><strong>antea</strong></span> <span class='ocrx_word' id='word_1_11' title='bbox 1268 361 1552 436; x_wconf 83' lang='lat' dir='ltr'><strong>acquirere</strong></span> <span class='ocrx_word' id='word_1_12' title='bbox 1599 370 1846 433; x_wconf 91' lang='lat' dir='ltr'><strong>possunt.</strong></span> <span class='ocrx_word' id='word_1_13' title='bbox 1878 359 1937 418; x_wconf 87' lang='lat' dir='ltr'><strong>Si</strong></span> <span class='ocrx_word' id='word_1_14' title='bbox 1990 362 2115 431; x_wconf 87' lang='lat' dir='ltr'><strong>quis</strong></span> <span class='ocrx_word' id='word_1_15' title='bbox 2143 368 2189 425; x_wconf 70' lang='grc' dir='ltr'><strong>Α</strong></span> <span class='ocrx_word' id='word_1_16' title='bbox 2217 361 2409 432; x_wconf 74' lang='lat' dir='ltr'><strong>glectie</strong></span> <span class='ocrx_word' id='word_1_17' title='bbox 2432 361 2723 426; x_wconf 88' lang='lat' dir='ltr'><strong>vilescant,</strong></span> <span class='ocrx_word' id='word_1_18' title='bbox 2753 357 2839 416; x_wconf 88' lang='lat' dir='ltr'><strong>vel</strong></span> <span class='ocrx_word' id='word_1_19' title='bbox 2882 356 3126 430; x_wconf 89' lang='lat' dir='ltr'><strong>qualibet</strong></span> <span class='ocrx_word' id='word_1_20' title='bbox 3153 369 3316 415; x_wconf 88' lang='lat' dir='ltr'><strong>nacta</strong></span> <span class='ocrx_word' id='word_1_21' title='bbox 3368 357 3677 421; x_wconf 77' lang='lat' dir='ltr'><strong>occasione,</strong></span> <span class='ocrx_word' id='word_1_22' title='bbox 3705 358 3783 414; x_wconf 73' lang='lat' dir='ltr'><strong>de-</strong></span> 
     </span>
    </p>
   </div>
   <div class='ocr_carea' id='block_1_5' title="bbox 520 451 2107 528">
    <p class='ocr_par' dir='ltr' id='par_1_5' title="bbox 520 451 2107 528">
     <span class='ocr_line' id='line_1_5' title="bbox 520 451 2107 528; baseline -0.006 -14"><span class='ocrx_word' id='word_1_23' title='bbox 520 467 700 514; x_wconf 92' lang='lat' dir='ltr'><strong>autem</strong></span> <span class='ocrx_word' id='word_1_24' title='bbox 724 457 1007 528; x_wconf 61' lang='lat' dir='ltr'><strong>praefatum</strong></span> <span class='ocrx_word' id='word_1_25' title='bbox 1034 454 1297 527; x_wconf 63' lang='lat' dir='ltr'><strong>praedium</strong></span> <span class='ocrx_word' id='word_1_26' title='bbox 1317 469 1348 509; x_wconf 91' lang='lat' dir='ltr'><strong>a</strong></span> <span class='ocrx_word' id='word_1_27' title='bbox 1370 454 1631 509; x_wconf 89' lang='lat' dir='ltr'><strong>canonica</strong></span> <span class='ocrx_word' id='word_1_28' title='bbox 1663 453 1878 509; x_wconf 78' lang='lat' dir='ltr'><strong>Sancta:</strong></span> <span class='ocrx_word' id='word_1_29' title='bbox 1922 451 2107 506; x_wconf 62' lang='lat' dir='ltr'><strong>Maria;</strong></span> 
     </span>
    </p>
   </div>
   <div class='ocr_carea' id='block_1_6' title="bbox 518 546 2109 617">
    <p class='ocr_par' dir='ltr' id='par_1_6' title="bbox 518 546 2109 617">
     <span class='ocr_line' id='line_1_6' title="bbox 518 546 2109 617; baseline -0.005 -9"><span class='ocrx_word' id='word_1_30' title='bbox 518 553 735 609; x_wconf 85' lang='lat' dir='ltr'><strong>auferre</strong></span> <span class='ocrx_word' id='word_1_31' title='bbox 774 551 1042 615; x_wconf 86' lang='lat' dir='ltr'><strong>voluerit,</strong></span> <span class='ocrx_word' id='word_1_32' title='bbox 1074 547 1437 604; x_wconf 88' lang='lat' dir='ltr'><strong>anathematis</strong></span> <span class='ocrx_word' id='word_1_33' title='bbox 1468 546 1685 603; x_wconf 92' lang='lat' dir='ltr'><strong>vinculo</strong></span> <span class='ocrx_word' id='word_1_34' title='bbox 1721 546 2109 617; x_wconf 88' lang='lat' dir='ltr'><strong>perpetualiter</strong></span> 
     </span>
    </p>
   </div>
   <div class='ocr_carea' id='block_1_7' title="bbox 516 636 2107 710">
    <p class='ocr_par' dir='ltr' id='par_1_7' title="bbox 516 636 2107 710">
     <span class='ocr_line' id='line_1_7' title="bbox 516 636 2107 710; baseline -0.006 -9"><span class='ocrx_word' id='word_1_35' title='bbox 516 661 574 701; x_wconf 91' lang='lat' dir='ltr'><strong>sc</strong></span> <span class='ocrx_word' id='word_1_36' title='bbox 595 647 731 701; x_wconf 76' lang='lat' dir='ltr'><strong>sciat</strong></span> <span class='ocrx_word' id='word_1_37' title='bbox 757 659 878 701; x_wconf 89' lang='lat' dir='ltr'><strong>esse</strong></span> <span class='ocrx_word' id='word_1_38' title='bbox 905 643 1345 700; x_wconf 90' lang='lat' dir='ltr'><strong>condemnatum.</strong></span> <span class='ocrx_word' id='word_1_39' title='bbox 1380 640 1643 696; x_wconf 76' lang='lat' dir='ltr'><strong>Placitum</strong></span> <span class='ocrx_word' id='word_1_40' title='bbox 1693 653 1912 710; x_wconf 89' lang='lat' dir='ltr'><strong>quoque</strong></span> <span class='ocrx_word' id='word_1_41' title='bbox 1963 636 2107 708; x_wconf 91' lang='lat' dir='ltr'><strong>quod</strong></span> 
     </span>
    </p>
   </div>
   <div class='ocr_carea' id='block_1_8' title="bbox 512 729 2107 807">
    <p class='ocr_par' dir='ltr' id='par_1_8' title="bbox 512 729 2107 807">
     <span class='ocr_line' id='line_1_8' title="bbox 512 729 2107 807; baseline -0.006 -15"><span class='ocrx_word' id='word_1_42' title='bbox 512 744 843 807; x_wconf 86' lang='lat' dir='ltr'><strong>peregerunt</strong></span> <span class='ocrx_word' id='word_1_43' title='bbox 887 735 1132 806; x_wconf 68' lang='lat' dir='ltr'><strong>prazdicti</strong></span> <span class='ocrx_word' id='word_1_44' title='bbox 1177 731 1425 789; x_wconf 78' lang='lat' dir='ltr'><strong>canonici</strong></span> <span class='ocrx_word' id='word_1_45' title='bbox 1465 745 1587 787; x_wconf 90' lang='lat' dir='ltr'><strong>cum</strong></span> <span class='ocrx_word' id='word_1_46' title='bbox 1633 729 2107 800; x_wconf 87' lang='lat' dir='ltr'><strong>archipresbytero</strong></span> 
     </span>
    </p>
   </div>
   <div class='ocr_carea' id='block_1_9' title="bbox 510 820 2106 896">
    <p class='ocr_par' dir='ltr' id='par_1_9' title="bbox 510 820 2106 896">
     <span class='ocr_line' id='line_1_9' title="bbox 510 820 2106 896; baseline -0.007 -12"><span class='ocrx_word' id='word_1_47' title='bbox 510 829 806 889; x_wconf 86' lang='lat' dir='ltr'><strong>Bonizone,</strong></span> <span class='ocrx_word' id='word_1_48' title='bbox 830 824 1085 896; x_wconf 89' lang='lat' dir='ltr'><strong>jubemus</strong></span> <span class='ocrx_word' id='word_1_49' title='bbox 1114 840 1211 896; x_wconf 91' lang='lat' dir='ltr'><strong>per</strong></span> <span class='ocrx_word' id='word_1_50' title='bbox 1238 822 1592 896; x_wconf 90' lang='lat' dir='ltr'><strong>apostolicam</strong></span> <span class='ocrx_word' id='word_1_51' title='bbox 1636 820 2018 876; x_wconf 82' lang='lat' dir='ltr'><strong>auctoritatem</strong></span> <span class='ocrx_word' id='word_1_52' title='bbox 2047 829 2106 873; x_wconf 92' lang='lat' dir='ltr'><strong>ut</strong></span> 
     </span>
    </p>
   </div>
   <div class='ocr_carea' id='block_1_10' title="bbox 511 912 2100 986">
    <p class='ocr_par' dir='ltr' id='par_1_10' title="bbox 511 912 2100 986">
     <span class='ocr_line' id='line_1_10' title="bbox 511 912 2100 986; baseline -0.006 -12"><span class='ocrx_word' id='word_1_53' title='bbox 511 919 693 975; x_wconf 86' lang='lat' dir='ltr'><strong>nullus</strong></span> <span class='ocrx_word' id='word_1_54' title='bbox 729 918 839 973; x_wconf 80' lang='lat' dir='ltr'><strong>dux</strong></span> <span class='ocrx_word' id='word_1_55' title='bbox 889 917 1006 973; x_wconf 89' lang='lat' dir='ltr'><strong>sive</strong></span> <span class='ocrx_word' id='word_1_56' title='bbox 1054 915 1322 981; x_wconf 88' lang='lat' dir='ltr'><strong>marchio,</strong></span> <span class='ocrx_word' id='word_1_57' title='bbox 1354 914 1671 986; x_wconf 90' lang='lat' dir='ltr'><strong>episcopus,</strong></span> <span class='ocrx_word' id='word_1_58' title='bbox 1701 925 1905 975; x_wconf 88' lang='lat' dir='ltr'><strong>comes,</strong></span> <span class='ocrx_word' id='word_1_59' title='bbox 1959 912 2100 965; x_wconf 85' lang='lat' dir='ltr'><strong>vice-</strong></span> 
     </span>
    </p>
   </div>
   <div class='ocr_carea' id='block_1_11' title="bbox 510 999 2105 1078">
    <p class='ocr_par' dir='ltr' id='par_1_11' title="bbox 510 999 2105 1078">
     <span class='ocr_line' id='line_1_11' title="bbox 510 999 2105 1078; baseline -0.006 -15"><span class='ocrx_word' id='word_1_60' title='bbox 510 1024 713 1077; x_wconf 84' lang='lat' dir='ltr'><strong>comes,</strong></span> <span class='ocrx_word' id='word_1_61' title='bbox 742 1008 827 1063; x_wconf 88' lang='lat' dir='ltr'><strong>vel</strong></span> <span class='ocrx_word' id='word_1_62' title='bbox 853 1022 1044 1078; x_wconf 89' lang='lat' dir='ltr'><strong>magna</strong></span> <span class='ocrx_word' id='word_1_63' title='bbox 1070 1018 1349 1077; x_wconf 88' lang='lat' dir='ltr'><strong>parvaque</strong></span> <span class='ocrx_word' id='word_1_64' title='bbox 1380 1004 1614 1060; x_wconf 84' lang='lat' dir='ltr'><strong>hominis</strong></span> <span class='ocrx_word' id='word_1_65' title='bbox 1643 1016 1873 1073; x_wconf 82' lang='lat' dir='ltr'><strong>persona</strong></span> <span class='ocrx_word' id='word_1_66' title='bbox 1906 999 2105 1055; x_wconf 83' lang='lat' dir='ltr'><strong>audeat</strong></span> 
     </span>
    </p>
   </div>
   <div class='ocr_carea' id='block_1_12' title="bbox 510 1091 2101 1171">
    <p class='ocr_par' dir='ltr' id='par_1_12' title="bbox 510 1091 2101 1171">
     <span class='ocr_line' id='line_1_12' title="bbox 510 1091 2101 1171; baseline -0.008 -14"><span class='ocrx_word' id='word_1_67' title='bbox 510 1102 640 1157; x_wconf 90' lang='lat' dir='ltr'><strong>illud</strong></span> <span class='ocrx_word' id='word_1_68' title='bbox 669 1100 968 1171; x_wconf 85' lang='lat' dir='ltr'><strong>requirere,</strong></span> <span class='ocrx_word' id='word_1_69' title='bbox 995 1098 1079 1153; x_wconf 90' lang='lat' dir='ltr'><strong>vel</strong></span> <span class='ocrx_word' id='word_1_70' title='bbox 1109 1098 1447 1169; x_wconf 86' lang='lat' dir='ltr'><strong>recapitare;</strong></span> <span class='ocrx_word' id='word_1_71' title='bbox 1479 1094 1604 1165; x_wconf 82' lang='lat' dir='ltr'><strong>quia</strong></span> <span class='ocrx_word' id='word_1_72' title='bbox 1633 1103 1811 1148; x_wconf 88' lang='lat' dir='ltr'><strong>tamen</strong></span> <span class='ocrx_word' id='word_1_73' title='bbox 1841 1091 1909 1146; x_wconf 89' lang='lat' dir='ltr'><strong>ad</strong></span> <span class='ocrx_word' id='word_1_74' title='bbox 1932 1092 2101 1146; x_wconf 87' lang='lat' dir='ltr'><strong>nostri</strong></span> 
     </span>
    </p>
   </div>
   <div class='ocr_carea' id='block_1_13' title="bbox 511 1185 2100 1265">
    <p class='ocr_par' dir='ltr' id='par_1_13' title="bbox 511 1185 2100 1265">
     <span class='ocr_line' id='line_1_13' title="bbox 511 1185 2100 1265; baseline -0.008 -17"><span class='ocrx_word' id='word_1_75' title='bbox 511 1193 845 1265; x_wconf 84' lang='lat' dir='ltr'><strong>apostolatus</strong></span> <span class='ocrx_word' id='word_1_76' title='bbox 885 1189 1231 1263; x_wconf 65' lang='lat' dir='ltr'><strong>praisentiam</strong></span> <span class='ocrx_word' id='word_1_77' title='bbox 1286 1188 1517 1244; x_wconf 87' lang='lat' dir='ltr'><strong>relatum</strong></span> <span class='ocrx_word' id='word_1_78' title='bbox 1566 1194 1652 1241; x_wconf 91' lang='lat' dir='ltr'><strong>est</strong></span> <span class='ocrx_word' id='word_1_79' title='bbox 1698 1185 1751 1240; x_wconf 92' lang='lat' dir='ltr'><strong>in</strong></span> <span class='ocrx_word' id='word_1_80' title='bbox 1805 1192 2100 1253; x_wconf 87' lang='lat' dir='ltr'><strong>conspectu</strong></span> 
     </span>
    </p>
   </div>
   <div class='ocr_carea' id='block_1_14' title="bbox 507 1276 2100 1355">
    <p class='ocr_par' dir='ltr' id='par_1_14' title="bbox 507 1276 2100 1355">
     <span class='ocr_line' id='line_1_14' title="bbox 507 1276 2100 1355; baseline -0.008 -14"><span class='ocrx_word' id='word_1_81' title='bbox 507 1285 798 1342; x_wconf 86' lang='lat' dir='ltr'><strong>Bonizonis</strong></span> <span class='ocrx_word' id='word_1_82' title='bbox 811 1282 1269 1355; x_wconf 89' lang='lat' dir='ltr'><strong>archipresbyteri</strong></span> <span class='ocrx_word' id='word_1_83' title='bbox 1303 1279 1566 1352; x_wconf 85' lang='lat' dir='ltr'><strong>quidquid</strong></span> <span class='ocrx_word' id='word_1_84' title='bbox 1592 1279 1707 1349; x_wconf 92' lang='lat' dir='ltr'><strong>ipse</strong></span> <span class='ocrx_word' id='word_1_85' title='bbox 1735 1293 1832 1347; x_wconf 88' lang='lat' dir='ltr'><strong>per</strong></span> <span class='ocrx_word' id='word_1_86' title='bbox 1857 1276 2100 1332; x_wconf 88' lang='lat' dir='ltr'><strong>studium</strong></span> 
     </span>
    </p>
   </div>
   <div class='ocr_carea' id='block_1_15' title="bbox 507 1367 2107 1448">
    <p class='ocr_par' dir='ltr' id='par_1_15' title="bbox 507 1367 2107 1448">
     <span class='ocr_line' id='line_1_15' title="bbox 507 1367 2107 1448; baseline -0.009 -15"><span class='ocrx_word' id='word_1_87' title='bbox 507 1392 621 1433; x_wconf 67' lang='lat' dir='ltr'><strong>sua:</strong></span> <span class='ocrx_word' id='word_1_88' title='bbox 647 1375 1001 1448; x_wconf 81' lang='lat' dir='ltr'><strong>malignitatis</strong></span> <span class='ocrx_word' id='word_1_89' title='bbox 1024 1375 1076 1429; x_wconf 91' lang='lat' dir='ltr'><strong>in</strong></span> <span class='ocrx_word' id='word_1_90' title='bbox 1093 1388 1188 1429; x_wconf 89' lang='lat' dir='ltr'><strong>eos</strong></span> <span class='ocrx_word' id='word_1_91' title='bbox 1205 1372 1458 1443; x_wconf 88' lang='lat' dir='ltr'><strong>deliquit;</strong></span> <span class='ocrx_word' id='word_1_92' title='bbox 1489 1369 1580 1440; x_wconf 90' lang='lat' dir='ltr'><strong>qui</strong></span> <span class='ocrx_word' id='word_1_93' title='bbox 1612 1378 1794 1424; x_wconf 90' lang='lat' dir='ltr'><strong>autem</strong></span> <span class='ocrx_word' id='word_1_94' title='bbox 1818 1367 1945 1422; x_wconf 93' lang='lat' dir='ltr'><strong>illud</strong></span> <span class='ocrx_word' id='word_1_95' title='bbox 1978 1367 2107 1438; x_wconf 71' lang='lat' dir='ltr'><strong>pla-,</strong></span> 
     </span>
    </p>
   </div>
   <div class='ocr_carea' id='block_1_16' title="bbox 506 1452 2096 1536">
    <p class='ocr_par' dir='ltr' id='par_1_16' title="bbox 506 1452 2096 1536">
     <span class='ocr_line' id='line_1_16' title="bbox 506 1452 2096 1536; baseline -0.009 -13"><span class='ocrx_word' id='word_1_96' title='bbox 506 1467 674 1523; x_wconf 90' lang='lat' dir='ltr'><strong>citum</strong></span> <span class='ocrx_word' id='word_1_97' title='bbox 704 1463 981 1536; x_wconf 84' lang='lat' dir='ltr'><strong>requirere</strong></span> <span class='ocrx_word' id='word_1_98' title='bbox 998 1459 1702 1534; x_wconf 63' lang='lat' dir='ltr'><strong>praesumpserit,pcrpeture</strong></span> <span class='ocrx_word' id='word_1_99' title='bbox 1724 1452 2096 1510; x_wconf 90' lang='lat' dir='ltr'><strong>maledictioni</strong></span> 
     </span>
    </p>
   </div>
   <div class='ocr_carea' id='block_1_17' title="bbox 504 1557 810 1627">
    <p class='ocr_par' dir='ltr' id='par_1_17' title="bbox 504 1557 810 1627">
     <span class='ocr_line' id='line_1_17' title="bbox 504 1557 810 1627; baseline -0.01 -13"><span class='ocrx_word' id='word_1_100' title='bbox 504 1557 810 1627; x_wconf 84' lang='lat' dir='ltr'><strong>subjaceat.</strong></span> 
     </span>
    </p>
   </div>
   <div class='ocr_carea' id='block_1_18' title="bbox 573 1641 2096 1717">
    <p class='ocr_par' dir='ltr' id='par_1_18' title="bbox 573 1641 2096 1717">
     <span class='ocr_line' id='line_1_18' title="bbox 573 1641 2096 1717; baseline -0.008 -12"><span class='ocrx_word' id='word_1_101' title='bbox 573 1649 940 1706; x_wconf 85' lang='lat' dir='ltr'><strong>Constitutum</strong></span> <span class='ocrx_word' id='word_1_102' title='bbox 963 1652 1019 1703; x_wconf 89' lang='lat' dir='ltr'><strong>et</strong></span> <span class='ocrx_word' id='word_1_103' title='bbox 1038 1649 1318 1717; x_wconf 88' lang='lat' dir='ltr'><strong>peractum</strong></span> <span class='ocrx_word' id='word_1_104' title='bbox 1345 1641 1557 1699; x_wconf 81' lang='lat' dir='ltr'><strong>esthoc</strong></span> <span class='ocrx_word' id='word_1_105' title='bbox 1580 1648 1911 1712; x_wconf 86' lang='lat' dir='ltr'><strong>praeceptum</strong></span> <span class='ocrx_word' id='word_1_106' title='bbox 1939 1654 1969 1694; x_wconf 93' lang='lat' dir='ltr'><strong>a</strong></span> <span class='ocrx_word' id='word_1_107' title='bbox 1998 1650 2096 1695; x_wconf 82' lang='grc' dir='ltr'><strong>ηο-</strong></span> 
     </span>
    </p>
   </div>
   <div class='ocr_carea' id='block_1_19' title="bbox 507 1732 1983 1812">
    <p class='ocr_par' dir='ltr' id='par_1_19' title="bbox 507 1732 1983 1812">
     <span class='ocr_line' id='line_1_19' title="bbox 507 1732 1983 1812; baseline -0.007 -16"><span class='ocrx_word' id='word_1_108' title='bbox 507 1739 590 1797; x_wconf 89' lang='lat' dir='ltr'><strong>bis</strong></span> <span class='ocrx_word' id='word_1_109' title='bbox 614 1741 671 1795; x_wconf 87' lang='lat' dir='ltr'><strong>in</strong></span> <span class='ocrx_word' id='word_1_110' title='bbox 692 1752 926 1812; x_wconf 83' lang='lat' dir='ltr'><strong>persona</strong></span> <span class='ocrx_word' id='word_1_111' title='bbox 949 1737 1338 1793; x_wconf 86' lang='lat' dir='ltr'><strong>canonicornm</strong></span> <span class='ocrx_word' id='word_1_112' title='bbox 1366 1733 1424 1790; x_wconf 93' lang='lat' dir='ltr'><strong>S.</strong></span> <span class='ocrx_word' id='word_1_113' title='bbox 1457 1732 1663 1800; x_wconf 82' lang='lat' dir='ltr'><strong>Mariae,</strong></span> <span class='ocrx_word' id='word_1_114' title='bbox 1694 1732 1787 1803; x_wconf 85' lang='lat' dir='ltr'><strong>qui</strong></span> <span class='ocrx_word' id='word_1_115' title='bbox 1806 1739 1934 1787; x_wconf 90' lang='lat' dir='ltr'><strong>sunt</strong></span> <span class='ocrx_word' id='word_1_116' title='bbox 1968 1749 1983 1785; x_wconf 89' lang='lat'><strong>:</strong></span> 
     </span>
    </p>
   </div>
   <div class='ocr_carea' id='block_1_20' title="bbox 576 1822 1701 1899">
    <p class='ocr_par' dir='ltr' id='par_1_20' title="bbox 576 1822 1701 1899">
     <span class='ocr_line' id='line_1_20' title="bbox 576 1822 1701 1899; baseline -0.006 -15"><span class='ocrx_word' id='word_1_117' title='bbox 576 1829 775 1885; x_wconf 86' lang='lat' dir='ltr'><strong>Petrus</strong></span> <span class='ocrx_word' id='word_1_118' title='bbox 798 1827 1007 1883; x_wconf 89' lang='lat' dir='ltr'><strong>Domini</strong></span> <span class='ocrx_word' id='word_1_119' title='bbox 1035 1827 1212 1899; x_wconf 87' lang='lat' dir='ltr'><strong>gratia</strong></span> <span class='ocrx_word' id='word_1_120' title='bbox 1241 1822 1701 1896; x_wconf 86' lang='lat' dir='ltr'><strong>archipresbyter.</strong></span> 
     </span>
    </p>
   </div>
   <div class='ocr_carea' id='block_1_21' title="bbox 573 1920 1335 1976">
    <p class='ocr_par' dir='ltr' id='par_1_21' title="bbox 573 1920 1335 1976">
     <span class='ocr_line' id='line_1_21' title="bbox 573 1920 1335 1976; baseline -0.007 -1"><span class='ocrx_word' id='word_1_121' title='bbox 573 1920 764 1975; x_wconf 87' lang='lat' dir='ltr'><strong>Petrus</strong></span> <span class='ocrx_word' id='word_1_122' title='bbox 791 1920 1027 1976; x_wconf 89' lang='lat' dir='ltr'><strong>decanns</strong></span> <span class='ocrx_word' id='word_1_123' title='bbox 1049 1926 1103 1974; x_wconf 90' lang='lat' dir='ltr'><strong>et</strong></span> <span class='ocrx_word' id='word_1_124' title='bbox 1125 1926 1335 1973; x_wconf 88' lang='lat' dir='ltr'><strong>cantor.</strong></span> 
     </span>
    </p>
   </div>
   <div class='ocr_carea' id='block_1_22' title="bbox 572 2009 1272 2066">
    <p class='ocr_par' dir='ltr' id='par_1_22' title="bbox 572 2009 1272 2066">
     <span class='ocr_line' id='line_1_22' title="bbox 572 2009 1272 2066; baseline -0.006 0"><span class='ocrx_word' id='word_1_125' title='bbox 572 2009 815 2066; x_wconf 80' lang='lat' dir='ltr'><strong>Joannes</strong></span> <span class='ocrx_word' id='word_1_126' title='bbox 837 2009 1272 2066; x_wconf 81' lang='lat' dir='ltr'><strong>archidiaconus.</strong></span> 
     </span>
    </p>
   </div>
   <div class='ocr_carea' id='block_1_23' title="bbox 573 2099 1484 2174">
    <p class='ocr_par' dir='ltr' id='par_1_23' title="bbox 573 2099 1484 2174">
     <span class='ocr_line' id='line_1_23' title="bbox 573 2099 1484 2174; baseline -0.005 -15"><span class='ocrx_word' id='word_1_127' title='bbox 573 2105 809 2160; x_wconf 86' lang='lat' dir='ltr'><strong>Joannes</strong></span> <span class='ocrx_word' id='word_1_128' title='bbox 833 2102 1015 2174; x_wconf 87' lang='lat' dir='ltr'><strong>presb.</strong></span> <span class='ocrx_word' id='word_1_129' title='bbox 1039 2109 1094 2158; x_wconf 91' lang='lat' dir='ltr'><strong>et</strong></span> <span class='ocrx_word' id='word_1_130' title='bbox 1117 2099 1484 2173; x_wconf 89' lang='lat' dir='ltr'><strong>primicerius.</strong></span> 
     </span>
    </p>
   </div>
   <div class='ocr_carea' id='block_1_24' title="bbox 472 2182 1146 2265">
    <p class='ocr_par' dir='ltr' id='par_1_24' title="bbox 472 2182 1146 2265">
     <span class='ocr_line' id='line_1_24' title="bbox 472 2182 1146 2265; baseline -0.006 -14"><span class='ocrx_word' id='word_1_131' title='bbox 472 2182 483 2193; x_wconf 72' lang='grc'><em>’</em></span> <span class='ocrx_word' id='word_1_132' title='bbox 570 2193 817 2251; x_wconf 80' lang='lat' dir='ltr'><strong>Andreas</strong></span> <span class='ocrx_word' id='word_1_133' title='bbox 837 2194 1146 2265; x_wconf 85' lang='lat' dir='ltr'><strong>presbyter.</strong></span> 
     </span>
    </p>
   </div>
   <div class='ocr_carea' id='block_1_25' title="bbox 570 2286 1283 2358">
    <p class='ocr_par' dir='ltr' id='par_1_25' title="bbox 570 2286 1283 2358">
     <span class='ocr_line' id='line_1_25' title="bbox 570 2286 1283 2358; baseline -0.004 -16"><span class='ocrx_word' id='word_1_134' title='bbox 570 2286 761 2343; x_wconf 84' lang='lat' dir='ltr'><strong>Albizo</strong></span> <span class='ocrx_word' id='word_1_135' title='bbox 786 2286 969 2358; x_wconf 92' lang='lat' dir='ltr'><strong>presb.</strong></span> <span class='ocrx_word' id='word_1_136' title='bbox 998 2293 1052 2341; x_wconf 89' lang='lat' dir='ltr'><strong>et</strong></span> <span class='ocrx_word' id='word_1_137' title='bbox 1081 2294 1283 2340; x_wconf 88' lang='lat' dir='ltr'><strong>custos.</strong></span> 
     </span>
    </p>
   </div>
   <div class='ocr_carea' id='block_1_26' title="bbox 572 2375 1302 2450">
    <p class='ocr_par' dir='ltr' id='par_1_26' title="bbox 572 2375 1302 2450">
     <span class='ocr_line' id='line_1_26' title="bbox 572 2375 1302 2450; baseline -0.001 -17"><span class='ocrx_word' id='word_1_138' title='bbox 572 2379 884 2435; x_wconf 91' lang='lat' dir='ltr'><strong>Dominicus</strong></span> <span class='ocrx_word' id='word_1_139' title='bbox 909 2377 1208 2450; x_wconf 86' lang='lat' dir='ltr'><strong>presbyter.</strong></span> <span class='ocrx_word' id='word_1_140' title='bbox 1297 2375 1302 2380; x_wconf 81' lang='grc'><em>’</em></span> 
     </span>
    </p>
   </div>
   <div class='ocr_carea' id='block_1_27' title="bbox 570 2468 1238 2542">
    <p class='ocr_par' dir='ltr' id='par_1_27' title="bbox 570 2468 1238 2542">
     <span class='ocr_line' id='line_1_27' title="bbox 570 2468 1238 2542; baseline -0.001 -18"><span class='ocrx_word' id='word_1_141' title='bbox 570 2468 915 2527; x_wconf 82' lang='lat' dir='ltr'><strong>Amalfredus</strong></span> <span class='ocrx_word' id='word_1_142' title='bbox 934 2469 1238 2542; x_wconf 76' lang='lat' dir='ltr'><strong>presbyter.</strong></span> 
     </span>
    </p>
   </div>
   <div class='ocr_carea' id='block_1_28' title="bbox 576 2557 1092 2634">
    <p class='ocr_par' dir='ltr' id='par_1_28' title="bbox 576 2557 1092 2634">
     <span class='ocr_line' id='line_1_28' title="bbox 576 2557 1092 2634; baseline -0.006 -15"><span class='ocrx_word' id='word_1_143' title='bbox 576 2557 745 2619; x_wconf 80' lang='lat' dir='ltr'><strong>Ursus</strong></span> <span class='ocrx_word' id='word_1_144' title='bbox 781 2563 1092 2634; x_wconf 79' lang='lat' dir='ltr'><strong>presbyter.</strong></span> 
     </span>
    </p>
   </div>
   <div class='ocr_carea' id='block_1_29' title="bbox 573 2654 1095 2725">
    <p class='ocr_par' dir='ltr' id='par_1_29' title="bbox 573 2654 1095 2725">
     <span class='ocr_line' id='line_1_29' title="bbox 573 2654 1095 2725; baseline -0.006 -15"><span class='ocrx_word' id='word_1_145' title='bbox 573 2655 771 2710; x_wconf 78' lang='lat' dir='ltr'><strong>Donizo</strong></span> <span class='ocrx_word' id='word_1_146' title='bbox 797 2654 1095 2725; x_wconf 86' lang='lat' dir='ltr'><strong>presbyter.</strong></span> 
     </span>
    </p>
   </div>
   <div class='ocr_carea' id='block_1_30' title="bbox 569 2744 1147 2815">
    <p class='ocr_par' dir='ltr' id='par_1_30' title="bbox 569 2744 1147 2815">
     <span class='ocr_line' id='line_1_30' title="bbox 569 2744 1147 2815; baseline -0.007 -13"><span class='ocrx_word' id='word_1_147' title='bbox 569 2746 812 2802; x_wconf 76' lang='lat' dir='ltr'><strong>Joannes</strong></span> <span class='ocrx_word' id='word_1_148' title='bbox 841 2744 1147 2815; x_wconf 83' lang='lat' dir='ltr'><strong>presbyter.</strong></span> 
     </span>
    </p>
   </div>
   <div class='ocr_carea' id='block_1_31' title="bbox 575 2834 1019 2909">
    <p class='ocr_par' dir='ltr' id='par_1_31' title="bbox 575 2834 1019 2909">
     <span class='ocr_line' id='line_1_31' title="bbox 575 2834 1019 2909; baseline -0.009 -16"><span class='ocrx_word' id='word_1_149' title='bbox 575 2839 686 2894; x_wconf 88' lang='lat' dir='ltr'><strong>l.eo</strong></span> <span class='ocrx_word' id='word_1_150' title='bbox 710 2834 1019 2909; x_wconf 84' lang='lat' dir='ltr'><strong>presbyter.</strong></span> 
     </span>
    </p>
   </div>
   <div class='ocr_carea' id='block_1_32' title="bbox 572 2928 1118 3000">
    <p class='ocr_par' dir='ltr' id='par_1_32' title="bbox 572 2928 1118 3000">
     <span class='ocr_line' id='line_1_32' title="bbox 572 2928 1118 3000; baseline -0.004 -16"><span class='ocrx_word' id='word_1_151' title='bbox 572 2929 794 2985; x_wconf 86' lang='lat' dir='ltr'><strong>Theudo</strong></span> <span class='ocrx_word' id='word_1_152' title='bbox 817 2928 1118 3000; x_wconf 82' lang='lat' dir='ltr'><strong>presbyter.</strong></span> 
     </span>
    </p>
   </div>
   <div class='ocr_carea' id='block_1_33' title="bbox 580 3020 1139 3093">
    <p class='ocr_par' dir='ltr' id='par_1_33' title="bbox 580 3020 1139 3093">
     <span class='ocr_line' id='line_1_33' title="bbox 580 3020 1139 3093; baseline -0.014 -13"><span class='ocrx_word' id='word_1_153' title='bbox 580 3021 807 3080; x_wconf 77' lang='lat' dir='ltr'><strong>Uvinizo</strong></span> <span class='ocrx_word' id='word_1_154' title='bbox 830 3020 1139 3093; x_wconf 86' lang='lat' dir='ltr'><strong>presbyter.</strong></span> 
     </span>
    </p>
   </div>
   <div class='ocr_carea' id='block_1_34' title="bbox 570 3112 1154 3185">
    <p class='ocr_par' dir='ltr' id='par_1_34' title="bbox 570 3112 1154 3185">
     <span class='ocr_line' id='line_1_34' title="bbox 570 3112 1154 3185; baseline -0.007 -17"><span class='ocrx_word' id='word_1_155' title='bbox 570 3114 826 3168; x_wconf 85' lang='lat' dir='ltr'><strong>Albertus</strong></span> <span class='ocrx_word' id='word_1_156' title='bbox 847 3112 1154 3185; x_wconf 88' lang='lat' dir='ltr'><strong>presbyter.</strong></span> 
     </span>
    </p>
   </div>
   <div class='ocr_carea' id='block_1_35' title="bbox 567 3204 1124 3263">
    <p class='ocr_par' dir='ltr' id='par_1_35' title="bbox 567 3204 1124 3263">
     <span class='ocr_line' id='line_1_35' title="bbox 567 3204 1124 3263; baseline -0.004 -3"><span class='ocrx_word' id='word_1_157' title='bbox 567 3204 807 3263; x_wconf 84' lang='lat' dir='ltr'><strong>Joannes</strong></span> <span class='ocrx_word' id='word_1_158' title='bbox 841 3204 1124 3259; x_wconf 83' lang='lat' dir='ltr'><strong>diaconus-</strong></span> 
     </span>
    </p>
   </div>
   <div class='ocr_carea' id='block_1_36' title="bbox 572 3297 1071 3353">
    <p class='ocr_par' dir='ltr' id='par_1_36' title="bbox 572 3297 1071 3353">
     <span class='ocr_line' id='line_1_36' title="bbox 572 3297 1071 3353; baseline -0.008 0"><span class='ocrx_word' id='word_1_159' title='bbox 572 3299 766 3353; x_wconf 85' lang='lat' dir='ltr'><strong>Petrus</strong></span> <span class='ocrx_word' id='word_1_160' title='bbox 788 3297 1071 3352; x_wconf 89' lang='lat' dir='ltr'><strong>diaconus.</strong></span> 
     </span>
    </p>
   </div>
   <div class='ocr_carea' id='block_1_37' title="bbox 570 3384 1168 3443">
    <p class='ocr_par' dir='ltr' id='par_1_37' title="bbox 570 3384 1168 3443">
     <span class='ocr_line' id='line_1_37' title="bbox 570 3384 1168 3443; baseline -0.007 -1"><span class='ocrx_word' id='word_1_161' title='bbox 570 3386 854 3443; x_wconf 81' lang='lat' dir='ltr'><strong>Albericus</strong></span> <span class='ocrx_word' id='word_1_162' title='bbox 881 3384 1168 3441; x_wconf 79' lang='lat' dir='ltr'><strong>diaconus.</strong></span> 
     </span>
    </p>
   </div>
   <div class='ocr_carea' id='block_1_38' title="bbox 572 3477 1192 3536">
    <p class='ocr_par' dir='ltr' id='par_1_38' title="bbox 572 3477 1192 3536">
     <span class='ocr_line' id='line_1_38' title="bbox 572 3477 1192 3536; baseline -0.01 -1"><span class='ocrx_word' id='word_1_163' title='bbox 572 3480 884 3536; x_wconf 84' lang='lat' dir='ltr'><strong>Dominicus</strong></span> <span class='ocrx_word' id='word_1_164' title='bbox 912 3477 1192 3534; x_wconf 86' lang='lat' dir='ltr'><strong>diaconus.</strong></span> 
     </span>
    </p>
   </div>
   <div class='ocr_carea' id='block_1_39' title="bbox 569 3571 953 3628">
    <p class='ocr_par' dir='ltr' id='par_1_39' title="bbox 569 3571 953 3628">
     <span class='ocr_line' id='line_1_39' title="bbox 569 3571 953 3628; baseline -0.01 0"><span class='ocrx_word' id='word_1_165' title='bbox 569 3572 679 3628; x_wconf 89' lang='lat' dir='ltr'><strong>Leo</strong></span> <span class='ocrx_word' id='word_1_166' title='bbox 703 3571 953 3627; x_wconf 91' lang='lat' dir='ltr'><strong>clericus.</strong></span> 
     </span>
    </p>
   </div>
   <div class='ocr_carea' id='block_1_40' title="bbox 574 3659 1206 3722">
    <p class='ocr_par' dir='ltr' id='par_1_40' title="bbox 574 3659 1206 3722">
     <span class='ocr_line' id='line_1_40' title="bbox 574 3659 1206 3722; baseline -0.011 0"><span class='ocrx_word' id='word_1_167' title='bbox 574 3666 755 3722; x_wconf 88' lang='lat' dir='ltr'><strong>Bonus</strong></span> <span class='ocrx_word' id='word_1_168' title='bbox 783 3661 927 3718; x_wconf 88' lang='lat' dir='ltr'><strong>ﬁlius</strong></span> <span class='ocrx_word' id='word_1_169' title='bbox 951 3659 1206 3717; x_wconf 89' lang='lat' dir='ltr'><strong>clericus.</strong></span> 
     </span>
    </p>
   </div>
   <div class='ocr_carea' id='block_1_41' title="bbox 571 3755 1117 3817">
    <p class='ocr_par' dir='ltr' id='par_1_41' title="bbox 571 3755 1117 3817">
     <span class='ocr_line' id='line_1_41' title="bbox 571 3755 1117 3817; baseline -0.018 0"><span class='ocrx_word' id='word_1_170' title='bbox 571 3758 840 3817; x_wconf 87' lang='lat' dir='ltr'><strong>Orbertus</strong></span> <span class='ocrx_word' id='word_1_171' title='bbox 862 3755 1117 3813; x_wconf 87' lang='lat' dir='ltr'><strong>clericus.</strong></span> 
     </span>
    </p>
   </div>
   <div class='ocr_carea' id='block_1_42' title="bbox 572 3840 2091 3912">
    <p class='ocr_par' dir='ltr' id='par_1_42' title="bbox 572 3840 2091 3912">
     <span class='ocr_line' id='line_1_42' title="bbox 572 3840 2091 3912; baseline -0.01 -3"><span class='ocrx_word' id='word_1_172' title='bbox 572 3852 645 3909; x_wconf 86' lang='lat' dir='ltr'><strong>Ut</strong></span> <span class='ocrx_word' id='word_1_173' title='bbox 672 3859 852 3906; x_wconf 86' lang='lat' dir='ltr'><strong>autem</strong></span> <span class='ocrx_word' id='word_1_174' title='bbox 876 3848 1060 3905; x_wconf 90' lang='lat' dir='ltr'><strong>verius</strong></span> <span class='ocrx_word' id='word_1_175' title='bbox 1082 3845 1361 3912; x_wconf 86' lang='lat' dir='ltr'><strong>credatur,</strong></span> <span class='ocrx_word' id='word_1_176' title='bbox 1383 3854 1439 3900; x_wconf 91' lang='lat' dir='ltr'><strong>et</strong></span> <span class='ocrx_word' id='word_1_177' title='bbox 1467 3843 1536 3900; x_wconf 89' lang='lat' dir='ltr'><strong>ab</strong></span> <span class='ocrx_word' id='word_1_178' title='bbox 1565 3840 1820 3899; x_wconf 90' lang='lat' dir='ltr'><strong>omnibus</strong></span> <span class='ocrx_word' id='word_1_179' title='bbox 1862 3853 2091 3897; x_wconf 89' lang='lat' dir='ltr'><strong>conser-</strong></span> 
     </span>
    </p>
   </div>
   <div class='ocr_carea' id='block_1_43' title="bbox 499 3931 2092 4013">
    <p class='ocr_par' dir='ltr' id='par_1_43' title="bbox 499 3931 2092 4013">
     <span class='ocr_line' id='line_1_43' title="bbox 499 3931 2092 4013; baseline -0.011 -11"><span class='ocrx_word' id='word_1_180' title='bbox 499 3954 676 4008; x_wconf 87' lang='lat' dir='ltr'><strong>vetur,</strong></span> <span class='ocrx_word' id='word_1_181' title='bbox 700 3940 1092 4013; x_wconf 90' lang='lat' dir='ltr'><strong>perpetualiter</strong></span> <span class='ocrx_word' id='word_1_182' title='bbox 1111 3937 1314 3994; x_wconf 89' lang='lat' dir='ltr'><strong>nostris</strong></span> <span class='ocrx_word' id='word_1_183' title='bbox 1343 3935 1580 4008; x_wconf 88' lang='lat' dir='ltr'><strong>propriis</strong></span> <span class='ocrx_word' id='word_1_184' title='bbox 1611 3934 1854 3990; x_wconf 90' lang='lat' dir='ltr'><strong>articulis</strong></span> <span class='ocrx_word' id='word_1_185' title='bbox 1886 3931 2092 3988; x_wconf 88' lang='lat' dir='ltr'><strong>conﬁr-</strong></span> 
     </span>
    </p>
   </div>
   <div class='ocr_carea' id='block_1_44' title="bbox 490 4022 2090 4107">
    <p class='ocr_par' dir='ltr' id='par_1_44' title="bbox 490 4022 2090 4107">
     <span class='ocr_line' id='line_1_44' title="bbox 490 4022 2090 4107; baseline -0.008 -17"><span class='ocrx_word' id='word_1_186' title='bbox 490 4032 771 4105; x_wconf 84' lang='lat' dir='ltr'><strong>mavimus</strong></span> <span class='ocrx_word' id='word_1_187' title='bbox 791 4033 901 4107; x_wconf 80' lang='lat' dir='ltr'><strong>hoc</strong></span> <span class='ocrx_word' id='word_1_188' title='bbox 920 4028 1281 4102; x_wconf 90' lang='lat' dir='ltr'><strong>privilegium,</strong></span> <span class='ocrx_word' id='word_1_189' title='bbox 1315 4028 1538 4098; x_wconf 89' lang='lat' dir='ltr'><strong>insuper</strong></span> <span class='ocrx_word' id='word_1_190' title='bbox 1558 4035 1801 4082; x_wconf 89' lang='lat' dir='ltr'><strong>nostram</strong></span> <span class='ocrx_word' id='word_1_191' title='bbox 1841 4022 2090 4094; x_wconf 89' lang='lat' dir='ltr'><strong>papalem</strong></span> 
     </span>
    </p>
   </div>
   <div class='ocr_carea' id='block_1_45' title="bbox 499 4121 1449 4193">
    <p class='ocr_par' dir='ltr' id='par_1_45' title="bbox 499 4121 1449 4193">
     <span class='ocr_line' id='line_1_45' title="bbox 499 4121 1449 4193; baseline -0.008 -12"><span class='ocrx_word' id='word_1_192' title='bbox 499 4126 699 4182; x_wconf 90' lang='lat' dir='ltr'><strong>hullam</strong></span> <span class='ocrx_word' id='word_1_193' title='bbox 728 4124 917 4179; x_wconf 85' lang='lat' dir='ltr'><strong>subter</strong></span> <span class='ocrx_word' id='word_1_194' title='bbox 943 4122 1144 4193; x_wconf 90' lang='lat' dir='ltr'><strong>imponi</strong></span> <span class='ocrx_word' id='word_1_195' title='bbox 1167 4121 1449 4192; x_wconf 90' lang='lat' dir='ltr'><strong>jussimus.</strong></span> 
     </span>
    </p>
   </div>
   <div class='ocr_carea' id='block_1_46' title="bbox 569 4208 2090 4285">
    <p class='ocr_par' dir='ltr' id='par_1_46' title="bbox 569 4208 2090 4285">
     <span class='ocr_line' id='line_1_46' title="bbox 569 4208 2090 4285; baseline -0.008 -13"><span class='ocrx_word' id='word_1_196' title='bbox 569 4215 805 4272; x_wconf 86' lang='lat' dir='ltr'><strong>Joannes</strong></span> <span class='ocrx_word' id='word_1_197' title='bbox 835 4214 936 4285; x_wconf 71' lang='lat'><strong>(2),</strong></span> <span class='ocrx_word' id='word_1_198' title='bbox 975 4212 1157 4269; x_wconf 89' lang='lat' dir='ltr'><strong>divina</strong></span> <span class='ocrx_word' id='word_1_199' title='bbox 1213 4219 1486 4282; x_wconf 67' lang='lat' dir='ltr'><strong>prmcunte</strong></span> <span class='ocrx_word' id='word_1_200' title='bbox 1530 4208 1838 4273; x_wconf 90' lang='lat' dir='ltr'><strong>cementia,</strong></span> <span class='ocrx_word' id='word_1_201' title='bbox 1884 4213 2090 4263; x_wconf 83' lang='lat' dir='ltr'><strong>sanctae</strong></span> 
     </span>
    </p>
   </div>
   <div class='ocr_carea' id='block_1_47' title="bbox 501 4302 1653 4374">
    <p class='ocr_par' dir='ltr' id='par_1_47' title="bbox 501 4302 1653 4374">
     <span class='ocr_line' id='line_1_47' title="bbox 501 4302 1653 4374; baseline -0.007 -11"><span class='ocrx_word' id='word_1_202' title='bbox 501 4307 784 4363; x_wconf 75' lang='lat' dir='ltr'><strong>catholica:</strong></span> <span class='ocrx_word' id='word_1_203' title='bbox 808 4304 1066 4361; x_wconf 83' lang='lat' dir='ltr'><strong>Ecclesiae</strong></span> <span class='ocrx_word' id='word_1_204' title='bbox 1091 4303 1415 4374; x_wconf 88' lang='lat' dir='ltr'><strong>apostolicus</strong></span> <span class='ocrx_word' id='word_1_205' title='bbox 1439 4302 1653 4374; x_wconf 77' lang='lat' dir='ltr'><strong>praesul.</strong></span> 
     </span>
    </p>
   </div>
   <div class='ocr_carea' id='block_1_48' title="bbox 2212 447 3786 520">
    <p class='ocr_par' dir='ltr' id='par_1_48' title="bbox 2212 447 3786 520">
     <span class='ocr_line' id='line_1_48' title="bbox 2212 447 3786 520; baseline -0.003 -14"><span class='ocrx_word' id='word_1_206' title='bbox 2212 451 2322 506; x_wconf 91' lang='lat' dir='ltr'><strong>bita</strong></span> <span class='ocrx_word' id='word_1_207' title='bbox 2345 450 2690 508; x_wconf 86' lang='lat' dir='ltr'><strong>solemnitate</strong></span> <span class='ocrx_word' id='word_1_208' title='bbox 2714 456 2962 506; x_wconf 87' lang='lat' dir='ltr'><strong>careant.</strong></span> <span class='ocrx_word' id='word_1_209' title='bbox 3001 448 3299 520; x_wconf 87' lang='lat' dir='ltr'><strong>Propterea</strong></span> <span class='ocrx_word' id='word_1_210' title='bbox 3321 447 3578 503; x_wconf 90' lang='lat' dir='ltr'><strong>omnibus</strong></span> <span class='ocrx_word' id='word_1_211' title='bbox 3602 458 3786 502; x_wconf 73' lang='lat' dir='ltr'><strong>sancta</strong></span> 
     </span>
    </p>
   </div>
   <div class='ocr_carea' id='block_1_49' title="bbox 2209 537 3782 612">
    <p class='ocr_par' dir='ltr' id='par_1_49' title="bbox 2209 537 3782 612">
     <span class='ocr_line' id='line_1_49' title="bbox 2209 537 3782 612; baseline -0.005 -13"><span class='ocrx_word' id='word_1_212' title='bbox 2209 543 2306 599; x_wconf 89' lang='lat' dir='ltr'><strong>Dei</strong></span> <span class='ocrx_word' id='word_1_213' title='bbox 2334 543 2593 600; x_wconf 80' lang='lat' dir='ltr'><strong>Ecclesia:</strong></span> <span class='ocrx_word' id='word_1_214' title='bbox 2615 541 2883 608; x_wconf 89' lang='lat' dir='ltr'><strong>ﬁdelibus,</strong></span> <span class='ocrx_word' id='word_1_215' title='bbox 2902 540 3263 612; x_wconf 57' lang='lat' dir='ltr'><strong>praesentibus</strong></span> <span class='ocrx_word' id='word_1_216' title='bbox 3282 539 3493 595; x_wconf 87' lang='lat' dir='ltr'><strong>scilicet</strong></span> <span class='ocrx_word' id='word_1_217' title='bbox 3514 546 3571 594; x_wconf 91' lang='lat' dir='ltr'><strong>et</strong></span> <span class='ocrx_word' id='word_1_218' title='bbox 3589 537 3782 604; x_wconf 87' lang='lat' dir='ltr'><strong>futuris,</strong></span> 
     </span>
    </p>
   </div>
   <div class='ocr_carea' id='block_1_50' title="bbox 2211 631 3787 704">
    <p class='ocr_par' dir='ltr' id='par_1_50' title="bbox 2211 631 3787 704">
     <span class='ocr_line' id='line_1_50' title="bbox 2211 631 3787 704; baseline -0.005 -13"><span class='ocrx_word' id='word_1_219' title='bbox 2211 645 2398 692; x_wconf 89' lang='lat' dir='ltr'><strong>uotum</strong></span> <span class='ocrx_word' id='word_1_220' title='bbox 2427 650 2550 692; x_wconf 90' lang='lat' dir='ltr'><strong>esse</strong></span> <span class='ocrx_word' id='word_1_221' title='bbox 2574 633 2826 690; x_wconf 84' lang='lat' dir='ltr'><strong>volumus</strong></span> <span class='ocrx_word' id='word_1_222' title='bbox 2856 634 2984 704; x_wconf 90' lang='lat' dir='ltr'><strong>quia</strong></span> <span class='ocrx_word' id='word_1_223' title='bbox 3020 633 3248 690; x_wconf 88' lang='lat' dir='ltr'><strong>dilectus</strong></span> <span class='ocrx_word' id='word_1_224' title='bbox 3272 642 3327 688; x_wconf 89' lang='lat' dir='ltr'><strong>et</strong></span> <span class='ocrx_word' id='word_1_225' title='bbox 3373 631 3674 703; x_wconf 88' lang='lat' dir='ltr'><strong>spiritualis</strong></span> <span class='ocrx_word' id='word_1_226' title='bbox 3706 645 3787 683; x_wconf 87' lang='lat' dir='ltr'><strong>no-</strong></span> 
     </span>
    </p>
   </div>
   <div class='ocr_carea' id='block_1_51' title="bbox 2208 723 3788 797">
    <p class='ocr_par' dir='ltr' id='par_1_51' title="bbox 2208 723 3788 797">
     <span class='ocr_line' id='line_1_51' title="bbox 2208 723 3788 797; baseline -0.005 -13"><span class='ocrx_word' id='word_1_227' title='bbox 2208 736 2323 784; x_wconf 84' lang='lat' dir='ltr'><strong>ster</strong></span> <span class='ocrx_word' id='word_1_228' title='bbox 2352 726 2498 783; x_wconf 91' lang='lat' dir='ltr'><strong>ﬁlius</strong></span> <span class='ocrx_word' id='word_1_229' title='bbox 2528 725 2853 792; x_wconf 82' lang='lat' dir='ltr'><strong>Heinricus,</strong></span> <span class='ocrx_word' id='word_1_230' title='bbox 2883 724 3313 797; x_wconf 90' lang='lat' dir='ltr'><strong>gloriosissimus</strong></span> <span class='ocrx_word' id='word_1_231' title='bbox 3348 735 3517 796; x_wconf 89' lang='lat' dir='ltr'><strong>atque</strong></span> <span class='ocrx_word' id='word_1_232' title='bbox 3567 723 3788 777; x_wconf 75' lang='lat' dir='ltr'><strong>invictis-</strong></span> 
     </span>
    </p>
   </div>
   <div class='ocr_carea' id='block_1_52' title="bbox 2207 813 3789 887">
    <p class='ocr_par' dir='ltr' id='par_1_52' title="bbox 2207 813 3789 887">
     <span class='ocr_line' id='line_1_52' title="bbox 2207 813 3789 887; baseline -0.004 -12"><span class='ocrx_word' id='word_1_233' title='bbox 2207 819 2377 875; x_wconf 91' lang='lat' dir='ltr'><strong>simns</strong></span> <span class='ocrx_word' id='word_1_234' title='bbox 2406 831 2524 883; x_wconf 82' lang='lat' dir='ltr'><strong>rex,</strong></span> <span class='ocrx_word' id='word_1_235' title='bbox 2555 817 2737 873; x_wconf 78' lang='lat' dir='ltr'><strong>divina</strong></span> <span class='ocrx_word' id='word_1_236' title='bbox 2786 816 3088 887; x_wconf 90' lang='lat' dir='ltr'><strong>inspirante</strong></span> <span class='ocrx_word' id='word_1_237' title='bbox 3117 815 3432 881; x_wconf 75' lang='lat' dir='ltr'><strong>clementia,</strong></span> <span class='ocrx_word' id='word_1_238' title='bbox 3477 815 3547 870; x_wconf 88' lang='lat' dir='ltr'><strong>de</strong></span> <span class='ocrx_word' id='word_1_239' title='bbox 3576 813 3789 884; x_wconf 75' lang='lat' dir='ltr'><strong>propriis</strong></span> 
     </span>
    </p>
   </div>
   <div class='ocr_carea' id='block_1_53' title="bbox 2210 909 3787 981">
    <p class='ocr_par' dir='ltr' id='par_1_53' title="bbox 2210 909 3787 981">
     <span class='ocr_line' id='line_1_53' title="bbox 2210 909 3787 981; baseline 0.001 -15"><span class='ocrx_word' id='word_1_240' title='bbox 2210 910 2573 966; x_wconf 67' lang='lat' dir='ltr'><strong>haereditariis</strong></span> <span class='ocrx_word' id='word_1_241' title='bbox 2601 909 2788 975; x_wconf 89' lang='lat' dir='ltr'><strong>rebus,</strong></span> <span class='ocrx_word' id='word_1_242' title='bbox 2816 924 2916 981; x_wconf 91' lang='lat' dir='ltr'><strong>pro</strong></span> <span class='ocrx_word' id='word_1_243' title='bbox 2971 923 3071 965; x_wconf 87' lang='lat' dir='ltr'><strong>sua</strong></span> <span class='ocrx_word' id='word_1_244' title='bbox 3122 924 3458 980; x_wconf 86' lang='lat' dir='ltr'><strong>suorumque</strong></span> <span class='ocrx_word' id='word_1_245' title='bbox 3512 919 3787 979; x_wconf 80' lang='lat' dir='ltr'><strong>parentum</strong></span> 
     </span>
    </p>
   </div>
   <div class='ocr_carea' id='block_1_54' title="bbox 2206 1001 3789 1074">
    <p class='ocr_par' dir='ltr' id='par_1_54' title="bbox 2206 1001 3789 1074">
     <span class='ocr_line' id='line_1_54' title="bbox 2206 1001 3789 1074; baseline 0.001 -17"><span class='ocrx_word' id='word_1_246' title='bbox 2206 1004 2409 1070; x_wconf 90' lang='lat' dir='ltr'><strong>anima,</strong></span> <span class='ocrx_word' id='word_1_247' title='bbox 2441 1003 2817 1074; x_wconf 87' lang='lat' dir='ltr'><strong>episcopatum</strong></span> <span class='ocrx_word' id='word_1_248' title='bbox 2851 1002 2905 1057; x_wconf 90' lang='lat' dir='ltr'><strong>in</strong></span> <span class='ocrx_word' id='word_1_249' title='bbox 2930 1001 3051 1058; x_wconf 91' lang='lat' dir='ltr'><strong>loco</strong></span> <span class='ocrx_word' id='word_1_250' title='bbox 3071 1002 3168 1073; x_wconf 89' lang='lat' dir='ltr'><strong>qui</strong></span> <span class='ocrx_word' id='word_1_251' title='bbox 3212 1002 3416 1060; x_wconf 89' lang='lat' dir='ltr'><strong>dicitur</strong></span> <span class='ocrx_word' id='word_1_252' title='bbox 3459 1001 3789 1070; x_wconf 77' lang='lat' dir='ltr'><strong>Babenberk,</strong></span> 
     </span>
    </p>
   </div>
   <div class='ocr_carea' id='block_1_55' title="bbox 2206 1094 3789 1166">
    <p class='ocr_par' dir='ltr' id='par_1_55' title="bbox 2206 1094 3789 1166">
     <span class='ocr_line' id='line_1_55' title="bbox 2206 1094 3789 1166; baseline 0.001 -15"><span class='ocrx_word' id='word_1_253' title='bbox 2206 1100 2466 1166; x_wconf 87' lang='lat' dir='ltr'><strong>perlectae</strong></span> <span class='ocrx_word' id='word_1_254' title='bbox 2508 1094 2632 1150; x_wconf 89' lang='lat' dir='ltr'><strong>ﬁdei</strong></span> <span class='ocrx_word' id='word_1_255' title='bbox 2662 1104 2718 1150; x_wconf 92' lang='lat' dir='ltr'><strong>et</strong></span> <span class='ocrx_word' id='word_1_256' title='bbox 2744 1094 3030 1151; x_wconf 85' lang='lat' dir='ltr'><strong>cbaritatis</strong></span> <span class='ocrx_word' id='word_1_257' title='bbox 3080 1094 3397 1159; x_wconf 84' lang='lat' dir='ltr'><strong>devotione,</strong></span> <span class='ocrx_word' id='word_1_258' title='bbox 3432 1095 3488 1149; x_wconf 90' lang='lat' dir='ltr'><strong>in</strong></span> <span class='ocrx_word' id='word_1_259' title='bbox 3538 1094 3789 1152; x_wconf 84' lang='lat' dir='ltr'><strong>honorem</strong></span> 
     </span>
    </p>
   </div>
   <div class='ocr_carea' id='block_1_56' title="bbox 2204 1184 3790 1256">
    <p class='ocr_par' dir='ltr' id='par_1_56' title="bbox 2204 1184 3790 1256">
     <span class='ocr_line' id='line_1_56' title="bbox 2204 1184 3790 1256; baseline -0.001 -14"><span class='ocrx_word' id='word_1_260' title='bbox 2204 1185 2505 1242; x_wconf 87' lang='lat' dir='ltr'><strong>beatissimi</strong></span> <span class='ocrx_word' id='word_1_261' title='bbox 2534 1186 2679 1241; x_wconf 89' lang='lat' dir='ltr'><strong>Petri</strong></span> <span class='ocrx_word' id='word_1_262' title='bbox 2714 1184 3088 1256; x_wconf 89' lang='lat' dir='ltr'><strong>apostolorum</strong></span> <span class='ocrx_word' id='word_1_263' title='bbox 3128 1184 3392 1255; x_wconf 89' lang='lat' dir='ltr'><strong>principis</strong></span> <span class='ocrx_word' id='word_1_264' title='bbox 3419 1199 3549 1241; x_wconf 87' lang='lat' dir='ltr'><strong>esse</strong></span> <span class='ocrx_word' id='word_1_265' title='bbox 3600 1186 3790 1241; x_wconf 78' lang='lat' dir='ltr'><strong>consti-</strong></span> 
     </span>
    </p>
   </div>
   <div class='ocr_carea' id='block_1_57' title="bbox 2206 1273 3789 1346">
    <p class='ocr_par' dir='ltr' id='par_1_57' title="bbox 2206 1273 3789 1346">
     <span class='ocr_line' id='line_1_57' title="bbox 2206 1273 3789 1346; baseline -0.001 -15"><span class='ocrx_word' id='word_1_266' title='bbox 2206 1276 2769 1339; x_wconf 84' lang='lat' dir='ltr'><strong>tuit,commutatione</strong></span> <span class='ocrx_word' id='word_1_267' title='bbox 2794 1275 2935 1329; x_wconf 78' lang='lat' dir='ltr'><strong>facta</strong></span> <span class='ocrx_word' id='word_1_268' title='bbox 2958 1273 3083 1343; x_wconf 88' lang='lat' dir='ltr'><strong>jure</strong></span> <span class='ocrx_word' id='word_1_269' title='bbox 3110 1289 3176 1330; x_wconf 91' lang='lat' dir='ltr'><strong>ac</strong></span> <span class='ocrx_word' id='word_1_270' title='bbox 3202 1274 3454 1346; x_wconf 87' lang='lat' dir='ltr'><strong>legaliter</strong></span> <span class='ocrx_word' id='word_1_271' title='bbox 3475 1291 3605 1331; x_wconf 90' lang='lat' dir='ltr'><strong>cum</strong></span> <span class='ocrx_word' id='word_1_272' title='bbox 3639 1275 3789 1331; x_wconf 82' lang='lat' dir='ltr'><strong>Hein-</strong></span> 
     </span>
    </p>
   </div>
   <div class='ocr_carea' id='block_1_58' title="bbox 2201 1365 3790 1438">
    <p class='ocr_par' dir='ltr' id='par_1_58' title="bbox 2201 1365 3790 1438">
     <span class='ocr_line' id='line_1_58' title="bbox 2201 1365 3790 1438; baseline 0.001 -17"><span class='ocrx_word' id='word_1_273' title='bbox 2201 1366 2318 1422; x_wconf 90' lang='lat' dir='ltr'><strong>rico</strong></span> <span class='ocrx_word' id='word_1_274' title='bbox 2346 1365 2796 1437; x_wconf 79' lang='lat' dir='ltr'><strong>Wirzeburgensi</strong></span> <span class='ocrx_word' id='word_1_275' title='bbox 2830 1365 3088 1436; x_wconf 84' lang='lat' dir='ltr'><strong>episcopo</strong></span> <span class='ocrx_word' id='word_1_276' title='bbox 3117 1366 3185 1422; x_wconf 88' lang='lat' dir='ltr'><strong>de</strong></span> <span class='ocrx_word' id='word_1_277' title='bbox 3215 1366 3399 1436; x_wconf 87' lang='lat' dir='ltr'><strong>aliqua</strong></span> <span class='ocrx_word' id='word_1_278' title='bbox 3444 1375 3609 1437; x_wconf 88' lang='lat' dir='ltr'><strong>parte</strong></span> <span class='ocrx_word' id='word_1_279' title='bbox 3642 1382 3790 1438; x_wconf 89' lang='lat' dir='ltr'><strong>paro-</strong></span> 
     </span>
    </p>
   </div>
   <div class='ocr_carea' id='block_1_59' title="bbox 2201 1452 3790 1528">
    <p class='ocr_par' dir='ltr' id='par_1_59' title="bbox 2201 1452 3790 1528">
     <span class='ocr_line' id='line_1_59' title="bbox 2201 1452 3790 1528; baseline -0.001 -15"><span class='ocrx_word' id='word_1_280' title='bbox 2201 1457 2339 1513; x_wconf 65' lang='lat' dir='ltr'><strong>chiar</strong></span> <span class='ocrx_word' id='word_1_281' title='bbox 2371 1456 2454 1512; x_wconf 93' lang='lat' dir='ltr'><strong>sui</strong></span> <span class='ocrx_word' id='word_1_282' title='bbox 2483 1457 2854 1527; x_wconf 89' lang='lat' dir='ltr'><strong>episcopatus.</strong></span> <span class='ocrx_word' id='word_1_283' title='bbox 2890 1452 3048 1511; x_wconf 88' lang='lat' dir='ltr'><strong>Unde</strong></span> <span class='ocrx_word' id='word_1_284' title='bbox 3071 1457 3236 1511; x_wconf 92' lang='lat' dir='ltr'><strong>etiam</strong></span> <span class='ocrx_word' id='word_1_285' title='bbox 3268 1456 3569 1526; x_wconf 63' lang='lat' dir='ltr'><strong>praedictus</strong></span> <span class='ocrx_word' id='word_1_286' title='bbox 3598 1458 3790 1528; x_wconf 83' lang='lat' dir='ltr'><strong>episeo-</strong></span> 
     </span>
    </p>
   </div>
   <div class='ocr_carea' id='block_1_60' title="bbox 2201 1546 3793 1620">
    <p class='ocr_par' dir='ltr' id='par_1_60' title="bbox 2201 1546 3793 1620">
     <span class='ocr_line' id='line_1_60' title="bbox 2201 1546 3793 1620; baseline -0.001 -17"><span class='ocrx_word' id='word_1_287' title='bbox 2201 1564 2303 1620; x_wconf 92' lang='lat' dir='ltr'><strong>pus</strong></span> <span class='ocrx_word' id='word_1_288' title='bbox 2327 1548 2487 1605; x_wconf 91' lang='lat' dir='ltr'><strong>nobis</strong></span> <span class='ocrx_word' id='word_1_289' title='bbox 2514 1563 2641 1604; x_wconf 90' lang='lat' dir='ltr'><strong>suas</strong></span> <span class='ocrx_word' id='word_1_290' title='bbox 2678 1546 2894 1602; x_wconf 88' lang='lat' dir='ltr'><strong>litteras</strong></span> <span class='ocrx_word' id='word_1_291' title='bbox 2942 1547 3113 1613; x_wconf 85' lang='lat' dir='ltr'><strong>misit,</strong></span> <span class='ocrx_word' id='word_1_292' title='bbox 3139 1557 3222 1613; x_wconf 86' lang='lat' dir='ltr'><strong>ut,</strong></span> <span class='ocrx_word' id='word_1_293' title='bbox 3246 1563 3347 1603; x_wconf 89' lang='lat' dir='ltr'><strong>suo</strong></span> <span class='ocrx_word' id='word_1_294' title='bbox 3372 1562 3674 1615; x_wconf 88' lang='lat' dir='ltr'><strong>consensu,</strong></span> <span class='ocrx_word' id='word_1_295' title='bbox 3696 1549 3793 1619; x_wconf 87' lang='lat' dir='ltr'><strong>pri-</strong></span> 
     </span>
    </p>
   </div>
   <div class='ocr_carea' id='block_1_61' title="bbox 2200 1639 3795 1714">
    <p class='ocr_par' dir='ltr' id='par_1_61' title="bbox 2200 1639 3795 1714">
     <span class='ocr_line' id='line_1_61' title="bbox 2200 1639 3795 1714; baseline 0.001 -18"><span class='ocrx_word' id='word_1_296' title='bbox 2200 1642 2400 1714; x_wconf 85' lang='lat' dir='ltr'><strong>vilegio</strong></span> <span class='ocrx_word' id='word_1_297' title='bbox 2442 1650 2645 1698; x_wconf 71' lang='lat' dir='ltr'><strong>nostra:</strong></span> <span class='ocrx_word' id='word_1_298' title='bbox 2689 1639 3000 1711; x_wconf 79' lang='lat' dir='ltr'><strong>apostolica:</strong></span> <span class='ocrx_word' id='word_1_299' title='bbox 3060 1640 3405 1697; x_wconf 87' lang='lat' dir='ltr'><strong>auctoritatis</strong></span> <span class='ocrx_word' id='word_1_300' title='bbox 3452 1641 3795 1711; x_wconf 80' lang='lat' dir='ltr'><strong>episcopatus</strong></span> 
     </span>
    </p>
   </div>
   <div class='ocr_carea' id='block_1_62' title="bbox 2121 1726 2989 1790">
    <p class='ocr_par' dir='ltr' id='par_1_62' title="bbox 2121 1726 2989 1790">
     <span class='ocr_line' id='line_1_62' title="bbox 2121 1726 2989 1790; baseline -0.002 -2"><span class='ocrx_word' id='word_1_301' title='bbox 2121 1726 2168 1788; x_wconf 87' lang='lat' dir='ltr'><strong>B</strong></span> <span class='ocrx_word' id='word_1_302' title='bbox 2197 1733 2414 1790; x_wconf 90' lang='lat' dir='ltr'><strong>noviter</strong></span> <span class='ocrx_word' id='word_1_303' title='bbox 2443 1730 2622 1787; x_wconf 89' lang='lat' dir='ltr'><strong>factus</strong></span> <span class='ocrx_word' id='word_1_304' title='bbox 2646 1730 2989 1787; x_wconf 78' lang='lat' dir='ltr'><strong>fundaretur.</strong></span> 
     </span>
    </p>
   </div>
   <div class='ocr_carea' id='block_1_63' title="bbox 2270 1825 3789 1900">
    <p class='ocr_par' dir='ltr' id='par_1_63' title="bbox 2270 1825 3789 1900">
     <span class='ocr_line' id='line_1_63' title="bbox 2270 1825 3789 1900; baseline 0.001 -19"><span class='ocrx_word' id='word_1_305' title='bbox 2270 1827 2377 1884; x_wconf 89' lang='lat' dir='ltr'><strong>Pro</strong></span> <span class='ocrx_word' id='word_1_306' title='bbox 2410 1842 2515 1899; x_wconf 89' lang='lat' dir='ltr'><strong>qua</strong></span> <span class='ocrx_word' id='word_1_307' title='bbox 2565 1826 2780 1881; x_wconf 90' lang='lat' dir='ltr'><strong>ratione</strong></span> <span class='ocrx_word' id='word_1_308' title='bbox 2808 1825 3096 1883; x_wconf 84' lang='lat' dir='ltr'><strong>Heinricus</strong></span> <span class='ocrx_word' id='word_1_309' title='bbox 3122 1826 3396 1883; x_wconf 89' lang='lat' dir='ltr'><strong>secundus</strong></span> <span class='ocrx_word' id='word_1_310' title='bbox 3453 1827 3789 1900; x_wconf 84' lang='lat' dir='ltr'><strong>gloriosissi-</strong></span> 
     </span>
    </p>
   </div>
   <div class='ocr_carea' id='block_1_64' title="bbox 2199 1918 3793 1990">
    <p class='ocr_par' dir='ltr' id='par_1_64' title="bbox 2199 1918 3793 1990">
     <span class='ocr_line' id='line_1_64' title="bbox 2199 1918 3793 1990; baseline -0.001 -13"><span class='ocrx_word' id='word_1_311' title='bbox 2199 1936 2321 1978; x_wconf 91' lang='lat' dir='ltr'><strong>mus</strong></span> <span class='ocrx_word' id='word_1_312' title='bbox 2343 1935 2437 1976; x_wconf 81' lang='lat' dir='ltr'><strong>rex</strong></span> <span class='ocrx_word' id='word_1_313' title='bbox 2467 1918 2687 1975; x_wconf 87' lang='lat' dir='ltr'><strong>nuntios</strong></span> <span class='ocrx_word' id='word_1_314' title='bbox 2711 1934 2845 1974; x_wconf 91' lang='lat' dir='ltr'><strong>suos</strong></span> <span class='ocrx_word' id='word_1_315' title='bbox 2871 1918 2936 1973; x_wconf 89' lang='lat' dir='ltr'><strong>ad</strong></span> <span class='ocrx_word' id='word_1_316' title='bbox 2965 1933 3065 1975; x_wconf 91' lang='lat' dir='ltr'><strong>nos</strong></span> <span class='ocrx_word' id='word_1_317' title='bbox 3091 1919 3311 1986; x_wconf 82' lang='lat' dir='ltr'><strong>direxit,</strong></span> <span class='ocrx_word' id='word_1_318' title='bbox 3353 1921 3447 1990; x_wconf 88' lang='lat' dir='ltr'><strong>qui</strong></span> <span class='ocrx_word' id='word_1_319' title='bbox 3476 1922 3647 1976; x_wconf 88' lang='lat' dir='ltr'><strong>nobis</strong></span> <span class='ocrx_word' id='word_1_320' title='bbox 3689 1922 3793 1976; x_wconf 63' lang='lat' dir='ltr'><strong>haec</strong></span> 
     </span>
    </p>
   </div>
   <div class='ocr_carea' id='block_1_65' title="bbox 2198 2013 3793 2083">
    <p class='ocr_par' dir='ltr' id='par_1_65' title="bbox 2198 2013 3793 2083">
     <span class='ocr_line' id='line_1_65' title="bbox 2198 2013 3793 2083; baseline 0.001 -14"><span class='ocrx_word' id='word_1_321' title='bbox 2198 2015 2380 2070; x_wconf 88' lang='lat' dir='ltr'><strong>omnia</strong></span> <span class='ocrx_word' id='word_1_322' title='bbox 2405 2014 2757 2076; x_wconf 87' lang='lat' dir='ltr'><strong>dicerent,et</strong></span> <span class='ocrx_word' id='word_1_323' title='bbox 2784 2025 2885 2067; x_wconf 87' lang='lat' dir='ltr'><strong>nos</strong></span> <span class='ocrx_word' id='word_1_324' title='bbox 2932 2026 3034 2083; x_wconf 91' lang='lat' dir='ltr'><strong>pro</strong></span> <span class='ocrx_word' id='word_1_325' title='bbox 3079 2013 3182 2069; x_wconf 86' lang='lat' dir='ltr'><strong>hac</strong></span> <span class='ocrx_word' id='word_1_326' title='bbox 3234 2014 3364 2070; x_wconf 88' lang='lat' dir='ltr'><strong>sede</strong></span> <span class='ocrx_word' id='word_1_327' title='bbox 3417 2014 3793 2071; x_wconf 85' lang='lat' dir='ltr'><strong>conﬁrmanda</strong></span> 
     </span>
    </p>
   </div>
   <div class='ocr_carea' id='block_1_66' title="bbox 2196 2101 3794 2185">
    <p class='ocr_par' dir='ltr' id='par_1_66' title="bbox 2196 2101 3794 2185">
     <span class='ocr_line' id='line_1_66' title="bbox 2196 2101 3794 2185; baseline -0.001 -25"><span class='ocrx_word' id='word_1_328' title='bbox 2196 2104 2631 2185; x_wconf 65' lang='lat' dir='ltr'><strong>interpellarent.</strong></span> <span class='ocrx_word' id='word_1_329' title='bbox 2647 2101 2812 2171; x_wconf 89' lang='lat' dir='ltr'><strong>Cujus</strong></span> <span class='ocrx_word' id='word_1_330' title='bbox 2831 2103 3237 2159; x_wconf 88' lang='lat' dir='ltr'><strong>sanctissimam</strong></span> <span class='ocrx_word' id='word_1_331' title='bbox 3266 2104 3639 2160; x_wconf 84' lang='lat' dir='ltr'><strong>imitationem</strong></span> <span class='ocrx_word' id='word_1_332' title='bbox 3654 2104 3794 2178; x_wconf 81' lang='lat' dir='ltr'><strong>[iuti-</strong></span> 
     </span>
    </p>
   </div>
   <div class='ocr_carea' id='block_1_67' title="bbox 2199 2195 3796 2270">
    <p class='ocr_par' dir='ltr' id='par_1_67' title="bbox 2199 2195 3796 2270">
     <span class='ocr_line' id='line_1_67' title="bbox 2199 2195 3796 2270; baseline -0.003 -14"><span class='ocrx_word' id='word_1_333' title='bbox 2199 2200 2489 2256; x_wconf 89' lang='lat' dir='ltr'><strong>mationem</strong></span> <span class='ocrx_word' id='word_1_334' title='bbox 2500 2196 2547 2270; x_wconf 91' lang='lat'><strong>?]</strong></span> <span class='ocrx_word' id='word_1_335' title='bbox 2569 2203 2794 2268; x_wconf 87' lang='lat' dir='ltr'><strong>paterna</strong></span> <span class='ocrx_word' id='word_1_336' title='bbox 2821 2204 2875 2251; x_wconf 89' lang='lat' dir='ltr'><strong>et</strong></span> <span class='ocrx_word' id='word_1_337' title='bbox 2893 2195 3237 2264; x_wconf 65' lang='lat' dir='ltr'><strong>praecordiali</strong></span> <span class='ocrx_word' id='word_1_338' title='bbox 3266 2197 3568 2254; x_wconf 80' lang='lat' dir='ltr'><strong>dilectione</strong></span> <span class='ocrx_word' id='word_1_339' title='bbox 3590 2198 3796 2253; x_wconf 82' lang='lat' dir='ltr'><strong>intuen-</strong></span> 
     </span>
    </p>
   </div>
   <div class='ocr_carea' id='block_1_68' title="bbox 2201 2287 3792 2361">
    <p class='ocr_par' dir='ltr' id='par_1_68' title="bbox 2201 2287 3792 2361">
     <span class='ocr_line' id='line_1_68' title="bbox 2201 2287 3792 2361; baseline -0.004 -12"><span class='ocrx_word' id='word_1_340' title='bbox 2201 2303 2301 2361; x_wconf 88' lang='lat' dir='ltr'><strong>tes,</strong></span> <span class='ocrx_word' id='word_1_341' title='bbox 2317 2305 2507 2348; x_wconf 89' lang='lat' dir='ltr'><strong>onmes</strong></span> <span class='ocrx_word' id='word_1_342' title='bbox 2536 2304 2625 2345; x_wconf 87' lang='lat' dir='ltr'><strong>res</strong></span> <span class='ocrx_word' id='word_1_343' title='bbox 2646 2303 2785 2360; x_wconf 90' lang='lat' dir='ltr'><strong>quas</strong></span> <span class='ocrx_word' id='word_1_344' title='bbox 2806 2287 2868 2342; x_wconf 85' lang='grc' dir='ltr'>Β.</span> <span class='ocrx_word' id='word_1_345' title='bbox 2883 2288 3047 2344; x_wconf 86' lang='lat' dir='ltr'><strong>Petro</strong></span> <span class='ocrx_word' id='word_1_346' title='bbox 3073 2289 3445 2359; x_wconf 85' lang='lat' dir='ltr'><strong>apostolorum</strong></span> <span class='ocrx_word' id='word_1_347' title='bbox 3469 2290 3792 2361; x_wconf 88' lang='lat' dir='ltr'><strong>principi,iu</strong></span> 
     </span>
    </p>
   </div>
   <div class='ocr_carea' id='block_1_69' title="bbox 2197 2377 3791 2454">
    <p class='ocr_par' dir='ltr' id='par_1_69' title="bbox 2197 2377 3791 2454">
     <span class='ocr_line' id='line_1_69' title="bbox 2197 2377 3791 2454; baseline -0.002 -16"><span class='ocrx_word' id='word_1_348' title='bbox 2197 2383 2318 2439; x_wconf 88' lang='lat' dir='ltr'><strong>loco</strong></span> <span class='ocrx_word' id='word_1_349' title='bbox 2338 2379 2752 2454; x_wconf 64' lang='lat' dir='ltr'><strong>praznominato,</strong></span> <span class='ocrx_word' id='word_1_350' title='bbox 2768 2377 3011 2447; x_wconf 81' lang='lat' dir='ltr'><strong>legitima</strong></span> <span class='ocrx_word' id='word_1_351' title='bbox 3025 2380 3241 2434; x_wconf 87' lang='lat' dir='ltr'><strong>ratione</strong></span> <span class='ocrx_word' id='word_1_352' title='bbox 3259 2380 3521 2436; x_wconf 89' lang='lat' dir='ltr'><strong>collectas</strong></span> <span class='ocrx_word' id='word_1_353' title='bbox 3546 2382 3791 2447; x_wconf 87' lang='lat' dir='ltr'><strong>contulit,</strong></span> 
     </span>
    </p>
   </div>
   <div class='ocr_carea' id='block_1_70' title="bbox 2201 2470 3790 2543">
    <p class='ocr_par' dir='ltr' id='par_1_70' title="bbox 2201 2470 3790 2543">
     <span class='ocr_line' id='line_1_70' title="bbox 2201 2470 3790 2543; baseline -0.001 -12"><span class='ocrx_word' id='word_1_354' title='bbox 2201 2484 2399 2531; x_wconf 68' lang='lat' dir='ltr'><strong>nostra:</strong></span> <span class='ocrx_word' id='word_1_355' title='bbox 2410 2472 2757 2529; x_wconf 90' lang='lat' dir='ltr'><strong>auctoritatis</strong></span> <span class='ocrx_word' id='word_1_356' title='bbox 2777 2470 3060 2543; x_wconf 81' lang='lat' dir='ltr'><strong>privilegio</strong></span> <span class='ocrx_word' id='word_1_357' title='bbox 3073 2472 3404 2528; x_wconf 88' lang='lat' dir='ltr'><strong>conﬁrmare</strong></span> <span class='ocrx_word' id='word_1_358' title='bbox 3424 2474 3790 2539; x_wconf 83' lang='lat' dir='ltr'><strong>decernimus,</strong></span> 
     </span>
    </p>
   </div>
   <div class='ocr_carea' id='block_1_71' title="bbox 2198 2562 3790 2636">
    <p class='ocr_par' dir='ltr' id='par_1_71' title="bbox 2198 2562 3790 2636">
     <span class='ocr_line' id='line_1_71' title="bbox 2198 2562 3790 2636; baseline -0.002 -14"><span class='ocrx_word' id='word_1_359' title='bbox 2198 2582 2262 2623; x_wconf 91' lang='lat' dir='ltr'><strong>ea</strong></span> <span class='ocrx_word' id='word_1_360' title='bbox 2296 2564 2551 2622; x_wconf 85' lang='lat' dir='ltr'><strong>videlicet</strong></span> <span class='ocrx_word' id='word_1_361' title='bbox 2571 2564 2790 2620; x_wconf 79' lang='lat' dir='ltr'><strong>ratione</strong></span> <span class='ocrx_word' id='word_1_362' title='bbox 2814 2572 2874 2618; x_wconf 94' lang='lat' dir='ltr'><strong>ut</strong></span> <span class='ocrx_word' id='word_1_363' title='bbox 2901 2567 3187 2635; x_wconf 83' lang='lat' dir='ltr'><strong>episcopus</strong></span> <span class='ocrx_word' id='word_1_364' title='bbox 3209 2562 3328 2633; x_wconf 83' lang='lat' dir='ltr'><strong>ejus</strong></span> <span class='ocrx_word' id='word_1_365' title='bbox 3359 2564 3495 2628; x_wconf 87' lang='lat' dir='ltr'><strong>loci,</strong></span> <span class='ocrx_word' id='word_1_366' title='bbox 3526 2575 3591 2621; x_wconf 88' lang='lat' dir='ltr'><strong>et</strong></span> <span class='ocrx_word' id='word_1_367' title='bbox 3623 2566 3715 2636; x_wconf 91' lang='lat' dir='ltr'><strong>qui</strong></span> <span class='ocrx_word' id='word_1_368' title='bbox 3743 2567 3790 2619; x_wconf 86' lang='lat' dir='ltr'><strong>in</strong></span> 
     </span>
    </p>
   </div>
   <div class='ocr_carea' id='block_1_72' title="bbox 2200 2656 3793 2730">
    <p class='ocr_par' dir='ltr' id='par_1_72' title="bbox 2200 2656 3793 2730">
     <span class='ocr_line' id='line_1_72' title="bbox 2200 2656 3793 2730; baseline 0 -16"><span class='ocrx_word' id='word_1_369' title='bbox 2200 2670 2524 2730; x_wconf 86' lang='lat' dir='ltr'><strong>perpetuum</strong></span> <span class='ocrx_word' id='word_1_370' title='bbox 2555 2658 2640 2712; x_wconf 90' lang='lat' dir='ltr'><strong>sui</strong></span> <span class='ocrx_word' id='word_1_371' title='bbox 2682 2656 2891 2712; x_wconf 79' lang='lat' dir='ltr'><strong>fuerint</strong></span> <span class='ocrx_word' id='word_1_372' title='bbox 2919 2671 3292 2724; x_wconf 86' lang='lat' dir='ltr'><strong>successores,</strong></span> <span class='ocrx_word' id='word_1_373' title='bbox 3325 2672 3389 2712; x_wconf 88' lang='lat' dir='ltr'><strong>ea</strong></span> <span class='ocrx_word' id='word_1_374' title='bbox 3417 2673 3620 2714; x_wconf 86' lang='lat' dir='ltr'><strong>secura</strong></span> <span class='ocrx_word' id='word_1_375' title='bbox 3649 2670 3793 2714; x_wconf 77' lang='lat' dir='ltr'><strong>tran-</strong></span> 
     </span>
    </p>
   </div>
   <div class='ocr_carea' id='block_1_73' title="bbox 2199 2746 3791 2820">
    <p class='ocr_par' dir='ltr' id='par_1_73' title="bbox 2199 2746 3791 2820">
     <span class='ocr_line' id='line_1_73' title="bbox 2199 2746 3791 2820; baseline 0.002 -20"><span class='ocrx_word' id='word_1_376' title='bbox 2199 2750 2472 2820; x_wconf 80' lang='lat' dir='ltr'><strong>qnillitate</strong></span> <span class='ocrx_word' id='word_1_377' title='bbox 2498 2747 2834 2818; x_wconf 90' lang='lat' dir='ltr'><strong>possideant,</strong></span> <span class='ocrx_word' id='word_1_378' title='bbox 2865 2756 2922 2802; x_wconf 93' lang='lat' dir='ltr'><strong>et</strong></span> <span class='ocrx_word' id='word_1_379' title='bbox 2943 2746 3169 2803; x_wconf 85' lang='lat' dir='ltr'><strong>liberam</strong></span> <span class='ocrx_word' id='word_1_380' title='bbox 3198 2747 3438 2805; x_wconf 86' lang='lat' dir='ltr'><strong>habeant</strong></span> <span class='ocrx_word' id='word_1_381' title='bbox 3468 2758 3791 2819; x_wconf 83' lang='lat' dir='ltr'><strong>potestatein</strong></span> 
     </span>
    </p>
   </div>
   <div class='ocr_carea' id='block_1_74' title="bbox 2201 2840 3793 2912">
    <p class='ocr_par' dir='ltr' id='par_1_74' title="bbox 2201 2840 3793 2912">
     <span class='ocr_line' id='line_1_74' title="bbox 2201 2840 3793 2912; baseline 0 -16"><span class='ocrx_word' id='word_1_382' title='bbox 2201 2856 2290 2897; x_wconf 87' lang='lat' dir='ltr'><strong>res</strong></span> <span class='ocrx_word' id='word_1_383' title='bbox 2324 2850 2381 2897; x_wconf 90' lang='lat' dir='ltr'><strong>et</strong></span> <span class='ocrx_word' id='word_1_384' title='bbox 2414 2840 2779 2912; x_wconf 89' lang='lat' dir='ltr'><strong>proprietates</strong></span> <span class='ocrx_word' id='word_1_385' title='bbox 2830 2840 3074 2909; x_wconf 88' lang='lat' dir='ltr'><strong>ejusdem</strong></span> <span class='ocrx_word' id='word_1_386' title='bbox 3119 2841 3371 2897; x_wconf 62' lang='lat' dir='ltr'><strong>ecclesiae</strong></span> <span class='ocrx_word' id='word_1_387' title='bbox 3418 2843 3688 2900; x_wconf 85' lang='lat' dir='ltr'><strong>ordinare</strong></span> <span class='ocrx_word' id='word_1_388' title='bbox 3720 2851 3793 2897; x_wconf 86' lang='lat' dir='ltr'><strong>at-</strong></span> 
     </span>
    </p>
   </div>
   <div class='ocr_carea' id='block_1_75' title="bbox 2201 2931 3799 3005">
    <p class='ocr_par' dir='ltr' id='par_1_75' title="bbox 2201 2931 3799 3005">
     <span class='ocr_line' id='line_1_75' title="bbox 2201 2931 3799 3005; baseline 0.004 -22"><span class='ocrx_word' id='word_1_389' title='bbox 2201 2947 2307 3002; x_wconf 87' lang='lat' dir='ltr'><strong>que</strong></span> <span class='ocrx_word' id='word_1_390' title='bbox 2355 2947 2709 3003; x_wconf 89' lang='lat' dir='ltr'><strong>componere,</strong></span> <span class='ocrx_word' id='word_1_391' title='bbox 2743 2931 2826 2986; x_wconf 88' lang='lat' dir='ltr'><strong>vel</strong></span> <span class='ocrx_word' id='word_1_392' title='bbox 2865 2933 3030 2987; x_wconf 87' lang='lat' dir='ltr'><strong>etiam</strong></span> <span class='ocrx_word' id='word_1_393' title='bbox 3078 2944 3470 3005; x_wconf 78' lang='lat' dir='ltr'><strong>augmentare;</strong></span> <span class='ocrx_word' id='word_1_394' title='bbox 3524 2934 3799 3004; x_wconf 76' lang='lat' dir='ltr'><strong>dissipare</strong></span> 
     </span>
    </p>
   </div>
   <div class='ocr_carea' id='block_1_76' title="bbox 2202 3021 3793 3096">
    <p class='ocr_par' dir='ltr' id='par_1_76' title="bbox 2202 3021 3793 3096">
     <span class='ocr_line' id='line_1_76' title="bbox 2202 3021 3793 3096; baseline 0 -20"><span class='ocrx_word' id='word_1_395' title='bbox 2202 3037 2334 3077; x_wconf 90' lang='lat' dir='ltr'><strong>vero</strong></span> <span class='ocrx_word' id='word_1_396' title='bbox 2380 3032 2546 3093; x_wconf 89' lang='lat' dir='ltr'><strong>atque</strong></span> <span class='ocrx_word' id='word_1_397' title='bbox 2577 3021 2914 3079; x_wconf 85' lang='lat' dir='ltr'><strong>confundere</strong></span> <span class='ocrx_word' id='word_1_398' title='bbox 2953 3022 3155 3078; x_wconf 89' lang='lat' dir='ltr'><strong>nullam</strong></span> <span class='ocrx_word' id='word_1_399' title='bbox 3183 3024 3418 3081; x_wconf 86' lang='lat' dir='ltr'><strong>habeant</strong></span> <span class='ocrx_word' id='word_1_400' title='bbox 3443 3033 3793 3096; x_wconf 85' lang='lat' dir='ltr'><strong>potestatem.</strong></span> 
     </span>
    </p>
   </div>
   <div class='ocr_carea' id='block_1_77' title="bbox 2125 3075 3797 3186">
    <p class='ocr_par' dir='ltr' id='par_1_77' title="bbox 2125 3075 3797 3186">
     <span class='ocr_line' id='line_1_77' title="bbox 2125 3075 3797 3186; baseline 0.001 -16"><span class='ocrx_word' id='word_1_401' title='bbox 2125 3075 2169 3133; x_wconf 66' lang='grc' dir='ltr'>Ο</span> <span class='ocrx_word' id='word_1_402' title='bbox 2271 3114 2466 3172; x_wconf 87' lang='lat' dir='ltr'><strong>Nostra</strong></span> <span class='ocrx_word' id='word_1_403' title='bbox 2488 3130 2704 3186; x_wconf 88' lang='lat' dir='ltr'><strong>quoque</strong></span> <span class='ocrx_word' id='word_1_404' title='bbox 2726 3115 3049 3171; x_wconf 88' lang='lat' dir='ltr'><strong>auctoritate</strong></span> <span class='ocrx_word' id='word_1_405' title='bbox 3062 3116 3340 3171; x_wconf 88' lang='lat' dir='ltr'><strong>sancimus</strong></span> <span class='ocrx_word' id='word_1_406' title='bbox 3363 3119 3439 3171; x_wconf 92' lang='lat' dir='ltr'><strong>uti</strong></span> <span class='ocrx_word' id='word_1_407' title='bbox 3465 3118 3518 3171; x_wconf 90' lang='lat' dir='ltr'><strong>iu</strong></span> <span class='ocrx_word' id='word_1_408' title='bbox 3548 3117 3797 3172; x_wconf 81' lang='lat' dir='ltr'><strong>terminis</strong></span> 
     </span>
    </p>
   </div>
   <div class='ocr_carea' id='block_1_78' title="bbox 2199 3208 3794 3279">
    <p class='ocr_par' dir='ltr' id='par_1_78' title="bbox 2199 3208 3794 3279">
     <span class='ocr_line' id='line_1_78' title="bbox 2199 3208 3794 3279; baseline 0.001 -15"><span class='ocrx_word' id='word_1_409' title='bbox 2199 3220 2255 3265; x_wconf 90' lang='lat' dir='ltr'><strong>et</strong></span> <span class='ocrx_word' id='word_1_410' title='bbox 2300 3209 2352 3264; x_wconf 93' lang='lat' dir='ltr'><strong>in</strong></span> <span class='ocrx_word' id='word_1_411' title='bbox 2406 3208 2570 3264; x_wconf 87' lang='lat' dir='ltr'><strong>rebus</strong></span> <span class='ocrx_word' id='word_1_412' title='bbox 2620 3208 2861 3279; x_wconf 81' lang='lat' dir='ltr'><strong>ejusdem</strong></span> <span class='ocrx_word' id='word_1_413' title='bbox 2907 3208 3152 3265; x_wconf 69' lang='lat' dir='ltr'><strong>ecclesiae</strong></span> <span class='ocrx_word' id='word_1_414' title='bbox 3194 3209 3337 3263; x_wconf 90' lang='lat' dir='ltr'><strong>nulla</strong></span> <span class='ocrx_word' id='word_1_415' title='bbox 3384 3210 3457 3265; x_wconf 87' lang='lat' dir='ltr'><strong>sit</strong></span> <span class='ocrx_word' id='word_1_416' title='bbox 3515 3211 3794 3266; x_wconf 80' lang='lat' dir='ltr'><strong>infestatio</strong></span> 
     </span>
    </p>
   </div>
   <div class='ocr_carea' id='block_1_79' title="bbox 2201 3301 3791 3374">
    <p class='ocr_par' dir='ltr' id='par_1_79' title="bbox 2201 3301 3791 3374">
     <span class='ocr_line' id='line_1_79' title="bbox 2201 3301 3791 3374; baseline 0.001 -18"><span class='ocrx_word' id='word_1_417' title='bbox 2201 3312 2591 3374; x_wconf 90' lang='lat' dir='ltr'><strong>tyrannorum,</strong></span> <span class='ocrx_word' id='word_1_418' title='bbox 2637 3301 2720 3358; x_wconf 93' lang='lat' dir='ltr'><strong>vel</strong></span> <span class='ocrx_word' id='word_1_419' title='bbox 2780 3302 3012 3357; x_wconf 90' lang='lat' dir='ltr'><strong>aliorum</strong></span> <span class='ocrx_word' id='word_1_420' title='bbox 3076 3302 3445 3371; x_wconf 91' lang='lat' dir='ltr'><strong>quorumlibet</strong></span> <span class='ocrx_word' id='word_1_421' title='bbox 3498 3317 3791 3374; x_wconf 80' lang='lat' dir='ltr'><strong>pravorum</strong></span> 
     </span>
    </p>
   </div>
   <div class='ocr_carea' id='block_1_80' title="bbox 2200 3394 3791 3465">
    <p class='ocr_par' dir='ltr' id='par_1_80' title="bbox 2200 3394 3791 3465">
     <span class='ocr_line' id='line_1_80' title="bbox 2200 3394 3791 3465; baseline -0.001 -15"><span class='ocrx_word' id='word_1_422' title='bbox 2200 3396 2504 3461; x_wconf 91' lang='lat' dir='ltr'><strong>hominum,</strong></span> <span class='ocrx_word' id='word_1_423' title='bbox 2527 3396 2641 3450; x_wconf 89' lang='lat' dir='ltr'><strong>sive</strong></span> <span class='ocrx_word' id='word_1_424' title='bbox 2664 3395 2773 3450; x_wconf 89' lang='lat' dir='ltr'><strong>siut</strong></span> <span class='ocrx_word' id='word_1_425' title='bbox 2802 3394 2854 3449; x_wconf 91' lang='lat' dir='ltr'><strong>in</strong></span> <span class='ocrx_word' id='word_1_426' title='bbox 2887 3396 3111 3451; x_wconf 82' lang='lat' dir='ltr'><strong>civitate</strong></span> <span class='ocrx_word' id='word_1_427' title='bbox 3160 3395 3272 3465; x_wconf 86' lang='lat' dir='ltr'><strong>ipsa</strong></span> <span class='ocrx_word' id='word_1_428' title='bbox 3304 3396 3660 3459; x_wconf 70' lang='lat' dir='ltr'><strong>Babenherk,</strong></span> <span class='ocrx_word' id='word_1_429' title='bbox 3681 3396 3791 3451; x_wconf 83' lang='lat' dir='ltr'><strong>sive</strong></span> 
     </span>
    </p>
   </div>
   <div class='ocr_carea' id='block_1_81' title="bbox 2195 3483 3785 3551">
    <p class='ocr_par' dir='ltr' id='par_1_81' title="bbox 2195 3483 3785 3551">
     <span class='ocr_line' id='line_1_81' title="bbox 2195 3483 3785 3551; baseline 0.001 -12"><span class='ocrx_word' id='word_1_430' title='bbox 2195 3484 2252 3540; x_wconf 91' lang='lat' dir='ltr'><strong>in</strong></span> <span class='ocrx_word' id='word_1_431' title='bbox 2282 3483 2521 3540; x_wconf 88' lang='lat' dir='ltr'><strong>castellis</strong></span> <span class='ocrx_word' id='word_1_432' title='bbox 2566 3492 2625 3540; x_wconf 91' lang='lat' dir='ltr'><strong>et</strong></span> <span class='ocrx_word' id='word_1_433' title='bbox 2674 3484 2841 3551; x_wconf 88' lang='lat' dir='ltr'><strong>villis,</strong></span> <span class='ocrx_word' id='word_1_434' title='bbox 2870 3485 3047 3540; x_wconf 85' lang='lat' dir='ltr'><strong>servis</strong></span> <span class='ocrx_word' id='word_1_435' title='bbox 3092 3494 3150 3541; x_wconf 91' lang='lat' dir='ltr'><strong>et</strong></span> <span class='ocrx_word' id='word_1_436' title='bbox 3192 3485 3426 3549; x_wconf 87' lang='lat' dir='ltr'><strong>ancillis,</strong></span> <span class='ocrx_word' id='word_1_437' title='bbox 3456 3486 3785 3549; x_wconf 79' lang='lat' dir='ltr'><strong>tributariis.</strong></span> 
     </span>
    </p>
   </div>
   <div class='ocr_carea' id='block_1_82' title="bbox 2196 3576 3789 3649">
    <p class='ocr_par' dir='ltr' id='par_1_82' title="bbox 2196 3576 3789 3649">
     <span class='ocr_line' id='line_1_82' title="bbox 2196 3576 3789 3649; baseline 0.001 -18"><span class='ocrx_word' id='word_1_438' title='bbox 2196 3577 2422 3633; x_wconf 84' lang='lat' dir='ltr'><strong>decimis</strong></span> <span class='ocrx_word' id='word_1_439' title='bbox 2444 3617 2459 3644; x_wconf 93' lang='lat'><strong>,</strong></span> <span class='ocrx_word' id='word_1_440' title='bbox 2509 3576 2838 3644; x_wconf 85' lang='lat' dir='ltr'><strong>forestibus,</strong></span> <span class='ocrx_word' id='word_1_441' title='bbox 2880 3578 3061 3644; x_wconf 86' lang='lat' dir='ltr'><strong>silvis,</strong></span> <span class='ocrx_word' id='word_1_442' title='bbox 3094 3578 3518 3649; x_wconf 86' lang='lat' dir='ltr'><strong>piscationibus,</strong></span> <span class='ocrx_word' id='word_1_443' title='bbox 3545 3580 3789 3635; x_wconf 85' lang='lat' dir='ltr'><strong>venatio—</strong></span> 
     </span>
    </p>
   </div>
   <div class='ocr_carea' id='block_1_83' title="bbox 2194 3662 3786 3741">
    <p class='ocr_par' dir='ltr' id='par_1_83' title="bbox 2194 3662 3786 3741">
     <span class='ocr_line' id='line_1_83' title="bbox 2194 3662 3786 3741; baseline 0.002 -20"><span class='ocrx_word' id='word_1_444' title='bbox 2194 3662 2378 3736; x_wconf 72' lang='lat' dir='ltr'><strong>tﬁbus,</strong></span> <span class='ocrx_word' id='word_1_445' title='bbox 2403 3668 2726 3724; x_wconf 88' lang='lat' dir='ltr'><strong>molendiuis</strong></span> <span class='ocrx_word' id='word_1_446' title='bbox 2754 3709 2769 3733; x_wconf 95' lang='lat'><strong>,</strong></span> <span class='ocrx_word' id='word_1_447' title='bbox 2802 3670 3010 3740; x_wconf 88' lang='lat' dir='ltr'><strong>eampis</strong></span> <span class='ocrx_word' id='word_1_448' title='bbox 3035 3710 3048 3733; x_wconf 93' lang='lat'><strong>,</strong></span> <span class='ocrx_word' id='word_1_449' title='bbox 3077 3671 3249 3740; x_wconf 90' lang='lat' dir='ltr'><strong>pratis</strong></span> <span class='ocrx_word' id='word_1_450' title='bbox 3275 3710 3290 3734; x_wconf 94' lang='lat'><strong>,</strong></span> <span class='ocrx_word' id='word_1_451' title='bbox 3316 3671 3536 3741; x_wconf 85' lang='lat' dir='ltr'><strong>pascuis</strong></span> <span class='ocrx_word' id='word_1_452' title='bbox 3564 3711 3583 3735; x_wconf 94' lang='lat'><strong>,</strong></span> <span class='ocrx_word' id='word_1_453' title='bbox 3629 3671 3786 3724; x_wconf 87' lang='lat' dir='ltr'><strong>terris</strong></span> 
     </span>
    </p>
   </div>
   <div class='ocr_carea' id='block_1_84' title="bbox 2194 3759 3784 3834">
    <p class='ocr_par' dir='ltr' id='par_1_84' title="bbox 2194 3759 3784 3834">
     <span class='ocr_line' id='line_1_84' title="bbox 2194 3759 3784 3834; baseline 0.001 -20"><span class='ocrx_word' id='word_1_454' title='bbox 2194 3759 2356 3816; x_wconf 91' lang='lat' dir='ltr'><strong>cultis</strong></span> <span class='ocrx_word' id='word_1_455' title='bbox 2413 3768 2469 3815; x_wconf 89' lang='lat' dir='ltr'><strong>et</strong></span> <span class='ocrx_word' id='word_1_456' title='bbox 2497 3759 2737 3828; x_wconf 86' lang='lat' dir='ltr'><strong>incultis,</strong></span> <span class='ocrx_word' id='word_1_457' title='bbox 2759 3768 2813 3816; x_wconf 91' lang='lat' dir='ltr'><strong>et</strong></span> <span class='ocrx_word' id='word_1_458' title='bbox 2854 3761 3114 3831; x_wconf 91' lang='lat' dir='ltr'><strong>quidquid</strong></span> <span class='ocrx_word' id='word_1_459' title='bbox 3144 3762 3306 3818; x_wconf 90' lang='lat' dir='ltr'><strong>modo</strong></span> <span class='ocrx_word' id='word_1_460' title='bbox 3347 3761 3477 3817; x_wconf 87' lang='lat' dir='ltr'><strong>illuc</strong></span> <span class='ocrx_word' id='word_1_461' title='bbox 3528 3763 3784 3834; x_wconf 87' lang='lat' dir='ltr'><strong>pertinet,</strong></span> 
     </span>
    </p>
   </div>
   <div class='ocr_carea' id='block_1_85' title="bbox 2192 3848 3786 3921">
    <p class='ocr_par' dir='ltr' id='par_1_85' title="bbox 2192 3848 3786 3921">
     <span class='ocr_line' id='line_1_85' title="bbox 2192 3848 3786 3921; baseline -0.001 -16"><span class='ocrx_word' id='word_1_462' title='bbox 2192 3850 2278 3905; x_wconf 84' lang='lat' dir='ltr'><strong>vel</strong></span> <span class='ocrx_word' id='word_1_463' title='bbox 2315 3851 2371 3906; x_wconf 92' lang='lat' dir='ltr'><strong>in</strong></span> <span class='ocrx_word' id='word_1_464' title='bbox 2400 3848 2643 3906; x_wconf 91' lang='lat' dir='ltr'><strong>futurum</strong></span> <span class='ocrx_word' id='word_1_465' title='bbox 2684 3850 2894 3921; x_wconf 90' lang='lat' dir='ltr'><strong>acquiri</strong></span> <span class='ocrx_word' id='word_1_466' title='bbox 2926 3850 3131 3920; x_wconf 86' lang='lat' dir='ltr'><strong>possit,</strong></span> <span class='ocrx_word' id='word_1_467' title='bbox 3166 3866 3264 3921; x_wconf 84' lang='lat' dir='ltr'><strong>per</strong></span> <span class='ocrx_word' id='word_1_468' title='bbox 3296 3860 3502 3905; x_wconf 72' lang='lat' dir='ltr'><strong>nostrae</strong></span> <span class='ocrx_word' id='word_1_469' title='bbox 3545 3853 3786 3906; x_wconf 83' lang='lat' dir='ltr'><strong>auctori-</strong></span> 
     </span>
    </p>
   </div>
   <div class='ocr_carea' id='block_1_86' title="bbox 2196 3939 3783 4012">
    <p class='ocr_par' dir='ltr' id='par_1_86' title="bbox 2196 3939 3783 4012">
     <span class='ocr_line' id='line_1_86' title="bbox 2196 3939 3783 4012; baseline 0.001 -16"><span class='ocrx_word' id='word_1_470' title='bbox 2196 3941 2323 3997; x_wconf 89' lang='lat' dir='ltr'><strong>tatis</strong></span> <span class='ocrx_word' id='word_1_471' title='bbox 2361 3939 2709 4012; x_wconf 77' lang='lat' dir='ltr'><strong>privilegium</strong></span> <span class='ocrx_word' id='word_1_472' title='bbox 2759 3939 3206 4008; x_wconf 85' lang='lat' dir='ltr'><strong>corroboratum,</strong></span> <span class='ocrx_word' id='word_1_473' title='bbox 3256 3942 3311 3995; x_wconf 93' lang='lat' dir='ltr'><strong>in</strong></span> <span class='ocrx_word' id='word_1_474' title='bbox 3352 3957 3548 3997; x_wconf 85' lang='lat' dir='ltr'><strong>secura</strong></span> <span class='ocrx_word' id='word_1_475' title='bbox 3605 3943 3783 4012; x_wconf 86' lang='lat' dir='ltr'><strong>quiete</strong></span> 
     </span>
    </p>
   </div>
   <div class='ocr_carea' id='block_1_87' title="bbox 2191 4029 3783 4103">
    <p class='ocr_par' dir='ltr' id='par_1_87' title="bbox 2191 4029 3783 4103">
     <span class='ocr_line' id='line_1_87' title="bbox 2191 4029 3783 4103; baseline -0.002 -15"><span class='ocrx_word' id='word_1_476' title='bbox 2191 4040 2532 4103; x_wconf 84' lang='lat' dir='ltr'><strong>permaneat.</strong></span> <span class='ocrx_word' id='word_1_477' title='bbox 2561 4029 2751 4086; x_wconf 87' lang='lat' dir='ltr'><strong>Nullus</strong></span> <span class='ocrx_word' id='word_1_478' title='bbox 2780 4030 2854 4086; x_wconf 94' lang='lat' dir='ltr'><strong>ibi</strong></span> <span class='ocrx_word' id='word_1_479' title='bbox 2892 4044 3077 4086; x_wconf 90' lang='lat' dir='ltr'><strong>comes</strong></span> <span class='ocrx_word' id='word_1_480' title='bbox 3099 4039 3193 4086; x_wconf 90' lang='lat' dir='ltr'><strong>aut</strong></span> <span class='ocrx_word' id='word_1_481' title='bbox 3213 4031 3382 4103; x_wconf 76' lang='lat' dir='ltr'><strong>judex</strong></span> <span class='ocrx_word' id='word_1_482' title='bbox 3402 4032 3575 4102; x_wconf 84' lang='lat' dir='ltr'><strong>legem</strong></span> <span class='ocrx_word' id='word_1_483' title='bbox 3605 4033 3783 4087; x_wconf 72' lang='lat' dir='ltr'><strong>facere</strong></span> 
     </span>
    </p>
   </div>
   <div class='ocr_carea' id='block_1_88' title="bbox 2191 4122 3775 4196">
    <p class='ocr_par' dir='ltr' id='par_1_88' title="bbox 2191 4122 3775 4196">
     <span class='ocr_line' id='line_1_88' title="bbox 2191 4122 3775 4196; baseline -0.002 -16"><span class='ocrx_word' id='word_1_484' title='bbox 2191 4122 2626 4196; x_wconf 64' lang='lat' dir='ltr'><strong>praesumat,nisi</strong></span> <span class='ocrx_word' id='word_1_485' title='bbox 2649 4137 2813 4193; x_wconf 92' lang='lat' dir='ltr'><strong>quam</strong></span> <span class='ocrx_word' id='word_1_486' title='bbox 2831 4137 2929 4193; x_wconf 91' lang='lat' dir='ltr'><strong>per</strong></span> <span class='ocrx_word' id='word_1_487' title='bbox 2956 4123 3365 4179; x_wconf 89' lang='lat' dir='ltr'><strong>concessionem</strong></span> <span class='ocrx_word' id='word_1_488' title='bbox 3397 4122 3775 4195; x_wconf 85' lang='lat' dir='ltr'><strong>gloriosissimi</strong></span> 
     </span>
    </p>
   </div>
   <div class='ocr_carea' id='block_1_89' title="bbox 2193 4212 3777 4287">
    <p class='ocr_par' dir='ltr' id='par_1_89' title="bbox 2193 4212 3777 4287">
     <span class='ocr_line' id='line_1_89' title="bbox 2193 4212 3777 4287; baseline -0.001 -16"><span class='ocrx_word' id='word_1_489' title='bbox 2193 4217 2338 4287; x_wconf 85' lang='lat' dir='ltr'><strong>regis</strong></span> <span class='ocrx_word' id='word_1_490' title='bbox 2366 4214 2608 4271; x_wconf 80' lang='lat' dir='ltr'><strong>Heinrici</strong></span> <span class='ocrx_word' id='word_1_491' title='bbox 2644 4213 2729 4269; x_wconf 90' lang='lat' dir='ltr'><strong>vel</strong></span> <span class='ocrx_word' id='word_1_492' title='bbox 2759 4228 3137 4270; x_wconf 90' lang='lat' dir='ltr'><strong>successorum</strong></span> <span class='ocrx_word' id='word_1_493' title='bbox 3174 4212 3292 4284; x_wconf 90' lang='lat' dir='ltr'><strong>ejus</strong></span> <span class='ocrx_word' id='word_1_494' title='bbox 3332 4215 3628 4286; x_wconf 84' lang='lat' dir='ltr'><strong>cpiscopus</strong></span> <span class='ocrx_word' id='word_1_495' title='bbox 3680 4214 3777 4269; x_wconf 82' lang='lat' dir='ltr'><strong>loci</strong></span> 
     </span>
    </p>
   </div>
   <div class='ocr_carea' id='block_1_90' title="bbox 2191 4304 3774 4378">
    <p class='ocr_par' dir='ltr' id='par_1_90' title="bbox 2191 4304 3774 4378">
     <span class='ocr_line' id='line_1_90' title="bbox 2191 4304 3774 4378; baseline 0 -16"><span class='ocrx_word' id='word_1_496' title='bbox 2191 4306 2430 4375; x_wconf 90' lang='lat' dir='ltr'><strong>ejusdem</strong></span> <span class='ocrx_word' id='word_1_497' title='bbox 2459 4304 2740 4376; x_wconf 78' lang='lat' dir='ltr'><strong>deligeret.</strong></span> <span class='ocrx_word' id='word_1_498' title='bbox 2769 4304 2926 4360; x_wconf 83' lang='lat' dir='ltr'><strong>Nulla</strong></span> <span class='ocrx_word' id='word_1_499' title='bbox 2956 4306 3131 4360; x_wconf 87' lang='lat' dir='ltr'><strong>aliena</strong></span> <span class='ocrx_word' id='word_1_500' title='bbox 3153 4314 3393 4376; x_wconf 89' lang='lat' dir='ltr'><strong>potestas</strong></span> <span class='ocrx_word' id='word_1_501' title='bbox 3421 4307 3496 4362; x_wconf 87' lang='lat' dir='ltr'><strong>ibi</strong></span> <span class='ocrx_word' id='word_1_502' title='bbox 3522 4323 3625 4378; x_wconf 90' lang='lat' dir='ltr'><strong>per</strong></span> <span class='ocrx_word' id='word_1_503' title='bbox 3664 4308 3774 4362; x_wconf 72' lang='lat' dir='ltr'><strong>vio~</strong></span> 
     </span>
    </p>
   </div>
   <div class='ocr_carea' id='block_1_91' title="bbox 570 4388 3773 4494">
    <p class='ocr_par' dir='ltr' id='par_1_91' title="bbox 570 4388 3773 4494">
     <span class='ocr_line' id='line_1_91' title="bbox 570 4388 3773 4494; baseline -0.005 -28"><span class='ocrx_word' id='word_1_504' title='bbox 570 4401 762 4456; x_wconf 74' lang='lat' dir='ltr'><strong>Datum</strong></span> <span class='ocrx_word' id='word_1_505' title='bbox 798 4406 853 4453; x_wconf 69' lang='lat' dir='ltr'><strong>et</strong></span> <span class='ocrx_word' id='word_1_506' title='bbox 900 4396 1159 4466; x_wconf 69' lang='lat' dir='ltr'><strong>scriptum</strong></span> <span class='ocrx_word' id='word_1_507' title='bbox 1202 4410 1297 4465; x_wconf 76' lang='lat' dir='ltr'><strong>per</strong></span> <span class='ocrx_word' id='word_1_508' title='bbox 1340 4409 1536 4450; x_wconf 84' lang='lat' dir='ltr'><strong>manus</strong></span> <span class='ocrx_word' id='word_1_509' title='bbox 1579 4392 1724 4449; x_wconf 75' lang='lat' dir='ltr'><strong>Petri</strong></span> <span class='ocrx_word' id='word_1_510' title='bbox 1776 4388 2085 4447; x_wconf 80' lang='lat' dir='ltr'><strong>cancellarii</strong></span> <span class='ocrx_word' id='word_1_511' title='bbox 2116 4436 2167 4494; x_wconf 70' lang='grc' dir='ltr'>υ</span> <span class='ocrx_word' id='word_1_512' title='bbox 2193 4398 2415 4454; x_wconf 86' lang='lat' dir='ltr'><strong>lentiam</strong></span> <span class='ocrx_word' id='word_1_513' title='bbox 2443 4398 2637 4453; x_wconf 89' lang='lat' dir='ltr'><strong>irruat.</strong></span> <span class='ocrx_word' id='word_1_514' title='bbox 2670 4396 2755 4452; x_wconf 91' lang='lat' dir='ltr'><strong>Sit</strong></span> <span class='ocrx_word' id='word_1_515' title='bbox 2782 4397 2873 4452; x_wconf 86' lang='lat' dir='ltr'><strong>ille</strong></span> <span class='ocrx_word' id='word_1_516' title='bbox 2902 4398 3246 4468; x_wconf 79' lang='lat' dir='ltr'><strong>episcopatus</strong></span> <span class='ocrx_word' id='word_1_517' title='bbox 3272 4398 3412 4453; x_wconf 90' lang='lat' dir='ltr'><strong>liber</strong></span> <span class='ocrx_word' id='word_1_518' title='bbox 3449 4400 3601 4455; x_wconf 87' lang='lat' dir='ltr'><strong>etab</strong></span> <span class='ocrx_word' id='word_1_519' title='bbox 3629 4398 3773 4455; x_wconf 77' lang='lat' dir='ltr'><strong>omni</strong></span> 
     </span>
    </p>
   </div>
   <div class='ocr_carea' id='block_1_92' title="bbox 499 4487 2081 4562">
    <p class='ocr_par' dir='ltr' id='par_1_92' title="bbox 499 4487 2081 4562">
     <span class='ocr_line' id='line_1_92' title="bbox 499 4487 2081 4562; baseline -0.008 -11"><span class='ocrx_word' id='word_1_520' title='bbox 499 4494 641 4551; x_wconf 88' lang='lat' dir='ltr'><strong>sacri</strong></span> <span class='ocrx_word' id='word_1_521' title='bbox 689 4491 1076 4549; x_wconf 86' lang='lat' dir='ltr'><strong>Lateraneusis</strong></span> <span class='ocrx_word' id='word_1_522' title='bbox 1105 4490 1291 4562; x_wconf 89' lang='lat' dir='ltr'><strong>palatii</strong></span> <span class='ocrx_word' id='word_1_523' title='bbox 1341 4491 1396 4545; x_wconf 90' lang='lat' dir='ltr'><strong>in</strong></span> <span class='ocrx_word' id='word_1_524' title='bbox 1445 4505 1633 4546; x_wconf 87' lang='lat' dir='ltr'><strong>mense</strong></span> <span class='ocrx_word' id='word_1_525' title='bbox 1662 4488 1859 4553; x_wconf 81' lang='lat' dir='ltr'><strong>Madio,</strong></span> <span class='ocrx_word' id='word_1_526' title='bbox 1884 4487 1995 4543; x_wconf 91' lang='lat' dir='ltr'><strong>ind.</strong></span> <span class='ocrx_word' id='word_1_527' title='bbox 2027 4501 2081 4539; x_wconf 89' lang='lat' dir='ltr'><strong>v.</strong></span> 
     </span>
    </p>
   </div>
   <div class='ocr_carea' id='block_1_93' title="bbox 1253 4607 1324 4664">
    <p class='ocr_par' dir='ltr' id='par_1_93' title="bbox 1253 4607 1324 4664">
     <span class='ocr_line' id='line_1_93' title="bbox 1253 4607 1324 4664; baseline -0.028 0"><span class='ocrx_word' id='word_1_528' title='bbox 1253 4607 1324 4664; x_wconf 83' lang='lat' dir='ltr'><strong>X.</strong></span> 
     </span>
    </p>
   </div>
   <div class='ocr_carea' id='block_1_94' title="bbox 495 4698 2079 4778">
    <p class='ocr_par' dir='ltr' id='par_1_94' title="bbox 495 4698 2079 4778">
     <span class='ocr_line' id='line_1_94' title="bbox 495 4698 2079 4778; baseline -0.008 -17"><span class='ocrx_word' id='word_1_529' title='bbox 495 4703 743 4778; x_wconf 81' lang='lat' dir='ltr'><strong>Diploma</strong></span> <span class='ocrx_word' id='word_1_530' title='bbox 763 4703 992 4761; x_wconf 76' lang='lat' dir='ltr'><strong>Joannis</strong></span> <span class='ocrx_word' id='word_1_531' title='bbox 1017 4700 1250 4778; x_wconf 78' lang='lat' dir='ltr'><strong>X_V11_f,</strong></span> <span class='ocrx_word' id='word_1_532' title='bbox 1280 4716 1384 4772; x_wconf 88' lang='lat' dir='ltr'><strong>quo</strong></span> <span class='ocrx_word' id='word_1_533' title='bbox 1411 4698 1689 4768; x_wconf 81' lang='lat' dir='ltr'><strong>conﬁrmat</strong></span> <span class='ocrx_word' id='word_1_534' title='bbox 1726 4698 2079 4769; x_wconf 77' lang='lat' dir='ltr'><strong>episwpatum</strong></span> 
     </span>
    </p>
   </div>
   <div class='ocr_carea' id='block_1_95' title="bbox 1063 4772 1517 4842">
    <p class='ocr_par' dir='ltr' id='par_1_95' title="bbox 1063 4772 1517 4842">
     <span class='ocr_line' id='line_1_95' title="bbox 1063 4772 1517 4842; baseline -0.009 -16"><span class='ocrx_word' id='word_1_535' title='bbox 1063 4772 1517 4842; x_wconf 76' lang='lat' dir='ltr'><strong>Bambergensem.</strong></span> 
     </span>
    </p>
   </div>
   <div class='ocr_carea' id='block_1_96' title="bbox 1083 4862 1482 4939">
    <p class='ocr_par' dir='ltr' id='par_1_96' title="bbox 1083 4862 1482 4939">
     <span class='ocr_line' id='line_1_96' title="bbox 1083 4862 1482 4939; baseline -0.018 -18"><span class='ocrx_word' id='word_1_536' title='bbox 1083 4866 1259 4939; x_wconf 80' lang='lat' dir='ltr'><strong>(Anno</strong></span> <span class='ocrx_word' id='word_1_537' title='bbox 1297 4862 1482 4933; x_wconf 83' lang='grc'><strong>1007.)</strong></span> 
     </span>
    </p>
   </div>
   <div class='ocr_carea' id='block_1_97' title="bbox 885 4950 1664 5032">
    <p class='ocr_par' dir='ltr' id='par_1_97' title="bbox 885 4950 1664 5032">
     <span class='ocr_line' id='line_1_97' title="bbox 885 4950 1664 5032; baseline -0.013 -16"><span class='ocrx_word' id='word_1_538' title='bbox 885 4958 1097 5032; x_wconf 57' lang='grc' dir='ltr'><strong>[Μλκεῃ</strong></span> <span class='ocrx_word' id='word_1_539' title='bbox 1125 4955 1312 5011; x_wconf 83' lang='lat' dir='ltr'><strong>concil.</strong></span> <span class='ocrx_word' id='word_1_540' title='bbox 1338 4952 1481 5020; x_wconf 82' lang='lat' dir='ltr'><strong>XIX,</strong></span> <span class='ocrx_word' id='word_1_541' title='bbox 1510 4950 1664 5024; x_wconf 70' lang='lat'><strong>286.]</strong></span> 
     </span>
    </p>
   </div>
   <div class='ocr_carea' id='block_1_98' title="bbox 564 5043 1791 5122">
    <p class='ocr_par' dir='ltr' id='par_1_98' title="bbox 564 5043 1791 5122">
     <span class='ocr_line' id='line_1_98' title="bbox 564 5043 1791 5122; baseline -0.011 -14"><span class='ocrx_word' id='word_1_542' title='bbox 564 5050 799 5110; x_wconf 59' lang='lat' dir='ltr'><strong>Joannes</strong></span> <span class='ocrx_word' id='word_1_543' title='bbox 826 5052 1136 5122; x_wconf 88' lang='lat' dir='ltr'><strong>episcopus,</strong></span> <span class='ocrx_word' id='word_1_544' title='bbox 1163 5062 1351 5102; x_wconf 85' lang='lat' dir='ltr'><strong>servus</strong></span> <span class='ocrx_word' id='word_1_545' title='bbox 1375 5059 1653 5101; x_wconf 84' lang='lat' dir='ltr'><strong>servorum</strong></span> <span class='ocrx_word' id='word_1_546' title='bbox 1680 5043 1791 5097; x_wconf 90' lang='lat' dir='ltr'><strong>Dei.</strong></span> 
     </span>
    </p>
   </div>
   <div class='ocr_carea' id='block_1_99' title="bbox 567 5130 2081 5200">
    <p class='ocr_par' dir='ltr' id='par_1_99' title="bbox 567 5130 2081 5200">
     <span class='ocr_line' id='line_1_99' title="bbox 567 5130 2081 5200; baseline -0.013 0"><span class='ocrx_word' id='word_1_547' title='bbox 567 5141 738 5200; x_wconf 79' lang='lat' dir='ltr'><strong>Ofﬁcii</strong></span> <span class='ocrx_word' id='word_1_548' title='bbox 773 5141 945 5196; x_wconf 90' lang='lat' dir='ltr'><strong>nostri</strong></span> <span class='ocrx_word' id='word_1_549' title='bbox 976 5147 1061 5194; x_wconf 92' lang='lat' dir='ltr'><strong>est</strong></span> <span class='ocrx_word' id='word_1_550' title='bbox 1086 5137 1330 5193; x_wconf 90' lang='lat' dir='ltr'><strong>omnium</strong></span> <span class='ocrx_word' id='word_1_551' title='bbox 1355 5143 1668 5192; x_wconf 90' lang='lat' dir='ltr'><strong>sanctarum</strong></span> <span class='ocrx_word' id='word_1_552' title='bbox 1700 5132 1794 5188; x_wconf 84' lang='lat' dir='ltr'><strong>Dei</strong></span> <span class='ocrx_word' id='word_1_553' title='bbox 1818 5130 2081 5187; x_wconf 84' lang='lat' dir='ltr'><strong>Ecclesia-</strong></span> 
     </span>
    </p>
   </div>
   <div class='ocr_carea' id='block_1_100' title="bbox 2191 4489 3775 4562">
    <p class='ocr_par' dir='ltr' id='par_1_100' title="bbox 2191 4489 3775 4562">
     <span class='ocr_line' id='line_1_100' title="bbox 2191 4489 3775 4562; baseline -0.001 -15"><span class='ocrx_word' id='word_1_554' title='bbox 2191 4499 2464 4562; x_wconf 89' lang='lat' dir='ltr'><strong>potestate</strong></span> <span class='ocrx_word' id='word_1_555' title='bbox 2516 4500 2778 4547; x_wconf 76' lang='lat' dir='ltr'><strong>extranea</strong></span> <span class='ocrx_word' id='word_1_556' title='bbox 2826 4504 3083 4556; x_wconf 88' lang='lat' dir='ltr'><strong>securus,</strong></span> <span class='ocrx_word' id='word_1_557' title='bbox 3113 4489 3359 4547; x_wconf 82' lang='lat' dir='ltr'><strong>Romano</strong></span> <span class='ocrx_word' id='word_1_558' title='bbox 3401 4492 3775 4547; x_wconf 74' lang='lat' dir='ltr'><strong>tantummodo</strong></span> 
     </span>
    </p>
   </div>
   <div class='ocr_carea' id='block_1_101' title="bbox 2189 4580 3773 4652">
    <p class='ocr_par' dir='ltr' id='par_1_101' title="bbox 2189 4580 3773 4652">
     <span class='ocr_line' id='line_1_101' title="bbox 2189 4580 3773 4652; baseline -0.001 -15"><span class='ocrx_word' id='word_1_559' title='bbox 2189 4582 2578 4637; x_wconf 87' lang='lat' dir='ltr'><strong>mundilntrdio</strong></span> <span class='ocrx_word' id='word_1_560' title='bbox 2608 4580 2687 4651; x_wconf 78' lang='lat'><strong>(3)</strong></span> <span class='ocrx_word' id='word_1_561' title='bbox 2721 4581 2971 4636; x_wconf 88' lang='lat' dir='ltr'><strong>subditus</strong></span> <span class='ocrx_word' id='word_1_562' title='bbox 3010 4595 3026 4635; x_wconf 87' lang='lat'><strong>:</strong></span> <span class='ocrx_word' id='word_1_563' title='bbox 3058 4590 3328 4650; x_wconf 88' lang='lat' dir='ltr'><strong>quatenus</strong></span> <span class='ocrx_word' id='word_1_564' title='bbox 3369 4583 3662 4652; x_wconf 68' lang='lat' dir='ltr'><strong>episctipus</strong></span> <span class='ocrx_word' id='word_1_565' title='bbox 3709 4596 3773 4636; x_wconf 79' lang='lat' dir='ltr'><strong>eo</strong></span> 
     </span>
    </p>
   </div>
   <div class='ocr_carea' id='block_1_102' title="bbox 2187 4671 3769 4742">
    <p class='ocr_par' dir='ltr' id='par_1_102' title="bbox 2187 4671 3769 4742">
     <span class='ocr_line' id='line_1_102' title="bbox 2187 4671 3769 4742; baseline -0.001 -13"><span class='ocrx_word' id='word_1_566' title='bbox 2187 4672 2385 4729; x_wconf 89' lang='lat' dir='ltr'><strong>melius</strong></span> <span class='ocrx_word' id='word_1_567' title='bbox 2410 4689 2538 4728; x_wconf 90' lang='lat' dir='ltr'><strong>cum</strong></span> <span class='ocrx_word' id='word_1_568' title='bbox 2571 4672 2850 4727; x_wconf 89' lang='lat' dir='ltr'><strong>canonicis</strong></span> <span class='ocrx_word' id='word_1_569' title='bbox 2896 4671 3009 4727; x_wconf 90' lang='lat' dir='ltr'><strong>suis</strong></span> <span class='ocrx_word' id='word_1_570' title='bbox 3032 4673 3256 4728; x_wconf 90' lang='lat' dir='ltr'><strong>servitio</strong></span> <span class='ocrx_word' id='word_1_571' title='bbox 3293 4675 3387 4729; x_wconf 87' lang='lat' dir='ltr'><strong>Dei</strong></span> <span class='ocrx_word' id='word_1_572' title='bbox 3414 4679 3587 4742; x_wconf 91' lang='lat' dir='ltr'><strong>possit</strong></span> <span class='ocrx_word' id='word_1_573' title='bbox 3648 4675 3769 4727; x_wconf 51' lang='lat' dir='ltr'><strong>insi-</strong></span> 
     </span>
    </p>
   </div>
   <div class='ocr_carea' id='block_1_103' title="bbox 2184 4754 3763 4834">
    <p class='ocr_par' dir='ltr' id='par_1_103' title="bbox 2184 4754 3763 4834">
     <span class='ocr_line' id='line_1_103' title="bbox 2184 4754 3763 4834; baseline -0.001 -14"><span class='ocrx_word' id='word_1_574' title='bbox 2184 4777 2349 4831; x_wconf 90' lang='lat' dir='ltr'><strong>stere,</strong></span> <span class='ocrx_word' id='word_1_575' title='bbox 2385 4773 2440 4820; x_wconf 91' lang='lat' dir='ltr'><strong>et</strong></span> <span class='ocrx_word' id='word_1_576' title='bbox 2462 4762 2622 4834; x_wconf 89' lang='lat' dir='ltr'><strong>primi</strong></span> <span class='ocrx_word' id='word_1_577' title='bbox 2650 4762 3043 4818; x_wconf 88' lang='lat' dir='ltr'><strong>coustructoris</strong></span> <span class='ocrx_word' id='word_1_578' title='bbox 3063 4761 3304 4831; x_wconf 88' lang='lat' dir='ltr'><strong>ejusdem</strong></span> <span class='ocrx_word' id='word_1_579' title='bbox 3328 4754 3432 4820; x_wconf 77' lang='lat' dir='ltr'><strong>laci</strong></span> <span class='ocrx_word' id='word_1_580' title='bbox 3455 4773 3509 4819; x_wconf 91' lang='lat' dir='ltr'><strong>et</strong></span> <span class='ocrx_word' id='word_1_581' title='bbox 3542 4777 3763 4834; x_wconf 62' lang='lat' dir='ltr'><strong>recupt~</strong></span> 
     </span>
    </p>
   </div>
   <div class='ocr_carea' id='block_1_104' title="bbox 2183 4854 3765 4928">
    <p class='ocr_par' dir='ltr' id='par_1_104' title="bbox 2183 4854 3765 4928">
     <span class='ocr_line' id='line_1_104' title="bbox 2183 4854 3765 4928; baseline -0.002 -15"><span class='ocrx_word' id='word_1_582' title='bbox 2183 4859 2385 4914; x_wconf 89' lang='lat' dir='ltr'><strong>ratoris</strong></span> <span class='ocrx_word' id='word_1_583' title='bbox 2424 4856 2629 4928; x_wconf 87' lang='lat' dir='ltr'><strong>jugiter</strong></span> <span class='ocrx_word' id='word_1_584' title='bbox 2666 4855 2989 4911; x_wconf 79' lang='lat' dir='ltr'><strong>memoriam</strong></span> <span class='ocrx_word' id='word_1_585' title='bbox 3029 4854 3246 4912; x_wconf 83' lang='lat' dir='ltr'><strong>habere.</strong></span> <span class='ocrx_word' id='word_1_586' title='bbox 3282 4855 3368 4911; x_wconf 91' lang='lat' dir='ltr'><strong>Sit</strong></span> <span class='ocrx_word' id='word_1_587' title='bbox 3399 4865 3575 4911; x_wconf 89' lang='lat' dir='ltr'><strong>tamen</strong></span> <span class='ocrx_word' id='word_1_588' title='bbox 3628 4857 3765 4910; x_wconf 79' lang='lat' dir='ltr'><strong>idem</strong></span> 
     </span>
    </p>
   </div>
   <div class='ocr_carea' id='block_1_105' title="bbox 2182 4945 3763 5018">
    <p class='ocr_par' dir='ltr' id='par_1_105' title="bbox 2182 4945 3763 5018">
     <span class='ocr_line' id='line_1_105' title="bbox 2182 4945 3763 5018; baseline -0.003 -15"><span class='ocrx_word' id='word_1_589' title='bbox 2182 4963 2280 5004; x_wconf 86' lang='lat' dir='ltr'><strong>suo</strong></span> <span class='ocrx_word' id='word_1_590' title='bbox 2325 4948 2738 5017; x_wconf 87' lang='lat' dir='ltr'><strong>metropolitano</strong></span> <span class='ocrx_word' id='word_1_591' title='bbox 2770 4945 2848 5018; x_wconf 81' lang='lat' dir='ltr'><strong>[in</strong></span> <span class='ocrx_word' id='word_1_592' title='bbox 2878 4947 2975 5002; x_wconf 85' lang='lat' dir='ltr'><strong>cod</strong></span> <span class='ocrx_word' id='word_1_593' title='bbox 3011 4946 3197 5001; x_wconf 84' lang='lat' dir='ltr'><strong>Vienn.</strong></span> <span class='ocrx_word' id='word_1_594' title='bbox 3224 4947 3463 5013; x_wconf 80' lang='lat' dir='ltr'><strong>additur,</strong></span> <span class='ocrx_word' id='word_1_595' title='bbox 3500 4946 3763 5016; x_wconf 84' lang='lat' dir='ltr'><strong>archiepi-</strong></span> 
     </span>
    </p>
   </div>
   <div class='ocr_carea' id='block_1_106' title="bbox 2180 5037 3763 5111">
    <p class='ocr_par' dir='ltr' id='par_1_106' title="bbox 2180 5037 3763 5111">
     <span class='ocr_line' id='line_1_106' title="bbox 2180 5037 3763 5111; baseline -0.005 -16"><span class='ocrx_word' id='word_1_596' title='bbox 2180 5054 2346 5110; x_wconf 90' lang='lat' dir='ltr'><strong>scopo</strong></span> <span class='ocrx_word' id='word_1_597' title='bbox 2392 5037 2731 5111; x_wconf 84' lang='lat' dir='ltr'><strong>Moguntino]</strong></span> <span class='ocrx_word' id='word_1_598' title='bbox 2764 5040 3043 5109; x_wconf 85' lang='lat' dir='ltr'><strong>subjectus</strong></span> <span class='ocrx_word' id='word_1_599' title='bbox 3092 5048 3257 5109; x_wconf 87' lang='lat' dir='ltr'><strong>atque</strong></span> <span class='ocrx_word' id='word_1_600' title='bbox 3292 5038 3571 5095; x_wconf 86' lang='lat' dir='ltr'><strong>obediens.</strong></span> <span class='ocrx_word' id='word_1_601' title='bbox 3636 5037 3763 5103; x_wconf 73' lang='lat' dir='ltr'><strong>Qni-</strong></span> 
     </span>
    </p>
   </div>
   <div class='ocr_carea' id='block_1_107' title="bbox 2179 5129 3761 5200">
    <p class='ocr_par' dir='ltr' id='par_1_107' title="bbox 2179 5129 3761 5200">
     <span class='ocr_line' id='line_1_107' title="bbox 2179 5129 3761 5200; baseline -0.003 -17"><span class='ocrx_word' id='word_1_602' title='bbox 2179 5143 2392 5198; x_wconf 83' lang='lat' dir='ltr'><strong>eunque</strong></span> <span class='ocrx_word' id='word_1_603' title='bbox 2416 5130 2532 5184; x_wconf 74' lang='lat' dir='ltr'><strong>hinc</strong></span> <span class='ocrx_word' id='word_1_604' title='bbox 2578 5142 2848 5200; x_wconf 68' lang='lat' dir='ltr'><strong>praecepta</strong></span> <span class='ocrx_word' id='word_1_605' title='bbox 2878 5129 3198 5194; x_wconf 88' lang='lat' dir='ltr'><strong>servaverit,</strong></span> <span class='ocrx_word' id='word_1_606' title='bbox 3228 5129 3462 5184; x_wconf 84' lang='lat' dir='ltr'><strong>divinam</strong></span> <span class='ocrx_word' id='word_1_607' title='bbox 3512 5141 3761 5183; x_wconf 84' lang='lat' dir='ltr'><strong>remune-</strong></span> 
     </span>
    </p>
   </div>
   <div class='ocr_carea' id='block_1_108' title="bbox 497 5216 3758 5302">
    <p class='ocr_par' dir='ltr' id='par_1_108' title="bbox 497 5216 3758 5302">
     <span class='ocr_line' id='line_1_108' title="bbox 497 5216 3758 5302; baseline -0.007 -11"><span class='ocrx_word' id='word_1_608' title='bbox 497 5251 617 5291; x_wconf 89' lang='lat' dir='ltr'><strong>rum</strong></span> <span class='ocrx_word' id='word_1_609' title='bbox 640 5232 922 5291; x_wconf 91' lang='lat' dir='ltr'><strong>commoda</strong></span> <span class='ocrx_word' id='word_1_610' title='bbox 964 5229 1288 5302; x_wconf 87' lang='lat' dir='ltr'><strong>generaliter</strong></span> <span class='ocrx_word' id='word_1_611' title='bbox 1338 5226 1709 5289; x_wconf 89' lang='lat' dir='ltr'><strong>considerare,</strong></span> <span class='ocrx_word' id='word_1_612' title='bbox 1737 5232 1794 5279; x_wconf 90' lang='lat' dir='ltr'><strong>et</strong></span> <span class='ocrx_word' id='word_1_613' title='bbox 1845 5222 2081 5276; x_wconf 85' lang='lat' dir='ltr'><strong>maxime</strong></span> <span class='ocrx_word' id='word_1_614' title='bbox 2178 5218 2445 5273; x_wconf 89' lang='lat' dir='ltr'><strong>rationem</strong></span> <span class='ocrx_word' id='word_1_615' title='bbox 2473 5227 2527 5272; x_wconf 94' lang='lat' dir='ltr'><strong>et</strong></span> <span class='ocrx_word' id='word_1_616' title='bbox 2546 5218 2897 5289; x_wconf 87' lang='lat' dir='ltr'><strong>apostolicam</strong></span> <span class='ocrx_word' id='word_1_617' title='bbox 2919 5216 3345 5274; x_wconf 89' lang='lat' dir='ltr'><strong>benedictionem</strong></span> <span class='ocrx_word' id='word_1_618' title='bbox 3373 5218 3630 5291; x_wconf 83' lang='lat' dir='ltr'><strong>accipiat.</strong></span> <span class='ocrx_word' id='word_1_619' title='bbox 3657 5216 3758 5284; x_wconf 82' lang='lat' dir='ltr'><strong>Qui</strong></span> 
     </span>
    </p>
   </div>
  </div>
