3984 5316
250 274 387 329 N39

1408 285 1762 342 EPISTOLA‘I
1802 289 1887 344 ET
1928 288 2337 346 DlPLOMATA.

3346 284 3493 345 H90

323 386 589 493 S'eriptum
613 403 709 458 per
742 408 939 493 manus
970 395 1111 449 Petri
1142 399 1334 450 notarii
1363 408 1417 452 εί
1441 400 1710 453 δοτίιιίτίνίί
1752 399 1809 454 5-
1840 407 1886 462 Α
1916 423 2196 479 beatorum
2243 422 2607 493 apostolorum
2646 421 2792 477 Petri
2842 430 2895 477 et
2930 419 3079 477 Pauli
3127 420 3485 475 analhematis

250 477 315 529 ll.
346 477 410 530 Ε.
437 478 490 531 in
522 495 704 536 mense
733 481 891 538 Juuio
922 486 1106 539 indirt.
1133 503 1182 540 v.

986 574 1074 627 Xl.

247 656 588 725 Conﬁrmatio
615 660 998 733 privt'Legiorum
1030 674 1093 733 etp
1112 664 1429 732 metropolici
1445 664 1582 733 juris
1606 664 1813 717 Sanctis

745 729 1013 784 Tolosanw
1050 729 1319 787 Ecclesid’.

842 822 1018 889 (Anno
1059 822 1238 892 1007.)

321 928 728 997 [(Σοςρυεωκεε,
762 930 965 984 Bullar.
998 934 1229 1000 ampliss.
1263 933 1480 988 Collect.
1522 935 1563 1000 Ι,
1587 935 1739 1007 243.]

316 1016 547 1070 Jolsxss
569 1020 873 1087 episcopus,
899 1036 1087 1075 servus
1116 1038 1392 1076 servorqu
1426 1024 1541 1087 Dei,
1574 1026 1812 1079 dilectis—

244 1107 386 1161 simo
429 1110 480 1161 iu
516 1110 735 1163 Domino
768 1109 891 1163 Jesu
923 1111 1135 1165 Christo
1166 1113 1272 1167 ﬁlio
1309 1113 1602 1169 lluuuxoo
1634 1130 1799 1168 vene-

250 1204 405 1256 rabili
433 1205 684 1273 episcOpo
711 1206 851 1259 sedis
883 1204 1113 1269 Tolosae,
1160 1207 1369 1275 tuisque
1407 1209 1812 1262 successoribus

248 1294 304 1347 in
329 1303 666 1363 perpetuum.

319 1386 579 1441 Convenit
635 1388 926 1457 apostolico
994 1390 1344 1446 moderamini
1403 1393 1489 1463 pia
1557 1393 1811 1463 religione

248 1480 570 1547 pollentibus
617 1480 872 1534 benevola
941 1483 1311 1551 compassione
1372 1498 1719 1549 succurrere,
1758 1492 1813 1537 et

250 1573 584 1639 poscentium
628 1572 821 1626 animis
870 1573 1037 1627 alat-ri
1080 1574 1361 1629 devotione
1398 1574 1658 1643 impertiri
1693 1590 1813 1629 con-

248 1678 507 1715 sensum:
555 1677 620 1717 ex
651 1664 753 1718 hoc
784 1678 925 1717 ctum
977 1666 1108 1717 lucri
1156 1665 1492 1734 potissimum
1535 1667 1812 1735 praemium

1916 516 2128 570 vinculo
2179 517 2419 583 ligatum,
2475 524 2687 570 etcum
2734 515 2950 570 diabolo
2989 524 3045 569 et
3087 514 3338 569 omnibus
3384 513 3481 566 lm-

1915 606 2311 675 piis,quorum
2361 605 2498 677 ignis
2570 622 2677 661 non
2728 606 3131 676 exstinguelur,
3180 615 3235 659 et
3284 603 3482 659 vermis

1916 711 2021 749 non
2058 698 2342 761 morietur,
2371 698 2487 753 sine
2532 695 2635 753 ﬁne
2665 698 3001 762 damnatum,
3034 697 3137 751 nisi
3166 695 3233 752 ad
3261 695 3474 765 plenam

1914 786 2342 840 emendationem
2378 786 2635 841 festinare
2673 786 2961 843 studuerit.
2992 786 3095 855 Qui
3131 800 3261 841 vero
3299 795 3481 840 custos

1912 886 1969 929 et
1996 874 2311 931 observator
2334 878 2601 933 exstiterit
2621 876 2778 946 hujus
2803 877 2974 933 nostri
3006 875 3284 946 apostolici
3315 875 3479 945 privi-

1915 965 2039 1034 legii
2080 967 2132 1019 in
2164 968 2415 1024 omnibus
2468 968 2860 1024 benedictionis
2898 968 3126 1038 gratiam
3175 976 3230 1021 et
3271 964 3483 1019 miseri.

1913 1056 2186 1121 eordiam,
2242 1058 2516 1129 vitamque
2584 1068 2842 1114 aeternam
2896 1075 2926 1112 a
2978 1057 3482 1114 misericordissimo

1917 1148 2141 1203 Domino
2171 1159 2389 1213 nostro,
2442 1150 2702 1220 consequi
2745 1158 3020 1205 mereatur
3051 1149 3105 1204 in
3157 1147 3352 1203 saecula
3383 1161 3481 1201 sae-

1911 1236 2173 1292 culorum.
2210 1239 2401 1293 Amen.

1984 1325 2259 1398 Scriptum
2303 1344 2401 1398 per
2439 1343 2631 1385 manus
2663 1330 2922 1398 Stephani
2952 1328 3145 1383 notarii
3173 1336 3228 1398 et
3255 1325 3480 1398 scrinia-

1915 1396 2150 1471 rii_sacri
2199 1396 2576 1471 Lateranensis
2625 1396 2809 1471 palatii
2860 1400 2913 1455 in
2963 1413 3147 1453 mense
3204 1396 3382 1458 Junio,
3424 1403 3479 1449 et

1917 1466 2209 1520 indictione
2236 1469 2440 1536 quinta.

1988 1557 2126 1611 Bene
2156 1558 2348 1613 valete.

2644 1650 2756 1707 XII.

248 1751 389 1817 apud
456 1751 786 1805 conditorem
858 1753 1099 1806 omnium
1164 1754 1439 1821 reponitur
1494 1754 1806 1819 Dominum,

1915 1742 2139 1796 Joannes
2183 1738 2387 1795 XVIII
2436 1741 2704 1812 privilegia
2776 1740 3075 1821 monasterii
3129 1736 3481 1793 Floriacensis

246 1840 462 1907 quando
502 1842 824 1896 venerabilia
853 1843 970 1898 loca
1001 1854 1300 1913 opportune
1325 1845 1573 1900 ordinata
1599 1846 1666 1899 ad
1700 1860 1810 1899 me-

246 1929 434 1985 liorem
480 1933 680 1987 fuerint
727 1934 842 1987 sine
887 1934 1049 1989 dubio
1076 1944 1273 1990 Statum
1322 1938 1601 2005 perducta.
1650 1936 1814 2006 igitur

244 2024 369 2091 quia
424 2033 601 2079 vestra
657 2025 877 2081 dilectio
932 2038 1117 2081 nostro
1164 2027 1483 2097 apostolatui
1540 2028 1813 2083 humiliter

245 2114 477 2181 post-ulat
524 2130 554 2169 a
598 2116 752 2170 nobis
797 2128 1062 2186 quatenus
1107 2120 1466 2174 concedamus
1519 2130 1573 2174 et
1620 2119 1813 2174 conﬁr—

243 2220 453 2261 memus
509 2207 599 2261 tibi
636 2208 748 2276 jam
796 2208 941 2264 dicto
989 2211 1242 2279 episcopo
1300 2212 1584 2266 ecclesiam
1632 2220 1815 2277 proto-

244 2297 500 2368 martyris
544 2296 822 2367 Stephani,
870 2308 925 2354 et
964 2301 1149 2353 Sancti
1182 2300 1483 2365 Saturnini,
1510 2312 1564 2356 et
1594 2301 1810 2355 Sancta:

241 2386 454 2454 Marim,
502 2390 645 2459 quod
690 2398 915 2444 vocatur
957 2392 1101 2446 sedis
1142 2389 1348 2445 Tolosa:
1391 2408 1511 2447 cum
1555 2392 1805 2447 omnibus

240 2476 425 2532 fundis
452 2489 510 2533 et
539 2479 805 2534 casalihus
837 2480 917 2535 vel
954 2480 1273 2548 adjacentiis
1313 2499 1498 2538 eorum
1524 2523 1539 2549 ,
1571 2484 1670 2538 hoc
1710 2494 1811 2550 est,

239 2570 416 2635 casis,
444 2570 615 2624 vineis
640 2610 653 2633 ,
695 2572 851 2627 terris
877 2582 931 2627 et
958 2574 1107 2627 silvis
1126 2613 1140 2637 ,
1170 2584 1331 2643 atque
1368 2575 1537 2638 villis',
1576 2577 1811 2645 eampis,

238 2661 439 2726 pratis,
470 2662 706 2731 pascuis,
736 2662 959 2729 salictis,
999 2666 1280 2720 arboribus
1306 2666 1604 2735 pomiferis,
1628 2666 1812 2721 fructi-

240 2749 375 2804 feris
389 2752 467 2805 vel
497 2752 845 2807 infructiferis
859 2753 1051 2809 diversi
1066 2757 1296 2825 generis,
1321 2759 1495 2827 puteis
1510 2797 1523 2821 ,
1550 2757 1805 2821 fontibus,

240 2844 394 2908 rivis,
449 2844 605 2911 aquis
651 2859 1014 2914 aquarumque
1061 2848 1410 2915 decursibus,
1463 2848 1808 2914 molendiuis,

240 2932 650 3002 piscationibus,
702 2949 910 2989 necnon
966 2944 1022 2989 et
1077 2937 1370 2991 salinarum
1422 2936 1569 3003 illas,
1605 2939 1807 2993 cultum

241 3025 328 3078 vel
375 3025 664 3092 incultum;
698 3043 803 3081 una
861 3042 983 3082 cum
1019 3032 1190 3083 servis
1237 3041 1291 3085 et
1322 3030 1529 3089 ancillis
1555 3071 1569 3095 ,
1604 3030 1808 3086 colonis

240 3126 298 3169 et
342 3116 632 3171 colouabus
690 3119 884 3172 ibidem
916 3121 1327 3187 pertinentibus,
1373 3130 1426 3176 et
1466 3139 1585 3177 cum
1636 3123 1809 3177 omni-
1836 3102 1879 3164 Ο

240 3206 343 3259 bus
391 3220 551 3274 supra
600 3209 799 3277 scripto
840 3210 1092 3279 episcopo
1144 3210 1275 3280 (leg.
1321 3213 1673 3281 episcopatui,
1726 3214 1808 3267 vel

239 3295 552 3365 cpiseOpio)
598 3298 916 3366 generaliter
957 3309 1010 3353 et
1056 3300 1108 3352 in
1167 3300 1376 3370 integro
1425 3301 1810 3369 pertinentibus

240 3388 407 3439 situm
454 3388 506 3441 in
540 3390 799 3443 comitatu
826 3389 1115 3455 Tolosano,
1149 3391 1245 3445 tibi
1280 3401 1443 3462 atque
1486 3393 1811 3446 successori-

240 3478 345 3532 bus
370 3479 473 3532 tuis
496 3481 863 3547 detinendam,
886 3482 1081 3537 emissa
1106 3484 1464 3552 prteceptione
1486 3484 1803 3548 concedere,

241 3578 297 3623 et
341 3569 663 3624 conﬁrmare
714 3572 1053 3626 deberemus.
1103 3572 1347 3626 lnclinali
1405 3574 1655 3641 precibus
1702 3573 1808 3626 tuis

239 3677 341 3731 per
372 3662 530 3731 hujus
566 3662 826 3733 privilegii
862 3664 1056 3718 seriem
1089 3678 1249 3732 supra
1295 3665 1552 3730 scriptum
1603 3665 1807 3733 episco—

240 3766 370 3819 pum
395 3750 515 3820 (leg.
542 3753 929 3821 episcopatum,
960 3751 1035 3806 vel
1061 3753 1391 3821 episcopum)
1415 3768 1535 3807 cum
1558 3753 1806 3807 omnibus

240 3839 426 3894 fundis
452 3849 504 3894 et
530 3841 797 3897 casalibus
833 3843 965 3905 suis,
1000 3841 1079 3895 vel
1109 3857 1228 3896 cum
1255 3844 1505 3898 omnibus
1535 3845 1805 3917 pertinen-

238 3931 334 3984 tlis
363 3940 417 3985 et
443 3931 788 3999 adjaceuliis,
834 3942 889 3987 ut
920 3933 1166 4002 superius
1211 3933 1441 4003 legitur,
1492 3949 1521 3988 a
1551 3938 1801 4003 prazseuti

236 4024 428 4093 quinta
477 4024 802 4089 indictione,
868 4033 923 4080 et
971 4039 1138 4093 usque
1185 4026 1239 4079 in
1282 4036 1642 4096 perpetuum,
1700 4028 1799 4081 tibi

236 4115 453 4184 tuisque
501 4116 905 4170 successoribus
944 4117 1289 4171 concedimus
1330 4128 1385 4170 et
1421 4118 1803 4173 conﬁrmamus

232 4206 607 4259 detinendam.
643 4205 868 4274 Insuper
900 4206 1235 4261 decernimus
1280 4215 1337 4260 ut
1381 4207 1555 4262 nullus
1594 4208 1803 4277 episco-

232 4311 341 4365 pus
394 4296 446 4349 in
494 4296 600 4350 illis
635 4297 874 4366 partibus
902 4297 1097 4352 habeat
1125 4298 1399 4353 licentiam
1446 4299 1498 4352 in
1544 4308 1655 4355 toto
1696 4301 1801 4355 ﬁne

231 4388 493 4457 episcopii
540 4389 613 4441 tui
664 4388 957 4457 quamlibet
1002 4388 1392 4443 ordinationem
1445 4386 1647 4454 facere,
1699 4391 1797 4443 nisi

232 4478 400 4533 fuerit
433 4487 523 4533 tuo
555 4494 841 4533 consensu.
891 4478 1227 4549 Quapropter
1252 4487 1550 4533 statuentes
1588 4490 1802 4548 aposto-

232 4570 341 4623 lica
386 4585 654 4635 censura,
694 4570 793 4625 sub
826 4570 987 4624 divini
1031 4570 1219 4637 judicii
1263 4572 1624 4625 obtestatione
1666 4586 1798 4626 ana—

233 4658 492 4713 thematis
537 4659 898 4724 interdictum,
948 4666 1006 4711 ut
1046 4657 1174 4711 nulli
1221 4674 1453 4727 unquam
1495 4669 1799 4715 nostrorum

232 4764 609 4804 successorum
654 4750 991 4818 pontiﬁcum.
1036 4749 1119 4805 vel
1166 4749 1285 4804 alim
1333 4750 1550 4804 cuilibet
1596 4766 1801 4819 magna:

230 4854 481 4911 persona:
519 4850 703 4895 contra
742 4850 793 4896 te
828 4856 1234 4897 successoresve
1274 4850 1392 4894 tuos
1422 4840 1653 4909 aliquam
1690 4858 1801 4897 uto-

232 4931 446 4986 lestiam
479 4941 572 4985 aut
599 4933 853 4986 damnum
886 4928 1060 4986 facere
1086 4932 1265 4995 liceat,
1296 4931 1387 4985 sed
1415 4932 1592 4999 potius
1617 4943 1796 4987 autem

233 5024 287 5078 in
325 5042 419 5080 usu
468 5036 523 5080 et
566 5025 794 5081 utilitate
833 5025 904 5079 tui
944 5024 1198 5093 episcopii
1245 5024 1299 5077 in
1337 5032 1652 5091 perpetuum
1692 5042 1802 5078 ma-

233 5127 378 5172 neat.
422 5118 481 5173 Si
515 5117 637 5185 quis
668 5125 843 5170 autem
897 5116 1182 5170 temerario
1225 5128 1361 5167 ausu
1415 5122 1600 5169 contra
1643 5117 1799 5185 hujus

233 5220 431 5265 νοείτω
484 5206 789 5276 apostolica:
860 5207 1235 5277 przeceptiouis
1292 5206 1539 5272 paginam
1571 5221 1601 5259 a
1646 5209 1799 5263 nobis

879 5309 1123 5316 _._._..‘..-...__
1158 5312 1167 5316 -
1188 5302 1282 5316 -..ΞΩ
1386 5307 1447 5316 Α..

2578 1820 2887 1881 propugnat.

2382 1904 2469 1977 (Ci
2482 1919 2569 1959 rea
2603 1918 2802 1958 annum
2834 1900 3024 1972 1008.)

1983 2019 2145 2093 [ϐαιι.
2177 2018 2369 2072 Christ.
2399 2025 2437 2070 t.
2465 2015 2596 2080 Vlll,
2621 2031 2673 2086 p.
2703 2014 2789 2080 18,
2825 2029 2891 2069 ex
2934 2011 3177 2068 biblioth.
3208 2010 3409 2082 Vatic.]

1980 2130 2213 2188 Joannes
2236 2171 2251 2193 ,
2275 2144 2462 2184 servus
2492 2141 2770 2181 servorum
2813 2124 2943 2191 Dei,
2983 2122 3484 2193 praecellentissimo

1914 2223 2253 2279 Francorum
2296 2220 2408 2290 regi
2449 2219 2706 2274 Ronsaro
2756 2215 3107 2272 ecclesiastici
3147 2215 3368 2270 honoris
3406 2214 3483 2267 vi-

1914 2330 2286 2388 gorem........

1983 2405 2123 2462 Olim
2172 2404 2314 2459 fama
2358 2401 2612 2470 vulgante
2655 2408 2923 2461 vestram,
2990 2395 3484 2467 praecellentissime

1917 2511 2123 2568 regum,
2146 2493 2573 2550 ecclesiasticum
2596 2492 2851 2546 honorem
2875 2491 3236 2559 comperimus
3258 2487 3479 2557 diligere

1914 2596 2076 2656 atque
2125 2596 2309 2640 tenere
2353 2581 2753 2645 excellentiam;
2793 2594 2858 2635 ex
2900 2594 3005 2649 qua
3059 2593 3117 2633 re
3154 2591 3370 2633 necesse
3401 2584 3483 2631 est

1916 2685 1993 2741 ut,
2022 2676 2065 2731 si
2090 2674 2316 2730 aliarum
2361 2672 2712 2729 ecclesiarum
2749 2671 2924 2725 honor
2950 2686 2980 2723 a
3012 2668 3161 2724 vobis
3191 2667 3463 2724 excolitur

1912 2781 2031 2821 eam
2062 2780 2181 2836 qua:
2209 2766 2445 2819 omnium
2474 2769 2639 2833 caput
2664 2770 2747 2818 est
2765 2770 2913 2817 tanto
2933 2759 3162 2830 amplius
3184 2760 3485 2823 honoretis,

1911 2866 2113 2927 quanto
2141 2864 2351 2912 constat
2370 2854 2605 2925 reliquas
2630 2851 2699 2906 ab
2722 2852 2838 2923 ipsa
2859 2850 3138 2907 exordium
3163 2850 3476 2920 sumpsisse.

1909 2944 2282 3015 Comperimus
2310 2954 2490 2998 autem
2523 2940 2784 3011 quosdam
2815 2941 3098 3010 episcopos
3136 2939 3303 2995 vestri
3330 2938 3481 3009 regni

1911 3039 2286 3095 auctoritatem
2336 3036 2479 3091 sedis
2531 3032 2870 3104 apostolicae,
2917 3048 3079 3103 quam
3133 3033 3186 3087 in
3237 3031 3478 3087 Romana

1912 3127 2044 3183 urbe
2074 3127 2260 3182 beatus
2288 3126 2479 3182 Petrus
2506 3125 2617 3179 suis
2651 3124 2838 3179 tribuit
2877 3124 3312 3188 successoribus,
3343 3121 3481 3177 adeo

1910 3216 2240 3286 contemptui
2280 3215 2480 3269 habere
2538 3220 2598 3266 ut
2639 3212 2943 3268 nullatenus
2980 3226 3038 3266 se
3094 3212 3482 3267 observaturos

1912 3308 2115 3362 dicant.
2180 3304 2350 3371 Quam
2408 3302 2804 3358 contumaciam
2853 3300 2910 3356 in
2958 3298 3330 3371 Transalpinis
3384 3314 3483 3355 nos

1911 3396 2194 3451 audientes
2253 3392 2368 3449 fore
2430 3390 2729 3461 episcopis,
2782 3400 2838 3446 et
2890 3390 3115 3446 minime
3160 3389 3478 3453 credentes,

1911 3485 2156 3539 misimus
2183 3483 2409 3537 fratrem
2448 3491 2504 3537 et
2539 3478 2912 3549 coepiscopum
2951 3488 3193 3535 nostrum
3233 3478 3351 3550 Bip.
3383 3495 3475 3534 an-

1909 3576 2165 3639 tistitem,
2201 3584 2260 3628 ut
2285 3574 2360 3628 rei
2391 3573 2670 3627 veritatem
2698 3578 3035 3639 agnosceret,
3058 3570 3149 3640 qui
3178 3584 3237 3624 se
3264 3569 3478 3637 quidem

1907 3682 1938 3721 a
1968 3666 2121 3721 vobis
2158 3663 2452 3721 honoriﬁce
2487 3669 2816 3731 susceptum,
2866 3667 2920 3713 et
2961 3661 3051 3713 diu
3090 3661 3478 3715 humanissime

1909 3766 2201 3814 tractatum
2232 3754 2494 3819 asseruit,
2524 3754 2651 3808 dum
2679 3753 2731 3805 in
2763 3752 2842 3808 sui
2866 3751 3152 3821 praesentia
3180 3752 3479 3806 auctorita-

1908 3858 2015 3901 tem
2057 3856 2257 3903 sancta:
2292 3846 2547 3900 Romanae
2574 3842 2823 3897 Ecclesia:
2864 3840 3067 3912 despici
3116 3841 3339 3898 audivit.
3370 3840 3477 3897 Nos

1906 3955 2033 4010 ergo
2062 3954 2159 4009 pro
2198 3936 2537 4004 susceptione
2560 3933 2746 3989 fratris
2776 3942 2973 3988 vestrae
2997 3932 3328 3988 excellentia:
3357 3949 3478 4003 gra-

1906 4033 2013 4086 tias
2065 4030 2293 4099 agimus.
2331 4026 2590 4081 Miramur
2629 4033 2807 4079 autem
2853 4031 3086 4079 vestram
3126 4024 3476 4094 magniﬁcen-

1908 4123 2035 4177 tiam
2081 4121 2183 4177 ltoc
2218 4120 2457 4190 potuisse
2494 4116 2723 4187 perpeti,
2762 4125 2822 4170 ut
2853 4116 2905 4170 in
2954 4124 3128 4169 vestra
3166 4117 3473 4185 praaseutia,

1904 4229 2029 4269 nam
2060 4212 2152 4277 ibi,
2184 4209 2341 4265 sicuti
2378 4207 2756 4276 comperimus,
2785 4220 3024 4276 praesens
3057 4207 3257 4275 cratis,
3283 4215 3470 4262 saneta

1905 4303 2146 4358 Romana
2177 4299 2542 4369 despiceretur
2584 4295 2842 4352 Ecclesia.
2879 4294 2985 4350 Sed
3022 4295 3147 4365 quia
3185 4294 3290 4351 hoc
3324 4296 3475 4351 vobis

1905 4390 2239 4459 displicuisse
2298 4403 2439 4443 nunc
2494 4401 2663 4455 usque
2714 4384 3130 4448 dissimulastis,
3191 4385 3476 4439 hortamur

1904 4490 2137 4538 vestram
2181 4477 2555 4535 excellentiam
2609 4483 2670 4531 ut
2724 4475 2788 4531 de
2832 4485 3028 4532 caetero
3076 4492 3180 4531 non
3230 4478 3473 4541 taceatis,

1903 4574 2146 4643 quinimo
2173 4570 2316 4639 regia
2346 4574 2611 4639 potestate
2638 4566 2853 4621 decreta
2880 4567 3187 4636 apostolica:
3214 4568 3358 4622 sedis
3390 4569 3473 4622 in-

1905 4662 2161 4719 couvulsa
2215 4673 2431 4714 manere
2476 4656 2706 4711 faciatis.
2740 4653 2895 4711 Nam.
2941 4662 2998 4708 ut
3041 4656 3197 4710 nobis
3236 4655 3467 4711 relatum

1904 4762 2006 4817 est,
2046 4748 2329 4806 memorati
2370 4746 2602 4816 episcopi
2643 4743 2939 4814 privilegia,
2974 4760 3093 4813 quae
3131 4743 3304 4799 sancti
3334 4760 3474 4813 prae-

1906 4846 2221 4899 decessores
2249 4837 2419 4893 nostri
2445 4851 2607 4907 regno
2636 4841 3049 4896 concesserunt,
3081 4834 3357 4888 destruere
3395 4852 3488 4891 co.

1908 4944 2106 4991 nantur
2129 4949 2143 4985 :
2167 4944 2385 5001 qumres
2400 4942 2497 4981 nos
2529 4925 2765 4996 graviter
2790 4923 3138 4989 constristat;
3166 4922 3290 4991 quia
3313 4925 3359 4979 si
3388 4946 3497 4988 nos

1907 5036 2108 5082 statuta
2142 5032 2551 5079 antecessorum
2580 5023 2885 5071 nostrorum
2908 5026 3014 5065 non
3050 5028 3354 5079 servamus,
3390 5035 3503 5081 nec

1909 5129 2090 5176 nostra
2122 5114 2329 5173 servari
2369 5108 2717 5166 conﬁdimus.
2745 5103 2979 5159 Proinde
3020 5118 3118 5171 per
3150 5102 3516 5170 omuipole“-

1910 5212 2039 5267 tiam
2084 5204 2329 5268 Domini,
2383 5198 2712 5253 auctoritate
2759 5206 2972 5264 quoque
3023 5193 3086 5247 Β.
3141 5192 3287 5247 Petri
3346 5200 3520 5263 prim

2247 5295 2450 5316 -I-_..m
2479 5296 2531 5316 ΛΟ
2568 5295 2743 5316 nar-Ino
2798 5285 3083 5316 ιιΛΒΙατῆ-ι-
3113 5294 3277 5316 ηΙιΙΙΙΩ
3306 5297 3494 5316 nium“!
