3984 5316
557 328 691 414 ttst

1379 359 1659 416 JOANNIS
1680 363 1843 417 arm
1883 361 2082 418 pars:
2118 344 2475 418 sensistis
2504 361 2590 418 ET
2627 357 3033 417 DtPLOtlATA.

3668 349 3791 409 ηςι

555 468 913 540 protervlam,
940 478 1000 527 ut
1024 466 1288 528 Gauzlino
1311 473 1497 529 abbati
1525 477 1835 531 monasterii
1871 476 1929 530 S.
1955 477 2130 530 Bene-
2157 481 2204 538 Α
2235 477 2437 531 tiﬁcum
2467 474 2741 529 burniliter
2776 471 3116 543 deprecando
3152 477 3206 525 et
3231 465 3666 524 commendando
3684 434 3792 537 «po-

554 560 690 621 dicti
729 560 1048 631 praeciperet
1102 562 1381 633 privilegia
1431 578 1463 617 a
1506 566 1633 621 sedc
1691 567 1982 635 apostolica
2031 581 2131 621 suo
2231 566 2363 628 suit,
2399 575 2458 618 ut
2489 565 2685 619 nullius
2712 562 3008 649 dominatio
3042 562 3186 630 regis
3211 568 3267 615 et
3294 558 3557 627 principis
3586 573 3684 611 seu
3712 573 3791 609 ar-

554 650 888 707 monasterio
915 650 1111 706 collata
1152 653 1276 722 igne
1322 666 1585 708 cremare.
1638 654 1898 709 Volumus
1946 665 2127 710 autem

553 739 729 809 ipsum
775 739 1024 809 abbatem
1061 744 1264 811 pariter
1292 746 1571 810 advenire,
1602 753 1660 799 ut
1691 748 1830 814 apud
1859 755 2127 810 sanctam,

551 828 640 884 cui
681 829 792 885 Deo
836 829 963 886 licet
994 832 1311 894 concedenti
1350 832 1602 903 indignus
1642 848 1897 905 praesum,
1942 834 2125 889 sedem

551 933 737 974 coram
772 920 991 977 ﬁniatur
1015 925 1406 986 controversia,
1440 935 1494 979 et
1520 935 1859 994 contemptor
1889 924 1947 981 S.
1978 925 2126 981 Petri

454 1049 472 1093 ς
550 1010 713 1082 digna
757 1013 1028 1083 plectatur
1072 1030 1252 1085 poena.
1307 1015 1408 1082 Qui
1457 1024 1588 1071 vero
1624 1026 1714 1071 tua
1754 1016 2124 1071 amantissima

446 1113 451 1133 -'
552 1103 921 1162 admonitione
961 1117 1159 1176 spreta,
1211 1109 1297 1163 vel
1350 1109 1578 1179 imperio
1632 1118 1835 1179 spreto,
1885 1111 1955 1164 ad
1999 1124 2127 1165 sau-

557 1203 703 1250 ctum
758 1195 976 1254 Petrum
1032 1207 1089 1252 et
1134 1200 1202 1252 ad
1254 1214 1353 1254 nos
1404 1195 1949 1270 venire'despexerit
2018 1200 2123 1255 nisi

551 1285 799 1353 corporis
847 1287 1133 1343 inﬁrmitas
1181 1295 1302 1343 eum
1363 1290 1689 1359 gravaverit,
1739 1303 1768 1343 a
1816 1289 2011 1344 divinis
2063 1302 2126 1344 se

551 1375 792 1431 alienum
836 1380 1105 1449 mysteriis
1157 1394 1223 1435 ex
1276 1379 1366 1433 Dei
1398 1388 1453 1435 et
1486 1388 1670 1435 nostra
1708 1380 1846 1439 sciat
1888 1380 2126 1436 existere

554 1467 844 1521 sententia.
887 1467 1052 1538 Cujus
1091 1469 1425 1539 aegritudinis
1463 1469 1679 1524 modum
1715 1478 1825 1524 tuae
1853 1468 2123 1524 excellen—

549 1552 643 1631 tiae
687 1554 880 1611 littera:
928 1557 1090 1627 regali
1140 1557 1314 1629 sigillo
1372 1557 1595 1626 signatae
1646 1566 1843 1614 nostra:
1884 1557 2125 1612 indicare

548 1645 817 1707 curabunt
867 1647 1232 1703 sollicitudini.
1264 1648 1439 1705 Vestri
1491 1649 1672 1720 itaque
1728 1648 1951 1703 honoris
2004 1663 2121 1702 ma-

549 1738 773 1809 gnitudo
822 1747 1004 1794 nostra
1046 1739 1257 1795 studeat
1316 1740 1610 1810 adimplere
1650 1741 1877 1803 monita,
1925 1749 1981 1794 et
2027 1754 2123 1794 eos

2196 654 2555 723 ,cliiepiscopi
2593 662 2647 708 et
2680 653 2955 723 episcopi,
2985 660 3080 707 aut
3120 649 3493 733 cujuscunque
3522 649 3793 719 dignitatis

2226 758 2471 813 personce
2528 744 2812 813 prtel‘atum
2869 742 3254 798 monasterium
3310 741 3664 810 inquietare,
3717 738 3795 791 vel

2228 833 2554 898 disturbare,
2601 848 2695 887 seu
2733 832 2977 886 minuere
3021 833 3239 895 audeat,
3286 844 3463 899 neque
3504 831 3574 883 de
3616 829 3793 890 terris,

2228 927 2406 996 aquis,
2442 926 2635 989 vineis,
2675 926 2868 995 pratis,
2903 923 3075 988 silvis,
3108 922 3451 985 molendinis,
3495 921 3668 983 villis,
3694 921 3791 973 vil-

2226 1016 2509 1086 larumque
2534 1017 2856 1080 redditibus,
2873 1016 3046 1070 servis
3071 1022 3126 1069 et
3152 1014 3386 1077 ancillis,
3410 1013 3684 1077 ecclesiis,
3711 1010 3795 1066 vel

2224 1106 2293 1162 de
2321 1108 2387 1162 iis
2411 1109 2659 1163 omnibus
2688 1122 2808 1177 quae
2852 1108 2919 1161 ad
2948 1121 3184 1176 praesens
3215 1106 3328 1176 ipse
3355 1120 3544 1159 comes
3572 1118 3795 1159 conces-

2224 1197 2325 1262 sit,
2355 1212 2449 1253 seu
2481 1213 2600 1268 quae
2628 1198 2927 1253 concedere
2973 1198 3151 1260 debet,
3199 1203 3294 1249 aut
3336 1211 3366 1249 a
3409 1195 3668 1250 ﬁdelibus
3693 1196 3791 1264 ipsi

2222 1285 2345 1343 loco
2390 1288 2683 1353 dabuntur,
2723 1288 3010 1357 quisquam
3056 1286 3351 1356 cupiditate
3396 1285 3666 1342 impulsus
3696 1302 3788 1338 διι-

2221 1378 2364 1435 ferre
2391 1388 2710 1449 praesumat;
2737 1378 2877 1447 quod
2908 1379 3008 1432 ista
3034 1391 3220 1432 sancta
3249 1377 3544 1446 apostolica
3571 1386 3788 1431 nostra-

2221 1486 2329 1540 que
2357 1470 2689 1525 auctoritate
2718 1470 3027 1533 statuimus,
3061 1479 3117 1524 et
3150 1470 3204 1523 in
3242 1477 3561 1538 perpetuum
3598 1469 3795 1523 conﬁr-

2223 1568 2426 1615 matum
2464 1572 2586 1615 esse
2622 1559 2893 1623 volumus,
2939 1567 3000 1613 ut
3026 1558 3331 1627 quicunque
3360 1558 3427 1612 de
3451 1559 3540 1612 his
3568 1572 3692 1626 quae
3714 1573 3794 1612 sn-

2221 1653 2467 1723 pradicta
2531 1659 2657 1706 sunt
2705 1650 2759 1704 in
2809 1649 2990 1721 aliquo
3043 1658 3337 1704 temerator
3380 1649 3688 1711 exstiterit,
3737 1657 3792 1701 et

2223 1751 2413 1798 contra
2461 1741 2601 1796 banc
2638 1751 2880 1796 noStram
2930 1740 3283 1802 sanctionem,
3331 1739 3616 1805 nostrique
3659 1738 3795 1805 juris

550 1826 642 1897 qui
684 1828 865 1883 sedem
911 1828 1255 1897 apostolicam
1301 1828 1740 1900 appellaverunt,
1785 1829 1928 1885 nulla
1982 1830 2125 1884 sinat
2153 1810 2196 1870 Β
2224 1831 2584 1888 defensionem
2611 1831 2795 1886 venire
2813 1831 3133 1893 tentaverit,
3155 1846 3220 1883 ex
3245 1830 3575 1884 auctoritate
3591 1828 3791 1889 Patris,

549 1916 619 1971 ab
647 1919 972 1974 adversariis
1005 1935 1184 1975 rerum
1211 1935 1428 1977 suarum
1453 1921 1561 1990 pati
1592 1920 1895 1991 dispendia,
1921 1935 2010 1986 ue,
2049 1920 2118 1986 si,

548 2007 701 2076 quod
735 2009 911 2075 absit!
956 2010 1113 2073 aliter
1147 2025 1307 2090 quam
1349 2013 1666 2076 mandamus
1705 2020 1883 2067 actum
1930 2010 2116 2076 fuerit,

551 2116 656 2155 non
683 2101 853 2158 solum
887 2105 1295 2160 contumacibus
1318 2144 1330 2167 ,
1353 2119 1538 2160 verum
1569 2105 1714 2159 omni
1744 2113 1926 2161 vestro
1952 2120 2121 2175 regno

550 2192 913 2251 anathematis
926 2193 1468 2251 invehaturcensura.
1485 2193 1858 2264 Sempiternus
1870 2195 2009 2251 Deus
2019 2210 2117 2250 sua

559 2295 658 2336 vos
690 2284 1022 2353 protecti-one
1056 2285 1359 2362 custodiat,
1384 2294 1435 2339 et
1469 2294 1584 2355 post
1617 2286 1772 2357 longa
1804 2286 2116 2357 temporalis

555 2374 716 2445 regni.
743 2375 1012 2433 curricula
1058 2376 1124 2433 ad
1167 2392 1333 2447 regna
1374 2379 1635 2448 perducat
1673 2386 1894 2433 arterna.
1920 2378 2113 2433 Amen.

1263 2487 1397 2544 Xlll.

544 2574 779 2643 ,‘oapms
820 2575 1025 2647 XVIII
1076 2578 1602 2703 papguplrivileqmm
1657 2594 1751 2650 pro
1802 2580 2116 2635 monasterio

1214 2666 1239 2703 ι’
1285 2666 1513 2703 recensi.

1214 2666 1513 2703 etmocenst.

1026 2739 1203 2810 (Anno
1234 2737 1371 2794 1004
1388 2739 1627 2807 ~1009.)

791 2828 952 2902 [σαιι.
991 2828 1209 2897 σήν-ἰείη
1241 2831 1327 2886 ctl.
1363 2832 1415 2895 l,
1447 2838 1487 2885 t.
1521 2829 1611 2896 IV,
1641 2847 1695 2901 p.
1728 2830 1876 2903 15L]

621 2917 851 2976 Ieiunas
882 2920 1187 2991 episcopus,
1232 2935 1423 2976 servus
1465 2935 1747 2976 servorum
1775 2920 1895 2986 Dei,
1936 2919 2114 2974 omni-

545 3012 648 3067 bus
683 3010 926 3082 regibus,
964 3010 1263 3080 episeOpis,
1312 3009 1573 3076 ducibus,
1621 3009 1910 3064 comitibus
1955 3018 2117 3077 atque

549 3103 817 3165 nobilibus
861 3104 1070 3174 populis
1096 3103 1453 3167 Francorum,
1496 3103 1857 3172 przrsentibus
1883 3113 1935 3160 et
1967 3103 2114 3159 futu-

547 3194 644 3259 ris,
693 3203 892 3250 sanctae
923 3195 1043 3250 ﬁdei
1080 3195 1134 3251 in
1170 3193 1386 3251 Christo
1432 3210 1620 3266 pacem
1667 3205 1722 3251 et
1763 3194 2111 3266 apostolicam

548 3286 1000 3351 benedictionem.

623 3377 820 3443 Sancta
842 3380 1129 3449 apostolica
1154 3380 1328 3444 sedes,
1351 3379 1593 3434 Romana
1624 3378 1827 3435 scilicet
1851 3376 2112 3442 Ecclesia,

551 3468 678 3545 quia
731 3483 768 3526 a
815 3470 1122 3525 beatissimo
1151 3470 1393 3541 principe
1422 3470 1783 3539 apostolorum
1813 3468 1988 3539 capite
2021 3467 2115 3522 Pe-

548 3568 637 3620 tro
665 3561 870 3616 obtinet
907 3561 1267 3617 Ecelesiarum
1297 3576 1390 3617 sua
1422 3572 1622 3617 sancta:
1653 3561 1993 3618 auctoritatis
2022 3575 2113 3615 ro-

546 3650 680 3711 bore
717 3650 913 3723 ligandi
953 3651 1300 3720 solvendique
1337 3660 1621 3720 potestate,
1653 3650 1893 3706 membra
1921 3665 2116 3721 suppo-

547 3740 650 3795 sita
679 3742 763 3808 pic
791 3741 972 3796 studet
1003 3740 1210 3805 fulcire,
1246 3752 1301 3796 et
1329 3742 1446 3798 loca
1475 3742 1617 3797 sacri
1649 3743 1825 3797 cultus
1854 3742 1941 3797 ubi
1969 3742 2117 3797 videt

547 3832 792 3888 nutantia
842 3833 1113 3899 solidare,
1156 3834 1383 3889 solidata
1443 3833 1798 3901 conﬁrmare,
1850 3843 2115 3904 quatenus

544 3924 943 3987 ecclesiasticus
965 3934 1139 3981 status
1166 3927 1511 3996 dispensante
1538 3927 1650 3982 Deo
1681 3936 1881 3983 sanctre
1910 3926 2028 3983 ﬁdei
2061 3934 2116 3981 et

546 4016 823 4086 religionis
851 4030 1054 4072 morem
1089 4031 1210 4071 eum
1244 4031 1373 4086 pace
1404 4026 1756 4086 exsequatur,
1780 4025 1843 4070 ‘et
1884 4017 1951 4071 ab
1995 4016 2114 4085 ejus

544 4104 874 4161 laceratione
914 4106 1063 4176 pravi
1107 4105 1355 4160 homines
1402 4113 1730 4160 terreantur.
1776 4105 2115 4176 Quapropter

549 4206 734 4257 notum
767 4197 840 4250 sit
867 4204 1062 4251 vestra:
1097 4195 1441 4257 sublimitati,
1470 4195 1595 4264 quia
1632 4196 2001 4250 nobilissimus
2026 4204 2111 4249 at-

543 4303 650 4357 que
694 4288 1106 4347 strenuissimus
1143 4303 1326 4344 comes
1353 4287 1519 4342 Fulco
1549 4286 1782 4341 innotuit
1830 4286 2006 4349 nobis,
2053 4300 2112 4340 se

546 4378 815 4446 quoddam
849 4378 1234 4433 monasterium
1266 4378 1317 4431 in
1350 4376 1569 4432 nomine
1599 4384 1653 4432 et
1685 4377 1887 4453 honore
1914 4385 2112 4430 sanctae

545 4478 601 4523 et
631 4470 918 4528 individute
958 4471 1267 4535 Trinitatis,
1289 4470 1487 4545 Patris,
1517 4480 1572 4526 et
1617 4470 1759 4535 Filii,
1794 4480 1848 4526 et
1878 4469 2111 4541 Spiritus

542 4559 741 4624 sancti,
775 4567 937 4629 atque
973 4559 1228 4614 similiter
1258 4560 1309 4613 in
1359 4561 1561 4614 honore
1607 4560 1907 4616 caelestium
1939 4560 2109 4629 agmi-

542 4668 671 4708 num
713 4667 877 4722 super
918 4666 1036 4722 quze
1065 4651 1206 4707 Deus
1236 4652 1455 4711 assidet,
1496 4652 1597 4706 hoc
1625 4661 1708 4704 est
1734 4649 2022 4705 Cherubim
2056 4657 2111 4704 et

543 4741 850 4813 Serapbim,
887 4756 914 4797 a
945 4739 1308 4799 fundamentis
1339 4739 1707 4793 construxisse
1735 4753 1833 4807 pro
1861 4740 1970 4791 s'uce
1995 4737 2111 4791 ani-

539 4847 643 4887 ma:
673 4829 1062 4899 redemptione.
1104 4827 1200 4883 Cui
1249 4826 1581 4881 monasterio
1624 4825 1958 4895 privilegium
1986 4839 2113 4879 san-

538 4932 642 4977 ctae
666 4920 974 4992 apostolica
1000 4915 1344 4973 auctoritatis
1371 4927 1558 4971 contra
1592 4916 1967 4985 improbitates
1996 4930 2110 4967 ma-

2220 1932 2276 1979 et
2300 1923 2442 1987 Filii,
2467 1934 2520 1979 et
2547 1921 2780 1993 Spiritus
2803 1922 2997 1985 sancti,
3023 1921 3290 1989 simulque
3314 1921 3458 1973 beati
3489 1918 3641 1973 Petri
3667 1933 3793 1987 apo-

2219 2014 2479 2070 stolorum
2507 2015 2786 2085 principis,
2809 2021 2865 2068 et
2883 2012 3029 2067 Pauli
3052 2014 3288 2084 gentium
3311 2012 3571 2074 doctoris,
3597 2009 3794 2079 quibus

2219 2107 2416 2178 ligandi
2453 2114 2509 2161 et
2537 2105 2780 2161 solvendi
2811 2105 2864 2159 in
2891 2103 3029 2160 coelo
3055 2114 3111 2157 et
3136 2104 3187 2157 in
3213 2113 3358 2156 terra
3396 2112 3642 2172 potestas
3664 2115 3794 2156 con-

2219 2213 2373 2254 cessa
2402 2205 2509 2260 est,
2557 2206 2740 2251 nostra
2791 2196 2953 2250 etiam
2984 2193 3237 2265 pastorali
3266 2192 3536 2248 sententia
3573 2207 3793 2247 excom-

2219 2291 2544 2354 municatus,
2577 2297 2739 2358 atque
2772 2294 3030 2356 perpetuo
3061 2284 3276 2340 vinculo
3307 2284 3679 2343 anathematis
3706 2283 3791 2335 io-

2217 2381 2468 2444 nodatus,
2497 2388 2553 2434 et
2590 2395 2712 2434 eum
2753 2376 2889 2432 Juda
2937 2377 3145 2431 Domini
3194 2376 3361 2431 nostri
3417 2375 3701 2440 traditore,
3734 2383 3790 2428 et

2221 2471 2462 2538 diabolo,
2512 2467 2864 2525 infernalibus
2911 2467 3084 2537 pinnis
3126 2468 3410 2522 damnatus
3444 2473 3788 2535 permaneat,

2219 2563 2322 2618 nisi
2368 2563 2435 2617 ad
2477 2560 2900 2617 satislactioaem
2944 2567 2999 2613 et
3026 2572 3317 2628 congruam
3347 2557 3788 2612 emendationem

2221 2654 2446 2711 venerit.
2472 2652 2773 2708 Statuimus
2801 2659 2980 2706 autem
3009 2650 3184 2704 eidem
3213 2650 3542 2703 monasterio
3570 2659 3788 2717 aposto-

2201 2750 2332 2805 lica:
2357 2746 2697 2803 auctoritatis
2724 2744 3085 2815 privilegium,
3118 2751 3177 2796 ut
3211 2740 3358 2796 nullo
3396 2726 3553 2795 modo
3580 2741 3650 2795 ab
3678 2739 3791 2793 ulla

2217 2840 2625 2911 archiepiscOpo
2653 2837 2735 2892 vel
2780 2836 3034 2907 episeopo
3061 2833 3387 2888 sententiam
3416 2832 3788 2887 excommuni-

2213 2932 2446 2987 cationis
2483 2932 2770 2993 sustineat,
2813 2942 2986 2997 neque
3015 2940 3114 2996 pro
3146 2925 3325 2993 aliquo
3344 2924 3489 2994 jure,
3524 2939 3624 2978 nec
3649 2924 3789 2975 ordia

2215 3022 2438 3078 natione
2466 3033 2848 3091 quamcunque
2879 3016 3180 3073 molestiam
3221 3017 3290 3070 ab
3335 3016 3538 3071 eisdem
3578 3016 3791 3085 cpiscos

2217 3114 2300 3183 pis
2323 3123 2549 3184 cogatur
2570 3112 2859 3172 sustinere,
2890 3108 3050 3163 ut‘sit
3077 3106 3296 3177 quietus
3318 3105 3459 3160 idem
3486 3105 3659 3167 locus,
3686 3104 3787 3156 sub

2211 3205 2332 3273 jure
2374 3211 2428 3257 et
2462 3199 2773 3256 defensione
2818 3200 3097 3256 beatorum
3142 3194 3505 3265 apostolorum
3551 3194 3694 3248 Petri
3732 3203 3786 3246 et

2214 3293 2389 3357 Pauli,
2418 3300 2472 3348 et
2497 3290 2811 3362 pontiﬁcum
2849 3303 2960 3343 suae
2993 3286 3138 3342 sedis
3167 3286 3327 3357 hujus
3362 3286 3414 3338 in
3445 3292 3783 3353 perpetuum.

2216 3386 2367 3454 Quod
2403 3386 2446 3441 si
2478 3385 2671 3454 aliquis
2701 3381 2917 3439 rebellis
2941 3391 3129 3437 contra
3154 3378 3295 3433 hanc
3328 3386 3569 3433 nostram
3595 3385 3781 3430 aucto-

2215 3478 2458 3543 ritatem,
2487 3476 2691 3532 scilicet
2738 3474 3175 3544 archiepiscopus
3217 3470 3296 3525 vel
3333 3469 3617 3539 episcopus
3665 3468 3786 3536 qui-

2215 3583 2442 3638 cunque,
2471 3568 2644 3637 ipsum
2673 3566 2848 3622 locum
2878 3563 3348 3620 exeouimunicare
3379 3561 3632 3623 voluerit,
3670 3562 3783 3628 ipse

2215 3662 2286 3716 sit
2336 3660 2859 3720 eacommunicatus,
2920 3667 2973 3713 et
3019 3658 3170 3714 locus
3220 3658 3325 3712 iste
3377 3657 3675 3721 absolutus,
3731 3657 3781 3708 in

2215 3765 2474 3819 mternum
2510 3762 2565 3817 et
2594 3755 2648 3810 in
2676 3753 2928 3809 saeculum
2955 3751 3156 3808 saeculi.
3200 3751 3393 3807 Amen.

2928 3843 3066 3900 XIV.

2312 3937 2535 3993 Joannis
2582 3936 2632 3991 Χ
2646 3936 2784 3990 VIII
2843 3934 3165 4003 privilegium
3224 3952 3319 4002 pro
3372 3945 3686 3990 monastmo

2636 4007 2698 4063 S.
2740 4007 2957 4060 Victoris
2997 4006 3363 4061 Massiliensis.

2690 4097 2868 4169 (Circa
2902 4112 3099 4152 annum
3129 4094 3311 4167 1th9.)

2547 4189 2766 4253 Munati,
2803 4185 2985 4258 Papiri
3012 4186 3250 4257 diplom,
3282 4187 3321 4250 Ι,
3361 4185 3476 4259 64.]

2285 4281 2518 4337 Joannes
2563 4282 2877 4351 episcopus,
2935 4294 3125 4334 servus
3183 4292 3463 4332 servorum
3514 4276 3640 4341 Dei,
3690 4275 3782 4330 Gi-

2212 4385 2385 4425 Πιευο
2423 4369 2716 4425 venerabili
2770 4367 2953 4423 abbati
3002 4376 3059 4421 et
3104 4367 3355 4443 omnibus
3405 4365 3670 4421 fratribus
3717 4370 3783 4419 de

2215 4461 2543 4514 monasterio
2586 4458 2645 4513 S.
2694 4457 2930 4512 Victoris
2976 4456 3343 4512 dilectissimis
3409 4456 3535 4510 ﬁliis
3584 4454 3786 4510 nostris

2143 4525 2187 4579 D
2215 4550 2582 4619 spiritualibus
2615 4548 2844 4604 salutem
2889 4556 2946 4602 et
2989 4548 3239 4618 gratiam,
3273 4547 3500 4615 insuper
3530 4556 3584 4602 et
3625 4547 3785 4601 bene.

2214 4640 2502 4696 dictionem
2530 4637 2901 4708 apostolicam.

2283 4728 2629 4785 Consuetudo
2674 4725 2776 4780 fuit
2823 4732 3131 4780 nostrorum
3169 4734 3579 4781 antecessorum
3613 4723 3787 4793 ponti-

2213 4821 2373 4876 ﬁcum
2423 4819 2708 4876 subvenire
2760 4820 3013 4876 omnibus
3072 4821 3137 4875 ad
3191 4835 3251 4875 se
3304 4830 3533 4890 propter
3586 4821 3783 4875 bonum

2212 4928 2349 4980 opus
2383 4911 2823 4967 convenientibus
2851 4930 2864 4966 :
2898 4912 3041 4966 illam
3071 4927 3284 4981 quoque
3325 4913 3525 4965 bonam
3558 4925 3786 4966 comae-
