  <div class='ocr_page' id='page_1' title='image "/cluster/home/n/w/nwhite01/storage/ocr_20150623/139/hvd.32044015471782/752.png"; bbox 0 0 3984 5316; ppageno 0'>
   <div class='ocr_carea' id='block_1_1' title="bbox 257 354 397 412">
    <p class='ocr_par' dir='ltr' id='par_1_1' title="bbox 257 354 397 412">
     <span class='ocr_line' id='line_1_1' title="bbox 257 354 397 412; baseline 0.029 -4"><span class='ocrx_word' id='word_1_1' title='bbox 257 354 397 412; x_wconf 73' lang='grc' dir='ltr'><strong>Η93</strong></span> 
     </span>
    </p>
   </div>
   <div class='ocr_carea' id='block_1_2' title="bbox 797 356 3033 434">
    <p class='ocr_par' dir='ltr' id='par_1_2' title="bbox 797 356 3033 434">
     <span class='ocr_line' id='line_1_2' title="bbox 797 356 3033 434; baseline 0.008 -21"><span class='ocrx_word' id='word_1_2' title='bbox 797 356 1108 421; x_wconf 66' lang='grc' dir='ltr'><strong>ΔΠΝΟῙΒΪ</strong></span> <span class='ocrx_word' id='word_1_3' title='bbox 1132 365 1221 424; x_wconf 79' lang='lat' dir='ltr'><strong>HA</strong></span> <span class='ocrx_word' id='word_1_4' title='bbox 1238 362 1631 426; x_wconf 27' lang='lat' dir='ltr'><strong>LBERSTAT.‘</strong></span> <span class='ocrx_word' id='word_1_5' title='bbox 1661 370 1874 430; x_wconf 76' lang='lat' dir='ltr'><strong>EPIST.</strong></span> <span class='ocrx_word' id='word_1_6' title='bbox 1913 374 2002 427; x_wconf 81' lang='lat' dir='ltr'><strong>AD</strong></span> <span class='ocrx_word' id='word_1_7' title='bbox 2035 376 2390 434; x_wconf 59' lang='lat' dir='ltr'><strong>llEKRlCUM</strong></span> <span class='ocrx_word' id='word_1_8' title='bbox 2426 365 2781 432; x_wconf 72' lang='lat' dir='ltr'><strong>HERBIPOL.</strong></span> <span class='ocrx_word' id='word_1_9' title='bbox 2823 372 3033 434; x_wconf 65' lang='lat' dir='ltr'><strong>EPISC.</strong></span> 
     </span>
    </p>
   </div>
   <div class='ocr_carea' id='block_1_3' title="bbox 3355 379 3493 435">
    <p class='ocr_par' dir='ltr' id='par_1_3' title="bbox 3355 379 3493 435">
     <span class='ocr_line' id='line_1_3' title="bbox 3355 379 3493 435; baseline -0.022 0"><span class='ocrx_word' id='word_1_10' title='bbox 3355 379 3493 435; x_wconf 56' lang='lat'><strong>“9‘</strong></span> 
     </span>
    </p>
   </div>
   <div class='ocr_carea' id='block_1_4' title="bbox 256 469 3491 561">
    <p class='ocr_par' dir='ltr' id='par_1_4' title="bbox 256 469 3491 561">
     <span class='ocr_line' id='line_1_4' title="bbox 256 469 3491 561; baseline 0.007 -39"><span class='ocrx_word' id='word_1_11' title='bbox 256 478 450 561; x_wconf 78' lang='lat' dir='ltr'><strong>teneat.</strong></span> <span class='ocrx_word' id='word_1_12' title='bbox 481 469 655 526; x_wconf 79' lang='lat' dir='ltr'><strong>Cellas</strong></span> <span class='ocrx_word' id='word_1_13' title='bbox 682 488 896 543; x_wconf 81' lang='lat' dir='ltr'><strong>quoque</strong></span> <span class='ocrx_word' id='word_1_14' title='bbox 923 470 1023 531; x_wconf 71' lang='lat' dir='ltr'><strong>silit</strong></span> <span class='ocrx_word' id='word_1_15' title='bbox 1050 480 1343 547; x_wconf 72' lang='lat' dir='ltr'><strong>subiectas,</strong></span> <span class='ocrx_word' id='word_1_16' title='bbox 1366 494 1546 537; x_wconf 88' lang='lat' dir='ltr'><strong>eortes</strong></span> <span class='ocrx_word' id='word_1_17' title='bbox 1567 495 1622 538; x_wconf 92' lang='lat' dir='ltr'><strong>et</strong></span> <span class='ocrx_word' id='word_1_18' title='bbox 1646 486 1819 551; x_wconf 87' lang='lat' dir='ltr'><strong>villas,</strong></span> <span class='ocrx_word' id='word_1_19' title='bbox 1849 500 1897 551; x_wconf 68' lang='grc' dir='ltr'><strong>Α</strong></span> <span class='ocrx_word' id='word_1_20' title='bbox 1925 505 2202 560; x_wconf 70' lang='lat' dir='ltr'><strong>parvaque</strong></span> <span class='ocrx_word' id='word_1_21' title='bbox 2238 506 2469 561; x_wconf 85' lang='lat' dir='ltr'><strong>persona</strong></span> <span class='ocrx_word' id='word_1_22' title='bbox 2505 488 2707 561; x_wconf 81' lang='lat' dir='ltr'><strong>aliquid</strong></span> <span class='ocrx_word' id='word_1_23' title='bbox 2751 492 2945 547; x_wconf 72' lang='lat' dir='ltr'><strong>audeat</strong></span> <span class='ocrx_word' id='word_1_24' title='bbox 2986 482 3201 548; x_wconf 64' lang='lat' dir='ltr'><strong>aulerre</strong></span> <span class='ocrx_word' id='word_1_25' title='bbox 3225 492 3290 548; x_wconf 84' lang='lat' dir='ltr'><strong>de</strong></span> <span class='ocrx_word' id='word_1_26' title='bbox 3330 494 3491 547; x_wconf 80' lang='lat' dir='ltr'><strong>rebus</strong></span> 
     </span>
    </p>
   </div>
   <div class='ocr_carea' id='block_1_5' title="bbox 252 560 1821 644">
    <p class='ocr_par' dir='ltr' id='par_1_5' title="bbox 252 560 1821 644">
     <span class='ocr_line' id='line_1_5' title="bbox 252 560 1821 644; baseline 0.011 -31"><span class='ocrx_word' id='word_1_27' title='bbox 252 569 307 614; x_wconf 86' lang='lat' dir='ltr'><strong>et</strong></span> <span class='ocrx_word' id='word_1_28' title='bbox 364 560 570 631; x_wconf 87' lang='lat' dir='ltr'><strong>reliqua</strong></span> <span class='ocrx_word' id='word_1_29' title='bbox 620 563 737 619; x_wconf 89' lang='lat' dir='ltr'><strong>loca</strong></span> <span class='ocrx_word' id='word_1_30' title='bbox 792 566 892 620; x_wconf 87' lang='lat' dir='ltr'><strong>sibi</strong></span> <span class='ocrx_word' id='word_1_31' title='bbox 946 572 1271 637; x_wconf 88' lang='lat' dir='ltr'><strong>pertinentia</strong></span> <span class='ocrx_word' id='word_1_32' title='bbox 1331 589 1427 642; x_wconf 85' lang='lat' dir='ltr'><strong>per</strong></span> <span class='ocrx_word' id='word_1_33' title='bbox 1473 576 1821 644; x_wconf 78' lang='lat' dir='ltr'><strong>apostolicam</strong></span> 
     </span>
    </p>
   </div>
   <div class='ocr_carea' id='block_1_6' title="bbox 254 652 1823 735">
    <p class='ocr_par' dir='ltr' id='par_1_6' title="bbox 254 652 1823 735">
     <span class='ocr_line' id='line_1_6' title="bbox 254 652 1823 735; baseline 0.013 -33"><span class='ocrx_word' id='word_1_34' title='bbox 254 652 630 706; x_wconf 82' lang='lat' dir='ltr'><strong>auctoritatem</strong></span> <span class='ocrx_word' id='word_1_35' title='bbox 670 653 719 708; x_wconf 92' lang='lat' dir='ltr'><strong>ei</strong></span> <span class='ocrx_word' id='word_1_36' title='bbox 762 657 1167 726; x_wconf 78' lang='lat' dir='ltr'><strong>confirmamus,</strong></span> <span class='ocrx_word' id='word_1_37' title='bbox 1214 665 1405 717; x_wconf 86' lang='lat' dir='ltr'><strong>amodo</strong></span> <span class='ocrx_word' id='word_1_38' title='bbox 1453 674 1508 717; x_wconf 91' lang='lat' dir='ltr'><strong>et</strong></span> <span class='ocrx_word' id='word_1_39' title='bbox 1550 681 1720 735; x_wconf 86' lang='lat' dir='ltr'><strong>usque</strong></span> <span class='ocrx_word' id='word_1_40' title='bbox 1769 668 1823 722; x_wconf 91' lang='lat' dir='ltr'><strong>in</strong></span> 
     </span>
    </p>
   </div>
   <div class='ocr_carea' id='block_1_7' title="bbox 255 745 1823 833">
    <p class='ocr_par' dir='ltr' id='par_1_7' title="bbox 255 745 1823 833">
     <span class='ocr_line' id='line_1_7' title="bbox 255 745 1823 833; baseline 0.014 -38"><span class='ocrx_word' id='word_1_41' title='bbox 255 750 589 833; x_wconf 67' lang='lat' dir='ltr'><strong>perpetuum,</strong></span> <span class='ocrx_word' id='word_1_42' title='bbox 628 745 701 801; x_wconf 91' lang='lat' dir='ltr'><strong>ita</strong></span> <span class='ocrx_word' id='word_1_43' title='bbox 744 758 801 802; x_wconf 91' lang='lat' dir='ltr'><strong>ut</strong></span> <span class='ocrx_word' id='word_1_44' title='bbox 848 752 994 807; x_wconf 89' lang='lat' dir='ltr'><strong>nulla</strong></span> <span class='ocrx_word' id='word_1_45' title='bbox 1042 770 1239 824; x_wconf 88' lang='lat' dir='ltr'><strong>magna</strong></span> <span class='ocrx_word' id='word_1_46' title='bbox 1285 772 1558 828; x_wconf 88' lang='lat' dir='ltr'><strong>parvaque</strong></span> <span class='ocrx_word' id='word_1_47' title='bbox 1596 776 1823 829; x_wconf 80' lang='lat' dir='ltr'><strong>persona</strong></span> 
     </span>
    </p>
   </div>
   <div class='ocr_carea' id='block_1_8' title="bbox 254 832 1823 907">
    <p class='ocr_par' dir='ltr' id='par_1_8' title="bbox 254 832 1823 907">
     <span class='ocr_line' id='line_1_8' title="bbox 254 832 1823 907; baseline 0.014 -24"><span class='ocrx_word' id='word_1_48' title='bbox 254 832 449 887; x_wconf 86' lang='lat' dir='ltr'><strong>audeat</strong></span> <span class='ocrx_word' id='word_1_49' title='bbox 491 850 728 907; x_wconf 88' lang='lat' dir='ltr'><strong>unquam</strong></span> <span class='ocrx_word' id='word_1_50' title='bbox 764 839 996 907; x_wconf 82' lang='lat' dir='ltr'><strong>aliquam</strong></span> <span class='ocrx_word' id='word_1_51' title='bbox 1030 844 1331 898; x_wconf 84' lang='lat' dir='ltr'><strong>molestiam</strong></span> <span class='ocrx_word' id='word_1_52' title='bbox 1364 846 1564 901; x_wconf 79' lang='lat' dir='ltr'><strong>inferre</strong></span> <span class='ocrx_word' id='word_1_53' title='bbox 1610 865 1677 904; x_wconf 80' lang='lat' dir='ltr'><strong>ex</strong></span> <span class='ocrx_word' id='word_1_54' title='bbox 1708 867 1823 905; x_wconf 90' lang='lat' dir='ltr'><strong>om-</strong></span> 
     </span>
    </p>
   </div>
   <div class='ocr_carea' id='block_1_9' title="bbox 255 919 1822 1009">
    <p class='ocr_par' dir='ltr' id='par_1_9' title="bbox 255 919 1822 1009">
     <span class='ocr_line' id='line_1_9' title="bbox 255 919 1822 1009; baseline 0.015 -39"><span class='ocrx_word' id='word_1_55' title='bbox 255 919 413 973; x_wconf 85' lang='lat' dir='ltr'><strong>nibus</strong></span> <span class='ocrx_word' id='word_1_56' title='bbox 465 936 581 989; x_wconf 70' lang='lat' dir='ltr'><strong>quaz</strong></span> <span class='ocrx_word' id='word_1_57' title='bbox 628 926 897 993; x_wconf 85' lang='lat' dir='ltr'><strong>pertinent</strong></span> <span class='ocrx_word' id='word_1_58' title='bbox 940 931 1197 997; x_wconf 75' lang='lat' dir='ltr'><strong>praedicto</strong></span> <span class='ocrx_word' id='word_1_59' title='bbox 1249 936 1610 1002; x_wconf 85' lang='lat' dir='ltr'><strong>monasterio;</strong></span> <span class='ocrx_word' id='word_1_60' title='bbox 1644 946 1696 992; x_wconf 91' lang='lat' dir='ltr'><strong>et</strong></span> <span class='ocrx_word' id='word_1_61' title='bbox 1731 940 1822 1009; x_wconf 89' lang='lat' dir='ltr'><strong>qui</strong></span> 
     </span>
    </p>
   </div>
   <div class='ocr_carea' id='block_1_10' title="bbox 255 1011 1825 1101">
    <p class='ocr_par' dir='ltr' id='par_1_10' title="bbox 255 1011 1825 1101">
     <span class='ocr_line' id='line_1_10' title="bbox 255 1011 1825 1101; baseline 0.016 -37"><span class='ocrx_word' id='word_1_62' title='bbox 255 1011 461 1070; x_wconf 75' lang='lat' dir='ltr'><strong>inferre</strong></span> <span class='ocrx_word' id='word_1_63' title='bbox 505 1024 926 1090; x_wconf 62' lang='lat' dir='ltr'><strong>praesumpserit,</strong></span> <span class='ocrx_word' id='word_1_64' title='bbox 955 1039 1021 1079; x_wconf 78' lang='lat' dir='ltr'><strong>ex</strong></span> <span class='ocrx_word' id='word_1_65' title='bbox 1067 1030 1396 1084; x_wconf 84' lang='lat' dir='ltr'><strong>auctoritate</strong></span> <span class='ocrx_word' id='word_1_66' title='bbox 1438 1033 1825 1101; x_wconf 81' lang='lat' dir='ltr'><strong>omnipotentis</strong></span> 
     </span>
    </p>
   </div>
   <div class='ocr_carea' id='block_1_11' title="bbox 258 1102 1824 1183">
    <p class='ocr_par' dir='ltr' id='par_1_11' title="bbox 258 1102 1824 1183">
     <span class='ocr_line' id='line_1_11' title="bbox 258 1102 1824 1183; baseline 0.015 -27"><span class='ocrx_word' id='word_1_67' title='bbox 258 1102 377 1169; x_wconf 90' lang='lat' dir='ltr'><strong>Dei,</strong></span> <span class='ocrx_word' id='word_1_68' title='bbox 416 1114 470 1161; x_wconf 91' lang='lat' dir='ltr'><strong>et</strong></span> <span class='ocrx_word' id='word_1_69' title='bbox 498 1107 641 1163; x_wconf 86' lang='lat' dir='ltr'><strong>beati</strong></span> <span class='ocrx_word' id='word_1_70' title='bbox 675 1110 818 1167; x_wconf 85' lang='lat' dir='ltr'><strong>Petri</strong></span> <span class='ocrx_word' id='word_1_71' title='bbox 849 1116 1109 1183; x_wconf 87' lang='lat' dir='ltr'><strong>apostoli,</strong></span> <span class='ocrx_word' id='word_1_72' title='bbox 1142 1130 1197 1172; x_wconf 93' lang='lat' dir='ltr'><strong>et</strong></span> <span class='ocrx_word' id='word_1_73' title='bbox 1235 1130 1417 1175; x_wconf 89' lang='lat' dir='ltr'><strong>nostra</strong></span> <span class='ocrx_word' id='word_1_74' title='bbox 1453 1123 1592 1177; x_wconf 89' lang='lat' dir='ltr'><strong>sciat</strong></span> <span class='ocrx_word' id='word_1_75' title='bbox 1618 1138 1676 1178; x_wconf 89' lang='lat' dir='ltr'><strong>se</strong></span> <span class='ocrx_word' id='word_1_76' title='bbox 1704 1138 1824 1180; x_wconf 80' lang='lat' dir='ltr'><strong>esse</strong></span> 
     </span>
    </p>
   </div>
   <div class='ocr_carea' id='block_1_12' title="bbox 253 1201 1821 1283">
    <p class='ocr_par' dir='ltr' id='par_1_12' title="bbox 253 1201 1821 1283">
     <span class='ocr_line' id='line_1_12' title="bbox 253 1201 1821 1283; baseline 0.015 -37"><span class='ocrx_word' id='word_1_77' title='bbox 253 1201 781 1256; x_wconf 74' lang='lat' dir='ltr'><strong>excommunicatum</strong></span> <span class='ocrx_word' id='word_1_78' title='bbox 840 1214 893 1258; x_wconf 89' lang='lat' dir='ltr'><strong>et</strong></span> <span class='ocrx_word' id='word_1_79' title='bbox 953 1207 1342 1276; x_wconf 88' lang='lat' dir='ltr'><strong>maledictum,</strong></span> <span class='ocrx_word' id='word_1_80' title='bbox 1398 1222 1452 1267; x_wconf 90' lang='lat' dir='ltr'><strong>et</strong></span> <span class='ocrx_word' id='word_1_81' title='bbox 1518 1213 1737 1283; x_wconf 88' lang='lat' dir='ltr'><strong>insuper</strong></span> <span class='ocrx_word' id='word_1_82' title='bbox 1793 1230 1821 1269; x_wconf 88' lang='lat' dir='ltr'><strong>a</strong></span> 
     </span>
    </p>
   </div>
   <div class='ocr_carea' id='block_1_13' title="bbox 251 1286 1821 1366">
    <p class='ocr_par' dir='ltr' id='par_1_13' title="bbox 251 1286 1821 1366">
     <span class='ocr_line' id='line_1_13' title="bbox 251 1286 1821 1366; baseline 0.014 -31"><span class='ocrx_word' id='word_1_83' title='bbox 251 1286 630 1341; x_wconf 89' lang='lat' dir='ltr'><strong>communione</strong></span> <span class='ocrx_word' id='word_1_84' title='bbox 657 1301 711 1344; x_wconf 91' lang='lat' dir='ltr'><strong>et</strong></span> <span class='ocrx_word' id='word_1_85' title='bbox 738 1292 803 1344; x_wconf 90' lang='lat' dir='ltr'><strong>ab</strong></span> <span class='ocrx_word' id='word_1_86' title='bbox 832 1291 1066 1349; x_wconf 84' lang='lat' dir='ltr'><strong>Ecclesia</strong></span> <span class='ocrx_word' id='word_1_87' title='bbox 1098 1309 1425 1366; x_wconf 88' lang='lat' dir='ltr'><strong>separatum,</strong></span> <span class='ocrx_word' id='word_1_88' title='bbox 1459 1308 1513 1354; x_wconf 89' lang='lat' dir='ltr'><strong>et</strong></span> <span class='ocrx_word' id='word_1_89' title='bbox 1540 1316 1660 1356; x_wconf 90' lang='lat' dir='ltr'><strong>cum</strong></span> <span class='ocrx_word' id='word_1_90' title='bbox 1687 1300 1821 1357; x_wconf 75' lang='lat' dir='ltr'><strong>Inda</strong></span> 
     </span>
    </p>
   </div>
   <div class='ocr_carea' id='block_1_14' title="bbox 250 1373 1823 1460">
    <p class='ocr_par' dir='ltr' id='par_1_14' title="bbox 250 1373 1823 1460">
     <span class='ocr_line' id='line_1_14' title="bbox 250 1373 1823 1460; baseline 0.013 -33"><span class='ocrx_word' id='word_1_91' title='bbox 250 1383 307 1427; x_wconf 84' lang='lat' dir='ltr'><strong>et</strong></span> <span class='ocrx_word' id='word_1_92' title='bbox 337 1373 555 1431; x_wconf 87' lang='lat' dir='ltr'><strong>diabolo</strong></span> <span class='ocrx_word' id='word_1_93' title='bbox 585 1378 637 1432; x_wconf 90' lang='lat' dir='ltr'><strong>in</strong></span> <span class='ocrx_word' id='word_1_94' title='bbox 668 1383 1025 1441; x_wconf 88' lang='lat' dir='ltr'><strong>atrocissimis</strong></span> <span class='ocrx_word' id='word_1_95' title='bbox 1060 1389 1234 1455; x_wconf 69' lang='lat' dir='ltr'><strong>pmuis</strong></span> <span class='ocrx_word' id='word_1_96' title='bbox 1268 1392 1651 1460; x_wconf 88' lang='lat' dir='ltr'><strong>perpetualiter</strong></span> <span class='ocrx_word' id='word_1_97' title='bbox 1676 1394 1823 1448; x_wconf 88' lang='lat' dir='ltr'><strong>dam-</strong></span> 
     </span>
    </p>
   </div>
   <div class='ocr_carea' id='block_1_15' title="bbox 253 1464 1823 1551">
    <p class='ocr_par' dir='ltr' id='par_1_15' title="bbox 253 1464 1823 1551">
     <span class='ocr_line' id='line_1_15' title="bbox 253 1464 1823 1551; baseline 0.016 -37"><span class='ocrx_word' id='word_1_98' title='bbox 253 1472 465 1517; x_wconf 87' lang='lat' dir='ltr'><strong>natum.</strong></span> <span class='ocrx_word' id='word_1_99' title='bbox 527 1464 762 1525; x_wconf 84' lang='lat' dir='ltr'><strong>Joannes</strong></span> <span class='ocrx_word' id='word_1_100' title='bbox 812 1484 1014 1529; x_wconf 67' lang='lat' dir='ltr'><strong>sancta:</strong></span> <span class='ocrx_word' id='word_1_101' title='bbox 1071 1479 1348 1534; x_wconf 74' lang='lat' dir='ltr'><strong>catholica:</strong></span> <span class='ocrx_word' id='word_1_102' title='bbox 1412 1490 1465 1534; x_wconf 91' lang='lat' dir='ltr'><strong>et</strong></span> <span class='ocrx_word' id='word_1_103' title='bbox 1513 1483 1823 1551; x_wconf 67' lang='lat' dir='ltr'><strong>apostolicae</strong></span> 
     </span>
    </p>
   </div>
   <div class='ocr_carea' id='block_1_16' title="bbox 253 1552 1818 1646">
    <p class='ocr_par' dir='ltr' id='par_1_16' title="bbox 253 1552 1818 1646">
     <span class='ocr_line' id='line_1_16' title="bbox 253 1552 1818 1646; baseline 0.017 -41"><span class='ocrx_word' id='word_1_104' title='bbox 253 1552 515 1610; x_wconf 67' lang='lat' dir='ltr'><strong>Ecclesia:</strong></span> <span class='ocrx_word' id='word_1_105' title='bbox 553 1561 882 1628; x_wconf 87' lang='lat' dir='ltr'><strong>apostolicus</strong></span> <span class='ocrx_word' id='word_1_106' title='bbox 911 1568 1106 1634; x_wconf 72' lang='lat' dir='ltr'><strong>przesul</strong></span> <span class='ocrx_word' id='word_1_107' title='bbox 1139 1570 1243 1624; x_wconf 89' lang='lat' dir='ltr'><strong>boc</strong></span> <span class='ocrx_word' id='word_1_108' title='bbox 1272 1571 1415 1625; x_wconf 87' lang='lat' dir='ltr'><strong>dedit</strong></span> <span class='ocrx_word' id='word_1_109' title='bbox 1454 1574 1818 1646; x_wconf 79' lang='lat' dir='ltr'><strong>privilegium,</strong></span> 
     </span>
    </p>
   </div>
   <div class='ocr_carea' id='block_1_17' title="bbox 252 1646 1817 1736">
    <p class='ocr_par' dir='ltr' id='par_1_17' title="bbox 252 1646 1817 1736">
     <span class='ocr_line' id='line_1_17' title="bbox 252 1646 1817 1736; baseline 0.017 -42"><span class='ocrx_word' id='word_1_110' title='bbox 252 1653 336 1736; x_wconf 26' lang='lat' dir='ltr'><strong>ut:</strong></span> <span class='ocrx_word' id='word_1_111' title='bbox 364 1646 543 1702; x_wconf 91' lang='lat' dir='ltr'><strong>nullus</strong></span> <span class='ocrx_word' id='word_1_112' title='bbox 587 1653 1145 1722; x_wconf 87' lang='lat' dir='ltr'><strong>metropolitanorum,</strong></span> <span class='ocrx_word' id='word_1_113' title='bbox 1195 1661 1372 1717; x_wconf 88' lang='lat' dir='ltr'><strong>nullus</strong></span> <span class='ocrx_word' id='word_1_114' title='bbox 1420 1665 1817 1736; x_wconf 91' lang='lat' dir='ltr'><strong>episcoporum,</strong></span> 
     </span>
    </p>
   </div>
   <div class='ocr_carea' id='block_1_18' title="bbox 251 1735 1815 1828">
    <p class='ocr_par' dir='ltr' id='par_1_18' title="bbox 251 1735 1815 1828">
     <span class='ocr_line' id='line_1_18' title="bbox 251 1735 1815 1828; baseline 0.015 -38"><span class='ocrx_word' id='word_1_115' title='bbox 251 1735 433 1793; x_wconf 83' lang='lat' dir='ltr'><strong>nullus</strong></span> <span class='ocrx_word' id='word_1_116' title='bbox 485 1753 667 1796; x_wconf 89' lang='lat' dir='ltr'><strong>comes</strong></span> <span class='ocrx_word' id='word_1_117' title='bbox 697 1783 712 1807; x_wconf 92' lang='lat'><strong>,</strong></span> <span class='ocrx_word' id='word_1_118' title='bbox 762 1759 862 1799; x_wconf 89' lang='lat' dir='ltr'><strong>nec</strong></span> <span class='ocrx_word' id='word_1_119' title='bbox 911 1746 1211 1805; x_wconf 90' lang='lat' dir='ltr'><strong>vicecomes</strong></span> <span class='ocrx_word' id='word_1_120' title='bbox 1244 1791 1259 1815; x_wconf 89' lang='lat'><strong>,</strong></span> <span class='ocrx_word' id='word_1_121' title='bbox 1319 1768 1417 1808; x_wconf 90' lang='lat' dir='ltr'><strong>nec</strong></span> <span class='ocrx_word' id='word_1_122' title='bbox 1462 1756 1570 1810; x_wconf 89' lang='lat' dir='ltr'><strong>ulla</strong></span> <span class='ocrx_word' id='word_1_123' title='bbox 1609 1735 1815 1828; x_wconf 85' lang='lat' dir='ltr'><strong>magna</strong></span> 
     </span>
    </p>
   </div>
   <div class='ocr_carea' id='block_1_19' title="bbox 304 1908 3220 1942">
    <p class='ocr_par' dir='ltr' id='par_1_19' title="bbox 304 1908 3220 1942">
     <span class='ocr_line' id='line_1_19' title="bbox 304 1908 3220 1942; baseline 0.004 -12"><span class='ocrx_word' id='word_1_124' title='bbox 304 1908 3220 1942; x_wconf 45' lang='grc' dir='ltr'>ω</span> 
     </span>
    </p>
   </div>
   <div class='ocr_carea' id='block_1_20' title="bbox 1925 582 3490 653">
    <p class='ocr_par' dir='ltr' id='par_1_20' title="bbox 1925 582 3490 653">
     <span class='ocr_line' id='line_1_20' title="bbox 1925 582 3490 653; baseline 0.002 -19"><span class='ocrx_word' id='word_1_125' title='bbox 1925 584 2236 637; x_wconf 87' lang='lat' dir='ltr'><strong>monasterii</strong></span> <span class='ocrx_word' id='word_1_126' title='bbox 2285 582 2343 637; x_wconf 88' lang='lat' dir='ltr'><strong>S.</strong></span> <span class='ocrx_word' id='word_1_127' title='bbox 2384 584 2648 648; x_wconf 75' lang='lat' dir='ltr'><strong>Victoris,</strong></span> <span class='ocrx_word' id='word_1_128' title='bbox 2691 601 2792 641; x_wconf 88' lang='lat' dir='ltr'><strong>nec</strong></span> <span class='ocrx_word' id='word_1_129' title='bbox 2836 586 3001 640; x_wconf 93' lang='lat' dir='ltr'><strong>ullum</strong></span> <span class='ocrx_word' id='word_1_130' title='bbox 3065 585 3325 653; x_wconf 81' lang='lat' dir='ltr'><strong>judicium</strong></span> <span class='ocrx_word' id='word_1_131' title='bbox 3392 600 3490 637; x_wconf 83' lang='lat' dir='ltr'><strong>nec</strong></span> 
     </span>
    </p>
   </div>
   <div class='ocr_carea' id='block_1_21' title="bbox 1926 671 3488 741">
    <p class='ocr_par' dir='ltr' id='par_1_21' title="bbox 1926 671 3488 741">
     <span class='ocr_line' id='line_1_21' title="bbox 1926 671 3488 741; baseline 0.004 -18"><span class='ocrx_word' id='word_1_132' title='bbox 1926 671 2181 739; x_wconf 85' lang='lat' dir='ltr'><strong>placitum</strong></span> <span class='ocrx_word' id='word_1_133' title='bbox 2215 673 2408 727; x_wconf 89' lang='lat' dir='ltr'><strong>audeat</strong></span> <span class='ocrx_word' id='word_1_134' title='bbox 2450 674 2629 729; x_wconf 84' lang='lat' dir='ltr'><strong>facere</strong></span> <span class='ocrx_word' id='word_1_135' title='bbox 2672 691 2767 731; x_wconf 90' lang='lat' dir='ltr'><strong>nec</strong></span> <span class='ocrx_word' id='word_1_136' title='bbox 2800 686 3012 741; x_wconf 89' lang='lat' dir='ltr'><strong>tenere,</strong></span> <span class='ocrx_word' id='word_1_137' title='bbox 3043 691 3143 731; x_wconf 87' lang='lat' dir='ltr'><strong>nec</strong></span> <span class='ocrx_word' id='word_1_138' title='bbox 3195 672 3488 730; x_wconf 55' lang='lat' dir='ltr'><strong>infra&#39;mo-</strong></span> 
     </span>
    </p>
   </div>
   <div class='ocr_carea' id='block_1_22' title="bbox 1924 761 3488 835">
    <p class='ocr_par' dir='ltr' id='par_1_22' title="bbox 1924 761 3488 835">
     <span class='ocr_line' id='line_1_22' title="bbox 1924 761 3488 835; baseline 0.004 -23"><span class='ocrx_word' id='word_1_139' title='bbox 1924 761 2241 825; x_wconf 87' lang='lat' dir='ltr'><strong>nasterium,</strong></span> <span class='ocrx_word' id='word_1_140' title='bbox 2286 778 2384 817; x_wconf 89' lang='lat' dir='ltr'><strong>nec</strong></span> <span class='ocrx_word' id='word_1_141' title='bbox 2412 764 2464 817; x_wconf 91' lang='lat' dir='ltr'><strong>in</strong></span> <span class='ocrx_word' id='word_1_142' title='bbox 2514 772 2680 819; x_wconf 88' lang='lat' dir='ltr'><strong>totam</strong></span> <span class='ocrx_word' id='word_1_143' title='bbox 2727 775 2927 820; x_wconf 87' lang='lat' dir='ltr'><strong>terram</strong></span> <span class='ocrx_word' id='word_1_144' title='bbox 2968 765 3025 819; x_wconf 91' lang='lat' dir='ltr'><strong>S.</strong></span> <span class='ocrx_word' id='word_1_145' title='bbox 3072 766 3328 829; x_wconf 82' lang='lat' dir='ltr'><strong>Victoris,</strong></span> <span class='ocrx_word' id='word_1_146' title='bbox 3370 782 3488 835; x_wconf 74' lang='lat' dir='ltr'><strong>quae</strong></span> 
     </span>
    </p>
   </div>
   <div class='ocr_carea' id='block_1_23' title="bbox 1924 849 3489 921">
    <p class='ocr_par' dir='ltr' id='par_1_23' title="bbox 1924 849 3489 921">
     <span class='ocr_line' id='line_1_23' title="bbox 1924 849 3489 921; baseline 0.004 -19"><span class='ocrx_word' id='word_1_147' title='bbox 1924 849 2083 904; x_wconf 90' lang='lat' dir='ltr'><strong>bodie</strong></span> <span class='ocrx_word' id='word_1_148' title='bbox 2123 853 2282 906; x_wconf 88' lang='lat' dir='ltr'><strong>habet</strong></span> <span class='ocrx_word' id='word_1_149' title='bbox 2322 862 2376 907; x_wconf 89' lang='lat' dir='ltr'><strong>et</strong></span> <span class='ocrx_word' id='word_1_150' title='bbox 2422 854 2474 909; x_wconf 90' lang='lat' dir='ltr'><strong>in</strong></span> <span class='ocrx_word' id='word_1_151' title='bbox 2518 864 2679 909; x_wconf 87' lang='lat' dir='ltr'><strong>antea</strong></span> <span class='ocrx_word' id='word_1_152' title='bbox 2728 856 2963 921; x_wconf 86' lang='lat' dir='ltr'><strong>habebit,</strong></span> <span class='ocrx_word' id='word_1_153' title='bbox 2995 869 3095 909; x_wconf 92' lang='lat' dir='ltr'><strong>nec</strong></span> <span class='ocrx_word' id='word_1_154' title='bbox 3142 856 3279 909; x_wconf 91' lang='lat' dir='ltr'><strong>ullus</strong></span> <span class='ocrx_word' id='word_1_155' title='bbox 3324 853 3489 909; x_wconf 87' lang='lat' dir='ltr'><strong>abbas</strong></span> 
     </span>
    </p>
   </div>
   <div class='ocr_carea' id='block_1_24' title="bbox 1918 936 3489 1013">
    <p class='ocr_par' dir='ltr' id='par_1_24' title="bbox 1918 936 3489 1013">
     <span class='ocr_line' id='line_1_24' title="bbox 1918 936 3489 1013; baseline 0.006 -23"><span class='ocrx_word' id='word_1_156' title='bbox 1918 936 2029 1005; x_wconf 86' lang='lat' dir='ltr'><strong>jam</strong></span> <span class='ocrx_word' id='word_1_157' title='bbox 2071 940 2303 995; x_wconf 84' lang='lat' dir='ltr'><strong>introeat</strong></span> <span class='ocrx_word' id='word_1_158' title='bbox 2331 943 2382 995; x_wconf 93' lang='lat' dir='ltr'><strong>in</strong></span> <span class='ocrx_word' id='word_1_159' title='bbox 2414 944 2763 1009; x_wconf 89' lang='lat' dir='ltr'><strong>monasterio,</strong></span> <span class='ocrx_word' id='word_1_160' title='bbox 2810 944 2911 997; x_wconf 87' lang='lat' dir='ltr'><strong>nisi</strong></span> <span class='ocrx_word' id='word_1_161' title='bbox 2956 959 3111 1012; x_wconf 91' lang='lat' dir='ltr'><strong>quem</strong></span> <span class='ocrx_word' id='word_1_162' title='bbox 3143 945 3328 1013; x_wconf 59' lang='lat' dir='ltr'><strong>lomnis</strong></span> <span class='ocrx_word' id='word_1_163' title='bbox 3356 958 3489 999; x_wconf 60' lang='lat' dir='ltr'><strong>conv.</strong></span> 
     </span>
    </p>
   </div>
   <div class='ocr_carea' id='block_1_25' title="bbox 1922 1031 3488 1104">
    <p class='ocr_par' dir='ltr' id='par_1_25' title="bbox 1922 1031 3488 1104">
     <span class='ocr_line' id='line_1_25' title="bbox 1922 1031 3488 1104; baseline 0.004 -23"><span class='ocrx_word' id='word_1_164' title='bbox 1922 1031 2167 1099; x_wconf 74' lang='lat' dir='ltr'><strong>gregatio</strong></span> <span class='ocrx_word' id='word_1_165' title='bbox 2196 1031 2436 1102; x_wconf 85' lang='lat' dir='ltr'><strong>elegerit.</strong></span> <span class='ocrx_word' id='word_1_166' title='bbox 2466 1033 2535 1088; x_wconf 85' lang='lat' dir='ltr'><strong>Et</strong></span> <span class='ocrx_word' id='word_1_167' title='bbox 2562 1035 2653 1103; x_wconf 87' lang='lat' dir='ltr'><strong>qui</strong></span> <span class='ocrx_word' id='word_1_168' title='bbox 2680 1036 2783 1089; x_wconf 82' lang='lat' dir='ltr'><strong>hoc</strong></span> <span class='ocrx_word' id='word_1_169' title='bbox 2824 1035 3158 1104; x_wconf 81' lang='lat' dir='ltr'><strong>privilegium</strong></span> <span class='ocrx_word' id='word_1_170' title='bbox 3196 1034 3488 1104; x_wconf 75' lang='lat' dir='ltr'><strong>infringere</strong></span> 
     </span>
    </p>
   </div>
   <div class='ocr_carea' id='block_1_26' title="bbox 1924 1116 3488 1192">
    <p class='ocr_par' dir='ltr' id='par_1_26' title="bbox 1924 1116 3488 1192">
     <span class='ocr_line' id='line_1_26' title="bbox 1924 1116 3488 1192; baseline 0.006 -23"><span class='ocrx_word' id='word_1_171' title='bbox 1924 1116 2175 1185; x_wconf 84' lang='lat' dir='ltr'><strong>voluerit,</strong></span> <span class='ocrx_word' id='word_1_172' title='bbox 2202 1134 2311 1175; x_wconf 89' lang='lat' dir='ltr'><strong>non</strong></span> <span class='ocrx_word' id='word_1_173' title='bbox 2341 1122 2539 1187; x_wconf 78' lang='lat' dir='ltr'><strong>valeat,</strong></span> <span class='ocrx_word' id='word_1_174' title='bbox 2582 1123 2675 1178; x_wconf 84' lang='lat' dir='ltr'><strong>sed</strong></span> <span class='ocrx_word' id='word_1_175' title='bbox 2713 1132 3000 1192; x_wconf 85' lang='lat' dir='ltr'><strong>componat</strong></span> <span class='ocrx_word' id='word_1_176' title='bbox 3028 1124 3081 1177; x_wconf 90' lang='lat' dir='ltr'><strong>in</strong></span> <span class='ocrx_word' id='word_1_177' title='bbox 3111 1123 3328 1178; x_wconf 88' lang='lat' dir='ltr'><strong>vinculo</strong></span> <span class='ocrx_word' id='word_1_178' title='bbox 3368 1124 3488 1179; x_wconf 82' lang='lat' dir='ltr'><strong>auri</strong></span> 
     </span>
    </p>
   </div>
   <div class='ocr_carea' id='block_1_27' title="bbox 1922 1210 3486 1284">
    <p class='ocr_par' dir='ltr' id='par_1_27' title="bbox 1922 1210 3486 1284">
     <span class='ocr_line' id='line_1_27' title="bbox 1922 1210 3486 1284; baseline 0.003 -20"><span class='ocrx_word' id='word_1_179' title='bbox 1922 1210 2115 1278; x_wconf 81' lang='lat' dir='ltr'><strong>Optimi</strong></span> <span class='ocrx_word' id='word_1_180' title='bbox 2165 1210 2332 1266; x_wconf 91' lang='lat' dir='ltr'><strong>libras</strong></span> <span class='ocrx_word' id='word_1_181' title='bbox 2363 1222 2616 1267; x_wconf 78' lang='lat' dir='ltr'><strong>&#39;centum.</strong></span> <span class='ocrx_word' id='word_1_182' title='bbox 2659 1214 2882 1284; x_wconf 88' lang='lat' dir='ltr'><strong>Insuper</strong></span> <span class='ocrx_word' id='word_1_183' title='bbox 2921 1215 3054 1268; x_wconf 88' lang='lat' dir='ltr'><strong>iram</strong></span> <span class='ocrx_word' id='word_1_184' title='bbox 3100 1214 3486 1283; x_wconf 84' lang='lat' dir='ltr'><strong>omnipotentis</strong></span> 
     </span>
    </p>
   </div>
   <div class='ocr_carea' id='block_1_28' title="bbox 1925 1302 3485 1369">
    <p class='ocr_par' dir='ltr' id='par_1_28' title="bbox 1925 1302 3485 1369">
     <span class='ocr_line' id='line_1_28' title="bbox 1925 1302 3485 1369; baseline 0.004 -14"><span class='ocrx_word' id='word_1_185' title='bbox 1925 1302 2018 1356; x_wconf 89' lang='lat' dir='ltr'><strong>Dei</strong></span> <span class='ocrx_word' id='word_1_186' title='bbox 2049 1304 2309 1369; x_wconf 86' lang='lat' dir='ltr'><strong>incurrat,</strong></span> <span class='ocrx_word' id='word_1_187' title='bbox 2337 1312 2392 1358; x_wconf 92' lang='lat' dir='ltr'><strong>et</strong></span> <span class='ocrx_word' id='word_1_188' title='bbox 2434 1302 2505 1358; x_wconf 88' lang='lat' dir='ltr'><strong>sit</strong></span> <span class='ocrx_word' id='word_1_189' title='bbox 2547 1308 3043 1364; x_wconf 82' lang='lat' dir='ltr'><strong>exeommunicatus</strong></span> <span class='ocrx_word' id='word_1_190' title='bbox 3067 1321 3132 1362; x_wconf 85' lang='lat' dir='ltr'><strong>ex</strong></span> <span class='ocrx_word' id='word_1_191' title='bbox 3161 1306 3485 1362; x_wconf 78' lang='lat' dir='ltr'><strong>auctoritate</strong></span> 
     </span>
    </p>
   </div>
   <div class='ocr_carea' id='block_1_29' title="bbox 1924 1395 3487 1465">
    <p class='ocr_par' dir='ltr' id='par_1_29' title="bbox 1924 1395 3487 1465">
     <span class='ocr_line' id='line_1_29' title="bbox 1924 1395 3487 1465; baseline 0 -15"><span class='ocrx_word' id='word_1_192' title='bbox 1924 1396 2096 1450; x_wconf 86' lang='lat' dir='ltr'><strong>sancti</strong></span> <span class='ocrx_word' id='word_1_193' title='bbox 2144 1395 2290 1451; x_wconf 88' lang='lat' dir='ltr'><strong>Petri</strong></span> <span class='ocrx_word' id='word_1_194' title='bbox 2339 1397 2585 1465; x_wconf 89' lang='lat' dir='ltr'><strong>apostoli,</strong></span> <span class='ocrx_word' id='word_1_195' title='bbox 2618 1410 2672 1453; x_wconf 91' lang='lat' dir='ltr'><strong>et</strong></span> <span class='ocrx_word' id='word_1_196' title='bbox 2700 1407 2901 1465; x_wconf 89' lang='lat' dir='ltr'><strong>nostra,</strong></span> <span class='ocrx_word' id='word_1_197' title='bbox 2938 1407 2991 1454; x_wconf 93' lang='lat' dir='ltr'><strong>et</strong></span> <span class='ocrx_word' id='word_1_198' title='bbox 3021 1407 3333 1453; x_wconf 89' lang='lat' dir='ltr'><strong>sanctorum</strong></span> <span class='ocrx_word' id='word_1_199' title='bbox 3374 1406 3487 1451; x_wconf 89' lang='lat' dir='ltr'><strong>tre-</strong></span> 
     </span>
    </p>
   </div>
   <div class='ocr_carea' id='block_1_30' title="bbox 1923 1487 3487 1559">
    <p class='ocr_par' dir='ltr' id='par_1_30' title="bbox 1923 1487 3487 1559">
     <span class='ocr_line' id='line_1_30' title="bbox 1923 1487 3487 1559; baseline -0.001 -19"><span class='ocrx_word' id='word_1_200' title='bbox 1923 1494 2203 1541; x_wconf 89' lang='lat' dir='ltr'><strong>centorum</strong></span> <span class='ocrx_word' id='word_1_201' title='bbox 2258 1487 2512 1553; x_wconf 84' lang='lat' dir='ltr'><strong>Patrum,</strong></span> <span class='ocrx_word' id='word_1_202' title='bbox 2561 1496 2616 1541; x_wconf 88' lang='lat' dir='ltr'><strong>et</strong></span> <span class='ocrx_word' id='word_1_203' title='bbox 2662 1487 2765 1542; x_wconf 82' lang='lat' dir='ltr'><strong>hoc</strong></span> <span class='ocrx_word' id='word_1_204' title='bbox 2809 1489 3144 1559; x_wconf 85' lang='lat' dir='ltr'><strong>privilegium</strong></span> <span class='ocrx_word' id='word_1_205' title='bbox 3191 1488 3402 1542; x_wconf 79' lang='lat' dir='ltr'><strong>ﬁrmum</strong></span> <span class='ocrx_word' id='word_1_206' title='bbox 3433 1495 3487 1540; x_wconf 89' lang='lat' dir='ltr'><strong>et</strong></span> 
     </span>
    </p>
   </div>
   <div class='ocr_carea' id='block_1_31' title="bbox 1924 1575 2487 1645">
    <p class='ocr_par' dir='ltr' id='par_1_31' title="bbox 1924 1575 2487 1645">
     <span class='ocr_line' id='line_1_31' title="bbox 1924 1575 2487 1645; baseline 0.002 -16"><span class='ocrx_word' id='word_1_207' title='bbox 1924 1575 2120 1630; x_wconf 81' lang='lat' dir='ltr'><strong>stabile</strong></span> <span class='ocrx_word' id='word_1_208' title='bbox 2152 1586 2487 1645; x_wconf 86' lang='lat' dir='ltr'><strong>permaneat.</strong></span> 
     </span>
    </p>
   </div>
   <div class='ocr_carea' id='block_1_32' title="bbox 1997 1666 2452 1729">
    <p class='ocr_par' dir='ltr' id='par_1_32' title="bbox 1997 1666 2452 1729">
     <span class='ocr_line' id='line_1_32' title="bbox 1997 1666 2452 1729; baseline 0 -10"><span class='ocrx_word' id='word_1_209' title='bbox 1997 1672 2054 1729; x_wconf 58' lang='grc' dir='ltr'><strong>»Β</strong></span> <span class='ocrx_word' id='word_1_210' title='bbox 2093 1666 2234 1720; x_wconf 83' lang='lat' dir='ltr'><strong>Bene</strong></span> <span class='ocrx_word' id='word_1_211' title='bbox 2258 1667 2452 1722; x_wconf 79' lang='lat' dir='ltr'><strong>valete.</strong></span> 
     </span>
    </p>
   </div>
   <div class='ocr_carea' id='block_1_33' title="bbox 1996 1759 2883 1833">
    <p class='ocr_par' dir='ltr' id='par_1_33' title="bbox 1996 1759 2883 1833">
     <span class='ocr_line' id='line_1_33' title="bbox 1996 1759 2883 1833; baseline 0.005 -21"><span class='ocrx_word' id='word_1_212' title='bbox 1996 1764 2053 1821; x_wconf 51' lang='grc' dir='ltr'>ὦ</span> <span class='ocrx_word' id='word_1_213' title='bbox 2096 1759 2286 1815; x_wconf 83' lang='lat' dir='ltr'><strong>Petrus</strong></span> <span class='ocrx_word' id='word_1_214' title='bbox 2312 1761 2627 1817; x_wconf 89' lang='lat' dir='ltr'><strong>scriniarius</strong></span> <span class='ocrx_word' id='word_1_215' title='bbox 2648 1762 2883 1833; x_wconf 88' lang='lat' dir='ltr'><strong>scripsit.</strong></span> 
     </span>
    </p>
   </div>
   <div class='ocr_carea' id='block_1_34' title="bbox 1527 2035 2178 2081">
    <p class='ocr_par' dir='ltr' id='par_1_34' title="bbox 1527 2035 2178 2081">
     <span class='ocr_line' id='line_1_34' title="bbox 1527 2035 2178 2081; baseline 0.005 -3"><span class='ocrx_word' id='word_1_216' title='bbox 1527 2037 1693 2079; x_wconf 70' lang='lat' dir='ltr'><strong>ANNO</strong></span> <span class='ocrx_word' id='word_1_217' title='bbox 1751 2035 1982 2081; x_wconf 72' lang='lat' dir='ltr'><strong>DOMINI</strong></span> <span class='ocrx_word' id='word_1_218' title='bbox 2034 2038 2178 2081; x_wconf 76' lang='lat' dir='ltr'><strong>MXI.</strong></span> 
     </span>
    </p>
   </div>
   <div class='ocr_carea' id='block_1_35' title="bbox 1243 2096 2504 2322">
    <p class='ocr_par' dir='ltr' id='par_1_35' title="bbox 1243 2096 2504 2322">
     <span class='ocr_line' id='line_1_35' title="bbox 1243 2096 2504 2322; baseline 0.004 -11"><span class='ocrx_word' id='word_1_219' title='bbox 1243 2149 2504 2322; x_wconf 78' lang='lat' dir='ltr'><strong>ARNOLDUS</strong></span> 
     </span>
    </p>
   </div>
   <div class='ocr_carea' id='block_1_36' title="bbox 946 2439 2804 2535">
    <p class='ocr_par' dir='ltr' id='par_1_36' title="bbox 946 2439 2804 2535">
     <span class='ocr_line' id='line_1_36' title="bbox 946 2439 2804 2535; baseline 0.003 -8"><span class='ocrx_word' id='word_1_220' title='bbox 946 2439 2055 2531; x_wconf 80' lang='lat' dir='ltr'><strong>HALBEBSTATENSIS</strong></span> <span class='ocrx_word' id='word_1_221' title='bbox 2125 2439 2804 2535; x_wconf 85' lang='lat' dir='ltr'><strong>EPISCOPUS.</strong></span> 
     </span>
    </p>
   </div>
   <div class='ocr_carea' id='block_1_37' title="bbox 1450 2649 2429 2809">
    <p class='ocr_par' dir='ltr' id='par_1_37' title="bbox 1450 2649 2429 2809">
     <span class='ocr_line' id='line_1_37' title="bbox 1450 2649 2429 2809; baseline 0.002 -49"><span class='ocrx_word' id='word_1_222' title='bbox 1450 2649 2281 2763; x_wconf 66' lang='lat' dir='ltr'><strong>annona:</strong></span> <span class='ocrx_word' id='word_1_223' title='bbox 2426 2806 2429 2809; x_wconf 13' lang='grc' dir='ltr'><em>ν</em></span> 
     </span>
    </p>
   </div>
   <div class='ocr_carea' id='block_1_38' title="bbox 998 2836 2783 3001">
    <p class='ocr_par' dir='ltr' id='par_1_38' title="bbox 998 2836 2783 3001">
     <span class='ocr_line' id='line_1_38' title="bbox 998 2836 2783 3001; baseline -0.001 -50"><span class='ocrx_word' id='word_1_224' title='bbox 998 2839 1680 2953; x_wconf 87' lang='lat' dir='ltr'><strong>EPISTOLA</strong></span> <span class='ocrx_word' id='word_1_225' title='bbox 1764 2840 1949 2950; x_wconf 87' lang='lat' dir='ltr'><strong>AD</strong></span> <span class='ocrx_word' id='word_1_226' title='bbox 2006 2836 2783 3001; x_wconf 25' lang='lat' dir='ltr'><strong>.HENRICUM</strong></span> 
     </span>
    </p>
   </div>
   <div class='ocr_carea' id='block_1_39' title="bbox 1525 3037 2299 3089">
    <p class='ocr_par' dir='ltr' id='par_1_39' title="bbox 1525 3037 2299 3089">
     <span class='ocr_line' id='line_1_39' title="bbox 1525 3037 2299 3089; baseline 0.001 -13"><span class='ocrx_word' id='word_1_227' title='bbox 1525 3037 1951 3077; x_wconf 68' lang='lat' dir='ltr'><strong>HEBBIPOLENSEM</strong></span> <span class='ocrx_word' id='word_1_228' title='bbox 1990 3039 2299 3089; x_wconf 72' lang='lat' dir='ltr'><strong>EPISCOPUM,</strong></span> 
     </span>
    </p>
   </div>
   <div class='ocr_carea' id='block_1_40' title="bbox 1028 3140 2711 3212">
    <p class='ocr_par' dir='ltr' id='par_1_40' title="bbox 1028 3140 2711 3212">
     <span class='ocr_line' id='line_1_40' title="bbox 1028 3140 2711 3212; baseline -0.001 -2"><span class='ocrx_word' id='word_1_229' title='bbox 1028 3140 1117 3211; x_wconf 72' lang='lat' dir='ltr'><strong>DE</strong></span> <span class='ocrx_word' id='word_1_230' title='bbox 1154 3150 1330 3212; x_wconf 67' lang='lat' dir='ltr'><strong>t-SS’l&#39;l</strong></span> <span class='ocrx_word' id='word_1_231' title='bbox 1346 3149 1636 3210; x_wconf 81' lang='lat' dir='ltr'><strong>t&#39;UTlONE</strong></span> <span class='ocrx_word' id='word_1_232' title='bbox 1677 3152 2147 3209; x_wconf 84' lang='lat' dir='ltr'><strong>EPISCOPATUS</strong></span> <span class='ocrx_word' id='word_1_233' title='bbox 2171 3153 2711 3211; x_wconf 77' lang='lat' dir='ltr'><strong>BAMBERGENSIS.</strong></span> 
     </span>
    </p>
   </div>
   <div class='ocr_carea' id='block_1_41' title="bbox 1334 3266 2437 3340">
    <p class='ocr_par' dir='ltr' id='par_1_41' title="bbox 1334 3266 2437 3340">
     <span class='ocr_line' id='line_1_41' title="bbox 1334 3266 2437 3340; baseline -0.002 -19"><span class='ocrx_word' id='word_1_234' title='bbox 1334 3267 1773 3340; x_wconf 79' lang='lat' dir='ltr'><strong>(EdiditB.tt.Ul.,</strong></span> <span class='ocrx_word' id='word_1_235' title='bbox 1806 3266 2028 3321; x_wconf 79' lang='lat' dir='ltr'><strong>Miscell.</strong></span> <span class='ocrx_word' id='word_1_236' title='bbox 2059 3276 2093 3322; x_wconf 90' lang='lat' dir='ltr'><strong>t.</strong></span> <span class='ocrx_word' id='word_1_237' title='bbox 2120 3267 2207 3332; x_wconf 84' lang='lat' dir='ltr'><strong>IV,</strong></span> <span class='ocrx_word' id='word_1_238' title='bbox 2241 3283 2291 3337; x_wconf 89' lang='lat' dir='ltr'><strong>p.</strong></span> <span class='ocrx_word' id='word_1_239' title='bbox 2325 3267 2437 3336; x_wconf 79' lang='lat'><strong>&#39;59.)</strong></span> 
     </span>
    </p>
   </div>
   <div class='ocr_carea' id='block_1_42' title="bbox 1688 2573 1901 2587">
    <p class='ocr_par' dir='ltr' id='par_1_42' title="bbox 1688 2573 1901 2587">
     <span class='ocr_line' id='line_1_42' title="bbox 1688 2573 1901 2587; baseline 0 -4"><span class='ocrx_word' id='word_1_240' title='bbox 1688 2573 1901 2587; x_wconf 68' lang='lat'><strong>~—</strong></span> 
     </span>
    </p>
   </div>
   <div class='ocr_carea' id='block_1_43' title="bbox 324 3462 1187 3533">
    <p class='ocr_par' dir='ltr' id='par_1_43' title="bbox 324 3462 1187 3533">
     <span class='ocr_line' id='line_1_43' title="bbox 324 3462 1187 3533; baseline -0.002 -13"><span class='ocrx_word' id='word_1_241' title='bbox 324 3465 588 3520; x_wconf 77' lang='lat' dir='ltr'><strong>Ilemnco</strong></span> <span class='ocrx_word' id='word_1_242' title='bbox 614 3463 860 3533; x_wconf 88' lang='lat' dir='ltr'><strong>episcopo</strong></span> <span class='ocrx_word' id='word_1_243' title='bbox 887 3462 1187 3520; x_wconf 71' lang='lat' dir='ltr'><strong>Aaaowcs.</strong></span> 
     </span>
    </p>
   </div>
   <div class='ocr_carea' id='block_1_44' title="bbox 324 3554 1817 3624">
    <p class='ocr_par' dir='ltr' id='par_1_44' title="bbox 324 3554 1817 3624">
     <span class='ocr_line' id='line_1_44' title="bbox 324 3554 1817 3624; baseline -0.001 -13"><span class='ocrx_word' id='word_1_244' title='bbox 324 3557 423 3611; x_wconf 89' lang='lat' dir='ltr'><strong>Diu</strong></span> <span class='ocrx_word' id='word_1_245' title='bbox 455 3564 512 3610; x_wconf 92' lang='lat' dir='ltr'><strong>et</strong></span> <span class='ocrx_word' id='word_1_246' title='bbox 539 3554 763 3609; x_wconf 91' lang='lat' dir='ltr'><strong>multum</strong></span> <span class='ocrx_word' id='word_1_247' title='bbox 798 3554 1072 3622; x_wconf 70' lang='lat' dir='ltr'><strong>qumsitus,</strong></span> <span class='ocrx_word' id='word_1_248' title='bbox 1100 3554 1313 3609; x_wconf 89' lang='lat' dir='ltr'><strong>domine</strong></span> <span class='ocrx_word' id='word_1_249' title='bbox 1348 3554 1444 3617; x_wconf 90' lang='lat' dir='ltr'><strong>mi,</strong></span> <span class='ocrx_word' id='word_1_250' title='bbox 1481 3563 1663 3624; x_wconf 88' lang='lat' dir='ltr'><strong>patere</strong></span> <span class='ocrx_word' id='word_1_251' title='bbox 1697 3566 1817 3610; x_wconf 89' lang='lat' dir='ltr'><strong>tan-</strong></span> 
     </span>
    </p>
   </div>
   <div class='ocr_carea' id='block_1_45' title="bbox 252 3641 1820 3715">
    <p class='ocr_par' dir='ltr' id='par_1_45' title="bbox 252 3641 1820 3715">
     <span class='ocr_line' id='line_1_45' title="bbox 252 3641 1820 3715; baseline -0.003 -14"><span class='ocrx_word' id='word_1_252' title='bbox 252 3647 373 3701; x_wconf 87' lang='lat' dir='ltr'><strong>dem</strong></span> <span class='ocrx_word' id='word_1_253' title='bbox 402 3645 690 3715; x_wconf 88' lang='lat' dir='ltr'><strong>aliquando</strong></span> <span class='ocrx_word' id='word_1_254' title='bbox 716 3641 827 3711; x_wconf 90' lang='lat' dir='ltr'><strong>jam</strong></span> <span class='ocrx_word' id='word_1_255' title='bbox 862 3652 911 3698; x_wconf 89' lang='lat' dir='ltr'><strong>te</strong></span> <span class='ocrx_word' id='word_1_256' title='bbox 955 3643 1198 3696; x_wconf 84' lang='lat' dir='ltr'><strong>inveniri.</strong></span> <span class='ocrx_word' id='word_1_257' title='bbox 1238 3641 1429 3697; x_wconf 87' lang='lat' dir='ltr'><strong>Nescio</strong></span> <span class='ocrx_word' id='word_1_258' title='bbox 1460 3659 1566 3712; x_wconf 88' lang='lat' dir='ltr'><strong>quo</strong></span> <span class='ocrx_word' id='word_1_259' title='bbox 1594 3643 1820 3697; x_wconf 83' lang='lat' dir='ltr'><strong>infortu-</strong></span> 
     </span>
    </p>
   </div>
   <div class='ocr_carea' id='block_1_46' title="bbox 255 3734 1820 3805">
    <p class='ocr_par' dir='ltr' id='par_1_46' title="bbox 255 3734 1820 3805">
     <span class='ocr_line' id='line_1_46' title="bbox 255 3734 1820 3805; baseline -0.002 -13"><span class='ocrx_word' id='word_1_260' title='bbox 255 3738 344 3793; x_wconf 87' lang='lat' dir='ltr'><strong>nio</strong></span> <span class='ocrx_word' id='word_1_261' title='bbox 393 3753 537 3800; x_wconf 88' lang='lat' dir='ltr'><strong>meo,</strong></span> <span class='ocrx_word' id='word_1_262' title='bbox 594 3735 801 3805; x_wconf 88' lang='lat' dir='ltr'><strong>qttoties</strong></span> <span class='ocrx_word' id='word_1_263' title='bbox 871 3734 945 3795; x_wconf 68' lang='lat' dir='ltr'><strong>in,</strong></span> <span class='ocrx_word' id='word_1_264' title='bbox 984 3735 1085 3789; x_wconf 89' lang='lat' dir='ltr'><strong>ista</strong></span> <span class='ocrx_word' id='word_1_265' title='bbox 1137 3742 1402 3789; x_wconf 87' lang='lat' dir='ltr'><strong>terrarum</strong></span> <span class='ocrx_word' id='word_1_266' title='bbox 1457 3750 1656 3790; x_wconf 90' lang='lat' dir='ltr'><strong>venero</strong></span> <span class='ocrx_word' id='word_1_267' title='bbox 1702 3751 1820 3805; x_wconf 74' lang='lat' dir='ltr'><strong>qua:</strong></span> 
     </span>
    </p>
   </div>
   <div class='ocr_carea' id='block_1_47' title="bbox 252 3822 1819 3894">
    <p class='ocr_par' dir='ltr' id='par_1_47' title="bbox 252 3822 1819 3894">
     <span class='ocr_line' id='line_1_47' title="bbox 252 3822 1819 3894; baseline -0.001 -16"><span class='ocrx_word' id='word_1_268' title='bbox 252 3826 562 3894; x_wconf 82' lang='lat' dir='ltr'><strong>longissima</strong></span> <span class='ocrx_word' id='word_1_269' title='bbox 594 3834 646 3878; x_wconf 92' lang='lat' dir='ltr'><strong>tu</strong></span> <span class='ocrx_word' id='word_1_270' title='bbox 686 3823 1034 3894; x_wconf 82' lang='lat' dir='ltr'><strong>peragrabas,</strong></span> <span class='ocrx_word' id='word_1_271' title='bbox 1081 3833 1136 3877; x_wconf 91' lang='lat' dir='ltr'><strong>ct</strong></span> <span class='ocrx_word' id='word_1_272' title='bbox 1177 3837 1387 3893; x_wconf 83' lang='lat' dir='ltr'><strong>semper</strong></span> <span class='ocrx_word' id='word_1_273' title='bbox 1415 3822 1541 3877; x_wconf 89' lang='lat' dir='ltr'><strong>dum</strong></span> <span class='ocrx_word' id='word_1_274' title='bbox 1572 3822 1625 3876; x_wconf 89' lang='lat' dir='ltr'><strong>in</strong></span> <span class='ocrx_word' id='word_1_275' title='bbox 1653 3822 1819 3876; x_wconf 89' lang='lat' dir='ltr'><strong>altera</strong></span> 
     </span>
    </p>
   </div>
   <div class='ocr_carea' id='block_1_48' title="bbox 254 3911 1817 3987">
    <p class='ocr_par' dir='ltr' id='par_1_48' title="bbox 254 3911 1817 3987">
     <span class='ocr_line' id='line_1_48' title="bbox 254 3911 1817 3987; baseline -0.003 -19"><span class='ocrx_word' id='word_1_276' title='bbox 254 3916 369 3987; x_wconf 77' lang='lat' dir='ltr'><strong>ripa</strong></span> <span class='ocrx_word' id='word_1_277' title='bbox 399 3914 633 3967; x_wconf 79' lang='lat' dir='ltr'><strong>fluminis</strong></span> <span class='ocrx_word' id='word_1_278' title='bbox 663 3921 713 3967; x_wconf 91' lang='lat' dir='ltr'><strong>te</strong></span> <span class='ocrx_word' id='word_1_279' title='bbox 750 3914 1055 3967; x_wconf 90' lang='lat' dir='ltr'><strong>nuntiatum</strong></span> <span class='ocrx_word' id='word_1_280' title='bbox 1093 3927 1295 3981; x_wconf 70' lang='lat' dir='ltr'><strong>qntero,</strong></span> <span class='ocrx_word' id='word_1_281' title='bbox 1324 3911 1435 3980; x_wconf 90' lang='lat' dir='ltr'><strong>jam</strong></span> <span class='ocrx_word' id='word_1_282' title='bbox 1493 3912 1730 3967; x_wconf 88' lang='lat' dir='ltr'><strong>transisti</strong></span> <span class='ocrx_word' id='word_1_283' title='bbox 1765 3912 1817 3965; x_wconf 93' lang='lat' dir='ltr'><strong>in</strong></span> 
     </span>
    </p>
   </div>
   <div class='ocr_carea' id='block_1_49' title="bbox 253 4000 1818 4070">
    <p class='ocr_par' dir='ltr' id='par_1_49' title="bbox 253 4000 1818 4070">
     <span class='ocr_line' id='line_1_49' title="bbox 253 4000 1818 4070; baseline -0.002 -14"><span class='ocrx_word' id='word_1_284' title='bbox 253 4002 499 4065; x_wconf 86' lang='lat' dir='ltr'><strong>alteram,</strong></span> <span class='ocrx_word' id='word_1_285' title='bbox 529 4015 863 4070; x_wconf 88' lang='lat' dir='ltr'><strong>nequaquam</strong></span> <span class='ocrx_word' id='word_1_286' title='bbox 896 4011 955 4055; x_wconf 92' lang='lat' dir='ltr'><strong>ut</strong></span> <span class='ocrx_word' id='word_1_287' title='bbox 980 4000 1168 4055; x_wconf 88' lang='lat' dir='ltr'><strong>saltem</strong></span> <span class='ocrx_word' id='word_1_288' title='bbox 1192 4000 1384 4056; x_wconf 85' lang='lat' dir='ltr'><strong>litteris</strong></span> <span class='ocrx_word' id='word_1_289' title='bbox 1415 4009 1467 4055; x_wconf 91' lang='lat' dir='ltr'><strong>te</strong></span> <span class='ocrx_word' id='word_1_290' title='bbox 1500 4000 1818 4056; x_wconf 84' lang='lat' dir='ltr'><strong>conveniam</strong></span> 
     </span>
    </p>
   </div>
   <div class='ocr_carea' id='block_1_50' title="bbox 252 4091 1819 4163">
    <p class='ocr_par' dir='ltr' id='par_1_50' title="bbox 252 4091 1819 4163">
     <span class='ocr_line' id='line_1_50' title="bbox 252 4091 1819 4163; baseline -0.001 -16"><span class='ocrx_word' id='word_1_291' title='bbox 252 4093 704 4163; x_wconf 86' lang='lat' dir='ltr'><strong>opportunitatem</strong></span> <span class='ocrx_word' id='word_1_292' title='bbox 736 4093 887 4147; x_wconf 89' lang='lat' dir='ltr'><strong>dans.</strong></span> <span class='ocrx_word' id='word_1_293' title='bbox 938 4091 1129 4147; x_wconf 76' lang='lat' dir='ltr'><strong>Iacent</strong></span> <span class='ocrx_word' id='word_1_294' title='bbox 1157 4092 1329 4147; x_wconf 84' lang='lat' dir='ltr'><strong>adhuc</strong></span> <span class='ocrx_word' id='word_1_295' title='bbox 1360 4092 1411 4145; x_wconf 87' lang='lat' dir='ltr'><strong>in</strong></span> <span class='ocrx_word' id='word_1_296' title='bbox 1442 4093 1655 4147; x_wconf 89' lang='lat' dir='ltr'><strong>scriniis</strong></span> <span class='ocrx_word' id='word_1_297' title='bbox 1684 4094 1819 4146; x_wconf 90' lang='lat' dir='ltr'><strong>meis</strong></span> 
     </span>
    </p>
   </div>
   <div class='ocr_carea' id='block_1_51' title="bbox 253 4182 1819 4253">
    <p class='ocr_par' dir='ltr' id='par_1_51' title="bbox 253 4182 1819 4253">
     <span class='ocr_line' id='line_1_51' title="bbox 253 4182 1819 4253; baseline 0 -17"><span class='ocrx_word' id='word_1_298' title='bbox 253 4182 446 4239; x_wconf 69' lang='lat' dir='ltr'><strong>litterae</strong></span> <span class='ocrx_word' id='word_1_299' title='bbox 478 4193 747 4253; x_wconf 84' lang='lat' dir='ltr'><strong>torpentes</strong></span> <span class='ocrx_word' id='word_1_300' title='bbox 784 4182 895 4251; x_wconf 88' lang='lat' dir='ltr'><strong>jam</strong></span> <span class='ocrx_word' id='word_1_301' title='bbox 928 4182 1127 4236; x_wconf 88' lang='lat' dir='ltr'><strong>dudum</strong></span> <span class='ocrx_word' id='word_1_302' title='bbox 1163 4182 1255 4236; x_wconf 90' lang='lat' dir='ltr'><strong>tibi</strong></span> <span class='ocrx_word' id='word_1_303' title='bbox 1287 4182 1525 4247; x_wconf 74' lang='lat' dir='ltr'><strong>directae,</strong></span> <span class='ocrx_word' id='word_1_304' title='bbox 1570 4197 1705 4250; x_wconf 90' lang='lat' dir='ltr'><strong>quas</strong></span> <span class='ocrx_word' id='word_1_305' title='bbox 1746 4183 1819 4237; x_wconf 83' lang='lat' dir='ltr'><strong>le-</strong></span> 
     </span>
    </p>
   </div>
   <div class='ocr_carea' id='block_1_52' title="bbox 251 4272 1813 4343">
    <p class='ocr_par' dir='ltr' id='par_1_52' title="bbox 251 4272 1813 4343">
     <span class='ocr_line' id='line_1_52' title="bbox 251 4272 1813 4343; baseline -0.001 -16"><span class='ocrx_word' id='word_1_306' title='bbox 251 4284 411 4343; x_wconf 87' lang='lat' dir='ltr'><strong>gatus</strong></span> <span class='ocrx_word' id='word_1_307' title='bbox 460 4287 611 4327; x_wconf 88' lang='lat' dir='ltr'><strong>meus</strong></span> <span class='ocrx_word' id='word_1_308' title='bbox 653 4272 913 4341; x_wconf 88' lang='lat' dir='ltr'><strong>postridie</strong></span> <span class='ocrx_word' id='word_1_309' title='bbox 964 4286 1264 4341; x_wconf 75' lang='lat' dir='ltr'><strong>regressus,</strong></span> <span class='ocrx_word' id='word_1_310' title='bbox 1312 4279 1363 4325; x_wconf 90' lang='lat' dir='ltr'><strong>te</strong></span> <span class='ocrx_word' id='word_1_311' title='bbox 1416 4286 1520 4326; x_wconf 90' lang='lat' dir='ltr'><strong>non</strong></span> <span class='ocrx_word' id='word_1_312' title='bbox 1578 4272 1813 4337; x_wconf 89' lang='lat' dir='ltr'><strong>invento,</strong></span> 
     </span>
    </p>
   </div>
   <div class='ocr_carea' id='block_1_53' title="bbox 252 4360 1815 4432">
    <p class='ocr_par' dir='ltr' id='par_1_53' title="bbox 252 4360 1815 4432">
     <span class='ocr_line' id='line_1_53' title="bbox 252 4360 1815 4432; baseline 0 -17"><span class='ocrx_word' id='word_1_313' title='bbox 252 4363 450 4418; x_wconf 81' lang='lat' dir='ltr'><strong>frustra</strong></span> <span class='ocrx_word' id='word_1_314' title='bbox 478 4378 537 4417; x_wconf 87' lang='lat' dir='ltr'><strong>se</strong></span> <span class='ocrx_word' id='word_1_315' title='bbox 570 4363 845 4432; x_wconf 87' lang='lat' dir='ltr'><strong>accepisse</strong></span> <span class='ocrx_word' id='word_1_316' title='bbox 873 4369 1097 4416; x_wconf 90' lang='lat' dir='ltr'><strong>testatus</strong></span> <span class='ocrx_word' id='word_1_317' title='bbox 1120 4370 1221 4416; x_wconf 90' lang='lat' dir='ltr'><strong>est.</strong></span> <span class='ocrx_word' id='word_1_318' title='bbox 1250 4360 1514 4416; x_wconf 78' lang='lat' dir='ltr'><strong>ﬂaberem</strong></span> <span class='ocrx_word' id='word_1_319' title='bbox 1540 4370 1743 4427; x_wconf 89' lang='lat' dir='ltr'><strong>tamen,</strong></span> <span class='ocrx_word' id='word_1_320' title='bbox 1773 4363 1815 4417; x_wconf 91' lang='lat' dir='ltr'><strong>si</strong></span> 
     </span>
    </p>
   </div>
   <div class='ocr_carea' id='block_1_54' title="bbox 253 4451 1814 4523">
    <p class='ocr_par' dir='ltr' id='par_1_54' title="bbox 253 4451 1814 4523">
     <span class='ocr_line' id='line_1_54' title="bbox 253 4451 1814 4523; baseline 0.001 -17"><span class='ocrx_word' id='word_1_321' title='bbox 253 4455 529 4516; x_wconf 88' lang='lat' dir='ltr'><strong>auderem,</strong></span> <span class='ocrx_word' id='word_1_322' title='bbox 552 4452 780 4522; x_wconf 87' lang='lat' dir='ltr'><strong>plurima</strong></span> <span class='ocrx_word' id='word_1_323' title='bbox 812 4451 905 4506; x_wconf 86' lang='lat' dir='ltr'><strong>tibi</strong></span> <span class='ocrx_word' id='word_1_324' title='bbox 937 4467 1221 4523; x_wconf 77' lang='lat' dir='ltr'><strong>suggerere</strong></span> <span class='ocrx_word' id='word_1_325' title='bbox 1248 4463 1303 4506; x_wconf 89' lang='lat' dir='ltr'><strong>et</strong></span> <span class='ocrx_word' id='word_1_326' title='bbox 1332 4452 1396 4507; x_wconf 94' lang='lat' dir='ltr'><strong>de</strong></span> <span class='ocrx_word' id='word_1_327' title='bbox 1441 4452 1539 4506; x_wconf 90' lang='lat' dir='ltr'><strong>ista</strong></span> <span class='ocrx_word' id='word_1_328' title='bbox 1574 4468 1814 4508; x_wconf 89' lang='lat' dir='ltr'><strong>commo-</strong></span> 
     </span>
    </p>
   </div>
   <div class='ocr_carea' id='block_1_55' title="bbox 251 4542 1817 4614">
    <p class='ocr_par' dir='ltr' id='par_1_55' title="bbox 251 4542 1817 4614">
     <span class='ocr_line' id='line_1_55' title="bbox 251 4542 1817 4614; baseline 0.001 -18"><span class='ocrx_word' id='word_1_329' title='bbox 251 4544 399 4599; x_wconf 83' lang='lat' dir='ltr'><strong>tione</strong></span> <span class='ocrx_word' id='word_1_330' title='bbox 430 4559 611 4598; x_wconf 90' lang='lat' dir='ltr'><strong>rerum</strong></span> <span class='ocrx_word' id='word_1_331' title='bbox 656 4552 890 4609; x_wconf 88' lang='lat' dir='ltr'><strong>tuarum,</strong></span> <span class='ocrx_word' id='word_1_332' title='bbox 921 4559 1021 4612; x_wconf 90' lang='lat' dir='ltr'><strong>qua</strong></span> <span class='ocrx_word' id='word_1_333' title='bbox 1049 4555 1099 4599; x_wconf 90' lang='lat' dir='ltr'><strong>te</strong></span> <span class='ocrx_word' id='word_1_334' title='bbox 1125 4542 1261 4597; x_wconf 91' lang='lat' dir='ltr'><strong>ultra</strong></span> <span class='ocrx_word' id='word_1_335' title='bbox 1282 4559 1440 4613; x_wconf 91' lang='lat' dir='ltr'><strong>quam</strong></span> <span class='ocrx_word' id='word_1_336' title='bbox 1470 4546 1611 4598; x_wconf 90' lang='lat' dir='ltr'><strong>credi</strong></span> <span class='ocrx_word' id='word_1_337' title='bbox 1636 4554 1817 4614; x_wconf 86' lang='lat' dir='ltr'><strong>posset</strong></span> 
     </span>
    </p>
   </div>
   <div class='ocr_carea' id='block_1_56' title="bbox 251 4632 1811 4704">
    <p class='ocr_par' dir='ltr' id='par_1_56' title="bbox 251 4632 1811 4704">
     <span class='ocr_line' id='line_1_56' title="bbox 251 4632 1811 4704; baseline 0.003 -19"><span class='ocrx_word' id='word_1_338' title='bbox 251 4633 623 4699; x_wconf 80' lang='lat' dir='ltr'><strong>perturbatum</strong></span> <span class='ocrx_word' id='word_1_339' title='bbox 658 4632 855 4696; x_wconf 87' lang='lat' dir='ltr'><strong>sentio,</strong></span> <span class='ocrx_word' id='word_1_340' title='bbox 887 4648 949 4686; x_wconf 88' lang='lat' dir='ltr'><strong>ac</strong></span> <span class='ocrx_word' id='word_1_341' title='bbox 991 4644 1055 4687; x_wconf 85' lang='lat' dir='ltr'><strong>oe</strong></span> <span class='ocrx_word' id='word_1_342' title='bbox 1100 4640 1283 4687; x_wconf 90' lang='lat' dir='ltr'><strong>nostra</strong></span> <span class='ocrx_word' id='word_1_343' title='bbox 1316 4634 1501 4704; x_wconf 86' lang='lat' dir='ltr'><strong>etiam,</strong></span> <span class='ocrx_word' id='word_1_344' title='bbox 1552 4649 1689 4704; x_wconf 90' lang='lat' dir='ltr'><strong>quos</strong></span> <span class='ocrx_word' id='word_1_345' title='bbox 1720 4634 1811 4689; x_wconf 89' lang='lat' dir='ltr'><strong>tibi</strong></span> 
     </span>
    </p>
   </div>
   <div class='ocr_carea' id='block_1_57' title="bbox 252 4721 1811 4782">
    <p class='ocr_par' dir='ltr' id='par_1_57' title="bbox 252 4721 1811 4782">
     <span class='ocr_line' id='line_1_57' title="bbox 252 4721 1811 4782; baseline 0.003 -7"><span class='ocrx_word' id='word_1_346' title='bbox 252 4722 496 4777; x_wconf 81' lang='lat' dir='ltr'><strong>inﬁrmas</strong></span> <span class='ocrx_word' id='word_1_347' title='bbox 543 4738 629 4778; x_wconf 90' lang='lat' dir='ltr'><strong>res</strong></span> <span class='ocrx_word' id='word_1_348' title='bbox 682 4732 897 4777; x_wconf 87' lang='lat' dir='ltr'><strong>nostras</strong></span> <span class='ocrx_word' id='word_1_349' title='bbox 942 4721 1050 4777; x_wconf 92' lang='lat' dir='ltr'><strong>Deo</strong></span> <span class='ocrx_word' id='word_1_350' title='bbox 1106 4723 1337 4777; x_wconf 89' lang='lat' dir='ltr'><strong>donante</strong></span> <span class='ocrx_word' id='word_1_351' title='bbox 1386 4725 1707 4782; x_wconf 85' lang='lat' dir='ltr'><strong>miseratus.</strong></span> <span class='ocrx_word' id='word_1_352' title='bbox 1760 4726 1811 4780; x_wconf 93' lang='lat' dir='ltr'><strong>in</strong></span> 
     </span>
    </p>
   </div>
   <div class='ocr_carea' id='block_1_58' title="bbox 1850 3448 3487 3537">
    <p class='ocr_par' dir='ltr' id='par_1_58' title="bbox 1850 3448 3487 3537">
     <span class='ocr_line' id='line_1_58' title="bbox 1850 3448 3487 3537; baseline -0.002 -18"><span class='ocrx_word' id='word_1_353' title='bbox 1850 3448 1897 3505; x_wconf 80' lang='grc' dir='ltr'><strong>Β</strong></span> <span class='ocrx_word' id='word_1_354' title='bbox 1928 3465 2235 3537; x_wconf 87' lang='lat' dir='ltr'><strong>diligentius</strong></span> <span class='ocrx_word' id='word_1_355' title='bbox 2279 3466 2473 3521; x_wconf 88' lang='lat' dir='ltr'><strong>intueri</strong></span> <span class='ocrx_word' id='word_1_356' title='bbox 2506 3466 2606 3532; x_wconf 89' lang='lat' dir='ltr'><strong>vis,</strong></span> <span class='ocrx_word' id='word_1_357' title='bbox 2638 3466 2748 3523; x_wconf 87' lang='lat' dir='ltr'><strong>Deo</strong></span> <span class='ocrx_word' id='word_1_358' title='bbox 2772 3464 3005 3536; x_wconf 86' lang='lat' dir='ltr'><strong>propitio</strong></span> <span class='ocrx_word' id='word_1_359' title='bbox 3044 3463 3182 3519; x_wconf 90' lang='lat' dir='ltr'><strong>unde</strong></span> <span class='ocrx_word' id='word_1_360' title='bbox 3200 3462 3323 3534; x_wconf 85' lang='lat' dir='ltr'><strong>jure</strong></span> <span class='ocrx_word' id='word_1_361' title='bbox 3354 3474 3487 3533; x_wconf 86' lang='lat' dir='ltr'><strong>gau-</strong></span> 
     </span>
    </p>
   </div>
   <div class='ocr_carea' id='block_1_59' title="bbox 1929 3553 3487 3625">
    <p class='ocr_par' dir='ltr' id='par_1_59' title="bbox 1929 3553 3487 3625">
     <span class='ocr_line' id='line_1_59' title="bbox 1929 3553 3487 3625; baseline -0.006 -12"><span class='ocrx_word' id='word_1_362' title='bbox 1929 3558 2056 3613; x_wconf 90' lang='lat' dir='ltr'><strong>deas</strong></span> <span class='ocrx_word' id='word_1_363' title='bbox 2068 3573 2171 3613; x_wconf 94' lang='lat' dir='ltr'><strong>non</strong></span> <span class='ocrx_word' id='word_1_364' title='bbox 2196 3556 2597 3612; x_wconf 88' lang='lat' dir='ltr'><strong>dcbabebis.Tn</strong></span> <span class='ocrx_word' id='word_1_365' title='bbox 2613 3565 2813 3622; x_wconf 88' lang='lat' dir='ltr'><strong>autem,</strong></span> <span class='ocrx_word' id='word_1_366' title='bbox 2830 3556 2979 3625; x_wconf 90' lang='lat' dir='ltr'><strong>quasi</strong></span> <span class='ocrx_word' id='word_1_367' title='bbox 2994 3553 3194 3623; x_wconf 90' lang='lat' dir='ltr'><strong>aliquid</strong></span> <span class='ocrx_word' id='word_1_368' title='bbox 3217 3553 3487 3621; x_wconf 49' lang='lat' dir='ltr'><strong>insuperav</strong></span> 
     </span>
    </p>
   </div>
   <div class='ocr_carea' id='block_1_60' title="bbox 1927 3644 3483 3711">
    <p class='ocr_par' dir='ltr' id='par_1_60' title="bbox 1927 3644 3483 3711">
     <span class='ocr_line' id='line_1_60' title="bbox 1927 3644 3483 3711; baseline -0.007 -9"><span class='ocrx_word' id='word_1_369' title='bbox 1927 3648 2034 3702; x_wconf 90' lang='lat' dir='ltr'><strong>bile</strong></span> <span class='ocrx_word' id='word_1_370' title='bbox 2084 3648 2175 3702; x_wconf 88' lang='lat' dir='ltr'><strong>tibi</strong></span> <span class='ocrx_word' id='word_1_371' title='bbox 2208 3649 2466 3711; x_wconf 90' lang='lat' dir='ltr'><strong>evenerit,</strong></span> <span class='ocrx_word' id='word_1_372' title='bbox 2518 3662 2629 3702; x_wconf 91' lang='lat' dir='ltr'><strong>rem</strong></span> <span class='ocrx_word' id='word_1_373' title='bbox 2653 3654 2797 3700; x_wconf 90' lang='lat' dir='ltr'><strong>tuam</strong></span> <span class='ocrx_word' id='word_1_374' title='bbox 2835 3654 2941 3701; x_wconf 89' lang='lat' dir='ltr'><strong>tam</strong></span> <span class='ocrx_word' id='word_1_375' title='bbox 2971 3644 3241 3699; x_wconf 89' lang='lat' dir='ltr'><strong>enerviter</strong></span> <span class='ocrx_word' id='word_1_376' title='bbox 3264 3649 3483 3695; x_wconf 90' lang='lat' dir='ltr'><strong>tractas.</strong></span> 
     </span>
    </p>
   </div>
   <div class='ocr_carea' id='block_1_61' title="bbox 1926 3736 3484 3797">
    <p class='ocr_par' dir='ltr' id='par_1_61' title="bbox 1926 3736 3484 3797">
     <span class='ocr_line' id='line_1_61' title="bbox 1926 3736 3484 3797; baseline -0.002 -7"><span class='ocrx_word' id='word_1_377' title='bbox 1926 3736 1983 3790; x_wconf 82' lang='lat' dir='ltr'><strong>In</strong></span> <span class='ocrx_word' id='word_1_378' title='bbox 2014 3748 2331 3791; x_wconf 88' lang='lat' dir='ltr'><strong>conventum</strong></span> <span class='ocrx_word' id='word_1_379' title='bbox 2363 3738 2585 3792; x_wconf 79' lang='lat' dir='ltr'><strong>fratrum</strong></span> <span class='ocrx_word' id='word_1_380' title='bbox 2635 3746 2849 3792; x_wconf 87' lang='lat' dir='ltr'><strong>tuorum</strong></span> <span class='ocrx_word' id='word_1_381' title='bbox 2891 3736 3075 3791; x_wconf 86' lang='lat' dir='ltr'><strong>venire</strong></span> <span class='ocrx_word' id='word_1_382' title='bbox 3104 3748 3341 3797; x_wconf 89' lang='lat' dir='ltr'><strong>recusas,</strong></span> <span class='ocrx_word' id='word_1_383' title='bbox 3365 3746 3484 3787; x_wconf 92' lang='lat' dir='ltr'><strong>cum</strong></span> 
     </span>
    </p>
   </div>
   <div class='ocr_carea' id='block_1_62' title="bbox 1927 3822 3484 3894">
    <p class='ocr_par' dir='ltr' id='par_1_62' title="bbox 1927 3822 3484 3894">
     <span class='ocr_line' id='line_1_62' title="bbox 1927 3822 3484 3894; baseline -0.001 -15"><span class='ocrx_word' id='word_1_384' title='bbox 1927 3826 2121 3894; x_wconf 86' lang='lat' dir='ltr'><strong>quibus</strong></span> <span class='ocrx_word' id='word_1_385' title='bbox 2177 3827 2516 3881; x_wconf 85' lang='lat' dir='ltr'><strong>incommoda</strong></span> <span class='ocrx_word' id='word_1_386' title='bbox 2572 3835 2662 3881; x_wconf 83' lang='lat' dir='ltr'><strong>tua</strong></span> <span class='ocrx_word' id='word_1_387' title='bbox 2702 3825 2954 3881; x_wconf 87' lang='lat' dir='ltr'><strong>evincere</strong></span> <span class='ocrx_word' id='word_1_388' title='bbox 3004 3825 3268 3879; x_wconf 90' lang='lat' dir='ltr'><strong>debueras</strong></span> <span class='ocrx_word' id='word_1_389' title='bbox 3305 3822 3484 3894; x_wconf 79' lang='lat' dir='ltr'><strong>fugis,</strong></span> 
     </span>
    </p>
   </div>
   <div class='ocr_carea' id='block_1_63' title="bbox 1927 3912 3481 3985">
    <p class='ocr_par' dir='ltr' id='par_1_63' title="bbox 1927 3912 3481 3985">
     <span class='ocr_line' id='line_1_63' title="bbox 1927 3912 3481 3985; baseline -0.003 -16"><span class='ocrx_word' id='word_1_390' title='bbox 1927 3931 2177 3985; x_wconf 87' lang='lat' dir='ltr'><strong>magnam</strong></span> <span class='ocrx_word' id='word_1_391' title='bbox 2210 3916 2304 3971; x_wconf 90' lang='lat' dir='ltr'><strong>tibi</strong></span> <span class='ocrx_word' id='word_1_392' title='bbox 2354 3916 2606 3971; x_wconf 89' lang='lat' dir='ltr'><strong>invidiam</strong></span> <span class='ocrx_word' id='word_1_393' title='bbox 2652 3916 2893 3981; x_wconf 85' lang='lat' dir='ltr'><strong>conﬂas;</strong></span> <span class='ocrx_word' id='word_1_394' title='bbox 2931 3924 3277 3984; x_wconf 90' lang='lat' dir='ltr'><strong>conspectum</strong></span> <span class='ocrx_word' id='word_1_395' title='bbox 3321 3912 3481 3983; x_wconf 86' lang='lat' dir='ltr'><strong>regis,</strong></span> 
     </span>
    </p>
   </div>
   <div class='ocr_carea' id='block_1_64' title="bbox 1926 4005 3487 4077">
    <p class='ocr_par' dir='ltr' id='par_1_64' title="bbox 1926 4005 3487 4077">
     <span class='ocr_line' id='line_1_64' title="bbox 1926 4005 3487 4077; baseline -0.001 -16"><span class='ocrx_word' id='word_1_396' title='bbox 1926 4008 2080 4075; x_wconf 90' lang='lat' dir='ltr'><strong>quasi</strong></span> <span class='ocrx_word' id='word_1_397' title='bbox 2104 4008 2304 4077; x_wconf 90' lang='lat' dir='ltr'><strong>aliquid</strong></span> <span class='ocrx_word' id='word_1_398' title='bbox 2334 4008 2397 4064; x_wconf 77' lang='lat' dir='ltr'><strong>in.</strong></span> <span class='ocrx_word' id='word_1_399' title='bbox 2415 4022 2472 4063; x_wconf 87' lang='lat' dir='ltr'><strong>se</strong></span> <span class='ocrx_word' id='word_1_400' title='bbox 2498 4009 2851 4073; x_wconf 88' lang='lat' dir='ltr'><strong>commiseris,</strong></span> <span class='ocrx_word' id='word_1_401' title='bbox 2877 4008 3098 4063; x_wconf 88' lang='lat' dir='ltr'><strong>devitas.</strong></span> <span class='ocrx_word' id='word_1_402' title='bbox 3124 4007 3262 4073; x_wconf 86' lang='lat' dir='ltr'><strong>Quid</strong></span> <span class='ocrx_word' id='word_1_403' title='bbox 3282 4014 3363 4060; x_wconf 87' lang='lat' dir='ltr'><strong>est</strong></span> <span class='ocrx_word' id='word_1_404' title='bbox 3385 4005 3487 4059; x_wconf 88' lang='lat' dir='ltr'><strong>hoc</strong></span> 
     </span>
    </p>
   </div>
   <div class='ocr_carea' id='block_1_65' title="bbox 1926 4090 3483 4167">
    <p class='ocr_par' dir='ltr' id='par_1_65' title="bbox 1926 4090 3483 4167">
     <span class='ocr_line' id='line_1_65' title="bbox 1926 4090 3483 4167; baseline -0.001 -17"><span class='ocrx_word' id='word_1_405' title='bbox 1926 4097 2069 4164; x_wconf 87' lang='lat' dir='ltr'><strong>quod</strong></span> <span class='ocrx_word' id='word_1_406' title='bbox 2100 4096 2192 4151; x_wconf 89' lang='lat' dir='ltr'><strong>tibi</strong></span> <span class='ocrx_word' id='word_1_407' title='bbox 2225 4098 2517 4167; x_wconf 82' lang='lat' dir='ltr'><strong>importas?</strong></span> <span class='ocrx_word' id='word_1_408' title='bbox 2556 4097 2653 4153; x_wconf 87' lang='lat' dir='ltr'><strong>Ubi</strong></span> <span class='ocrx_word' id='word_1_409' title='bbox 2701 4109 2785 4153; x_wconf 88' lang='lat' dir='ltr'><strong>est</strong></span> <span class='ocrx_word' id='word_1_410' title='bbox 2832 4098 3094 4167; x_wconf 84' lang='lat' dir='ltr'><strong>sapientia</strong></span> <span class='ocrx_word' id='word_1_411' title='bbox 3127 4097 3213 4151; x_wconf 89' lang='lat' dir='ltr'><strong>illa</strong></span> <span class='ocrx_word' id='word_1_412' title='bbox 3242 4110 3402 4165; x_wconf 91' lang='lat' dir='ltr'><strong>quam</strong></span> <span class='ocrx_word' id='word_1_413' title='bbox 3432 4090 3483 4149; x_wconf 88' lang='lat' dir='ltr'><strong>in</strong></span> 
     </span>
    </p>
   </div>
   <div class='ocr_carea' id='block_1_66' title="bbox 1928 4186 3487 4259">
    <p class='ocr_par' dir='ltr' id='par_1_66' title="bbox 1928 4186 3487 4259">
     <span class='ocr_line' id='line_1_66' title="bbox 1928 4186 3487 4259; baseline -0.001 -17"><span class='ocrx_word' id='word_1_414' title='bbox 1928 4194 1978 4242; x_wconf 89' lang='lat' dir='ltr'><strong>te</strong></span> <span class='ocrx_word' id='word_1_415' title='bbox 2000 4186 2197 4241; x_wconf 87' lang='lat' dir='ltr'><strong>dudum</strong></span> <span class='ocrx_word' id='word_1_416' title='bbox 2224 4189 2357 4243; x_wconf 90' lang='lat' dir='ltr'><strong>satis</strong></span> <span class='ocrx_word' id='word_1_417' title='bbox 2380 4198 2535 4245; x_wconf 89' lang='lat' dir='ltr'><strong>acute</strong></span> <span class='ocrx_word' id='word_1_418' title='bbox 2551 4188 2803 4259; x_wconf 83' lang='lat' dir='ltr'><strong>vigilasse</strong></span> <span class='ocrx_word' id='word_1_419' title='bbox 2823 4187 3227 4259; x_wconf 75' lang='lat' dir='ltr'><strong>conspeximus?</strong></span> <span class='ocrx_word' id='word_1_420' title='bbox 3248 4188 3351 4242; x_wconf 89' lang='lat' dir='ltr'><strong>lsta</strong></span> <span class='ocrx_word' id='word_1_421' title='bbox 3367 4201 3487 4257; x_wconf 64' lang='lat' dir='ltr'><strong>qua!</strong></span> 
     </span>
    </p>
   </div>
   <div class='ocr_carea' id='block_1_67' title="bbox 1927 4275 3483 4350">
    <p class='ocr_par' dir='ltr' id='par_1_67' title="bbox 1927 4275 3483 4350">
     <span class='ocr_line' id='line_1_67' title="bbox 1927 4275 3483 4350; baseline -0.001 -20"><span class='ocrx_word' id='word_1_422' title='bbox 1927 4286 1981 4330; x_wconf 90' lang='lat' dir='ltr'><strong>tu</strong></span> <span class='ocrx_word' id='word_1_423' title='bbox 2003 4275 2136 4332; x_wconf 84' lang='lat' dir='ltr'><strong>facis</strong></span> <span class='ocrx_word' id='word_1_424' title='bbox 2166 4292 2271 4331; x_wconf 92' lang='lat' dir='ltr'><strong>non</strong></span> <span class='ocrx_word' id='word_1_425' title='bbox 2304 4278 2552 4333; x_wconf 89' lang='lat' dir='ltr'><strong>videntur</strong></span> <span class='ocrx_word' id='word_1_426' title='bbox 2581 4293 2698 4332; x_wconf 91' lang='lat' dir='ltr'><strong>esse</strong></span> <span class='ocrx_word' id='word_1_427' title='bbox 2730 4278 3023 4350; x_wconf 76' lang='lat' dir='ltr'><strong>vigilantis,</strong></span> <span class='ocrx_word' id='word_1_428' title='bbox 3048 4277 3139 4332; x_wconf 89' lang='lat' dir='ltr'><strong>sed</strong></span> <span class='ocrx_word' id='word_1_429' title='bbox 3170 4276 3316 4348; x_wconf 79' lang='lat' dir='ltr'><strong>gravi</strong></span> <span class='ocrx_word' id='word_1_430' title='bbox 3347 4290 3483 4345; x_wconf 89' lang='lat' dir='ltr'><strong>quo-</strong></span> 
     </span>
    </p>
   </div>
   <div class='ocr_carea' id='block_1_68' title="bbox 1926 4351 3486 4436">
    <p class='ocr_par' dir='ltr' id='par_1_68' title="bbox 1926 4351 3486 4436">
     <span class='ocr_line' id='line_1_68' title="bbox 1926 4351 3486 4436; baseline -0.002 -15"><span class='ocrx_word' id='word_1_431' title='bbox 1926 4368 2048 4421; x_wconf 89' lang='lat' dir='ltr'><strong>dam</strong></span> <span class='ocrx_word' id='word_1_432' title='bbox 2095 4380 2286 4436; x_wconf 90' lang='lat' dir='ltr'><strong>sopore</strong></span> <span class='ocrx_word' id='word_1_433' title='bbox 2334 4366 2593 4434; x_wconf 90' lang='lat' dir='ltr'><strong>depressi,</strong></span> <span class='ocrx_word' id='word_1_434' title='bbox 2625 4382 2730 4421; x_wconf 91' lang='lat' dir='ltr'><strong>non</strong></span> <span class='ocrx_word' id='word_1_435' title='bbox 2758 4368 2901 4422; x_wconf 90' lang='lat' dir='ltr'><strong>clare</strong></span> <span class='ocrx_word' id='word_1_436' title='bbox 2936 4367 3189 4429; x_wconf 83' lang='lat' dir='ltr'><strong>videntis.</strong></span> <span class='ocrx_word' id='word_1_437' title='bbox 3236 4351 3486 4421; x_wconf 27' lang='lat' dir='ltr'><strong>sed&#39;dure</strong></span> 
     </span>
    </p>
   </div>
   <div class='ocr_carea' id='block_1_69' title="bbox 1928 4455 3488 4530">
    <p class='ocr_par' dir='ltr' id='par_1_69' title="bbox 1928 4455 3488 4530">
     <span class='ocr_line' id='line_1_69' title="bbox 1928 4455 3488 4530; baseline -0.004 -16"><span class='ocrx_word' id='word_1_438' title='bbox 1928 4460 2213 4530; x_wconf 88' lang='lat' dir='ltr'><strong>lippientis.</strong></span> <span class='ocrx_word' id='word_1_439' title='bbox 2231 4459 2637 4530; x_wconf 79' lang='lat' dir='ltr'><strong>Expergiscere,</strong></span> <span class='ocrx_word' id='word_1_440' title='bbox 2652 4457 2863 4512; x_wconf 90' lang='lat' dir='ltr'><strong>domine</strong></span> <span class='ocrx_word' id='word_1_441' title='bbox 2877 4458 2971 4524; x_wconf 92' lang='lat' dir='ltr'><strong>mi,</strong></span> <span class='ocrx_word' id='word_1_442' title='bbox 2997 4455 3405 4526; x_wconf 90' lang='lat' dir='ltr'><strong>aliquantulum,</strong></span> <span class='ocrx_word' id='word_1_443' title='bbox 3433 4464 3488 4509; x_wconf 91' lang='lat' dir='ltr'><strong>et</strong></span> 
     </span>
    </p>
   </div>
   <div class='ocr_carea' id='block_1_70' title="bbox 1925 4548 3482 4623">
    <p class='ocr_par' dir='ltr' id='par_1_70' title="bbox 1925 4548 3482 4623">
     <span class='ocr_line' id='line_1_70' title="bbox 1925 4548 3482 4623; baseline -0.003 -18"><span class='ocrx_word' id='word_1_444' title='bbox 1925 4566 2146 4620; x_wconf 86' lang='lat' dir='ltr'><strong>capesse</strong></span> <span class='ocrx_word' id='word_1_445' title='bbox 2162 4550 2411 4619; x_wconf 85' lang='lat' dir='ltr'><strong>teipsum.</strong></span> <span class='ocrx_word' id='word_1_446' title='bbox 2432 4549 2623 4606; x_wconf 85' lang='lat' dir='ltr'><strong>Nescio</strong></span> <span class='ocrx_word' id='word_1_447' title='bbox 2645 4548 2836 4617; x_wconf 90' lang='lat' dir='ltr'><strong>quibus</strong></span> <span class='ocrx_word' id='word_1_448' title='bbox 2857 4548 3242 4623; x_wconf 83' lang='lat' dir='ltr'><strong>fascinantibus</strong></span> <span class='ocrx_word' id='word_1_449' title='bbox 3263 4555 3411 4601; x_wconf 84' lang='lat' dir='ltr'><strong>extra</strong></span> <span class='ocrx_word' id='word_1_450' title='bbox 3431 4557 3482 4601; x_wconf 90' lang='lat' dir='ltr'><strong>te</strong></span> 
     </span>
    </p>
   </div>
   <div class='ocr_carea' id='block_1_71' title="bbox 1925 4640 3486 4711">
    <p class='ocr_par' dir='ltr' id='par_1_71' title="bbox 1925 4640 3486 4711">
     <span class='ocr_line' id='line_1_71' title="bbox 1925 4640 3486 4711; baseline -0.004 -14"><span class='ocrx_word' id='word_1_451' title='bbox 1925 4643 2115 4697; x_wconf 91' lang='lat' dir='ltr'><strong>ductus</strong></span> <span class='ocrx_word' id='word_1_452' title='bbox 2130 4656 2207 4695; x_wconf 88' lang='lat' dir='ltr'><strong>es.</strong></span> <span class='ocrx_word' id='word_1_453' title='bbox 2232 4642 2446 4696; x_wconf 83' lang='lat' dir='ltr'><strong>Euiterc</strong></span> <span class='ocrx_word' id='word_1_454' title='bbox 2467 4640 2641 4711; x_wconf 90' lang='lat' dir='ltr'><strong>quoad</strong></span> <span class='ocrx_word' id='word_1_455' title='bbox 2666 4640 2836 4711; x_wconf 90' lang='lat' dir='ltr'><strong>possis</strong></span> <span class='ocrx_word' id='word_1_456' title='bbox 2848 4642 2983 4696; x_wconf 90' lang='lat' dir='ltr'><strong>utad</strong></span> <span class='ocrx_word' id='word_1_457' title='bbox 3000 4649 3048 4695; x_wconf 90' lang='lat' dir='ltr'><strong>te</strong></span> <span class='ocrx_word' id='word_1_458' title='bbox 3063 4640 3235 4708; x_wconf 87' lang='lat' dir='ltr'><strong>ipsum</strong></span> <span class='ocrx_word' id='word_1_459' title='bbox 3249 4649 3486 4692; x_wconf 80' lang='lat' dir='ltr'><strong>reverta-</strong></span> 
     </span>
    </p>
   </div>
   <div class='ocr_carea' id='block_1_72' title="bbox 1926 4730 3485 4800">
    <p class='ocr_par' dir='ltr' id='par_1_72' title="bbox 1926 4730 3485 4800">
     <span class='ocr_line' id='line_1_72' title="bbox 1926 4730 3485 4800; baseline -0.005 -15"><span class='ocrx_word' id='word_1_460' title='bbox 1926 4732 2020 4787; x_wconf 90' lang='lat' dir='ltr'><strong>ris.</strong></span> <span class='ocrx_word' id='word_1_461' title='bbox 2045 4730 2306 4799; x_wconf 87' lang='lat' dir='ltr'><strong>Loquitur</strong></span> <span class='ocrx_word' id='word_1_462' title='bbox 2331 4747 2429 4786; x_wconf 83' lang='lat' dir='ltr'><strong>vox</strong></span> <span class='ocrx_word' id='word_1_463' title='bbox 2456 4732 2663 4785; x_wconf 81' lang='lat' dir='ltr'><strong>divina:</strong></span> <span class='ocrx_word' id='word_1_464' title='bbox 2682 4730 3244 4800; x_wconf 78' lang='lat' dir='ltr'><strong>Surgequt&#39;dormis,et</strong></span> <span class='ocrx_word' id='word_1_465' title='bbox 3268 4742 3485 4795; x_wconf 75' lang='lat' dir='ltr'><strong>exsurge</strong></span> 
     </span>
    </p>
   </div>
   <div class='ocr_carea' id='block_1_73' title="bbox 250 4790 3485 4889">
    <p class='ocr_par' dir='ltr' id='par_1_73' title="bbox 250 4790 3485 4889">
     <span class='ocr_line' id='line_1_73' title="bbox 250 4790 3485 4889; baseline 0 -25"><span class='ocrx_word' id='word_1_466' title='bbox 250 4811 611 4880; x_wconf 90' lang='lat' dir='ltr'><strong>patrocinium</strong></span> <span class='ocrx_word' id='word_1_467' title='bbox 648 4812 948 4878; x_wconf 88' lang='lat' dir='ltr'><strong>vindicasti,</strong></span> <span class='ocrx_word' id='word_1_468' title='bbox 978 4811 1313 4867; x_wconf 78' lang='lat' dir='ltr'><strong>defensione.</strong></span> <span class='ocrx_word' id='word_1_469' title='bbox 1339 4812 1414 4867; x_wconf 90' lang='lat' dir='ltr'><strong>Te</strong></span> <span class='ocrx_word' id='word_1_470' title='bbox 1442 4824 1616 4868; x_wconf 87' lang='lat' dir='ltr'><strong>autem</strong></span> <span class='ocrx_word' id='word_1_471' title='bbox 1641 4816 1811 4881; x_wconf 89' lang='lat' dir='ltr'><strong>salvo,</strong></span> <span class='ocrx_word' id='word_1_472' title='bbox 1841 4790 1886 4852; x_wconf 61' lang='grc' dir='ltr'><strong>(ἶ</strong></span> <span class='ocrx_word' id='word_1_473' title='bbox 1917 4790 2259 4884; x_wconf 70' lang='lat' dir='ltr'><strong>amortuis,et</strong></span> <span class='ocrx_word' id='word_1_474' title='bbox 2286 4821 2599 4875; x_wconf 81' lang='lat' dir='ltr'><strong>illuminabit</strong></span> <span class='ocrx_word' id='word_1_475' title='bbox 2621 4828 2667 4874; x_wconf 81' lang='lat' dir='ltr'><strong>te</strong></span> <span class='ocrx_word' id='word_1_476' title='bbox 2690 4790 2926 4873; x_wconf 59' lang='lat' dir='ltr'><strong>Christus</strong></span> <span class='ocrx_word' id='word_1_477' title='bbox 2950 4790 3379 4889; x_wconf 28' lang='lat' dir='ltr'><strong>(Ephes.&#39;v,15).</strong></span> <span class='ocrx_word' id='word_1_478' title='bbox 3406 4790 3485 4867; x_wconf 76' lang='lat' dir='ltr'><strong>&#39;l‘u</strong></span> 
     </span>
    </p>
   </div>
   <div class='ocr_carea' id='block_1_74' title="bbox 252 4902 1814 4975">
    <p class='ocr_par' dir='ltr' id='par_1_74' title="bbox 252 4902 1814 4975">
     <span class='ocr_line' id='line_1_74' title="bbox 252 4902 1814 4975; baseline 0.004 -20"><span class='ocrx_word' id='word_1_479' title='bbox 252 4915 338 4956; x_wconf 89' lang='lat' dir='ltr'><strong>res</strong></span> <span class='ocrx_word' id='word_1_480' title='bbox 367 4909 568 4957; x_wconf 61' lang='lat' dir='ltr'><strong>nostra:</strong></span> <span class='ocrx_word' id='word_1_481' title='bbox 613 4902 664 4956; x_wconf 89' lang='lat' dir='ltr'><strong>in</strong></span> <span class='ocrx_word' id='word_1_482' title='bbox 713 4916 868 4973; x_wconf 86' lang='lat' dir='ltr'><strong>portu</strong></span> <span class='ocrx_word' id='word_1_483' title='bbox 901 4904 1249 4975; x_wconf 80' lang='lat' dir='ltr'><strong>navigabant.</strong></span> <span class='ocrx_word' id='word_1_484' title='bbox 1278 4904 1540 4970; x_wconf 85' lang='lat' dir='ltr'><strong>Quocirca</strong></span> <span class='ocrx_word' id='word_1_485' title='bbox 1577 4908 1814 4961; x_wconf 81' lang='lat' dir='ltr'><strong>dimissis</strong></span> 
     </span>
    </p>
   </div>
   <div class='ocr_carea' id='block_1_75' title="bbox 252 4992 1811 5068">
    <p class='ocr_par' dir='ltr' id='par_1_75' title="bbox 252 4992 1811 5068">
     <span class='ocr_line' id='line_1_75' title="bbox 252 4992 1811 5068; baseline 0.004 -24"><span class='ocrx_word' id='word_1_486' title='bbox 252 4992 464 5047; x_wconf 89' lang='lat' dir='ltr'><strong>interim</strong></span> <span class='ocrx_word' id='word_1_487' title='bbox 492 4995 709 5057; x_wconf 90' lang='lat' dir='ltr'><strong>nostris,</strong></span> <span class='ocrx_word' id='word_1_488' title='bbox 730 4998 887 5052; x_wconf 90' lang='lat' dir='ltr'><strong>rebus</strong></span> <span class='ocrx_word' id='word_1_489' title='bbox 911 4997 1037 5062; x_wconf 88' lang='lat' dir='ltr'><strong>tuis,</strong></span> <span class='ocrx_word' id='word_1_490' title='bbox 1059 4996 1201 5065; x_wconf 82' lang='lat' dir='ltr'><strong>quod</strong></span> <span class='ocrx_word' id='word_1_491' title='bbox 1226 4997 1384 5049; x_wconf 89' lang='lat' dir='ltr'><strong>modo</strong></span> <span class='ocrx_word' id='word_1_492' title='bbox 1405 4997 1574 5063; x_wconf 75' lang='lat' dir='ltr'><strong>magis</strong></span> <span class='ocrx_word' id='word_1_493' title='bbox 1598 5000 1811 5068; x_wconf 88' lang='lat' dir='ltr'><strong>premit,</strong></span> 
     </span>
    </p>
   </div>
   <div class='ocr_carea' id='block_1_76' title="bbox 252 5084 1811 5155">
    <p class='ocr_par' dir='ltr' id='par_1_76' title="bbox 252 5084 1811 5155">
     <span class='ocr_line' id='line_1_76' title="bbox 252 5084 1811 5155; baseline 0.003 -18"><span class='ocrx_word' id='word_1_494' title='bbox 252 5084 295 5137; x_wconf 81' lang='lat' dir='ltr'><strong>si</strong></span> <span class='ocrx_word' id='word_1_495' title='bbox 346 5084 527 5151; x_wconf 89' lang='lat' dir='ltr'><strong>aliquo</strong></span> <span class='ocrx_word' id='word_1_496' title='bbox 578 5085 735 5139; x_wconf 92' lang='lat' dir='ltr'><strong>modo</strong></span> <span class='ocrx_word' id='word_1_497' title='bbox 794 5084 990 5140; x_wconf 89' lang='lat' dir='ltr'><strong>mederi</strong></span> <span class='ocrx_word' id='word_1_498' title='bbox 1043 5086 1211 5155; x_wconf 91' lang='lat' dir='ltr'><strong>possit</strong></span> <span class='ocrx_word' id='word_1_499' title='bbox 1270 5084 1652 5154; x_wconf 82' lang='lat' dir='ltr'><strong>invigilandnm</strong></span> <span class='ocrx_word' id='word_1_500' title='bbox 1710 5100 1811 5141; x_wconf 89' lang='lat' dir='ltr'><strong>est.</strong></span> 
     </span>
    </p>
   </div>
   <div class='ocr_carea' id='block_1_77' title="bbox 261 5174 1809 5196">
    <p class='ocr_par' dir='ltr' id='par_1_77' title="bbox 261 5174 1809 5196">
     <span class='ocr_line' id='line_1_77' title="bbox 261 5174 1809 5196; baseline 0 0"><span class='ocrx_word' id='word_1_501' title='bbox 261 5174 281 5196; x_wconf 77' lang='grc' dir='ltr'><strong>Δ</strong></span> <span class='ocrx_word' id='word_1_502' title='bbox 312 5174 578 5196; x_wconf 59' lang='lat'><strong>)2--.-..2.--.</strong></span> <span class='ocrx_word' id='word_1_503' title='bbox 676 5194 685 5195; x_wconf 34' lang='grc' dir='ltr'><em>κ</em></span> <span class='ocrx_word' id='word_1_504' title='bbox 731 5187 742 5196; x_wconf 71' lang='grc' dir='ltr'><em>ι</em></span> <span class='ocrx_word' id='word_1_505' title='bbox 836 5193 861 5195; x_wconf 57' lang='lat'><strong>,_</strong></span> <span class='ocrx_word' id='word_1_506' title='bbox 903 5192 919 5196; x_wconf 75' lang='lat'><strong>._</strong></span> <span class='ocrx_word' id='word_1_507' title='bbox 961 5174 1028 5196; x_wconf 73' lang='grc' dir='ltr'><strong>τι-</strong></span> <span class='ocrx_word' id='word_1_508' title='bbox 1098 5179 1108 5189; x_wconf 77' lang='grc' dir='ltr'><strong>ο</strong></span> <span class='ocrx_word' id='word_1_509' title='bbox 1168 5193 1179 5195; x_wconf 76' lang='grc'><strong>-</strong></span> <span class='ocrx_word' id='word_1_510' title='bbox 1250 5176 1331 5196; x_wconf 34' lang='grc' dir='ltr'><strong>...κξ</strong></span> <span class='ocrx_word' id='word_1_511' title='bbox 1381 5174 1499 5196; x_wconf 36' lang='grc' dir='ltr'><strong>ι’,λει</strong></span> <span class='ocrx_word' id='word_1_512' title='bbox 1544 5178 1637 5196; x_wconf 43' lang='lat' dir='ltr'><strong>-“I</strong></span> <span class='ocrx_word' id='word_1_513' title='bbox 1714 5193 1724 5195; x_wconf 63' lang='grc'><em>,</em></span> <span class='ocrx_word' id='word_1_514' title='bbox 1772 5187 1809 5196; x_wconf 36' lang='grc' dir='ltr'><strong>γ.</strong></span> 
     </span>
    </p>
   </div>
   <div class='ocr_carea' id='block_1_78' title="bbox 903 5174 1637 5196">
    <p class='ocr_par' dir='ltr' id='par_1_78' title="bbox 903 5174 1637 5196">
     <span class='ocr_line' id='line_1_78' title="bbox 903 5174 1637 5196; baseline 0 0"><span class='ocrx_word' id='word_1_515' title='bbox 903 5192 919 5196; x_wconf 74' lang='lat'><strong>._</strong></span> <span class='ocrx_word' id='word_1_516' title='bbox 961 5174 1028 5196; x_wconf 73' lang='grc' dir='ltr'><strong>τι-</strong></span> <span class='ocrx_word' id='word_1_517' title='bbox 1098 5179 1108 5189; x_wconf 76' lang='grc' dir='ltr'><strong>ο</strong></span> <span class='ocrx_word' id='word_1_518' title='bbox 1168 5193 1179 5195; x_wconf 76' lang='grc'><strong>-</strong></span> <span class='ocrx_word' id='word_1_519' title='bbox 1250 5176 1331 5196; x_wconf 51' lang='grc' dir='ltr'><strong>...κῖ</strong></span> <span class='ocrx_word' id='word_1_520' title='bbox 1381 5174 1499 5196; x_wconf 59' lang='lat' dir='ltr'><strong>P.,-3a</strong></span> <span class='ocrx_word' id='word_1_521' title='bbox 1544 5178 1637 5196; x_wconf 39' lang='grc' dir='ltr'><strong>,μμΙ</strong></span> 
     </span>
    </p>
   </div>
   <div class='ocr_carea' id='block_1_79' title="bbox 1917 4902 3486 4983">
    <p class='ocr_par' dir='ltr' id='par_1_79' title="bbox 1917 4902 3486 4983">
     <span class='ocr_line' id='line_1_79' title="bbox 1917 4902 3486 4983; baseline -0.01 -16"><span class='ocrx_word' id='word_1_522' title='bbox 1917 4913 2125 4983; x_wconf 89' lang='lat' dir='ltr'><strong>primus</strong></span> <span class='ocrx_word' id='word_1_523' title='bbox 2153 4920 2245 4964; x_wconf 90' lang='lat' dir='ltr'><strong>aut</strong></span> <span class='ocrx_word' id='word_1_524' title='bbox 2268 4911 2410 4965; x_wconf 90' lang='lat' dir='ltr'><strong>inter</strong></span> <span class='ocrx_word' id='word_1_525' title='bbox 2432 4913 2652 4979; x_wconf 87' lang='lat' dir='ltr'><strong>primos,</strong></span> <span class='ocrx_word' id='word_1_526' title='bbox 2682 4909 2842 4964; x_wconf 88' lang='lat' dir='ltr'><strong>etiam</strong></span> <span class='ocrx_word' id='word_1_527' title='bbox 2872 4917 3159 4975; x_wconf 73' lang='lat' dir='ltr'><strong>antequam</strong></span> <span class='ocrx_word' id='word_1_528' title='bbox 3190 4918 3282 4956; x_wconf 84' lang='lat' dir='ltr'><strong>rex</strong></span> <span class='ocrx_word' id='word_1_529' title='bbox 3314 4902 3486 4965; x_wconf 80' lang='lat' dir='ltr'><strong>ﬁeret,</strong></span> 
     </span>
    </p>
   </div>
   <div class='ocr_carea' id='block_1_80' title="bbox 1919 4994 3493 5069">
    <p class='ocr_par' dir='ltr' id='par_1_80' title="bbox 1919 4994 3493 5069">
     <span class='ocr_line' id='line_1_80' title="bbox 1919 4994 3493 5069; baseline -0.008 -12"><span class='ocrx_word' id='word_1_530' title='bbox 1919 5002 2195 5057; x_wconf 90' lang='lat' dir='ltr'><strong>dominum</strong></span> <span class='ocrx_word' id='word_1_531' title='bbox 2222 5001 2373 5055; x_wconf 88' lang='lat' dir='ltr'><strong>illum</strong></span> <span class='ocrx_word' id='word_1_532' title='bbox 2416 5000 2509 5054; x_wconf 88' lang='lat' dir='ltr'><strong>tibi</strong></span> <span class='ocrx_word' id='word_1_533' title='bbox 2542 4994 2879 5069; x_wconf 74' lang='lat' dir='ltr'><strong>przeelegisti.</strong></span> <span class='ocrx_word' id='word_1_534' title='bbox 2912 4995 2997 5047; x_wconf 94' lang='lat' dir='ltr'><strong>Tu</strong></span> <span class='ocrx_word' id='word_1_535' title='bbox 3027 5000 3208 5064; x_wconf 87' lang='lat' dir='ltr'><strong>postea</strong></span> <span class='ocrx_word' id='word_1_536' title='bbox 3235 5000 3493 5056; x_wconf 86' lang='lat' dir='ltr'><strong>quantum</strong></span> 
     </span>
    </p>
   </div>
   <div class='ocr_carea' id='block_1_81' title="bbox 1920 5075 3500 5161">
    <p class='ocr_par' dir='ltr' id='par_1_81' title="bbox 1920 5075 3500 5161">
     <span class='ocr_line' id='line_1_81' title="bbox 1920 5075 3500 5161; baseline -0.009 -15"><span class='ocrx_word' id='word_1_537' title='bbox 1920 5102 2160 5161; x_wconf 87' lang='lat' dir='ltr'><strong>poteras,</strong></span> <span class='ocrx_word' id='word_1_538' title='bbox 2196 5092 2335 5145; x_wconf 88' lang='lat' dir='ltr'><strong>sicut</strong></span> <span class='ocrx_word' id='word_1_539' title='bbox 2362 5087 2648 5159; x_wconf 79' lang='lat' dir='ltr'><strong>magniﬁce</strong></span> <span class='ocrx_word' id='word_1_540' title='bbox 2675 5093 2920 5152; x_wconf 85' lang='lat' dir='ltr'><strong>poteras,</strong></span> <span class='ocrx_word' id='word_1_541' title='bbox 2960 5093 3023 5137; x_wconf 82' lang='lat' dir='ltr'><strong>ut</strong></span> <span class='ocrx_word' id='word_1_542' title='bbox 3042 5093 3136 5134; x_wconf 79' lang='lat' dir='ltr'><strong>rex</strong></span> <span class='ocrx_word' id='word_1_543' title='bbox 3166 5075 3315 5128; x_wconf 76' lang='lat' dir='ltr'><strong>fieret</strong></span> <span class='ocrx_word' id='word_1_544' title='bbox 3342 5077 3500 5131; x_wconf 84' lang='lat' dir='ltr'><strong>insti—</strong></span> 
     </span>
    </p>
   </div>
   <div class='ocr_carea' id='block_1_82' title="bbox 2086 5162 3486 5196">
    <p class='ocr_par' dir='ltr' id='par_1_82' title="bbox 2086 5162 3486 5196">
     <span class='ocr_line' id='line_1_82' title="bbox 2086 5162 3486 5196; baseline 0 0"><span class='ocrx_word' id='word_1_545' title='bbox 2086 5180 2127 5196; x_wconf 58' lang='grc' dir='ltr'>ἢ</span> <span class='ocrx_word' id='word_1_546' title='bbox 2273 5184 2285 5196; x_wconf 85' lang='lat' dir='ltr'><strong>I</strong></span> <span class='ocrx_word' id='word_1_547' title='bbox 2354 5190 2364 5196; x_wconf 82' lang='lat'><em>.</em></span> <span class='ocrx_word' id='word_1_548' title='bbox 2452 5189 2461 5196; x_wconf 75' lang='grc' dir='ltr'><strong><em>ι</em></strong></span> <span class='ocrx_word' id='word_1_549' title='bbox 2543 5179 2588 5196; x_wconf 72' lang='lat'><strong>‘_.</strong></span> <span class='ocrx_word' id='word_1_550' title='bbox 2638 5176 2868 5196; x_wconf 55' lang='lat' dir='ltr'><strong>:...--:‘IIM</strong></span> <span class='ocrx_word' id='word_1_551' title='bbox 2906 5172 3187 5196; x_wconf 62' lang='grc' dir='ltr'><strong>Α.----ἶιαθΛ</strong></span> <span class='ocrx_word' id='word_1_552' title='bbox 3222 5162 3486 5196; x_wconf 57' lang='grc' dir='ltr'><strong>ΛΛηῖΙΙιιΛὶῖ</strong></span> 
     </span>
    </p>
   </div>
  </div>
