3984 5316
497 338 636 406 itas

986 349 1283 406 ARNOLDI
1321 349 1797 407 IIALBERSTAT.
1845 353 2070 408 EPIST.
2111 311 2591 411 AD‘IIENHICL‘M
2629 352 2987 409 liERBlPOL.
3027 349 3218 406 EPlSC
3257 329 3262 334 '

3601 343 3730 398 ηεδ

492 460 798 520 υοευιῖίιυτιι
836 471 929 515 ³1η
967 463 1299 529 iucundius,
1345 463 1508 516 etiam
1557 464 1611 516 in
1654 464 1775 516 vita:
1824 465 2062 533 periculo
2092 471 2138 526 Α
2168 466 2360 529 lectio;
2400 465 2679 520 conscribe
2705 481 2823 520 cum
2853 464 2975 516 aliis
3003 462 3334 531 coepiscopis
3364 465 3416 512 et
3445 457 3730 512 confratri-

495 549 734 604 tnteliter
761 551 863 606 sibi
893 549 1236 620 suifragando
1265 567 1370 604 non
1399 552 1612 606 deeras.
1649 551 1781 606 Cum
1827 553 1940 608 haec
1968 553 2066 610 be-

501 642 692 697 nelicia
726 642 907 698 omnia
939 641 992 696 in
1026 641 1172 696 illum
1211 643 1555 712 praerogaris,
1597 651 1652 697 et
1692 657 1757 698 ex
1791 643 1875 700 his
1904 659 2068 714 penes

498 744 558 784 se
585 747 835 802 magnam
862 731 955 786 tibi
982 733 1234 801 gratiam,
1258 731 1577 797 amicitiam,
1601 733 1919 789 charitatem
1944 733 2069 803 jure

497 820 836 886 conﬂaveris,
872 821 1000 891 quid
1030 831 1113 876 est
1139 822 1242 877 hoc
1283 826 1426 891 quod
1461 822 1619 877 modo
1658 821 1753 877 tibi
1794 823 2070 892 imponis?

496 912 627 980 Cur,
647 927 767 967 cum
791 913 932 967 bona
951 914 1316 982 promeruisti,
1334 912 1486 968 malis
1504 920 1556 968 te
1578 915 1907 968 remunerari
1940 929 2067 983 per-

501 1003 712 1060 mittis?
740 1003 960 1060 Diﬂicile
989 1013 1071 1060 est
1099 1019 1247 1060 reum
1279 1019 1396 1060 esse
1426 1005 1742 1074 maiestatis.
1776 1005 1887 1061 Nec
1917 1005 2064 1060 litte-

495 1094 599 1152 ris.
627 1103 684 1148 ut
721 1094 880 1148 audio
950 1110 1048 1150 uec
1101 1094 1314 1165 legatis,
1359 1096 1648 1164 parcendo,
1684 1096 2066 1165 promittendo,

496 1182 866 1253 supplicando,
917 1192 967 1238 te
1013 1183 1080 1238 ad
1123 1198 1182 1238 se
1225 1184 1494 1238 accersire
1541 1191 1742 1250 potest.
1785 1182 2066 1249 Quomodo

497 1274 715 1344 potesiu
740 1287 902 1343 regno
922 1273 1040 1342 ejus
1063 1272 1260 1327 habere
1282 1256 1635 1343 pontiﬁcium,
1656 1273 1699 1327 si
1724 1273 1790 1325 ad
1815 1287 1872 1327 se
1885 1273 2072 1327 venire

499 1365 828 1435 refragaris?
855 1364 993 1432 Quid
1020 1365 1215 1420 dicturi
1247 1373 1372 1419 sunt
1392 1363 1602 1433 iudices
1633 1379 1754 1420 cum
1788 1365 1840 1417 in
1865 1363 2068 1432 judicio

498 1458 625 1511 talia
663 1457 1100 1512 ventilabuntur?
1135 1457 1268 1512 Vide
1313 1471 1381 1511 ne
1435 1470 1559 1512 sero
1606 1454 1756 1525 pejus
1789 1454 1881 1510 fiat
1927 1455 2069 1524 quod

496 1547 651 1616 prius
686 1547 876 1601 melius
908 1547 1022 1601 fieri
1052 1546 1242 1616 potuit,
1274 1553 1329 1601 et
1353 1560 1421 1600 ne
1451 1545 1594 1616 rigor
1621 1545 1720 1598 iste
1756 1560 1861 1599 non
1914 1543 2069 1598 forti-

501 1637 656 1702 tudo,
681 1637 775 1692 sed
803 1636 999 1690 duritia
1024 1633 1192 1705 magis
1213 1635 1456 1689 habenda
1485 1635 1574 1690 sit.
1597 1633 1755 1688 Aliud
1779 1641 1863 1689 est
1890 1643 2067 1687 autem

499 1727 696 1781 durutn
743 1741 882 1788 esse,
935 1725 1078 1780 aliud
1126 1721 1340 1780 fortem.
1391 1724 1564 1778 Durus
1618 1737 1719 1778 nec
1767 1723 1822 1777 in
1871 1722 2068 1777 bonam

2169 559 2270 613 bus
2301 558 2432 624 tuis;
2469 573 2537 612 ue
2574 557 2669 610 flat
2706 557 2847 610 intra
2877 563 3075 610 saneta:
3103 551 3347 608 ecclesia:
3384 550 3625 619 parietes
3660 549 3733 600 di-

2170 649 2305 704 visio
2331 647 2769 712 schismatis,sed
2793 646 2978 715 potius
3000 645 3053 698 in
3069 641 3318 697 omnibus
3347 646 3537 709 regnet
3565 639 3734 692 unitas

2169 739 2476 795 charitatis.
2502 739 2689 795 Sentio
2708 736 3017 807 jamdudum
3048 743 3100 789 te
3130 731 3256 786 mihi
3280 730 3561 785 contraire
3583 728 3732 790 Velle,

2169 840 2223 885 et
2250 829 2460 896 iniustae
2479 828 2749 884 suasionis
2774 838 2962 881 notare
2983 824 3174 896 elogio,
3196 819 3501 890 hujusmodi
3528 819 3735 871 verbis:

2176 941 2194 973 ι
2225 921 2439 976 Sanctis
2467 929 2521 975 et
2539 919 2702 987 justis
2721 917 2883 972 nimis
2912 913 3164 983 injustam
3193 909 3386 972 videri,
3407 908 3614 962 terreni
3643 908 3736 959 im-

2168 1015 2303 1086 perii
2358 999 2652 1084 potentiam
2706 1009 2877 1080 magis
2920 1007 3212 1062 formidare
3265 1016 3428 1072 quam
3471 999 3735 1062 divinam,

2172 1107 2457 1162 dilectione
2485 1102 2793 1173 temporalis
2820 1098 3103 1154 suavitatis
3123 1108 3417 1166 provocare
3439 1092 3494 1145 in
3519 1105 3580 1144 se
3609 1090 3735 1143 iram

2172 1200 2375 1267 absque
2425 1196 2531 1252 fine
2572 1193 2865 1264 punientis.
2909 1189 3104 1246 Sedem
3131 1200 3346 1257 quoque
3369 1182 3729 1254 episcopalem

2170 1290 2256 1345 cui
2283 1289 2457 1355 sedes,
2486 1301 2645 1356 quam
2675 1283 2923 1353 reperisti
2953 1279 3144 1348 amplis
3166 1274 3464 1332 honoribus
3499 1280 3733 1328 auctam.

2169 1397 2266 1452 per
2293 1380 2450 1448 longa
2480 1386 2746 1431 terrarum
2770 1373 2942 1443 Spatia
2964 1369 3264 1434 dilatatam,
3288 1379 3392 1419 non
3413 1369 3740 1416 cssmastuo

2169 1472 2394 1527 arbitrio
2405 1466 2820 1524 velexhouorari
2842 1464 2924 1520 vel
2944 1461 3162 1525 arctari,
3180 1469 3228 1514 te
3250 1456 3391 1512 nolle
3416 1455 3604 1508 sunire
3623 1465 3741 1518 sup-

2169 1563 2390 1633 plicium
2433 1573 2592 1614 causa
2626 1555 2943 1627 perditionis
2968 1566 3146 1608 rerum
3177 1545 3688 1604 ecclesiasticarum.
3719 1558 3738 1592 s

2171 1650 2327 1705 Absit
2351 1664 2382 1703 a
2409 1663 2493 1702 me
2515 1655 2597 1712 ut,
2621 1645 2725 1700 nisi
2755 1643 3035 1712 desipiam,
3063 1635 3365 1708 huiusmodi
3399 1633 3495 1687 tibi
3528 1646 3741 1700 persua-

2173 1739 2362 1794 deam!
2405 1737 2598 1806 magis,
2632 1735 2674 1788 si
2719 1732 2829 1788 ullo
2863 1730 3022 1785 modo
3064 1728 3261 1789 sciam,
3310 1724 3362 1777 in
3399 1723 3518 1777 haec
3551 1720 3663 1790 ipsa
3694 1728 3742 1773 te

505 1827 715 1892 partem
743 1815 994 1872 fleetitur.
1030 1816 1139 1873 Cur
1164 1832 1230 1872 ex
1279 1824 1434 1886 grato
1481 1815 1771 1886 ingratum,
1802 1827 1867 1868 ex
1897 1815 2073 1870 amico
2106 1807 2150 1867 Β
2174 1829 2375 1881 ducem
2400 1824 2584 1879 velim,
2620 1820 2888 1880 procedat
2915 1816 3234 1889 Apostolus;
3260 1813 3518 1882 loquatur
3543 1823 3640 1879 pro
3665 1822 3742 1862 me

500 1909 808 1966 inimicum.
837 1923 900 1962 ex
939 1908 1439 1963 muniﬁcentissimo
1480 1906 1574 1961 tibi
1620 1906 1958 1961 inliberalcm
1998 1905 2074 1959 fa-

503 1999 618 2055 cis?
663 1999 932 2069 Quidquid
986 1999 1078 2054 tibi
1123 1999 1376 2063 libuerat,
1422 2008 1577 2068 prout
1609 1996 1872 2065 plurimus
1900 1994 2072 2050 νῖειινιι

506 2101 610 2158 est,
640 2091 778 2159 apud
813 2089 962 2146 illum
990 2089 1237 2144 obtinere
1272 2098 1542 2157 potueras.
1576 2086 1766 2142 Nonne
1799 2093 1944 2140 tanta
1973 2086 2073 2142 tibi

501 2193 746 2256 potestas
781 2185 834 2240 in
869 2185 956 2240 bis
988 2183 1300 2254 regionibus
1327 2184 1394 2236 ab
1421 2197 1486 2238 eo
1517 2195 1770 2237 concessa
1793 2188 1894 2247 est,
1927 2188 1985 2233 ut
2009 2179 2074 2232 ad

500 2285 689 2330 nutum
740 2285 888 2329 tuum
920 2274 1102 2328 omnia
1139 2271 1400 2342 pareant?
1440 2270 1538 2325 Cui
1567 2284 1681 2334 nos,
1719 2277 1812 2322 aut
1849 2278 2077 2322 caeteros

504 2364 601 2433 qui
644 2364 711 2418 de
755 2371 806 2419 te
852 2369 1204 2434 pra‘sumunt,
1234 2357 1598 2414 defendendos
1647 2354 1941 2424 relinquis?
1995 2351 2078 2408 Sit

504 2455 720 2509 animus
770 2452 943 2516 fortis,
971 2451 1064 2506 sed
1110 2465 1282 2518 usque
1332 2447 1398 2500 ad
1446 2446 1878 2515 temperantiam.
1923 2441 2076 2511 Quod

505 2546 730 2600 modum
762 2542 1170 2613 supergreditur
1198 2539 1634 2604 immoderatum,
1661 2537 2076 2592 immoderatum

502 2633 908 2702 intemperans,
965 2626 1381 2698 intemperantia
1433 2625 1624 2680 vitium
1673 2631 1776 2679 est.
1832 2621 2077 2690 Amplius

503 2738 611 2779 non
639 2721 972 2794 progredior.
1006 2721 1064 2775 Si
1108 2735 1214 2774 non
1262 2734 1360 2786 pro
1409 2725 1482 2780 te,
1529 2714 1720 2770 saltem
1760 2728 1857 2785 pro
1886 2713 2078 2767 ovibus

504 2814 614 2870 tuis
641 2813 736 2870 tibi
768 2813 1065 2872 timendum
1099 2819 1201 2867 est.
1248 2810 1323 2864 De
1351 2807 1595 2878 periculo
1620 2807 1762 2862 enim
1794 2806 1972 2875 agitur
2001 2803 2077 2858 rei

505 2906 734 2977 publicae
771 2914 892 2960 tute.
942 2902 1000 2959 Si
1039 2903 1112 2957 ita
1163 2909 1224 2956 ut
1270 2898 1483 2970 cmpisti
1526 2897 1817 2967 perstabis,
1859 2895 2080 2949 evenire

507 3005 687 3066 potest
717 2996 770 3052 in
794 3005 1001 3052 tantum
1033 3010 1151 3050 eam
1170 2993 1356 3048 vexari
1385 2990 1468 3046 vel
1499 2991 1661 3046 etiam
1690 2988 1870 3058 diripi,
1903 2996 1962 3042 ut
1989 2997 2084 3042 aut

507 3104 784 3158 nunquam
813 3098 904 3143 aut
931 3103 1052 3142 sero
1082 3093 1379 3156 reparctur.
1405 3083 1739 3154 Quapropter
1769 3081 2080 3146 recordare,

2175 1916 2266 1972 ille
2303 1931 2397 1971 vas
2434 1912 2772 1972 dilectionis,
2825 1911 3016 1965 doctor
3061 1906 3321 1978 gentium.
3371 1901 3514 1956 Ecce
3564 1899 3747 1955 doctor

2175 2013 2378 2062 noster.
2423 2001 2537 2058 Non
2575 2002 2719 2055 enim
2748 2015 2810 2054 et
2855 1997 3052 2052 .Iuda-is
3100 1994 3192 2049 sed
3231 2007 3298 2046 ex
3337 1988 3594 2061 gentibus
3634 2000 3742 2040 nos.

2176 2095 2316 2162 Quid
2364 2095 2441 2148 ait
2469 2090 2799 2163 Apostolus?
2837 2087 3018 2143 Omnis
3055 2085 3256 2145 anima,
3295 2079 3492 2149 inquit,
3525 2085 3744 2145 potesta-

2176 2185 2318 2239 tibus
2342 2181 2730 2238 sublimioribus
2757 2178 2966 2232 subdita
2991 2175 3080 2229 sit.
3123 2171 3177 2226 Ν
3181 2188 3246 2225 an
3269 2179 3340 2224 est
3365 2167 3505 2222 enim
3529 2175 3747 2235 potestas

2177 2277 2282 2331 nisi
2309 2294 2340 2328 a
2369 2275 2500 2328 Deo.
2536 2273 2666 2338 Qua:
2695 2281 2868 2325 autem
2914 2276 3055 2329 sunt,
3102 2281 3134 2318 α
3180 2263 3290 2316 Deo
3326 2259 3576 2316 ordinata
3611 2269 3741 2309 sunt.

2176 2369 2362 2434 Itaque
2379 2367 2467 2438 qui
2482 2365 2670 2420 resistit
2689 2361 2948 2433 potestati,
2967 2358 3060 2418 Dei
3077 2356 3391 2416 ordinatim:
3409 2351 3630 2411 resistit
3649 2346 3744 2418 Qui

2177 2470 2349 2514 autem
2363 2460 2630 2522 resistunt,
2645 2453 2850 2524 ipsiaibi
2864 2452 3251 2510 damnationem
3262 2451 3564 2520 acquirunt.
3579 2445 3742 2516 (Rom.

2175 2569 2296 2622 xm,
2322 2553 2371 2617 l,
2392 2550 2447 2623 9.)
2473 2550 2611 2607 Ecce
2631 2547 2760 2621 quid
2775 2550 3122 2610 hortor.ecce
3135 2544 3189 2598 in
3204 2557 3324 2612 qua:
3343 2543 3514 2604 duco;
3536 2541 3643 2592 imo
3654 2555 3746 2592 non

2176 2660 2296 2714 ego,
2312 2644 2401 2699 sed
2416 2641 2848 2713 Apostolus,imo
2861 2653 2966 2692 non
2993 2634 3212 2699 ille,sed
3227 2647 3321 2703 per
3339 2632 3486 2686 illum
3502 2632 3673 2690 Deus;
3697 2639 3747 2679 ut

2178 2736 2272 2792 Dei
2297 2733 2625 2789 ordiuationi
2653 2746 2759 2785 non
2790 2729 3042 2784 resistitis
3075 2721 3364 2799 [resistas],
3391 2738 3493 2778 nec
3518 2722 3633 2791 ipse
3663 2717 3746 2771 tibi

2179 2828 2601 2885 dominationem
2641 2839 2908 2880 assumas.
2944 2820 3212 2876 Fortassis
3255 2815 3358 2871 hoc
3392 2822 3477 2869 est
3513 2811 3746 2868 domina-

2178 2920 2375 2974 tionem
2402 2918 2501 2973 sibi
2524 2930 2820 2980 assumere,
2843 2929 2904 2969 ea
2935 2928 3054 2984 qua:
3079 2927 3108 2966 a
3144 2906 3556 2964 sublimioribus
3577 2902 3740 2972 injun-

2181 3017 2381 3078 guntur
2418 3007 2790 3076 supersedere.
2834 3005 2938 3058 Sed
2967 3002 3113 3072 quia,
3133 3000 3260 3053 dum
3291 3005 3467 3052 tecum
3501 3007 3646 3056 eras,
3671 2989 3746 3044 ni-

2182 3097 2285 3152 mis
2325 3104 2542 3150 acutum
2573 3103 2626 3151 te
2645 3103 2700 3150 et
2731 3094 2878 3148 clare
2915 3091 3187 3145 videntem
3216 3097 3501 3148 noveram,
3535 3080 3740 3148 opinor,

516 3179 734 3235 domine
756 3179 848 3242 mi,
877 3178 1132 3234 Ecclesia:
1162 3185 1360 3250 saneta:
1380 3175 1466 3231 cui
1489 3173 1766 3243 praesides,
1795 3172 2078 3226 recordare

2186 3187 2289 3240 hoc
2323 3186 2466 3255 quod
2501 3186 2552 3239 in
2589 3183 2888 3239 canonibus
2919 3180 3134 3250 legitur,
3167 3178 3391 3232 honesta
3421 3165 3742 3244 praecipienti

511 3269 754 3324 omnium
777 3267 866 3337 qui
894 3267 986 3322 tibi
1017 3267 1244 3320 libenter
1271 3264 1534 3319 serviunt.
1559 3261 1802 3331 Loquere
1824 3277 1944 3316 cum
1975 3260 2082 3316 illis

515 3358 608 3426 qui
659 3358 751 3410 tibi
805 3371 908 3409 non
957 3353 1116 3410 aliter
1145 3369 1209 3408 ac
1237 3355 1337 3410 sibi
1368 3353 1670 3407 consultum
1704 3352 1914 3414 volunt,
1959 3367 2081 3407 cum

514 3445 735 3505 domino
764 3458 888 3500 meo
908 3442 1201 3499 venerabili
1243 3442 1650 3512 archiepiscopo
1676 3442 1765 3497 W.
1789 3439 2080 3512 [Wiligiso]

524 3533 792 3605 spirituali
845 3543 933 3589 tuo
974 3542 1030 3588 et
1071 3533 1231 3587 Patre
1268 3540 1323 3586 et
1353 3530 1543 3594 fratre,
1590 3545 1708 3586 cum
1757 3531 1974 3585 domino
2015 3529 2080 3584 ll.

519 3622 853 3700 {Heriberto}
885 3622 1051 3678 fratre
1075 3631 1164 3677 tuo
1189 3622 1419 3686 utcrino,
1444 3620 1570 3676 item
1594 3619 1884 3675 venerabili
1909 3619 2086 3673 archi-

518 3716 790 3785 episcopo,
820 3728 941 3768 cum
986 3711 1203 3766 domino
1239 3711 1300 3765 B.
1333 3708 1694 3782 [Burcbardo]
1725 3709 2083 3779 Wangionum

519 3809 794 3878 episeopo,
819 3805 1043 3875 aliisque
1066 3803 1311 3860 fidelibus
1338 3813 1392 3858 et
1417 3803 1607 3858 amicis
1639 3803 1763 3856 tuis.
1789 3799 2085 3856 Consiliqu

515 3900 662 3966 quod
692 3899 786 3954 tibi
816 3899 944 3954 dent
978 3912 1084 3952 nou
1129 3896 1397 3966 repudies.
1428 3894 1582 3961 Quod
1607 3893 1751 3948 enim
1790 3893 1856 3946 de
1897 3901 1948 3946 te
1978 3890 2089 3961 agi-

521 4000 634 4057 tur,
684 3989 898 4044 illorum
931 3988 1135 4058 pariter
1162 3995 1246 4042 est
1278 3997 1473 4041 tecum.
1505 3986 1560 4041 Si
1595 3986 1822 4043 istorum
1862 3981 2088 4038 consilio

516 4080 658 4136 ferte
709 4080 1016 4150 delinqucs,
1067 4077 1172 4132 illis
1222 4075 1591 4145 imputabitur.
1637 4073 1835 4128 Habuit
1877 4087 2090 4141 quoque

521 4170 739 4225 fortuna
757 4185 896 4240 smpe
917 4184 1221 4237 regressum
1239 4167 1334 4237 (‘2).
1351 4166 1502 4232 Quod
1526 4166 1685 4220 modo
1699 4163 1944 4219 imminet
1968 4163 2087 4229 tibi,

525 4264 582 4316 in
613 4262 861 4332 proximo
900 4260 1145 4316 fortassis
1181 4260 1456 4328 continget
1495 4267 1547 4312 et
1597 4256 1771 4310 alteri.
1817 4255 1942 4310 Ideo
1985 4270 2091 4309 non

526 4355 690 4408 nimis
716 4353 1113 4408 formidandum
1141 4360 1225 4407 est
1251 4361 1310 4406 ut
1337 4350 1496 4404 modo
1522 4349 1615 4403 tibi
1650 4348 1926 4417 imponant
1953 4346 2093 4415 quod

526 4444 628 4513 ipsi
663 4443 822 4511 paulo
850 4451 972 4512 post
999 4441 1141 4497 ferre
1173 4440 1536 4498 refraeeutur.

599 4554 744 4609 Sane
771 4553 1013 4624 plurimis
1053 4523 1298 4608 fidelibus
1329 4553 1436 4609 tuis
1466 4555 1518 4606 in
1563 4559 1828 4607 conventu
1865 4548 2090 4603 fratrum

2181 3276 2538 3335 obedientium
2565 3291 2706 3341 esse,
2739 3275 2874 3328 viv:e
2902 3271 3076 3328 adhuc
3108 3267 3380 3325 memoria:
3412 3259 3742 3320 reconderis;

2183 3381 2239 3430 et
2270 3375 2370 3428 hoc
2421 3368 2548 3423 mihi
2579 3363 2989 3434 superinducas,
3027 3360 3146 3416 ideo
3173 3367 3225 3413 te
3253 3352 3588 3426 praecipienti
3620 3348 3744 3404 nolle

2187 3462 2532 3533 acquiescere
2585 3456 2711 3525 quia
2763 3454 3103 3507 inhonestum
3159 3448 3406 3502 videatur
3462 3440 3742 3498 Ecclesiam

2188 3527 2335 3610 tua-tn
2368 3546 2585 3606 dioecesi
2631 3560 2726 3601 sua
2766 3545 2998 3612 privare.
3033 3538 3247 3594 Sanctis
3283 3533 3532 3590 Patribus
3558 3527 3744 3601 praede-

2189 3643 2498 3702 cessoribns
2528 3638 2756 3703 vestris,
2782 3645 2840 3688 ut
2877 3633 3204 3692 audivimus,
3237 3644 3342 3683 non
3393 3625 3745 3681 inhonestum,

2185 3738 2282 3794 sed
2325 3733 2480 3788 valde
2510 3731 2795 3785 honestum
2831 3733 2886 3780 et
2928 3723 3057 3778 utile
3101 3721 3272 3775 visum
3298 3727 3379 3773 est
3409 3717 3460 3770 iu
3493 3713 3626 3766 locis
3652 3709 3740 3764 snsi

2188 3823 2514 3887 commissis,
2545 3829 2829 3890 postquam
2881 3814 2933 3868 in
2980 3819 3185 3867 tantum
3227 3807 3391 3864 crevit
3424 3801 3661 3860 Eeclesia
3690 3807 3742 3851 ut

2189 3919 2289 3989 ipsi
2317 3931 2436 3971 eam
2482 3910 2715 3968 circuire
2748 3918 2801 3965 et
2843 3907 3129 3962 observare
3172 3916 3274 3956 non
3322 3899 3584 3962 valerent,
3626 3892 3743 3948 alios

2191 3986 2294 4066 sibi
2330 4005 2657 4063 substituere
2705 3998 3016 4055 sacerdotes
3062 4003 3118 4049 et
3172 4006 3237 4045 ex
3288 4004 3396 4044 uno
3449 3986 3742 4057 episcopatu

2192 4104 2328 4156 duos
2356 4107 2451 4152 aut
2482 4105 2591 4151 tres
2621 4093 2834 4155 facere;
2869 4099 2924 4142 ut
2955 4085 3096 4158 quod
3126 4099 3263 4138 unus
3293 4081 3468 4135 minus
3505 4084 3694 4148 posset.
3717 4089 3741 4125 a

2196 4192 2404 4248 duobus
2450 4197 2545 4242 aut
2582 4186 2751 4240 tribus
2785 4180 3105 4238 cumulatius
3138 4173 3493 4246 suppleretur.
3527 4168 3629 4224 Sed
3647 4165 3741 4235 jam

2197 4296 2441 4340 errorum
2471 4279 2626 4348 plena
2667 4283 2791 4330 sunt
2824 4271 3025 4328 omnia.
3059 4267 3137 4324 illi
3170 4276 3338 4320 totam
3363 4276 3580 4332 operam
3609 4270 3740 4312 suam

2197 4389 2296 4444 pro
2326 4370 2608 4426 animabus
2647 4363 2920 4421 lucrandis
2956 4357 3328 4420 insumebant;
3366 4367 3465 4406 nos
3501 4345 3741 4444 quomodo

2123 4496 2173 4553 ι)
2198 4434 2424 4532 corpora
2454 4457 2732 4513 faveamus
2756 4452 3020 4523 przecipue
3047 4446 3357 4518 satagimus.
3383 4441 3459 4496 llli
3488 4455 3581 4510 pro
3604 4434 3742 4495 coelo,

2199 4565 2299 4606 nos
2319 4563 2416 4620 pro
2435 4555 2585 4601 terra
2610 4543 2991 4612 disceptamus.
3009 4537 3125 4592 Non
3153 4543 3295 4589 esset
3325 4541 3506 4585 tamen
3528 4536 3737 4582 necesse.

527 4653 768 4708 tuorum,
817 4643 904 4697 ubi
936 4643 1206 4697 ordinatio
1239 4643 1374 4696 facta
1410 4651 1526 4708 est,
1574 4651 1625 4696 te
1665 4640 1718 4694 in
1763 4639 2093 4693 audientiam
2195 4616 2364 4694 Terra
2384 4635 2536 4692 nobis
2563 4634 2696 4689 satis
2717 4631 2840 4687 erit.
2863 4631 2937 4683 Dc
2966 4623 3103 4683 coelo
3124 4626 3422 4689 videamus,
3445 4621 3491 4676 si
3517 4616 3738 4671 velimus.

527 4733 714 4789 venire
740 4733 882 4788 nolle
906 4733 1201 4803 displicuit,
1226 4732 1594 4802 opinantibus,
1617 4729 1665 4785 si
1694 4729 1917 4784 omnino
1947 4729 2095 4782 infir-

532 4841 682 4880 mare
712 4823 896 4889 velles,
929 4834 980 4879 te
1018 4833 1283 4895 praesente
1331 4822 1503 4892 magis
1538 4820 1798 4875 infirmari
1834 4820 2090 4890 potuisse.

530 4917 635 4971 Sed
666 4917 791 4986 quia
827 4924 880 4971 te
924 4916 1176 4978 donante,
1221 4929 1439 4986 quoquo
1468 4915 1626 4968 modo
1659 4914 1898 4978 dederis,
1938 4928 2095 4982 paro-

530 5007 654 5060 chia
682 5005 804 5060 data
835 5013 942 5069 est,
975 5015 1029 5061 et
1058 5004 1240 5060 multis
1284 5003 1550 5073 religiosis
1597 5018 1660 5058 ac
1699 5001 2095 5058 venerabilibus

531 5099 666 5153 viris
696 5098 1168 5167 comprobantibus
1203 5097 1473 5152 ordinatio
1521 5094 1662 5150 facta
1699 5104 1802 5160 est,
1848 5093 2099 5164 quodque

2199 4730 2257 4786 lu
2304 4729 2390 4785 his
2435 4725 2686 4784 omnibus
2724 4718 3014 4792 temporale
3063 4718 3295 4781 lucrum,
3335 4710 3477 4783 quod
3525 4705 3739 4763 homines

2199 4818 2369 4888 magis
2391 4825 2630 4879 tuentur,
2659 4823 2713 4868 et
2739 4814 2915 4880 inquo
2942 4807 3096 4863 fama:
3124 4816 3225 4860 tuae
3253 4801 3460 4857 detrahi
3487 4793 3737 4888 formidas.

2199 4881 2317 4968 non
2339 4909 2686 4965 imminuetur
2719 4904 2832 4958 tibi.
2872 4900 3036 4956 Multo
3064 4899 3208 4951 enim
3240 4893 3470 4965 potiora,
3502 4897 3560 4941 ut
3583 4881 3736 4942 audio,

2199 5008 2361 5070 atque
2387 4999 2601 5054 utiliora
2641 4996 2753 5066 jam
2791 4992 3040 5057 reddidit,
3089 4999 3251 5058 atque
3302 4986 3465 5040 etiam
3497 4980 3736 5070 redderet.

2197 5100 2253 5147 et
2278 5069 2458 5147 adhuc
2485 5089 2710 5145 forsitan
2751 5087 2958 5150 reddet,
2995 5085 3041 5139 si
3083 5090 3290 5136 tantum
3341 5078 3394 5132 iu
3443 5069 3738 5130 audientiam
