3984 5316
161 225 304 280 “97

1162 215 1454 285 senatus
1487 225 1550 281 tv
1584 223 1782 279 rara.
1821 251 1892 263 —
1928 222 2209 281 norma
2251 225 2641 284 lilSTURlCA.

3295 232 3431 289 “98

158 357 248 395 mc
285 339 547 396 advocato
573 334 664 396 'ad
704 351 770 403 te,
808 341 1176 414 hujuscemodi
1214 357 1540 406 sermonem,
1584 337 1738 410 quasi
1765 335 1817 398 Α
1843 348 2027 410 gressu
2054 339 2279 408 justitia:
2308 344 2537 395 'cursum
2583 356 2865 410 peragere.
2920 341 3110 398 Errata
3147 346 3290 400 enim
3322 365 3430 401 non

155 430 466 500 praescires,
502 432 703 486 habere
744 433 957 501 coepisti
990 450 1002 485 :
1042 451 1059 483 ι
1101 432 1157 486 Si
1198 447 1288 486 rex
1318 433 1390 487 ibi
1428 433 1604 488 facere
1634 431 1742 486 velo

156 519 235 574 let
261 521 656 590 episcopatum,
687 522 841 577 facile
871 523 1020 576 illum
1056 523 1309 578 Ecclesia:
1337 534 1440 578 tua:
1467 523 1609 593 quod
1645 523 1740 576 tibi

153 611 345 667 utilius
377 625 521 667 esset
543 628 699 682 posse
731 615 986 682 tribuere,
1017 625 1068 672 te
1098 632 1320 686 parvum
1353 618 1475 671 inde
1504 616 1739 671 fructum

150 703 376 769 habere,
412 714 579 759 totam
627 706 768 759 illam
803 718 1000 761 terram
1044 723 1178 776 pene
1214 708 1402 762 silvam
1426 723 1566 774 esse,
1597 706 1742 762 Scia-

150 811 248 851 vos
292 797 364 852 ibi
407 798 673 862 habitare,
719 809 769 854 te
818 800 869 854 in
916 802 1002 855 illa
1031 802 1318 871 longinqua
1354 801 1432 855 vel
1466 817 1738 870 nunquam

146 887 235 939 vel
269 901 396 942 raro
425 887 654 942 venisse.
696 909 713 940 ι
748 889 933 944 Nonne
962 893 1074 946 lucc
1098 891 1150 944 in
1175 892 1317 946 hunc
1345 892 1565 947 modum
1596 891 1737 946 dicta

146 992 271 1031 esse
309 977 689 1034 recolis.°Cur
724 981 884 1035 modo
920 980 1132 1038 diflicile
1169 981 1384 1036 videtur
1414 983 1556 1051 quod
1612 992 1739 1036 tunc

143 1064 311 1121 facile
344 1067 519 1122 visum
558 1068 676 1122 est?
709 1069 848 1124 Ecce
872 1068 1006 1137 jam,
1042 1081 1100 1125 ut
1133 1072 1364 1136 confido,
1411 1086 1736 1142 cognoscere

145 1167 307 1228 potes
343 1175 429 1212 me
471 1160 564 1214 tibi
600 1161 794 1230 iujusta
837 1178 939 1218 non
973 1177 1282 1233 suggerere,
1316 1179 1413 1218 nec
1444 1164 1646 1217 hortari
1679 1172 1736 1217 ut

142 1247 266 1316 plus
300 1263 486 1318 regem
525 1249 714 1304 timeas
749 1267 908 1319 quam
957 1251 1150 1316 Deum,
1187 1254 1279 1308 sed
1313 1263 1371 1307 ut
1414 1253 1560 1306 illum
1611 1270 1736 1322 pro-

141 1346 267 1405 pter
322 1337 468 1392 hunc
510 1348 566 1394 et
599 1339 788 1407 diligas
831 1353 886 1395 et
931 1340 1211 1407 formides,
1261 1343 1590 1412 honestaque
1626 1359 1730 1396 non

141 1427 513 1498 prtecipienti,
567 1431 661 1485 sed
699 1431 1022 1502 supplicanti
1071 1449 1135 1488 ac
1183 1435 1481 1489 retribuere
1529 1434 1729 1488 volenti

139 1520 444 1586 concedas;
471 1521 746 1592 leviusque
781 1523 873 1578 tibi
898 1525 1002 1578 erit
1031 1525 1227 1594 partito
1257 1525 1307 1580 in
1335 1527 1499 1580 alium
1527 1542 1724 1593 onere;

139 1610 362 1669 facilius
403 1631 617 1685 quoque
651 1619 716 1672 de
744 1619 1090 1688 paucioribus
1118 1621 1403 1677 animabus
1433 1638 1732 1692 procuran-

138 1703 222 1760 dis
251 1705 522 1761 rationem
555 1707 668 1765 Deo
694 1709 919 1766 reddere
947 1713 1169 1780 poteris.

205 1794 361 1861 Quod
387 1795 430 1849 si
457 1796 631 1853 adhuc
652 1800 844 1854 cedere
865 1817 967 1856 non
997 1804 1091 1864 vis,
1113 1814 1165 1858 et
1188 1805 1310 1872 quia
1339 1805 1534 1875 legitur
1552 1806 1724 1860 Deum

136 1900 369 1954 regnare
395 1886 574 1944 facere
596 1891 935 1959 hypocritam
956 1904 1174 1964 propter
1196 1897 1604 1965 perversitatem
1626 1913 1724 1966 po-

133 1977 242 2042 puli
261 1977 392 2048 (Job
410 1995 598 2044 xxxrv,
613 1981 727 2050 '50),
747 1983 1110 2038 resistendum
1127 1997 1283 2053 putas
1305 1986 1406 2039 nisi
1440 1986 1621 2054 aliquo
1641 2004 1726 2040 ar-

134 2079 395 2131 gumento
425 2071 742 2138 subruatur,
768 2074 941 2128 dicam
963 2075 1082 2130 inde
1111 2076 1252 2143 quod
1275 2079 1470 2132 sentio.
1495 2081 1723 2148 Aposto-

135 2163 251 2228 lus,
281 2181 551 2236 organum
586 2167 782 2222 Christi
819 2169 1056 2223 inﬂatum
1087 2187 1113 2222 a
1143 2170 1346 2239 Spiritu
1381 2182 1586 2237 saneto,
1623 2172 1723 2226 fal-

137 2255 245 2311 lere
277 2274 622 2328 nequaquam
655 2271 850 2332 potest.
883 2261 1150 2333 Quidquid
1182 2275 1359 2331 sonat,
1391 2281 1577 2319 verum
1620 2275 1721 2330 est,

133 2349 226 2402 sed
262 2351 679 2419 intelligentiam
712 2356 925 2422 quaerit.
963 2353 1185 2421 Quoties
1227 2357 1475 2427 exigente
1519 2357 1723 2412 malitia

135 2447 320 2493 nostra
349 2457 378 2494 a
414 2451 682 2512 potestate
713 2457 944 2513 nequam
975 2447 1293 2514 premimur,
1324 2447 1585 2516 quidquid
1629 2463 1726 2500 no—

131 2529 215 2583 bis
249 2532 319 2584 ab
349 2546 412 2585 ea
459 2534 770 2602 prazcipitur
811 2536 952 2604 quod
994 2555 1024 2590 a
1071 2537 1174 2593 fide
1211 2553 1316 2591 non
1350 2539 1640 2593 abhorreat
1669 2549 1726 2593 et

131 2619 374 2689 religioni
400 2623 682 2678 catholica:
709 2641 812 2678 non
839 2627 1176 2693 adversetur,
1202 2629 1416 2683 videtur
1443 2631 1572 2685 mihi
1598 2646 1719 2686 esse

129 2705 459 2765 faciendum.
509 2713 672 2778 Dura,
710 2714 969 2780 difﬁcilia,
1021 2717 1250 2772 molesta
1299 2728 1622 2788 grassentur
1666 2723 1719 2776 in

128 2803 311 2868 nobis,
335 2807 634 2875 parendum
664 2816 766 2864 est.
796 2813 927 2874 Qua:
949 2812 1093 2865 enim
1119 2822 1261 2877 sunt,
1287 2833 1317 2868 a
1343 2815 1453 2869 Deo
1475 2816 1721 2870 ordinata

126 2907 263 2948 sunt.
297 2898 372 2951 lbi
409 2899 673 2968 culpanda
699 2912 782 2956 est
817 2903 1058 2973 pravitas
1091 2917 1300 2973 nostra,
1341 2926 1445 2962 non
1478 2911 1720 2966 ferientis

125 2983 357 3049 justitia.
392 2987 510 3043 Non
545 2991 686 3044 enim
721 2992 822 3047 nisi
861 2996 1218 3062 perversitate
1254 3008 1436 3053 nostra
1469 3011 1718 3071 regnaret

1849 441 1994 496 recto
2038 433 2196 486 ductu
2229 442 2540 499 occurrunt,
2578 433 2671 487 sed
2714 449 2778 487 ex
2819 443 3126 491 transverso
3173 445 3227 492 et
3274 439 3431 494 devio

1843 523 2136 584 venientia,
2165 539 2194 576 a
2228 533 2375 578 recto
2414 523 2632 578 tramite
2661 523 2930 594 depellere
2976 505 3178 580 volunt.
3219 529 3429 598 Quippe

1841 622 2022 666 errata
2065 629 2173 668 non
2205 623 2386 668 essent
2414 615 2514 670 nisi
2543 631 2572 668 a
2602 625 2748 670 recto
2773 616 2909 671 calle
2935 618 3238 674 deviarent.
3274 620 3428 676 Unde

1839 712 1893 757 et
1924 704 1976 757 in
2011 705 2264 774 operibus
2304 706 2527 775 justitize
2557 707 2901 775 praecipimur
2930 724 3105 778 neque
3137 711 3201 764 ad
3237 712 3426 766 dexte—

1840 810 1954 848 ram
1990 812 2163 864 ueque
2212 798 2278 850 ad
2317 787 2593 853 sinistram
2632 798 2924 854 declinare.
2957 799 3068 855 lloc
3105 801 3175 854 ita
3219 801 3426 856 descri-

1840 895 1950 952 pto,
1989 885 2042 937 in
2075 887 2158 941 his
2208 903 2329 956 qua:
2383 902 2413 942 a
2453 903 2578 959 rege
2617 889 2956 959 postulantur
2985 891 3120 944 nihil
3150 891 3422 959 invenies,

1840 983 1898 1026 ut
1927 989 2025 1044 ego
2065 990 2418 1046 cognoscam,
2464 979 2606 1046 quod
2658 978 2972 1048 religionem
3013 979 3175 1034 ltedat
3222 979 3308 1034 vel
3353 980 3425 1037 ad

1837 1064 2090 1119 delictum
2127 1067 2364 1131 inducat,
2401 1083 2585 1122 verum
2625 1071 2806 1123 omnia
2850 1069 3016 1124 divini
3041 1071 3221 1125 cultus
3251 1071 3421 1141 pieta-

1839 1163 1947 1208 tem
1981 1164 2252 1209 tueantur.
2279 1155 2389 1210 iloc
2411 1166 2464 1210 et
2493 1158 2606 1226 ipse
2636 1160 2688 1212 in
2717 1157 2921 1229 synodo
2946 1160 3256 1224 miserabili,
3283 1168 3420 1216 atta-

1837 1264 1958 1302 men
1989 1247 2260 1303 ldculenta
2301 1250 2546 1303 oratione
2576 1251 2916 1318 perstrinxit,
2947 1250 3094 1318 quia,
3123 1252 3166 1304 si
3198 1267 3256 1305 se
3279 1252 3420 1306 Deus

1836 1339 2076 1406 privaret
2108 1339 2283 1392 fructu
2326 1340 2530 1392 ventris
2573 1339 2654 1393 sui
2695 1348 2749 1392 et
2777 1339 3025 1396 hutnana.
3054 1342 3206 1410 prole
3233 1340 3417 1394 exhav-

1819 1428 2068 1494 ‘rcdaret,
2092 1445 2148 1483 se
2175 1429 2362 1493 Deum,
2396 1431 2439 1482 si
2482 1429 2818 1498 dignaretur,
2849 1429 3079 1490 libenlt‘t'.
3104 1423 3206 1484 §ibi
3247 1429 3422 1484 haere-

1833 1520 1954 1573 dem
1986 1519 2285 1583 facturum;
2333 1529 2388 1574 et
2435 1520 2502 1572 ad
2543 1521 2646 1574 hoc
2685 1519 2845 1574 nimis
2876 1519 3150 1574 Inuniliter
3175 1520 3415 1574 omnium

1835 1611 2179 1679 praesentium
2201 1610 2452 1679 suffragia
2483 1612 2673 1680 poscit.
2706 1609 2762 1665 Si
2787 1609 3118 1676 interfueris,
3141 1619 3198 1665 ut
3226 1613 3412 1682 propi-

1757 1683 1803 1744 B
1833 1703 1964 1756 tium
2006 1712 2058 1757 te
2086 1703 2279 1767 sentio,
2314 1703 2500 1773 procul
2538 1703 2698 1758 dubio
2731 1702 3095 1757 miserereris.
3129 1703 3294 1774 igitur
3322 1707 3420 1758 ml-

1829 1806 2021 1860 teseat,
2048 1813 2144 1852 oro
2166 1807 2236 1860 te,
2261 1797 2475 1852 animus
2508 1807 2660 1862 tuus;
2693 1797 2814 1850 laxa
2837 1798 3014 1852 sinum
3039 1796 3256 1866 pietatis
3288 1805 3416 1862 tuac,

1829 1903 1988 1956 parce
2015 1888 2129 1950 tibi,
2157 1889 2415 1941 miserere
2445 1896 2656 1941 tuorum
2687 1887 2784 1957 (5).
2807 1887 2960 1954 Quod
2987 1888 3283 1958 hypocrita:
3304 1889 3415 1958 regi

1829 1977 2007 2032 facere
2036 1977 2321 2043 debueras,
2351 1977 2437 2033 fac
2473 1977 2598 2032 huic
2631 1977 2942 2047 religionem
2975 1979 3259 2033 astruenti.
3302 1979 3415 2032 llo-

1827 2078 1978 2125 nesta
2018 2069 2278 2138 postulat,
2305 2071 2492 2124 eadem
2527 2069 2662 2123 satis
2694 2079 2748 2123 ct
2783 2084 2945 2137 super
2985 2070 3288 2124 retribuere
3319 2083 3415 2137 pa-

1826 2171 1929 2214 rat.
1965 2159 2021 2214 Si
2050 2160 2177 2229 quid
2210 2161 2465 2216 Ecclesia:
2495 2170 2601 2213 tua:
2631 2159 2930 2229 corporalis
2953 2158 3110 2228 spatii
3143 2157 3414 2213 subtrahi-

1832 2259 1949 2315 tur,
2014 2253 2116 2307 hoc
2170 2252 2313 2306 idem
2372 2252 2634 2322 spirituali
2690 2251 3046 2306 mdifieatione
3099 2250 3411 2322 suppletur;

1827 2344 2108 2413 multoque
2165 2319 2480 2409 honoratior
2543 2345 2646 2422 erit
2692 2345 2916 2398 fecunda
2970 2345 3021 2398 in
3077 2319 3431 2412 filiaiﬁuatn.

1825 2436 2044 2489 omnino
2063 2434 2266 2504 absque
2287 2435 2469 2490 liberis
2483 2435 2684 2489 sterilis
2700 2443 3005 2488 remaneret
3026 2442 3078 2488 et
3100 2433 3408 2487 infecunda.

1824 2525 1995 2581 Aufer
2031 2527 2332 2595 rubiginem
2360 2541 2388 2578 a
2427 2527 2610 2588 corde,
2643 2524 2872 2578 hilarem
2901 2532 2954 2577 te
2985 2524 3051 2576 ad
3086 2523 3198 2576 haec
3227 2522 3410 2578 omnia

1826 2615 2078 2684 deinceps
2101 2617 2347 2671 ostende.
2380 2615 2496 2669 Non
2528 2615 2708 2669 veniet
2742 2629 2863 2670 sero
2890 2629 3051 2683 quem
3084 2612 3227 2667 Deus
3257 2613 3412 2682 adju-

1824 2719 1954 2758 vare
1998 2704 2129 2759 vult.
2164 2705 2321 2760 Unde
2351 2705 2512 2760 modo
2545 2704 2796 2768 tristaris,
2833 2703 3062 2757 decursa
3101 2701 3204 2756 ista
3238 2710 3410 2756 tenta-

1824 2795 1973 2850 tione
1999 2795 2110 2853 Deo
2148 2797 2381 2866 propitio
2411 2796 2638 2850 multum
2677 2796 2802 2850 inde
2834 2794 3121 2849 laetaberis.
3157 2792 3410 2847 Tentatio

1823 2895 1906 2940 est
1937 2887 2046 2940 vita
2085 2887 2318 2942 humana
2369 2903 2533 2956 super
2571 2895 2794 2941 terram.
2835 2885 2953 2939 Non
3005 2893 3089 2938 est
3119 2884 3284 2938 homo
3317 2883 3410 2950 qui

1822 2994 1928 3032 non
1974 2979 2124 3033 bibat
2173 2979 2240 3034 de
2282 2980 2452 3034 calice
2496 2981 2619 3033 isto.
2664 2977 2960 3033 Convertat
3019 2977 3162 3030 Deus
3205 2975 3407 3028 luctum

124 3071 430 3140 hypocrita.
467 3077 522 3130 Si
565 3082 780 3148 quando
809 3055 936 3137 vero
976 3083 1280 3152 hujusmodi
1316 3055 1578 3157 aliquidua
1615 3106 1712 3159 po-
1743 3055 1784 3112 C
1821 3079 1970 3125 ίυυιη
2007 3072 2060 3125 Ῐ¹¹
2098 3071 2372 3141 ςιιιιάῖυηι-
2407 3070 2580 3124 Nimis
2606 3077 2866 3140 θυῧυειον
2889 3067 3032 3138 (ιυοά
3066 3077 3173 3159 “im
3201 3064 3404 3159 dmin“!

125 3172 316 3220 testate
341 3167 430 3221 illa
461 3170 614 3224 nobis
647 3171 960 3243 injungatur
983 3180 1125 3247 quod
1150 3180 1232 3234 vel
1263 3181 1572 3250 religionem
1597 3183 1713 3238 vul-

123 3266 294 3322 uerct,
332 3262 415 3314 \cl
454 3262 520 3316 ad
553 3275 832 3330 peceatum
875 3279 1084 3339 vergat,
1130 3271 1301 3328 libere
1351 3275 1744 3330 rcsistendum'

121 3361 342 3417 censeo;
385 3356 635 3422 (ptatnvis
675 3358 774 3412 hoc
812 3375 916 3414 non
952 3364 1191 3433 proprie,
1235 3368 1328 3421 sed
1362 3368 1605 3431 abusive,
1632 3369 1711 3422 di-

119 3437 274 3494 ca'ur
307 3445 566 3512 resistere,
613 3461 794 3504 errata
847 3453 1136 3519 declinare,
1191 3467 1245 3513 ct
1295 3469 1444 3513 recto
1502 3461 1711 3515 ίῑῖηοτῖδ

184 3593 260 3658 (δ)
304 3597 395 3676 Sic
421 3614 585 3676 prope
623 3604 780 3676 apud
800 3603 1076 3676 Virgilium
1121 3608 1362 3676 (.leueiil.
1397 3609 1473 3676 xi)
1509 3611 1682 3662 Dran-

116 3678 226 3726 (05,
267 3667 330 3721 ad
360 3669 514 3735 cujus
544 3667 706 3726 verba
733 3667 921 3730 alludit
972 3676 1059 3729 hic
1109 3667 1402 3742 Arnoldus,
1437 3667 1493 3734 ut
1532 3681 1690 3750 paulo

1817 3170 1900 3216 est
1931 3163 2072 3231 quod
2105 3170 2158 3217 te
2187 3176 2286 3216 nec
2322 3161 2587 3217 audierim
2626 3177 2728 3216 nec
2766 3160 3016 3214 viderim.
3051 3158 3174 3213 ideo
3214 3157 3404 3211 vellem

1819 3254 2021 3324 aliquid
2060 3254 2250 3308 audire
2299 3262 2534 3316 tuorum,
2585 3251 2698 3306 sive
2744 3265 2840 3320 per
2874 3249 3111 3312 litteras,
3157 3247 3270 3300 sive
3307 3261 3406 3316 per

1817 3348 2000 3399 vivam
2031 3361 2246 3400 vocem.
2280 3345 2385 3399 Sed
2415 3343 2485 3397 sit
2514 3343 2775 3396 arbitratu
2809 3349 2917 3394 ttto.
2955 3339 3102 3394 Satis
3143 3351 3408 3406 operosus

1813 3454 1891 3502 es,
1927 3454 2033 3492 non
2063 3438 2235 3492 audeo
2269 3436 2440 3504 magis
2469 3443 2521 3488 te
2552 3434 2877 3504 defatigarc.

1791 3611 2044 3680 superius
2071 3610 2146 3662 'azl
2181 3610 2349 3663 Turni
2411 3607 2714 3662 orationem
2767 3604 2959 3658 Dranci
2997 3600 3402 3670 respondentis.

1800 3679 1896 3735 Ε).
1934 3679 2178 3762 Pariter.

159 3814 1956 3852 π

1439 3916 1606 3958 ΔΝΝΟ
1644 3915 1875 3957 DOMINI
1920 3915 2091 3957 MK".

627 4033 924 4192 SE
953 4037 1672 4202 RGIUS

1813 4038 2064 4199 IV
2198 4036 2874 4202 PAPA.

1097 4392 1631 4499 NOTITIA
1693 4391 2421 4501 HISTORICA.

846 4551 1200 4620 (Cucoxxus,
1263 4555 1340 4610 De
1401 4556 1534 4613 Vilis
1587 4559 1955 4614 Romanorum
2013 4560 2318 4630 pontiﬁcum
2345 4599 2360 4626 ,
2399 4576 2452 4630 p.
2489 4558 2653 4631 284.)

1699 4681 1918 4696 ,—

177 4735 391 4829 βξγεῑυβ
413 4743 682 4829 IVLPclri
716 4748 928 4803 Martini
959 4751 1130 4829 filius,
1163 4753 1439 4812 Romanus
1464 4800 1477 4820 ,
1512 4758 1686 4816 Bucca

1827 4774 2011 4817 nterea
2036 4775 2164 4815 vero
2187 4761 2305 4828 ejus
2337 4761 2564 4815 consilio
2608 4769 2661 4813 et
2697 4761 3088 4816 monitionibus
3121 4744 3402 4829 principes

112 4816 440 4894 autetiam-ea
467 4817 669 4894 dicltts_,_
693 4835 755 4872 ex
786 4831 966 4875 castro
991 4816 1172 4888 Ltlnzc,
1203 4816 1499 4883 monachus
1530 4846 1686 4888 antea

110 4870 482 4966 Echedictinqs
512 4927 532 4966 ,_
560 4889 697 4966 sedit
727 4906 896 4966 annos
926 4907 998 4958 ιι,
1031 4870 1241 4949 menses

110 4957 314 5032 creatus
336 4968 402 5032 av
435 4955 555 5009 Kal.
590 4957 944 5026 Septembris,
975 4955 1114 5018 anno
1142 4966 1299 5019 1009.
1336 4955 1428 5021 Vir
1451 4955 1686 5032 sanctis:

443 5067 458 5113 τ
504 5037 777 5106 gratisque
817 5036 1251 5113 t‘t)t_tSltleltttli‘_tti-S.
1278 5048 1328 5113 et
1360 5050 1484 5094 ante
1513 5027 1692 5113 ρᾇιῇ-

383 5081 463 5185 :ct
504 5081 578 5176 ‘in.

380 5163 432 5247 in
462 5147 677 5223 auticors
704 5180 757 5225 et
781 5147 1390 5241 Ifamiliaresjucuhduls,

103 5233 619 5316 illff‘t'llc'sﬁletnens,
675 5242 742 5316 in_
772 5233 1118 5316 contumaces
1166 5233 1449 5301 modestus.

1800 4833 1966 4886 italia:
2015 4832 2583 4900 compositoifmdere
2635 4829 2864 4883 consilia
2920 4831 3107 4885 ineunt
3165 4829 3406 4895 pellendi

1801 4898 2194 4959 Sarracenos’a
2229 4899 2413 4956 Sicilia
2447 4898 2642 4959 insula,
2667 4914 2831 4966 quam
2867 4914 2968 4965 per
2999 4899 3196 4954 multos
3225 4913 3408 4952 annos

1799 4975 2146 5029 detinuerant
2172 5012 2187 5038 ,
2252 4972 2418 5039 idque
2446 4969 2624 5023 moliri
2659 4967 2884 5036 paribus
2922 4969 3121 5024 animis
3157 4977 3211 5021 et
3242 4971 3421 5035 cepiis

1799 5054 2117 5099 instituunt.

1869 5114 2060 5171 Annus
2093 5112 2228 5168 lOlO
2260 5106 2424 5163 nobili
2463 5105 2908 5175 Ungarorumad
2958 5111 3116 5165 fidem
3149 5105 3423 5160 Chrislta.

1799 5200 1919 5236 nam
1951 5185 2316 5242 conversione
2346 5174 2662 5244 nobilitatus
2689 5184 2791 5231 eis.
2821 5174 3013 5244 Ipsum
3040 5177 3299 5244 facienda?
3334 5180 3417 5231 rei

1798 5253 2012 5311 initium
2042 5257 2113 5311 ab
2146 5255 2262 5316 ipso
2299 5243 2424 5313 rege
2453 5256 2536 5301 est
2561 5247 2782 5299 ductum
2802 5285 2817 5307 ,
2851 5243 2952 5316 Qui
2982 5267 3101 5306 cum
3123 5243 3381 5300 .Giselam
3412 5289 3426 5310 ,
