3984 5316
239 253 363 312 1501

1433 261 1792 320 ΕΡΙΞΤΟΕΕ
1833 263 1922 320 ΕΤ
1959 263 2347 323 DIPLOMATA
2359 307 2373 320 .

3358 272 3500 328 151ιᾶ

239 370 347 433 act“,
395 367 684 439 reperitur,
717 378 880 441 atque
925 373 1195 441 quomodo
1240 373 1350 443 Ipse
1399 372 1677 446 Sylvester
1718 377 1818 445 pia:
1847 378 1892 434 Α
1919 377 2242 434 clesiasticae
2289 379 2607 438 stecularive
2657 397 2906 453 personae
2955 383 3186 440 facultas
3245 386 3315 440 sit
3364 387 3506 442 idem

240 461 509 516 memoriae
574 461 830 516 Romanae
893 463 1152 518 Ecclesia:
1207 465 1403 532 pnesul
1471 466 1817 534 deprecasset

239 552 521 608 llenricum
541 595 557 618 ,
582 555 672 626 qui
705 572 770 609 co
808 564 1052 625 tempore
1082 557 1331 611 ducatmn
1379 560 1593 612 tenebat
1622 556 1818 611 Baina-

240 647 461 709 riorutn,
492 657 551 701 ut
583 650 949 715 supradicttnn
978 652 1346 720 patriartbam
1381 662 1622 706 moneret
1657 663 1716 706 ut
1749 655 1818 708 ab

241 735 581 792 i‘nl‘estatione
615 752 813 794 sanctm
853 742 1163 796 Parentium
1209 743 1467 797 EtClt‘sltl}
1516 746 1814 798 recederet.

239 831 384 898 Quod
417 842 746 887 memoratus
780 834 1041 889 Henricus
1073 836 1257 889 facere
1288 852 1392 889 non
1432 837 1636 904 potuit.
1667 851 1820 889 cum-

240 940 340 992 que
367 925 435 978 ad
468 941 526 979 se
573 940 766 979 vocare
797 925 954 990 fecit,
1002 927 1093 980 sed
1143 939 1381 995 ten-pore
1408 929 1636 982 distulit.
1666 928 1818 983 Unde

239 1015 350 1084 ipse
397 1015 670 1084 Sylvestcr
716 1032 850 1086 papa
893 1016 992 1085 pizn
1043 1019 1315 1073 memoria:
1360 1030 1689 1087 protestatus
1735 1030 1818 1074 est

239 1123 504 1161 canonum
553 1107 722 1162 libros
751 1118 912 1177 atque
943 1109 1152 1179 legum,
1189 1111 1240 1162 in
1286 1112 1481 1178 quibus
1525 1123 1819 1180 praisvntcs

239 1197 501 1267 capitulns
552 1200 780 1268 reperit,
811 1201 913 1256 boc
943 1211 1025 1256 est
1073 1202 1123 1255 in
1159 1204 1532 1270 octuagesimo
1584 1205 1818 1273 septimo

238 1288 391 1341 titulo
420 1289 658 1344 Africani
687 1293 902 1346 concilii
933 1310 946 1347 :
985 1311 1002 1343 ι
1037 1292 1216 1348 Placet
1250 1301 1307 1347 ιιι
1351 1295 1658 1364 quicunque
1704 1294 1820 1362 cpi-

239 1379 382 1448 scopi
414 1379 598 1452 plebes
625 1397 762 1452 quas
794 1383 859 1436 ad
892 1398 1042 1437 suam
1073 1384 1320 1438 cathedr.
1349 1385 1661 1438 existimant
1701 1399 1822 1452 pcr-

239 1470 430 1534 tinere,
454 1487 558 1527 non
583 1473 656 1527 ita
688 1483 937 1543 repetant
976 1485 1031 1527 ut
1073 1489 1267 1530 causas
1300 1491 1426 1529 snas
1448 1473 1820 1540 jndicantihus

237 1565 504 1635 episcopis
531 1575 724 1637 agant,
775 1569 867 1622 sed
891 1567 1000 1621 alio
1036 1568 1315 1623 remittere
1349 1568 1678 1631 meruerint,
1707 1567 1820 1621 sive

237 1659 540 1716 volentibus
565 1662 682 1716 sine
709 1677 811 1716 non
844 1662 1146 1717 volentibus
1173 1660 1814 1732 plebibusdetrimentum

237 1749 538 1821 patiantur.
565 1770 583 1798 ο
609 1749 687 1804 Ex
717 1752 985 1805 mundana
1013 1752 1176 1808 etiam
1206 1751 1320 1819 lege
1350 1751 1450 1804 hoc
1473 1760 1620 1804 recte
1648 1749 1826 1804 facere

239 1853 397 1907 posse
427 1841 697 1908 cognovit.
731 1841 862 1894 Nam
901 1857 1022 1895 cum
1060 1842 1127 1896 de
1167 1843 1267 1898 hoc
1291 1841 1628 1898 Justinianus
1655 1841 1824 1912 impc-

234 1941 382 1986 rator
414 1932 466 1986 in
495 1941 688 1988 octavo
719 1933 858 1987 libro
887 1931 1293 1988 lnstitutionunt
1324 1952 1336 1987 :
1370 1952 1388 1984 ι
1419 1933 1473 1987 Si
1503 1934 1624 2002 quis
1659 1948 1826 1986 ausus

234 2020 510 2092 prepriam
542 2036 654 2076 rem
681 2025 966 2092 occupavit
994 2039 1008 2076 :
1033 2024 1079 2078 si
1107 2039 1206 2078 sua
1228 2034 1332 2086 est,
1361 2025 1603 2086 amittat;
1631 2025 1673 2077 si
1697 2023 1826 2078 alie-

234 2127 324 2176 na,
369 2109 546 2180 ipsam
587 2111 997 2166 aestimationem
1050 2112 1125 2166 rei
1162 2114 1368 2167 reddat.
1400 2133 1417 2164 ι
1447 2113 1651 2168 Idcirco
1680 2123 1825 2167 tanta

231 2202 555 2258 auctoritate
580 2211 888 2257 sanctorum
916 2203 1136 2258 Patrum
1163 2214 1326 2275 atque
1355 2205 1532 2274 legum
1556 2204 1823 2268 sutl‘ultns,

233 2291 573 2363 privilegium
630 2292 722 2346 tibi
775 2292 954 2349 facere
1004 2296 1289 2366 prmcepit,
1342 2304 1395 2348 et
1443 2311 1562 2349 cum
1604 2306 1827 2365 paterae

235 2382 415 2438 valere
435 2383 858 2438 commendavit.
881 2385 988 2438 lloc
1014 2400 1115 2456 ego
1141 2401 1493 2456 cognoscens,
1518 2388 1824 2458 supradicta

236 2476 378 2537 loca,
415 2475 470 2530 id
518 2485 601 2531 est
649 2475 843 2530 Ruvini
898 2479 1184 2546 parochia,
1219 2487 1274 2532 et
1322 2480 1427 2533 duo
1480 2478 1738 2542 castella,
1772 2487 1828 2532 ct

235 2569 424 2634 vallis,
484 2569 747 2640 privilegii
797 2571 1048 2642 paginam
1097 2571 1214 2637 tibi,
1259 2581 1335 2635 et,
1380 2574 1517 2625 sicut
1550 2570 1826 2640 Sylvcstcr

234 2661 606 2731 praedecessor
632 2671 817 2714 noster
841 2660 1217 2728 conﬁrmavit,
1250 2661 1544 2725 conﬁrmo,
1577 2671 1740 2730 atque
1772 2662 1823 2715 in

233 2759 500 2805 aeternum
531 2750 709 2806 valere
757 2753 1031 2823 praccipio.
1072 2753 1226 2820 Quod
1276 2755 1321 2809 si
1370 2754 1564 2823 aliquis
1595 2755 1824 2822 patriar-

235 2844 366 2909 cha,
407 2851 504 2898 aut
553 2845 869 2912 cpiscopus,
915 2844 1000 2898 vel
1036 2845 1289 2913 quaelibet
1328 2861 1516 2915 magna
1554 2859 1826 2916 parvaque

232 2951 471 3006 persona
504 2935 800 2999 contraire,
829 2935 910 2990 vel
937 2941 1058 2989 tuos
1089 2949 1436 2991 successores
1462 2936 1600 2991 ultra
1632 2938 1697 2991 de
1738 2952 1826 2992 sn-

232 3025 501 3097 pradictis
523 3024 655 3079 locis
682 3024 915 3091 aliquam
948 3024 1449 3081 inconsuetudinem
1483 3025 1663 3082 facere
1689 3042 1826 3097 prae-

231 3114 555 3184 pnmpscrit,
583 3112 653 3169 sit
681 3115 859 3169 fossus
887 3115 1066 3184 gladio
1094 3116 1195 3170 mei
1229 3117 1604 3176 anathematis.
1626 3126 1698 3182 et,
1717 3116 1821 3172 nisi

228 3202 340 3259 cito
369 3203 686 3275 resipuerit,
712 3218 832 3256 cum
865 3200 1001 3257 Juda
1031 3204 1238 3258 Domini
1275 3205 1379 3259 mei
1410 3207 1672 3261 traditore
1700 3222 1824 3276 per-

225 3296 534 3370 pelualiter
561 3305 760 3366 gemat.

295 3388 585 3458 Scriptum
616 3404 714 3460 per
753 3405 944 3443 manus
983 3390 1256 3446 Benedicti
1293 3391 1466 3461 gratia
1501 3391 1592 3445 Dei
1629 3393 1824 3446 notarii

230 3481 536 3554 regionarii
569 3492 624 3536 et
645 3483 887 3537 scrinarii
926 3483 983 3540 S.
1025 3485 1279 3540 liomanm
1320 3484 1605 3550 Ecclesire,
1650 3500 1832 3541 mense

232 3573 433 3632 Martio
476 3574 589 3626 ind.
613 3584 824 3634 octava.

303 3665 454 3724 Bene
489 3663 683 3722 valete.

1011 3779 1072 3833 ll.

233 3867 418 3940 Sergii
467 3867 578 3934 IV,
621 3887 780 3941 papa’
832 3869 1053 3934 linem,
1100 3869 1287 3941 quibus
1345 3867 1577 3922 Vediauo
1625 3870 1832 3924 cuidam

334 3939 578 3994 castrum
607 3939 888 3994 Scuriense
915 3942 1068 3994 titulo
1102 3939 1447 4010 ὲιιιριιῃιειιδὶδ
1483 3941 1738 3992 concedit.

853 4033 1049 4103 (Anno
1081 4033 1272 4103 1010.)

539 4125 876 4198 [Μυιιιιτοιιῃ
904 4124 1254 4196 Antiq.ltal.,
1300 4123 1353 4184 l.
1399 4121 1550 4195 9-51.]

309 4237 556 4293 Sanctus
581 4237 864 4306 episcopus
887 4277 900 4301 ,
933 4252 1121 4290 servus
1161 4250 1436 4288 servorum
1474 4235 1568 4288 Dei
1597 4275 1610 4296 ,
1647 4233 1841 4288 dilecto

234 4330 354 4392 (ilio
380 4328 668 4391 VEDIANO,
717 4327 1024 4382 Scuricnsis
1054 4327 1215 4382 castri
1247 4326 1494 4391 domino,
1529 4324 1754 4381 salutem
1788 4335 1842 4381 et

235 4420 604 4491 apostolicam
633 4417 1085 4471 benedictionem.

310 4508 673 4565 Manifestum
699 4517 782 4562 est
812 4517 1048 4562 castrum
1080 4507 1221 4577 quod
1255 4507 1452 4561 Scnria
1478 4508 1676 4562 dicitur
1703 4517 1840 4561 tem-

235 4600 474 4671 poribus
505 4598 680 4651 beataa
727 4597 999 4652 memoriae
1028 4597 1444 4668 prmdcccssoris
1488 4598 1657 4651 nostri
1693 4612 1843 4666 papae

1921 478 2159 524 castrum
2211 473 2477 537 minuere,
2528 472 2787 529 infestare
2837 477 2922 530 vel
2968 477 3081 532 suis
3103 478 3291 533 usibus
3335 479 3510 532 vindi-

1920 572 2068 622 care,
2093 561 2188 615 sed
2219 561 2462 634 quietum
2495 564 2612 626 tibi,
2657 565 2796 619 sicut
2817 581 2847 618 a
2873 565 3026 619 nobis
3061 581 3375 620 concessum
3401 577 3504 631 est,

1919 657 1974 702 et
2018 649 2286 716 integrum
2327 661 2699 707 conservetur.
2759 654 2814 708 Si
2874 671 2979 723 qua
3041 655 3206 726 igitur
3249 656 3506 710 ecclesia-

1919 739 2050 792 stica
2115 741 2458 797 smcnlarisve
2531 757 2763 810 persona
2833 754 3068 807 temere,
3119 745 3262 815 quod
3322 743 3497 799 absit!

1919 829 2180 885 adversus
2221 832 2317 887 ista
2349 836 2782 900 prmsnmpscrit,
2829 839 3064 888 secundo
3099 837 3324 889 tertiove
3351 851 3505 888 com-

1918 923 2119 974 monita
2169 924 2212 975 si
2258 941 2359 975 non
2405 925 2770 979 satisfactione
2812 942 3047 994 congrua
3103 928 3504 992 emendaverit,

1928 1012 2154 1066 honoris
2182 1022 2235 1066 et
2264 1013 2419 1068 ollicii
2446 1017 2525 1068 sui
2558 1015 2852 1084 periculum
2891 1017 3145 1085 patiatur.
3177 1027 3269 1069 aut
3292 1031 3508 1069 excom-

1922 1104 2304 1157 municationis
2336 1105 2536 1158 ultione
2563 1107 2845 1173 plectatur.
2876 1106 2975 1172 Qui
3008 1121 3135 1158 vero
3159 1116 3510 1160 conservator

1920 1193 2222 1258 exstiterit,
2276 1195 2664 1262 omnipotentis
2723 1197 2813 1249 Dei
2864 1204 2918 1250 et
2969 1195 3330 1264 apostolorum
3392 1194 3509 1262 ejus

1922 1283 2068 1338 Petri
2105 1294 2160 1339 et
2209 1285 2360 1340 Pauli
2409 1288 2635 1356 gratiam
2670 1288 3094 1342 misericorditer
3124 1297 3506 1357 consequatur.

1993 1375 2102 1442 Ego
2133 1375 2357 1446 Sergius
2381 1377 2662 1432 catholicae
2688 1378 2939 1432 Ecclesiae
2970 1379 3272 1445 cpiscopus.

1993 1467 2186 1521 Datum
2213 1467 2464 1523 Laterani
2489 1484 2584 1538 per
2611 1485 2828 1524 manum
2869 1470 3113 1538 Gregorii
3152 1477 3351 1522 sanctae
3394 1465 3506 1520 Ro-

1923 1573 2097 1613 manae
2134 1559 2390 1615 Ecclesia:
2423 1561 2718 1616 cardinalis
2760 1561 3096 1630 presbyteri,
3141 1575 3200 1612 ιιι
3243 1556 3512 1611 Kalendas

1922 1649 2150 1714 Aprilis,
2189 1651 2484 1707 Dominicze
2511 1651 2903 1708 lncarnationis
2929 1667 3071 1706 anno
3099 1649 3384 1704 millesimo
3411 1649 3504 1702 de-

1861 1725 1901 1782 Β
1933 1743 2096 1812 cimo,
2131 1745 2428 1800 indictione
2450 1759 2568 1798 vnt.

2685 1833 2770 1889 lll.

1932 1929 2152 1998 Sergius
2176 1925 2260 1983 IV
2291 1927 2570 1996 confirmat
2612 1927 2972 1998 {undatiouem
3015 1923 3333 1998 parochiam
3355 1920 3518 1976 eccle-

2001 1995 2094 2054 δῖιε
2125 1999 2309 2054 Sancti
2362 1995 2637 2050 Michaelis
2669 1998 2810 2064 apud
2858 1995 3295 2064 Nouantulnnum
3346 2006 3519 2064 creua-

2002 2071 2142 2123 bium
2176 2072 2229 2122 in
2266 2084 2393 2136 agro
2423 2062 2745 2132 Mutinensi,
2771 2069 2968 2134 factum
3002 2083 3032 2119 a
3065 2062 3337 2135 Rodulplto
3377 2062 3517 2131 ejus-

2000 2141 2117 2195 dem
2142 2139 2362 2194 cwnobii
2389 2138 2594 2192 abbate.

2533 2229 2714 2300 (Anno
2740 2228 2920 2300 tOll.)

2230 2321 2541 2394 [Hannoni
2562 2362 2576 2386 ,
2603 2321 2782 2391 Antiq.
2813 2319 2966 2384 ltal.,
2991 2317 3057 2384 ν,
3087 2317 3240 2389 541.)
3285 2350 3354 2405 ολ

2001 2411 2234 2467 Sanetus
2265 2413 2568 2481 cpiscopus,
2606 2425 2796 2464 servus
2820 2424 3100 2464 servorum
3132 2407 3248 2461 Dei.

1999 2506 2344 2576 Apostolatns
2393 2504 2561 2557 nostri
2611 2513 2692 2557 est
2733 2503 3042 2572 proprium,
3071 2498 3284 2568 quoties
3323 2497 3368 2551 si
3409 2511 3517 2565 qua

1927 2603 2111 2650 sancta
2141 2593 2384 2648 Ecclesia
2415 2593 2670 2660 adjutorii
2705 2591 2907 2660 aliquid
2933 2605 3026 2643 seu
3055 2586 3519 2642 corroborationis

1929 2690 2088 2741 abeo
2133 2684 2470 2756 poposcerit,
2506 2682 2667 2737 toties
2717 2698 2841 2736 cum
2876 2680 3021 2736 omni
3067 2677 3350 2732 alacritate
3399 2689 3520 2730 sese

1930 2781 2250 2849 impetrasse
2300 2775 2656 2845 congaudent.
2683 2773 2750 2826 Et
2796 2789 2864 2826 ne
2921 2772 3095 2840 aliqua
3143 2768 3512 2837 improborum

1929 2867 2216 2929 calliditas,
2250 2863 2364 2918 sive
2394 2861 2828 2916 adversariorum
2856 2871 3054 2914 sancta:
3079 2855 3333 2912 Ecclesiae
3368 2865 3521 2908 astu-

1934 2959 2005 3012 tia
2031 2958 2084 3013 in
2107 2965 2382 3026 posterum
2413 2953 2589 3009 eidem
2617 2951 2816 3006 addere
2849 2956 3142 3020 prmsumat
3169 2943 3521 3008 calumniam,

1932 3063 2034 3102 non
2091 3046 2264 3102 solum
2309 3044 2489 3108 dictis,
2524 3041 2619 3098 sed
2666 3041 2834 3096 etiam
2897 3037 3139 3108 scriptis,
3185 3032 3454 3106 quidquid
3495 3046 3524 3082 a

1932 3139 2088 3194 nobis
2120 3137 2220 3193 sibi
2252 3151 2569 3191 concessum
2599 3132 2800 3197 fuerit,
2848 3130 2901 3185 in
2945 3136 3264 3199 perpetuum
3316 3122 3519 3178 contir-

1930 3242 2084 3282 mare
2149 3226 2371 3295 dignum
2431 3223 2704 3279 duximus.
2763 3221 3107 3290 Quapmpter
3168 3223 3356 3272 notum
3414 3211 3528 3266 fore

1929 3319 2178 3371 volumus
2249 3315 2506 3371 omnibus
2585 3313 2908 3368 Christianis
2985 3310 3232 3364 lidclibns
3297 3304 3531 3362 uualiter

1931 3410 2196 3465 Rudult‘us
2258 3407 2584 3464 venerabilis
2631 3406 2799 3461 abbas
2853 3404 3096 3460 ecclesia:
3151 3409 3350 3456 sanctae
3425 3397 3532 3452 No-

1933 3501 2269 3557 nantnlensis
2290 3540 2304 3564 ,
2342 3513 2448 3552 una
2475 3514 2597 3553 cmn
2627 3499 2774 3552 omni
2823 3494 3244 3565 congregatione
3295 3490 3529 3544 fratrum

1934 3592 2206 3646 seniorum
2254 3589 2677 3651 monachorum,
2710 3594 2840 3639 nutu
2885 3584 3066 3638 divino
3096 3590 3150 3638 et
3178 3580 3529 3650 instigatione

1935 3681 2170 3752 Spiritus
2189 3681 2383 3744 sancti,
2400 3679 2489 3749 qui
2514 3686 2744 3740 mentes,
2769 3690 2904 3744 quas
2928 3674 3237 3744 repleverit,
3265 3672 3329 3725 ad
3355 3670 3532 3724 omni-

1936 3770 2172 3841 potentis
2197 3767 2290 3822 Dei
2317 3767 2658 3834 obsequium,
2676 3766 3026 3834 ejusdemque
3049 3761 3295 3831 Sponste,
3320 3760 3530 3814 scilicet

1937 3873 2134 3918 sancta:
2165 3861 2437 3925 Ecclesiae,
2470 3857 2812 3913 inctl‘abiliter
2838 3855 3108 3921 accendit,
3135 3853 3526 3924 przedicatione

1937 3970 2150 4026 quoque.
2184 3953 2416 4007 tidelimn
2446 3950 2826 4022 prazdictornm
2860 3948 3087 4002 fratrum
3113 3947 3289 4017 coegit
3317 3945 3532 3999 habita-

1945 4059 2089 4101 tores
2125 4057 2288 4115 atquc
2321 4045 2434 4113 agri
2483 4043 2852 4112 cultoresjam
2899 4039 3138 4110 prmfata:
3172 4037 3403 4093 abbatize
3439 4050 3536 4088 no-

1940 4154 2178 4196 ωηιξη...
2212 4137 2502 4207 parcecbite
2537 4135 2776 4190 decimas
2805 4134 2912 4187 Deo
2957 4133 3114 4192 dare.
3145 4131 3234 4199 qui
3267 4130 3531 4184 hactenus

1947 4246 2114 4301 usque
2149 4243 2331 4284 rerum
2378 4242 2600 4282 suarum
2641 4227 2881 4280 decimas
2916 4225 3025 4278 Deo
3061 4223 3282 4278 minime
3332 4220 3534 4274 tribue-

1947 4323 2076 4377 bant
2108 4341 2121 4376 :
2162 4319 2304 4385 Ω...
2325 4333 2533 4374 ..ιιιιιιιι
2583 4314 2760 4369 scelus
2810 4312 3243 4375 arbitrabantur,
3289 4323 3354 4364 eo
3385 4307 3526 4376 quod

1877 4437 1920 4490 Β
1950 4412 2001 4464 in
2030 4410 2211 4466 Veteri
2245 4424 2307 4462 ac
2334 4406 2482 4462 Novo
2523 4405 2875 4459 Testamento
2913 4418 3175 4472 praecep..
3198 4440 3244 4456 ..
3270 4444 3277 4452 .
3299 4439 3312 4454 .
3343 4398 3532 4452 memi-

1949 4511 2141 4556 nerant
2187 4515 2292 4556 non
2347 4497 2675 4552 solum.....
2711 4495 2817 4550 Deo
2852 4493 3103 4549 conferre
3144 4491 3384 4546 decimas
3422 4489 3534 4542 die-

1947 4610 2086 4646 runt.
2113 4592 2194 4645 Ad
2227 4605 2455 4659 quorum
2482 4588 2907 4648 exhortationes,
2935 4582 3258 4641 venerabilis
3287 4579 3540 4632 videlicet

1948 4687 2160 4741 abbatis
2189 4695 2243 4739 et
2270 4683 2540 4753 praedictae
2565 4680 2998 4753 congregationis
3018 4719 3032 4743 ,
3060 4689 3250 4733 omnes
3274 4671 3546 4723 unanimi—

1951 4790 2031 4835 ter
2050 4794 2148 4834 sua
2171 4775 2332 4832 corda
2356 4774 2696 4837 inclinantes,
2721 4771 2956 4827 contrito
2982 4769 3150 4824 corde
3178 4761 3414 4816 decimas
3439 4758 3554 4814 Deo

1949 4886 2044 4942 per
2117 4882 2291 4923 annos
2346 4864 2586 4932 singulos
2643 4865 2709 4917 de
2755 4860 3017 4916 omnibus
3082 4868 3201 4926 quae
3250 4849 3563 4918 Ροεεεεειιτὶ

1949 4941 2140 5024 erant,
2171 4958 2370 5013 oll'crre
2397 4964 2692 5016 voverunt,
2737 4965 2905 5020 atque
2936 4950 3149 5004 Olmixc
3192 4941 3473 5011 bellum"
3512 4947 3580 4992 “‘

1950 5057 2243 5092 nmmlintqe
2309 5049 2582 5092 tim-illinc-
2643 5059 2781 5092 {illas
2851 5040 3104 5092 libentur
3165 5037 3278 5088 Βιέο
3344 5025 3596 5081 reddere

239 4689 536 4753 Silvestri,
566 4697 625 4741 ut
666 4688 828 4742 etiam
881 4703 1026 4742 nunc
1075 4697 1252 4741 vestra
1288 4687 1551 4741 relatione
1580 4689 1846 4758 competi-

239 4797 394 4847 mus,
434 4779 592 4848 regia
635 4778 1001 4834 muniﬁcentia
1023 4779 1292 4845 quondam
1342 4793 1439 4847 per
1485 4792 1678 4832 manus
1705 4778 1848 4845 ejus-

237 4879 364 4931 dem
408 4875 578 4928 beato
609 4871 766 4926 Petro
811 4871 977 4927 fuisse
1024 4869 1297 4930 collatum,
1344 4881 1398 4923 ct
1440 4887 1467 4923 a
1501 4878 1552 4924 te
1584 4888 1725 4926 nunc
1754 4885 1850 4941 per

239 4962 663 5020 innovationem
727 4961 826 5016 sub
875 4973 1040 5014 censu
1089 4973 1269 5010 annuo
1320 4958 1506 5014 decem
1550 4961 1845 5016 solidorum

243 5050 682 5092 ltnimnmlnnsis
727 5061 954 5092 rnmwtm
997 5047 1258 5092 nhlntmn-
1301 5047 1411 5092 Nnc
1461 5050 1644 5092 itnmm
1701 5069 1849 5092 nam.
