3984 5316
470 142 615 200 I503

479 346 601 399 vina
635 342 957 399 exhiberent
989 341 1269 410 obsequia.
1307 338 1401 394 lla:
1430 349 1611 395 autem
1654 349 1777 395 sunt
1811 343 1944 396 ﬁnes
1971 341 2066 395 de-

474 438 740 492 cimarum
769 434 912 488 illius
943 433 1181 504 praelata:
1207 433 1523 488 eanonicae:
1561 450 1589 505 a
1628 432 1850 488 Claudia
1882 432 2067 489 Strata

474 541 649 596 usque
692 527 758 581 ad
790 524 1090 581 Porciolam
1125 543 1138 578 :
1170 541 1200 579 a
1233 522 1405 579 Mucia
1431 538 1561 580 vero
1594 539 1765 595 usque
1789 527 1856 580 ad
1895 524 2040 579 Pana

477 620 615 675 rium
644 616 877 681 ﬁumen,
926 628 981 672 et
1031 616 1169 671 ultra
1198 617 1459 686 quidquid
1498 628 1554 671 et
1580 626 1840 684 quantum
1876 633 1905 670 a
1932 630 2066 685 prte-

482 709 613 763 dicti
642 707 883 763 ﬂuminis
913 708 1025 762 vill.
1044 746 1057 761 .
1080 747 1095 761 .
1117 747 1130 761 .
1151 747 1166 761 .
1184 747 1200 763 .
1228 723 1321 762 seu
1348 724 1377 761 a
1403 706 1723 763 Nonantula:
1749 707 2068 761 habitatori-

481 803 584 858 bus
610 800 921 857 ~laboratur.
952 801 1015 856 Et
1043 801 1304 871 quidquid
1349 800 1534 856 clerici
1567 801 1619 854 in
1650 798 1875 871 praefata
1906 814 2070 855 cauo-

480 898 602 952 nica
653 896 791 951 'Deo
837 896 1201 951 communiter
1244 894 1536 950 militantes
1575 892 1722 962 juste
1786 894 2071 964 acquirere

479 998 756 1059 poterunt.
794 986 905 1043 Nos
932 1002 1060 1042 vero
1088 985 1339 1057 precibus
1385 986 1529 1040 illius
1560 986 1884 1050 annuimus,
1929 984 2070 1053 quod

481 1079 833 1151 cognovimus
876 1076 1023 1147 juste
1074 1078 1207 1148 peti,
1228 1118 1242 1133 .
1262 1114 1277 1131 .
1299 1116 1312 1131 .
1338 1116 1353 1131 .
1385 1076 1618 1146 denique
1656 1076 1950 1131 constituta
1990 1082 2074 1129 est

484 1174 538 1228 in
573 1174 776 1227 honore
811 1170 995 1227 Saucti
1048 1170 1329 1227 Michaelis
1355 1169 1640 1235 canonica,
1685 1167 1919 1223 ordinati
1948 1176 2074 1221 sunt

483 1265 664 1321 clerici
693 1266 1133 1336 archipresbyter
1163 1303 1179 1318 .
1206 1304 1219 1317 .
1242 1303 1256 1317 .
1279 1304 1292 1317 .
1312 1303 1325 1315 .
1347 1302 1360 1317 .
1379 1302 1393 1316 .
1412 1263 1508 1317 .lis
1526 1304 1541 1329 ,
1581 1262 1667 1317 cui
1707 1260 1870 1316 etiam
1896 1259 2075 1315 archi-

486 1356 810 1430 presbytero
840 1358 978 1412 hanc
1011 1364 1333 1427 potestatem
1365 1355 1736 1411 concessimus
1788 1360 1846 1408 ut
1871 1352 1936 1407 de
1965 1350 2073 1405 cri-

484 1448 775 1505 minalibus
803 1449 977 1519 culpis
1008 1448 1119 1518 ipse
1136 1447 1401 1519 judicium
1429 1446 1628 1501 iudicat
1655 1442 2071 1515 ptenitcntibus.

485 1546 773 1610 Attamen,
802 1544 848 1599 si
895 1544 1191 1599 necessitas
1231 1543 1567 1605 incubuerit,
1629 1541 1697 1595 ab
1746 1540 1927 1610 aliquo
1962 1538 2076 1607 epi-

486 1650 651 1705 sc0po
682 1645 899 1699 expetat
924 1636 1220 1704 judicium,
1252 1651 1318 1689 ne
1357 1634 1687 1689 desideranti
1723 1633 1916 1686 animm
1957 1645 2074 1700 pmc-
2110 1609 2150 1666 Β

488 1729 774 1783 nitentium
818 1728 1034 1782 interim
1075 1741 1271 1796 negare
1316 1727 1581 1781 videatur.
1627 1724 1921 1792 Eidemque
1951 1736 2080 1775 vero

488 1819 962 1889 archipr‘esbytero
1006 1834 1135 1873 cura
1187 1817 1258 1872 sit
1301 1831 1400 1886 pro
1441 1813 1694 1869 omnibus
1723 1854 1738 1879 ,
1771 1814 1828 1867 in
1884 1811 2082 1867 divinis

489 1910 740 1967 videlicet
780 1908 1008 1975 olliciis,
1067 1910 1121 1964 in
1175 1907 1480 1962 lutninariis
1503 1946 1519 1973 ,
1554 1906 1608 1960 in
1647 1902 1996 1966 architectis,
2029 1901 2080 1954 in

491 2000 830 2071 hospitibus,
867 2002 922 2055 in
951 2000 1180 2054 decimis
1206 2007 1260 2053 et
1297 2000 1348 2051 in
1376 1997 1742 2053 oblationibus
1783 1991 2084 2049 dividendis

490 2096 635 2150 inter
659 2103 914 2159 Caeteros,
958 2094 1038 2149 sic
1069 2093 1307 2163 qualiter
1345 2105 1404 2148 se
1436 2098 1790 2159 recOgnoscat
1819 2088 1927 2143 Deo
1960 2087 2083 2141 red-

496 2189 735 2283 diturtmt
765 2187 1033 2242 rationem
1063 2187 1116 2242 iu
1147 2187 1232 2242 die
1260 2184 1483 2257 judicii;
1527 2184 1687 2253 eique
1712 2195 1972 2237 concessa
2001 2188 2087 2233 est

492 2273 714 2334 decima'
739 2279 900 2334 unius
956 2279 1131 2344 villae,
1180 2293 1301 2347 qua:
1352 2276 1550 2331 dicitur
1608 2273 1906 2337 Salicetus,
1960 2279 2087 2325 ante

492 2371 627 2426 alios
649 2380 870 2441 propter
893 2385 1081 2427 curam
1108 2368 1507 2425 sollicitudinis.
1538 2366 1850 2422 Statuentes
1875 2373 2087 2434 aposto-

489 2461 597 2517 lica
649 2462 973 2517 auctoritate
1017 2470 1077 2515 ut
1123 2461 1433 2531 quicunque
1481 2459 1620 2514 hanc
1658 2457 2085 2520 ordinationem,

491 2572 656 2626 quam
690 2556 799 2610 Deo
825 2554 1121 2609 auxiliante
1160 2570 1256 2623 pro
1298 2553 1475 2608 salute
1513 2553 1817 2607 animarum
1849 2548 2089 2603 ﬁdelium

495 2648 750 2702 ordinare
771 2646 1034 2716 jussitnns
1056 2689 1069 2713 ,
1094 2659 1148 2702 et
1178 2656 1236 2701 ut
1273 2646 1342 2702 ab
1367 2660 1554 2701 errore
1602 2645 1833 2713 pristino
1888 2642 2089 2697 libera«

501 2748 711 2804 rentur,
756 2740 1020 2809 ampliare
1045 2781 1058 2803 ,
1104 2739 1189 2794 vel
1229 2739 1524 2795 observare
1568 2737 1866 2801 studuerit,
1904 2744 2089 2789 nostra

499 2832 761 2889 solidetur
786 2833 1180 2888 benedictione.
1216 2832 1320 2899 Qui
1359 2841 1539 2887 autem
1563 2871 1581 2897 ,
1627 2831 1769 2900 quod
1806 2844 1912 2883 non
1939 2836 2092 2897 opta-

1803 133 2031 193 SERGll
2067 134 2133 189 IV
2175 131 2375 189 PAPE

472 252 736 316 Domina,
765 259 820 305 et
867 249 1065 306 ibidem
1095 247 1440 303 convenieuti
1486 214 1683 319 populo
1708 250 1942 305 sollicite
1973 249 2061 304 di—
2089 252 2136 310 Α

3618 108 3761 167 ιωι

2915 258 2980 314 IV

2170 385 2388 455 Sergius
2429 380 2514 436 IV
2549 397 2687 452 papa
2740 376 3015 455 conﬁrmet
3064 364 3423 455 (tetigerunt?!
3474 362 3544 418 ad
3586 359 3765 415 Cuc-

2499 445 2656 505 nénse
2686 445 3062 503 monasterium
3091 445 3428 511 pertinentia.

2757 538 2938 611 (Anno
2968 531 3154 603 10H.)

2282 638 2701 712 (Cosconius,
2719 630 2923 686 Butlar.
2951 624 3113 697 anipl.
3145 621 3388 686 Collect.,
3416 618 3474 684 1,
3501 613 3653 687 510.]

2250 751 2481 808 SERGIUS
2523 749 2840 819 cpiscopus,
2877 757 3065 798 servus
3094 750 3374 794 servorum
3401 731 3547 797 ,Dei,
3582 728 3771 784 Ouu.

2174 843 2425 915 religioso
2451 840 2633 896 abbati
2663 835 2845 892 Sancti
2880 828 3157 887 Michaelis
3180 820 3514 915 archangeli,
3540 818 3739 915 Sancti

2174 906 2556 1006 quevGermani
2599 924 2930 984 confessoris
2964 919 3196 983 Christi,
3225 914 3366 986 quod
3390 906 3479 968 est
3508 910 3678 966 situm
3720 906 3769 961 it.

2174 1002 2313 1082 valle
2347 1022 2664 1081 Cunﬁuente
2704 1017 2859 1088 juxta
2901 1014 3125 1070 ﬂuvium
3171 1005 3444 1069 Literani,
3496 1003 3554 1057 in
3593 1002 3773 1054 locum

2175 1133 2335 1189 quem
2385 1122 2580 1170 vocant
2622 1110 2911 1172 Cuxauus,
2944 1105 3039 1160 tibi
3079 1113 3363 1169 tecumque
3395 1090 3773 1151 manentibus,

2175 1186 2231 1266 et
2258 1225 2354 1281 per
2381 1216 2433 1262 te
2464 1205 2569 1260 tuis
2598 1203 2920 1269 illorumque
2947 1191 3371 1253 successoribus,
3389 1186 3541 1242 salus
3564 1192 3619 1237 et
3647 1197 3778 1253 pax,

2178 1313 2233 1355 ct
2287 1298 2580 1371 apostolica
2620 1290 2926 1352 benedictio
2960 1284 3139 1341 nuoad
3195 1281 3411 1337 uundus
3467 1283 3778 1348 permanet.

2178 1395 2374 1448 Amen.

2248 1485 2381 1541 Cum
2419 1490 2636 1539 constet
2669 1478 2954 1535 Dominum
3004 1476 3172 1529 Deum
3210 1475 3455 1524 nostrum
3508 1463 3779 1517 honorem

2181 1579 2384 1629 sancta:
2414 1567 2739 1624 universalis
2781 1562 3039 1621 Ecclesize
3075 1560 3412 1614 incessanter
3439 1567 3468 1605 a
3508 1562 3779 1620 propaga-

2183 1664 2388 1720 toribus
2416 1662 2588 1717 beatae
2627 1659 2749 1713 ﬁdei
2782 1662 3159 1727 augmentare.
3191 1659 3413 1703 necesse
3455 1650 3545 1697 est
3582 1643 3656 1693 ab
3690 1637 3781 1692 illo

2184 1756 2351 1812 totius
2371 1752 2492 1823 jure
2523 1750 2798 1821 regimiuis
2819 1748 2903 1801 eis
2925 1742 3221 1801 concedere
3250 1750 3479 1793 censura
3496 1731 3635 1801 justi
3660 1745 3779 1784 mo-

2184 1821 2480 1902 deraminis
2506 1840 2911 1903 liberalitatem,
2955 1834 3330 1900 malorumque
3365 1823 3559 1896 procul
3604 1821 3675 1875 ab
3716 1833 3781 1874 ea

2186 1936 2385 2008 pellere
2434 1930 2833 2002 pervasionetn.
2886 1924 3153 1994 Quocirca
3205 1918 3462 1990 quoniam
3522 1910 3787 1969 convenit

2187 2006 2498 2093 apostolicae
2550 2016 2736 2088 pietati
2795 2015 3029 2083 benigna
3084 2006 3391 2079 petentibus
3450 2014 3786 2058 succurrere

2188 2111 2595 2182 eompassione,
2634 2108 2753 2163 ideo
2785 2119 2883 2161 nos
2912 2099 3200 2170 tuisjustis
3231 2098 3450 2170 (etenim
3482 2094 3631 2148 sicut
3656 2100 3787 2145 sunt

2190 2205 2345 2259 nobis
2375 2201 2724 2272 adiudicatae,
2754 2212 2875 2251 nam
2898 2193 3045 2263 juSIe
3076 2189 3239 2259 ﬁunt)
3270 2194 3576 2243 annuentes
3598 2182 3783 2254 preci-

2190 2299 2310 2359 bus,
2333 2310 2523 2351 omnes
2544 2293 2903 2363 proprietates
2924 2287 3036 2343 sive
3057 2282 3424 2356 possessiones
3455 2278 3627 2349 ipsius
3655 2273 3783 2337 loci,

2194 2390 2328 2444 ﬁnes
2357 2388 2441 2442 vel
2480 2386 2679 2441 limites
2707 2399 2827 2439 cum
2858 2378 3177 2450 adjacentiis
3214 2372 3609 2447 prmeipuorum
3648 2381 3789 2436 prse-

2193 2483 2435 2544 diorum,
2467 2493 2588 2532 cum
2630 2476 2881 2532 omnibus
2924 2469 3200 2534 ecclesiis,
3241 2461 3548 2536 parochiis,
3606 2456 3785 2519 villis,

2193 2570 2375 2627 fundis
2431 2571 2601 2633 casis,
2660 2565 2962 2628 casalibus,
3030 2572 3220 2621 terris,
3273 2554 3517 2623 eampis,
3574 2548 3783 2620 pratis.

2192 2664 2429 2736 pascuis,
2468 2658 2646 2723 silvis,
2686 2656 2935 2726 garricis,
2980 2651 3143 2715 areis,
3189 2643 3497 2704 torculariis
3525 2680 3541 2705 ,
3589 2638 3783 2708 aquis,

2195 2730 2459 2828 aquarum
2488 2752 2740 2809 ductibus
2762 2790 2778 2815 ,
2810 2748 2943 2812 viis,
2980 2738 3337 2803 molendinis,
3378 2730 3786 2791 molendinariis

2197 2823 2319 2903 cum
2348 2842 2461 2900 suis
2499 2851 2660 2912 caput
2688 2839 2874 2908 aquis,
2899 2846 2953 2890 et
2980 2834 3091 2891 suis
3127 2828 3469 2902 piscatoriis,
3497 2823 3703 2879 cultum
3731 2829 3790 2873 et

3766 611 3774 635 l

503 2940 646 2992 mus,
675 2923 880 2979 violare
908 2923 1223 2988 teutaverit,
1256 2931 1349 2978 aut
1384 2921 1672 2977 consilium
1716 2919 1950 2974 violandi
1994 2920 2092 2974 tle-
2122 2958 2167 3019 ο
2200 2937 2492 3001 incultum,
2531 2911 2585 2989 ei
2614 2945 2948 3002 quwcunque
2973 2920 3392 2997 gloriosissimus
3429 2911 3789 2983 εποιηηεριης

497 3017 736 3081 dederit,
769 3026 862 3069 aut
885 3031 914 3069 a
952 3016 1287 3085 subiectione
1322 3015 1496 3069 sancti
1535 3012 1850 3068 monasterii
1875 3011 2095 3067 canoni-

501 3119 625 3161 cam
667 3106 989 3160 subtrahere
1041 3106 1347 3175 cnpiver-it,
1390 3121 1483 3160 seu
1530 3104 1683 3160 laicis
1731 3104 1995 3160 decimam
2044 3104 2097 3158 in

507 3196 773 3251 beneﬁcio
790 3197 917 3251 dare
943 3197 1191 3260 voluerit,
1226 3196 1588 3250 anathematis
1617 3195 1831 3250 vinculo
1855 3195 2096 3250 feriatur.

492 3286 665 3351 Quod
696 3296 753 3338 ut
781 3286 963 3341 verius
988 3287 1270 3350 credatur,
1310 3285 1729 3355 diligentiusque
1764 3285 1831 3340 ab
1852 3285 2102 3339 omnibus

509 3381 851 3445 observetur,
882 3378 983 3434 hoc
1011 3381 1286 3435 decretum
1309 3390 1493 3434 nostro
1516 3378 1840 3433 cancellario
1863 3376 2103 3432 scribere

510 3468 900 3538 praecepimus,
934 3468 1245 3538 nostrisque
1288 3467 1521 3534 litteris,
1557 3477 1614 3521 nt
1650 3467 1895 3537 superius
1930 3465 2105 3536 pra‘li-

508 3558 792 3623 bavixnus,
822 3574 887 3614 ac
920 3559 1276 3628 impressione
1314 3558 1486 3614 nostri
1528 3558 1690 3630 sigilli
1722 3555 2104 3613 corroboravi-

514 3664 659 3704 inus.
712 3650 779 3704 Et
834 3651 1058 3721 praefato
1104 3652 1286 3708 abbati
1358 3651 1591 3708 Bodull'o
1643 3662 1805 3721 atque
1851 3651 2104 3705 omnibus

514 3740 780 3797 fratribus
818 3743 870 3796 in
904 3744 1006 3799 hoc
1042 3744 1262 3800 decreto
1295 3745 1629 3800 unanimiter
1672 3743 1817 3799 facto
1866 3742 2107 3798 scribere

513 3834 895 3904 prtecepimus.

589 3926 736 3981 Bene
772 3928 970 3985 valete.

589 4019 632 4089 σξη
682 4019 876 4075 Datum
906 4037 1000 4090 per
1030 4037 1249 4077 manum
1291 4020 1433 4076 Petri
1465 4021 1702 4092 episcopi
1735 4031 1937 4076 sancue
1970 4018 2107 4073 Prm-

518 4115 752 4167 nestina:
803 4114 1088 4178 Ecelesize,
1141 4124 1196 4168 et
1244 4111 1645 4169 bibliothecarii
1700 4113 1840 4168 sacri
1894 4111 2110 4181 palatii,

508 4208 671 4255 'auno
735 4203 948 4258 Domini
1001 4204 1288 4261 millesimo
1345 4205 1663 4270 undecimo,
1733 4219 1785 4258 vt
1844 4202 2115 4257 Kalendas

522 4297 668 4351 .lunii
687 4340 701 4359 .
748 4300 1037 4355 indictione
1064 4317 1141 4355 ιι.

600 4389 863 4445 llodnllus
899 4391 1066 4446 abbas
1097 4392 1341 4461 jnssione
1384 4391 1694 4461 apostolicae
1729 4390 1874 4446 sedis
1919 4388 1972 4442 in
2016 4387 2118 4442 hoc

527 4484 749 4539 decreto
780 4499 942 4538 manu
967 4485 1181 4554 propria
1218 4484 1536 4553 subscripsi.

599 4574 714 4644 Ego
742 4574 1031 4644 Frogerius
1060 4575 1209 4644 prior
1233 4591 1392 4630 manu
1431 4589 1546 4627 mea
1575 4571 1895 4641 subscripsi.

603 4666 928 4723 Laurentius
984 4668 1267 4740 presbyter
1323 4676 1377 4721 et
1430 4666 1729 4721 monachus
1787 4678 1950 4720 manu
2000 4674 2119 4717 mea

526 4757 846 4827 subscripsi.

608 4852 880 4909 Gulferius
909 4854 1209 4910 monachus
1234 4869 1394 4908 manu
1424 4867 1541 4908 mea
1567 4849 1885 4921 subscripsi.

606 4941 903 5014 Gregorius
929 4946 1217 5016 presbyter
1244 4953 1299 5000 et
1337 4944 1636 5001 monachus
1661 4958 1822 4998 manu
1849 4955 1966 4995 mea
2000 4941 2125 4996 sub-

540 5051 754 5104 scripsu

616 5124 782 5183 Liuzo
812 5129 1108 5183 monachus
1135 5127 1449 5199 subscripsi.

2199 3027 2426 3084 Michael
2457 3041 2521 3082 ex
2546 3021 2924 3079 collationibus
2944 3016 3178 3074 ﬁdelium
3198 3014 3251 3068 in
3275 3007 3525 3066 coenobio
3547 3005 3788 3060 Coxiano

2202 3121 2440 3176 retinere
2499 3115 2748 3181 videtur,
2799 3120 2985 3167 nostro
3039 3105 3426 3163 conﬁrmamus
3479 3093 3786 3168 privilegio.

2200 3211 2558 3268 Concedimus
2608 3209 2791 3277 itaque
2839 3200 3099 3276 praedicto
3142 3190 3503 3256 monasterio,
3544 3186 3690 3256 quod
3733 3184 3787 3235 in

2203 3303 2432 3361 circuitu
2462 3301 2580 3370 ejus
2608 3301 2862 3363 habetur,
2912 3294 3159 3350 alaudem
3205 3302 3327 3344 cum
3360 3283 3559 3339 ﬁnibus
3592 3290 3644 3335 et
3678 3277 3790 3332 suis

2206 3392 2457 3452 terminis
2508 3408 2573 3448 ex
2604 3391 2776 3446 latere
2812 3402 2919 3442 uno
2953 3390 3261 3455 pergentem
3291 3391 3390 3447 per
3420 3371 3787 3429 summitatem

2206 3486 2385 3542 Serra:
2412 3484 2476 3538 de
2502 3479 2730 3536 Bovaria
2763 3478 2829 3533 ad
2855 3477 3049 3531 .lovum
3076 3471 3143 3526 de
3169 3468 3430 3528 Clerauo,
3461 3474 3516 3517 et
3541 3461 3609 3515 ad
3639 3472 3791 3512 men-

2208 3589 2313 3633 tem
2349 3578 2439 3647 qui
2481 3575 2680 3629 dicitur
2709 3570 2990 3643 Lavarias,
3020 3573 3075 3618 ct
3109 3577 3207 3633 per
3235 3556 3496 3614 Lavarias
3536 3549 3789 3647 usque-iu

2205 3642 2589 3731 Flamidinum,
2619 3675 2674 3719 ct
2710 3648 2835 3719 inde
2861 3663 2968 3716 itur
2990 3658 3041 3713 in
3070 3656 3247 3711 locum
3278 3648 3573 3705 vocitatum
3600 3642 3788 3701 Stella,

2206 3772 2262 3818 et
2310 3774 2481 3830 usque
2524 3758 2580 3813 in
2624 3754 2995 3812 summitatem
3046 3746 3244 3802 montis
3289 3736 3615 3809 Canigonis;
3662 3740 3721 3787 et
3761 3749 3790 3783 ιι

2210 3824 2509 3906 meridiana
2555 3847 2733 3901 fronte
2785 3841 2984 3897 montis
3040 3831 3333 3904 Canigonis
3380 3824 3662 3884 descendit
3700 3836 3793 3891 per

2211 3943 2432 3999 Serram
2466 3938 2608 4010 pugii
2636 3934 2891 4007 Aquiloni
2921 3930 2990 3986 ad
3021 3942 3206 3999 rupem
3239 3922 3398 3993 vulgo
3426 3924 3796 4010 nuncupatum

2211 4036 2448 4092 (Iberum
2468 4007 2715 4094 Clerinti,
2734 4036 2790 4083 et
2812 4022 3096 4081 descendit
3116 4034 3211 4090 per
3232 4013 3602 4071 summitatem
3623 4007 3795 4063 Serra:

2213 4140 2384 4196 usque
2414 4125 2480 4179 ad
2512 4122 2729 4194 pogium
2762 4113 3063 4179 Parabarii,
3089 4120 3143 4167 et
3173 4121 3349 4178 usque
3376 4106 3431 4159 in
3460 4103 3644 4196 rivum
3664 4098 3797 4153 Mer-

2216 4189 2458 4278 darium,
2510 4189 2566 4269 et
2590 4189 2894 4265 vdeducitur
2938 4215 3107 4273 usque
3159 4201 3213 4254 in
3272 4195 3495 4251 ﬂuvium
3531 4189 3711 4254 Tede;
3748 4195 3801 4241 et

2152 4307 2252 4363 Da
2296 4302 2705 4386 septentrionali
2755 4308 2910 4371 parte
2954 4295 3169 4350 venitur
3221 4291 3276 4346 in
3338 4293 3514 4343 strata
3576 4281 3793 4354 publica

2222 4372 2386 4472 quam
2410 4374 2599 4453 dicunt
2625 4393 2769 4448 Duas
2800 4389 3054 4450 Sorores,
3105 4392 3160 4439 et
3188 4396 3284 4452 per
3315 4379 3430 4449 ipsa
3461 4375 3548 4429 via
3586 4372 3798 4443 publica

2225 4466 2394 4560 asque
2426 4488 2478 4542 in
2511 4486 2849 4546 Literanum,
2895 4491 2949 4534 et
2984 4476 3107 4532 inde
3136 4474 3236 4530 sub
3259 4471 3463 4526 Sancto
3484 4466 3669 4540 Felice
3692 4473 3803 4517 ten—

2226 4585 2370 4640 ditur
2399 4592 2570 4649 usque
2596 4578 2649 4631 in
2680 4574 2928 4630 alaudem
2946 4571 3157 4626 Sanctae
3182 4565 3383 4629 Marize,
3407 4571 3462 4616 et
3486 4560 3806 4649 terminatur

2225 4675 2278 4729 in
2306 4642 2594 4727 Petraﬁxa.
2639 4664 2843 4723 Deinde
2875 4662 3114 4717 tenditur
3143 4673 3238 4727 per
3274 4656 3388 4724 ipsa
3419 4652 3677 4711 comella,
3718 4642 3805 4701 ubi

2226 4782 2388 4836 rupes
2435 4776 2649 4832 magna,
2688 4760 2741 4814 in
2791 4771 2898 4826 qua
2950 4754 3020 4808 ob
3045 4747 3467 4822 diguoscendum
3521 4741 3806 4798 terminum

2226 4834 2398 4930 ipsius
2448 4854 2658 4910 alaudis
2704 4866 2734 4905 a
2776 4851 2932 4903 bonze
2964 4846 3237 4900 memoriae
3263 4838 3592 4894 Seniofredo
3615 4834 3809 4889 comite

2228 4927 2358 5006 crux
2379 4947 2558 5003 excisa
2574 4954 2677 5001 est.
2712 4944 2776 4997 Et
2801 4939 2997 4995 exinde
3025 4937 3133 4991 itur
3155 4934 3206 4986 in
3228 4930 3459 4985 Bovaria
3487 4927 3807 4985 subteriore,

2229 5050 2285 5096 et
2336 5054 2433 5110 per
2485 5036 2852 5089 summitatem
2896 5042 3073 5097 usque
3117 5026 3170 5079 in
3220 5021 3454 5076 Bovaria
3510 5020 3805 5075 superiore.

2231 5134 2487 5189 Alaudem
2548 5131 2732 5199 itaque
2786 5122 3101 5181 Tauriniaui
3163 5134 3286 5175 cum
3338 5114 3574 5170 ecclesia
3632 5108 3810 5166 Sancti

2234 5220 2520 5281 Fructuosi
2552 5236 2676 5274 cum
2724 5216 2950 5272 decimis
2986 5223 3041 5267 et
3074 5207 3348 5281 primitiis,
3386 5212 3445 5258 et
3481 5203 3672 5256 villam
3696 5214 3810 5254 cum

3332 5311 3350 5316 _
3438 5294 3619 5316 0:..-2I2
3660 5291 3810 5316 -.Αἰπ-
