3984 5316
210 132 231 185 1
243 129 342 186 505

1412 121 1772 179 EPISTOLAE
1817 123 1902 178 ET
1939 109 2345 178 DlPl.OMATA'

3338 120 3477 178 1506

207 243 365 303 boca,
403 251 524 292 eum
551 237 748 292 ﬁnibus
782 245 836 292 et
868 237 1118 292 terminis
1143 235 1277 299 suis,
1306 244 1360 291 et
1389 236 1584 289 vallem
1609 236 1784 290 Leche
1812 251 1858 308 Α
1891 232 2817 299 unctntas,alodcmExalatamcum
2837 234 3020 291 Sancti
3051 235 3194 291 Petri
3222 238 3472 300 ecclesia,

206 346 324 386 cum
355 328 580 384 ecclesia
608 327 792 382 Sancti
836 328 1138 383 Salvatoris
1167 342 1288 382 eum
1316 325 1544 381 decimis
1580 334 1633 379 et
1667 326 1780 395 pri-

208 419 393 475 initiis.
429 419 558 487 Qum
584 421 738 475 vallis
774 421 1099 474 terminatur
1143 422 1209 475 de
1249 434 1356 474 uno
1397 419 1568 474 latere
1594 419 1644 472 in
1670 418 1784 488 ipsa

205 508 458 572 Portella,
513 509 582 562 de
627 509 735 562 alio
766 509 818 563 in
865 525 1027 580 supra
1064 510 1265 580 scripta
1309 508 1498 573 Stella,
1528 509 1592 562 de
1621 507 1784 562 tertio

204 600 255 654 in
277 607 458 653 monte
485 597 750 663 Stabello,
797 599 865 654 de
903 607 1097 669 quarta
1127 600 1179 652 in
1208 597 1687 668 monteCaprario,
1717 598 1783 648 de

203 692 389 761 quinta
430 691 484 746 in
531 691 738 747 Cabum
785 692 1116 757 convivium,
1160 692 1224 746 de
1278 701 1428 747 sexta
1459 691 1510 745 in
1544 700 1780 745 montem

201 784 492 854 Cogollem,
517 784 582 839 de
607 785 830 852 septima
865 785 916 838 in
943 783 1065 837 villa
1100 781 1329 838 Senarii.
1376 783 1525 837 Hane
1551 781 1782 849 denique

202 877 390 931 vallem
422 877 507 932 his
529 877 998 932 terminationibus
1023 876 1375 930 introelnsam
1397 877 1550 944 juxta
1589 873 1780 930 deﬁni-

202 968 402 1023 tionem
462 966 766 1023 Seniol'redi
810 968 1026 1024 comitis
1051 969 1346 1038 quondam,
1379 977 1432 1022 et
1460 966 1780 1037 praeceptio-

202 1074 321 1112 nem
353 1057 636 1114 Leutharii
671 1061 834 1130 regis,
881 1075 945 1115 ae
993 1061 1447 1115 restaurationem
1485 1060 1578 1115 ﬁlii
1609 1059 1779 1114 nostri

203 1149 429 1204 Wil‘redi
479 1151 696 1205 comitis
743 1151 947 1219 absque
997 1150 1158 1206 ullius
1217 1151 1588 1221 inquietudine
1630 1151 1783 1207 vobis

201 1242 567 1296 concedimus.
623 1241 816 1295 Villam
871 1243 1088 1311 insuper
1113 1242 1296 1297 Curtis
1324 1257 1446 1298 com
1483 1242 1700 1305 ﬁnibus,
1729 1253 1783 1296 et

201 1331 448 1387 terminis
485 1332 620 1396 suis,
670 1341 724 1386 et
756 1333 1003 1386 alaudem
1031 1334 1098 1388 de
1144 1332 1398 1397 Foliolus,
1446 1347 1606 1402 quem
1630 1333 1784 1387 vobis

200 1423 1051 1480 commutaviteomesGuifredus
1081 1427 1429 1494 przescriptus
1459 1441 1580 1479 ettm
1611 1427 1783 1480 omni-

200 1512 295 1568 bus
330 1513 496 1570 rebus
524 1531 645 1586 qua:
671 1516 804 1572 inibi
852 1517 1131 1586 possidere
1167 1527 1285 1572 erat
1323 1519 1540 1582 solitus,
1574 1519 1782 1572 scilicet

1887 325 2076 380 villare
2100 323 2436 385 lntervallos,
2465 324 2644 378 villam
2687 324 2881 389 Tobes,
2907 334 2963 380 et
2984 327 3166 380 villam
3192 329 3390 397 Aquas,
3421 339 3478 383 et

1889 417 2068 470 villain
2100 416 2299 482 Pratis,
2352 416 2546 471 vallem
2577 416 2844 486 Balagarii
2873 433 2996 472 eum
3035 417 3234 472 ﬁnibus
3274 428 3330 473 et
3368 429 3478 474 ter-

1890 508 2050 562 minis
2081 508 2213 572 suis,
2265 507 2551 562 ecclesiam
2607 507 2791 562 Sancti
2825 508 3044 563 Thomte
3068 524 3190 564 cum
3217 510 3331 563 suis
3365 510 3479 566 alo-

1887 600 2064 662 dbus,
2098 609 2151 654 et
2181 615 2301 654 cum
2331 600 2578 663 decimis,
2600 610 2652 653 et
2681 600 2934 669 primitiis
2961 600 3027 654 ad
3053 616 3173 654 eam
3206 601 3480 670 pertinen-

1891 691 2053 753 tibus,
2088 691 2268 745 villam
2299 691 2588 745 vocitatam
2617 691 2723 744 Lar
2747 707 2868 746 cum
2893 691 3123 746 ecclesia
3149 691 3332 746 Sancti
3367 696 3474 746 An-

1887 784 2029 837 dreae
2060 799 2181 838 eum
2239 784 2466 838 decimis
2508 792 2561 838 et
2587 784 2862 852 primitiis,
2897 793 2951 838 et
2979 784 3188 838 alodem
3221 801 3344 839 cum
3372 795 3481 839 ter-

1888 876 2050 930 minis
2078 886 2131 931 et
2158 877 2439 930 limitibus.
2462 877 2516 930 ln
2549 877 2671 930 villa
2703 877 2924 931 Saltone
2968 877 3253 932 ecclesiam
3293 877 3478 932 Sancti

1888 968 2145 1030 Mauritii,
2183 985 2303 1023 cum
2336 968 2560 1023 decimis
2583 979 2633 1023 et
2674 969 2928 1038 primitiis
2951 968 3126 1021 eidem
3157 969 3481 1036 pertinenti-

1888 1058 2006 1113 bus.
2038 1059 2098 1112 Et
2127 1058 2180 1112 in
2215 1058 2400 1111 eadem
2433 1058 2556 1111 villa
2577 1057 2784 1112 alodem
2818 1070 2871 1111 et
2897 1058 3069 1110 locum
3096 1073 3257 1126 quem
3286 1068 3480 1111 vocant

1886 1148 2192 1218 Algionem,
2252 1147 2471 1212 silvam,
2509 1159 2562 1202 ct
2598 1163 2794 1217 pascua
2824 1149 3108 1218 pecoribus
3128 1159 3276 1216 apta,
3301 1147 3477 1201 eccle-

1887 1239 2021 1294 siam
2079 1238 2263 1294 Sancti
2325 1238 2469 1294 Petri
2534 1255 2694 1308 quem
2751 1239 2937 1293 dicunt
2999 1238 3290 1303 lnforcats,
3350 1255 3474 1292 cunt

1887 1331 2112 1386 decimis
2180 1342 2233 1387 et
2291 1333 2549 1402 primitiis
2604 1334 2717 1386 suis
2771 1341 2827 1386 et
2883 1333 3070 1386 villare
3136 1332 3474 1402 Rivol‘rigido

1886 1443 2007 1483 eum
2053 1428 2202 1482 silvis
2248 1439 2302 1482 et
2341 1444 2592 1498 pecorum
2640 1428 2875 1497 pascuis.
2931 1428 3122 1482 Villam
3175 1427 3474 1490 Lacunam,

1886 1535 2010 1575 eum
2063 1522 2290 1576 ecclesia
2325 1521 2512 1576 Sancti
2560 1521 2824 1574 Vincentii
2869 1538 2990 1575 cum
3029 1521 3257 1575 decimis
3287 1529 3340 1575 et
3368 1521 3481 1590 pri-

200 1617 317 1656 cum
353 1601 500 1667 fevo,
531 1614 584 1657 et
613 1619 736 1659 cum
759 1605 908 1659 silvis
937 1606 1003 1658 ad
1026 1607 1268 1661 eamdem
1295 1606 1474 1660 villam
1504 1607 1779 1676 pertinen—
1817 1612 1858 1666 Β
1887 1611 2054 1666 initiis
2096 1620 2150 1664 et
2193 1611 2445 1666 omnibus
2495 1611 2656 1665 rebus
2705 1611 2771 1665 ad
2817 1611 3102 1665 ecclesiam
3147 1625 3240 1665 seu
3273 1611 3340 1664 ad
3379 1609 3480 1663 vil-

208 1693 368 1760 tibus,
409 1704 467 1749 et
511 1695 680 1750 alium
710 1697 959 1751 alaudem
987 1713 1147 1766 quem
1178 1699 1228 1752 in
1259 1697 1447 1752 eadem
1478 1699 1623 1763 villa,
1647 1709 1700 1753 et
1729 1699 1780 1752 in

204 1783 319 1852 ejus
363 1785 501 1839 ﬁnes
551 1794 608 1840 et
658 1787 918 1842 terminos
967 1788 1195 1843 habetis.
1232 1787 1781 1859 ltemquepeclesiam

205 1875 389 1931 Sancti
423 1877 715 1943 V'ineentii,
760 1888 815 1934 et
839 1879 1047 1933 alodem
1079 1879 1247 1948 ipsius
1277 1880 1400 1945 loci,
1438 1897 1560 1935 cum
1588 1882 1784 1936 ﬁnibus

205 1975 260 2020 et
311 1967 560 2022 terminis
611 1968 745 2032 suis,
793 1977 848 2023 et
900 1967 1108 2023 alodem
1143 1970 1383 2024 V'erneti.
1414 1969 1784 2039 Quodcunque

204 2067 379 2113 autem
407 2059 575 2114 habet
607 2059 660 2113 in
691 2059 879 2115 eadem
909 2061 1050 2115 valle
1081 2077 1179 2130 per
1213 2062 1443 2131 plurima
1479 2063 1593 2116 loca
1620 2064 1782 2117 simili

206 2151 366 2205 modo
413 2151 841 2216 constituimus;
887 2152 940 2205 id
970 2162 1074 2216 est,
1112 2153 1323 2208 alodem
1351 2153 1416 2207 de
1453 2153 1699 2216 Foliano,
1730 2165 1782 2207 et

207 2243 412 2298 alodem
455 2245 522 2297 de
557 2242 958 2308 Bonohomine,
1007 2260 1166 2314 quem
1215 2245 1369 2299 vobis
1419 2246 1646 2301 contulit
1691 2262 1787 2314 per

206 2335 487 2404 scriptura:
509 2334 726 2399 seriem,
750 2344 805 2388 et
824 2335 876 2388 in
898 2335 1018 2389 villa
1043 2334 1179 2398 Pini,
1211 2347 1266 2389 et
1295 2336 1346 2389 in
1369 2337 1492 2390 villa
1518 2336 1780 2397 Mentedo,

206 2432 258 2478 et
283 2423 334 2477 in
369 2424 493 2477 aliis
537 2423 780 2493 pluribus
811 2424 962 2488 locis,
987 2433 1042 2478 et
1069 2424 1193 2478 villa
1225 2427 1504 2496 Ciresago,
1537 2439 1700 2497 atque
1731 2429 1784 2482 in

203 2515 327 2569 villa
383 2516 644 2581 Arriano,
694 2524 954 2585 quantum
997 2515 1349 2571 Seniol‘redus
1381 2533 1564 2574 eomes
1589 2519 1784 2572 ibidem

210 2605 402 2661 habuit
457 2621 553 2676 per
599 2605 966 2676 qualicunque
1021 2623 1174 2673 voce,
1214 2607 1298 2662 vel
1335 2609 1514 2663 creteri
1544 2609 1788 2665 homines

203 2697 556 2752 contulerunt
599 2698 774 2753 eidem
811 2699 1164 2763 monasterio,
1192 2707 1245 2753 et
1269 2698 1479 2754 alodem
1511 2701 1576 2754 de
1606 2700 1784 2754 Cano-

203 2789 298 2855 lia,
363 2798 530 2859 atque
582 2790 761 2844 villam
811 2784 1251 2846 Castellanieum
1286 2791 1494 2846 duabus
1542 2793 1788 2847 ecclesiis

205 2887 404 2941 ibidem
455 2885 720 2952 fundatis,
773 2887 981 2943 scilicet
1021 2888 1203 2942 Sancti
1236 2888 1498 2950 Androm,
1527 2889 1789 2942 aelleatre

1893 1701 1997 1755 lam
2042 1702 2465 1772 pertinentibus,
2509 1717 2630 1756 cum
2674 1701 2918 1754 terminis
2951 1709 3005 1754 et
3052 1700 3267 1755 ﬁnibus.
3299 1699 3486 1756 Eccle-

1887 1795 2026 1848 siam
2079 1796 2264 1848 Sancti
2309 1793 2575 1848 Valentini
2630 1808 2755 1848 cum
2809 1793 3034 1847 decimis
3088 1801 3140 1846 ct
3205 1793 3482 1860 primitiis,

1888 1901 2008 1954 qua:
2051 1887 2154 1940 sita
2195 1893 2279 1939 est
2325 1886 2376 1938 in
2428 1884 2552 1938 villa
2595 1883 2838 1952 Sponde,
2871 1883 3092 1936 Alodem
3135 1883 3200 1936 de
3246 1881 3485 1952 Angulus

1891 1993 2014 2030 cum
2053 1976 2283 2029 mercati
2323 1975 2560 2040 teloneo,
2584 1990 2706 2029 cum
2735 1974 2953 2038 villnlis,
2991 1983 3044 2028 et
3090 1971 3482 2035 villaruneulis,

1888 2076 1944 2121 ct
2000 2065 2197 2120 vallem
2255 2065 2555 2120 Ursariam.
2614 2063 2679 2118 Hi
2735 2075 2915 2116 autem
2965 2072 3091 2116 sunt
3141 2061 3356 2116 termini
3415 2061 3482 2114 de

1887 2155 2128 2226 Angulos
2158 2171 2171 2208 :
2199 2155 2275 2209 De
2312 2169 2418 2208 una
2461 2161 2616 2224 parte
2657 2154 2711 2208 in
2760 2156 2877 2207 rivo
2905 2152 2989 2207 vel
3023 2153 3074 2205 in
3113 2151 3233 2204 villa
3268 2149 3482 2204 Formi-

1890 2249 2060 2310 caria,
2093 2246 2158 2300 de
2183 2245 2289 2300 alia
2339 2246 2390 2298 in
2438 2245 2562 2298 villa
2626 2260 2745 2314 quin
2776 2253 2970 2297 vocant
3019 2243 3270 2306 Crucem,
3311 2241 3392 2295 vel
3431 2242 3481 2294 in

1889 2337 2204 2390 summitate
2236 2335 2438 2389 montis
2488 2349 2648 2404 quem
2680 2343 2875 2387 vocant
2913 2333 3272 2397 Scalibatnm,
3297 2341 3353 2386 et
3389 2348 3485 2400 per

1891 2425 2259 2479 summitatem
2287 2424 2457 2492 ipsius
2483 2423 2684 2478 montis
2711 2423 2819 2476 itur
2847 2424 2897 2474 in
2935 2422 3115 2475 villam
3148 2422 3481 2486 Quilianum,

1891 2527 1946 2571 et
1977 2516 2098 2570 inde
2128 2516 2444 2586 pervenitur
2485 2529 2658 2584 usque
2705 2515 2756 2568 in
2802 2513 3029 2578 Melum;
3068 2516 3132 2567 de
3168 2513 3324 2566 tertia
3356 2528 3487 2566 vero

1891 2619 2046 2679 parte
2069 2608 2122 2662 in
2152 2623 2347 2677 eampo
2378 2623 2533 2671 raso;
2581 2609 2646 2661 de
2679 2616 2871 2676 quarta
2905 2606 2956 2660 in
2985 2620 3176 2674 eampo
3203 2605 3368 2675 regis,
3403 2605 3484 2660 vel

1896 2701 1950 2753 in
2015 2699 2180 2770 pugio
2219 2699 2489 2768 Elperico.
2543 2699 2672 2753 Item
2718 2696 3135 2752 villartnrultun
3189 2712 3349 2766 quem
3397 2711 3488 2749 vo-

1892 2800 2020 2848 cant
2071 2789 2367 2845 Odelonem
2426 2787 2494 2843 de
2544 2787 2725 2843 Chero
2775 2797 3064 2841 ratnatnm.
3114 2787 3167 2841 ln
3225 2785 3486 2840 comitatu

1895 2897 2026 2936 vero
2050 2879 2888 2944 Ccrdaniensi,Vil-Vulcariam,
2919 2888 2974 2931 et
3001 2879 3051 2932 in
3075 2877 3406 2941 Avizuno,et
3433 2876 3486 2930 in

204 2991 420 3048 semper
446 2978 674 3049 virginis
703 2978 907 3045 Mariae,
954 2994 1076 3034 cum
1118 2978 1344 3033 decimis
1369 2986 1422 3033 et
1450 2979 1707 3046 primitiis
1732 2989 1786 3032 et
1817 2971 1860 3031 C
1893 2973 2154 3036 Odelone,
2196 2982 2250 3028 et
2291 2973 2342 3025 in
2374 2973 2529 3043 Egat,
2557 2982 2611 3025 et
2643 2972 2693 3025 in
2727 2971 2928 3035 Turba,
2963 2979 3015 3026 et
3047 2970 3098 3024 in
3130 2969 3322 3033 Ernas,
3350 2979 3402 3024 et
3432 2968 3489 3022 in

205 3069 455 3124 alodibus
483 3070 550 3123 ad
571 3069 789 3124 easdem
833 3069 1094 3125 ecclesias
1140 3068 1556 3138 pertinentibus.
1588 3068 1787 3122 Eadem

207 3161 388 3230 itaque
423 3161 551 3215 villa
603 3161 770 3216 habet
819 3161 1227 3217 all'rontationes
1287 3163 1401 3216 sive
1434 3163 1696 3217 terminos
1726 3164 1790 3217 de

203 3269 311 3308 una
347 3265 507 3324 parte
544 3255 596 3308 in
627 3255 918 3321 Petraﬁva,
959 3273 1077 3326 qua:
1107 3258 1207 3312 sita
1241 3269 1323 3311 est
1350 3257 1401 3311 in
1442 3259 1695 3312 tertninio
1726 3259 1792 3312 de

202 3345 329 3400 villa
353 3345 629 3416 Mollegio,
657 3347 721 3401 de
753 3347 855 3400 alia
883 3362 1038 3416 parte
1079 3347 1131 3401 in
1163 3363 1286 3402 arca
1322 3349 1385 3401 de
1415 3348 1704 3410 Casalono,
1740 3359 1795 3403 et

202 3438 351 3491 vadtt
398 3453 500 3509 per
548 3453 758 3493 comam
785 3454 890 3508 qua
931 3440 1172 3509 pergitur
1225 3440 1291 3492 ad
1340 3439 1533 3492 ﬁumen
1563 3440 1674 3493 Ted
1729 3442 1794 3494 de

207 3533 367 3585 tertia
400 3541 560 3602 parte
584 3533 635 3585 in
667 3533 812 3602 ipsos
844 3533 1052 3587 casales
1104 3533 1169 3587 de
1200 3531 1487 3604 Mengono,
1515 3533 1580 3587 de
1603 3541 1795 3602 quarta

207 3624 508 3678 terminum
545 3624 612 3678 de
662 3626 877 3680 Canova
928 3625 1010 3679 vel
1042 3624 1330 3687 Petraﬁxa,
1387 3636 1441 3681 et
1468 3627 1590 3680 inde
1628 3642 1796 3695 usque

201 3714 257 3770 in
293 3713 499 3769 ﬁumen
522 3713 652 3769 Ted.
683 3714 748 3768 Et
777 3716 916 3769 ultra
947 3714 1119 3784 ipsum
1150 3713 1370 3779 ﬁumen,
1427 3725 1686 3784 quantum
1725 3724 1798 3769 te-

205 3806 374 3861 nebat
435 3805 788 3862 Scniofredus
828 3821 1030 3871 comes,
1089 3806 1141 3860 in
1176 3806 1262 3861 die
1292 3807 1470 3860 obitus
1509 3806 1590 3860 sui
1615 3806 1796 3859 villam

203 3898 498 3954 Torrentis
519 3916 638 3954 cum
666 3899 862 3954 ﬁnibus
887 3909 940 3954 et
963 3899 1209 3954 terminis
1231 3901 1365 3963 suis,
1399 3900 1576 3952 villam
1607 3900 1799 3956 Insulae

203 3989 326 4059 pari
360 3989 545 4053 modo,
580 3989 768 4044 villare
795 3999 846 4044 et
873 3989 1175 4053 casalonns,
1211 4005 1333 4044 cum
1375 3991 1487 4044 suis
1511 3989 1797 4055 limitibus,

204 4077 424 4132 alodem
460 4077 530 4132 de
585 4077 809 4148 Molegio
839 4089 892 4132 et
925 4078 992 4134 de
1020 4078 1156 4132 valle
1193 4075 1412 4133 Mosset.
1451 4080 1579 4133 Item
1607 4084 1656 4134 in
1683 4079 1801 4133 Pla-

205 4167 445 4232 nicolos,
471 4177 526 4222 et
547 4169 858 4237 Stagnilios,
888 4170 1016 4222 etin
1041 4167 1328 4232 Terradas,
1348 4179 1402 4225 et
1433 4172 1483 4224 in
1513 4170 1799 4237 Marceval,

204 4259 335 4312 etin
369 4259 662 4325 Erhocolo,
695 4268 750 4316 et
782 4261 834 4314 in
864 4260 1092 4315 ecclesia
1123 4270 1324 4315 sancta:
1351 4261 1572 4316 Eulalia:
1594 4265 1798 4332 portio-

205 4367 330 4406 nem
383 4365 552 4420 quam
583 4351 780 4405 habere
809 4351 1036 4414 debetis,
1078 4359 1132 4405 et
1163 4353 1213 4404 in
1246 4353 1490 4417 decimis,
1522 4353 1798 4424 primitiis,

208 4441 274 4492 ad
307 4439 563 4494 eamdem
585 4439 1003 4511 pertinentibus.
1031 4439 1222 4494 Villam
1248 4439 1505 4512 Taresagi
1535 4443 1798 4512 integram

209 4547 334 4585 cum
370 4530 606 4585 ecclesia
651 4531 851 4587 ibidem
883 4539 984 4586 sua
1036 4547 1156 4585 eum
1186 4531 1435 4596 decimis,
1466 4534 1723 4602 primitiis
1747 4543 1801 4587 et

208 4624 466 4677 omnibus
495 4623 658 4677 rebus
683 4623 860 4678 eidem
891 4624 1301 4694 pertinentibus.
1328 4625 1552 4678 Alodem
1578 4627 1644 4682 de
1676 4625 1799 4680 villa

211 4711 533 4782 Ropidaria,
595 4721 651 4766 et
677 4713 886 4769 alodem
914 4712 1055 4781 quod
1090 4723 1288 4768 vocant
1337 4712 1622 4770 Wleraria.
1651 4717 1714 4771 Et
1747 4717 1798 4768 in

212 4805 402 4858 eadem
462 4803 601 4857 valle
638 4805 969 4869 Conﬂuente,
1021 4796 1072 4856 in
1117 4805 1255 4860 valle
1288 4805 1628 4864 Secundiano
1658 4818 1710 4864 et
1742 4806 1795 4860 itt

215 4895 337 4949 villa
361 4893 526 4949 Ortos
551 4902 603 4947 et
621 4893 868 4958 Juliolos,
899 4902 952 4946 et
978 4892 1029 4945 in
1057 4893 1314 4957 Flaeano,
1337 4905 1393 4950 et
1422 4896 1473 4949 in
1506 4898 1795 4960 Sodanias,

217 4995 270 5039 et
296 4985 638 5048 Marazanos,
678 4999 732 5043 et
758 4989 810 5042 in
847 4982 1220 5051 Porcinianns,
1254 4993 1311 5040 et
1341 4987 1392 5041 in
1423 4989 1629 5059 Agnes,
1660 5003 1715 5049 et
1745 4990 1798 5045 in

221 5077 388 5138 Eone,
419 5076 473 5129 in
507 5073 691 5142 Evulo,
725 5090 775 5135 et
824 5077 879 5130 in
907 5071 1184 5142 Oreliann,
1229 5084 1286 5130 et
1316 5077 1365 5130 in
1391 5076 1631 5156 Cirlano,
1660 5093 1716 5141 et
1747 5082 1800 5136 in

224 5167 438 5231 'l‘ubirn,
475 5172 530 5218 et
579 5165 630 5220 in
677 5170 942 5227 \‘etesano
995 5165 1118 5222 villa
1151 5167 1492 5238 Canabéllas,
1533 5189 1589 5234 et
1617 5175 1801 5239 Erola,

217 5269 268 5312 et
315 5257 532 5316 Planos.
578 5266 631 5311 et
680 5257 972 5316 Canrilios,
1026 5270 1083 5316 et
1127 5260 1364 5316 Tovegal
1404 5277 1528 5316 cum
1567 5267 1799 5316 npnlnsin

1893 3065 2118 3129 Alcone,
2147 3073 2202 3119 et
2233 3064 2285 3118 in
2315 3063 2596 3136 Salagosa,
2625 3072 2680 3120 et
2710 3065 2762 3119 in
2787 3062 3044 3134 Bajande,
3070 3072 3124 3117 et
3153 3063 3202 3115 in
3234 3061 3486 3120 Estavar.

1896 3166 1951 3210 et
1994 3157 2048 3211 in
2081 3155 2318 3227 Curguja
2347 3157 2649 3226 superiore,
2681 3163 2736 3210 et
2765 3155 2817 3209 in
2849 3154 3038 3208 villare
3068 3152 3316 3216 Nervico,
3345 3161 3400 3206 ct
3431 3151 3487 3205 in

1895 3257 2049 3305 curte
2075 3247 2336 3310 Floridio,
2366 3257 2423 3301 et
2451 3248 2502 3300 in
2534 3247 2724 3308 Eders,
2754 3254 2811 3300 et
2854 3245 2904 3299 in
2933 3244 3170 3307 Unozes,
3200 3253 3252 3296 et
3283 3245 3334 3296 in
3361 3241 3492 3298 Cal-

1897 3339 2066 3408 legas,
2090 3349 2144 3392 et
2194 3339 2244 3391 in
2287 3337 2469 3390 villain
2507 3336 2600 3398 lxi,
2645 3345 2697 3390 et
2742 3337 2795 3390 in
2841 3336 3018 3388 villam
3064 3335 3300 3396 Lnbinti,
3335 3341 3390 3386 ct
3435 3334 3490 3386 in

1897 3431 2088 3483 eodem
2142 3429 2403 3482 comitatu
2457 3429 2642 3481 villam
2694 3426 3026 3496 Eragolisam
3078 3440 3198 3478 cum
3254 3422 3490 3478 ecclesia

1899 3520 2083 3575 Sancti
2113 3519 2320 3582 Jacobi,
2348 3536 2469 3572 cum
2503 3519 2726 3572 decimis
2758 3527 2812 3572 et
2839 3515 3114 3586 primitiis,
3149 3525 3201 3569 et
3233 3515 3494 3569 omnibus

1899 3615 2062 3670 rebus
2103 3613 2169 3666 ad
2219 3627 2277 3667 se
2319 3612 2736 3682 pertinentibus,
2765 3610 2972 3664 alodem
3019 3609 3084 3662 de
3119 3607 3309 3677 Eucig,
3340 3615 3395 3660 et
3425 3606 3494 3660 de

1901 3707 2041 3761 Lora
2071 3704 2204 3759 etin
2230 3704 2465 3769 Araone,
2495 3711 2549 3758 et
2579 3702 2630 3756 in
2660 3703 2953 3769 Exenegia,
2981 3711 3032 3754 et
3062 3700 3114 3753 in
3147 3700 3271 3774 villa
3299 3698 3489 3752 Sancti

1901 3796 2138 3860 Martini,
2183 3806 2238 3850 et
2260 3795 2504 3857 Ysavals,
2532 3795 2662 3849 etin
2699 3794 2898 3848 Sancta
2928 3791 3154 3857 Eulalia,
3181 3801 3238 3845 et
3263 3792 3316 3845 in
3348 3789 3496 3844 valle

1901 3887 2142 3944 Chcirol.
2174 3887 2302 3942 Item
2331 3887 2382 3939 in
2409 3884 2719 3941 Palleriolos
2742 3885 2996 3954 parochia
3023 3882 3207 3938 Sancti
3241 3883 3488 3938 Thamar.

1903 3996 2023 4050 qua:
2054 3990 2137 4035 est
2169 3982 2220 4034 in
2253 3978 2564 4046 Ventajola,
2613 3992 2735 4033 eum
2777 3975 3000 4032 decimis
3029 3984 3082 4029 et
3116 3974 3402 4044 primitiis;
3437 3981 3493 4025 et

1908 4075 1960 4128 in
2002 4073 2194 4128 eadem
2237 4070 2359 4125 villa
2390 4071 2597 4125 alodem
2626 4069 2804 4123 villam
2835 4068 3068 4124 V’nlvirri
3103 4083 3223 4120 cum
3255 4066 3494 4122 ecclesia

1905 4166 2122 4219 Sancta:
2148 4162 2390 4218 Caecilia:
2433 4178 2554 4216 enm
2597 4162 2823 4215 decimis
2849 4169 2903 4215 et
2942 4158 3227 4229 primitiis;
3268 4165 3323 4212 et
3350 4155 3494 4224 ejus-
3569 4195 3573 4202 -

1905 4255 2033 4322 dem
2063 4254 2200 4308 villae
2225 4252 2434 4306 alodem
2463 4267 2583 4306 cum
2625 4253 2793 4306 servis
2821 4262 2874 4304 et
2903 4249 3133 4314 ancillis,
3161 4257 3215 4303 et
3241 4249 3499 4303 omnibus

1908 4350 2071 4405 rebus
2099 4349 2165 4403 ad
2196 4347 2444 4402 eumdem
2486 4345 2662 4399 locum
2705 4345 3123 4416 pertinentibus,
3155 4359 3275 4398 eum
3311 4342 3496 4395 termi~

1902 4442 1990 4496 nis
2021 4450 2074 4495 et
2105 4440 2301 4494 ﬁnibus
2345 4447 2449 4491 tam
2484 4437 2714 4492 ecclesia
2747 4453 2908 4506 quam
2946 4435 3161 4499 alodes;
3200 4433 3497 4487 ecclesiam

1903 4530 2118 4586 Sancttr.
2157 4529 2408 4599 Eugeniae
2446 4542 2569 4582 cum
2613 4527 2838 4582 decimis
2878 4535 2932 4581 et
2973 4525 3250 4596 primitiis,
3285 4533 3339 4577 et
3372 4538 3499 4577 cum

1900 4619 2057 4675 alode
2091 4620 2158 4675 de
2189 4617 2435 4691 Sagano;
2472 4619 2682 4673 alodem
2727 4620 2780 4674 in
2811 4618 2938 4672 villa
2968 4618 3112 4682 Albi,
3141 4624 3196 4669 et
3225 4614 3412 4667 vineas
3445 4617 3502 4668 in

1902 4714 2134 4768 termino
2179 4711 2246 4767 de
2287 4711 2480 4780 lsogal.
2528 4712 2595 4766 Et
2634 4711 2684 4764 in
2721 4712 2845 4765 villa
2876 4711 3091 4771 Cnrtes,
3120 4715 3174 4761 et
3203 4706 3255 4758 in
3299 4704 3504 4762 lunca-

1905 4803 2050 4868 rias,
2089 4810 2145 4857 et
2186 4801 2238 4855 in
2281 4801 2622 4866 Cerconeda,
2667 4809 2724 4855 et
2778 4801 2830 4854 in
2875 4799 3132 4854 Aranl‘er.
3177 4796 3399 4850 Alodem
3452 4799 3510 4854 in

1906 4897 2032 4951 villa
2069 4892 2340 4958 Palazold,
2372 4903 2425 4947 et
2457 4893 2510 4946 in
2539 4895 2789 4963 Anauga,
2821 4898 2875 4944 et
2905 4889 3084 4962 Oloja,
3111 4897 3162 4943 et
3192 4887 3242 4941 in
3272 4887 3514 4954 Palazio,

1909 4998 1964 5046 et
1992 4991 2045 5044 in
2077 4986 2206 5042 villa
2235 4985 2427 5046 Coma,
2461 4992 2514 5037 et
2545 4983 2596 5036 in
2641 4983 2766 5037 villa
2799 4983 3002 5040 Boreo.
3035 4990 3089 5036 et
3128 4979 3178 5032 in
3209 4977 3518 5042 Chrxanos,

1911 5090 1966 5136 et
1995 5081 2046 5134 in
2078 5075 2252 5140 Estol,
2286 5075 2338 5128 in
2368 5071 2494 5126 villa
2520 5071 2749 5127 Adacio.
2783 5074 2836 5128 In
2885 5073 3121 5127 ecclesia
3159 5067 3341 5122 Sancti
3374 5068 3522 5124 Lau-

1914 5173 2071 5227 rentii
2118 5176 2325 5239 partem
2374 5181 2534 5232 quam
2581 5162 2734 5218 dedit
2782 5163 3050 5220 Wisatitts
3097 5171 3150 5218 ct
3193 5174 3358 5229 nepos
3403 5164 3525 5232 ejus

1913 5263 2249 5316 \Villehnus;
2312 5254 2522 5309 alodem
2577 5255 2629 5308 in
2698 5257 2830 5311 villa
2893 5255 3268 5313 Senovastre;
3335 5251 3524 5306 villam
