3984 5316
427 229 560 286 1507

1740 226 1968 285 SEBGII
1996 225 2065 282 ιν
2106 224 2310 283 ΡΔΡ.Ε
2330 224 2337 229 ’

3565 233 3702 290 1508

420 350 487 403 de
532 346 659 403 villa
704 344 973 401 Tarteria'
1001 360 1126 400 cum
1181 344 1409 402 decimis
1454 354 1512 400 et
1561 344 1819 414 primitiis
1872 345 2004 400 suis.
2034 349 2083 407 Α
2121 341 2270 405 villa,
2321 342 2565 411 itemque
2614 340 2901 398 ecclesiam
2945 340 3161 402 Sancte
3207 345 3532 415 Felicitatis,
3582 365 3706 419 qua

419 439 724 493 Ecclesiam
754 436 939 491 Sancti
984 436 1213 490 Andreas
1259 435 1314 489 in
1360 435 1482 490 villa
1515 434 1788 506 Batturga,
1822 445 1876 489 et
1902 435 2000 490 ibi-

421 531 542 586 dem
574 529 806 583 alodem.
841 528 894 582 ln
935 527 1061 581 villa
1098 526 1299 582 Telone
1325 527 1611 582 ecclesiam
1658 525 1841 580 Sancti
1878 526 2006 580 Vin-
2048 548 2051 550 ·

422 620 589 675 centii
633 634 753 688 quae
801 618 903 671 sita
951 628 1035 671 est
1079 617 1130 671 in
1176 617 1301 687 pujo
1346 634 1468 672 cum
1519 617 1672 671 alodc
1716 633 1834 683 suo,
1866 625 1922 672 et
1950 618 2003 673 in

424 712 613 764 eadem
662 710 787 762 villa
833 708 1042 762 alodem
1089 709 1273 766 alium.
1320 709 1387 762 Et
1426 709 1478 763 in
1526 708 1661 762 valle
1709 707 2003 773 Baritana,

422 800 475 852 in
510 799 637 851 villa
668 799 1009 852 Monteliano‘
1044 798 1257 854 alodem
1292 815 1416 853 cum
1447 797 1564 867 ejus
1599 798 1794 853 ﬁnibus
1822 810 1877 853 et
1906 801 2005 853 ad-

415 887 708 957 jacentiis;
756 899 809 943 ct
848 889 901 943 in
936 888 1059 942 villa
1104 888 1209 943 Bar
1235 889 1447 944 alodem
1486 905 1609 944 cum
1650 888 1768 957 ejus
1809 888 2007 943 finibus

422 980 479 1032 in
526 979 773 1047 plurimis
822 979 989 1045 locis;
1041 987 1097 1033 et
1147 980 1199 1034 in
1256 982 1513 1035 comitatu
1552 981 1907 1050 Urgellitauo,
1950 980 2005 1034 in

423 1068 548 1122 villa
574 1068 787 1124 Cabrils
820 1070 1028 1124 alodem
1060 1072 1150 1140 qui
1184 1070 1285 1125 fuit
1311 1072 1377 1126 de
1404 1070 1694 1128 Undiseolo
1721 1072 2005 1127 monacho.

427 1160 775 1230 Quaecunque
816 1170 998 1214 autem
1046 1163 1208 1218 habet
1236 1146 1389 1218 idem
1426 1164 1735 1219 cmttobium
1776 1164 1827 1217 in
1866 1179 2007 1234 pra:-

432 1251 597 1305 diCIis
646 1252 994 1310 comitatibus
1039 1268 1134 1307 seu
1182 1252 1347 1317 locis,
1401 1253 1687 1307 statuimus
1722 1261 1885 1321 atque
1923 1254 2011 1307 deo

425 1341 700 1393 cernimus
722 1339 846 1408 juie
878 1350 1136 1410 perpetuo
1167 1342 1508 1411 possidenda,
1535 1351 1589 1396 et
1616 1344 1817 1411 absque
1848 1342 2009 1397 ullius

426 1429 801 1500 inquietudine
855 1433 1105 1487 tenenda.
1159 1434 1214 1487 In
1264 1434 1524 1489 comitatu
1565 1450 1691 1489 vero
1731 1433 2009 1489 Cerdauiae

425 1519 610 1573 villam
646 1535 806 1589 quam
848 1530 1045 1575 vocant
1095 1521 1393 1587 Rivolorto,
1424 1539 1545 1577 cum
1590 1522 1786 1577 finibus
1815 1533 1869 1577 ct
1896 1533 2006 1576 tcr—

431 1608 594 1662 minis
644 1612 785 1675 suis;
839 1610 1094 1664 similiter
1142 1612 1320 1666 villatn
1381 1613 1446 1667 de
1496 1613 1831 1684 Montcnigro
1884 1629 2008 1668 cum

2107 433 2217 487 sita
2248 442 2332 488 est
2366 433 2420 488 in
2468 432 2798 488 Castellione
2832 449 2955 489 cum
2998 437 3112 490 suis
3158 438 3429 502 alodibus,
3472 440 3529 493 in
3571 440 3733 502 villa;

2107 472 2217 487 σε...
2249 472 2332 488 νυ.
2366 472 2420 488 ιιι
2469 472 2798 488 νκυιιυινιιν
2833 472 2955 489 νιηιι
2998 472 3112 490 συιδ
3158 472 3429 502 alvu-uua,
3472 472 3529 493 ιιι
3579 472 3702 494 νιικ

2106 522 2382 588 Favarios,
2412 532 2464 578 et
2488 524 2538 577 in
2565 522 2862 595 liegulella,
2883 534 2937 580 et
2963 525 3015 579 in
3041 525 3322 590 Tiriliano,
3350 538 3407 582 et
3430 529 3483 582 iu
3506 472 3744 652 (ἰωῇ-ζ’

2106 611 2239 652 hinc,
2276 622 2323 652 pl
2360 613 2409 652 in
2434 611 2679 652 Dlmmina
2704 630 2716 643 ο
2744 613 2950 652 nimiam
2981 615 3144 652 Aliam
3169 617 3234 652 .ln
3265 617 3386 652 villo
3418 618 3676 652 Quom-ia

2106 611 2247 677 nias,
2276 622 2329 665 et
2358 613 2410 666 in
2433 611 2679 668 Pleucios
2703 630 2716 667 :
2742 613 2951 668 alodem
2981 615 3146 669 etiam
3169 617 3234 670 de
3265 617 3390 671 villa
3417 618 3702 680 Saccaria.

2108 710 2163 755 et
2197 702 2263 756 de
2292 701 2529 765 Palmas,
2578 705 2722 758 etde
2758 702 2962 773 Campo
2990 702 3210 770 Ursino,
3250 717 3306 760 et
3329 707 3399 760 de
3427 690 3713 773 Pctralas,I

2106 799 2165 846 σι
2195 790 2263 845 de
2288 790 2568 847 Curbones
2592 800 2647 845 et
2677 791 2744 848 de
2780 791 2994 859 anne,
3024 802 3081 849 et
3108 795 3177 848 de
3202 796 3621 863 Coum-Calida,
3649 808 3710 854 et

2107 881 2469 948 Porcilianos,
2500 893 2557 938 et
2586 886 2652 939 de
2683 885 2807 939 villa
2836 884 3034 951 Pratis,
3079 896 3136 940 et
3163 888 3230 942 de
3270 888 3620 953 Pricilianos,
3649 898 3711 944 ct

2108 972 2175 1027 de
2220 973 2526 1039 Cabannas,
2573 985 2628 1030 et
2679 973 2748 1030 de
2800 975 3017 1031 Virano.
3062 978 3128 1031 Et
3176 979 3231 1032 in
3291 978 3432 1032 valle
3482 977 3707 1033 Sancta:

2109 1061 2290 1117 Mariae
2339 1063 2569 1128 alodem,
2625 1063 2722 1120 5rd
2770 1074 2824 1119 ct
2878 1066 3069 1120 vallem
3113 1067 3326 1122 Sancta:
3376 1062 3602 1129 Crucis,
3649 1077 3710 1122 et

2107 1154 2418 1223 archangeli
2456 1155 2758 1221 Michaelis,
2794 1166 2844 1210 et
2872 1155 3017 1211 beati
3043 1156 3267 1212 Joannis
3297 1174 3419 1226 quze
3465 1160 3576 1213 sita
3619 1167 3710 1213 est

2111 1259 2166 1299 ιη
2232 1246 2370 1300 valle
2418 1243 2575 1312 Alba,
2622 1262 2745 1301 cum
2789 1247 3016 1304 decimis
3067 1257 3123 1304 et
3175 1251 3465 1321 primitiis;
3510 1252 3613 1305 sed
3648 1260 3709 1305 et

2107 1337 2363 1392 omnibus
2390 1338 2552 1393 rebus
2577 1340 2644 1393 ad
2669 1354 2788 1395 eam
2811 1342 3227 1410 pertinentibus.
3256 1343 3510 1398 Castrum
3534 1345 3705 1398 etiam

2112 1425 2296 1481 Sancti
2328 1427 2609 1483 Laurentii
2637 1445 2762 1484 cum
2788 1430 2978 1484 eadem
3010 1431 3275 1497 Ecclesia,
3300 1434 3396 1487 sed
3423 1443 3481 1487 et
3500 1442 3704 1487 cuncta

2112 1520 2180 1572 ad
2228 1520 2477 1575 eamdem
2522 1519 2719 1574 vallem
2774 1522 3103 1591 pertinentia
3141 1540 3155 1576 :
3191 1523 3400 1579 alodem
3451 1524 3523 1580 de
3580 1523 3705 1578 villa

2110 1611 2423 1675 Attendido,
2464 1621 2515 1665 et
2557 1612 2610 1665 in
2662 1612 2987 1679 Cbuuosolo,
3034 1624 3087 1669 et
3134 1614 3188 1668 in
3235 1614 3497 1675 Buliaco.
3533 1623 3594 1669 et
3648 1615 3705 1667 in

423 1701 652 1756 ecclesia
687 1701 869 1756 Sancti
910 1702 1171 1771 Stephani
1208 1721 1332 1759 cum
1383 1706 1609 1760 decimis
1658 1715 1713 1759 et
1750 1706 2011 1777 primitiis
2042 1699 2084 1756 B
2113 1701 2394 1767 Conredo;
2421 1704 2550 1756 etin
2579 1704 2838 1757 comitatu
2873 1704 3106 1760 Redensi
3134 1707 3187 1759 in
3230 1706 3352 1759 villa
3388 1704 3708 1760 Brevazello

423 1793 570 1857 suis;
598 1789 689 1847 sed
721 1803 773 1846 et
798 1793 848 1847 in
877 1795 1135 1848 comitatu
1164 1794 1456 1866 Bergitano
1486 1797 1664 1869 villam
1700 1795 2013 1867 Spiojiolam

426 1903 551 1940 eum
604 1887 834 1943 ecclesia
889 1888 1075 1944 Sancti
1124 1890 1456 1957 Clementis,
1506 1909 1631 1948 cum
1684 1894 1910 1948 decimis
1960 1903 2016 1949 et

428 1982 684 2050 primitiis
707 1991 760 2036 et
797 1984 1049 2037 omnibus
1086 1983 1155 2038 ad
1199 2000 1256 2039 se
1296 1986 1694 2056 pertinentibus
1740 1986 1922 2050 rebus,
1960 1994 2016 2040 et

430 2071 641 2126 alodem
688 2074 755 2127 de
804 2073 1087 2140 Cleirano,
1138 2084 1302 2146 atque
1350 2077 1401 2130 in
1448 2076 1605 2131 Petra
1653 2077 1833 2144 furno,
1863 2086 1918 2132 et
1960 2078 2013 2132 in

434 2158 707 2221 Herenna,
751 2170 807 2215 et
852 2168 905 2215 in
949 2161 1113 2217 V'iver
1159 2166 1226 2219 de
1255 2164 1632 2220 Castraserras
1680 2165 1886 2219 alodem
1924 2165 2013 2236 qui

429 2246 536 2303 fuit
581 2250 650 2303 de
693 2250 829 2305 Onia
882 2254 1179 2320 monacho;
1230 2262 1285 2308 et
1335 2256 1391 2309 in
1436 2255 1656 2311 Wardia
1707 2256 1913 2311 alodem
1961 2269 2018 2313 et

427 2338 719 2393 ecclesiam
764 2340 978 2395 Sancta:
1024 2341 1205 2398 Mariae
1247 2360 1370 2398 cum
1417 2347 1532 2401 suis
1565 2349 1747 2413 rebus,
1781 2357 1836 2402 et
1869 2348 2016 2403 alan-

336 2478 341 2479 ,
426 2432 550 2487 dem
589 2433 641 2486 in
672 2433 794 2487 villa
826 2433 1116 2500 Crosilios;
1154 2437 1283 2491 item
1328 2438 1382 2492 in
1416 2438 1553 2491 valle
1588 2439 1924 2507 Conﬂuente,
1960 2444 2014 2496 in

426 2521 552 2576 villa
583 2522 801 2585 Astoer,
832 2533 886 2578 et
917 2525 969 2577 in
996 2526 1291 2593 Aspicano,
1328 2536 1384 2582 et
1419 2527 1471 2583 in
1510 2529 1752 2585 Pcnedcs
1781 2531 2014 2588 alodem.

428 2612 487 2667 In
520 2612 645 2666 villa
693 2612 995 2680 Fenestret,
1026 2626 1081 2671 et
1126 2616 1182 2670 in
1231 2616 1441 2683 Saorla,
1475 2628 1530 2672 et
1576 2620 1629 2674 in
1671 2620 1934 2685 Vincam),
1962 2631 2019 2676 et

429 2705 482 2758 in
518 2702 728 2771 Vilella,
755 2714 803 2759 et
839 2707 890 2760 in
919 2706 1255 2776 Rigerdano,
1284 2721 1339 2764 et
1381 2710 1433 2764 in
1467 2713 1678 2779 Vallils,
1715 2722 1769 2768 et
1800 2715 1853 2769 in
1879 2715 2017 2777 Are-

432 2796 645 2861 nianes,
674 2806 731 2851 et
767 2797 817 2850 in
861 2797 1194 2864 Ghuvianas,
1230 2801 1282 2854 in
1322 2801 1404 2856 his
1435 2804 1685 2859 omnibus
1728 2805 1930 2871 alodes,
1963 2816 2017 2862 et

430 2885 623 2941 villare
694 2886 968 2941 Erzillano
1025 2889 1236 2945 alodem
1308 2892 1400 2963 qui
1466 2892 1569 2948 fuit
1630 2895 1697 2949 de
1761 2896 2016 2965 Durando

431 2976 787 3047 presbytero,
833 2978 1030 3034 vallem
1079 2981 1346 3047 Stabiam,
1387 2998 1511 3051 cum
1554 2986 1784 3041 ecclesia
1831 2986 2016 3045 Sancti

2116 1789 2347 1844 alodem.
2398 1790 2459 1845 In
2505 1792 2766 1847 comitatu
2814 1792 3083 1849 Tolosano
3131 1795 3419 1850 ecclesiam
3483 1794 3709 1848 Sancta

2116 1880 2297 1937 Maria:
2327 1870 2447 1953 qua:
2477 1886 2578 1938 sita
2603 1894 2685 1940 est
2711 1886 2851 1941 inter
2877 1888 3011 1941 duas
3034 1902 3222 1956 aquas,
3243 1903 3365 1943 cum
3391 1886 3627 1942 decimis
3650 1892 3713 1941 et

2114 1973 2370 2041 primitiis
2411 1956 2475 2029 ἓι
2534 1990 2657 2029 cum
2712 1978 2964 2031 omnibus
3020 1977 3268 2032 alodibus
3328 1978 3397 2033 ad
3452 1968 3737 2033 eamdem'

2115 2063 2401 2118 ecclesiam
2458 2066 2881 2135 pertinentibus,
2915 2083 3038 2122 cum
3079 2069 3236 2138 aquis
3286 2077 3343 2122 et
3392 2066 3713 2138 piscatoriis

2114 2162 2171 2207 et
2211 2156 2481 2221 vernctis;
2526 2156 2738 2211 alodem
2784 2159 2849 2213 de
2886 2158 3112 2229 Algares
3157 2160 3514 2220 subteriores.
3561 2159 3708 2214 etin

2116 2244 2342 2316 Algares
2384 2249 2695 2317 superiores
2724 2250 3067 2304 medietatem
3108 2250 3353 2306 ecclesia:
3381 2250 3569 2304 Saneti
3603 2248 3705 2305 Ju-

2116 2335 2265 2403 liani,
2293 2349 2348 2394 et
2378 2340 2724 2395 medietatem
2764 2341 2832 2396 de
2854 2342 3105 2398 omnibus
3128 2357 3249 2411 Quae
3286 2344 3354 2395 ad
3385 2357 3508 2396 eam
3537 2341 3711 2412 pet-tio

2118 2437 2273 2494 nent,
2301 2440 2354 2484 et
2386 2431 2621 2494 alodem,
2671 2440 2727 2485 et
2766 2432 2962 2487 boscos
2987 2449 3002 2485 :
3032 2442 3085 2487 et
3126 2435 3179 2487 in
3213 2432 3337 2486 villa
3368 2430 3710 2486 Texonarias

2117 2518 2403 2573 ecclesiam
2451 2521 2636 2575 Sancti
2675 2521 2889 2576 Martini
2934 2537 3056 2576 cum
3092 2523 3319 2577 decimis
3358 2532 3413 2578 et
3448 2521 3709 2591 primitiis

2117 2610 2438 2679 cunctisque
2467 2610 2629 2665 rebus
2659 2614 2727 2665 ad
2760 2628 2880 2665 eam
2914 2613 3333 2682 pertinentibus,
3362 2614 3457 2669 sed
3487 2614 3704 2667 alodem

2119 2708 2171 2753 et
2197 2700 2411 2763 boscos,
2452 2710 2507 2755 et
2554 2700 2765 2756 alodem
2800 2704 2865 2756 de
2905 2702 3282 2767 Cortevillica,
3323 2711 3379 2758 et
3415 2704 3467 2757 in
3514 2702 3710 2756 villaro

2118 2788 2283 2862 Fagia
2313 2791 2548 2856 alodem,
2584 2802 2641 2848 et
2684 2793 2738 2848 in
2785 2794 2909 2847 villa
2943 2795 3161 2849 Bexano
3187 2795 3395 2850 alodem
3423 2805 3477 2848 et
3501 2793 3709 2849 molen-

2121 2884 2335 2947 dinnm,
2375 2893 2431 2938 et
2473 2884 2526 2937 in
2567 2884 2883 2953 Artennago
2914 2884 3201 2940 ecclesiam
3245 2885 3430 2941 Sancti
3460 2882 3709 2953 Quintiai

2122 2986 2245 3027 cum
2275 2971 2503 3028 decimis
2529 2982 2583 3027 et
2616 2974 2893 3043 primitiis,
2923 2983 2979 3030 et
3005 2975 3216 3030 alodem
3260 2977 3315 3032 in
3339 2977 3531 3033 eodem
3560 2976 3703 3040 loco,
3748 3048 3751 3049 ν

432 3066 666 3121 Δηὼ-(ξω
712 3082 835 3122 cum
882 3070 1109 3127 decimis
1148 3079 1205 3126 ει
1250 3073 1506 3143 primitiis
1539 3076 1652 3131 suis
1686 3094 1697 3129 ε
1733 3077 1785 3130 in
1827 3082 2016 3134 eadm.
2045 3058 2089 3119 C
2121 3066 2253 3118 etin
2305 3065 2594 3135 Ambliago
2632 3065 2843 3120 alodem
2885 3075 2940 3121 et
2976 3066 3345 3122 molemlinum
3378 3083 3501 3123 cum
3544 3074 3709 3137 caput

429 3160 572 3216 valle
605 3161 755 3217 villas
796 3178 918 3217 cum
952 3165 1197 3220 terminis
1221 3175 1276 3221 et
1305 3167 1524 3230 finibus,
1558 3169 1709 3225 silvis
1735 3179 1790 3225 et
1818 3172 2015 3226 mon'i-

433 3250 570 3318 bus;
621 3253 751 3307 item
808 3251 1014 3309 Vallem
1074 3256 1320 3327 Magnam
1367 3274 1489 3313 cum
1545 3260 1775 3315 ecclesia
1831 3261 2014 3317 Sancti

437 3342 708 3401 Vincentii
752 3361 874 3402 cum
919 3350 1146 3406 decimis
1194 3361 1250 3407 et
1295 3335 1570 3421 primitiis,
1612 3370 1733 3409 cum
1775 3356 2020 3412 terminis

432 3444 491 3491 et
549 3436 779 3504 ﬁnibus,
816 3438 972 3494 silvis
1015 3448 1067 3496 et
1110 3424 1346 3496 (collibus
1403 3443 1472 3498 ad
1531 3447 1777 3501 eamdem
1823 3446 2015 3504 vallem

436 3525 836 3595 pertinentibus
876 3542 892 3582 :
939 3528 1166 3585 Alodcm
1216 3532 1284 3587 de
1334 3532 1463 3588 Bula
1511 3548 1632 3588 cum
1688 3537 1931 3592 terminis
1965 3547 2018 3592 et

433 3613 665 3683 ﬁnibus,
694 3626 748 3670 et
778 3616 989 3673 alodem
1018 3619 1087 3673 de
1119 3620 1296 3677 Insula
1331 3636 1425 3677 seu
1454 3623 1520 3678 de
1543 3622 1835 3693 Ragollella
1858 3637 2019 3697 atque

430 3704 498 3759 de
528 3703 745 3774 Nisiago
771 3716 824 3761 et
852 3707 918 3761 de
944 3709 1067 3764 villa
1097 3709 1396 3776 Milliarios,
1420 3721 1475 3766 et
1507 3712 1575 3768 de
1607 3712 1810 3770 Sancto
1839 3716 2017 3773 Felice

432 3794 733 3866 superiore,
783 3811 877 3850 seu
925 3797 991 3852 de
1039 3787 1240 3854 Sancto
1285 3800 1465 3856 Felice
1500 3803 1804 3859 subteriore
1838 3822 1853 3859 :
1888 3807 2015 3860 item

431 3884 642 3940 alodem
684 3888 751 3941 de
776 3887 1092 3954 Vallelorta,
1126 3899 1182 3945 et
1230 3893 1296 3945 de
1350 3892 1523 3948 Lucas
1553 3896 1699 3950 etde
1731 3894 2014 3954 Curbaria.

437 3973 505 4028 Et
530 3974 583 4027 in
614 3974 789 4029 locum
822 3993 979 4046 quem
1012 3989 1208 4034 vocant
1239 3982 1466 4049 Insulas,
1508 3992 1681 4040 terras
1714 3995 1768 4041 et
1798 3988 2013 4055 vineas;

435 4076 492 4121 ct
542 4067 752 4122 alodem
791 4071 856 4125 de
910 4069 1318 4139 Valleventosa;
1354 4085 1409 4129 et
1457 4074 1510 4128 in
1538 4077 1702 4147 pugio
1745 4077 2015 4147 Buscano,

431 4165 487 4210 et
514 4158 566 4211 in
593 4159 730 4214 valle
746 4161 937 4230 Asperi
961 4163 1172 4217 alodem
1198 4164 1263 4219 de
1284 4164 1580 4232 Vernedas,
1605 4180 1659 4223 et
1683 4169 1735 4223 in
1761 4170 2014 4239 Molledl,

437 4253 493 4299 et
536 4247 746 4303 alodem
796 4251 860 4305 de
889 4252 1116 4317 Crodos,
1156 4264 1209 4310 et
1248 4258 1314 4310 de
1342 4256 1668 4324 Salvaticos,
1711 4262 1859 4316 etde
1890 4265 2017 4319 villa

434 4335 687 4393 Paladolo
716 4357 728 4393 :
758 4349 813 4395 et
860 4343 914 4396 in
944 4346 1203 4401 comitatu
1247 4348 1647 4406 Rosselionensi
1692 4350 1745 4405 iu
1769 4353 1893 4407 villa
1931 4356 2020 4410 Ti-

436 4427 555 4481 viro
587 4428 794 4484 alodem
842 4447 963 4487 cum
1009 4435 1204 4491 linilms
1233 4448 1285 4492 et
1317 4440 1583 4505 terminis,
1615 4450 1669 4497 et
1716 4430 1927 4500 alodem
1953 4447 2018 4502 de

436 4514 586 4572 fonte
617 4516 896 4584 Centuria,
942 4530 996 4577 et
1025 4526 1091 4579 de
1134 4525 1384 4592 Reliano,
1427 4536 1483 4583 et
1516 4530 1566 4583 in
1597 4530 1789 4587 villare
1819 4533 2016 4591 llilano

434 4606 648 4665 alodem
712 4611 805 4681 qui
862 4611 965 4668 fuit
1016 4616 1082 4670 de
1141 4616 1435 4685 Bonisilio;
1505 4623 1745 4694 itemque
1805 4624 2014 4682 alodem

436 4700 633 4758 Basoni
671 4702 803 4783 eum,
835 4705 1063 4761 ecclesia
1097 4700 1282 4764 Sancti
1314 4708 1581 4767 Vincentii
1626 4728 1748 4769 cum
1794 4717 2035 4789 decimis

439 4806 493 4851 et
522 4797 776 4868 primitiis
829 4800 1146 4871 cunctisque
1199 4803 1358 4858 rebus
1400 4804 1466 4857 ad
1502 4819 1562 4860 se
1597 4806 2014 4875 pertinentibus,

358 4948 363 4955 θ
439 4903 561 4943 cum
601 4888 799 4946 ﬁnibus
846 4903 903 4947 et
941 4893 1188 4948 terminis
1236 4894 1369 4960 suis,
1420 4904 1476 4950 ct
1524 4896 1735 4954 alodem
1775 4899 1843 4954 de
1873 4898 2021 4965 .Cau-

444 4988 594 5002 "‘““
714 4982 726 4996 '
786 4983 886 5008 ""“
960 4983 1022 5014 ’³η
1083 4982 1431 5030 δριντιοίῖιηρρ
1484 5000 1607 5030 mum
1671 4990 1916 5030 Ini-mini:
1968 4999 2019 5030 nt

2121 3155 2279 3225 aquis
2344 3166 2400 3209 et
2458 3157 2809 3227 piscatoriis,
2868 3167 2925 3213 et
2990 3159 3043 3213 in
3098 3158 3308 3227 Viliago
3375 3158 3588 3215 alcdem
3650 3168 3709 3214 et

2121 3243 2527 3310 molendinnm,
2570 3255 2624 3300 et
2670 3246 2722 3300 in
2765 3246 3021 3303 Miliarias
3057 3248 3343 3304 ecclesiam
3388 3248 3575 3303 Sancti
3608 3247 3708 3303 Sa-

2123 3335 2328 3389 turnini
2367 3351 2490 3389 cum
2521 3337 2774 3392 omnibus
2822 3339 2985 3393 rebus
3023 3341 3091 3394 ad
3130 3354 3251 3394 eam
3283 3340 3704 3411 pertinentibus,

2119 3436 2178 3482 et
2234 3426 2432 3482 ibidem
2485 3426 2694 3483 alodem
2752 3445 2766 3484 :
2813 3430 2880 3484 Et
2939 3430 2992 3485 in
3040 3431 3314 3501 provincia
3368 3429 3706 3489 Narbonensi

2121 3516 2333 3572 alodem
2359 3518 2426 3573 de
2463 3518 2651 3575 villare
2676 3519 2912 3574 Aldrado
2941 3537 2954 3575 :
2984 3520 3050 3575 Et
3079 3523 3132 3575 in
3165 3522 3428 3577 comitatu
3453 3521 3705 3577 Bisuldu-

2120 3609 2274 3666 neusi
2303 3609 2483 3664 villam
2514 3609 2749 3665 Centens
2787 3626 2909 3667 cum
2961 3613 3158 3668 ﬁnibus
3202 3623 3258 3669 et
3292 3614 3540 3669 terminis
3571 3613 3703 3677 suis,

2120 3713 2176 3756 et
2201 3703 2409 3759 alodem
2441 3707 2507 3760 de
2534 3705 2786 3775 Maliano,
2814 3716 2868 3763 et
2897 3709 3182 3765 ecclesiam
3207 3709 3392 3765 Sancti
3421 3707 3705 3763 Michaelis

2122 3794 2189 3849 de
2231 3795 2608 3857 Ortomadario
2636 3798 2774 3855 cum
2824 3802 3052 3856 decimis
3093 3812 3147 3856 et
3185 3802 3443 3872 primitiis
3481 3810 3539 3855 et
3583 3814 3705 3855 cum

2125 3889 2375 3944 eamdem
2424 3890 2607 3944 villam
2635 3933 2649 3956 ,
2701 3902 2758 3947 et
2804 3893 2857 3947 in
2907 3893 3144 3949 Cantens
3187 3893 3423 3949 alodem.
3466 3893 3559 3963 qui
3605 3891 3707 3946 fuit

2125 3977 2356 4047 Odonis,
2387 3990 2442 4035 et
2466 3981 2673 4036 alodem
2712 3983 2779 4039 de
2807 3983 3073 4051 Mancval,
3101 3996 3151 4040 et
3188 3986 3398 4040 alodem
3436 3986 3504 4039 de
3530 3983 3708 4039 Monte

2123 4068 2353 4138 Canum,
2386 4082 2441 4127 et
2474 4073 2540 4128 de
2570 4073 2832 4139 Sallellas,
2882 4087 2938 4131 et
2969 4076 3021 4131 in
3063 4077 3319 4131 comitatu
3352 4076 3705 4146 lmpurdano,

2124 4158 2334 4216 alodem
2385 4162 2450 4216 de
2498 4163 2846 4232 Castellione,
2897 4176 2961 4222 et
2994 4167 3279 4222 ecclesiam
3321 4168 3387 4221 de
3444 4166 3709 4222 Flaviano

2124 4244 2248 4305 cuin
2308 4254 2422 4309 suis
2484 4256 2732 4310 terminis
2778 4267 2835 4312 et
2888 4258 3234 4328 pertinentiis
3278 4276 3292 4313 :
3339 4258 3394 4312 in
3443 4259 3707 4314 comitatu

2129 4343 2555 4403 Barchinonensi
2582 4350 2636 4403 in
2673 4348 2907 4404 Lanaria
2934 4351 3143 4405 alodem
3173 4352 3264 4422 qui
3297 4351 3399 4406 fuit
3424 4352 3496 4407 de
3532 4351 3711 4408 Abba.

2127 4440 2264 4506 rich,
2294 4449 2350 4495 et
2377 4458 2429 4496 tn
2472 4444 2662 4497 eadem
2696 4444 2917 4499 civitate
2956 4444 3168 4501 alodem
3202 4457 3376 4502 terras
3408 4456 3465 4503 et
3491 4448 3710 4513 vineas;

2126 4527 2193 4584 Et
2231 4529 2284 4584 in
2321 4530 2479 4596 Orta,
2507 4533 2646 4586 etin
2686 4531 2972 4600 Romanet,
3010 4545 3067 4590 et
3106 4536 3160 4590 in
3202 4536 3571 4592 Fcnestrellas
3599 4538 3712 4592 alo-

2124 4623 2248 4689 des;
2294 4633 2350 4679 et
2391 4625 2446 4680 in
2485 4626 2768 4684 Balneolos
2788 4628 3033 4697 alodem;
3064 4630 3117 4686 in
3149 4633 3410 4688 comitatu
3446 4632 3710 4697 \‘allensi,

2125 4712 2180 4767 in
2226 4713 2475 4787 Mogoda,
2538 4727 2594 4774 et
2637 4720 2690 4775 in
2740 4720 3047 4786 Gallecbes,
3103 4733 3157 4777 et
3204 4724 3257 4778 in
3305 4723 3509 4791 Tenes,
3561 4737 3619 4782 et
3659 4730 3711 4782 in

2124 4801 2373 4872 Olineto,
2414 4818 2472 4863 et
2519 4808 2573 4864 in
2632 4809 2936 4879 Palaciolo,
2986 4824 3040 4869 et
3090 4815 3143 4870 in
3196 4814 3519 4886 Petraﬁtta,
3556 4829 3616 4874 et
3658 4820 3714 4875 in

2123 4893 2357 4963 Aspicell
2406 4897 2619 4964 alodes;
2673 4901 2740 4957 Et
2790 4902 2844 4957 in
2905 4905 3126 4961 civitate
3160 4905 3474 4963 ‘Minorissa
3527 4912 3717 4967 alodes

2124 4986 2215 5030 (Illi
2249 4984 2463 5030 rllﬂl‘llnl
2504 4991 2793 5030 ΑιιιΙρςῖηιΙῖ
2821 4996 3069 5030 nanuonhi
3128 4996 3185 5030 I'o‘l
3224 4997 3275 5030 in
3310 5000 3576 5030 ιιηηιῖιηι..
3621 5003 3686 5030 ι..
