3984 5316
165 193 291 252 1509
1375 207 1732 268 Εριετοωζ
1762 215 1853 271 ΕΤ
1889 218 2283 281 DlPLOliATA
3295 245 3438 302 1310

165 325 416 369 aquarum
468 312 661 368 ductus
682 354 696 379 ,
749 313 864 371 vias
919 315 1289 385 moiendinos,
1341 323 1747 382 molendinares
1777 330 1817 385 Α
1854 332 2024 399 salus,
2053 351 2106 390 et
2134 353 2262 407 pax,
2289 351 2343 396 et
2367 344 2663 412 apostolica
2695 347 3022 417 benedictio,
3049 356 3226 424 quoad
3277 373 3434 414 ωυη.

164 418 276 458 cum
319 407 432 458 suis
456 415 615 474 caput
653 407 839 474 aquis,
882 417 935 461 et
972 409 1307 477 piscatoriis,
1345 423 1400 468 et
1439 429 1568 494 cum
1608 418 1739 471 sali-
1841 424 1940 478 dus
1971 443 2307 496 permaneat.
2346 407 2540 492 Amen.

163 496 268 559 nis,
294 503 350 550 et
390 495 620 551 clibanis
649 497 844 566 piceis,
879 500 1059 553 omnia
1111 504 1377 570 acquisita
1422 506 1502 559 vel
1545 508 1712 576 acqui-

1909 523 2042 578 Cum
2073 540 2289 588 constet
2333 532 2621 590 Dominum
2656 539 2827 593 Deum
2877 549 3121 596 nostrum
3170 544 3429 601 honorem

160 585 316 637 renda
349 586 412 639 ad
457 587 641 641 Sancti
683 588 957 641 Michaelis
991 593 1298 648 cmnobium
1345 596 1395 648 in
1423 597 1562 650 valle
1593 597 1712 651 Cone

161 675 335 708 ηιιηιιιζ
391 679 549 708 οἶα-...ι
619 680 942 708 ηιμ-Ηηηησζ..
976 697 1092 708 nu...
1130 698 1312 708 ..α-..ιη
1357 695 1401 708 Α.
1438 689 1698 708 “caesa-,4

1837 623 2040 670 sancite
2074 622 2398 680 universalis
2427 628 2683 684 Ecclesiie
2730 633 3067 689 incessanter
3111 654 3138 689 a
3165 653 3429 708 propaga-

159 675 336 732 iluenti
390 679 572 741 situm,
619 680 942 747 pertinentia
976 697 1095 735 cum
1130 698 1314 738 servos
1353 695 1405 739 et
1438 689 1728 756 mancipia,

157 767 472 821 aucroritate
529 768 601 822 illi
645 777 896 824 servatur
939 775 1233 841 apostolica
1287 791 1318 828 a
1370 776 1543 831 nobis.
1606 781 1728 832 Sta-

158 859 348 911 tuimns
375 867 553 911 autem
594 867 673 923 ut,
727 863 944 930 quando
999 863 1164 916 abbas
1216 865 1382 933 ipsius
1412 870 1727 923 monasterii

154 951 362 1014 obierit,
391 966 565 1021 neque
600 972 629 1007 a
664 955 900 1024 regibus,
934 971 1108 1023 neque
1153 972 1181 1010 a
1211 959 1518 1025 comitibus,
1551 977 1726 1029 neque

153 1056 179 1092 a
213 1041 576 1110 qualicunque
617 1058 872 1112 persona,
905 1046 1213 1114 cupiditatis
1252 1050 1490 1116 pecunia:
1539 1066 1723 1118 causa,

152 1146 318 1199 neque
357 1146 456 1200 pro
492 1133 854 1202 qualicunque
903 1134 1104 1190 favoris
1144 1137 1287 1190 inani
1327 1138 1491 1207 gloria
1527 1140 1723 1196 ibidem

150 1221 545 1275 constituantur
580 1225 825 1287 abbates,
867 1226 962 1279 sed
989 1242 1017 1277 a
1047 1229 1259 1282 cunctis
1288 1229 1486 1284 ibidem
1525 1232 1722 1303 degen-

148 1310 283 1364 tibus
311 1312 484 1365 servis
512 1312 603 1366 Dei
632 1314 926 1368 secundum
948 1314 1114 1370 Deum
1137 1315 1292 1385 juxta
1323 1317 1602 1375 Benedicti
1631 1338 1720 1391 pa-

151 1404 241 1459 tris
273 1403 508 1474 rcgulam
540 1405 811 1473 eligantur
857 1406 1101 1462 abbates.
1159 1408 1360 1465 Damus
1408 1428 1622 1482 quoque
1651 1413 1718 1468 li-

147 1495 369 1549 centiam
403 1495 571 1564 ipsius
601 1494 700 1550 loci
729 1497 1012 1552 abbatibus
1053 1499 1357 1570 ubicunque
1385 1503 1468 1556 vel
1518 1520 1547 1556 a
1579 1519 1715 1574 qua-

145 1587 491 1656 libuscuuque
538 1587 804 1643 voluerint
853 1589 1119 1660 episcopis
1159 1608 1288 1646 suos
1315 1591 1541 1649 clericos
1568 1597 1716 1650 ordi-

144 1681 317 1744 nandi,
349 1687 406 1734 et
444 1696 472 1732 a
510 1681 870 1752 qualicunque
896 1685 1022 1738 sede
1051 1686 1131 1740 eis
1183 1687 1444 1755 placuerit
1472 1689 1707 1744 chrisma
1743 1687 1784 1745 Β

144 1772 430 1842 accipiendi
463 1790 478 1838 ;
518 1783 572 1826 et
612 1785 666 1828 ut
694 1791 720 1827 a
749 1776 893 1829 nullo
917 1778 1190 1847 cpiscorio,
1227 1793 1323 1834 nec
1353 1779 1420 1834 ab
1448 1781 1536 1834 illo
1563 1781 1714 1848 cujus

145 1860 296 1912 situm
344 1871 445 1923 est,
498 1879 596 1916 nec
633 1865 700 1918 ab
749 1865 855 1918 alio
883 1867 1050 1932 possit
1105 1870 1598 1936 excommunicari,
1634 1871 1714 1924 vel

146 1949 311 2018 aiiqua
343 1951 409 2002 ad
442 1966 564 2005 eum
587 1956 688 2006 tem
741 1958 1122 2010 numastcrium
1156 1961 1433 2027 pertinens
1464 1963 1710 2017 ecciesia.

144 2040 433 2097 Statuimus
477 2045 640 2099 etiam
673 2056 728 2099 ut
753 2049 872 2116 quis
932 2051 1221 2118 pmnilens,
1253 2070 1280 2105 a
1313 2054 1586 2109 liminibus
1617 2072 1712 2110 ex-

143 2135 315 2189 clusus
335 2137 598 2202 ecclesia),
624 2140 853 2207 quandin
873 2141 941 2194 ibi
974 2145 1198 2204 steterit,
1219 2144 1410 2198 habeat
1442 2147 1710 2202 licentiam

142 2227 470 2292 introeundi,
512 2239 566 2282 et
626 2246 784 2283 omne
840 2232 1080 2284 divinum
1129 2236 1360 2287 oiiicium
1431 2237 1702 2291 audiendi.

141 2315 489 2371 Concedimus
516 2334 727 2388 quoque
754 2321 932 2374 abbati
972 2331 1054 2376 vet
1108 2326 1409 2388 monachis,
1443 2337 1494 2380 et
1536 2330 1709 2381 omni-

139 2404 231 2460 bus
277 2408 491 2461 clericis
532 2410 598 2462 ad
631 2411 1014 2465 monasterium
1067 2415 1495 2482 pertinentibus,
1543 2417 1707 2470 licen-

140 2496 279 2565 tiam,
314 2502 414 2555 nisi
471 2501 736 2557 voluerint
766 2514 1058 2572 spontanee
1103 2505 1184 2559 vel
1214 2510 1406 2576 rogati,
1444 2511 1510 2561 ad
1555 2524 1706 2579 syno-

139 2590 255 2645 dum
284 2608 387 2646 non
445 2595 628 2648 eundi.
661 2595 1055 2650 Confirmamus
1094 2597 1258 2667 igitur
1303 2611 1355 2652 et
1403 2599 1708 2653 stabilimus

134 2685 319 2739 amatio
339 2693 393 2738 ut
414 2686 722 2751 nullusrex,
746 2688 920 2741 nullus
947 2690 1216 2758 princeps,
1242 2691 1418 2743 nullus
1442 2693 1701 2756 marcbio,
1755 2711 1765 2717 ο

133 2775 301 2831 nullus
335 2793 544 2842 comes,
561 2779 740 2831 nullus
761 2779 949 2848 jnciex,
969 2781 1575 2850 nullusepiscopusmec
1599 2782 1701 2834 ulla

130 2885 315 2941 magna
354 2887 632 2942 parvaque
672 2889 903 2942 persona
944 2875 1180 2943 aliquam
1211 2875 1318 2928 vim
1351 2876 1433 2927 vel
1472 2875 1704 2929 invasio-

130 2981 244 3018 nem
277 2967 327 3019 in
352 2969 543 3021 eodem
571 2967 819 3021 emnobio
842 2978 935 3020 aut
960 2967 1010 3020 in
1034 2969 1146 3022 suis
1176 2969 1517 3037 pertinentiis
1557 2968 1701 3022 face-

127 3072 182 3110 re
208 3069 514 3126 praesumat.
564 3059 670 3114 Pro
697 3076 802 3129 quo
834 3070 887 3113 et
920 3070 1010 3113 tuo
1039 3061 1202 3114 divini
1235 3061 1421 3130 judicii
1464 3061 1695 3114 obtesta-
1729 3051 1773 3114 C

126 3140 280 3209 tione,
333 3154 388 3198 et
441 3146 808 3198 anathematis
863 3145 1242 3199 interdictione
1297 3145 1700 3215 promulgantes

122 3233 458 3290 decernimus
488 3245 544 3289 ut
596 3251 702 3289 non
738 3237 937 3291 audeat
966 3236 1144 3306 aliqua
1173 3250 1402 3305 persona
1444 3236 1524 3290 vei
1563 3253 1700 3307 prae—

119 3337 288 3379 sumat
315 3339 508 3380 contra
543 3328 643 3381 hoc
677 3338 919 3382 nostrum
967 3329 1306 3399 privilegittm
1340 3330 1392 3382 in
1426 3329 1698 3399 aliquibus

119 3433 276 3488 agere
307 3419 530 3486 injuste,
565 3435 741 3488 neque
770 3421 892 3488 quis
936 3419 1062 3474 illud
1106 3429 1275 3476 tentet
1330 3422 1602 3491 frangere.
1640 3422 1696 3477 Si

115 3511 231 3577 quis
261 3521 466 3575 autem,
501 3515 642 3581 quod
681 3528 786 3567 non
819 3514 1108 3578 credimus,
1141 3515 1291 3582 parvi
1325 3515 1563 3584 pendens
1589 3516 1698 3584 pri-

114 3601 362 3673 vilegium
413 3612 659 3658 nostrum
693 3605 1001 3668 tentaverit,
1031 3605 1097 3657 de
1120 3614 1274 3673 parte
1322 3605 1414 3659 Dei
1451 3607 1698 3676 omnipoc

109 3695 272 3747 tentis
307 3697 595 3764 sanctique
633 3694 749 3763 ejus
792 3696 1018 3766 apostoli
1051 3696 1218 3760 Petri,
1259 3707 1314 3752 et
1344 3707 1550 3762 nostra,
1602 3700 1694 3769 qui

109 3782 226 3853 ejus
257 3786 541 3856 fungimur
568 3789 707 3852 vice,
739 3790 1034 3858 perpetuis,
1070 3790 1174 3844 nisi
1236 3791 1542 3860 resipuerit,
1567 3807 1697 3845 ana-

111 3875 367 3932 thematis
411 3879 645 3932 vinculis
679 3879 999 3950 obligamus.
1035 3879 1090 3934 Si
1140 3881 1260 3950 quis
1304 3891 1482 3935 autem
1520 3884 1693 3938 sancti

109 3965 342 4019 ceenobii
380 3967 544 4036 hujus
574 3969 789 4038 adjutor
816 3971 1072 4034 existens,
1109 3972 1255 4025 illum
1289 3972 1339 4026 in
1381 3988 1488 4043 quo
1512 3986 1697 4043 ponte-

108 4053 176 4106 rit
211 4054 465 4125 elegerit,
501 4059 752 4114 ditaverit
779 4070 834 4114 et
873 4063 1170 4128 amaverit,
1204 4063 1293 4118 hic
1323 4065 1412 4120 Dei
1444 4068 1692 4135 omnipo-

109 4146 270 4201 tentis
320 4149 634 4204 interventu
683 4154 977 4223 apostolica
1032 4157 1270 4226 repletus
1316 4158 1695 4215 benedictione

106 4251 353 4294 crescere
380 4256 439 4295 se
470 4245 705 4312 gaudeat
735 4245 787 4296 itt
813 4245 1065 4299 virtutem
1096 4249 1160 4304 de
1185 4249 1405 4303 virtute.

177 4331 457 4403 Scriptum
490 4350 586 4403 per
616 4351 834 4390 manum
860 4337 1134 4392 Benedicti
1167 4342 1363 4394 notarii
1395 4344 1690 4405 rectonarii

108 4432 160 4474 et
197 4426 473 4480 scriniarii
521 4439 720 4482 sanctae
759 4429 1018 4484 Romanae
1063 4430 1355 4501 Ecclesiae,
1405 4435 1458 4488 in
1508 4450 1693 4491 mense
1728 4411 1773 4468 θ

110 4510 419 4584 Novembri,
452 4517 748 4576 indictione
787 4523 1018 4578 decima.

177 4605 319 4662 Bene
352 4611 543 4666 valete.

1837 709 2045 766 toribus
2073 714 2242 768 beata:
2298 717 2420 772 fidei
2453 734 2825 789 augmentare,
2858 743 3082 782 necesse
3116 740 3199 783 est
3234 731 3304 783 ab
3333 732 3424 786 illo

1835 803 2135 871 totiusjnre
2167 811 2445 878 regiminis
2483 815 2530 866 ei
2561 819 2864 871 concedere
2891 835 3118 874 censura
3142 820 3275 888 justi
3306 840 3424 878 mo—

1830 895 2125 953 deraminis
2170 900 2575 970 liberalitatem,
2607 909 2983 980 malorumque
3013 914 3198 982 procul
3254 916 3322 969 ab
3357 932 3419 969 ea
3473 937 3496 948 ν

1829 984 2033 1054 pellere
2083 993 2482 1058 pervasionem.
2528 996 2817 1063 Quocirca,
2853 1004 3111 1070 quoniam
3165 1007 3422 1060 convenit

1825 1079 2138 1148 apostolica:
2181 1084 2369 1153 pietati
2440 1089 2671 1159 benigna
2722 1095 3030 1162 petentibus
3091 1111 3416 1153 succurrere

1824 1173 2225 1240 compassione,
2256 1176 2376 1230 ideo
2406 1195 2505 1234 nos
2536 1184 2641 1235 tuis
2663 1183 2824 1252 justis
2870 1188 3093 1250 (etenim
3122 1189 3263 1242 sicut
3293 1199 3420 1242 sunt

1821 1275 1853 1314 a
1890 1263 2046 1316 nobis
2081 1265 2422 1335 adjudicalte,
2446 1287 2570 1323 nam
2599 1272 2763 1340 justae
2793 1276 2940 1346 sunt)
2967 1288 3265 1332 annuentes
3290 1295 3416 1347 pre-

1820 1352 1993 1417 cibus,
2027 1369 2210 1410 omne:
2270 1361 2630 1428 proprietates
2661 1365 2772 1418 sive
2812 1368 3190 1434 possessiones
3243 1369 3412 1438 ipsius

1819 1441 1941 1508 loci,
1977 1445 2112 1500 fines
2147 1447 2227 1501 vel
2256 1449 2454 1505 limites
2480 1469 2602 1506 cum
2645 1456 2970 1524 adjacentiis
3013 1461 3407 1527 pnecipuornnt

1815 1537 2164 1604 praediorum,
2189 1557 2310 1595 cum
2343 1545 2595 1600 omnibus
2619 1549 2888 1611 ecclesiis,
2921 1552 3214 1620 parochiis,
3241 1552 3407 1618 villis,

1815 1626 2036 1694 fundis,
2089 1633 2230 1687 casis
2313 1637 2583 1694 casalibus
2669 1642 2862 1707 terris,
2926 1645 3165 1712 campis,
3211 1647 3404 1715 pratis,

1819 1727 2056 1791 pascuis,
2106 1727 2277 1791 silvis,
2313 1732 2574 1798 gari-iens,
2618 1734 2784 1799 areis,
2849 1722 3180 1800 torculariis,
3230 1737 3407 1806 aquis,

1818 1829 2079 1883 aquarum
2113 1818 2395 1886 ductibus,
2431 1823 2554 1888 viis,
2602 1826 2946 1890 molendinis,
2999 1829 3408 1884 molendinariis

1816 1921 1940 1958 cum
1966 1907 2080 1961 suis
2108 1920 2268 1976 caput
2293 1912 2541 1980 aquis,et
2565 1915 2677 1968 suis
2699 1916 3006 1985 piscatoriis
3024 1919 3226 1971 cuitum
3253 1930 3304 1972 et
3330 1919 3407 1972 in-

1814 1999 2038 2060 cultum,
2066 2010 2119 2054 et
2150 2018 2487 2074 quarcnnque
2517 2007 2674 2061 beata
2701 2009 2935 2076 gloriosa
2968 2011 3119 2080 virgo
3142 2009 3307 2063 Maria
3337 2027 3404 2063 cx

1813 2088 2195 2144 collationibus
2211 2091 2447 2147 fidelium
2474 2095 2524 2148 in
2541 2099 2789 2152 etenobio
2805 2099 3154 2169 Rivipolleusi
3173 2101 3405 2154 retinere

1814 2178 2045 2244 videtur,
2076 2192 2262 2236 nostro
2318 2185 2616 2252 apostolico
2665 2189 3052 2246 confirmamus
3096 2189 3401 2258 privilegio.

1811 2271 2172 2330 Concedimus
2191 2276 2370 2347 itaque
2389 2282 2645 2348 praedicto
2677 2284 3191 2352 monasterio,quod
3215 2284 3266 2336 in
3292 2286 3402 2338 cir-

1810 2365 1958 2418 cuitu
1984 2365 2099 2432 ejus
2125 2370 2376 2436 habctur,
2411 2371 2623 2427 alodem
2653 2389 2718 2427 ex
2747 2375 2916 2429 latere
2939 2391 3045 2429 uno
3067 2384 3399 2445 pergentem,

1808 2459 1953 2526 quod
1978 2461 2239 2515 discurrit
2265 2480 2361 2532 per
2381 2464 2757 2531 Tantarice,et
2784 2466 3018 2521 infundit
3044 2469 3093 2521 in
3120 2467 3402 2532 'l'ezer;ab

1809 2547 1913 2600 alio
1938 2548 2106 2605 latere
2132 2567 2228 2620 per
2252 2554 2629 2621 aquieiluctttm
2665 2557 3030 2624 qnidiscurrit
3055 2562 3196 2612 ultra
3217 2558 3399 2611 villam

1808 2638 1975 2694 Molas
1997 2657 2117 2696 cum
2139 2645 2327 2698 eadem
2354 2646 2480 2700 villa
2527 2645 2716 2712 Molas,
2756 2658 2810 2702 et
2839 2649 3076 2704 infundit
3107 2650 3160 2703 in
3204 2648 3397 2717 Tezer,

1808 2730 2004 2786 deinde
2061 2737 2308 2791 ascendit
2362 2753 2460 2803 per
2519 2746 2819 2795 torrentem
2862 2741 3002 2794 ultra
3056 2741 3398 2809 Enaordanl,

1806 2833 1859 2876 et
1886 2827 2128 2880 ascendit
2171 2841 2267 2896 per
2310 2828 2592 2884 Fornellos
2645 2846 2816 2900 usque
2867 2832 2923 2885 in
2981 2835 3199 2887 Serram
3229 2849 3396 2903 super

1806 2913 1996 2971 silvam
2025 2917 2090 2971 de
2115 2915 2339 2983 Ordina,
2379 2932 2434 2975 et
2458 2923 2704 2991 pervenit
2753 2923 2806 2976 in
2860 2939 2998 2994 pago
3028 2939 3192 2994 super
3220 2925 3398 2980 Vilar-

1808 3004 2031 3071 zellum;
2063 3008 2131 3062 ab
2162 3009 2278 3078 ipso
2308 3010 2595 3067 Vilarzello
2624 3015 2870 3082 pervenit
2891 3031 3061 3084 usque
3091 3016 3143 3069 in
3174 3018 3395 3087 pagium

1805 3094 2123 3160 Calvellum,
2152 3100 2346 3155 deinde
2377 3105 2624 3170 pervenit
2647 3105 2699 3157 in
2729 3104 2890 3159 Serra
2920 3121 3083 3176 super
3103 3106 3393 3178 Guausago

1805 3187 2036 3256 minore,
2063 3198 2117 3243 et
2163 3189 2395 3246 infundit
2420 3191 2474 3245 in
2499 3194 2673 3248 rivum
2700 3194 2886 3250 Sancti
2912 3195 3192 3251 Laurentii
3219 3213 3394 3267 usque

1803 3280 1856 3333 in
1886 3278 2086 3336 ilum-en
2120 3279 2349 3348 Freber,
2373 3285 2568 3340 deinde
2607 3287 2853 3342 ascendit
2889 3303 2987 3357 per
3019 3287 3252 3343 rivulum
3299 3291 3395 3358 qui

1802 3371 2058 3426 discurrit
2103 3373 2172 3427 ad
2223 3374 2403 3428 villam
2456 3376 2654 3441 Babos,
2689 3387 2743 3433 et
2786 3379 3039 3447 pervenit
3085 3380 3152 3433 ad
3207 3378 3392 3434 villam

1803 3462 2097 3529 Stamariz,
2125 3476 2181 3519 et
2207 3466 2440 3522 infundit
2469 3469 2729 3535 inTezer,
2760 3481 2815 3523 et
2845 3470 3100 3525 aﬂ'rontat
3125 3472 3176 3524 in
3207 3471 3388 3526 villam

1799 3555 2148 3620 Archamala,
2180 3566 2234 3611 et
2267 3559 2392 3613 inde
2429 3559 2482 3612 in
2514 3561 2729 3630 pogiutn
2780 3560 3088 3616 Salomonis
3128 3578 3298 3631 usque
3335 3563 3390 3617 in

1801 3645 1928 3699 villa
1967 3646 2136 3700 Melas
2194 3663 2314 3701 cum
2355 3650 2468 3704 suis
2519 3652 2871 3716 terminibus,
2921 3668 3242 3722 quacunque
3290 3669 3387 3708 au-

1799 3736 2109 3791 ctoritatem
2141 3736 2387 3794 habet-in
2422 3741 2612 3797 eadem
2652 3742 2792 3798 valle
2839 3759 2935 3813 per
2985 3743 3215 3814 plurima
3246 3745 3385 3800 loca.

1800 3825 1973 3881 Simili
2041 3829 2201 3884 modo
2245 3832 2624 3888 constituimus
2668 3834 2734 3888 de
2789 3835 2926 3898 valle
2958 3836 3024 3889 de
3071 3834 3387 3902 Tentat-ius,

1800 3917 1924 3970 villa
1958 3917 2335 3986 Aramancias,
2373 3921 2583 3976 Stuiolo
2613 3923 2806 3992 major,
2851 3926 2964 3994 ipsa
2997 3924 3299 3989 Grivolosa,
3333 3936 3390 3980 et

1798 4011 1931 4065 alios
1961 4028 2056 4080 per
2083 4013 2313 4082 plurima
2343 4015 2478 4070 loca.
2510 4015 2844 4072 Piscationes
2873 4034 3090 4088 quoque
3118 4034 3385 4088 aquarum

1797 4099 1864 4154 de
1892 4100 2063 4156 Tezer
2090 4120 2120 4158 a
2153 4103 2461 4159 [tisbamala
2491 4123 2662 4175 usque
2687 4109 2752 4162 ad
2795 4109 2982 4178 Spata,
3010 4121 3064 4164 et
3093 4109 3159 4164 de
3196 4110 3391 4168 Fretcr

1797 4193 1864 4247 de
1891 4192 2002 4262 ipsa
2033 4193 2196 4248 corba
2234 4211 2406 4264 usque
2431 4197 2484 4251 in
2514 4197 2705 4254 Tezer.
2752 4200 2974 4256 Mercati
3023 4217 3150 4256 vero
3177 4203 3388 4272 praefati

1800 4283 1924 4338 loci.
1963 4283 2230 4339 teloneum
2257 4296 2311 4340 et
2343 4304 2559 4344 omnem
2581 4292 2847 4361 justitiam
2902 4294 2974 4347 ibi
3023 4296 3388 4364 peragendam

1803 4374 1870 4427 ab
1922 4374 2129 4446 integro
2182 4379 2549 4434 concedimus.
2602 4379 2922 4436 Paroebiam
2956 4385 3022 4438 de
3075 4384 3188 4452 ipsa
3225 4383 3388 4449 valle,

1802 4463 2087 4518 ecclesiam
2137 4465 2320 4520 Sancti
2371 4468 2516 4522 Petri
2569 4485 2690 4524 cum
2736 4473 2949 4528 cmteris
3004 4473 3250 4529 ecclesiis
3287 4474 3390 4528 sibi

1799 4557 2047 4619 subditis,
2083 4558 2224 4610 sicut
2249 4559 2543 4616 Gotmarns
2566 4563 2852 4634 episcopus
2882 4565 3076 4621 ibidem
3099 4567 3388 4626 concessit,

1801 4641 1884 4699 vel
1909 4660 2255 4701 successores
2279 4646 2394 4715 ejus
2416 4648 2746 4709 ldaleherius
2774 4663 2829 4709 et
2856 4653 3124 4723 Georgius
3150 4653 3391 4721 episcopi

801 4732 924 4828 iv.

1809 4753 1922 4794 cum
1955 4742 2181 4799 decimis
2210 4757 2373 4816 atque
2396 4747 2649 4815 primitiis
2676 4750 2879 4819 absque
2905 4752 3133 4806 tributo.
3165 4746 3432 4814 Alodenk

911 4814 924 4828 ’
1443 4892 1454 4900 ,
1523 4893 1556 4900 _
1795 4833 1939 4899 quod
1972 4834 2175 4890 dicitur
2201 4814 2489 4892 Malantala
2534 4854 2657 4893 cum
2684 4814 2914 4894 ecclesia
2945 4839 3158 4894 Sancta:
3191 4836 3406 4900 lliarizn,‘

141 4875 305 4951 Sergii
330 4899 478 4952 papa:
509 4883 590 4936 IV
641 4889 994 4997 privilegium.
1023 4904 1117 4948 pro
1169 4892 1485 4946 monasterio
1517 4893 1662 4954 Rivi-

880 4975 993 4997 ρης,

1809 4875 1939 4899 ι-ν..
1972 4875 2165 4890 ..........
2201 4875 2489 4892 ................
2684 4875 2914 4894 eum...
2946 4875 3158 4894 ναιεωω
3191 4875 3397 4900 ....,

1809 4931 1850 4979 ξι
1901 4925 2130 4982 ecclesia
2181 4929 2247 4982 de
2295 4928 2459 4997 pugio
2504 4928 2858 4982 Machonosio
2916 4945 3044 4984 eum
3069 4925 3295 4984 decimis
3343 4935 3408 4982 et.

837 4961 876 5012 ll
984 4959 994 4968 ⁸
1795 4959 1850 4979 ιιι
1902 4959 2130 4982 ιιιιυθιιι
2181 4959 2247 4982 UU
2295 4959 2459 4997 ιθυὸιυ
2504 4959 2858 4982 HIGLIIUIIUDIU
3069 4959 3295 4984 UCDIHIID
3343 4959 3360 4979 ἶ

761 4980 829 5035 1)“
879 4975 1014 5012 ens"
1796 5017 2048 5050 ηνῖηιῖιῖἶο
2115 5018 2364 5050 Ι‹’11ια1ιη1
2403 5016 2814 5050 ηὖΤιοΛιιΙτιΙῖΛ-ιορ
2859 5031 2923 5050 tn.-
2977 5019 3145 5050 I..|nnn
3192 5028 3298 5050 Ilnn
3348 5015 3360 5050 ἶ

1795 5017 2069 5084 primitiis.
2113 5018 2177 5071 Et
2207 5019 2371 5073 habet
2401 5016 2817 5071 aﬂ'rontatienes
2859 5031 2926 5070 ex
2977 5019 3146 5075 latere
3192 5028 3298 5066 uno
3348 5016 3414 5072 in

686 5074 872 5179 (ᾼιηιο
899 5070 1114 5179 imp“
1159 5164 1191 5179 η
1260 5177 1267 5179 _
1356 5167 1373 5179 -
1422 5172 1550 5179 _-__
1795 5070 1938 5179 pugo
1963 5070 2363 5173 Transvadoni,
2409 5108 2584 5176 pergil
2611 5120 2711 5173 Pel‘
2748 5108 2929 5178 ἱρειιιιι
3236 5121 3424 5174 υείινιθ

212 5154 841 5230 mar.
880 5161 1314 5260 ςιηιριοεοπρςιη
1345 5167 1576 5254 1.5121.
1797 5154 3120 5270 graui.“iiiis-gi:1;;..r".,;.“i;,'..;;';.
3173 5154 3428 5266 ί.ηυ,;,‹ςεῑ

2614 5298 2626 5316 Ι
2670 5292 2730 5316 ι’..
2768 5292 2929 5316 Ωιι.ι--
2967 5296 3025 5316 ‘7'
3056 5294 3204 5316 .“-Ιι.Λ
3234 5305 3418 5316 ιιηιιι.-

2319 5289 2584 5316 .³;μη11“ιιιιι

174 5262 388 5316 Ξελῃιυε
436 5283 705 5316 θηλεωηιιο
779 5289 988 5316 carni:
1026 5289 1302 5316 eprvnrnm
1338 5280 1427 5316 Dn:
1487 5293 1554 5316 ιι-
1801 5290 1850 5316 :...
1887 5302 2152 5316 ._..._.___._.-
2194 5292 2278 5316 ,ωε
