3984 5316
539 304 664 360 1311
1630 292 1633 297 ’
1848 289 2075 347 SERGII
2112 290 2146 345 ι’

2248 287 2423 344 ἈΡᾸΞ
3668 278 3805 334 1512

534 392 745 448 alodcm
785 404 877 459 qnt
927 387 1029 441 fuit
1077 383 1346 455 Rodulplti
1404 383 1623 454 episcop
1652 424 1664 441 .
1697 391 1751 436 et
1805 382 2118 451 parochiam
2147 389 2194 447 Α
2233 378 2495 435 terminos
2543 374 2681 449 ejus,
2735 384 2791 431 et
2836 374 2992 431 alode
3042 376 3110 431 de
3158 374 3380 430 Camma
3419 388 3547 429 cum
3577 371 3808 428 eodem

534 484 601 537 de
634 480 907 545 Vineolas,
953 493 1076 532 cum
1126 475 1351 530 decimis
1398 482 1452 528 et
1477 473 1754 542 primitiis,
1779 487 1912 541 quas
1947 470 2120 526 Gcor-
2149 461 2153 469 ’
2225 479 2281 526 et
2309 459 2553 532 decimis,
2610 475 2662 522 ct
2705 467 2995 538 primitiis,
3019 476 3073 521 et
3102 466 3448 529 terminibus,
3493 472 3549 519 et
3578 460 3809 517 Enetos:

535 575 654 644 gius
708 572 995 640 episcopus
1043 565 1315 623 concessit
1364 574 1554 620 sancto
1608 562 1872 618 Salvatori
1920 564 2124 631 alisque

538 664 763 727 tributo,
792 661 935 714 sicut
962 659 1013 712 in
1047 658 1161 728 ipsa
1190 658 1315 710 dote
1337 662 1584 719 resonat;
1609 663 1664 708 et
1691 652 1901 707 alodcm
1949 652 2124 720 ipsum

539 768 702 821 quem
737 752 926 806 dicunt
957 745 1443 818 Campmanandati
1477 759 1598 799 cum
1651 743 1899 798 terminis
1947 751 2001 796 et
2031 741 2126 795 ad-

537 841 816 912 jacentiis,
858 848 1024 895 totam
1072 838 1322 893 videlicet
1355 836 1559 890 villam.
1608 836 1674 889 Et
1723 836 1777 889 in
1837 834 2127 904 Guausago

544 935 758 990 alodcm
806 932 899 1002 qui
946 930 1050 985 fuit
1092 930 1162 985 de
1217 928 1458 985 Guisallo
1511 936 1565 983 et
1625 925 1946 981 Seniol‘redo
2003 940 2125 980 cum

544 1024 799 1088 ecclesia,
827 1038 951 1079 cum
983 1020 1233 1076 terminis
1263 1028 1315 1073 et
1346 1017 1686 1087 adjacentiis.
1708 1016 1775 1069 Et
1803 1014 2010 1069 alodcm
2036 1014 2127 1083 qui

544 1116 651 1172 fuit
675 1118 742 1171 de
761 1114 970 1171 Joanne
1002 1128 1127 1169 cum
1162 1114 1341 1176 domo,
1378 1111 1539 1165 terris
1559 1120 1615 1162 et
1642 1107 1835 1173 vineis,
1866 1115 1921 1161 et
1953 1107 2126 1177 ipsum

548 1211 771 1268 boscum
801 1208 1087 1264 Libertini.
1160 1208 1222 1260 Iit
1255 1206 1307 1260 in
1338 1206 1461 1258 villa
1501 1203 1773 1258 Stamariz
1801 1202 1971 1272 ipsum
2017 1201 2129 1255 alo-

549 1303 669 1357 dom
721 1316 845 1357 cum
901 1298 1176 1360 terminis,
1229 1297 1315 1351 vel
1366 1294 1705 1365 adjacentiis.
1772 1293 1837 1346 Et
1896 1292 1947 1346 in
2003 1291 2128 1345 villa

551 1392 764 1448 .‘Enove
804 1391 979 1461 ipsum
1008 1391 1241 1453 alodem,
1271 1389 1361 1457 qui
1396 1386 1495 1440 fuit
1523 1387 1588 1439 de
1611 1384 1900 1449 Tcllcmar,
1932 1383 2014 1438 vel
2064 1384 2131 1438 de

552 1484 667 1553 ejus
693 1483 998 1538 hteredibus
1022 1498 1142 1537 cum
1174 1480 1439 1540 terminis,
1477 1488 1532 1532 et
1553 1477 1761 1531 alodcm
1791 1491 1949 1547 quem
1983 1483 2131 1530 tenet

484 1633 497 1642 ,
552 1575 746 1630 Petrus
791 1574 1099 1645 presbyter.
1151 1572 1215 1625 Et
1263 1572 1315 1625 in
1368 1572 1481 1639 ipsa
1532 1567 1701 1631 Silva,
1766 1582 1885 1635 quae
1945 1568 2132 1621 dicunt

553 1663 843 1731 Guvalosa,
875 1679 998 1719 cum
1030 1663 1273 1718 terminis
1299 1671 1353 1717 et
1379 1659 1715 1730 adjaceutiis.
1748 1658 1812 1711 Et
1838 1659 1889 1712 in
1919 1659 2126 1720 Salton,

2225 577 2348 616 cum
2380 561 2492 615 suis
2520 559 2882 630 peninentiis.
2931 559 2984 613 In
3025 559 3283 615 comitatu
3332 558 3424 629 qui
3456 557 3665 611 dicitur
3697 552 3812 610 Vat-

2228 654 2306 709 lcs
2326 694 2341 720 ,
2375 662 2534 709 casas
2567 666 2690 707 cum
2729 660 2935 717 curtes,
2968 651 3175 718 hortos,
3203 660 3399 710 terras,
3427 658 3487 705 et
3514 649 3731 711 vineas,
3762 659 3816 703 et

2226 744 2433 800 alodcm
2465 744 2532 798 de
2566 744 2755 814 Digne.
2802 742 2885 796 vel
2925 727 3254 812 Engelfretlo
3280 779 3295 805 ,
3347 750 3404 795 et
3475 739 3695 793 alodcm
3752 738 3815 791 de

2227 834 2568 897 Canobellas,
2600 842 2655 887 et
2682 832 2890 887 alodcm
2921 831 3177 886 Mationa.
3207 829 3264 883 In
3298 830 3567 886 comitatu
3594 828 3815 880 Ausona

2229 926 2437 981 alodcm
2470 924 2677 992 palatii,
2707 932 2763 979 et
2809 921 3017 978 alodcm
3049 923 3138 990 qui
3180 921 3378 976 dicitur
3407 920 3589 988 Oligo.
3619 927 3679 973 ct
3712 917 3816 970 Da-

2229 1020 2390 1077 nielis
2438 1018 2683 1072 villarcm
2713 1054 2728 1079 ,
2776 1014 2987 1070 alodcm
3052 1013 3358 1077 Saniliare,
3407 1022 3461 1067 et
3502 1009 3723 1065 alodcm
3755 1010 3818 1066 de

2230 1110 2482 1165 Elzedelo
2510 1124 2632 1164 cum
2666 1106 3008 1170 terminibus,
3057 1114 3112 1160 et
3140 1105 3331 1159 boscos
3356 1102 3565 1158 Rochze
3596 1101 3817 1163 Felicis,

2231 1202 2441 1257 alodcm
2473 1200 2751 1256 Planczas.
2785 1197 2851 1252 Et
2876 1197 2928 1251 in
2956 1197 3214 1252 comitatu
3248 1196 3471 1251 Auzona
3500 1194 3645 1250 alios
3669 1193 3820 1247 alat}.

2231 1294 2328 1349 des
2359 1294 2411 1346 in
2437 1290 2622 1346 multis
2653 1288 2805 1355 locis,
2850 1288 2904 1342 id
2929 1296 3014 1341 est
3044 1287 3156 1358 ipsa
3189 1286 3422 1350 Deveza,
3451 1296 3509 1340 et
3538 1287 3596 1339 in
3632 1284 3822 1338 πεδιε-

2232 1382 2374 1435 liano
2404 1396 2583 1445 casas,
2632 1389 2830 1443 terras,
2878 1377 3064 1433 vineas
3109 1375 3545 1447 quampluriuas,
3603 1384 3663 1427 et
3712 1374 3811 1427 alo

2233 1473 2403 1536 dium,
2428 1472 2518 1541 qui
2555 1470 2654 1523 fuit
2683 1469 2748 1525 de
2769 1468 2981 1523 Borello
3008 1467 3205 1523 comite
3231 1468 3295 1523 de
3322 1466 3567 1522 Paliarcs
3591 1465 3821 1525 lliralie.

2232 1580 2354 1618 cum
2394 1563 2506 1617 suis
2544 1560 2819 1622 terminis,
2851 1568 2906 1615 et
2935 1560 3080 1629 ipsos
3117 1557 3298 1613 alodcs
3321 1573 3459 1627 quos
3482 1557 3638 1611 dedit
3662 1556 3825 1611 Gual-

2234 1654 2333 1708 dus
2360 1653 2425 1706 ad
2451 1652 2708 1707 Sanctam
2743 1649 2991 1714 Mariam,
3024 1650 3161 1704 sicut
3211 1647 3299 1702 ille
3346 1649 3591 1711 tenebat,
3626 1655 3684 1702 et
3728 1662 3825 1714 pro

555 1759 767 1814 alodcm
797 1773 919 1812 cum
945 1757 1144 1822 boscis,
1176 1771 1311 1825 quos
1328 1755 1477 1809 dedit
1502 1754 1679 1807 dictus
1702 1752 1932 1806 domnus
1952 1752 2125 1814 Oliba,
2162 1739 2204 1796 Β
2234 1743 2521 1798 donatione
2549 1740 2787 1795 scribere
2829 1737 2976 1805 fecit,
3003 1748 3058 1793 et
3086 1737 3291 1793 alodcm
3326 1737 3466 1808 quod
3498 1736 3825 1824 Guillelmus

555 1860 612 1905 et
634 1851 857 1904 boscum
884 1849 973 1918 qui
1021 1847 1121 1901 fuit
1161 1851 1226 1902 de
1260 1846 1569 1916 Sperandeo
1608 1855 1661 1899 et
1691 1845 1758 1899 de
1796 1843 1974 1909 Ortes,
2011 1858 2133 1898 cum

558 1941 806 1996 terminis
851 1940 934 1994 vel
977 1938 1313 2008 adjacentiis.
1346 1938 1412 1992 Et
1443 1937 1653 1992 alodetu
1697 1937 1764 1992 de
1805 1935 2034 1999 Sasitos,
2082 1944 2138 1989 et

558 2032 708 2100 ipsos
735 2031 1087 2085 condaminas
1112 2030 1178 2083 de
1224 2031 1315 2085 Art
1335 2029 1573 2091 hamala,
1603 2037 1656 2084 et
1684 2028 1889 2082 alodcm
1920 2028 1985 2081 dc
2015 2026 2136 2080 Bal-

557 2119 678 2184 bos,
706 2127 763 2173 et
792 2120 1003 2174 alodcm
1033 2119 1100 2173 de
1149 2118 1472 2184 Monteliols,
1514 2126 1570 2173 et
1610 2118 1820 2173 alodem
1862 2116 1928 2171 de
1970 2115 2139 2171 Guid-

558 2209 896 2266 mendicum
931 2209 1110 2274 terris,
1140 2210 1336 2273 vineis,
1389 2209 1558 2272 silvis,
1610 2224 1733 2263 cum
1784 2206 2038 2269 ecclesia,
2087 2214 2142 2261 ct

562 2301 811 2365 decimis,
846 2309 902 2354 et
942 2300 1196 2370 primitiis
1241 2314 1364 2354 cum
1417 2302 1613 2355 liuibus
1641 2309 1697 2355 ct
1740 2299 1986 2354 terminis
2029 2299 2142 2353 suis

564 2392 771 2460 absque
801 2391 1021 2445 tributo.
1053 2391 1280 2446 Alodcm
1327 2407 1455 2446 vero
1500 2392 1591 2461 qui
1646 2391 1846 2446 dicitur
1891 2390 2142 2446 Salsclles

563 2494 687 2533 cum
718 2478 946 2533 ecclesia
991 2477 1050 2533 S.
1096 2470 1264 2545 Petri,
1309 2494 1433 2535 cum
1475 2480 1722 2540 decimis,
1766 2488 1823 2534 et
1865 2478 2148 2551 primitiis,’

563 2584 688 2625 cum
735 2569 933 2624 ﬁnibus
974 2579 1030 2624 et
1079 2571 1401 2625 terminibus
1429 2571 1540 2625 suis
1570 2570 1773 2640 absque
1822 2570 2043 2635 tributo.
2088 2569 2144 2623 In

566 2677 706 2732 pago
746 2662 1076 2728 Berguitano
1121 2662 1295 2718 locum
1342 2664 1629 2719 Brositano
1658 2663 1867 2717 alodcm
1912 2663 2049 2718 sicut
2091 2662 2145 2717 in

566 2757 780 2811 illorum
818 2756 1024 2823 judicio
1070 2766 1314 2821 resonat,
1343 2770 1399 2812 et
1439 2757 1694 2827 parochia
1723 2754 1937 2812 Sanctae
1966 2755 2148 2810 Maria

563 2858 689 2900 cum
719 2845 967 2901 ecclesiis
992 2847 1095 2902 subi
1131 2848 1382 2914 subditis,
1407 2847 1578 2910 idest,
1618 2847 1875 2917 palatium
1928 2846 2147 2917 Rodga-

567 2937 707 2991 rium
733 2947 788 2991 et
820 2940 932 3007 ipsa
963 2937 1122 3002 Pera,
1149 2927 1271 2993 cum
1296 2940 1526 2994 decimis
1563 2951 1617 2996 et
1656 2940 1908 3010 primitiis
1948 2941 2151 3009 absque

571 3027 793 3081 tributo.
824 3027 1125 3083 Ecclesium
1165 3029 1224 3084 S.
1260 3029 1553 3096 Vincentii,
1583 3048 1703 3102 qua
1747 3042 1830 3087 est
1871 3032 1922 3086 in
1944 3032 2151 3087 Albiols

568 3134 693 3174 cum
720 3119 878 3175 alode
901 3130 956 3175 et
997 3120 1225 3177 decimis
1266 3132 1321 3176 et
1363 3124 1636 3194 primitiis.
1665 3124 1728 3178 Et
1761 3123 1816 3177 in
1857 3124 2031 3178 locum
2056 3124 2148 3193 qui

568 3210 771 3265 dicitur
817 3210 1142 3266 Snburbano
1189 3213 1406 3267 alodum
1456 3230 1578 3268 cum
1629 3214 1873 3269 ccclesiis
1921 3213 1975 3268 in
2023 3215 2152 3271 villa

567 3313 693 3367 qua:
721 3299 920 3353 dicitur
939 3299 1286 3371 Gnargalam.
1308 3302 1365 3356 In
1396 3303 1569 3357 locum
1594 3305 1683 3373 qui
1707 3305 1904 3360 dicitur
1926 3306 2151 3374 Pontus,

567 3393 782 3448 alodcm
813 3408 934 3447 cum
966 3394 1232 3461 ecclesiis,
1280 3411 1415 3465 quas
1446 3398 1593 3453 dedit
1642 3396 1932 3455 Guilredns
1972 3413 2154 3455 comes

582 3486 800 3540 Sancta:
838 3485 1019 3540 Maria:
1058 3495 1115 3541 ut
1157 3486 1321 3541 alium
1362 3488 1573 3543 alodcm
1600 3489 1667 3543 de
1704 3488 1989 3560 Gargalam
2031 3506 2152 3546 cum

571 3578 824 3633 ecclesiis
854 3584 917 3632 et
939 3579 1185 3644 decimis,
1220 3589 1273 3635 et
1295 3580 1549 3650 primitiis
1571 3589 1628 3636 et
1652 3583 1917 3648 terminis,
1943 3592 1998 3639 et
2037 3583 2153 3638 alo-

575 3670 694 3724 dem
721 3670 787 3724 de
815 3669 1023 3725 Nabars
1045 3686 1166 3726 cum
1194 3672 1535 3738 torminibus,
1561 3683 1615 3729 et
1638 3670 1846 3730 aiodem
1870 3676 1934 3731 de
1955 3674 2153 3739 Nurco,

570 3771 626 3817 et
658 3762 868 3818 alodcm
894 3763 961 3816 de
998 3762 1350 3831 Montesclau,
1392 3773 1447 3820 et
1489 3764 1672 3821 alodes
1706 3766 1985 3821 'l'orrentis
2031 3781 2157 3835 pro-

576 3853 755 3917 fundi,
786 3863 840 3908 et
864 3854 1050 3909 alodes
1075 3855 1142 3910 de
1166 3855 1508 3922 Folcunaria,
1539 3866 1594 3912 et
1620 3854 1806 3912 alodes
1847 3859 1915 3912 ad
1949 3858 2157 3913 calcem

576 3947 644 4001 de
665 3955 845 4002 castro
874 3947 1185 4011 Balzarens,
1222 3956 1276 4002 et
1307 3947 1490 4004 alodcs
1516 3949 1583 4005 de
1613 3950 1810 4020 Begna,
1840 3957 1893 4004 et
1941 3949 2008 4005 de
2053 3950 2161 4003 An-

576 4050 734 4100 zano,
761 4046 816 4090 ct
847 4036 1030 4091 alodcs
1053 4037 1169 4091 dcla
1194 4037 1460 4103 ‘Doixosa,
1496 4040 1585 4108 qui
1637 4038 1856 4092 fuerunt
1902 4037 2156 4103 Bonililii,

574 4133 635 4179 et
662 4124 946 4189 Lobatoni,
981 4127 1064 4181 vel
1084 4126 1152 4181 de
1177 4126 1412 4181 cmteris.
1436 4125 1505 4180 Et
1543 4126 1713 4196 ipsam
1746 4126 1938 4181 vallem
1966 4125 2161 4182 Marlcs

581 4228 703 4269 cum
741 4215 908 4269 villas.
937 4225 992 4270 et
1024 4215 1381 4281 moleudiuos,
1408 4224 1462 4273 et
1482 4217 1765 4272 ecclesiam
1797 4217 2010 4273 Sancta:
2052 4217 2161 4272 Ma-

579 4307 677 4361 ria:
725 4318 849 4361 eum
904 4307 1128 4362 decimis
1182 4318 1238 4363 et
1290 4309 1577 4378 primitiis,
1631 4319 1686 4365 et
1742 4310 1984 4366 alodibus
2037 4327 2160 4367 cum

578 4398 698 4453 suis
737 4399 983 4455 terminis
1026 4400 1112 4454 vcl
1156 4401 1493 4472 adjacentiis.
1541 4403 1607 4457 Et
1641 4403 1824 4459 alodes
1865 4405 1931 4459 de
1978 4404 2162 4459 Gami-

2236 1833 2383 1888 dedit
2412 1833 2463 1887 in
2497 1830 2773 1886 Albedano
2804 1845 2925 1884 cum
2957 1829 3136 1895 terris,
3162 1828 3324 1893 casis,
3352 1839 3409 1883 et
3431 1828 3636 1891 vincis,
3664 1806 3827 1881 editis

2236 1925 2319 1980 vel
2347 1923 2585 1988 incultis,
2609 1930 2663 1977 et
2686 1921 2894 1977 alodcm
2921 1921 2987 1975 dc
3011 1920 3195 1986 Serra,
3213 1921 3304 1989 qui
3338 1920 3437 1973 fuit
3463 1918 3534 1973 de
3554 1918 3825 1979 Gal’redo.

2237 2025 2292 2069 et
2320 2015 2527 2069 alodem
2556 2014 2625 2067 de
2648 2010 2949 2074 Juniolosa,
2980 2018 3029 2065 et
3060 2009 3269 2064 alodcm
3296 2010 3362 2063 de
3406 2008 3644 2064 Galinde
3680 2024 3829 2062 cam-

2239 2121 2341 2175 pus
2363 2106 2453 2175 qui
2486 2104 2587 2158 fuit
2620 2104 2685 2158 dc
2718 2099 3105 2157 Gniscal‘redus
3129 2099 3357 2155 clericus
3380 2139 3394 2165 ,
3440 2110 3496 2155 et
3545 2100 3741 2153 alodcs
3768 2100 3831 2152 de

2240 2196 2497 2260 Lociana,
2530 2195 2623 2266 qui
2669 2191 2890 2247 fuerunt
2932 2189 3216 2246 Guillclmo
3258 2190 3368 2244 lilio
3402 2189 3746 2253 Ermcnairi,
3775 2196 3832 2242 et

2243 2289 2451 2344 alodcm
2483 2288 2550 2343 de
2576 2285 2815 2342 Guisado
2845 2298 2968 2339 cum
3009 2281 3353 2346 molendinis,
3405 2291 3463 2337 et
3519 2281 3713 2337 alodes
3765 2283 3831 2333 de

2243 2381 2452 2445 Ovalo,
2509 2393 2645 2448 quos
2703 2376 2849 2432 dedit
2900 2373 3278 2430 Gandamurus
3328 2382 3384 2428 et
3440 2373 3740 2435 Honestus,
3777 2384 3835 2427 et

2244 2473 2397 2529 Oliba
2420 2470 2625 2534 clerici,
2652 2467 2736 2523 vel
2782 2466 2962 2523 cuncti
2994 2466 3260 2531 homines,
3291 2475 3347 2521 et
3393 2466 3576 2521 alodes
3605 2468 3677 2521 de
3701 2463 3835 2522 ιοη.

2246 2583 2335 2632 na,
2363 2577 2417 2623 et
2443 2566 2624 2622 alodes
2655 2565 2722 2620 de
2753 2564 2868 2618 rivo
2898 2565 2963 2619 de
2995 2563 3183 2627 Peras,
3231 2571 3285 2616 ct
3330 2561 3513 2615 alodcs
3551 2562 3621 2614 de
3666 2557 3835 2612 Satn-

2247 2675 2381 2716 rauo
2410 2674 2534 2736 cum
2574 2659 2687 2713 suis
2735 2657 2998 2722 terminis,
3029 2664 3084 2711 ct
3128 2656 3341 2712 alodcm
3383 2656 3451 2710 de
3476 2655 3620 2709 valle
3649 2652 3836 2709 Oricia

2250 2768 2373 2809 cum
2402 2753 2515 2807 suis
2544 2750 2811 2807 terminis.
2859 2749 2920 2806 lu
2955 2749 3215 2804 comitatu
3272 2747 3665 2810 Ccrdaniense,
3697 2746 3836 2801 valle

2249 2849 2509 2906 Lilitcnsc
2539 2849 2662 2903 villa
2714 2849 3022 2904 Armonedo
3058 2863 3179 2903 cum
3219 2847 3306 2902 det
3322 2845 3445 2899 imis
3468 2852 3524 2898 et
3551 2839 3833 2913 primitiis,

2252 2955 2379 2996 cum
2404 2940 2559 2995 alode
2580 2941 2670 3010 qui
2698 2939 2895 2995 dicitur
2922 2938 3145 3003 Lillcdo,
3175 2948 3231 2992 et
3248 2934 3588 2997 Gcnebredo,
3614 2930 3835 3001 pogium

2254 3035 2325 3093 de
2369 3035 2730 3105 Maranegas.
2769 3046 2825 3093 et
2878 3035 3102 3095 Marola.
3152 3034 3212 3090 In
3262 3034 3438 3088 locum
3500 3032 3595 3099 qui
3639 3028 3836 3084 dicitur

2252 3126 2548 3193 Guarexer,
2572 3130 2689 3199 ipso
2714 3128 2869 3185 alode
2890 3145 3015 3184 cum
3052 3127 3306 3191 ecclesia,
3351 3124 3576 3179 decimis
3630 3132 3689 3177 et
3724 3124 3835 3188 pri-

2254 3220 2441 3276 mitiis.
2496 3220 2550 3275 in
2606 3220 2868 3276 Ccrdania
2926 3218 3133 3275 alodcm
3196 3218 3289 3289 qui
3342 3217 3541 3272 dicitur
3602 3214 3834 3270 alozos.

2254 3326 2377 3366 cum
2417 3311 2671 3376 ecclesia,
2702 3311 2928 3365 decimis
2956 3319 3012 3364 et
3041 3308 3312 3380 primitiis,
3362 3307 3573 3362 alodcm
3605 3305 3677 3359 de
3712 3304 3836 3357 nar.

2256 3402 2321 3459 Et
2345 3404 2396 3457 in
2428 3404 2618 3457 eadem
2650 3401 2934 3463 Cerdania,
2988 3401 3169 3455 alodes
3226 3401 3292 3453 de
3338 3395 3645 3466 Arreguall,
3682 3401 3736 3448 et
3772 3393 3836 3445 de

2259 3493 2537 3549 Nassobell
2561 3503 2617 3548 et
2651 3494 2717 3548 de
2743 3492 3088 3556 Monteliano,
3116 3499 3171 3545 et
3216 3490 3282 3543 de
3326 3487 3451 3553 Bar,
3484 3495 3537 3540 ct
3565 3483 3748 3539 Adoll.
3772 3482 3837 3536 Et

2259 3588 2310 3642 in
2360 3583 2660 3639 Labcrtells
2709 3583 2919 3638 alodcm
2970 3596 3093 3635 cum
3139 3578 3483 3641 molendinis,
3532 3585 3592 3630 et
3626 3574 3835 3628 alodcm

2259 3680 2324 3735 de
2355 3678 2713 3733 Villa-vetere
2754 3690 2877 3732 cum
2926 3675 3057 3743 ipsis
3108 3671 3375 3735 ccclesiis,
3417 3678 3474 3724 et
3509 3668 3725 3722 alodcm
3776 3666 3837 3717 de

2257 3769 2441 3837 Evall,
2471 3775 2526 3824 et
2564 3767 2633 3822 de
2687 3766 2918 3832 Bellich,
2948 3773 3007 3820 ct
3052 3764 3118 3819 de
3151 3762 3375 3817 Masolio
3422 3769 3480 3815 ct
3526 3759 3598 3813 dc
3653 3765 3836 3811 sancta

2257 3859 2503 3925 Eulalia,
2532 3868 2585 3914 ct
2634 3859 2701 3913 de
2735 3857 2948 3929 Engils,
2987 3865 3042 3912 et
3079 3857 3148 3912 de
3176 3854 3320 3920 Ger,
3361 3863 3417 3909 et
3459 3854 3528 3908 de
3563 3851 3798 3906 Palaciol
3821 3892 3836 3911 .

2259 3960 2313 4006 et
2344 3952 2410 4005 de
2443 3947 2770 4012 Villa-Lobs,
2803 3959 2859 4003 et
2879 3950 2944 4003 de
2974 3948 3182 4018 Oligna,
3223 3957 3279 4000 et
3304 3945 3369 3999 de
3398 3944 3635 4007 Anama,
3684 3953 3741 3997 et
3777 3943 3837 3993 de

2262 4042 2494 4110 Salcicp,
2520 4050 2577 4096 et
2605 4041 2672 4095 dc
2698 4039 3019 4111 Equaleges,
3064 4048 3119 4092 et
3157 4037 3223 4092 de
3269 4036 3368 4098 Ur,
3395 4045 3451 4091 et
3475 4035 3544 4089 de
3578 4031 3839 4089 Contami-

2263 4132 2399 4198 rida,
2429 4141 2484 4187 et
2518 4132 2586 4187 de
2612 4132 2951 4201 Augastuna,
3002 4137 3057 4184 et
3092 4130 3159 4185 de
3202 4129 3463 4192 Estavar,
3513 4134 3569 4179 et
3601 4127 3670 4179 de
3698 4125 3837 4179 Salao

2265 4239 2394 4295 gosa
2428 4223 2493 4277 de
2532 4220 2663 4287 Sed,
2690 4230 2743 4278 et
2793 4221 2861 4276 dc
2905 4219 3188 4282 Palaciolo,
3251 4227 3306 4273 et
3356 4219 3423 4273 de
3475 4215 3837 4270 Valramelica.

2262 4321 2319 4368 et
2344 4313 2406 4365 de
2430 4311 2587 4377 Ezer,
2628 4319 2684 4364 et
2705 4311 2772 4365 de
2802 4309 2966 4373 Esna,
3015 4317 3070 4364 et
3110 4309 3178 4363 de
3212 4307 3482 4362 Psanczas
3516 4316 3574 4359 et
3612 4306 3679 4359 dc
3725 4303 3840 4359 Sal-

2265 4401 2463 4472 tegttal,
2488 4410 2541 4453 et
2569 4401 2635 4455 de
2655 4399 2853 4465 Miclla,
2876 4410 2931 4455 et
2957 4399 3022 4454 de
3053 4397 3365 4460 Ventolano,
3389 4407 3445 4451 et
3473 4398 3540 4451 de
3564 4395 3838 4454 Clusellos,

582 4503 773 4554 nacus,
817 4498 872 4544 et
914 4491 1143 4546 ecclesia
1172 4463 1239 4548 de
1285 4492 1462 4549 Monte
1507 4494 1725 4559 Clauso,
1778 4504 1831 4550 ct
1876 4495 2057 4552 alodcs
2095 4496 2163 4552 de
2194 4463 2240 4521 θ
2265 4463 2411 4544 θῑνάθ
2441 4489 2660 4545 Obzcllo
2694 4497 2750 4545 et
2797 4463 2863 4544 de
2904 4487 3357 4564 Campancionos,
3413 4485 3645 4542 Macana
3691 4495 3744 4540 ct
3784 4485 3846 4538 de

583 4576 895 4642 Bcnemidc,
921 4580 1184 4637 etalodes
1225 4586 1290 4638 de
1335 4583 1521 4650 Serra,
1568 4585 1658 4655 qui
1704 4585 1806 4642 fuit
1851 4588 2165 4655 Dclanti,et

584 4667 771 4723 alodes
792 4667 859 4724 de
886 4667 1156 4740 Spurigia,
1183 4680 1238 4725 et
1262 4673 1328 4726 de
1350 4672 1574 4738 Callers,
1632 4684 1688 4729 et
1730 4676 1857 4746 ipsa:
1898 4676 2063 4731 valles
2100 4680 2165 4731 de

584 4758 900 4815 Boscedano
923 4775 1047 4816 cum
1063 4761 1228 4826 villis,
1250 4761 1335 4817 vel
1365 4763 1577 4818 illorum
1608 4766 1889 4830 terminos,
1906 4776 1961 4821 et
1983 4767 2167 4822 alodes

585 4851 654 4904 de
703 4849 907 4905 Palam.
954 4850 1015 4906 ln
1064 4851 1286 4906 civitate
1346 4850 1627 4907 Minorissa
1683 4854 1918 4921 alodcm,
1987 4856 2038 4911 id
2084 4865 2167 4911 est

586 4955 777 5003 casas,
817 4950 1021 5004 terras,
1065 4941 1252 4996 vineas
1276 4951 1330 4995 et
1355 4941 1538 4997 alodcs
1560 4944 1650 5011 qui
1693 4943 1911 4999 fuerunt
1953 4945 2020 4999 de
2045 4945 2165 5001 aliis

589 5033 919 5087 hominibus.
970 5034 1028 5088 In
1070 5034 1251 5091 Monte
1276 5036 1498 5091 Serrato
1523 5036 1732 5092 alodcm
1768 5053 1890 5093 cum
1935 5038 2164 5095 ecclesia

586 5120 959 5188 SanctiPctri,
974 5132 1026 5178 et
1047 5123 1230 5180 Sancti
1248 5125 1486 5192 Martini,
1502 5135 1557 5183 et
1582 5127 1634 5181 in
1675 5128 1952 5183 cacumine
1972 5128 2169 5185 Montis

591 5208 800 5266 Serrati
832 5212 1118 5268 ecclesiam
1152 5217 1365 5273 Sancta}
1415 5218 1600 5273 Mariae
1636 5230 1691 5274 et
1720 5218 1905 5273 Sancti
1949 5219 2167 5286 Asiseli,

2268 4579 2584 4647 Mcramors,
2615 4582 2754 4636 etde
2783 4580 3009 4647 Urriols,
3048 4590 3103 4635 et
3142 4582 3208 4636 de
3248 4580 3376 4635 Cols
3415 4594 3539 4634 cum
3572 4589 3844 4648 pasturas.

2267 4672 2712 4727 etArmonedum
2758 4673 3077 4743 jamdictnm
3132 4688 3255 4728 cum
3315 4675 3461 4742 ipsos
3515 4671 3756 4729 boscos,
3799 4677 3847 4719 et

2269 4766 2465 4829 calino,
2496 4774 2549 4819 et
2599 4766 2741 4834 ipsas
2794 4774 3062 4836 pastnras,
3110 4776 3163 4820 cl
3210 4765 3499 4821 ecclesiam
3528 4763 3723 4818 Sancti
3753 4759 3847 4813 Ro-

2271 4858 2413 4929 mani
2445 4872 2567 4910 cum
2623 4857 2944 4911 tcrminibus
2969 4898 2984 4919 ,
3045 4866 3100 4913 et
3159 4858 3344 4913 alodes
3370 4858 3439 4912 de
3465 4855 3594 4927 pujo
3624 4855 3847 4913 Matella.

2266 4947 2355 5015 qui
2394 4947 2590 5001 ibidem
2631 4955 2716 5000 est
2741 4987 2756 5009 ,
2803 4958 2856 5001 et
2891 4948 3141 5011 Gomses,
3185 4956 3241 5001 ct
3283 4946 3682 5018 Scurrigercs,
3720 4957 3776 5002 et
3805 4948 3848 5001 ia

2267 5038 2454 5093 eadem
2500 5038 2765 5092 Ccrdania
2809 5038 2862 5092 in
2909 5039 3150 5109 pluribus
3191 5040 3365 5101 locis,
3416 5055 3601 5103 casas,
3660 5051 3848 5093 curtis.

2272 5144 2393 5183 cum
2438 5127 2611 5183 vineis
2658 5137 2713 5182 et
2738 5129 2919 5183 terris.
2950 5130 3014 5183 Et
3044 5130 3095 5183 in
3120 5132 3383 5184 comitatu
3437 5130 3848 5199 Urgellitauensi

2271 5220 2482 5275 alodcm
2542 5220 2633 5288 qui
2681 5219 2882 5275 dicitur
2936 5221 3153 5276 Exeduli
3210 5237 3333 5275 cum
3383 5222 3623 5277 ecclesia
3682 5221 3847 5276 Sancti
