3984 5316
147 335 270 392 1513

1312 335 1667 402 EPlSTOLAE
1706 334 1792 389 ET
1835 331 2248 390 DlPLOHATA.

3262 337 3400 394 l5”

142 453 320 505 eodem
371 450 629 506 comitatu
688 451 823 507 alias
878 460 1052 508 terras
1101 459 1156 508 et
1203 452 1408 508 vineas.
1456 452 1512 506 In
1577 449 1712 504 valle
1743 452 1788 506 Α
1816 463 1913 504 nec
1940 450 2009 504 ab
2041 451 2148 504 ullo
2184 451 2236 504 in
2266 449 2420 519 cujus
2459 466 2614 506 suum
2645 461 2728 508 est
2758 455 3152 510 monasterium
3188 459 3402 528 episco-

141 540 432 596 Conlluenti
460 542 692 608 alodein,
723 545 814 614 qui
849 545 1048 598 dicitur
1092 544 1246 607 Evol,
1296 559 1420 596 cum
1477 543 1589 612 ipsa
1635 557 1718 596 sa-

141 631 264 687 lices
309 646 364 687 et
395 643 670 705 pasturas.
704 635 769 688 Et
821 635 874 688 in
900 637 1089 689 eadem
1113 636 1252 688 valle
1275 636 1326 688 in
1361 634 1543 687 multis
1580 633 1716 686 locis

136 722 348 788 vineas,
377 733 433 777 et
478 725 688 780 alodem
721 727 788 781 de
821 726 1105 790 Sodames,
1150 735 1204 781 et
1249 726 1433 779 alodes
1468 726 1532 779 de
1562 724 1717 777 Win-

136 816 284 880 cedo,
325 825 379 870 et
406 821 472 872 de
508 818 785 884 Macanos,
837 830 892 874 et
922 821 1132 874 alodcm
1165 821 1232 874 de
1265 819 1570 888 Sagamano
1594 835 1715 872 cum

136 908 358 961 ecclesia
387 907 569 962 Sancti
607 911 902 965 Clementis
928 926 1051 965 cum
1099 913 1212 964 suis
1258 911 1506 964 alodibus
1533 950 1547 972 ,
1577 918 1630 962 et
1663 911 1716 962 in

135 997 353 1051 Soliano
377 998 608 1064 alodem,
635 1012 690 1054 et
720 1001 773 1054 in
821 1002 1146 1056 Corneliana
1178 1011 1351 1055 terras
1393 1010 1447 1054 et
1495 1003 1711 1067 vineas;

134 1097 186 1142 et
215 1089 264 1140 in
293 1089 532 1149 Arriano
561 1107 716 1146 casas
739 1133 751 1155 ,
787 1102 962 1148 terras
1005 1104 1061 1148 et
1089 1096 1294 1156 vineas,
1334 1103 1386 1148 et
1417 1094 1625 1148 alodem
1651 1095 1718 1150 de

134 1177 412 1244 Monsedo,
441 1193 497 1236 et
527 1183 876 1248 Vitamarias,
913 1199 966 1239 et
1011 1186 1222 1240 alodem
1255 1188 1320 1240 de
1361 1186 1713 1241 Fcuestredo.

129 1267 186 1322 In
243 1268 364 1324 loco
409 1273 498 1341 qui
537 1275 736 1329 dicitur
782 1274 974 1340 Bulla,
1031 1287 1204 1331 terras
1274 1285 1330 1330 et
1381 1279 1612 1343 vineas,
1661 1288 1718 1333 et

129 1376 300 1427 casas,
331 1379 455 1417 cum
483 1366 706 1420 decimis
731 1377 784 1422 et
833 1370 1107 1438 primitiis.
1142 1370 1199 1424 lu
1231 1371 1517 1425 Vintolauo
1543 1381 1718 1427 terras

127 1462 182 1509 et
209 1457 417 1510 vineas.
451 1457 505 1510 lu
531 1461 880 1529 campajonos
912 1479 1091 1528 casas,
1125 1472 1300 1517 terras
1327 1473 1382 1516 et
1413 1465 1624 1517 viueaS'
1661 1475 1717 1519 et

128 1548 181 1602 in
212 1550 416 1620 Rippas
449 1561 642 1618 terras,
682 1572 841 1610 casas
868 1569 924 1612 et
952 1558 1157 1611 vineas.
1204 1558 1258 1612 In
1285 1559 1505 1612 Macana
1535 1576 1714 1626 casas,

126 1635 336 1701 vineas,
367 1645 562 1692 terras.
597 1639 661 1692 Et
697 1641 747 1694 in
777 1643 1038 1697 comitatu
1074 1644 1474 1700 Rossolionensi
1504 1647 1716 1702 alodcm

124 1727 188 1779 de
213 1727 413 1792 Tason,
462 1741 516 1785 et
552 1732 783 1787 Amasos
835 1736 901 1788 de
949 1735 1309 1793 Petra-calce.
1364 1739 1429 1792 Et
1484 1740 1535 1793 in
1577 1741 1717 1794 valle

1820 540 1930 608 pio.
1957 558 2055 596 nec
2079 544 2146 596 ab
2173 543 2280 596 alio
2302 544 2471 610 possit
2501 546 2987 613 excommunicar",
3013 547 3098 601 vel
3128 549 3304 620 aliqua
3334 552 3400 605 aii

1821 631 2068 685 eumdem
2095 635 2483 688 monasterium
2515 637 2792 704 pertinens
2817 640 3068 695 ecclesia.
3098 642 3404 702 Stattnmus

1820 720 1984 773 etiam
2029 732 2086 775 ut
2130 723 2377 792 quisquis
2427 728 2700 794 pteuitcus
2751 745 2780 781 a
2827 729 3107 788 liminibus
3150 736 3404 793 exclusus

1822 812 2074 866 Ecclesia}
2101 816 2336 881 quandiu
2367 816 2438 870 ibi
2475 821 2708 883 steterit,
2737 821 2895 874 abeat
2921 821 3191 880 licentiam
3223 827 3400 883 intro-

1820 902 1982 955 eundi
2019 913 2074 957 et
2119 919 2278 960 omne
2311 909 2550 962 divinum
2594 910 2828 965 ollicium
2867 915 3139 970 audiendi.
3191 919 3400 974 Conme-

1821 992 1998 1048 dimus
2026 1010 2240 1065 quoque
2263 1000 2446 1053 abbati
2478 1000 2561 1055 vel
2586 1003 2888 1066 monachis,
2921 1014 2976 1059 et
3004 1009 3258 1064 omnibus
3291 1011 3404 1066 cle-

1820 1084 1950 1138 ricis
1983 1087 2050 1139 ad
2083 1091 2473 1146 monasterium
2499 1095 2917 1162 pertinentibus,
2951 1097 3250 1165 licentiam,
3299 1103 3402 1157 nisi

1819 1176 2093 1232 voluerint
2142 1190 2443 1248 spontanee
2487 1185 2575 1237 vel
2630 1187 2828 1255 rogati,
2870 1189 2936 1242 ad
2986 1191 3249 1260 synodum
3296 1211 3402 1248 non

1820 1270 2004 1323 eundi.
2049 1270 2452 1328 Conﬁrmantus
2494 1276 2658 1345 igitur
2702 1287 2756 1332 et
2793 1280 3097 1336 stabilimus
3124 1285 3318 1339 amodo
3347 1295 3406 1337 nt.

1821 1361 1999 1414 nullus
2031 1379 2148 1427 rex,
2182 1365 2359 1420 nullus
2389 1367 2665 1436 princeps,
2714 1371 2893 1424 nullus
2923 1374 3187 1438 marchio,
3225 1375 3352 1428 null:
3378 1392 3405 1429 s

1820 1465 2025 1517 comes,
2071 1454 2250 1509 nullus
2292 1456 2483 1525 judex,
2531 1474 2708 1527 neque
2763 1461 2864 1514 ulla
2901 1479 3091 1532 magna
3129 1480 3406 1535 parvaque

1820 1555 2053 1609 persona
2082 1545 2323 1614 aliquam
2352 1548 2460 1601 vim
2504 1549 2586 1603 vel
2619 1551 2954 1606 invasionem
2987 1555 3038 1608 in
3069 1557 3258 1611 eodem
3287 1574 3402 1613 coc-

1820 1631 1984 1684 nobio
2015 1645 2108 1686 aut
2137 1637 2192 1687 in
2225 1635 2339 1690 suis
2369 1638 2718 1706 pertinentiis
2743 1641 2923 1695 facere
2964 1657 3277 1712 prmsumat,
3304 1664 3403 1716 pro

1819 1737 1928 1790 quo
1953 1731 2008 1777 et
2033 1725 2134 1778 sub
2164 1726 2329 1780 divini
2355 1725 2548 1794 judicii
2579 1731 2964 1795 obtestatione,
3006 1743 3061 1788 et
3090 1737 3407 1791 anathema-

126 1816 280 1888 spcr;
313 1821 526 1877 alodcm
576 1825 641 1878 de
691 1825 926 1881 Emjoris
957 1837 1012 1882 ει
1048 1830 1257 1883 alode,“
1288 1833 1353 1886 de
1385 1833 1616 1887 "emis.
1657 1835 1713 1889 ιη
1747 1832 1792 1889 Β
1822 1815 1893 1869 tis
1917 1817 2297 1874 interdictione
2320 1821 2728 1891 promulgautcs
2758 1827 3122 1894 decernimus,
3146 1839 3204 1882 ut
3225 1829 3407 1886 nullus

121 1910 383 1964 comitatu
415 1912 712 1969 Palorieusi
761 1916 947 1972 alodes
991 1920 1083 1988 qui
1118 1931 1241 1974 sunt
1285 1922 1338 1976 in
1399 1924 1713 1980 Basturcius

120 2014 240 2054 cum
284 2004 558 2072 ecclesiis,
617 2009 697 2062 vel
756 2011 871 2066 suis
930 2013 1192 2068 alodibus.
1235 2016 1288 2070 ln
1336 2019 1594 2073 comitatu
1627 2020 1715 2073 Bi-

121 2093 443 2151 suldunensi
515 2101 701 2156 alodes
771 2104 866 2172 qui
928 2104 1150 2161 fuerunt
1223 2109 1289 2164 de
1360 2109 1583 2177 Corbo,
1660 2122 1717 2167 et

116 2184 530 2259 Argilagarios,
585 2194 913 2262 Valle-alta,
980 2197 1309 2264 Juviuiano,
1361 2218 1484 2257 cum
1545 2205 1711 2270 casis,

115 2280 292 2336 vineis
359 2292 411 2338 et
463 2286 664 2350 terris;
719 2289 772 2342 in
829 2289 1006 2345 locum
1062 2294 1152 2362 qui
1203 2295 1401 2349 dicitur
1435 2295 1711 2364 Judaicas,

119 2371 349 2429 ecclesia
421 2375 479 2429 S.
525 2375 672 2433 Petri
728 2395 850 2435 cum
907 2399 1102 2452 casas,
1161 2395 1335 2442 terras
1387 2399 1443 2444 et
1501 2391 1711 2458 vineas,

126 2478 245 2519 cum
277 2467 508 2522 decimis
550 2480 604 2524 et
642 2473 921 2540 primitiis,
968 2486 1020 2531 et
1061 2479 1455 2546 oblationibus,
1502 2493 1558 2538 et
1600 2488 1714 2541 suis

122 2555 369 2611 terminis
440 2557 526 2612 vel
593 2562 934 2629 adjacentiis.
994 2567 1059 2621 Et
1131 2570 1182 2622 in
1245 2573 1518 2630 Vernedas
1571 2579 1714 2634 casis

118 2658 172 2699 et
226 2650 413 2715 terris,
471 2663 526 2706 et
588 2655 798 2710 aludem
858 2659 925 2714 de
970 2661 1223 2731 Fulgosa,
1280 2677 1335 2720 et
1386 2669 1452 2723 de
1509 2670 1716 2727 Secun-

120 2737 277 2801 della,
312 2751 369 2794 et
403 2742 458 2796 in
489 2745 722 2813 Aqualia
769 2759 823 2803 et
860 2751 1071 2808 alodem
1105 2757 1171 2810 de
1215 2758 1342 2828 Bag,
1387 2763 1476 2829 qui
1510 2763 1611 2818 fuit
1645 2768 1713 2821 de

120 2826 426 2898 Ramardo,
451 2845 503 2888 et
531 2837 836 2907 Porrarias,
861 2853 916 2898 et
945 2845 1152 2900 alodein
1183 2851 1248 2904 de
1275 2850 1566 2909 Blacariler
1588 2874 1712 2912 cum

115 2919 321 2988 boscis,
371 2929 614 2994 pasturis
647 2940 702 2984 et
746 2932 1091 3003 molendinis,
1125 2948 1175 2992 et
1226 2942 1434 2997 alotlent
1469 2947 1534 3000 de
1578 2948 1714 3002 Bra-

116 3012 204 3065 nia
225 3054 240 3077 ,
272 3027 329 3070 et
365 3018 540 3086 ipsam
572 3024 786 3077 tertiatur
830 3037 1036 3089 partem
1087 3030 1153 3084 de
1184 3032 1307 3087 villa
1342 3035 1557 3091 l’alazul
1589 3056 1712 3095 cum

115 3110 366 3165 terminis
409 3122 466 3166 et
504 3115 700 3170 finibus
743 3119 895 3172 suis:
935 3130 985 3174 et
1030 3122 1214 3178 alodes
1251 3127 1316 3178 de
1355 3127 1518 3184 Basso
1565 3142 1617 3186 ct
1649 3135 1714 3188 de

1815 1924 2053 1977 unquam
2095 1920 2405 1966 nostrorum
2442 1929 2820 1970 successorum
2862 1919 3184 1987 pontiﬁcum
3231 1938 3409 1992 neque

1814 2001 1938 2069 quis
1970 2001 2116 2056 illum
2152 2001 2400 2074 frangere
2431 2014 2620 2060 tentet.
2651 2007 2707 2059 Si
2732 2008 2855 2076 quis
2885 2020 3094 2076 autem,
3126 2012 3269 2081 quod
3298 2029 3409 2068 non

1814 2093 2110 2156 credimus,
2142 2109 2243 2149 nec
2285 2087 2482 2149 timens
2509 2098 2675 2150 Deum
2695 2137 2708 2160 ,
2737 2107 2792 2151 et
2823 2111 3066 2154 nostrum
3113 2105 3402 2173 parvipcn-

1815 2185 1948 2239 deus
1993 2185 2355 2253 privilegium,
2396 2189 2537 2255 quod
2576 2191 2944 2255 concedimus,
2984 2194 3150 2248 verbo
3195 2194 3406 2250 factove

1814 2276 2154 2344 disrumpere
2191 2280 2502 2346 tentaverit,
2533 2280 2676 2334 hunc
2721 2283 2964 2351 quisquis
2996 2285 3085 2340 ille
3123 2285 3306 2349 fuerit,
3341 2289 3408 2342 do.

1814 2379 1970 2437 parte
1989 2369 2080 2422 Dei
2101 2370 2511 2438 omnipotentis,
2540 2371 2819 2440 sanctique
2843 2374 2959 2441 ejus
2981 2377 3208 2443 apostoli
3234 2379 3402 2442 Petri,

1814 2470 1869 2515 et
1893 2472 2101 2528 nostra,
2117 2463 2203 2531 qui
2226 2464 2343 2532 ejus
2373 2464 2651 2533 fungimur
2667 2467 2805 2526 vice,
2825 2471 3120 2537 perpetuis,
3138 2471 3238 2526 nisi
3269 2475 3409 2528 resi-

1815 2555 2012 2622 puerit,
2038 2556 2408 2610 auathematis
2441 2557 2674 2612 vinculis
2719 2559 3037 2628 obligamus.
3069 2563 3126 2616 Si
3155 2566 3277 2632 quis
3307 2581 3406 2618 au-

1819 2654 1924 2699 tem
1958 2646 2118 2714 hujus
2145 2647 2318 2700 sancti
2349 2647 2584 2701 emnobii
2618 2647 2834 2715 adjutor
2861 2651 3121 2714 existens,
3163 2653 3314 2708 illum
3354 2656 3408 2709 in

1817 2751 1924 2805 quo
1956 2737 2193 2805 potuerit
2219 2737 2448 2808 elegerit
2477 2746 2540 2814 et,
2566 2742 2850 2806 amaverit,
2910 2742 2996 2796 hic
3029 2742 3122 2798 Dei
3153 2745 3406 2814 omnipo-

1817 2831 1982 2884 tentis
2034 2831 2346 2886 interventu
2401 2833 2699 2902 apostolica
2746 2834 2983 2904 repletus
3031 2836 3409 2892 benedictione

1818 2938 2067 2977 crescere
2109 2939 2168 2978 se
2199 2925 2438 2994 gaudeat
2474 2925 2526 2978 in
2565 2925 2822 2980 virtutem
2861 2925 2929 2981 de
2957 2927 3196 2982 virtute:
3229 2929 3410 2999 sitque

1819 3016 1996 3085 portio
2052 3017 2170 3085 ejus
2228 3019 2544 3086 paradisus,
2604 3021 2895 3074 hmreditas
2950 3021 3094 3076 illius
3145 3023 3407 3077 Dominus

1817 3103 2090 3170 Christus,
2121 3122 2224 3175 pax
2254 3117 2310 3160 et
2334 3108 2634 3163 consolatio
2665 3109 2813 3179 ejus,
2839 3111 2929 3165 ubi
2959 3126 3168 3182 semper
3199 3121 3254 3167 et
3275 3126 3409 3182 gau-

110 3197 364 3269 Viguilar
417 3214 470 3259 et
515 3208 581 3261 de
626 3208 933 3278 Rivocaun;
988 3216 1145 3270 etde
1191 3215 1506 3290 Villalonga,
1557 3234 1613 3280 et
1649 3229 1714 3282 de

1827 3193 1966 3247 dium
2007 3204 2062 3249 et
2094 3195 2246 3249 dolor
2280 3197 2482 3254 nullus.

109 3289 342 3359 Pineila,
391 3307 452 3351 et
487 3299 642 3353 aloile
672 3302 737 3355 de
783 3303 1030 3374 Bagnnos
1060 3325 1073 3360 :
1124 3309 1174 3361 in
1213 3289 1473 3367 comitatu
1505 3314 1717 3371 Gerun-

113 3384 265 3440 densi
311 3388 366 3442 in
419 3390 542 3444 villa
583 3409 747 3461 quam
790 3397 977 3452 dicunt
1025 3401 1246 3456 Celiauo
1287 3405 1403 3474 ipso
1452 3407 1627 3474 alode,
1661 3420 1716 3466 et

111 3475 270 3530 alode
320 3480 391 3534 de
454 3481 741 3540 Emulano.
794 3488 848 3541 ln
907 3491 1168 3546 comitatu
1219 3494 1501 3553 Cerdaniae
1540 3501 1717 3571 ipsum

109 3566 374 3634 alodem,
445 3576 587 3641 quod
644 3574 746 3630 fuit
800 3577 1084 3637 Gualdaldi
1149 3585 1514 3653 vieecomitis,
1562 3566 1716 3649 cum

109 3661 372 3718 ecclesiis
422 3669 808 3738 superpositis,
854 3688 974 3741 qua:
1006 3675 1076 3729 ibi
1107 3687 1255 3743 sunt,
1286 3680 1402 3735 sive
1428 3683 1479 3735 in
1516 3682 1716 3751 locum,

104 3765 273 3820 quem
309 3767 521 3811 vocant
560 3759 613 3812 in
655 3759 806 3816 Valle
835 3772 1020 3819 vetere
1049 3767 1336 3822 ecclesiam
1359 3771 1544 3827 Sancti
1579 3775 1722 3829 Illar-

103 3843 231 3910 tini,
285 3856 346 3902 et
396 3849 585 3905 Sancti
635 3851 912 3909 Saturnini
950 3871 1074 3911 cum
1120 3859 1317 3916 finibus
1363 3873 1417 3918 et
1449 3867 1719 3937 terminis,

101 3933 345 3994 decimis
385 3950 445 3996 et
491 3944 766 4012 primitiis.
813 3947 944 4001 item
995 3949 1048 4002 in
1080 3951 1216 4007 valle
1275 3955 1488 4023 Asperi,
1535 3933 1721 4016 villam

105 4045 278 4100 quam
313 4035 516 4090 dicunt
557 4037 785 4095 Hermas
831 4059 952 4097 cum
984 4044 1182 4101 finibus
1227 4058 1279 4103 et
1319 4051 1568 4107 terminis
1609 4056 1723 4111 suis

105 4137 172 4176 ac
218 4125 407 4180 silvis.
456 4127 510 4181 ln
552 4129 826 4187 lloveraso
855 4149 1033 4203 casas,
1078 4153 1200 4191 cum
1237 4142 1399 4197 terris
1441 4151 1496 4198 et
1523 4146 1720 4212 vineis,

103 4223 162 4268 et
186 4217 442 4283 eremis;
479 4218 605 4280 item
636 4219 688 4273 in
730 4221 1058 4295 Berguitano
1095 4229 1146 4281 in
1180 4229 1305 4283 villa
1339 4231 1632 4304 Donegua:
1669 4237 1721 4291 in

102 4308 390 4362 comitatu
448 4308 859 4380 Empuradcnse
887 4316 1096 4371 alodem
1139 4321 1204 4373 de
1231 4330 1420 4392 stagno
1451 4324 1616 4380 salso.
1655 4326 1725 4381 Et

106 4396 162 4450 in
196 4397 598 4454 Petralatensc
629 4401 840 4458 alodcm
887 4406 952 4461 de
989 4407 1321 4473 Castillione,
1363 4423 1418 4468 et
1446 4414 1513 4468 de
1540 4415 1724 4472 'Valle-

104 4487 254 4541 mala
287 4505 424 4542 cum
464 4493 810 4548 torminibus.
859 4495 984 4553 llrcc
1019 4501 1181 4567 igitur
1210 4519 1550 4575 quicumque
1581 4510 1722 4563 dixi-

1894 3290 2166 3359 Scriptum
2198 3308 2294 3362 per
2311 3308 2530 3346 manum
2553 3294 2828 3350 Benedicti
2865 3297 3059 3352 notarii
3092 3299 3412 3367 regionarii,

1821 3387 1878 3433 et
1924 3380 2198 3434 scriniarii
2243 3392 2444 3437 sancta:
2504 3383 2764 3440 Romana:
2809 3386 3068 3442 Ecclesia:
3119 3389 3174 3442 in
3222 3405 3412 3446 mense

1822 3469 2169 3537 Novembris,
2201 3472 2499 3530 indictione
2529 3475 2762 3530 decima.

1894 3562 2041 3617 Bene
2066 3565 2263 3620 valete.

2582 3658 2662 3712 Vl.

1825 3746 2103 3835 Sergiusnl
2188 3768 2323 3835 popa
2345 3754 2651 3835 “conﬁrmat
2703 3754 3062 3835 fundalionent
3108 3734 3416 3835 monasterii

1899 3820 1961 3901 Si.
2024 3819 2634 3899 Retri'ﬁ’eniliotcnsis,
2687 3819 2735 3879 et
2799 3828 2934 3882 bona
2986 3829 3056 3882 ad
3106 3831 3240 3884 illud
3302 3848 3420 3901 spe-

1895 3900 2114 3943 clarum.

2436 3963 2612 4032 (Anno
2654 3966 2834 4038 tOll.)

1937 4049 2352 4122 [Cocousuxss,
2393 4051 2601 4108 Bullar.
2637 4058 2798 4127 ampl.
2827 4058 3052 4125 collect.,
3079 4060 3122 4126 l,
3155 4062 3308 4135 514.]

1901 4143 2132 4200 SERGIUS
2167 4146 2475 4216 episcopus,
2515 4163 2704 4203 servus
2731 4165 3012 4205 servorum
3042 4153 3162 4208 Dei.

1901 4236 1959 4291 Si
1993 4238 2186 4291 domus
2232 4240 2706 4295 excellentissime
2752 4243 3138 4312 speculationis
3185 4249 3414 4302 sanctis-

1828 4329 1980 4383 simae
2025 4330 2218 4383 matris
2273 4341 2471 4384 nostra:
2534 4331 2790 4386 Ecclesia:
2846 4333 3174 4403 impellimur
3229 4354 3417 4392 curam

1830 4429 2101 4488 satagere,
2134 4429 2188 4473 et
2233 4419 2301 4472 ob
2342 4422 2577 4475 studium
2613 4423 2778 4476 divini
2812 4423 2990 4479 cultus
3019 4443 3116 4496 pro
3156 4430 3421 4497 religione

1831 4527 2112 4564 sacrorum
2164 4511 2405 4564 locorum
2459 4529 2842 4583 promovemur
2892 4523 3245 4587 praecogitare
3295 4523 3421 4576 illo-

105 4595 256 4645 mus,
312 4582 404 4637 vel
439 4599 780 4655 qtuccunque
821 4605 927 4643 non
969 4593 1198 4646 dicimus
1229 4600 1427 4663 prcedia
1459 4573 1722 4672 acquisita
1756 4573 1802 4629 Β
1834 4619 1953 4656 rum
1987 4603 2371 4657 sublimitatem
2421 4613 2584 4674 atque
2633 4609 3007 4683 stabilitatem,
3058 4622 3118 4667 ut
3161 4615 3257 4668 soli
3310 4615 3421 4670 Deo

105 4671 194 4725 vel
227 4674 583 4742 acquireuda
615 4678 682 4729 ad
715 4689 917 4734 sancta:
952 4681 1044 4735 Dei
1078 4683 1372 4742 Genitrieis
1415 4671 1720 4750 crenobium

111 4763 167 4816 in
201 4765 354 4819 valle
397 4765 794 4834 Rivipollensis
817 4772 980 4826 situm
1012 4775 1363 4845 pertinentia,
1398 4785 1723 4842 auctoritate

110 4851 189 4909 illi
225 4856 534 4910 firmantur
561 4873 592 4910 a
628 4859 783 4916 nobis
820 4864 1141 4932 apostOlica.
1200 4867 1500 4926 Statnimus
1542 4886 1723 4932 autem

115 4959 198 5015 ut,
237 4949 472 5018 quando
501 4951 670 5004 abbas
717 4955 890 5024 ipsius
935 4961 1250 5014 monasterii
1299 4963 1516 5028 obierit,
1552 4983 1726 5038 neque

118 5059 152 5099 a
185 5046 445 5117 regibus,
479 5061 653 5114 neque
682 5062 710 5100 a
742 5051 1059 5116 comitibus,
1093 5071 1269 5125 neque
1307 5073 1338 5112 a
1369 5059 1733 5133 qualicunque

117 5150 354 5182 “argutia
386 5150 493 5182 ηΓο
529 5136 822 5182 ﬂllltitiilnla
901 5145 1143 5182 ηρωηιῖω
1187 5164 1354 5182 annon
1413 5166 1590 5182 non..-
1632 5171 1730 5182 ..-Α

1833 4696 2116 4752 servitium
2149 4694 2362 4749 valeant
2390 4695 2700 4752 habitantes
2741 4700 2792 4754 in
2837 4717 2902 4756 ea
2933 4703 3274 4768 impendere;
3315 4707 3422 4760 hoc

1834 4789 1991 4844 nobis
2019 4790 2172 4844 decet
2201 4790 2290 4859 pio
2323 4789 2510 4844 labore
2541 4807 2885 4854 assuescere,
2932 4804 2993 4848 ut
3031 4797 3222 4848 animae
3263 4796 3425 4850 Chri-

1839 4889 1924 4936 sto
1951 4883 2167 4942 dicatae,
2202 4897 2322 4950 qum
2350 4897 2408 4935 se
2441 4883 2495 4937 iu
2525 4882 2714 4936 diebus
2761 4885 2886 4937 vita:
2933 4883 3143 4936 illorum
3173 4886 3428 4943 servituti

1839 4973 2319 5034 contradidcrunt,
2360 4981 2736 5040 perseverent,
2781 4972 2884 5025 sub
2934 4973 3050 5041 ejus
3096 4973 3285 5026 militia
3327 4975 3432 5031 int-

1837 5066 2186 5132 pcrturbatm.
2218 5080 2319 5118 nec
2345 5079 2454 5117 non
2488 5073 2542 5117 et
2575 5061 2660 5114 illa
2689 5061 2799 5116 illic
2827 5075 3084 5118 maneant
3117 5078 3214 5132 per
3241 5077 3440 5122 aucto-

1839 5155 2055 5182 -:.n0n_n
2105 5164 2306 5182 σιΛβΙ-ιη
2350 5154 2496 5182 μΑιιῖιη
2544 5152 2856 5182 nnnell.l:nm
2921 5153 3246 5182 Διιηίηηζοιιοιὶ
3278 5159 3438 5182 ...ιι-ομ
