3984 5316
193 236 344 312 't5t7

1408 236 1767 298 EPISTOIJE
1795 235 1881 292 ΕΤ
1925 233 2336 294 DIPLOMATA.

3339 239 3474 299 1618

209 384 326 434 rex,
355 365 532 423 nullus
559 366 832 438 princeps,
865 363 1042 420 nullus
1073 361 1340 429 marchio,
1376 361 1553 418 nullus
1584 376 1786 428 comes,
1821 359 1867 419 Α
1893 354 2093 426 Praedia
2123 369 2244 411 cum
2266 351 2658 420 mallSlonibIIS.
2682 350 2764 409 νει
2789 352 3221 424 Ροεεεεείοηῖδυε
3241 355 3310 411 εί]
3327 371 3478 414 eum-

209 459 388 514 uullus
402 459 591 530 judex,
620 458 798 511 uullus
825 456 1132 527 episeopus,
1158 455 1335 509 nullus
1361 454 1528 510 abbas
1555 453 1790 524 aliquam

209 549 319 604 vim
361 549 446 604 vel
502 549 835 604 invasionetu
880 563 947 604 ac
996 547 1430 617 subjugationem
1490 547 1544 601 in
1599 547 1792 601 eoJem

209 640 460 696 emnobio
509 651 604 694 aut
655 641 709 694 in
758 639 874 694 suis
928 637 1180 694 omnibus
1225 635 1569 707 pertinentiis
1613 634 1794 692 facere

206 739 520 801 praesumat.
555 730 661 785 Pro
685 746 792 800 quo
821 730 921 785 sub
966 728 1137 784 divini
1186 727 1377 798 judicii
1407 726 1791 793 obtestatione,

207 832 269 880 et
292 823 657 879 anathematis
686 821 1067 878 interdictione
1095 820 1499 891 promulgantes
1544 819 1793 874 decerni-

208 931 332 970 mus
357 923 417 970 ut
443 916 587 970 nulla
614 930 851 985 unquam
884 929 1076 986 magna
1121 929 1395 982 parvaque
1427 927 1656 982 persona
1688 910 1794 966 uilo

209 1006 449 1078 ingenio,
479 1006 847 1077 cujuscunque
892 1007 964 1062 sit
1001 1005 1232 1070 ordinis,
1264 1005 1424 1073 hujus
1469 1003 1638 1058 nostri
1668 1019 1796 1073 apo-

209 1098 385 1151 stolici
417 1097 684 1168 privilegii
733 1113 898 1153 ausus
921 1098 994 1152 sit
1026 1097 1294 1168 frangere.
1328 1096 1384 1151 Si
1422 1096 1542 1166 quis
1592 1107 1794 1160 autem,

210 1189 358 1256 quod
403 1205 508 1243 non
555 1189 849 1256 credimus,
897 1190 1295 1260 parvipendens
1326 1189 1666 1260 privilegium
1699 1205 1797 1243 no-

213 1288 387 1332 strum
430 1279 768 1349 disrumpere
826 1280 1137 1345 teutaverit,
1198 1280 1264 1334 de
1301 1290 1457 1348 parte
1501 1279 1593 1332 Dei
1623 1279 1799 1332 omni-

211 1370 472 1438 potentis,
519 1372 798 1440 sanctique
844 1371 960 1441 ejus
1009 1371 1236 1440 apostoli
1290 1371 1457 1436 Petri,
1506 1379 1562 1424 et
1591 1379 1796 1434 nostra,

211 1460 307 1529 qui
337 1458 452 1527 ejus
480 1459 753 1532 fungimur
782 1461 976 1526 vicem,
1024 1460 1320 1531 perpetuis,
1350 1459 1453 1514 nisi
1488 1458 1798 1528 resipuetit,

213 1552 580 1607 anathematis
609 1551 840 1607 vinculis
869 1552 1193 1620 obligamus.
1227 1549 1285 1606 Si
1317 1551 1439 1620 quis
1465 1559 1647 1604 autem
1676 1564 1802 1604 san-

211 1643 291 1698 cti
343 1644 554 1700 coenobi
599 1645 761 1715 hujus
809 1645 1024 1716 adjutor
1073 1645 1338 1710 existens,
1391 1642 1543 1697 illum
1591 1643 1645 1697 in
1695 1658 1802 1711 quo

1890 445 2014 501 dem
2070 445 2246 500 locum
2296 445 2716 516 pertinentibus.
2778 445 3172 503 Conﬁrmamus
3211 447 3375 503 etiam
3425 449 3480 504 in

1891 537 2176 608 praefatum
2200 537 2588 592 monasterium
2612 536 2802 593 cellam
2825 537 3331 594 scilicetAlbaniani
3353 553 3478 596 cum

1891 627 2152 682 ecclesias
2177 628 2310 682 duas
2333 628 2531 683 ibidem
2554 629 2900 694 constitutas,
2929 628 3216 684 ecclesiam
3244 645 3480 701 namque

1894 716 2082 776 Sancti
2107 719 2274 785 Petri,
2301 735 2496 790 nempe
2523 728 2579 775 et
2618 719 2802 776 Sancti
2843 720 3120 776 Michaelis
3173 722 3485 793 archangeli

1893 825 2017 867 cum
2053 811 2276 867 decimis
2311 821 2368 868 et
2403 811 2657 880 primitiis
2702 821 2758 868 et
2800 811 3165 869 oblationibus
3222 814 3482 882 ﬁdelium,

1894 903 2052 958 sicuti
2079 903 2132 958 itt
2151 904 2366 960 dotibus
2379 920 2564 959 earum
2585 905 2785 974 scripta
2811 905 3174 976 reperiuntur.
3198 906 3486 962 Terntiuos

1894 1009 2027 1049 vero
2092 996 2460 1062 concedimus,
2521 995 2607 1049 vel
2672 997 3059 1052 conﬁrmamus
3105 998 3231 1053 huic
3280 998 3489 1053 cellula:

1896 1086 2058 1142 sicuti
2109 1087 2164 1142 in
2216 1095 2395 1142 vestro
2441 1086 2608 1157 regali
2661 1096 2932 1159 praecepto
2978 1098 3216 1145 resonat.
3273 1089 3489 1145 Mansos

1897 1195 2028 1235 vero
2063 1178 2131 1233 de
2154 1178 2277 1233 villa
2308 1177 2539 1234 Ollarias
2561 1194 2684 1234 cum
2720 1179 2916 1244 fundis,
2965 1189 3020 1236 et
3056 1182 3491 1251 possessionibus

1899 1271 2031 1334 suis,
2065 1272 2312 1326 alaudem
2345 1275 2508 1325 etiarn
2537 1273 2602 1327 de
2641 1274 2886 1328 custodia
2923 1290 3044 1329 cum
3076 1275 3308 1330 ecetcsia
3353 1274 3493 1330 Sans

1899 1371 2000 1416 cla:
2048 1361 2254 1428 Mariae,
2316 1362 2429 1417 sive
2467 1362 2755 1418 ecclesiam
2805 1363 2989 1420 Sancti
3043 1366 3322 1421 Laurentii
3384 1367 3493 1423 sibi

1900 1453 2226 1524 subjectam,
2261 1469 2384 1509 cum
2416 1453 2641 1510 decimis
2670 1463 2726 1510 et
2752 1455 3026 1526 primitiis,
3052 1466 3107 1512 et
3129 1458 3496 1514 oblationibus

1904 1546 2162 1604 ﬁdelium.
2195 1547 2250 1602 In
2277 1547 2406 1604 Giro
2433 1564 2562 1606 vero
2589 1550 2790 1621 praedia
2816 1551 2884 1605 ad
2901 1551 3149 1608 eumdem
3175 1561 3350 1608 locum
3373 1569 3497 1624 per-

1908 1639 2151 1696 tinentia.
2185 1640 2516 1710 lmprimitus
2558 1642 2612 1696 in
2660 1641 2784 1697 villa
2836 1642 3316 1713 Pratis,-mansos,
3371 1659 3499 1700 cum

211 1736 456 1804 potuerit
499 1735 755 1807 elegerit,
802 1736 1057 1791 ditaverit
1105 1746 1160 1791 et
1216 1735 1514 1799 amaverit,
1570 1734 1659 1790 hic
1706 1735 1798 1788 Dei
1833 1726 1878 1784 Β
1908 1733 2107 1801 fundis,
2165 1736 2330 1805 agris,
2382 1736 2685 1803 vinalibus,
2740 1737 3138 1794 molindinariis
3167 1739 3253 1794 vel
3309 1752 3502 1809 caput.

213 1825 608 1894 omnipotentis
647 1827 950 1880 interventu
1001 1825 1297 1895 apostolica
1347 1824 1584 1895 repletus
1635 1825 1802 1878 benc-

213 1913 454 1970 dictione
476 1915 739 1970 scandere
769 1931 827 1970 se
855 1913 1087 1984 gaudeat
1115 1914 1166 1969 in
1197 1914 1454 1968 virtutem
1489 1913 1556 1968 de
1582 1912 1802 1966 virtute.

291 2005 563 2076 Scriptum
601 2023 694 2078 per
722 2023 915 2062 manus
944 2008 1220 2074 Benedicti
1263 2006 1460 2061 notarii
1491 2006 1801 2077 regionarii,

211 2105 274 2151 et
301 2097 573 2151 scriniarii
624 2107 824 2152 sancta:
876 2098 1134 2153 Romana:
1184 2097 1469 2166 Ecclesiae,
1520 2097 1574 2153 in
1621 2113 1806 2154 mense

213 2185 561 2253 Novembris,
595 2187 889 2245 indictione
916 2187 1147 2244 decima.

289 2280 434 2336 Bene
461 2279 656 2336 valete.

958 2371 1083 2426 VIII.

211 2461 431 2535 Sergius
471 2462 557 2518 ιγ
595 2480 732 2534 papa
766 2466 1142 2519 monasterium
1192 2465 1446 2520 Arulense
1489 2465 1584 2519 sub
1633 2476 1806 2535 prole-

289 2534 456 2588 ctioue
501 2535 638 2588 sedis
683 2535 986 2604 apostolica:
1036 2536 1308 2603 reripil,et
1357 2553 1388 2587 a
1449 2534 1806 2604 cujuscunque

286 2619 542 2671 perwme,
588 2603 747 2658 etiam
820 2604 1044 2674 episcopi
1101 2605 1386 2668 ordinarii,
1437 2603 1806 2673 jurisdictioue

287 2685 491 2727 extum.

828 2745 1007 2809 (Anno
1037 2744 1217 2812 1011.)

362 2813 732 2887 [ϐοερυειικη
766 2815 972 2868 Bullar.
997 2818 1156 2884 ampl.
1187 2812 1456 2877 CollectJ,
1479 2813 1630 2887 5l6.]

294 2906 521 2964 Seuerus
557 2911 862 2979 episcopus,
917 2924 1110 2964 servus
1148 2923 1426 2963 servorum
1460 2909 1577 2974 Dei,
1611 2908 1809 2965 dilecto

215 2999 273 3053 in
305 2999 532 3053 Domino
561 2999 669 3054 ﬁlio
691 3000 1018 3055 Gauznearo
1051 2999 1305 3071 religioso
1355 3000 1536 3056 abbati
1582 3016 1810 3057 venera-

1907 1827 2063 1896 aquis
2091 1827 2413 1897 piscatoriis,
2448 1827 2652 1883 cultum
2683 1828 2767 1883 vel
2819 1828 3078 1885 incultum
3130 1831 3197 1885 ad
3245 1833 3498 1888 eumdem

1908 1917 2087 1973 locum
2119 1933 2149 1972 a
2211 1918 2459 1974 ﬁdelibus
2509 1919 2810 1988 antiquitus
2840 1919 3186 1990 subrogatum
3214 1928 3270 1976 et
3308 1919 3500 1975 villare

1907 2011 2242 2081 Cumquotus
2265 2026 2390 2066 cum
2422 2011 2596 2066 vineis
2612 2021 2666 2068 et
2689 2012 2871 2079 terris,
2910 2021 2967 2068 et
2996 2012 3306 2083 piscatoriis
3338 2010 3502 2068 simul

1907 2115 2030 2156 cum
2057 2101 2174 2171 ipso
2204 2099 2395 2156 alaude
2423 2102 2489 2156 de
2528 2101 2741 2156 Maures
2769 2101 2854 2156 vel
2911 2103 2977 2157 de
3023 2101 3357 2170 Maniaches,
3415 2102 3502 2158 vel

1908 2190 1974 2246 de
2001 2190 2269 2246 Madaloth
2301 2207 2426 2246 cum
2458 2193 2618 2248 terris
2645 2201 2702 2247 et
2747 2192 2921 2248 vineis
2948 2193 3151 2248 cultum
3190 2194 3275 2247 vel
3325 2192 3502 2248 incul-

1911 2288 2044 2345 tum,
2077 2289 2133 2335 et
2185 2279 2402 2336 Mansos
2452 2283 2518 2338 de
2571 2281 2836 2337 Bennato.
2887 2281 3285 2338 Conﬁrtnamus
3336 2283 3501 2338 etiam

1909 2384 2107 2440 pascua
2131 2371 2383 2441 gregibus
2431 2371 2646 2439 vestris,
2695 2372 2859 2426 etiam
2909 2371 3122 2426 culmen
3153 2373 3240 2428 .de
3287 2369 3503 2438 Vesias,

1908 2461 2050 2516 sicut
2077 2462 2131 2516 in
2163 2463 2447 2533 prmccptis
2485 2461 2759 2532 regalibus
2789 2461 2942 2516 vobis
2975 2471 3186 2516 constat
3220 2477 3340 2517 csse
3373 2478 3506 2517 cou-

1910 2567 2142 2609 cessum.
2169 2553 2374 2610 Vallem
2397 2554 2560 2608 etiam
2598 2551 2960 2619 Riviferrarii,
2994 2567 3156 2621 quam
3190 2552 3505 2607 obtinuistis

1909 2659 1975 2700 ex
1999 2645 2146 2700 curia
2162 2644 2731 2710 comitali,simulcuut
2761 2641 2900 2699 valle
2931 2653 3110 2699 vetere
3139 2644 3502 2711 Riviferrarii,

1910 2752 2070 2806 quam
2093 2736 2399 2791 obtinuistis
2428 2736 2692 2807 superiori
2719 2744 2774 2790 et
2811 2734 3100 2790 subteriori
3123 2750 3248 2791 cum
3273 2735 3508 2791 ecclesia

1913 2825 2096 2881 Sancti
2113 2825 2326 2880 Martini
2344 2827 2530 2882 Curtio
2546 2825 2728 2881 Savini
2751 2840 2875 2881 cum
2891 2821 3132 2892 decimis,
3156 2835 3208 2880 et
3224 2826 3506 2896 primitiis,

1911 2924 1965 2970 et
1983 2914 2284 2982 oblationes
2315 2916 2570 2981 ﬁdelium,
2596 2915 2842 2972 cellulam
2862 2915 3033 2971 sancti
3055 2915 3300 2981 Petri,et
3333 2915 3510 2970 cocle-

1911 3008 2046 3063 siam
2079 3008 2291 3064 Sancta:
2315 3007 2608 3076 Columbae,
2646 3017 2703 3064 et
2723 3009 3008 3066 ecclesiam
3033 3008 3222 3065 Sancti
3244 3007 3508 3080 Stephani

215 3088 347 3144 bilis
389 3089 701 3144 monasterii
733 3099 934 3145 sanctae
967 3105 1032 3146 ac
1055 3101 1331 3160 perpetua:
1359 3089 1596 3161 Virginis
1629 3091 1812 3148 Maria:
1839 3097 1884 3161 C
1915 3113 2037 3153 cum
2084 3099 2311 3154 decimis
2365 3110 2421 3154 et
2471 3099 2750 3170 primitiis,
2800 3108 2856 3156 et
2894 3099 3196 3156 oblationes
3245 3099 3506 3163 ﬁdelium,

215 3181 455 3236 domina:
482 3191 703 3250 nostrae,
737 3182 880 3252 quod
913 3183 1076 3238 situm
1117 3191 1201 3238 est
1233 3182 1287 3237 in
1316 3184 1624 3254 Asperiensi
1651 3185 1808 3252 valle,

216 3268 384 3342 atque
410 3272 690 3340 comitatu,
725 3273 821 3329 tibi
849 3273 1062 3345 tuisque
1092 3275 1498 3332 successoribus
1537 3275 1591 3332 in
1622 3292 1812 3350 perpeo

221 3371 398 3419 tuunh

294 3457 448 3513 Tunc
466 3472 692 3515 summa:
715 3459 1027 3528 apostolicae
1052 3459 1330 3534 dignitatis
1356 3477 1492 3532 apex
1519 3462 1573 3518 in
1599 3463 1703 3519 hoc
1727 3463 1808 3519 di-

217 3549 334 3604 vini
358 3560 672 3621 prospectus
697 3551 872 3606 nitore
887 3553 1222 3622 dignoscitur
1250 3555 1591 3624 prternlgere,
1615 3570 1736 3610 cum
1761 3557 1812 3610 in

217 3643 542 3698 exercendis
566 3642 658 3698 Dei
687 3642 938 3700 laudibus
963 3644 1046 3700 sui
1076 3644 1373 3715 impensius
1401 3647 1638 3701 studebit
1664 3647 1813 3703 labo-

219 3736 302 3790 ris
328 3750 583 3791 exercere
603 3747 900 3792 certamen.
939 3736 1020 3795 0b
1047 3737 1152 3792 hoc
1197 3737 1375 3792 debita
1428 3754 1526 3794 nos
1556 3738 1815 3796 Ecclesiae

220 3826 536 3898 apostdlica:
601 3829 891 3899 pastoralis
929 3829 1191 3901 compulsi
1246 3829 1630 3887 sollicitudinis
1662 3847 1810 3898 cura,

217 3935 453 3991 qumque
474 3921 540 3976 ad
565 3923 918 3978 stabilitatem
946 3924 1158 3993 piorum
1181 3923 1456 3993 pertinere
1480 3924 1816 3994 dignoscitur

215 4014 491 4080 locorum,
523 4015 754 4070 ubertim
779 4015 1131 4086 promulgari,
1162 4023 1216 4070 et
1256 4014 1566 4086 apostolica:
1602 4019 1818 4074 institu-

221 4106 392 4161 tionis
421 4121 644 4162 ceusura
673 4107 1007 4173 conﬁrmari,
1031 4117 1228 4164 etcum
1253 4107 1371 4165 solo
1392 4108 1636 4180 apostolo
1655 4109 1817 4166 Petro

221 4200 491 4271 legamus,
521 4200 762 4254 omnium
805 4210 915 4255 tam
959 4198 1306 4267 clericorum,
1343 4215 1507 4272 quam
1554 4200 1814 4258 laicorum

220 4307 349 4347 esse
376 4305 560 4346 curam
591 4292 850 4348 divinitus
872 4308 902 4347 a
940 4291 1168 4348 Domino
1193 4308 1531 4360 concessam,
1573 4293 1715 4350 illius
1736 4294 1814 4351 vi-

222 4383 434 4437 cariam
460 4399 556 4438 sua
582 4399 702 4440 vtce
725 4385 977 4454 praesenti
1019 4383 1202 4440 sreculi
1233 4384 1607 4455 dispositione,
1653 4395 1707 4442 et
1735 4395 1818 4441 tu-

1914 3191 2076 3246 sitnul
2104 3207 2226 3246 cum
2266 3192 2414 3262 ipsos
2470 3193 2710 3248 decimos
2757 3192 2824 3248 de
2868 3191 3137 3261 Frexeno,
3169 3203 3225 3248 et
3260 3192 3507 3248 alaudem

1913 3280 2120 3335 castelli
2148 3281 2325 3346 curvi,
2354 3289 2410 3336 et
2435 3281 2618 3335 villam
2642 3281 2926 3347 Cleranos,
2958 3281 3040 3338 vel
3070 3283 3138 3338 de
3170 3282 3507 3343 Bonabosco,

1914 3380 1970 3427 et
2000 3385 2217 3425 mansos
2247 3370 2313 3426 de
2333 3371 2561 3435 Beceda,
2590 3369 2673 3426 vel
2702 3371 2767 3426 de
2794 3371 3024 3439 Arlelas,
3047 3371 3249 3428 Balnea
3271 3387 3508 3444 quoque,

1914 3472 1969 3519 et
1998 3463 2184 3518 vitiare
2209 3462 2488 3529 Cotaeleto,
2520 3463 2682 3518 simul
2716 3479 2840 3520 cum
2891 3474 3058 3521 totam
3097 3465 3241 3520 illam
3271 3475 3508 3521 veterem

1915 3554 2108 3610 vallem
2133 3555 2200 3610 ad
2237 3555 2485 3610 eumdem
2538 3556 2926 3611 monasterium
2966 3557 3326 3627 pertinentem
3367 3558 3509 3613 sicut

1915 3659 2010 3716 per
2039 3653 2304 3716 praecepta
2336 3644 2536 3716 regalia
2563 3645 2645 3701 vel
2679 3661 2778 3718 per
2802 3647 3121 3703 donationes
3144 3647 3382 3704 ﬁdelium
3405 3664 3490 3705 vo-

1917 3734 1997 3790 bis
2037 3733 2335 3804 autiquitus
2363 3749 2681 3791 concessum
2710 3735 2840 3803 fuit,
2894 3735 2978 3790 vel
3010 3737 3270 3794 moderno
3321 3739 3499 3808 votivo

1915 3842 2236 3884 concessum
2283 3836 2388 3883 est.
2436 3827 2698 3884 Alaudem
2731 3828 2997 3899 siquidem
3037 3828 3333 3886 Palandani
3385 3847 3508 3886 cum

1919 3919 2078 3976 terris
2103 3927 2159 3975 et
2188 3918 2381 3985 vineis,
2409 3927 2465 3974 et
2511 3919 2714 3976 mansis
2740 3929 2797 3975 et.
2846 3919 3168 3976 molendinis
3193 3921 3277 3976 vel
3323 3933 3518 3994 caput-

1919 4014 2094 4084 aquis.
2126 4013 2194 4068 Et
2221 4013 2273 4067 in
2302 4012 2627 4084 Rivo-nigro
2668 4027 2888 4069 mansos
2933 4014 3088 4079 duos,
3121 4029 3240 4068 cum
3272 4014 3430 4069 terris
3465 4027 3520 4068 et

1917 4105 2090 4162 vineis
2115 4105 2182 4160 ad
2203 4106 2515 4160 eorumdem
2540 4119 2759 4161 mansos
2782 4104 3192 4176 pertinentibus.
3217 4105 3517 4161 Ecclesiam

1918 4199 2122 4255 montis
2147 4197 2353 4254 Aurioli
2385 4212 2506 4255 cum
2535 4197 2784 4264 decimis,
2822 4205 2877 4254 et
2901 4197 3158 4268 primitiis
3184 4205 3239 4253 et
3274 4196 3516 4253 redhibi-

1920 4291 2174 4357 tionibus,
2206 4300 2368 4360 atque
2395 4288 2763 4346 oblationibus
2792 4289 3034 4345 ﬁdelium
3065 4288 3225 4344 simul
3247 4305 3370 4345 cum
3397 4289 3516 4360 ipso

1923 4381 2115 4437 alaude
2136 4383 2200 4437 de
2215 4378 2437 4452 pracfata
2460 4378 2586 4435 villa
2603 4379 2797 4436 Montis
2811 4382 2849 4436 A
2861 4380 3037 4435 uriuli.
3056 4379 3374 4435 Pratdietam
3389 4395 3517 4434 vero

223 4485 348 4530 tare
373 4476 552 4530 omnia
579 4452 740 4546 atque
767 4476 820 4530 in
852 4475 1106 4532 omnibus
1126 4478 1403 4547 proSperis
1427 4492 1524 4548 seu
1547 4477 1602 4532 in
1629 4479 1816 4533 adver-
1850 4452 1897 4510 1)
1923 4474 2208 4532 ecclesiam
2240 4472 2427 4529 Sancti
2458 4473 2738 4530 Michaelis
2768 4472 3081 4543 archangeli
3119 4487 3242 4527 cum
3293 4471 3521 4526 decimis

224 4569 306 4624 sis
337 4568 625 4624 subvenire
663 4569 991 4625 auctoritate
1031 4569 1349 4638 apostolica.
1389 4569 1497 4626 Nos
1543 4585 1674 4640 ergo
1724 4573 1815 4642 qui

224 4657 369 4728 ejus,
396 4659 643 4728 quamvis
683 4660 960 4724 immeriti,
1001 4659 1171 4714 vicem
1197 4659 1455 4730 gerimus,
1487 4659 1818 4732 suﬁragante

226 4753 362 4814 Deo,
392 4751 780 4806 monasterium
813 4750 1052 4822 praefatae
1079 4763 1352 4820 perpetuae
1381 4750 1615 4819 Virginis
1637 4752 1820 4807 Mariae

229 4842 427 4910 amodo
459 4843 716 4912 deinceps
754 4852 956 4907 tenere,
987 4841 1297 4908 defendere,
1329 4851 1493 4912 atque
1533 4855 1820 4917 protegere

225 4935 330 4993 sub
354 4945 543 4992 nostro
563 4932 687 5002 jure
718 4946 1013 5006 nostroque
1035 4933 1334 5001 patrocinio
1358 4935 1742 5003 disposuimus.
1770 4945 1825 4989 et

226 5037 289 5083 ut
322 5027 590 5100 privilegii
620 5027 763 5082 sedis
817 5024 1126 5099 apostolica:
1158 5025 1326 5081 infula
1369 5027 1655 5085 decoretur
1724 5029 1824 5084 sub

223 5116 346 5187 jure
388 5131 442 5176 et
484 5118 740 5183 dictione,
773 5121 918 5177 sicut
948 5115 1204 5182 diximus,
1243 5125 1444 5171 sancta:
1475 5130 1678 5178 nostrze
1737 5119 1827 5175 cui

231 5212 340 5270 Deo
367 5221 590 5268 auctore
623 5211 979 5273 deservirnus,
1010 5205 1288 5272 Ecclesiae,
1321 5212 1670 5272 constitutam
1701 5213 1825 5270 nul-

1925 4576 1981 4624 et
2022 4566 2305 4637 primitiis,
2344 4574 2398 4621 et
2438 4565 2913 4630 redhibitiouibus,
2943 4572 3107 4636 atque
3148 4563 3520 4619 oblationibus

1927 4659 2188 4716 ﬁdelium.
2221 4658 2622 4713 Conﬁrmamus
2660 4656 2732 4710 illi
2776 4654 3068 4712 terminum
3114 4669 3182 4708 ex
3221 4661 3375 4720 parte
3413 4668 3521 4707 una

1925 4750 2186 4822 parochia
2232 4747 2416 4803 Sancti
2471 4747 2754 4804 Fructuosi
2801 4748 2868 4801 de
2914 4742 3404 4807 Castro-camelos,
3455 4743 3523 4797 de

1928 4843 2034 4898 alia
2064 4857 2192 4898 vero
2222 4849 2375 4911 parte
2411 4839 2466 4894 in
2512 4839 2747 4896 termino
2769 4835 3045 4908 parochite
3076 4832 3264 4889 Sancti
3297 4831 3524 4888 Joannis

1925 4935 1994 4992 de
2036 4937 2159 4994 villa
2210 4931 2428 4999 Ulmos,
2477 4932 2544 4989 de
2595 4931 2753 4987 tertia
2805 4927 3043 4995 denique
3095 4932 3250 4999 parte
3294 4931 3528 4982 termino

1929 5027 2116 5085 Sancti
2160 5023 2382 5081 Martini
2432 5022 2706 5093 parochia:
2743 5017 2810 5073 de
2846 5016 3201 5081 Laurisione,
3238 5015 3303 5070 de
3331 5026 3533 5086 quarta

1927 5121 2198 5190 siquidem
2229 5125 2381 5187 parte
2409 5113 2466 5166 in
2496 5113 2654 5168 vinea
2699 5109 3042 5164 commuuali
3068 5105 3230 5165 simul
3263 5121 3386 5161 cum
3417 5108 3536 5179 ipso

1927 5211 2142 5269 decimo
2187 5208 2254 5263 de
2293 5201 2595 5269 Poncione,
2647 5197 2735 5254 vel
2781 5198 2848 5253 de
2904 5193 3143 5254 llliardis
3191 5209 3378 5250 sorore
3414 5212 3536 5253 sua.
