3984 5316
485 210 629 266 1519

1844 203 2059 261 SERGII
2098 203 2164 261 IV
2204 203 2405 261 ΡΑΡᾸΞ

3624 204 3761 263 1520

483 326 630 381 mino
659 324 725 379 de
769 319 1025 393 parochia
1059 317 1243 374 Sancti
1289 310 1468 383 Petri,
1509 317 1600 388 qui
1650 317 1847 373 dicitur
1878 318 2064 385 εει-νει,
2099 330 2141 382 Α
2173 319 2568 375 conﬁrmantur
2620 333 2649 371 a
2694 304 2852 374 nobis
2908 316 3228 389 apostolica.
3281 316 3339 373 Si
3384 319 3508 389 quis
3549 328 3751 389 autem,

480 406 569 474 vel
597 417 664 474 de
689 411 1003 487 Aquabula;
1033 410 1099 467 de
1134 410 1290 465 tertia
1318 424 1533 479 quoque
1563 419 1718 479 parte
1745 410 1799 463 in
1830 412 2060 465 termino
2116 481 2121 485 θ

483 507 548 562 de
574 505 906 575 Civennago,
937 502 1003 557 de
1028 510 1220 571 quarta
1251 499 1515 569 siquidem
1544 508 1698 570 parte
1726 500 1776 554 in
1805 500 2063 569 paruehia

481 597 671 653 Sancti
713 594 1015 651 Saturnini.
1071 592 1343 660 Quantum
1392 590 1532 645 infra
1579 591 1696 645 istis
1744 591 2066 645 terminibus

482 674 767 747 fundatum
795 701 916 742 esse
956 684 1193 750 videtur,
1224 692 1332 737 tam
1360 683 1559 737 cultum
1585 698 1747 752 quam
1780 682 2063 748 incultum,

480 791 532 838 et
572 779 977 853 praenominatis
1022 775 1451 847 possessionibus
1494 775 1751 839 decimas,
1787 785 1840 830 et
1882 775 2067 844 primi-

480 874 585 928 tias
615 888 738 926 cum
767 869 1128 925 oblationibus
1150 867 1406 936 .tidelium
1450 866 1533 921 his
1566 868 1860 937 praalihatis
1903 882 2067 937 paro-

479 963 617 1018 chiis
640 965 705 1017 ad
730 961 1115 1032 possidendum
1166 960 1482 1031 perenniter
1513 961 1899 1014 contradimus.
1924 959 2058 1014 Prte-

478 1057 709 1126 cipitnus
736 1056 902 1111 etiam
931 1046 1255 1109 anetoritate
1282 1053 1598 1123 apostolica,
1643 1065 1702 1107 ut
1743 1053 1921 1107 nullus
1949 1052 2067 1122 cpi-

476 1163 715 1219 scopus,
758 1149 1042 1218 omnisque
1075 1148 1289 1215 generis
1330 1162 1560 1218 persona
1597 1147 1736 1200 intra
1774 1147 1881 1214 jam
1923 1146 2067 1199 dicta

478 1242 705 1297 termina
724 1241 888 1297 dehis
915 1241 1124 1296 duabus
1152 1240 1560 1311 praenominatis
1585 1238 1857 1309 parochiis
1886 1238 2069 1294 novel-

476 1333 582 1388 lam
627 1333 730 1389 sibi
774 1332 1060 1388 ecclesiam
1112 1343 1430 1387 construere
1467 1338 1786 1400 praesumat,
1829 1346 1927 1385 nec
1957 1329 2069 1385 cle-

480 1423 623 1478 ricos
657 1422 793 1478 alios
836 1423 1040 1494 eligere
1074 1422 1140 1475 ad
1170 1436 1356 1475 eorum
1388 1418 1694 1475 functiones
1735 1420 2071 1490 peragendas

475 1530 576 1569 nec
637 1514 771 1570 alias
806 1513 1064 1569 ecclesias
1114 1511 1402 1581 crigendas
1446 1513 1513 1566 ad
1556 1512 1915 1567 ministerium
1969 1526 2067 1564 θυαε

474 1607 756 1676 diendum,
796 1598 1044 1665 nec'ulla
1093 1621 1324 1679 persona
1372 1605 1697 1661 clericorum
1727 1606 1808 1660 eis
1850 1618 2067 1658 sacrum

2169 411 2313 480 quod
2377 409 2493 466 ﬂeri
2539 425 2647 466 non
2696 411 3007 480 credimus,
3047 411 3336 468 temerario
3382 426 3521 468 ausu
3570 422 3756 470 contra

2172 501 2333 571 hujus
2384 501 2558 557 nostri
2610 501 2879 573 privilegii
2934 511 3167 568 statuta,
3210 503 3355 572 quod
3407 506 3759 561 concedimus

2169 591 2506 660 disrumpere
2546 593 2862 659 tentaverit,
2927 592 3031 648 nisi
3077 594 3382 664 resipuerit,
3435 597 3761 654 auctoritate

2170 685 2263 739 Dei
2309 686 2698 756 omnipotentis
2738 697 2793 742 et
2829 687 3002 743 sancti
3041 687 3183 743 Petri
3213 689 3581 758 apostolorum
3613 691 3733 760 prin

2168 773 2306 843 cipis
2336 786 2497 845 atque
2526 787 2733 839 nostra,
2765 778 2856 848 qui
2887 778 3006 849 ejus
3036 777 3311 849 iungimur
3341 782 3461 835 vice
3486 820 3502 844 ,
3534 782 3760 835 anathe‘

2172 866 2332 921 matis
2388 866 2616 922 vinculis
2680 868 3126 923 imlissolubiliter
3168 870 3671 935 innodandum,et
3729 885 3760 925 a

2170 969 2337 1026 regno
2388 956 2479 1011 Dei
2530 972 2589 1012 se
2635 958 2838 1013 sentiat
2882 959 3196 1014 alienatum.
3243 958 3571 1015 Przedictum
3631 975 3760 1014 vero

2170 1051 2558 1103 monasterium
2600 1049 2757 1104 nobis
2798 1050 3143 1104 tributarium
3176 1051 3426 1121 eligimus
3451 1066 3551 1121 per
3575 1051 3762 1122 singu-

2171 1137 2253 1192 los
2279 1155 2450 1194 annos
2478 1140 2614 1195 duos
2641 1141 2927 1195 bizantios.
2950 1140 3050 1209 Qui
3080 1151 3258 1196 autem
3289 1143 3613 1212 praedictum
3642 1158 3766 1195 san-

2170 1241 2314 1287 etum
2344 1232 2735 1286 monasterium
2772 1242 2975 1286 sanctae
3011 1233 3158 1286 sedis
3198 1232 3543 1287 tributarium
3573 1235 3631 1287 in
3659 1245 3765 1302 quo

2169 1321 2406 1392 potuerit
2433 1321 2677 1392 elegerit,
2715 1331 2771 1377 et
2823 1323 2992 1377 nostri
3024 1323 3285 1394 privilegii
3314 1325 3640 1378 observator
3672 1341 3764 1380 ex-

2169 1411 2506 1482 stiterit,pax
2530 1412 2848 1481 superillum
2864 1414 3001 1470 sitcl
3026 1415 3395 1470 misericordia
3423 1416 3762 1471 benedictio-

2170 1504 2275 1569 nis,
2326 1504 2381 1558 in
2411 1503 2665 1558 omnibus
2713 1504 2874 1560 rebus
2921 1504 3276 1574 locupletatus
3309 1505 3484 1576 gratia
3533 1506 3677 1562 sciat
3707 1521 3767 1561 se

2170 1593 2495 1664 adepturum
2525 1594 2721 1664 gaudia
2751 1595 3103 1665 sempiterna.

480 1701 841 1756 ministerium
912 1708 1164 1756 exerceat
1232 1699 1316 1754 his
1378 1698 1468 1768 qui
1519 1698 1775 1768 praedicta
1830 1695 2064 1751 termina
2099 1703 2141 1761 Β
2241 1686 2513 1757 Scriptum
2542 1703 2639 1758 per
2665 1703 2886 1743 manum
2905 1687 3186 1745 Benedicti
3214 1688 3412 1744 notarii
3445 1689 3765 1760 legionarii,

472 1795 730 1851 videntur
771 1794 1036 1861 habitare,
1079 1794 1183 1849 nisi
1217 1791 1590 1849 tantummodo
1620 1789 1675 1845 bi
1706 1789 1798 1860 qui
1826 1802 1925 1859 per
1953 1801 2068 1841 ma-

478 1878 581 1942 nus
618 1887 831 1942 abbatis
858 1885 1068 1955 praefati
1095 1885 1325 1940 C(Bttobii
1360 1883 1560 1938 fuerint
1584 1880 1860 1951 subrogati
1894 1879 1947 1932 in
1985 1878 2067 1931 his

472 1994 635 2049 supra
683 1978 976 2033 nominatis
1025 1978 1233 2032 duabus
1272 1976 1562 2046 parochiis.
1608 1972 1708 2040 Qui
1740 1972 1898 2026 aliter
1927 1984 2066 2040 prcc-

472 2073 793 2139 sumpserit,
826 2080 1025 2124 nostra:
1053 2069 1397 2124 auctoritatis
1445 2067 1712 2123 sententia
1749 2079 2064 2121 excommu-

473 2162 766 2216 nicationis
793 2160 1008 2215 vinculo
1021 2160 1269 2213 feriatur.
1293 2160 1450 2213 Enim
1476 2174 1604 2213 vero
1616 2155 2066 2211 ctconﬂrmamus

474 2256 531 2311 in
580 2256 804 2326 praefato
844 2255 1173 2310 monasterio
1217 2253 1355 2309 alios
1401 2266 1592 2306 omnes
1636 2248 1864 2312 alodios,
1896 2245 1985 2316 qui
2033 2261 2064 2300 a

469 2345 716 2403 ﬁdelibus
762 2348 855 2404 Dei
897 2347 950 2402 in
994 2346 1275 2417 praelibato
1319 2342 1652 2399 monasterio
1693 2338 1872 2395 collati
1905 2352 2061 2407 repe-

467 2438 705 2505 riuntur,
738 2438 946 2493 scilicet
971 2438 1149 2491 villam
1179 2435 1494 2501 Tordarias,
1524 2449 1648 2488 cum
1685 2430 1882 2485 ﬁnibus
1926 2429 2061 2493 suis,

468 2522 525 2586 et
569 2530 749 2584 villam
795 2522 1133 2587 Fullonieam
1189 2544 1310 2584 cum
1364 2526 1591 2583 ecclesia
1639 2524 1810 2581 sancti
1845 2521 2062 2577 Martini

468 2638 591 2679 cum
615 2624 842 2678 decimis
868 2632 923 2678 et
947 2623 1200 2693 primitiis
1225 2622 1357 2687 suis,
1383 2629 1438 2676 et
1459 2619 1760 2675 oblationes
1791 2616 2056 2679 tidelium;

468 2735 677 2790 nempe
716 2728 773 2774 et
820 2718 1006 2775 villare
1054 2717 1148 2788 qui
1197 2726 1426 2772 vocatur
1465 2714 1617 2769 Kasti
1663 2727 1784 2767 cum
1833 2709 2060 2765 ecclesia

468 2811 653 2868 Sancti
683 2809 909 2866 Joannis
956 2826 1078 2866 eum
1112 2809 1338 2864 decimis
1366 2817 1421 2862 et
1452 2804 1726 2877 primitiis,
1760 2811 1815 2857 et
1863 2802 2060 2855 tinihns

460 2901 599 2954 suis.
629 2879 792 2956 Plane
818 2899 1062 2971 quidem,
1090 2909 1146 2953 et
1167 2898 1411 2952 alaudem
1444 2897 1510 2950 de
1539 2894 1661 2948 villa
1693 2891 2057 2953 Cassamolas,

465 2982 754 3045 ecclesiam
793 3005 1009 3061 quoque
1045 2988 1255 3056 Sanctae
1287 2987 1488 3050 Mariae,
1520 3000 1641 3056 quae
1681 2983 1880 3039 dicitur
1920 2979 2059 3034 Pau-

474 3082 751 3136 nessiares
795 3082 895 3135 sub
933 3079 1158 3134 tuitione
1205 3077 1404 3133 domini
1441 3074 1701 3131 Bernardi
1742 3071 1975 3135 comitis,

466 3169 680 3224 abbatis
706 3169 949 3240 praedicti
982 3167 1298 3223 monasterii
1327 3167 1394 3222 ad
1418 3163 1857 3224 construendum,
1884 3170 1939 3216 et
1968 3176 2057 3215 or-

465 3258 761 3315 dinandum
790 3276 914 3315 cum
944 3261 1082 3315 dona
1115 3260 1352 3315 lidelium
1383 3274 1503 3329 qum
1532 3258 1605 3312 ibi
1635 3257 1836 3311 fuerint
1858 3256 2054 3310 subro-

464 3363 590 3425 gata
642 3354 762 3408 sine
812 3353 993 3424 aliqua
1057 3353 1419 3407 minoratione
1477 3350 1562 3405 vel
1608 3348 2051 3404 deterioratione.

465 3443 784 3501 Stabilimus
835 3444 997 3499 simul
1041 3459 1164 3499 cum
1212 3443 1396 3497 omnia
1454 3442 1567 3512 ipsa
1620 3455 1738 3510 quae
1801 3438 2054 3506 deinceps

466 3536 679 3590 videtur
726 3544 1075 3604 augmentare
1111 3533 1194 3590 vel
1237 3533 1382 3602 jnste
1428 3532 1710 3602 acquirere
1757 3530 1937 3586 omnia
1994 3530 2049 3583 in

472 3626 726 3682 omnibus
788 3628 1052 3697 quidquid
1104 3626 1386 3696 praefatum
1443 3624 1750 3679 coenobium
1802 3622 2052 3676 videatur

461 3706 682 3784 habere,
711 3719 792 3774 vel
820 3719 1066 3790 .lcinceps
1089 3718 1370 3788 acquirere
1396 3717 1497 3770 sub
1514 3721 1710 3769 nostrm
1737 3710 2051 3767 defensione

459 3809 800 3865 certitudinis
826 3809 1121 3879 recipimus
1160 3805 1474 3861 onmimodo
1505 3820 1517 3856 :
1563 3806 1781 3874 insuper
1817 3817 2046 3857 censura

461 3901 763 3970 apostolica
803 3908 1109 3955 statuentes
1137 3900 1238 3954 sub
1264 3897 1431 3953 divini
1451 3896 1637 3967 judicii
1661 3894 2041 3956 obtestatione,

457 4002 518 4045 ut
544 3993 722 4048 nullus
752 3993 1007 4048 Ecclesia:
1039 3992 1328 4063 episcopus
1366 3992 1417 4045 in
1451 3991 1673 4061 praefato
1714 3987 2046 4044 monasterio

457 4085 712 4141 ditionem
745 4085 1079 4157 quamlibet,
1122 4093 1217 4139 aut
1241 4081 1856 4139 excommunicationem
1908 4093 2047 4149 pne-

457 4185 635 4231 sumat
687 4176 911 4242 inferre,
967 4193 1068 4232 nec
1112 4177 1165 4230 in
1218 4191 1406 4230 eorum
1461 4174 1729 4237 ecclesiis,
1768 4186 1944 4240 neque
1990 4170 2041 4223 in

455 4279 644 4320 eorum
712 4267 1163 4336 possessionibus.
1205 4266 1464 4322 Jubemus
1495 4264 1716 4335 insuper
1744 4273 1804 4317 ut
1853 4275 2043 4316 omnes

2006 3048 2127 3123 etC

2168 1785 2226 1833 et
2255 1778 2528 1833 scriniarii
2581 1787 2783 1835 sanctae
2823 1788 3022 1838 nostra:
3071 1780 3328 1836 Romana:
3365 1779 3658 1847 Ecclesia,
3710 1780 3766 1834 in

2170 1884 2357 1925 mense
2385 1880 2440 1926 et
2471 1871 2767 1928 indictione
2793 1872 3023 1929 decima.

2243 1959 2390 2017 Bene
2414 1961 2609 2019 valete.

2904 2074 2998 2133 IX.

2170 2164 2511 2239 Privilegium
2560 2167 2741 2241 Sergii
2771 2169 3039 2294 [\Vupqpte
3062 2186 3157 2239 pro
3195 2170 3515 2227 monasteria
3558 2167 3765 2225 lloutis

2839 2274 2855 2294 Α
2902 2257 3084 2294 (1101⁸18.

2839 2257 2890 2294 Μ
2902 2257 3084 2310 (uana.

2687 2332 2865 2403 tAnno
2896 2330 3248 2403 10094012.)

2561 2418 2727 2492 [σου.
2747 2419 2945 2479 Christ.
2977 2437 3121 2488 nam,
3147 2421 3187 2487 l,
3214 2421 3361 2495 NL]

2236 2530 2467 2589 SEBGIUS
2487 2534 2793 2604 episcopus,
2826 2550 3016 2590 servus
3045 2550 3323 2591 servorum
3353 2533 3470 2592 Dei.

2233 2623 2430 2678 Notum
2457 2625 2710 2681 omnibus
2733 2626 2846 2681 tieri
2873 2626 3144 2692 volumus,
3172 2628 3445 2698 prmcipue
3472 2628 3763 2685 Amalrico

2165 2714 2601 2784 archiepiscopo,
2635 2714 3003 2785 Poncionique
3033 2717 3465 2788 archiepiscopo,
3496 2717 3754 2773 Ehtiber—

2166 2816 2243 2872 to,
2277 2805 2543 2872 Jocelino,
2568 2807 2908 2871 Almerardo,
2939 2816 2994 2863 et
3043 2807 3277 2863 Frodoni
3326 2811 3623 2879 episcOpis,
3648 2824 3757 2863 ea:-

2165 2896 2404 2966 terisque
2454 2905 2561 2951 tam
2592 2895 2805 2952 clericis
2849 2912 3010 2967 quam
3041 2896 3212 2959 laicis.
3246 2898 3474 2953 salutem
3497 2909 3551 2954 et
3579 2899 3754 2953 bene-

2161 2987 2449 3043 dicdonem
2472 2988 2845 3058 apostolicam,
2873 3002 2977 3044 etc.
3005 2988 3201 3044 Sciatis
3229 2990 3370 3059 quod
3392 2978 3755 3046 Auchinricus

2161 3078 2328 3132 abbas
2382 3078 2449 3132 ad
2503 3086 2743 3133 nostram
2801 3078 3151 3149 apostolicam
3207 3081 3390 3136 sedem
3446 3081 3752 3136 Anheitum

2160 3170 2488 3224 monachum
2533 3169 2704 3235 misit,
2730 3179 2791 3225 ut
2819 3182 3001 3226 nostra
3027 3172 3403 3229 benedictione
3441 3172 3752 3245 Stephanus

2157 3260 2440 3330 episcopus
2465 3260 2747 3315 ecclesiam
2774 3261 2832 3317 S.
2859 3261 3061 3328 Mariae,
3086 3263 3142 3318 S.
3174 3262 3398 3326 Joannis
3416 3276 3470 3320 et
3492 3265 3553 3339 δ.
3574 3266 3745 3330 Petri,

2157 3365 2221 3406 ac
2251 3350 2436 3407 Sancti
2468 3351 2744 3407 Benedicti
2766 3365 3049 3409 consecret
3071 3370 3136 3410 ac
3181 3356 3489 3412 benedicat.
3520 3356 3576 3411 ω
3603 3354 3748 3411 scia-

2130 3442 2247 3509 ‘tis,
2277 3436 2581 3497 facitnus‘in
2608 3444 2725 3513 ejus
2774 3448 3179 3501 consecratione
3210 3447 3373 3502 talem
3404 3448 3745 3504 benedictio-

2156 3547 2280 3586 nem
2306 3542 2362 3588 et
2415 3533 2806 3590 absolutionem
2840 3535 3208 3603 concedimus,
3236 3548 3294 3592 ut
3335 3539 3650 3610 quicunque
3674 3541 3743 3594 ad

2151 3640 2273 3679 eam
2329 3627 2599 3695 pcenitens
2648 3627 2703 3681 in
2754 3630 3163 3684 consecratione
3207 3630 3377 3701 ipsius
3426 3634 3739 3698 advenerit,

2154 3718 2260 3773 tale
2295 3719 2590 3774 remedium
2622 3721 2906 3790 percipiat.
2955 3722 3033 3776 lbi
3063 3723 3276 3777 tertiam
3330 3735 3539 3792 partem
3564 3727 3743 3793 paeni-

2152 3808 2335 3865 tentiae
2386 3809 2461 3865 illi
2528 3812 2890 3878 dimittimus,
2940 3825 2995 3868 et
3044 3812 3329 3868 ecclesiam
3379 3829 3550 3884 usque
3600 3815 3738 3884 apud

2148 3911 2309 3971 caput
2331 3904 2456 3957 anni
2483 3903 2532 3958 ei
2561 3905 2857 3971 reddimus,
2884 3915 2938 3960 et
2960 3920 3145 3974 pacem
3172 3916 3229 3960 et
3245 3906 3470 3977 capillos
3496 3908 3736 3963 incidere

2151 3994 2385 4060 habeat;
2424 4003 2480 4049 et
2530 3996 2577 4050 si
2626 4011 2773 4051 mors
2830 3997 2882 4050 in
2937 3998 3116 4067 capite
3160 3998 3289 4068 anni
3348 4009 3614 4065 evenerit,
3654 3998 3737 4052 vel

2148 4084 2286 4138 intra
2318 4100 2542 4153 annum,
2570 4100 2637 4141 ex
2673 4097 2859 4140 nostra
2909 4097 3065 4157 parte
3092 4087 3373 4142 absolutus
3393 4098 3738 4158 permaneat,

2146 4184 2201 4232 et
2221 4176 2266 4231 si
2297 4179 2611 4233 desiderans
2646 4192 2743 4249 per
2772 4178 3143 4233 inﬁrmitatem
3196 4179 3507 4234 annualiter
3548 4181 3738 4235 venire

2146 4269 2471 4338 nequiverit.
2528 4278 2582 4323 et
2641 4269 3037 4325 interveniente
3068 4281 3242 4326 morte
3291 4272 3641 4339 occubuerit,
3679 4274 3733 4326 in

462 4355 661 4410 nocivze
703 4355 1083 4412 ecclesiasticae
1126 4357 1492 4420 venditiones,
1539 4358 1621 4409 vel
1662 4362 2040 4410 commutato-

2158 4346 2582 4414 ~am'absolutio
2630 4367 2964 4429 permaneat.
3009 4360 3315 4415 Aldibertus
3342 4378 3476 4417 vero
3503 4372 3561 4416 et
3603 4363 3737 4416 Bai-

455 4464 577 4515 nes,
610 4465 728 4518 quas
765 4451 832 4505 ab
878 4449 1162 4505 abbatibus
1190 4450 1272 4505 vel
1302 4449 1573 4520 episcopis
1601 4447 1728 4502 olim
1760 4447 1827 4501 de
1850 4445 2039 4500 eodem

454 4543 788 4597 monasterio
839 4540 993 4596 facta:
1046 4550 1200 4609 sunt,
1232 4558 1299 4597 ex
1342 4542 1663 4596 auctoritate
1695 4548 1879 4595 nostra
1925 4554 2042 4591 oni-

455 4636 586 4693 nino
613 4650 797 4689 vacuae
840 4618 895 4691 et
942 4635 1189 4689 invalidae
1230 4635 1564 4704 persistant:
1609 4635 1735 4703 quia
1780 4633 2038 4701 scriptum

453 4734 537 4781 est
564 4728 710 4797 quia,
767 4728 910 4796 quod
956 4728 1122 4783 semel
1157 4727 1383 4783 oti‘ertur
1410 4728 1520 4783 Deo
1561 4728 1776 4781 auferre
1815 4726 2041 4780 minimc

401 4842 403 4844 ·
453 4815 635 4872 liceat.
664 4817 865 4895 Damus
891 4825 1054 4873 etiam
1079 4828 1399 4890 potestatem
1430 4820 1711 4874 monachis
1735 4819 1905 4889 ipsius
1934 4819 2033 4872 Ιοςί

453 4904 749 4963 secundum
781 4909 1019 4979 regulam
1056 4910 1240 4964 Sancti
1285 4909 1558 4966 Benedicti
1589 4927 1655 4967 ex
1697 4925 1884 4966 eorum
1916 4926 2038 4979 pro-

452 4998 571 5068 pria
619 5001 1055 5071 congregatione,
1089 5001 1175 5057 vel
1214 5003 1356 5057 unde
1386 5012 1568 5072 aptum
1604 5016 1723 5056 esse
1750 5018 2036 5071 perspexe-

453 5088 875 5165 rint,‘abbatem
905 5092 1159 5161 eligendi,
1205 5100 1260 5147 et
1303 5093 1588 5163 synodum,
1639 5107 1738 5146 nec
1767 5093 1897 5162 ipsis
1932 5108 2035 5148 nec

453 5177 666 5233 clericis
695 5193 883 5233 eorum
915 5197 1022 5235 non
1060 5181 1317 5236 custodiri
1348 5184 1584 5237 chrisma
1616 5183 1758 5237 unde
1798 5183 1877 5236 eis
1921 5182 2034 5252 pla-

453 5270 627 5316 cucril
655 5271 969 5316 reciniendi-
1015 5281 1068 5316 ρι
1113 5272 1339 5316 clarii-nc
1381 5290 1567 5316 pnrnm
1622 5274 1675 5316 in
1711 5289 2032 5316 nitar-imane

2135 5278 2266 5316 fari:
2297 5276 2732 5316 nnccnccinnilnm

2145 4451 2379 4505 noardus
2418 4450 2509 4520 qui
2542 4450 2684 4504 hanc
2711 4466 2930 4506 causam
2957 4462 3175 4522 propter
3220 4466 3462 4508 amorem
3496 4453 3590 4509 Dei
3616 4454 3739 4508 tieri

2146 4543 2197 4596 in
2225 4558 2414 4599 eorum
2443 4552 2714 4614 potestate
2746 4542 3050 4613 adjuvaudo
3080 4546 3324 4616 cupiunt,
3348 4547 3415 4599 de
3453 4548 3731 4615 pmniten—

2146 4636 2218 4691 tia
2247 4636 2315 4691 de
2338 4653 2443 4706 qua
2481 4638 2640 4692 modo
2669 4639 2949 4708 suspirant
2980 4638 3214 4694 absoluti
3241 4639 3371 4703 sint,
3398 4647 3457 4691 et
3496 4640 3649 4691 habe.
3674 4649 3735 4691 nt

2141 4728 2409 4799 integram
2459 4729 2729 4784 licentiam
2778 4739 2833 4783 et
2883 4729 3291 4800 possibilitatem
3355 4730 3410 4782 in
3461 4738 3735 4798 quantum

2138 4820 2412 4875 voluerint
2452 4830 2559 4874 tam
2589 4821 2691 4892 ipsi
2718 4836 2880 4891 quam
2926 4822 3034 4885 sui,
3059 4822 3289 4890 augendi
3338 4831 3394 4878 et
3442 4830 3601 4877 cr-Sc
3634 4822 3733 4876 mli

2139 4910 2387 4965 eumdem
2424 4910 2605 4965 locum
2664 4911 2881 4966 noviter
2916 4911 3265 4977 aediﬁcatum,
3313 4920 3370 4966 et
3411 4927 3574 4967 emno
3612 4913 3732 4966 iure

2137 5001 2338 5057 Montis
2369 4995 2614 5070 Majoris,
2644 5003 2786 5071 quod
2815 5002 2953 5067 juris
2981 5013 3064 5057 est
3086 5003 3342 5057 Romani:
3364 5004 3647 5067 Ecclesiae,
3668 5011 3730 5058 et

2135 5093 2306 5148 sancti
2334 5091 2503 5157 Petri,
2527 5101 2584 5147 et
2615 5092 2803 5157 nostri,
2834 5101 2942 5146 tam
3000 5094 3052 5146 in
3111 5094 3408 5149 honoribus
3463 5094 3729 5151 (celesia-

2136 5182 2308 5250 stici’s,
2337 5200 2497 5254 quam
2530 5184 2581 5238 in
2617 5187 2700 5239 sui
2732 5194 3001 5253 potestate
3043 5184 3263 5248 habent,
3320 5202 3485 5255 quam
3526 5189 3580 5240 in
3617 5202 3724 5241 ca:-

2776 5277 2920 5316 invln
2948 5275 3091 5316 niam
3142 5276 3461 5316 mtilimmm
3492 5292 3725 5316 canna-
