3984 5316
242 313 378 371 ίόὶῒ

233 525 303 579 ad
335 525 470 580 hanc
498 527 782 584 ecclesiam
816 532 932 597 ibit,
963 551 1187 594 securus
1211 541 1276 596 de
1304 546 1553 601 omnibus
1585 548 1818 608 inimicis

234 615 348 670 suis
375 617 558 684 vadat,
591 631 646 675 et
677 623 766 692 qui
793 625 840 679 ei
876 626 1092 696 aliquod
1121 631 1566 702 impedimentum
1599 646 1818 710 praesti-

231 709 378 772 terit,
417 712 555 766 sciat
586 714 630 768 is
654 723 1178 778 excommunicatum
1203 736 1254 781 et
1276 731 1814 793 anathematizatum.

230 798 286 853 Si
315 802 436 871 quis
466 803 669 876 itaque,
719 811 860 878 quod
892 829 996 866 non
1027 827 1294 886 optamus,
1330 829 1619 882 temerario
1645 846 1811 897 ausu,

227 901 333 946 CIC.

301 987 527 1059 Sergius
564 1004 768 1048 sanctae
789 999 1076 1056 Catholicze
1117 1013 1172 1058 et
1199 1010 1508 1076 apostolicae
1556 1013 1814 1072 Ecclesiic

223 1081 442 1147 praesul.
491 1083 687 1142 Petrus
729 1091 1032 1160 episcopus,
1083 1094 1428 1156 Crescentius
1479 1106 1762 1178 episcopus
1796 1151 1810 1175 ,

223 1167 417 1225 Petrus
475 1174 762 1247 episc0pus
796 1219 810 1244 ,
874 1179 1168 1254 Gregorius
1218 1198 1273 1242 et
1345 1167 1812 1268 Stephanus-cpi;

221 1271 395 1328 scopi.

293 1347 488 1404 Datum
536 1352 788 1412 Laterani
819 1375 914 1429 per
944 1379 1134 1420 manus
1179 1364 1403 1426 Joannis
1445 1385 1646 1431 sancta:
1701 1378 1809 1434 Ro-

221 1453 394 1496 mana:
421 1443 677 1501 Ecclesia:
708 1449 919 1506 diaconi
959 1455 1276 1513 cardinalis.

973 1585 1041 1642 Χ.

219 1663 438 1734 Sergius
467 1666 496 1721 I
515 1667 554 1720 V
584 1687 720 1794 βαρα
747 1673 1071 1731 Ama/ricam
1115 1680 1405 1750 Aquensem
1458 1691 1805 1762 archiepisco-

283 1752 411 1794 pum
459 1740 521 1792 ob
626 1755 838 1794 exutum
897 1748 1092 1794 Munna
1154 1753 1372 1794 Μηίων-ῆι
1422 1766 1796 1794 ηιηη,.,ι,,..;.....

283 1752 411 1859 pugn
459 1740 539 1820 ob.
586 1740 838 1798 Vexatuut
895 1748 1092 1804 Montis
1148 1740 1372 1824 Majoris
1422 1740 1796 1818 monasterium

289 1823 362 1859 ret
385 1826 414 1859 tt
422 1825 474 1859 rt.
484 1827 514 1859 tt
522 1819 559 1859 ιι
567 1847 584 1859 .

289 1819 474 1878 retiari,
484 1819 584 1866 utt.

731 1907 908 1979 (Anno
944 1912 1290 1989 IUO9-IOI2.)

625 1995 790 2068 [Cu/1.
822 2000 1017 2058 Christ.
1045 2023 1186 2072 1:00.,
1210 2009 1249 2074 Ι,
1282 2009 1400 2084 65.]

283 2101 514 2160 Senatus
537 2108 852 2179 episcopus,
879 2130 1067 2172 servus
1103 2135 1382 2177 servorum
1409 2125 1528 2194 Dei,
1552 2132 1800 2190 omnibus

208 2195 659 2270 archiepiscopis,
701 2207 1012 2277 episcopis,
1073 2213 1338 2282 ducibus,
1393 2223 1800 2280 marchionilms

204 2291 264 2336 et
310 2287 634 2359 comitibus,
687 2295 918 2352 salutem
969 2309 1020 2355 et
1065 2307 1419 2372 apostolicam
1473 2311 1800 2372 benedictio-

203 2387 351 2428 nem.

276 2465 444 2524 Nobis
469 2473 678 2530 clamor
699 2479 1050 2538 nobilissimae
1086 2490 1380 2547 comitissa:
1406 2494 1679 2553 Adelaidis
1705 2500 1798 2555 de-

205 2557 352 2615 latus
385 2575 490 2629 est,
528 2579 584 2621 et
610 2573 1000 2628 monachorum
1028 2577 1086 2633 S.
1125 2580 1272 2636 Petri
1323 2601 1488 2655 super
1518 2590 1656 2644 filios
1687 2591 1793 2645 Nc-

209 2649 453 2723 belongi,
483 2657 808 2717 Rainttldtlltt
864 2667 1134 2737 videlicet,
1183 2649 1512 2733 want-nium
1557 2691 1612 2735 et
1658 2682 1796 2737 Lan-

201 2739 444 2812 fretlum,
482 2758 538 2804 et
580 2755 1048 2828 archiepisc0pum
1079 2763 1411 2822 Amalricum
1459 2771 1792 2842 Aqueusem,

198 2833 295 2901 qui
331 2834 542 2894 fortiter
565 2843 849 2901 devastant
896 2856 1280 2910 monasterium
1304 2858 1501 2916 Montis
1524 2833 1776 2932 -Majoris,

205 2925 352 2992 quod
385 2937 470 2982 est
519 2931 620 2987 sub
666 2945 934 3004 potestate
983 2946 1155 2999 sancti
1195 2947 1342 3002 Petri
1397 2960 1449 3006 et
1500 2967 1703 3018 nostra,
1737 2969 1792 3013 et

199 3013 426 3086 insuper
451 3021 632 3078 villam
677 3042 796 3096 (piae
828 3033 1142 3089 nominatur
1184 3037 1468 3106 Pertusus,
1503 3061 1598 3116 per
1625 3049 1790 3103 virtu-

199 3113 309 3159 tem
342 3109 554 3168 illorum
580 3117 1028 3185 dept-zedtzverunt
1079 3136 1135 3180 et
1161 3143 1562 3203 cremaverunt,
1601 3141 1782 3194 tandiu

195 3214 486 3272 quousque
542 3207 914 3268 inhabitabilis
974 3230 1277 3285 permanet.
1331 3224 1409 3279 De
1464 3243 1568 3296 qua
1598 3247 1782 3299 causa,

197 3305 486 3352 monemus
533 3307 588 3353 et
643 3317 896 3372 rogamus
935 3311 1269 3369 auctoritate
1314 3321 1684 3384 apostolorum
1733 3336 1788 3381 et

196 3395 410 3454 nostra,
445 3405 607 3461 supra
632 3396 836 3452 dictum
868 3400 1179 3471 Aqueusem
1207 3410 1699 3484 archiepiscopum,
1727 3427 1787 3472 ut

194 3481 317 3550 ipse
351 3483 558 3550 primus
599 3489 904 3547 satisfaciat
937 3511 950 3548 :
978 3496 1172 3552 deinde
1223 3515 1346 3556 cum
1395 3507 1609 3561 caeteris
1637 3525 1786 3564 com-

191 3576 625 3645 provincialibus
674 3587 1122 3660 archiepiscopis,
1170 3595 1461 3664 episcopis,
1513 3607 1675 3668 atque
1722 3601 1788 3654 li-

190 3664 409 3721 dolibus
440 3669 786 3740 Christianis,
841 3679 934 3747 qui
983 3681 1210 3751 imperio
1272 3664 1782 3745 Provinciae-habi-

195 3764 338 3823 tant,
391 3758 559 3816 faciat
619 3766 812 3820 venire
865 3769 1101 3826 infantes
1129 3771 1446 3846 Nevelongi,
1477 3787 1528 3831 et
1558 3780 1623 3833 ad
1653 3795 1783 3834 con-

193 3863 394 3918 gruam
439 3857 875 3914 emendationem
919 3861 1040 3916 illos
1068 3865 1362 3921 admoneat
1387 3869 1454 3921 de
1484 3871 1634 3934 gravi
1687 3871 1781 3925 da-

187 3955 346 4007 mno,
389 3945 534 4014 quod
585 3947 782 4015 injuste
833 3953 1134 4010 intulerunt
1160 3961 1492 4016 monasterio
1521 3962 1580 4015 Β.
1608 3963 1775 4020 Petri.

157 4032 250 4086 .Si
288 4048 386 4088 vos
428 4038 696 4093 audierint
729 4052 784 4096 et
813 4049 1263 4114 emendaverint,
1301 4052 1414 4107 Deo
1447 4054 1674 4124 gratias.
1720 4055 1776 4112 Si

185 4133 374 4180 autem
428 4135 858 4202 contempserint
887 4140 1110 4196 obedire
1163 4144 1320 4198 vobis
1345 4154 1402 4200 et
1457 4149 1776 4216 apostolicis

181 4223 492 4290 pratceptis,
538 4231 1071 4288 exeommnnicamus
1101 4234 1238 4300 illos,
1287 4253 1351 4294 ac
1400 4242 1775 4300 maledicimus

177 4325 250 4364 ex
276 4321 432 4381 parte
457 4313 550 4369 Dei
577 4325 631 4370 et
655 4316 711 4372 S.
743 4319 946 4388 Marias,
992 4334 1046 4378 et
1085 4329 1412 4385 auctoritate
1444 4329 1504 4384 Β.
1556 4343 1775 4402 aposto-

181 4402 390 4469 lorum,
449 4416 559 4463 etc.
613 4410 838 4480 Insuper
890 4433 1022 4487 rogo
1066 4434 1257 4476 omnes
1315 4437 1410 4479 vos
1458 4426 1550 4494 qui
1603 4427 1770 4483 Deum

1450 341 1806 404 EPiSTOL:E
1847 352 1932 406 ΕΤ
1991 355 2394 416 DIPLOMATA.

241 433 402 488 talem
437 434 870 494 benedictionem
908 443 1158 513 accipiat,
1197 447 1336 505 sicut
1365 452 1622 522 diximus,
1647 469 1699 513 et
1728 465 1817 530 qui
1849 471 1893 524 Α
1922 468 2197 539 Corgnito,

3368 381 3500 437 13⁸22

2248 475 2482 528 salutem
2531 475 2908 535 charissimam
2955 497 3077 537 cum
3120 485 3498 549 benedictione

1919 563 2235 630 apostolica.

1991 650 2185 706 Nostra
2218 671 2346 709 cura
2383 659 2676 726 pastoralis
2717 663 2837 718 talis
2868 675 2969 731 est,
3019 668 3237 726 Christo
3263 673 3494 744 favente,

1919 749 1976 792 ut
1998 743 2372 802 discordantes
2395 751 2626 809 clericos
2647 754 2731 808 vel
2755 755 2919 812 laicus
2944 760 3010 814 ad
3035 767 3380 822 concordiam
3409 784 3496 824 re.

1918 847 2190 890 vocemus.
2224 839 2345 895 Ideo
2375 858 2660 902 monemus
2687 855 2759 912 te,
2785 851 3036 918 prtediete
3060 853 3317 913 Gratiane
3335 859 3492 928 abba,

1916 934 1969 976 et
1999 928 2221 981 omnino
2271 931 2524 998 jubemus
2569 948 2646 1002 ut,
2706 942 3001 998 secundum
3050 959 3379 1019 prazceputm
3412 967 3495 1009 re-

1915 1015 2051 1084 gulte
2083 1017 2266 1074 Sancti
2295 1023 2587 1092 Benedicti,
2625 1031 2874 1090 Inunilics
2919 1045 2970 1091 te
2997 1038 3097 1095 sub
3117 1015 3369 1099 Guidoue
3397 1047 3489 1101 ab-

1914 1107 2041 1161 bate
2087 1118 2400 1170 monasterii
2467 1118 2686 1177 Sancta:
2733 1124 2916 1181 Mat-ite
2972 1135 3114 1198 quod
3175 1136 3394 1204 ponitur
3441 1139 3492 1193 in

1903 1197 2072 1265 Farfa
2108 1220 2121 1267 ;
2153 1215 2206 1258 et
2237 1209 2492 1277 quidquid
2521 1223 2708 1269 contra
2739 1197 3074 1286 praelibatum
3107 1231 3490 1283 monasterium

1913 1292 2110 1360 injuste
2157 1299 2333 1367 egisti,
2391 1302 2554 1356 citius
2604 1310 2885 1373 emendes,
2938 1322 2990 1366 et
3038 1315 3316 1380 ecclesias,
3361 1335 3493 1386 quas

1903 1382 2017 1452 jam
2048 1385 2194 1440 dicto
2217 1389 2397 1444 abbati
2425 1397 2730 1460 contendis,
2760 1401 2968 1456 scilicet
3000 1402 3185 1459 Sancti
3214 1405 3491 1478 Peregrini

1910 1489 1961 1532 et
1988 1478 2170 1533 Sancti
2205 1481 2482 1540 Michaelis
2539 1503 2661 1543 eum
2700 1493 2950 1550 omnibus
2977 1496 3090 1550 suis
3127 1499 3491 1566 pertinentiis,

1910 1572 2104 1624 reddas
2140 1573 2235 1626 illi.
2262 1575 2413 1641 Quod
2445 1579 2490 1632 si
2529 1579 2714 1638 facere
2743 1584 3000 1650 nolueris,
3031 1589 3098 1643 ab
3146 1591 3292 1645 omni
3317 1590 3491 1648 cilicio

1901 1665 2235 1734 sacerdotali
2296 1685 2519 1726 maneas
2569 1673 2800 1730 alienus.
2859 1665 3123 1735 Similiter
3169 1685 3491 1739 mandamus

1908 1758 2164 1813 onmibus
2220 1763 2495 1829 praedictis
2547 1766 2879 1836 hominibus,
2928 1772 3012 1827 vel
3061 1773 3200 1838 aliis,
3251 1777 3341 1844 qui
3392 1777 3490 1832 tibi

2220 1825 2233 1829 -
2865 1825 2876 1836 ι
2975 1825 2986 1827 ~
3141 1825 3200 1838 η·
3256 1825 3341 1844 -ι---
3394 1825 3490 1832 ""-

1834 1825 2092 1902 Bcontra
2153 1851 2294 1906 hanc
2354 1865 2596 1910 nostram
2647 1859 2944 1928 jussionem
2977 1865 3301 1934 adjutorium
3355 1885 3492 1938 prac-

1906 1948 2051 1993 stare
2073 1942 2364 2008 voluerint,
2417 1958 2474 2001 ut
2503 1959 2654 2004 extra
2687 1953 2981 2008 Ecclesiam
3012 1969 3286 2026 maneant,
3321 1977 3490 2032 usque

1905 2032 2030 2086 dum
2061 2049 2159 2103 per
2188 2038 2610 2097 satisfactionem
2639 2047 3064 2105 emcndaverint.

2652 2158 2764 2214 XII.

1905 2238 2122 2308 Sergius
2151 2241 2179 2294 1
2194 2241 2238 2296 γ
2272 2243 2523 2302 Ecclesiw
2553 2247 2922 2321 Bumbergensi
2962 2255 3234 2326 privilegia
3282 2259 3482 2314 tribuit.

2420 2339 2599 2408 (Auno
2637 2344 2988 2416 1009-1013.)

1903 2421 2065 2496 [Vide
2096 2427 2150 2479 in
2198 2427 2507 2508 BesEDtcro
2541 2434 3004 2508 \‘IIIpririlcgium
3045 2456 3140 2508 pro
3174 2441 3354 2496 cadent
3383 2440 3486 2498 Ec-

2372 2504 2530 2556 clesia
2552 2546 2564 2568 ,
2602 2507 2669 2558 ad
2697 2523 2788 2560 (tu.
2827 2508 3011 2580 IUI5.]

2626 2596 2760 2650 XIII.

1899 2678 2117 2751 Sergius
2147 2682 2172 2736 Ι
2192 2683 2229 2736 ν
2257 2687 2560 2741 monasterii
2588 2687 2644 2767 S:
2678 2689 2930 2767 iurentii
2965 2691 3330 2767 Ifulturuensis
3366 2714 3484 2767 pos-

2214 2772 2466 2840 sessiones
2496 2770 2541 2811 et
2565 2761 2832 2828 pririlegiu
2863 2763 3160 2818 confirmat.

2499 2852 2885 2924 (Alttt010l2.)

2232 2938 2491 3003 UGIIELLI,
2514 2940 2676 2994 Italia
2703 2960 2876 3006 sacra,
2903 2943 2989 3010 VI,
3014 2945 3165 3018 590.]

1969 3025 2205 3084 Senones
2234 3031 2543 3100 episcopus,
2576 3047 2765 3086 servus
2797 3049 3077 3089 servorum
3105 3036 3220 3105 Dei,
3255 3037 3480 3114 Ηιωῐεεο

1901 3119 2200 3174 venerabili
2257 3122 2438 3176 abbati
2483 3139 2547 3178 ex
2600 3127 2934 3181 monasterio
2972 3127 3172 3184 Christi
3224 3131 3480 3200 martyris

1897 3207 2189 3276 Vincentii,
2222 3223 2275 3268 et
2308 3231 2405 3283 pro
2438 3224 2488 3268 te
2513 3232 2697 3271 vener.
2733 3219 3084 3286 monasterio,
3118 3221 3331 3292 tuisque
3353 3238 3477 3278 suc-

1890 3303 2197 3358 cessoribus
2217 3305 2267 3358 in
2289 3318 2631 3376 perpetuum.

1963 3393 2097 3447 Cum
2154 3411 2349 3466 magna
2385 3399 2540 3454 nobis
2576 3402 2937 3458 sollicitudine
2965 3420 3096 3459 cura
3149 3405 3350 3460 insistit
3380 3420 3476 3475 pro

1890 3488 2161 3543 universis
2200 3490 2293 3544 Dei
2359 3491 2636 3558 Ecclesiis,
2675 3510 2739 3550 ac
2791 3496 2895 3565 piis
2945 3497 3078 3551 locis
3127 3497 3348 3566 vigilan.
3410 3514 3476 3550 ne

1887 3581 2123 3649 aliquam
2158 3585 2501 3638 necessitatis
2553 3588 2827 3656 jacturam
2854 3591 3150 3655 sustineat,
3179 3591 3272 3645 sed
3303 3591 3476 3659 magis

1887 3674 2111 3742 propria
2162 3675 2400 3730 utilitate
2428 3679 2694 3746 stipemlia
2738 3691 3136 3750 consequatur;
3192 3683 3315 3736 ideo
3343 3698 3472 3737 con-

1886 3764 2031 3817 venit
2061 3779 2161 3818 nos
2202 3766 2494 3836 pastoralis
2520 3777 2628 3821 tota
2684 3771 2883 3824 mentis
2925 3772 3236 3839 integritate
3264 3787 3476 3825 eorum-

1883 3854 2004 3907 dem
2045 3868 2172 3908 ven.
2238 3856 2480 3910 locorum
2523 3858 2772 3912 maxima:
2822 3860 3132 3914 stabilitatis
3167 3861 3474 3931 integritate

1884 3961 2196 4014 procurare,
2231 3958 2286 4003 et
2341 3949 2526 4005 sedule
2582 3965 2770 4005 eorum
2828 3951 3047 4006 utilitati
3097 3952 3339 4006 subsidia
3395 3952 3470 4005 illi

1881 4037 2157 4106 confurre,
2196 4049 2252 4094 et
2309 4021 2421 4096 Deo
2450 4050 2636 4097 nostro
2685 4044 3044 4114 omnipotenti
3102 4045 3153 4098 id
3189 4044 3331 4113 quod
3371 4059 3470 4113 pro

1879 4130 1996 4199 ejus
2015 4132 2192 4186 sancti
2220 4134 2454 4188 nominis
2478 4134 2703 4199 honore,
2753 4136 2918 4190 etiam
2948 4135 3016 4189 ad
3061 4135 3274 4190 Iaudem
3302 4146 3466 4204 atque

1878 4222 2108 4292 gloriam
2166 4221 2284 4290 ejus
2329 4224 2524 4280 divinze
2575 4224 2876 4295 majestatis
2926 4227 3314 4282 venerabilium
3365 4243 3466 4313 no.-

1878 4325 2114 4369 strorum
2145 4317 2310 4370 etiam
2334 4318 2614 4372 contulere
2670 4318 2826 4386 locis,
2859 4318 3039 4388 sitque
3084 4335 3148 4374 ac
3176 4319 3463 4389 optabilem

1876 4408 2059 4468 nobis,
2093 4424 2214 4476 qua:
2243 4410 2310 4462 ad
2351 4410 2469 4474 ejus
2527 4409 2702 4464 locum
2734 4411 3103 4480 plenissimam
3155 4411 3465 4468 misericora

175 4509 370 4550 cnram
403 4497 606 4555 habere
631 4502 907 4572 videmini,
942 4518 1021 4574 ut,
1049 4511 1186 4564 sicut
1217 4528 1316 4581 ego
1339 4522 1772 4584 excommunico,

1899 4499 2024 4552 liam
2066 4500 2287 4568 dignum
2320 4499 2629 4568 Imjusmodi
2651 4502 2722 4571 pii
2756 4503 2936 4572 operis
2991 4503 3042 4557 in
3070 4503 3296 4559 sidereis
3319 4507 3463 4559 arci-

183 4585 451 4643 similiter
480 4599 538 4645 et
581 4607 677 4648 vos
703 4595 934 4662 faciatis,
982 4609 1038 4653 et
1081 4604 1528 4675 constringantur
1554 4610 1774 4666 vinculo

183 4680 682 4755 anathematis,qui
713 4689 762 4742 vi
801 4690 1045 4744 saeculari
1075 4703 1291 4746 vastant
1317 4706 1482 4767 atque
1505 4700 1773 4770 dissipant

176 4767 300 4824 sine
364 4774 641 4831 voluntate
693 4779 904 4836 abbatis
976 4790 1031 4838 et
1089 4789 1527 4857 monachorum,
1592 4802 1768 4849 terras

173 4862 456 4932 retinent,
505 4883 639 4936 quas
702 4889 799 4928 nos
853 4883 910 4927 et
978 4884 1358 4936 antecessores
1414 4885 1586 4940 nostri
1661 4895 1772 4941 tra-

171 4953 432 5027 didimus,
470 4969 526 5015 et
555 4966 1024 5024 corroboravitnus
1048 4970 1298 5026 emnobio
1331 4989 1498 5046 supra
1525 4976 1694 5035 dicto.

927 5100 1015 5157 XI.

170 5185 386 5266 Sergius
417 5189 498 5266 μ’
517 5207 651 5256 papa
673 5199 936 5257 Gratiano
968 5199 1140 5251 abbati
1167 5208 1214 5251 et
1245 5203 1489 5257 omnibus
1521 5208 1762 5266 habitan-

1877 4588 1980 4642 bus
2033 4587 2323 4643 conferant
2354 4591 2869 4646 remunerationem.
2904 4591 3071 4660 Igitur
3093 4592 3218 4662 quia
3248 4593 3462 4662 petistis

1877 4695 1907 4734 a
1939 4681 2094 4735 nobis
2120 4690 2392 4749 quatenus
2423 4683 2814 4737 monasterium
2844 4683 2904 4736 Β.
2951 4684 3219 4740 Vincentii
3255 4694 3466 4753 marty-

1876 4773 1952 4826 ris
1998 4773 2160 4826 situm
2194 4787 2358 4843 supra
2389 4773 2634 4836 ﬂuvium,
2668 4775 2812 4843 quod
2863 4774 3064 4829 dicitur
3111 4772 3459 4833 Vulturnum.

1873 4863 1926 4917 in
1981 4865 2257 4920 territorio
2309 4866 2696 4921 Beneventano
2749 4865 2995 4936 partibus
3045 4865 3302 4928 Samnite,
3357 4881 3463 4921 una

1871 4974 1991 5014 cum
2024 4958 2138 5013 suis
2176 4959 2522 5026 pertinentiis
2557 4968 2613 5013 et
2641 4958 3012 5021 monasteriis,
3055 4955 3310 5010 videlicet
3343 4973 3464 5013 mo-

1864 5050 2173 5109 nasterium
2208 5048 2270 5102 Β.
2326 5049 2472 5104 Petri
2505 5049 2734 5120 apostoli
2781 5048 3016 5117 positum
3058 5049 3210 5118 juxta
3241 5046 3465 5104 ﬂuvium

1869 5143 2093 5199 Sabbati
2129 5143 2402 5196 territorio
2428 5143 2830 5202 Beneventano,
2858 5143 2952 5196 sed
2985 5151 3039 5196 et
3071 5143 3466 5198 monasterium

1868 5237 1903 5266 Ω
1965 5237 2056 5266 ΥιΛῖ
2095 5233 2374 5266 ηηηῖιικῖοἷρ

2431 5232 2614 5266 Μηνίου
2648 5231 2701 5266 in
2747 5231 2866 5266 lnnn
2932 5233 3022 5266 nn:
3083 5229 3284 5266 (“nilnr
3321 5230 3344 5266 Ῐ
3370 5250 3469 5266 Ann
