3984 5316
509 341 647 406 1525

1856 362 2082 422 SERGll
2121 364 2188 421 ιν
2227 363 2429 421 ΡΑΡΕ

3632 364 3768 421 [525

505 452 692 511 Maria:
709 457 949 527 positum
1000 459 1055 517 in
1085 462 1363 522 territorio
1381 463 1652 528 Plnnense
1677 471 1733 529 in
1776 473 1916 544 loco,
1946 478 2088 548 quod
2115 483 2170 545 Α
2195 474 2416 531 nasterii
2439 472 2603 529 fuerit
2629 472 2905 541 invitatus,
2929 489 3028 531 nec
3054 475 3338 534 missarum
3373 475 3768 538 solemnitatem

509 547 739 607 Mosano
770 553 1014 622 dicitur;
1070 559 1350 618 enimvero
1393 571 1447 619 et
1497 570 1887 624 monasterium
1945 547 2088 624 aliud

506 652 888 700 consecratum
944 647 998 702 in
1046 648 1308 707 honorem
1349 653 1406 710 S.
1438 654 1537 711 Dei
1577 658 1858 728 genitricis
1905 659 2089 717 Maria:

503 731 726 799 inloco,
777 737 870 805 qui
912 738 1118 795 dicitur
1164 742 1312 800 Duas
1365 746 1638 804 basilicas.
1689 750 1820 806 item
1879 760 1934 807 et
1982 752 2085 810 alia

505 819 644 914 cella
674 821 733 876 S.
762 823 946 881 Marias
981 829 1135 899 juxta
1181 831 1400 890 ﬂuvium
1435 835 1641 904 Trinio,
1671 843 1926 911 quoniam
1973 845 2087 914 qui.

505 911 652 979 dem,
675 923 726 968 et
755 915 888 971 cella
921 918 978 974 S.
1006 920 1173 977 Sossii
1207 925 1260 979 in
1291 925 1529 995 Liburia,
1559 929 1816 1002 locusque
1840 911 2086 992 Pantano

503 1016 627 1056 cum
662 1003 871 1077 integro
894 1009 1011 1080 ipso
1039 1011 1234 1070 Waldo
1263 1019 1567 1086 pertinente
1615 1021 1713 1090 ipsi
1749 1027 2082 1083 monasterio

503 1093 563 1148 S.
599 1097 888 1168 Vincentti,
917 1106 1062 1173 quod
1093 1108 1256 1164 habet
1287 1111 1422 1166 fines
1469 1114 1534 1166 de
1583 1113 1758 1181 prima
1816 1126 1969 1186 parte
1999 1119 2085 1176 via

503 1190 750 1259 antiqua,
780 1194 870 1263 qui
900 1197 1049 1251 venit
1078 1199 1145 1254 ad
1197 1202 1449 1269 ducenta,
1505 1204 1597 1274 qui
1645 1207 1889 1262 decernit
1944 1211 2087 1267 inter

502 1279 640 1346 haec,
679 1293 842 1351 terra,
878 1303 971 1342 seu
999 1290 1214 1360 Waldo,
1247 1306 1302 1351 et
1336 1297 1439 1349 alia
1469 1309 1632 1363 terra,
1666 1309 1720 1353 et
1758 1297 1965 1368 Waldo,
1993 1306 2084 1376 qui

504 1371 609 1426 fuit
632 1377 872 1441 praedicti
908 1387 1247 1452 monasterii,
1277 1397 1332 1440 et
1385 1396 1527 1442 terra
1556 1389 1659 1443 alia
1690 1392 1857 1459 ipsius
1898 1371 2085 1452 mona-

499 1467 674 1529 stcrii,
708 1479 761 1522 et
798 1474 1034 1540 qualiter
1073 1478 1336 1547 demergit
1375 1480 1459 1533 via
1509 1483 1752 1551 antiqua,
1808 1487 1897 1554 qui
1937 1489 2087 1544 vadit

499 1559 566 1611 ad
594 1562 708 1628 ipsa
757 1567 965 1632 piscma
1011 1568 1118 1636 jam
1153 1573 1285 1626 dicti
1330 1583 1670 1641 monastcrtt,
1723 1587 1778 1630 et
1819 1583 2086 1651 demergit

499 1652 584 1705 via
621 1655 733 1722 ipsa
766 1658 909 1712 inter
939 1661 1086 1730 ipsas
1111 1673 1302 1730 terras,
1347 1676 1403 1721 et
1446 1667 1638 1723 Waldo
1663 1667 1774 1736 jam
1811 1671 1939 1727 dicti
1967 1691 2085 1729 tuo-

501 1749 746 1810 nasterii,
780 1759 832 1803 et
862 1761 1003 1806 terra
1029 1755 1133 1809 alia
1160 1757 1330 1825 ipsius
1359 1761 1698 1826 monasterii,
1740 1779 1860 1832 quae
1885 1765 2084 1820 dicitur

500 1836 566 1890 de
600 1836 854 1906 Tortora,
879 1854 932 1898 et
967 1857 1105 1900 terra
1156 1849 1222 1903 de
1271 1851 1600 1917 hominibus,
1661 1825 1773 1922 qui-
1797 1855 1869 1911 ibi
1897 1856 2083 1915 alIines
2117 1825 2159 1880 Β

499 1941 645 1996 sunt,
670 1942 724 1987 et
754 1936 894 1990 sicut
921 1939 1109 2009 incipit
1139 1957 1301 2012 super
1331 1944 1441 2014 ipsa
1475 1946 1706 2015 piscina,
1755 1957 1810 2003 et
1850 1952 2083 2020 qualiter

500 2025 727 2079 revolvit
756 2042 917 2097 super
945 2031 1059 2100 ipsa
1091 2044 1232 2086 terra
1263 2038 1328 2090 de
1356 2041 1543 2091 eodem
1571 2038 1783 2106 Waldo,
1813 2050 1868 2096 et
1893 2043 2080 2098 cadent

501 2122 646 2170 terra
670 2117 736 2171 de
765 2119 1013 2187 Tortora,
1065 2133 1118 2178 et
1170 2127 1408 2183 vaditad
1454 2129 1628 2198 ipsum
1670 2131 1914 2188 Pantano
1944 2150 2083 2203 pra»

499 2206 627 2262 dicti
654 2215 990 2280 monasterii,
1037 2226 1092 2271 et
1121 2221 1360 2286 perrexit
1401 2237 1500 2290 per
1546 2222 1718 2292 ipsum
1755 2224 2079 2296 Pantanum,

502 2308 556 2351 et
581 2299 749 2367 Silva,
778 2313 831 2357 et
852 2305 1046 2373 palude
1079 2324 1252 2377 usque
1300 2310 1352 2364 itt
1386 2311 1504 2380 ipso
1531 2312 1748 2384 frigido.
1775 2315 1852 2372 De
1886 2328 2080 2388 quarta

503 2403 636 2443 vero
693 2402 853 2460 parte
901 2395 1020 2451 sine
1068 2396 1180 2464 jam
1231 2399 1377 2454 dicto
1416 2401 1633 2472 frigido,
1688 2413 1742 2459 et
1776 2405 1888 2476 jam
1937 2409 2083 2465 dicto

501 2477 662 2534 laneo
687 2483 851 2537 etiam
875 2501 983 2539 una
1015 2503 1136 2540 cum
1163 2488 1286 2544 aliis
1317 2493 1661 2548 monasteriis
1694 2503 1750 2549 ct
1784 2497 1934 2552 cellis
1959 2514 2079 2554 cum

498 2576 644 2630 casis
675 2586 729 2632 et
771 2580 1067 2647 casalibus,
1097 2597 1221 2638 cum
1252 2585 1426 2639 servis
1456 2595 1512 2641 et
1540 2588 1750 2644 ancillis
1799 2589 2081 2662 utriusque

495 2683 662 2725 sexus
693 2671 893 2727 ibidem
941 2675 1328 2744 residentibus,
1368 2678 1452 2733 vel
1515 2695 1636 2735 cum
1685 2683 1868 2737 omnia
1919 2693 1976 2739 et
2024 2684 2076 2740 in

494 2760 749 2817 omnibus
772 2764 886 2818 suis
908 2765 1252 2834 pertinentiis
1292 2768 1408 2834 tibi,
1436 2771 2079 2839 tuisque-successoribus

494 2853 805 2921 abbatibus,
833 2857 923 2925 qui
955 2857 1152 2915 ibidem
1195 2860 1247 2913 in
1279 2869 1517 2932 tempore
1565 2863 1788 2920 fuerint.
1814 2864 2074 2921 Concedi-

497 2960 621 3000 mus
671 2948 852 3002 utsub
894 2948 1275 3019 jurisdictione
1317 2965 1518 3009 sanctae
1574 2964 1775 3012 nostrae
1832 2959 1919 3012 cui
1967 2958 2078 3014 Deo

495 3052 722 3099 auctore
786 3045 1124 3103 deservimus
1195 3049 1451 3105 Ecclesiae
1517 3050 1672 3106 vobis
1736 3052 2074 3107 attinendum

496 3134 701 3190 nullius
757 3137 981 3192 alterius
1038 3139 1299 3195 Ecclesiae
1335 3140 1806 3209 iurisdictionibus
1845 3145 2074 3200 submit-
2103 3180 2149 3242 C

498 3234 707 3278 tantur.
743 3225 848 3281 Pro
869 3242 974 3296 qua
1006 3243 1065 3284 re
1119 3231 1223 3300 piis
1255 3232 1536 3288 desideriis
1566 3233 1826 3298 faventes,
1881 3250 1946 3290 ac
1979 3251 2076 3291 no-

493 3323 609 3366 stra
638 3317 966 3372 auctoritate
1022 3321 1165 3388 quod
1224 3323 1552 3390 exposcitur,
1588 3325 1980 3395 mancipamur.
2009 3327 2078 3381 Et

490 3403 616 3457 ideo
672 3407 1018 3462 concedimus
1081 3409 1233 3464 vobis
1300 3413 1606 3482 vestrisque
1669 3418 2076 3473 successoribus

488 3493 779 3550 abbatibus
826 3495 1102 3552 licentiam
1154 3495 1470 3570 apostolicae
1528 3503 1673 3558 sedis
1720 3515 1960 3570 nostrae,
2017 3515 2076 3560 ut

488 3588 787 3658 quamlibet
815 3587 1280 3648 Christianitatem
1314 3593 1682 3664 indigentibus
1733 3597 1787 3650 in
1813 3597 2074 3667 praedicto

488 3694 676 3735 vener.
705 3684 1063 3749 monasterio,
1095 3685 1272 3755 qualis
1323 3688 1609 3757 episcopus
1649 3689 1800 3744 vobis
1831 3691 1898 3745 ad
1938 3691 2075 3745 iuvi-

488 3764 716 3823 tandum
746 3769 868 3842 jure
905 3772 1186 3828 volueritis
1229 3774 1460 3830 habendi
1500 3785 1822 3846 potestatem
1853 3780 2073 3834 omnino

489 3861 840 3918 concedimus
866 3865 932 3918 ad
955 3863 1225 3920 Ecclesias
1254 3867 1670 3935 confirmandas,
1698 3885 1792 3924 seu
1819 3871 2070 3926 abbatem

484 3953 936 4008 consecrandum.
962 3954 1137 4009 Etiam
1163 3957 1412 4012 similiter
1432 3959 1831 4016 ordinationem
1861 3963 1926 4017 de
1946 3963 2072 4017 sub-

485 4041 826 4109 diaconibus,
855 4052 910 4101 et
958 4045 1271 4102 diaconibus
1324 4063 1416 4102 seu
1446 4051 1776 4121 presbyteris
1797 4067 1893 4122 per
1937 4061 2072 4108 tem-

479 4145 614 4199 pora
641 4131 968 4198 faciendum,
991 4143 1041 4189 et
1064 4137 1131 4189 ad
1149 4151 1366 4190 omnem
1391 4140 1615 4208 gradum
1645 4139 2069 4195 ecclesiasticum

480 4221 683 4275 ibidem
715 4223 768 4276 in
805 4231 1045 4294 tempore
1067 4226 1488 4296 adimplendum.
1516 4228 1888 4286 Protcstamur
1903 4232 2068 4287 etiam

484 4309 667 4366 nullus
698 4313 985 4384 episcopus
1008 4316 1204 4370 exinde
1256 4318 1450 4372 debeat
1495 4319 1905 4388 subdiaconum,
1954 4324 2071 4378 dia-

483 4413 704 4467 conum,
745 4415 839 4455 seu
863 4405 1240 4474 presbyterum
1299 4409 1364 4462 atl
1419 4424 1576 4463 suum
1629 4412 2060 4482 conciliumpro-

2190 566 2460 638 quispiam
2491 564 2769 621 celebrare
2801 576 3109 638 praesumat.
3138 567 3449 642 Statuentes
3477 571 3768 642 apostolica

2193 665 2422 736 insuper
2454 679 2686 720 censura
2715 667 2816 720 sub
2858 664 3024 720 divini
3073 665 3264 736 judicii
3292 667 3768 736 obtestationibus,

2188 764 2243 811 et
2273 755 2462 811 validis
2521 764 2684 826 atque
2737 754 3007 810 atrocibus
3045 756 3409 814 anathematis
3435 757 3770 815 interdictio-

2187 846 2370 912 nibus,
2420 855 2481 901 ut
2512 847 2689 901 nullus
2717 863 2954 917 unquam
2996 856 3287 917 praesumat
3329 849 3601 918 quispiam
3637 852 3771 909 alius

2187 937 2554 1007 cujuscunque
2582 937 2862 1006 dignitatis
2883 937 3138 1007 praeditus
3167 946 3463 1007 potestate,
3497 939 3583 994 vel
3605 941 3766 994 etiam

2187 1025 2243 1080 in
2301 1027 2490 1081 eodem
2540 1027 2836 1082 venerabili
2889 1029 3238 1096 monasterio,
3287 1029 3371 1086 vel
3417 1029 3536 1099 ejus
3592 1031 3771 1085 causis

2187 1115 2524 1182 incumbere,
2580 1126 2674 1172 aut
2724 1119 2790 1172 dc
2838 1119 3022 1186 rebus,
3069 1132 3123 1176 et
3171 1123 3635 1192 possessionibus,
3690 1121 3774 1178 vel

2186 1205 2446 1261 Eeclesiis
2478 1207 2757 1277 subjectis,
2787 1208 2869 1261 vel
2893 1209 3150 1279 quidquid
3172 1213 3236 1266 de
3265 1213 3348 1268 his
3370 1215 3566 1267 exinde
3597 1213 3772 1268 inesse

2186 1293 2402 1348 videtur
2443 1311 2660 1365 quoquo
2709 1297 2868 1352 modo
2925 1298 3160 1363 auferre,
3216 1309 3308 1354 aut
3359 1302 3624 1367 alienare,
3675 1317 3772 1356 nec

2187 1388 2484 1462 guamllbet
2513 1389 2796 1455 malitiam,
2825 1399 2917 1446 aut
2961 1390 3182 1460 iacturae
3220 1393 3522 1450 molestiam
3575 1395 3769 1449 ibidem

2186 1481 2300 1537 sive
2334 1485 2500 1552 pacis,
2532 1484 2644 1538 sive
2668 1484 2968 1539 barbaricis
3007 1485 3336 1555 temporibus
3385 1487 3772 1556 qunquomodo

2186 1570 2523 1627 inferendum
2551 1573 2833 1644 praefatum
2866 1576 3200 1644 perenniter,
3219 1586 3280 1630 ut
3305 1577 3510 1631 dictum
3538 1587 3630 1630 est
3665 1589 3768 1629 tam

2185 1661 2338 1730 pacis
2402 1677 2564 1730 quam
2620 1664 2890 1718 barbarici
2946 1666 3204 1734 temporis
3257 1665 3415 1720 ﬁrma
3470 1665 3770 1720 stabilitate

2187 1751 2528 1807 decernimus
2574 1753 2672 1807 sub
2718 1754 3094 1823 jurisdictioue
3126 1764 3323 1810 sanctae
3363 1755 3629 1810 Ecclesiae
3678 1771 3770 1809 no-

2187 1853 2315 1898 stra:
2351 1859 2670 1914 permanen.
2695 1845 3108 1918 Promulgantes
3130 1863 3322 1917 nempe
3347 1858 3401 1903 et
3423 1849 3529 1903 bac
3581 1859 3770 1903 aucto-

2185 1935 2348 1990 ritate
2374 1936 2434 1988 B.
2487 1937 2855 2005 apostolorum
2899 1938 3158 2009 principis
3210 1954 3392 1995 coram
3437 1939 3550 1994 Deo
3581 1949 3640 1994 et
3667 1948 3776 1994 ter-

2186 2029 2328 2084 ribili
2363 2028 2479 2099 ejus
2516 2032 2768 2087 examine
2791 2047 2890 2101 pro
2918 2032 3100 2087 futuro
3126 2048 3224 2103 per
3247 2032 3405 2103 hujus
3432 2033 3612 2088 nostri
3644 2048 3774 2104 apo-

2189 2121 2368 2176 stolici
2427 2122 2718 2192 privilegii,
2769 2132 2931 2193 atque
2961 2123 3238 2178 constituti
3269 2123 3562 2188 sancimus,
3609 2135 3774 2192 atque

2186 2213 2548 2279 decernimus,
2605 2223 2662 2268 ttt
2712 2213 2825 2269 loca
2851 2230 2971 2285 qua:
3003 2213 3072 2269 ab
3120 2214 3406 2270 abbatibus
3453 2213 3770 2284 cujuslibet,

2185 2319 2304 2372 qua:
2331 2305 2485 2360 vobis
2538 2305 2590 2360 in
2623 2299 2812 2360 eodem
2864 2304 3091 2375 praefato
3130 2321 3310 2361 vener.
3348 2308 3686 2362 monasterio
3711 2307 3768 2361 S.

2185 2392 2455 2450 V’incentii
2505 2405 2670 2450 mart.
2717 2406 3085 2461 commutata,
3138 2395 3224 2453 vel
3282 2398 3445 2452 etiam
3499 2413 3768 2453 concessa

2185 2493 2334 2550 sunt,
2357 2499 2458 2540 nec
2478 2501 2584 2540 non
2615 2495 2671 2539 et
2718 2485 2851 2541 alias
2878 2487 3116 2541 locorum
3145 2487 3538 2558 possessiones,
3587 2504 3712 2557 quae
3737 2505 3768 2541 ι

2186 2573 2428 2644 regibus,
2455 2591 2519 2630 ac
2540 2576 2789 2641 ducibus,
2835 2575 2919 2632 vel
2968 2578 3273 2643 castaldeis,
3303 2579 3574 2632 universis
3605 2580 3769 2633 Chri-

2185 2662 2379 2718 SIianis
2409 2664 2463 2718 in
2519 2665 2710 2719 eodem
2757 2676 2948 2720 sancto
2992 2666 3110 2722 loco
3149 2666 3343 2737 largita
3375 2677 3540 2736 atque
3583 2669 3769 2721 oblata

2183 2763 2332 2818 sunt,
2371 2763 2464 2809 aut
2511 2756 2564 2810 itt
2594 2766 2870 2826 posterum
2903 2758 3011 2812 illic
3042 2773 3299 2813 concessa
3358 2758 3575 2821 fuerint,
3608 2758 3768 2811 [irata

2183 2847 2478 2903 stabilitate
2496 2847 2604 2916 juri
2657 2850 2826 2920 ipsius
2849 2849 3055 2920 praefati
3107 2867 3232 2906 ven.
3284 2851 3599 2907 monasterii
3651 2851 3769 2905 exi-

2183 2937 2371 2992 stenda
2397 2946 2558 3009 atque
2587 2939 2640 2993 in
2663 2949 2980 3010 perpetuum
3030 2941 3396 3010 permanenda
3448 2941 3761 2994 statuimus.

2182 3023 2294 3080 Nec
2311 3025 2532 3082 licentia
2559 3027 2649 3092 sit,
2681 3036 2741 3082 ut
2767 3028 2968 3083 dictum
2993 3037 3094 3093 est,
3118 3038 3174 3083 et
3212 3028 3345 3096 ejus,
3387 3027 3471 3083 vel
3509 3029 3767 3084 omnibus

2183 3117 2357 3171 eidem
2415 3120 2749 3174 monasterio
2797 3120 3067 3189 pertinen.
3100 3121 3348 3190 cuiquam
3378 3135 3587 3188 magna:
3636 3135 3766 3186 par-

2183 3223 2370 3278 vaeque
2392 3225 2638 3280 personae
2665 3210 2901 3276 auferre,
2936 3221 3030 3267 aut
3058 3212 3285 3283 praefato
3308 3213 3460 3282 juxta
3506 3214 3583 3277 id,
3616 3213 3762 3280 quod

2181 3299 2482 3368 Subjectum
2510 3301 2712 3357 eisdem
2737 3318 2858 3357 vett.
2894 3302 3027 3358 locis
3073 3302 3386 3373 apostolicis
3423 3303 3758 3364 constitutis,

2179 3398 2339 3462 atque
2390 3393 2688 3464 privilegiis
2740 3395 3002 3450 consistat
3058 3395 3112 3449 in
3161 3394 3590 3449 concurrendum
3637 3408 3759 3462 per-

2179 3492 2414 3538 maneat.
2442 3484 2508 3538 Et
2542 3485 2703 3540 liceat
2723 3486 2942 3541 eosdem
2968 3487 3262 3541 monachos
3287 3487 3354 3540 de
3400 3501 3494 3540 sua
3529 3500 3759 3554 congre-

2180 3576 2400 3644 gatioue
2455 3577 2708 3632 abbatem
2757 3593 2973 3647 semper
3000 3578 3220 3648 eligere,
3255 3579 3415 3633 liceat
3458 3580 3635 3648 ipsum
3665 3578 3758 3631 ab~

2175 3666 2378 3732 batem,
2396 3669 2486 3737 qui
2510 3668 2710 3724 fuerint
2733 3685 2859 3725 suos
2875 3671 3121 3740 judicare
3137 3671 3434 3726 monachos
3460 3684 3566 3724 non
3581 3669 3756 3724 solum

2176 3758 2332 3813 virile
2354 3761 2867 3828 monasterium,sed
2890 3763 3054 3816 etiam
3074 3763 3335 3818 muliebre
3364 3761 3757 3817 monasterium

2176 3850 2277 3904 sibi
2307 3851 2629 3922 subjectum.
2663 3851 2719 3907 Si
2773 3852 2894 3922 quis
2938 3862 3142 3920 autem,
3173 3855 3314 3922 quod
3345 3868 3452 3907 non
3481 3862 3754 3922 optamus,

2173 3942 2386 3997 nefario
2442 3959 2574 3999 ausu
2621 3946 3027 4016 praesumpserit
3077 3946 3194 4001 haec
3239 3961 3360 4015 qua:
3405 3961 3434 3999 a
3488 3945 3652 4000 nobis
3691 3945 3756 3999 ad

2175 4031 2389 4088 laudem
2423 4035 2518 4089 Dei
2550 4050 2648 4105 pro
2696 4035 2996 4092 stabilitate
3037 4051 3162 4091 ven.
3196 4035 3513 4090 monasterii
3554 4043 3755 4090 statuta

2172 4135 2299 4182 sunt
2324 4129 2620 4198 reiragare,
2644 4137 2738 4183 aut
2783 4128 2836 4182 in
2878 4143 3152 4199 quoquam
3191 4127 3425 4182 transire
3463 4126 3752 4188 discilium,

2173 4208 2545 4274 anathematis‘
2563 4219 2778 4275 vinculo
2834 4220 3146 4282 innodatus,
3177 4227 3234 4272 et
3264 4233 3386 4273 cum
3432 4215 3672 4279 diabolo,
3700 4224 3754 4271 et

2171 4305 2290 4374 ejus
2318 4308 2679 4363 atrocissimis
2719 4309 2952 4378 pompis,
2979 4316 3143 4376 atque
3173 4322 3295 4361 cum
3322 4304 3461 4360 Juda
3495 4305 3755 4359 traditore

2171 4399 2385 4454 Domini
2438 4401 2609 4456 nostri
2656 4398 2784 4454 Jesu
2833 4399 3036 4455 Christi
3081 4408 3289 4454 aeterno
3319 4397 3578 4452 incendio
3625 4412 3756 4450 con-

483 4505 705 4557 vocare,
756 4493 862 4548 nisi
910 4511 1009 4550 sua
1057 4497 1216 4553 fuerit
1244 4499 1517 4566 voluntas,
1564 4509 1658 4554 aut
1688 4502 1957 4569 abbatem,
1981 4505 2067 4559 vel

2181 4490 2498 4545 cremandus
2529 4490 2832 4560 deputetur.
2885 4490 2954 4545 At
2995 4504 3120 4544 vero
3163 4489 3255 4558 qui
3302 4489 3392 4557 pio
3428 4488 3630 4541 intuitu
3655 4487 3754 4540 nb-

479 4584 811 4638 monachum
837 4585 985 4640 nullo
1005 4589 1163 4643 modo
1181 4588 1449 4656 judicare,
1467 4589 1548 4645 vel
1571 4593 2064 4648 excommunieare.

479 4673 744 4728 Volumus
765 4675 927 4730 etiam
953 4685 1008 4731 et
1050 4678 1347 4747 apostolica
1376 4679 1704 4751 injungimus
1747 4683 2070 4738 auctoritate

477 4767 634 4822 vobis
660 4767 964 4838 vestrisque
990 4772 1394 4826 successoribus
1425 4773 1729 4838 abbatibus,
1751 4774 1842 4842 qui
1869 4774 2066 4830 ibidem

479 4857 535 4911 in
587 4866 831 4928 tempore
889 4861 1292 4930 praeordinatus
1348 4863 1513 4917 fuerit
1569 4863 1636 4917 de
1703 4864 2068 4934 qualicunque

385 4944 390 4950 ’
478 4948 730 5004 Ecclesia
771 4951 1049 5018 sacerdos,
1092 4953 1178 5008 vel
1208 4952 1392 5008 clerici
1417 4955 1668 5009 venerint
1713 4955 1781 5009 ad
1814 4955 2067 5009 habitan-

477 5039 627 5084 Ilnm-
667 5051 757 5084 2m!
805 5043 857 5084 in
895 5047 1311 5084 nnnvprcotinna
1338 5046 1566 5084 fratr-nm
1642 5047 1756 5084 civa
1787 5048 2067 5084 mnnonlvi-

2169 4589 2549 4644 servaturum,
2598 4590 2654 4635 et
2709 4581 2762 4635 in
2813 4581 3066 4635 omnibus
3116 4580 3387 4635 exstiterit
3439 4577 3754 4633 custodiens

2172 4669 2336 4739 hujus
2388 4671 2561 4724 nostri
2592 4669 2875 4740 apostolici
2909 4670 3261 4724 constitutum
3313 4667 3381 4722 ad
3408 4667 3617 4722 cultura
3659 4666 3752 4720 Dei

2171 4762 2628 4830 respicientibus,
2695 4762 3090 4818 benedictionis
3149 4761 3425 4832 gratiam,
3472 4761 3754 4827 vitamque

2168 4860 2429 4906 mteruam
2471 4869 2504 4906 a
2550 4852 3060 4907 tuisericordissimo
3111 4852 3341 4907 Domino
3391 4851 3505 4906 Deo
3563 4859 3752 4905 nostro

2171 4941 2547 5012 multipliciter
2577 4951 2966 5012 consequatur,
2997 4951 3052 4997 et
3074 4942 3198 4998 vita:
3230 4951 3452 4999 (eterna:
3475 4942 3750 5014 particeps

2165 5030 2300 5084 elIiei
2325 5042 2617 5084 mereatur.
