3984 5316
197 320 339 379 ιδειδ

919 439 1057 502 XIV.

197 548 375 620 Sergii
407 547 434 603 I
453 548 489 603 γ
516 567 667 623 papa:
698 554 1052 640 privilegium.
1072 574 1168 629 pro
1201 563 1515 619 nimuerio
1555 563 1772 620 Bellilot

912 644 1073 683 τωρωι

789 716 968 786 (Auno
1002 719 1184 790 1012.)

443 801 646 880 [Gallia
675 805 998 877 Christiana,
1028 822 1133 865 vet.
1165 812 1277 879 ed.,
1310 812 1350 882 l,
1385 813 1535 887 756.]

266 918 325 974 in
358 921 577 975 nomine
611 920 824 975 Domini
870 922 1167 980 Salvatoris
1199 926 1369 981 nostri
1400 925 1527 982 Jesu
1555 926 1780 997 Christi,

192 1027 359 1065 auaro.
398 1052 418 1069 ι
446 1051 461 1065 .
495 1050 510 1066 .
537 1049 554 1067 .
596 1014 830 1082 propitio
857 1015 1206 1083 pontiﬁcatus
1230 1019 1412 1073 domui
1448 1022 1619 1075 nostri
1650 1021 1781 1077 Ser-

190 1104 261 1171 gii
295 1105 492 1158 summi
521 1105 792 1174 pontiticis
822 1106 1090 1161 universis
1117 1109 1296 1176 quarti
1320 1124 1488 1179 papte,
1522 1111 1574 1165 in
1598 1128 1782 1167 sacra-

192 1198 406 1251 tissima
446 1198 573 1251 sede
596 1198 736 1252 beati
765 1196 911 1252 Petri
942 1199 1187 1269 apostoli,
1220 1202 1399 1267 tertio,
1429 1202 1722 1260 indictione
1747 1220 1781 1258 ι

193 1301 383 1340 mense
412 1286 614 1356 Aprilis
642 1288 730 1342 die
757 1303 873 1341 xw.

261 1376 401 1443 Quia
442 1392 595 1431 mens
635 1378 881 1431 humana
903 1394 1123 1449 semper
1146 1380 1198 1435 in
1232 1381 1563 1450 cogitatione
1604 1384 1781 1454 posita

187 1484 311 1523 esse
341 1471 696 1539 dignoscitur,
726 1480 782 1525 et
816 1472 983 1526 animi
1016 1473 1437 1545 uniuscujusque
1467 1492 1564 1545 pro
1597 1478 1779 1533 diver-

185 1562 261 1615 sis
291 1563 471 1615 causis
500 1570 555 1615 et
571 1562 1045 1627 sollicitudinibus,
1070 1564 1173 1619 huc
1197 1566 1319 1621 illuc
1348 1569 1776 1637 divagaudodis-

186 1652 385 1716 currit,
434 1667 535 1707 nec
579 1654 721 1707 valet
752 1654 934 1706 omnia
977 1654 1196 1724 explere
1230 1672 1501 1724 sermone,
1563 1677 1662 1715 nec
1697 1661 1783 1715 fu-

188 1755 310 1797 tura
367 1754 551 1800 tenere
594 1747 864 1801 memoria
901 1763 1020 1816 quae
1064 1749 1302 1815 geritur;
1348 1751 1553 1806 idcirco
1591 1764 1776 1809 notum

1402 330 1763 395 EPISTOLE
1798 339 1893 396 ET
1927 338 2347 400 DlPl.0.\l.\TA.

1812 467 2035 517 Amam
2068 469 2394 529 potestatem
2435 466 2489 516 et
2526 459 2765 533 regimen
2796 459 2956 519 totius
2986 466 3341 527 sanctissimae
3374 474 3473 529 Ec-

3334 351 3470 408 1526
3502 396 3505 399 -

1886 550 2084 616 clesiae,
2140 554 2231 623 qui
2287 552 2412 609 huic
2464 555 2877 625 archiepiscopo
2922 568 3162 615 vestram
3211 566 3474 619 sanctita-

1886 652 2016 695 tem.
2049 681 2063 695 .
2106 683 2120 699 .
2166 688 2178 701 .
2212 632 2497 701 Lamentat
2530 686 2545 711 ,
2600 654 2657 701 et
2713 649 3024 718 interpeilat
3074 651 3369 709 Ecclesium
3418 668 3470 712 et

1886 734 2057 806 legem
2089 746 2144 791 et
2167 739 2431 805 Justitiam
2465 735 2724 805 postulat,
2761 739 3166 810 venerabilique
3203 754 3474 800 ninnaste-

1886 830 1968 882 rio
1998 830 2160 885 Fulco
2188 830 2324 885 intra
2350 845 2502 885 suam
2526 830 2829 899 construxit
2856 831 3185 901 parochiam,
3233 843 3283 889 et
3320 837 3471 892 vobis

1884 922 2101 977 obtulit.
2134 924 2191 977 Si
2224 923 2376 978 vobis
2425 923 2603 993 placet
2646 923 2759 992 ipse
2804 924 3245 995 archiepiscopus
3281 944 3468 983 consc-

1886 1029 2040 1067 crare
2066 1014 2220 1078 velit,
2274 1030 2337 1069 ac
2384 1015 2693 1070 nullatenus
2743 1017 3039 1071 secundum
3080 1026 3278 1072 statuta
3310 1036 3470 1074 cano-

1884 1119 2012 1158 num
2054 1114 2109 1160 et
2137 1102 2455 1159 Justinianae
2500 1105 2657 1175 legis,
2701 1106 3164 1160 consecrationem
3200 1108 3265 1160 ad
3299 1109 3466 1163 domi-

1882 1194 2031 1247 nium
2079 1195 2468 1264 archiepiscopi
2514 1196 2712 1250 auferri
2763 1200 2954 1266 potuit.
2991 1218 3010 1252 ι
3073 1200 3226 1256 Tunc
3268 1202 3465 1258 Petrus

1884 1285 1977 1339 Dei
2008 1295 2139 1339 nutu
2166 1302 2305 1340 unus
2337 1302 2401 1341 ex
2448 1288 2650 1342 nostris
2686 1289 2871 1342 datum
2912 1289 3083 1359 judici
3126 1308 3225 1361 pro
3258 1310 3379 1357 nos,
3417 1308 3471 1348 et

1886 1375 1950 1428 ad
1981 1384 2165 1429 nostra
2205 1374 2378 1428 vicem
2421 1375 2625 1428 habere
2673 1378 2990 1446 respondit:
3030 1398 3047 1431 ι
3078 1380 3240 1436 Certe
3284 1399 3469 1437 mona-

1884 1465 2113 1519 sterium
2164 1465 2335 1533 ipsum
2394 1480 2514 1533 qua:
2562 1465 2728 1520 Fulco
2774 1469 3059 1523 aediﬁcavit
3103 1487 3199 1525 sua
3251 1474 3468 1543 propria

1887 1555 2174 1609 luereditas
2216 1554 2339 1620 fuit,
2380 1567 2435 1610 et
2484 1557 2625 1610 beati
2677 1558 2902 1627 apostoli
2951 1560 3094 1615 Petri
3148 1562 3463 1627 Ecclesiam,

1884 1656 1935 1699 ct
1964 1646 2129 1699 nostri
2161 1646 2361 1700 seniori
2407 1648 2691 1716 potestatis
2716 1657 2768 1702 et
2791 1649 3040 1717 dominii,
3075 1655 3464 1709 monasterium

1884 1746 1939 1791 et
1990 1738 2455 1793 consecrationem
2505 1741 2930 1810 perpetualiter,
2988 1759 3087 1813 pro
3139 1762 3234 1801 sua
3275 1747 3470 1801 obtulit

184 1838 629 1906 prudentissimis
669 1841 800 1896 viris
843 1842 1112 1912 ingenuis,
1152 1844 1461 1901 litterarum
1502 1862 1773 1919 repertum
1807 1816 2062 1885 Banima
2118 1832 2353 1901 qua'ile"
2408 1832 2640 1901 Perdere
2708 1851 2736 1889 ³
2790 1851 2889 1890 δυο
2950 1837 3190 1892 dominio
3252 1839 3466 1904 debea‘v

180 1941 290 1995 est,
335 1940 400 1985 nt
448 1947 566 2001 qua:
604 1943 786 1988 mente
826 1934 1179 2003 inquirimus,
1222 1936 1421 1993 litteris
1464 1956 1771 1997 exat-emus.

189 2020 255 2073 Et
279 2020 431 2087 ideo,
466 2035 566 2091 ego
593 2020 817 2091 Sergius
856 2025 1040 2079 divina
1087 2030 1260 2097 gratia
1306 2043 1532 2100 quartus
1576 2047 1775 2091 sanctre

191 2112 455 2165 Romanae
503 2112 757 2168 Ecclesize
800 2116 1063 2185 pontifex,
1121 2134 1311 2175 servus
1339 2138 1619 2177 servorum
1650 2126 1771 2191 Dei,

186 2206 456 2261 attriversa:
479 2206 733 2261 Ecclesia:
755 2210 952 2279 p0pulo
981 2224 1165 2266 notum
1196 2230 1316 2270 esse
1341 2218 1608 2283 velumus,
1638 2236 1775 2289 prae-

185 2300 341 2365 c'pue
363 2314 817 2370 successoresque
840 2304 1031 2367 nostri,
1047 2314 1100 2357 et
1120 2306 1583 2364 cobabitatnribus
1604 2314 1773 2369 sacris

189 2388 579 2443 Lateraneusis
620 2391 829 2459 palatii,
871 2394 1109 2461 qualiter
1138 2396 1203 2449 ad
1237 2408 1475 2452 nostram
1518 2402 1774 2469 apostoli-

186 2494 303 2531 cam
333 2479 517 2533 sedem
550 2480 891 2536 lamentando
928 2485 1077 2538 venit
1102 2487 1387 2555 quemdam
1422 2490 1574 2559 "tth
1605 2508 1769 2548 vene-

190 2569 342 2621 l‘ubili
376 2570 790 2641 archiepiscopo
815 2584 1018 2627 sancta:
1051 2575 1382 2632 Turonensis
1407 2580 1685 2647 Ecclesiae,
1718 2594 1774 2639 et

191 2658 256 2712 de
296 2662 687 2715 monasterium
733 2678 894 2731 quem
942 2663 1110 2719 Fulco
1138 2681 1167 2718 a
1199 2669 1413 2724 noviter
1443 2674 1770 2740 construxit,

185 2761 243 2803 et
291 2767 386 2821 pro
444 2753 637 2807 anitme
679 2769 791 2809 suae
842 2757 1139 2811 remedium
1189 2759 1329 2815 beati
1376 2762 1517 2819 Petri
1543 2768 1773 2836 apostoli

185 2855 252 2893 ac
293 2842 455 2896 nobis
504 2842 731 2908 obtulit,
790 2844 1149 2914 proclamavit
1194 2859 1251 2904 et
1296 2855 1573 2919 querelam
1618 2872 1771 2912 suam

186 2931 327 2985 circa
361 2949 486 2997 nos,
518 2933 588 2986 ita
635 2935 923 3003 disponere
966 2937 1133 3004 erepit
1174 2938 1360 2995 dicens
1389 2956 1402 2995 :
1437 2960 1454 2992 ι
1481 2944 1525 2997 0
1550 2944 1773 3000 Domine

183 3037 339 3090 papa,
358 3039 467 3078 cur
479 3026 890 3081 consecratione
913 3030 1227 3083 monasterii
1253 3046 1412 3100 quem
1437 3034 1599 3091 Falco
1621 3039 1773 3095 vobis

178 3111 389 3177 obtulit,
458 3114 599 3182 quod
655 3114 793 3169 infra
846 3118 1022 3172 nostri
1072 3120 1573 3194 archiepiscopatus
1606 3144 1767 3197 paro-

183 3205 357 3259 chiam
410 3206 698 3263 fundatum
766 3223 888 3266 esse
948 3213 1285 3283 dignoscitur
1343 3218 1502 3273 nobis
1561 3222 1766 3279 auferri

186 3298 416 3352 vultis?»
453 3298 589 3354 Cum
628 3315 731 3370 ego
768 3302 835 3356 ab
864 3304 1054 3358 eodem
1087 3303 1311 3375 Hugone
1358 3310 1769 3383 archiepiscopo

187 3387 309 3442 talia
366 3390 685 3458 audissent,
749 3392 935 3446 statim
998 3393 1068 3447 ad
1120 3404 1361 3451 nostram
1416 3403 1765 3469 praesentiam

184 3496 464 3537 arcessere
508 3480 737 3537 fecimus
769 3522 785 3548 ,
848 3483 1118 3554 episcopis
1170 3488 1381 3544 cardiu.
1439 3494 1768 3564 presbyteris

183 3574 526 3641 diaconibus,
575 3576 1019 3642 subdiaconibus,
1067 3589 1123 3634 et
1163 3597 1273 3637 non
1304 3585 1493 3654 paucis
1525 3587 1590 3640 de
1618 3587 1766 3643 clero

178 3663 451 3733 iudicibus
494 3682 707 3738 quoque
755 3667 1053 3735 Romuleis,
1098 3673 1389 3743 multisque
1434 3677 1597 3731 etiam
1634 3679 1767 3732 viris

180 3760 472 3823 nobilibus,
506 3761 577 3815 ibi
614 3775 798 3815 coram
829 3760 1234 3832 assistentibus,
1267 3781 1498 3834 quorum
1547 3768 1765 3821 nomina

181 3848 293 3903 suis
338 3850 586 3905 manibus
632 3852 861 3907 inferius
910 3855 1147 3922 ascripta
1203 3864 1480 3920 tenentur,
1522 3865 1577 3910 et
1621 3871 1766 3912 nunc

180 3942 420 3997 seriatim
475 3943 729 4000 intimare
775 3948 1076 4014 studemus,
1129 3948 1381 4003 videlicet
1430 3966 1443 4001 :
1498 3949 1763 4019 archiepi-

180 4048 341 4103 scopo
376 4034 729 4107 Lugdunensi
769 4039 1042 4105 Ecclesiae,
1076 4040 1272 4095 Petrus
1309 4042 1597 4111 cpiscopus
1628 4041 1768 4097 Prte-

178 4126 443 4193 nestinae,
476 4128 801 4185 Benedictus
843 4132 1081 4202 episcop.
1143 4132 1481 4199 Portuensis,
1527 4133 1767 4191 Joannes

177 4218 267 4284 qui
297 4228 353 4273 et
380 4222 599 4277 nomine
645 4233 867 4279 vocatur
904 4225 1303 4280 Laviczcnensis
1346 4227 1605 4283 Ecclesia:
1640 4228 1761 4297 epi-

180 4323 360 4379 scop.,
411 4312 708 4383 Gregorius
745 4316 984 4386 episcop.
1034 4316 1209 4387 Sylva:
1240 4318 1516 4383 candidae,
1570 4318 1764 4375 Petrus

177 4399 412 4470 t'piscop.
463 4402 812 4473 Vipernensis
868 4406 1165 4463 Ecclesiae.
1221 4408 1414 4463 Amico
1463 4410 1758 4479 presbyter

1878 1922 2147 1977 ostendite
2168 1923 2190 1976 ?
2215 1932 2269 1977 et
2296 1925 2452 1979 nobis
2488 1926 2841 1981 innotescite?
2877 1925 3051 1982 Unum
3080 1928 3194 1984 scio
3230 1937 3465 1996 tantum,

1878 2014 2006 2082 quia
2072 2014 2229 2084 cujus
2268 2023 2352 2070 est
2403 2016 2713 2083 haereditas,
2764 2019 2933 2089 ipsius
2958 2029 3013 2076 et
3048 2023 3408 2077 consecratio.
3436 2042 3455 2075 ι

1874 2105 2042 2176 Igitur
2060 2106 2211 2176 llugo
2232 2108 2670 2178 archiepiscOpus
2689 2124 2918 2165 cernens
2942 2127 2999 2167 se
3020 2112 3225 2167 nullum
3248 2130 3458 2179 verum,

1875 2208 1968 2252 aut
2018 2210 2228 2254 rectum
2281 2202 2505 2267 habere,
2551 2209 2607 2256 et
2650 2202 2882 2271 qualiter
2921 2219 3020 2259 nos
3070 2220 3192 2261 eum
3231 2207 3462 2276 perdere

1875 2290 2217 2356 deberemus,
2251 2292 2475 2347 minime
2511 2307 2669 2362 posse
2714 2293 3029 2361 ostendere,
3059 2311 3189 2352 mox
3223 2296 3463 2367 profiteri

1875 2389 1930 2433 et
1980 2380 2162 2435 dicere
2209 2382 2374 2450 erepit
2424 2396 2483 2435 se
2536 2396 2814 2450 peccasse,
2870 2398 3119 2452 errasse,
3175 2394 3230 2440 et
3280 2402 3464 2441 coram

1874 2473 2303 2541 oumipotcntem
2330 2473 2616 2527 Dominum
2642 2481 2696 2528 et
2724 2483 2965 2529 nostram
2991 2487 3235 2532 sanctam
3263 2479 3463 2535 Roma-

1875 2579 2002 2617 nam
2037 2564 2356 2630 Ecclesiam,
2387 2566 2551 2620 nimis
2581 2564 2879 2635 deliquisse
2904 2582 2973 2622 eo
3002 2571 3143 2637 quod
3176 2569 3375 2639 injuste
3405 2583 3463 2627 et

1874 2655 2081 2724 absque
2113 2655 2294 2725 aliqua
2331 2655 2539 2709 ratione
2588 2656 2744 2710 nobis
2789 2656 2986 2713 exinde
3029 2658 3291 2727 litigasse.
3335 2660 3463 2716 inde

1874 2764 2004 2802 vero
2058 2764 2123 2803 ex
2166 2766 2327 2803 manu
2386 2748 2635 2820 Gregorii
2685 2750 2935 2820 episcopi
2992 2752 3151 2807 Silvae
3208 2752 3465 2813 Candida:

1875 2841 2081 2911 recepit
2128 2842 2358 2913 virgula,
2412 2853 2468 2898 et
2516 2859 2613 2913 per
2664 2847 2911 2902 eamdem
2974 2846 3244 2916 virgulam
3301 2860 3463 2916 quam

1876 2950 2039 2988 manu
2095 2937 2338 3002 tenebat,
2391 2950 2627 2991 consona
2676 2953 2830 3004 voce,
2875 2939 3066 2993 devota
3106 2947 3305 3000 ruente,
3339 2954 3463 2993 cer-

1875 3027 2130 3081 nentibus
2174 3028 2387 3081 cunctis
2422 3028 2513 3096 qui
2561 3029 2807 3094 aderant,
2846 3031 3021 3099 ipsum
3066 3029 3457 3084 monasterium

1877 3133 2002 3172 cum
2050 3119 2484 3184 consecratione,
2523 3128 2578 3175 et
2620 3121 2873 3176 omnibus
2899 3122 3003 3176 sibi
3038 3121 3462 3191 pertinentibus,

1875 3209 2035 3263 sicuti
2086 3209 2254 3265 Fulco
2296 3210 2357 3264 B.
2399 3210 2544 3265 Petri
2588 3214 2816 3282 apostoli
2843 3222 2897 3268 et
2927 3214 3104 3281 nobis,
3151 3222 3460 3282 nostrzeque

1874 3301 2182 3371 apostolicae
2233 3302 2377 3359 sedis
2425 3320 2522 3374 pro
2565 3320 2662 3360 sua
2702 3305 2898 3361 obtulit
2925 3308 3138 3373 anima,
3190 3307 3349 3363 nobis
3380 3308 3458 3361 ita

1874 3392 2152 3458 refutavit,
2204 3402 2367 3463 atque
2412 3395 2465 3449 in
2509 3409 2828 3467 perpetuum
2872 3399 3127 3454 traditum
3155 3414 3276 3455 esse
3308 3397 3457 3453 allir-

1871 3486 2071 3552 mavit;
2123 3486 2209 3541 bis
2240 3488 2312 3541 ita
2348 3487 2576 3558 expletis
2614 3490 2830 3559 publice
2870 3493 3176 3559 constituit,
3212 3502 3377 3563 atque
3407 3495 3460 3548 in

1872 3584 2193 3645 perpetuum
2253 3578 2628 3647 permanendo
2683 3580 2914 3637 ﬁrmiter
2972 3583 3236 3639 stabilivit
3266 3624 3280 3637 .
3310 3621 3325 3638 .
3358 3623 3371 3637 .
3406 3586 3461 3639 in

1873 3675 2115 3737 tempore
2160 3670 2355 3723 amodo
2403 3669 2455 3723 in
2508 3680 2667 3725 antea
2709 3674 2767 3725 in
2811 3673 3180 3744 qualicunque
3227 3690 3462 3744 persona

1871 3757 2175 3823 hominum,
2204 3766 2315 3813 tam
2348 3761 2723 3827 sacerdotalis,
2758 3779 2920 3834 quam
2957 3764 3184 3830 laicalis,
3217 3766 3461 3835 qualibet

1868 3851 2159 3921 scriptura,
2197 3852 2284 3906 vel
2330 3853 2629 3923 privilegia,
2670 3870 2736 3909 ex
2782 3856 3041 3925 praedicto
3089 3859 3448 3925 monasterio,

1870 3954 1926 3999 et
1956 3960 2052 4000 sua
2080 3946 2441 4011 consecratio,
2476 3947 2559 4001 vel
2589 3947 2917 4016 pertinentia
2949 3965 2977 4004 a
3011 3965 3119 4015 me,
3157 3950 3295 4005 vela
3324 3952 3462 4006 meis

1869 4041 2279 4096 successoribus
2310 4040 2452 4095 facta
2489 4044 2824 4111 apparuerit,
2868 4044 3046 4099 sciant
3082 4060 3291 4112 omnes,
3330 4046 3457 4115 quia

1867 4134 2063 4202 partim
2089 4142 2145 4187 et
2170 4143 2462 4188 metuesse
2483 4133 2644 4188 facta.
2676 4135 2743 4189 Et
2766 4135 2833 4201 si,
2860 4137 3004 4205 quod
3043 4136 3216 4192 absit!
3250 4138 3445 4207 ipsam,

1867 4230 1929 4277 ut
1959 4222 2089 4287 dixi,
2121 4224 2449 4291 scripturam
2479 4238 2509 4277 a
2540 4224 2697 4279 nobis
2736 4224 2933 4280 factam
2961 4227 3292 4296 apparuerit,
3324 4228 3447 4282 irri-

1868 4324 1978 4370 tant
2015 4328 2151 4370 esse
2180 4315 2306 4370 volo
2347 4324 2511 4384 atque
2554 4316 2865 4370 damnatam
2893 4335 2908 4372 :
2936 4328 2990 4373 et
3030 4321 3171 4373 hanc
3203 4319 3455 4376 notitiam

1866 4406 2212 4463 refutationis
2248 4408 2431 4463 brevis
2461 4408 2611 4463 omni
2643 4418 2886 4480 tempore
2929 4412 3141 4467 ﬁrmam
3183 4420 3239 4467 et
3279 4412 3453 4467 stabi-

179 4490 465 4547 cardinalis
485 4535 499 4560 ,
549 4494 859 4566 Stephanus
913 4500 1199 4570 presbyter
1261 4501 1414 4555 card.
1438 4541 1454 4565 ,
1523 4512 1762 4560 Joannes
1796 4517 1841 4572 ι)
1867 4500 1971 4555 lem
1996 4500 2231 4571 astipulo
2256 4516 2611 4570 permanere;
2642 4503 2840 4559 dehinc
2872 4516 2999 4560 ante
3022 4520 3186 4560 unum
3210 4514 3457 4561 nostrum

180 4583 456 4654 presbyter
510 4588 797 4643 cardinalis
822 4630 838 4656 ,
886 4591 1233 4648 Crescentins
1263 4595 1548 4663 presbyter
1585 4597 1760 4661 card.,

178 4670 410 4731 Joannes
455 4681 877 4738 archidiaconus
916 4694 1119 4740 sanctte
1162 4686 1420 4742 Romanae
1465 4688 1759 4755 Ecclesiae,

179 4762 327 4816 Abho
353 4766 638 4835 diaconus,
668 4770 908 4828 Joannes
930 4774 1193 4829 diaconus
1221 4777 1311 4844 qui
1338 4779 1759 4847 cognominatur

180 4857 243 4905 tie
293 4857 435 4914 Bono
481 4863 696 4933 epifex.
746 4865 943 4921 Petrus.
985 4866 1244 4922 diaconus
1273 4884 1303 4922 a
1334 4869 1518 4924 Chana
1548 4872 1756 4940 patria;

178 4942 520 5006 Crescentius
564 4955 985 5023 Anpodiaconus
1022 4957 1394 5013 oblacionario
1420 4977 1434 5025 ;
1464 4959 1761 5034 Gregorius

179 5035 525 5099 defensorum
553 5046 923 5114 primicerius.
969 5046 1164 5105 Petrus
1211 5065 1279 5104 ex
1335 5052 1442 5108 alio
1490 5052 1649 5110 Petro
1696 5056 1762 5111 de

1867 4590 2250 4659 coepiscopum
2299 4591 2551 4647 videlicet
2602 4592 2824 4649 Petrum
2873 4594 3229 4663 Vipernensis
3264 4595 3446 4651 Eccle-

1866 4684 1960 4738 siae
2004 4684 2113 4739 illic
2165 4684 2584 4747 transmismms.
2630 4694 2685 4739 et
2734 4694 2920 4741 nostra
2954 4687 3070 4741 vice
3102 4686 3230 4740 illud
3257 4701 3457 4743 mona-

1866 4776 2090 4831 sterium
2118 4776 2427 4831 consecrari
2459 4776 2741 4845 jnssimns,
2778 4787 2970 4832 contra
3007 4776 3151 4847 quod
3186 4776 3455 4833 constitu-

1867 4866 2031 4922 tionis
2080 4876 2284 4922 nostra:
2333 4867 2595 4933 edictum,
2652 4882 2988 4936 qumcunque
3016 4865 3197 4923 moliri
3227 4872 3462 4920 temera-

1865 4957 1945 5012 rie
1976 4959 2414 5027 prtesumnseeit,
2457 4958 2823 5013 anathematis
2856 4955 3243 5014 maledictione
3274 4964 3472 5013 teneaa

1865 5057 1974 5115 tur,
2027 5049 2201 5105 donec
2243 5048 2597 5118 resipiscens,
2649 5056 2705 5103 et
2735 5046 2800 5101 ad
2846 5042 3291 5107 satislaciendum
3322 5059 3470 5111 pra;-
