3984 5316
512 268 644 323 1527

507 476 850 534 scribendam
898 475 1270 546 praecepimus,
1314 490 1378 530 ac
1425 475 1604 547 sigillo
1642 484 1830 533 nostro
1864 476 2090 548 sigillari

502 567 769 641 iussimus
799 568 852 622 in
888 581 1075 622 mense
1120 576 1175 622 et
1228 564 1521 622 indictione
1564 567 1933 640 suprascripta
1984 567 2079 625 de-

507 661 670 716 cima.

586 751 833 822 Signum,
868 766 967 821 ego
988 749 1211 820 Sergius
1242 758 1441 805 sancta!
1488 751 1772 806 catholica:
1794 758 1851 807 et
1885 759 2095 821 apostoo

506 847 626 902 lica:
677 848 933 901 Romana:
983 846 1243 900 Ecclesia:
1292 845 1506 915 pratsul.
1560 847 1750 901 Petrus
1806 846 2092 916 episcopus

508 947 710 994 sancta;
735 937 1086 992 Praenestina:
1108 936 1364 991 Ecclesia:
1394 945 1447 990 ct
1473 936 1925 991 Bibliothecarius
1950 935 2091 991 sacri

505 1028 716 1098 palatii.
743 1025 1066 1083 Benedictus
1102 1029 1388 1096 episcopus
1431 1026 1768 1082 Portuensis.
1800 1027 2094 1095 Gregorius

508 1120 795 1188 cpiscopus
816 1117 978 1173 Silva:
1006 1117 1281 1173 Candidas.
1314 1118 1486 1173 Homo
1503 1121 1788 1189 episcopus
1812 1119 2094 1175 Lavieanre

506 1210 779 1266 Ecclesim.
798 1210 994 1266 Petrus
1020 1213 1308 1282 episcopus
1322 1220 1524 1265 sanctae
1544 1211 1893 1281 Viperneusis
1910 1212 2093 1267 Ecele—

506 1302 621 1357 si;c.
682 1302 876 1358 Petrus
925 1302 1181 1357 defensor
1230 1304 1446 1358 dativus
1497 1303 1687 1373 judex.
1729 1305 1919 1359 Petrus
1956 1305 2095 1359 dati-

504 1392 809 1462 vusjudex.
844 1395 1035 1449 Petrus
1063 1395 1201 1450 alius
1223 1397 1638 1466 dativusjutlex.
1663 1397 1963 1451 ltichardus
2001 1412 2093 1451 no-

503 1484 631 1540 bilis
661 1484 762 1538 vir.
819 1483 1125 1554 Stephanus
1156 1486 1222 1539 de
1248 1485 1542 1541 Bernardo.
1588 1485 1800 1541 Franco
1854 1488 2093 1542 Deodato

506 1575 841 1630 cubiculario
882 1577 1174 1640 dominico,
1216 1576 1451 1632 Berardo
1505 1578 1633 1638 lilio,
1684 1578 1998 1633 Crescentio
2026 1580 2093 1633 ad

502 1676 726 1737 puteum
752 1667 938 1737 proba.
965 1666 1198 1722 Joannes
1229 1668 1647 1723 archidiaconus
1670 1680 1873 1724 sancta:
1901 1669 2089 1725 Eccleo

1400 270 1625 329 sensu
1661 272 1730 329 tv
1772 259 2511 331 estm‘ertsrocm'cr
2548 260 2979 331 DtrLouATA.‘

513 400 631 440 tura
688 373 975 460 memoria
1004 382 1296 453 futuroque
1363 384 1696 451 testimonio,
1744 398 1800 442 et
1845 386 2092 442 chartula
2124 388 2171 447 Α

3649 267 3793 326 ιξεε

2925 379 3056 438 ΧΠ.

2196 501 2414 574 Sergius
2436 501 2466 555 Ι
2478 500 2521 558 γ
2557 499 2832 556 Michaelis
2876 499 3254 574 archiepiscopi
3292 496 3623 554 Salerni'am’
3659 499 3795 565 jura

2631 569 3032 638 metmpolitamr
3054 570 3353 638 conﬁrmat.

2785 668 2966 735 (Anno
3002 661 3185 731 10l2.)

2496 755 2780 829 [UcusLLt,
2810 754 2973 808 Italia
2994 772 3167 819 sacra,
3193 752 3306 818 \‘ll,
3331 754 3488 828 377.]

2273 850 2523 912 SERGIUS,
2560 865 2751 905 servus
2789 864 3069 904 servorum
3101 849 3218 915 Dei,
3250 848 3613 906 dilectissimo
3640 855 3803 912 nobis

2198 940 2352 995 fratri
2404 941 2706 1010 meritoque
2749 939 3047 995 honorabili
3089 940 3356 997 Mtcmu
3381 982 3397 1009 ,
3435 941 3804 1001 Salernitattz

2194 1035 2343 1089 sedis
2370 1034 2798 1103 archiepiscopo.

2271 1127 2405 1194 Quia
2439 1129 2605 1183 vestri
2636 1128 2840 1198 accepti
2893 1128 3140 1184 beneficii
3191 1146 3461 1188 memores
3489 1146 3614 1188 esse
3638 1134 3799 1187 debe-

2198 1234 2340 1280 mus.
2368 1231 2422 1275 et
2456 1222 2816 1275 reverentiam
2848 1220 3207 1277 fraternitatis
3233 1233 3430 1278 vestra:
3466 1240 3603 1294 erga
3631 1236 3803 1281 noset

2196 1323 2440 1369 sanctam
2489 1313 2789 1366 Romanam
2822 1312 3119 1367 Ecclesiam
3151 1316 3434 1384 praecipue-
3462 1319 3803 1370 exuberasse

2198 1403 2574 1473 cognovimus,
2617 1402 2741 1456 ideo
2779 1403 2973 1458 merito
3016 1417 3081 1458 ac
3123 1402 3247 1471 jure
3290 1408 3805 1472 recompensatione

2197 1495 2481 1551 charitatis
2521 1504 2717 1550 vestra:
2767 1497 3062 1564 rependere
3110 1497 3265 1551 vobis
3309 1498 3635 1561 statuimus,
3668 1514 3806 1567 quas

2198 1595 2357 1642 tenus
2406 1587 2611 1655 liqueat.
2662 1588 2915 1643 omnibus
2959 1587 3161 1644 Christi
3204 1588 3472 1655 fidelibus,
3533 1591 3805 1645 immenso

2201 1678 2409 1733 honore
2455 1678 2833 1733 honorandum
2891 1678 3030 1745 fore,
3078 1680 3171 1749 qui
3215 1680 3484 1734 vicarium
3539 1679 3607 1737 B.
3656 1680 3805 1734 Petri

504 1756 600 1812 site
622 1756 882 1811 Romanae
925 1756 1078 1811 Abho
1103 1759 1363 1812 diaconus
1393 1770 1592 1813 sant-tre
1622 1759 1880 1814 Romana:
1905 1761 2095 1817 Ecclc-
2134 1751 2175 1805 Β
2203 1768 2572 1838 apostolorum
2606 1770 2864 1839 principis
2911 1769 3202 1840 diligenter
3241 1771 3633 1836 honoraverit;
3677 1787 3809 1825 eone

505 1848 621 1904 size.
666 1846 902 1903 Joannes
948 1850 1210 1906 diaconus
1265 1850 1481 1907 Sancta:
1513 1851 1771 1911 Romanae
1814 1853 2093 1909 Ecclesite.

503 1936 702 1993 Petrus
733 1938 1014 1994 diaconus.
1055 1940 1402 1995 Crescentius
1450 1940 1834 1996 subdiaconus.
1868 1941 2098 1998 Benedi-

504 2037 625 2085 ctus
640 2029 918 2086 diaconus.
942 2032 1134 2088 Amico
1148 2032 1455 2087 cardinalis.
1481 2031 1809 2101 Stephanus,
1834 2034 2095 2102 Joannes,

504 2120 875 2189 Crescentins,
904 2124 1210 2180 cardinales
1263 2125 1479 2181 Sanctae
1515 2127 1773 2187 Romana:
1806 2126 2095 2193 Ecclesiae;

503 2210 744 2267 Joannes
768 2214 918 2281 prior
947 2214 1441 2281 subdiaconorum;
1490 2216 1777 2272 Ranterins
1816 2219 2099 2273 diaconus.

506 2299 622 2371 Ego
652 2301 976 2359 Benedictus
1004 2306 1291 2359 scriniario
1314 2305 1370 2359 S.
1407 2306 1662 2361 Romana:
1687 2306 1944 2362 ECCIBSiu}
1968 2309 2104 2363 scri-

506 2404 633 2465 ptor
660 2396 822 2467 hujus
850 2398 1056 2452 notitiae
1099 2397 1442 2452 refutationis
1492 2398 1673 2453 brevis
1702 2410 1823 2469 post
1856 2401 2099 2456 omnium

508 2487 946 2559 supradictorum
969 2490 1394 2563 subscriptiones
1416 2488 1609 2555 factas,
1636 2489 1902 2563 complevi
1930 2499 1987 2547 et
2006 2491 2101 2547 ab-

508 2577 670 2634 solvi.

1247 2694 1362 2751 XV.

589 2786 765 2857 Sergit'
788 2787 816 2843 Ι
835 2787 874 2843 γ
894 2805 1044 2860 papa:
1063 2788 1395 2912 privilegium.
1414 2807 1510 2861 pro
1535 2792 1851 2847 monasterio
1871 2792 2033 2848 Balli-

1222 2877 1414 2912 acenst.

1222 2877 1414 2914 0681181.

1116 2951 1295 3023 (Anno
1326 2952 1504 3023 1012.)

582 3042 785 3119 [Gallia
816 3044 1142 3111 Christiana,
1178 3054 1287 3100 vet.
1316 3045 1474 3110 edit.,
1504 3053 1637 3103 tom.
1672 3044 1764 3109 ιν,
1792 3062 1845 3117 p.
1878 3044 2026 3118 150.]

583 3158 817 3215 SERGIUS
844 3159 1151 3229 episcopus,
1174 3174 1365 3213 servos
1391 3174 1671 3213 servorum
1698 3159 1813 3225 Dei,
1847 3159 2101 3215 omnibus

514 3245 772 3304 ﬁdelibus
803 3258 1005 3302 sanctae
1033 3248 1126 3301 Dei
1155 3248 1411 3302 Ecclesiae
1439 3249 1730 3317 episcopis.

583 3336 781 3391 Notqu
804 3352 924 3391 esse
954 3337 1203 3391 volumus
1229 3338 1382 3392 vobis
1402 3338 1527 3405 quia
1554 3339 1772 3407 quidam
1800 3352 1986 3392 comes
2010 3352 2103 3393 no-

512 3430 665 3487 mine
718 3428 885 3489 Fulco
936 3429 1245 3484 construxit
1294 3428 1567 3499 quoddam
1626 3430 2016 3484 monasterium
2048 3430 2101 3484 in

514 3538 616 3579 suo
658 3522 876 3593 proprio
925 3520 1103 3586 alodo,
1153 3520 1293 3590 quod
1345 3532 1399 3574 et
1446 3521 1503 3574 S.
1540 3519 1701 3575 Pner
1731 3522 2103 3590 apostolorum

514 3614 749 3685 principi
780 3614 1020 3673 tradidit.
1054 3628 1120 3667 ac
1156 3622 1356 3667 nostra:
1382 3612 1682 3676 donationi,
1706 3628 2106 3668 successorum-

514 3719 623 3775 qne
648 3716 959 3759 nostrorum
985 3705 1037 3758 in
1071 3700 1475 3773 perpetuojure
1504 3702 1756 3758 submisit
1790 3722 1801 3756 :
1835 3718 1998 3772 quem
2026 3703 2106 3756 lo-

516 3813 754 3866 cumego
778 3813 873 3866 per
897 3797 1273 3865 memetipsum
1300 3811 1520 3849 sacrare
1551 3811 1654 3848 non
1679 3794 1887 3858 valens,
1916 3810 2107 3863 quem-

517 3888 644 3944 dam
668 3900 915 3943 nostrum
959 3886 1359 3957 sull‘raganeum
1412 3888 1725 3956 episcopum
1758 3887 1882 3941 illuc
1907 3888 2103 3955 direxi,

516 3988 582 4035 ut
627 3982 800 4050 ipsum
848 3982 1238 4037 monasterium
1293 3980 1411 4034 vice
1451 3978 1507 4032 S.
1535 3978 1680 4032 Petri
1705 3994 1771 4033 ac
1804 3990 1990 4034 nostra
2016 3995 2107 4034 sa-

517 4081 702 4127 craret
727 4087 793 4126 ac
821 4072 1184 4127 henediceret.
1244 4071 1563 4124 Audivimus
1585 4080 1765 4124 autem
1791 4071 1964 4124 eidem
1990 4070 2110 4126 loco

519 4165 723 4224 multos
754 4167 957 4222 habere
996 4167 1228 4230 invidos,
1253 4176 1582 4236 quapropter
1616 4167 1994 4222 benedictione
2015 4182 2102 4221 ex—

519 4256 686 4328 pleta,
737 4257 780 4311 si
819 4256 983 4312 fuerit
1009 4258 1205 4327 aliquis
1234 4258 1394 4311 homo
1431 4259 1521 4327 qui
1548 4256 1705 4323 hujus
1736 4257 1836 4311 loci
1866 4258 2111 4313 servien-

520 4346 687 4409 tibus.
726 4356 821 4402 aut
842 4349 909 4402 ad
939 4348 1114 4416 ipsum
1159 4348 1332 4403 locum
1361 4348 1732 4410 attinentibns,
1762 4347 1997 4418 aliquam
2022 4363 2113 4403 ca.

2201 1879 2365 1917 sensu
2391 1878 2455 1917 ae
2488 1862 2764 1917 voluntate
2800 1872 3113 1918 nostrorum
3166 1863 3398 1918 fratrum
3449 1865 3810 1921 concedimus

2200 1964 2254 2009 et
2286 1954 2674 2010 conﬁrmamus
2711 1964 2762 2008 te
2807 1954 3126 2011 Michaelem
3168 1955 3505 2011 eonfratrem
3552 1966 3805 2011 nostrum

2203 2043 2257 2098 in
2284 2044 2476 2098 ordine
2506 2044 2746 2113 archiep.
2775 2044 2933 2100 sicuti
2962 2046 3230 2115 quondam
3253 2046 3473 2109 Asnato,
3499 2047 3588 2101 cui
3618 2047 3813 2116 primi-

2202 2146 2291 2192 tus
2342 2149 2537 2192 vestra:
2589 2138 2736 2193 sedis
2805 2139 3301 2209 archiepiscopatus
3359 2137 3726 2193 Salernitana:
3776 2156 3808 2195 ι

2203 2228 2407 2287 nostris
2432 2229 2867 2283 antecessoribus
2895 2230 3053 2285 datus
3091 2230 3210 2296 fuit,
3248 2230 3320 2283 ita
3359 2245 3456 2285 vos
3487 2239 3678 2286 nostra
3704 2246 3806 2285 ao-

2204 2322 2385 2375 ctorit.
2417 2321 2633 2389 quietus
2659 2321 2839 2377 valcas
2869 2322 3148 2391 possidere
3176 2338 3243 2378 ac
3272 2322 3588 2392 vigilantius
3622 2333 3810 2377 custo—

2204 2412 2358 2477 dire;
2412 2412 2503 2466 tali
2550 2427 2786 2482 namque
2828 2413 3050 2477 ordine,
3093 2422 3149 2467 ut
3194 2413 3287 2467 fati
3329 2429 3550 2473 Stnnus,
3597 2413 3652 2466 id
3690 2413 3807 2467 fieri

2205 2507 2548 2562 decrevimus
2572 2515 2632 2562 ut
2655 2517 2708 2560 tu
2741 2514 3149 2561 etsuccessores
3175 2508 3247 2560 toi
3280 2506 3333 2565 in
3355 2515 3677 2575 perpetuum
3708 2506 3809 2559 ha-

2202 2600 2378 2657 beatis
2405 2599 2673 2655 licentiam
2698 2611 2754 2654 et
2784 2607 3105 2669 potestatem
3148 2599 3434 2654 ordinandi
3470 2613 3807 2655 consecran-

2203 2692 2366 2761 dique
2396 2691 2678 2761 episcopos
2708 2690 2762 2745 in
2802 2691 2887 2746 his
2915 2690 3169 2761 subjectis
3197 2690 3350 2744 vobis
3392 2689 3527 2744 locis
3574 2691 3683 2744 hoc
3718 2698 3806 2745 est

2207 2783 2455 2840 Pestame
2511 2799 2633 2840 cum
2688 2784 2964 2855 parocbiis
3021 2792 3075 2837 et
3115 2781 3432 2852 adjacentiis
3470 2796 3642 2841 super
3694 2783 3807 2853 cpi.

2206 2886 2489 2947 scopatum
2540 2876 2847 2932 Cousanum
2892 2890 3013 2930 cum
3057 2876 3332 2946 parochiis
3378 2884 3434 2928 et
3485 2875 3806 2943 adjaccntiis

2206 2972 2339 3033 suis,
2377 2986 2588 3025 necnon
2627 2981 2682 3024 et
2732 2969 3098 3039 episcopatum
3147 2968 3603 3031 Acheruntinnm,
3646 2966 3805 3022 simul

2206 3063 2370 3118 etiam
2410 3071 2476 3116 ‘et
2519 3061 2887 3130 episcopatum
2928 3059 3373 3121 Bisinianeusem,
3438 3067 3496 3112 et
3525 3059 3806 3127 episcopa-

2206 3164 2316 3209 tum
2369 3154 2856 3217 Malottanensem,
2914 3161 3077 3223 atque
3113 3151 3482 3222 episcopatum
3530 3149 3805 3205 Cusentiz

2203 3262 2324 3302 cum
2357 3246 2612 3300 omnibus
2640 3244 2913 3314 parochiis
2954 3252 3009 3298 et
3039 3241 3412 3310 adiacentibus
3448 3256 3666 3305 eorum,
3700 3244 3807 3297 sic-

2203 3340 2281 3394 uti
2328 3340 2380 3394 in
2423 3348 2607 3393 vestro
2651 3336 2909 3392 anteriori
2956 3351 3051 3391 usu
3096 3335 3240 3406 pallii
3285 3334 3621 3397 continttur,
3661 3344 3715 3387 ut
3746 3334 3801 3387 in

2208 3429 2440 3485 ecclesia
2472 3437 2672 3484 sanrtte
2708 3427 2798 3482 Dei
2837 3425 3131 3482 Genitrieis
3167 3424 3347 3479 Maria:
3396 3435 3452 3479 et
3495 3425 3637 3481 beati
3672 3424 3803 3477 Mat-

2208 3520 2322 3575 thei
2380 3518 2609 3580 apostoli
2658 3526 2715 3572 et
2752 3517 3097 3584 evangelista:
3172 3515 3326 3583 cujus
3375 3515 3801 3571 sacratissimum

2206 3628 2403 3681 corpus
2434 3612 2723 3673 possidetis
2751 3620 2915 3679 atque
2944 3612 3096 3666 vobis
3137 3611 3442 3679 vestrisque
3471 3609 3801 3664 successori-

2206 3704 2308 3759 bus
2335 3719 2653 3758 coucessum
2684 3712 2788 3758 est.
2835 3704 2965 3758 Post
3009 3703 3306 3759 discessum
3345 3702 3612 3771 siquidem
3652 3711 3797 3755 tuum

2208 3811 2550 3852 successores
2593 3797 2667 3851 tui
2715 3796 3031 3866 perveniant
3082 3797 3151 3850 ad
3201 3794 3552 3864 apostolicam
3597 3794 3797 3856 sedem,

2209 3898 2270 3944 ιιι
2295 3904 2448 3944 osum
2481 3889 2627 3958 pallii
2654 3888 3229 3957 consecrationemqne
3257 3887 3607 3941 decretaliter
3634 3886 3797 3939 susci-

2211 3981 2392 4051 piant;
2426 3989 2481 4035 et
2505 3982 2548 4036 si
2578 3996 2923 4036 successores
2948 3980 3119 4035 nostri
3153 3994 3483 4034 consecrare
3511 3977 3795 4042 noluerint,

2212 4073 2428 4130 licentia
2461 4074 2530 4128 sit
2561 4083 2756 4128 vestrae
2782 4084 2986 4128 saneta:
3015 4072 3270 4127 Ecclesia:
3317 4074 3386 4125 ab
3422 4071 3695 4140 episcopis
3716 4083 3799 4123 ve-

2212 4167 2345 4221 stris
2391 4165 2747 4236 suﬂ’raganeis
2789 4165 3125 4228 consecrari,
3152 4174 3206 4219 et
3244 4179 3352 4219 non
3386 4164 3623 4217 habeant
3658 4172 3800 4231 pote.

2213 4264 2407 4309 statam
2451 4270 2800 4310 successores
2827 4256 2996 4310 nostri
3036 4255 3090 4313 in
3120 4254 3330 4308 cunctis
3363 4254 3563 4308 vestris
3600 4255 3799 4322 episco-

2213 4348 2449 4417 palibus,
2492 4363 2628 4417 quos
2662 4347 2816 4402 vobis
2855 4348 3194 4415 subjecerunt
3227 4349 3484 4416 deinceps
3526 4350 3580 4404 in
3627 4361 3804 4417 perpe-

519 4439 781 4495 lumniam
812 4451 905 4496 aut
936 4443 1239 4497 molestiam
1271 4443 1476 4498 inferre
1499 4442 1750 4506 voluerit,
1792 4451 1885 4495 aut
1909 4442 2107 4513 aliquis
2139 4454 2187 4512 ι)
2216 4448 2365 4494 tuum
2422 4440 2655 4509 aliquem
2703 4440 3019 4509 episcopum
3081 4453 3405 4494 consecrare
3429 4479 3445 4504 ,
3506 4441 3654 4509 quod
3698 4436 3800 4506 iam

520 4544 816 4600 episcopus
844 4540 939 4585 aut
988 4532 1451 4601 archiepiscopus,
1486 4532 1576 4601 qui
1606 4546 1702 4586 eos
1729 4532 2107 4586 excommuni-

517 4639 648 4679 eare
676 4624 760 4678 vel
792 4624 1117 4678 maledicere
1146 4626 1398 4683 voluerit,
1430 4624 1527 4693 ipsi
1551 4624 1660 4678 sint
1683 4639 1748 4678 ex
1779 4623 2110 4678 auctoritate

517 4711 793 4781 Patris,et
821 4715 970 4776 Filii,
996 4724 1051 4769 et
1077 4714 1311 4785 Spiritus
1337 4717 1531 4778 sancti,
1560 4724 1616 4769 et
1639 4714 1697 4769 S.
1726 4714 1872 4769 Petri
1899 4725 2112 4783 aposto-

521 4803 700 4860 lorum
754 4808 1019 4877 principis
1057 4808 1143 4863 cui
1193 4823 1224 4862 a
1274 4808 1495 4863 Christo
1540 4807 1735 4863 collata
1760 4816 1842 4862 est
1868 4818 2110 4877 potestas

520 4895 724 4965 ligandi
781 4908 944 4969 atque
987 4901 1253 4963 solvendi,
1312 4900 1666 4969 omniumque
1700 4910 2034 4966 sanctorum,
2056 4910 2111 4956 et

519 5000 592 5042 ex
616 4998 801 5043 nostra
823 4991 1171 5053 auctoritate,
1189 4990 1928 5059 omniumqueepiscoporum
1946 5001 2113 5060 atque

524 5078 1058 5149 archiepiscoporum
1087 5090 1289 5136 sancta:
1312 5080 1567 5135 Romana:
1594 5080 1869 5141 Ecclesiae,
1898 5095 2111 5134 excarn-

529 5168 795 5223 municati
838 5176 1002 5238 atque
1026 5171 1497 5233 anathvmatrzau,
1524 5186 1639 5226 sive
1673 5170 1972 5235 maledicti,
2000 5180 2104 5226 etc.

523 5255 706 5313 Locus
734 5273 866 5313 vero
900 5259 992 5314 iiie
1041 5268 1095 5314 et
1129 5275 1318 5316 mones
1348 5262 1505 5316 huius
1529 5262 1631 5316 ioci
1656 5262 1976 5316 servientes.
2010 5277 2112 5316 nec

2212 4536 2366 4589 vobis
2387 4548 2706 4590 concessum
2732 4542 2836 4589 est.
2862 4533 3181 4601 Quicunque
3215 4540 3397 4586 autem
3442 4531 3588 4586 hanc
3617 4539 3802 4585 nostra:

2209 4625 2625 4681 concessionem
2678 4625 3053 4695 pra-ceptionis
3104 4624 3307 4679 violare
3361 4624 3801 4694 prtesutupserit,

2211 4728 2474 4789 perpetuo
2534 4717 2897 4771 anathematis
2955 4715 3169 4771 vinculo
3216 4715 3524 4785 religetur,
3584 4726 3641 4770 et
3700 4714 3803 4770 haec

2213 4816 2400 4865 nostra
2442 4808 2724 4863 concessio
2754 4806 2967 4862 stabilis
2990 4814 3046 4861 et
3071 4805 3225 4860 ﬁrma
3252 4806 3308 4860 in
3335 4814 3666 4861 oernctuum
3695 4820 3800 4858 ma-

2213 4910 2358 4955 neat.

2284 4992 2557 5059 Scriptum
2592 5004 2690 5060 per
2724 5005 2918 5047 manus
2955 4988 3181 5045 Joannis
3226 4988 3498 5043 scriniarii
3541 4987 3603 5042 S.
3657 4988 3800 5042 Rom.

2213 5085 2467 5139 Ecclesia:
2498 5081 2550 5137 in
2575 5100 2762 5139 mense
2800 5083 2978 5147 Junio,
3030 5084 3140 5137 ind.
3172 5098 3228 5136 ι.
3258 5082 3379 5136 Dat.
3422 5096 3492 5133 xv
3540 5080 3663 5135 Kal.
3692 5080 3802 5134 Julii

2212 5191 2310 5246 per
2369 5191 2588 5231 manum
2635 5176 3156 5247 Gregoriiepiscopi
3196 5184 3249 5229 et
3300 5173 3700 5228 bibliothecarii
3743 5172 3795 5225 S.

2214 5269 2358 5316 sedis
2412 5267 2743 5316 apostolicam-
2798 5283 2962 5316 anno-
3012 5268 3120 5316 Deo
3164 5265 3417 5316 monitio.
3467 5263 3801 5316 υηιιιὶῦοειιιις
