3984 5316
182 367 3426 432 W

1474 479 1645 521 ANNO
1691 480 1924 525 DOMINI
1963 483 2125 528 MXV.

1247 685 2352 831 HENRICUS

919 989 1716 1106 PARMENSIS
1815 974 2712 1113 EPISCOPUS“).

1686 1221 1992 1243 ᾐ-

1447 1356 2217 1470 HENBICI

556 1572 1095 1701 SERMO
1191 1572 1428 1696 ΒΕ·
1489 1568 2316 1701 PASCHATE
2417 1579 3030 1710 DOMINI.
3137 1677 3154 1696 .

1150 1791 1353 1862 (Edidit
1382 1790 1510 1856 ΜΑι,
1545 1789 1738 1860 Script.
1768 1803 1869 1845 vet.
1896 1791 2031 1847 Coll.
2061 1811 2176 1849 nov.
2212 1795 2322 1863 ΥΠ,
2349 1797 2502 1871 271.)

1676 1927 1934 1944 m

242 2064 651 2133 Redemptionis
677 2073 882 2120 nostra;
905 2064 1039 2130 dies,
1071 2064 1400 2127 charissimi,
1428 2073 1581 2118 tanto
1608 2062 1764 2118 nobis
1795 2041 1841 2099 Α
1865 2059 2105 2128 jubetur,
2130 2077 2238 2131 quo
2263 2061 2478 2134 typicus
2502 2063 2590 2118 ille
2615 2065 2841 2136 p0pulus
2868 2066 3094 2123 insuetae
3114 2071 3463 2126 comesttonis

175 2167 256 2211 est
285 2159 605 2228 propensius
638 2159 986 2212 honorandus
1027 2166 1082 2211 et
1118 2158 1316 2212 celebri
1354 2159 1640 2212 devotione
1679 2173 1766 2211 re-

179 2250 471 2312 colendus,
513 2260 718 2322 quanto
773 2251 964 2305 salutis
1021 2261 1220 2304 nostra:
1270 2250 1466 2318 gaudio
1525 2252 1763 2304 dicatum

178 2341 318 2395 illum
345 2345 713 2413 agnoscimus.
750 2343 898 2398 Licet
939 2345 1082 2398 enim
1133 2353 1449 2398 caeterarum
1499 2343 1764 2398 festivita-

184 2442 290 2485 tum
327 2434 446 2487 dies
478 2435 544 2488 ad
573 2445 814 2488 nostrum
858 2434 968 2488 sint
1017 2435 1246 2489 instituti
1279 2435 1527 2504 gaudium
1569 2445 1619 2488 et
1650 2451 1768 2501 pro-

183 2522 400 2580 fectum.
447 2525 534 2580 hic
578 2535 781 2591 tamen,
826 2529 914 2595 qni
973 2529 1390 2582 resurrectionis
1439 2538 1522 2582 est
1570 2538 1767 2582 nostra:

183 2617 516 2685 mysterium.
551 2618 740 2670 salutis
771 2627 822 2670 et
847 2619 1230 2673 exsultationis
1261 2619 1535 2688 privilegio
1561 2619 1766 2672 obtinet

174 2711 532 2781 principatum
564 2729 577 2764 :
609 2712 750 2765 sicut
775 2727 870 2780 per
906 2711 1246 2766 Psaltnistam
1274 2711 1508 2764 dicitur:
1540 2709 1668 2763 llam
1691 2721 1766 2764 est

174 2802 278 2855 dies
303 2818 460 2869 quant
483 2801 600 2864 fecit
623 2801 903 2866 Dominus,
925 2800 1242 2854 exsultemus
1267 2811 1313 2853 et
1340 2800 1576 2854 Iu’temnr
1599 2799 1651 2852 in
1681 2817 1765 2854 ea.

173 2894 295 2950 "iCC
321 2906 428 2960 est,
463 2910 706 2964 mquam.
735 2895 853 2947 dies
880 2910 931 2946 In
965 2909 1067 2953 qua
1100 2893 1401 2946 viventibus
1432 2894 1686 2962 gaudium
1714 2902 1769 2946 et

173 2998 396 3042 mortuis
439 2996 730 3057 prmstatnr
777 2986 1167 3041 refrigerium:
1208 2987 1319 3040 luet:
1367 2997 1472 3049 BSt,
1523 2989 1764 3055 inquam,

175 3079 286 3132 dies
324 3094 488 3148 quam
537 3078 638 3132 sibi
687 3079 946 3133 D0mtnns
985 3077 1293 3144 specialiter
1340 3076 1668 3136 vindicavit.
1714 3086 1769 3131 et

173 3170 452 3238 Sanguinis
481 3169 560 3222 sui
596 3169 767 3238 pretio
811 3179 866 3220 et
907 3167 1318 3222 resurrectionis
1349 3167 1516 3237 gloria
1551 3169 1768 3221 dedica-

172 3259 275 3322 vit;
308 3275 405 3328 pro
446 3259 603 3312 nobis
648 3258 792 3312 enim
817 3269 1060 3312 mortuus
1094 3259 1412 3320 resurrexit.
1469 3273 1764 3326 numquam,

173 3350 470 3404 secundum
504 3349 729 3417 apostoli
763 3348 902 3401 Petri
944 3349 1292 3408 sententiam.
1346 3349 1661 3412 moriturus,
1708 3359 1765 3402 ut

170 3457 291 3496 eun
343 3459 411 3498 eo
460 3444 665 3512 pariter
711 3443 776 3495 ad
826 3446 1077 3495 virtutem
1127 3457 1155 3494 a
1207 3441 1354 3494 vitiis
1401 3457 1764 3511 resurgamus.

173 3530 435 3598 Christus,
469 3534 662 3602 inquit.
697 3549 972 3602 resurgens
1000 3551 1030 3586 α
1055 3534 1275 3585 mortuis
1308 3533 1427 3602 jam
1473 3550 1576 3586 non
1607 3533 1769 3584 mori-

169 3637 287 3684 tur:
316 3645 458 3681 mors
486 3626 565 3678 illi
600 3629 737 3678 ultra
781 3642 882 3678 non
930 3625 1307 3678 dominabitur.
1336 3625 1389 3678 In
1433 3625 1534 3678 hac
1566 3625 1771 3693 itaque,

169 3721 393 3783 fratres,
421 3719 578 3773 nobis
602 3729 681 3772 est
703 3718 1037 3787 permaxime
1058 3718 1535 3785 congaudendum;
1564 3718 1615 3769 in
1652 3719 1772 3781 hac,

167 3809 400 3864 Domino
432 3819 690 3872 auctore,
740 3808 1093 3877 spiritualiter
1142 3807 1544 3868 exsultandum,
1585 3806 1635 3859 in
1668 3823 1773 3875 qua

163 3912 327 3969 caput
375 3913 627 3955 nostrum
656 3901 924 3961 Christus.
980 3912 1154 3954 morte
1194 3900 1425 3962 devicta,
1456 3899 1773 3960 resurrexit,

164 4003 216 4047 ct
262 3994 691 4048 resurrectionis
735 4001 933 4046 nostrae
972 3993 1130 4045 nobis
1174 3990 1403 4044 formam
1447 3991 1777 4060 resurgendo

165 4085 594 4149 demonstravit,
639 4085 895 4153 Apostolo
945 4092 1098 4146 teste,
1143 4083 1231 4150 qui
1272 4083 1386 4135 ait:
1423 4081 1481 4136 Si
1512 4081 1778 4149 complan-

165 4183 261 4234 tnti
297 4182 398 4250 (ita
433 4181 581 4247 eod.)
631 4179 760 4250 facti
799 4198 978 4234 sumus
1028 4173 1598 4234 similitudini'mortis
1640 4177 1774 4244 ejus.

164 4273 325 4327 simul
371 4281 422 4326 et
467 4275 865 4327 resurrectionis
899 4274 1116 4327 erimus.
1152 4272 1257 4326 Sed
1307 4282 1366 4325 ut
1415 4270 1777 4324 solemnitatis

167 4363 328 4434 huius
355 4365 517 4418 vobis
553 4363 747 4417 aruodo
780 4365 1033 4433 mysteria
1083 4363 1406 4425 revelemus,
1437 4362 1774 4416 Testamenti

167 4453 386 4510 Veteris
412 4453 817 4524 quodammodo
858 4465 1042 4523 portas
1073 4453 1382 4513 subeamus.
1415 4462 1465 4507 et
1504 4452 1644 4506 umle
1667 4453 1779 4506 haec

168 4550 323 4618 prius
372 4549 668 4604 celebritas
713 4548 998 4602 inoleverit
1059 4563 1456 4618 agnoscamus:
1487 4563 1594 4614 quo
1645 4547 1779 4600 bene

167 4643 448 4712 cognitam
494 4652 548 4696 et
578 4645 696 4714 plus
735 4657 977 4696 amemus
1013 4649 1069 4694 et
1120 4640 1479 4695 venerabilius
1522 4641 1778 4695 observe-

1868 2169 2017 2209 tnore
2063 2169 2416 2211 vesceretur:
2458 2159 2598 2213 sicut
2649 2161 2695 2214 ei
2749 2178 2844 2230 per
2894 2162 3112 2234 Moysen
3162 2179 3190 2217 a
3233 2165 3464 2220 Domino

1867 2247 2316 2302 demonstratur:
2376 2248 2568 2315 lienes,
2641 2251 2845 2320 inquit,
2918 2265 3113 2308 vestros
3162 2257 3463 2325 accingetis,

1867 2339 2218 2393 calceomenta
2257 2342 2510 2396 habebitis
2549 2343 2602 2396 in
2641 2345 2880 2412 pedibus,
2911 2357 2958 2399 et
2995 2348 3273 2401 comedetis
3319 2348 3467 2416 festi-

1869 2443 2074 2486 nanter.
2103 2432 2208 2487 Sed
2255 2435 2396 2503 quod
2429 2435 2502 2488 illi
2545 2435 2596 2488 in
2637 2436 2920 2492 occidente
2965 2437 3100 2508 legis
3130 2438 3331 2499 littera.
3367 2440 3471 2495 hoc

1869 2536 1967 2575 nos
1997 2522 2319 2578 vivilicantis
2349 2525 2573 2593 spiritus
2595 2528 2868 2581 custodire
2894 2528 3154 2582 debemus
3183 2530 3236 2583 in
3269 2531 3466 2600 gratia.

1867 2611 2067 2666 Littera
2113 2616 2248 2667 enim
2299 2618 2508 2682 occidit,
2572 2619 2786 2685 spiritus
2833 2631 3009 2673 autem
3048 2621 3293 2689 ciriﬁcat.
3329 2622 3470 2688 Quid

1868 2719 1996 2774 ergo
2021 2722 2115 2776 per
2140 2707 2448 2778 Aigyptmn.
2480 2710 2582 2765 nisi
2615 2712 2850 2765 tenebras
2880 2713 3215 2781 accipimus?
3241 2723 3298 2769 et
3332 2714 3465 2784 quid

1869 2797 2061 2863 phase,
2097 2799 2198 2852 nisi
2231 2801 2510 2854 transitum
2535 2804 2910 2856 nominamus?
2940 2803 3116 2859 Phase
3159 2806 3340 2875 igitur,
3371 2819 3472 2875 pro

1869 2904 1975 2957 quo
2003 2892 2227 2958 pascha,
2253 2893 2324 2946 sit
2345 2893 2471 2948 licet
2500 2893 2696 2964 lingua:
2727 2895 2950 2951 alterius
2979 2897 3296 2967 accipimus,
3325 2907 3472 2952 recte

1870 2980 2235 3045 celebramus,
2264 2999 2385 3038 cum
2418 2985 2483 3038 de
2525 2986 2722 3040 veteris
2761 2986 2894 3057 legis
2927 2988 3168 3042 tenebris
3207 2990 3273 3042 ad
3317 3003 3470 3042 novae

1870 3073 2056 3142 gratiae
2092 3071 2262 3126 lucem
2293 3076 2561 3137 venimus.
2593 3088 2642 3132 et
2679 3079 2962 3132 infernalis
2990 3081 3226 3135 claustra
3263 3079 3474 3134 cmlcsti

1869 3166 1994 3218 sede
2050 3178 2488 3232 eonnnutamus,
2535 3171 2778 3240 apostolo
2822 3172 2985 3226 Petro
3022 3181 3158 3226 teste
3218 3172 3307 3236 qui
3353 3171 3471 3224 ait:

1872 3254 2052 3310 Eratis
2073 3258 2358 3329 aliquando
2383 3263 2628 3326 tenebrw,
2658 3281 2794 3317 nunc
2823 3275 2995 3318 autem
3025 3264 3118 3318 lux
3139 3265 3193 3317 in
3225 3263 3472 3317 Domino.

1873 3348 1935 3402 Et
1963 3350 2121 3418 paulo
2152 3361 2272 3421 post
2305 3368 2402 3406 nos
2432 3354 2686 3408 admonet
2716 3356 2901 3409 dicens
2932 3373 2944 3408 ;
2981 3352 3218 3424 Populus
3247 3352 3478 3423 acquisi-

1873 3443 2054 3504 lionis,
2077 3445 2389 3496 annuntiate
2411 3445 2622 3499 virtutes
2648 3447 2762 3515 ejus
2784 3447 2874 3517 qui
2890 3461 2974 3500 vos
3004 3446 3202 3499 vocavit
3227 3445 3280 3498 in
3306 3443 3467 3497 admi-

1874 3530 2039 3585 rabile
2065 3533 2241 3587 lumen
2271 3551 2447 3588 suum.

1946 3623 2098 3690 Quod
2132 3626 2268 3678 bene
2317 3626 2479 3678 etiam
2525 3626 2926 3679 demonstratur
2973 3640 3098 3679 cum
3140 3639 3236 3694 per
3271 3622 3474 3676 Lucam

1875 3715 2260 3783 evangelistam
2301 3715 2502 3768 dicitur
2537 3735 2549 3768 :
2595 3714 2766 3767 Homo
2811 3716 3025 3785 quidam
3074 3714 3388 3767 descendens
3417 3715 3475 3767 in

1877 3804 2128 3858 Hiericho
2167 3805 2347 3858 incidit
2397 3806 2450 3857 in
2498 3804 2759 3869 latrones;
2804 3806 2892 3872 qui
2935 3805 3268 3873 exspoliatus
3314 3812 3478 3871 atque

1877 3900 2219 3963 vulneratus,
2282 3897 2497 3949 tandem
2554 3895 2878 3966 relinquitur
2925 3897 3246 3958 semivivus;
3301 3895 3394 3948 sed
3444 3911 3475 3948 a

1879 3993 2223 4044 Samaritano
2256 3989 2681 4044 misericorditer
2709 4000 3012 4058 susceptus,
3053 3990 3179 4043 vita:
3206 3999 3260 4042 et
3287 3988 3478 4042 salutis

1879 4083 2107 4152 gratiam
2155 4083 2378 4149 adeptus
2425 4091 2528 4136 est.
2579 4081 2748 4135 Homo
2792 4081 2877 4134 hic
2925 4081 3311 4150 protoplastus,
3367 4078 3478 4134 imo

1882 4179 2174 4232 lnuuanum
2208 4193 2377 4238 genus
2411 4178 2694 4240 accipitur.
2735 4175 2991 4230 Hiericho
3040 4176 3260 4228 defecto
3297 4174 3480 4243 expri-

1883 4272 2068 4327 mitur.
2103 4269 2439 4323 Hierusalem
2487 4273 2629 4332 pacis
2659 4285 2783 4321 νιειο
2832 4271 3162 4321 nominatur.
3214 4266 3478 4321 Latrones

1885 4365 2101 4435 maligni
2159 4363 2382 4434 spiritus
2437 4363 2830 4432 intelliguntur.
2883 4359 3036 4416 Tunc
3086 4376 3271 4415 revera
3318 4361 3480 4414 homo

1884 4459 1972 4512 hic
2015 4460 2083 4512 ab
2137 4456 2471 4510 Hierusalem
2526 4455 2811 4510 descendit
2849 4454 3067 4522 quando
3121 4454 3172 4507 in
3227 4452 3480 4522 paradiso

1885 4551 2094 4606 Domini
2128 4553 2209 4607 sui
2243 4561 2509 4619 prieCepta
2542 4552 2898 4619 contempsit;
2935 4551 3029 4618 qui
3075 4564 3194 4601 cum
3225 4545 3480 4600 Hiericho

1881 4646 2080 4716 pergit,
2114 4645 2307 4698 merito
2339 4645 2564 4712 spiritus
2602 4643 2869 4711 malignos
2912 4640 3168 4701 offendit;
3195 4639 3322 4704 quia
3355 4651 3476 4688 cum

170 4748 292 4787 mus
316 4749 331 4788 :
361 4734 628 4802 quidquid
656 4732 818 4786 etiam
845 4731 966 4786 hinc
980 4731 1337 4800 spiritualiter
1365 4734 1598 4801 patuerit
1626 4750 1778 4789 assu-
1808 4763 1850 4822 ρ
1888 4739 2090 4794 τιςΙιειίε
2118 4737 2338 4792 a-tcrnis
2361 4777 2375 4794 .
2402 4737 2577 4791 Sulttttt
2605 4736 2885 4791 defectivis
2919 4733 3175 4790 intemlit,
3206 4728 3348 4797 quod
3378 4727 3483 4780 sibi
3573 4724 3590 4738 '

172 4828 453 4892 mendmn,
485 4827 735 4884 utilitatis
764 4837 961 4884 vestrae
985 4842 1081 4893 per
1122 4841 1222 4881 nos
1252 4826 1358 4880 erit
1397 4827 1582 4884 usibus
1603 4845 1772 4903 expo-

176 4919 433 4973 nendum.

242 5009 376 5063 Cum
406 5008 474 5063 de
505 5009 765 5068 servitute
797 5012 1121 5082 Egyptiaca
1173 5017 1442 5084 portentis
1479 5017 1779 5090 insignibus

178 5098 326 5168 plebs
350 5099 639 5153 Israelitica
664 5101 1140 5168 liberatur,phase
1166 5107 1394 5161 Domino
1423 5110 1780 5167 anniversali-

181 5199 262 5243 ter
290 5191 908 5267 celebrareprzecipitur,
927 5208 992 5244 ne
1010 5203 1084 5248 tot
1117 5205 1500 5268 tantorumque
1518 5203 1771 5258 virtutem

182 5283 550 5316 ntznulul'nrnln
576 5298 754 5316 nl'nnn_
783 5307 834 5316 .-ι
865 5288 1123 5316 Ιηηιηη-ιῖη
1155 5288 1443 5316 ηηι-Ιιι-.ἶιηη
1475 5292 1590 5316 1...---
1636 5301 1746 5316 _._-I

1886 4833 2153 4903 pernities
2176 4841 2397 4900 paretur
2427 4831 2736 4883 nullatenus
2768 4825 3057 4881 intellexit.
3088 4821 3278 4876 Merito
3302 4819 3488 4885 itaque

1888 4929 2065 4982 tunica
2122 4923 2550 4978 immortalitatis
2601 4921 2819 4993 exuitur
2863 4934 2877 4968 :
2941 4917 3143 4972 merito
3198 4910 3488 4964 multarum

1885 5019 2253 5078 miseriarum,
2285 5016 2481 5082 quibus
2520 5015 2608 5067 hic
2657 5007 2981 5071 involvitur,
3010 5002 3186 5078 plagis
3226 4997 3456 5052 allicitur
3479 5041 3494 5055 ,

1887 5113 2080 5166 merito
2113 5118 2390 5178 postremo
2418 5104 2712 5159 semivivus
2743 5103 2794 5155 iu
2831 5101 3004 5164 huius
3032 5094 3214 5155 saeculi
3260 5091 3344 5143 via
3373 5106 3505 5160 pro-

1889 5204 2082 5257 teritur
2109 5220 2123 5256 :
2159 5210 2215 5253 ut
2243 5198 2436 5253 amodo
2464 5193 2641 5263 quivis
2674 5204 2878 5248 a:terna
2927 5193 3118 5250 discat
3146 5193 3420 5254 appetere,
3455 5191 3510 5237 et

2429 5285 2638 5316 vlo-nlnnl
2691 5280 2906 5316 nni-Ialm
2945 5285 3230 5316 t‘ntu'iI1QPﬂ
3378 5275 3510 5316 "Hi7.

2127 5299 2220 5316 -.ἔοι
2256 5304 2398 5316 ιιι-λιιι·
