3984 5316
498 309 665 395 ⁸ιδδδ

1557 304 1902 361 BRL'NONIS
1927 302 2378 362 LINGONENSIS
2418 303 2724 361 EPISCOPK

3660 306 3813 362 £5.78

516 431 572 476 et
603 419 813 475 fructus
843 416 1035 489 dignos
1067 416 1400 487 paenitentiae
1426 430 1607 487 agere,
1642 418 1695 473 id
1724 426 1807 474 est
1834 431 1892 473 ιιι
1921 419 2111 474 vulne-
2139 420 2186 480 Α
2217 415 2385 472 dium.
2422 417 2594 473 llomo
2617 427 2854 488 aegrotus
2882 416 3079 487 quzerit
3122 418 3470 483 medicinam,
3518 418 3610 488 qni
3659 436 3814 491 πρε

517 517 674 572 ribus
722 512 942 568 vulnera
989 528 1095 567 non
1147 512 1425 583 adjiciant,
1459 520 1515 567 et
1558 523 1746 568 sanata
1779 528 1885 570 non
1922 528 2109 571 resan-

516 609 685 664 cient.
722 604 975 661 Salutare
1012 604 1277 673 siquidem
1317 605 1650 676 pmnitentize
1686 613 1771 661 est
1805 605 2107 661 remedium

516 699 842 771 pmnitentia
887 696 963 770 (i)
1003 698 1199 753 iterum
1245 713 1351 753 non
1393 698 1673 769 perﬁcere.
1711 697 1982 768 Scriptum
2024 707 2111 753 est

517 793 699 848 enim:
734 790 1133 847 Pmnitentibus
1154 790 1304 846 dedit
1331 788 1474 846 Deus
1495 800 1703 861 partem
1725 791 1967 861 iustitiae.
1996 793 2110 861 Age

519 884 708 954 igitur,
747 884 1049 953 paenitens,
1087 882 1303 953 propria
1351 883 1555 938 scelera
1600 883 1893 949 conﬁtere,
1941 885 2111 953 prode

518 974 826 1045 iniquitatis
855 984 1146 1030 secretum.
1175 972 1307 1029 Nota
1341 984 1465 1031 sunt
1505 975 1613 1031 Deo
1645 992 1765 1047 qua:
1807 977 1857 1031 in
1898 978 2110 1033 occulto

519 1064 720 1133 fecisti,
746 1082 865 1136 qua:
889 1066 934 1121 si
968 1082 1071 1121 non
1103 1067 1300 1122 dixerit
1329 1066 1532 1137 lingua,
1566 1083 1671 1122 non
1699 1067 1901 1137 poterit
1931 1069 2109 1124 celare

521 1158 878 1213 conscientia.
910 1157 1135 1215 Frustra
1177 1158 1320 1213 inter
1355 1158 1590 1228 parietes
1624 1167 1745 1213 tuos
1776 1158 1972 1214 timens
2003 1159 2112 1213 cri-

522 1250 668 1304 mina
700 1249 989 1305 abscondis
1015 1266 1031 1304 :
1055 1258 1205 1319 patet
1238 1248 1347 1303 Deo
1374 1264 1535 1304 omne
1561 1250 1704 1320 quod
1733 1249 2109 1305 absconditum

522 1352 712 1413 putas;
762 1350 818 1398 et
870 1343 917 1399 si
965 1343 1200 1398 hominis
1253 1341 1441 1399 oculos
1492 1342 1545 1398 in
1594 1342 2112 1421 peccatiseﬁiigcre

523 1435 695 1493 vales.
724 1435 1030 1490 nullatenus
1070 1444 1246 1492 tamen
1281 1436 1371 1491 Dci
1404 1445 1682 1506 aspectum
1717 1436 1886 1490 latere
1912 1436 2113 1505 poterit

525 1525 786 1597 quidun
830 1526 884 1582 in
932 1527 1147 1582 occulto
1176 1528 1432 1602 gesseris.
1468 1528 1527 1582 Si
1573 1543 1669 1598 per
1712 1527 2109 1583 confessionem

526 1626 751 1687 peccata
793 1617 869 1681 (2)
910 1627 1198 1688 antequam
1245 1617 1443 1688 judicis
1493 1618 1828 1674 iracundiam
1882 1619 2107 1686 sentias,

530 1710 693 1762 crede
718 1708 870 1774 mihi,
901 1717 1072 1763 totum
1101 1709 1313 1766 veniale
1351 1710 1473 1775 erit,
1498 1710 1543 1765 si
1571 1710 1815 1765 conﬁteri
1848 1725 1953 1765 non
1984 1726 2110 1765 cru-

526 1798 708 1854 bescis
746 1810 800 1855 et
831 1814 930 1869 per
968 1801 1341 1870 paenitentiam
1384 1817 1617 1873 purgare
1652 1807 1999 1872 przecaveris,
2032 1803 2112 1858 di-

528 1900 689 1946 cente
714 1890 1168 1962 Psalomographo
1194 1910 1208 1946 :
1240 1893 1362 1946 Dixi
1389 1893 1678 1963 injustitias
1710 1911 1849 1949 meas
1872 1893 2115 1963 Domino,

531 1992 579 2036 et
601 1992 657 2035 tu
684 1984 930 2038 remisisti
967 1984 1285 2054 impietatem
1313 1985 1513 2053 peccati
1535 1985 1636 2038 mei
1666 1983 1838 2054 (Psal.
1861 2001 2013 2050 xxxi,
2039 1986 2117 2057 5).

530 2070 824 2144 Exspectat
853 2091 881 2129 a
911 2076 1064 2131 nobis
1101 2075 1357 2130 Dominus
1384 2075 1743 2132 confessionis
1770 2076 2118 2143 sacriﬁcium,

532 2177 591 2223 ιιι
626 2179 843 2240 praestet
871 2170 1025 2226 nobis
1052 2167 1366 2226 delectabile
1398 2170 1744 2241 indulgentia‘
1780 2187 1996 2237 munus,
2025 2171 2117 2240 qui

530 2259 647 2313 vult
675 2275 866 2315 omnes
893 2259 1141 2315 homines
1173 2260 1353 2314 salvos
1384 2260 1499 2314 ﬁeri
1532 2272 1587 2315 et
1618 2261 1887 2315 neminem
1916 2261 2118 2332 perire,

529 2352 647 2407 hace
676 2352 890 2408 dicente
912 2360 968 2407 et
993 2352 1043 2405 in
1074 2351 1181 2405 alio
1208 2352 1325 2406 loco
1354 2351 1635 2422 Scriptura
1670 2370 1683 2406 :
1713 2352 1743 2407 1
1750 2371 1781 2407 ιι
1812 2370 2123 2424 quacunque

530 2445 618 2499 die
662 2453 905 2508 peccator
942 2445 1212 2514 confessus
1246 2445 1428 2515 fuerit,
1458 2446 1560 2500 vita
1592 2446 1717 2500 vivet
1761 2455 1810 2499 et
1861 2462 1963 2499 non
2004 2463 2120 2500 mo-

531 2535 700 2589 rietur
738 2533 955 2607 (Ezech.
990 2551 1112 2600 xxi,
1163 2534 1275 2606 28).
1317 2534 1362 2591 Ο
1399 2535 1674 2608 singulare
1713 2536 2120 2591 clementissimi

526 2624 727 2695 judicis
756 2625 1111 2681 beneﬁcium!
1143 2626 1186 2681 0
1212 2626 1391 2698 magni
1431 2637 1487 2682 et
1516 2627 1692 2683 securi
1721 2627 1917 2682 divina:
1946 2629 2120 2699 pieta-

534 2717 605 2771 tis
640 2715 911 2772 thesauri!
959 2716 1187 2789 Propter
1233 2718 1335 2773 hoc
1380 2720 1720 2789 peccantium
1755 2720 1870 2774 vult
1904 2720 2121 2776 confes-

534 2808 749 2863 sionum
792 2824 987 2864 munus
1024 2809 1297 2879 accipere,
1329 2817 1388 2863 ut
1427 2826 1534 2865 non
1578 2808 1819 2866 inveniat
1858 2811 2000 2880 quod
2038 2809 2123 2865 ul-

536 2899 670 2955 cisci
703 2900 929 2958 debeat.
969 2900 1086 2956 Non
1124 2900 1296 2956 simus
1329 2902 1525 2971 ingrati
1562 2902 1693 2956 tanti
1735 2901 2124 2978 benevolentia:

535 2991 916 3064 Redemptoris
945 2993 1136 3060 nostri,
1165 2994 1257 3066 qui
1299 2994 1470 3067 magis
1501 2995 1616 3049 vult
1646 2995 1929 3066 ignoscere
1960 3012 2123 3066 quam

2211 506 2630 563 incertolaboro
2659 509 2886 562 desudat
2937 508 2990 563 in
3037 517 3260 578 aegroto.
3313 506 3457 564 Dens
3503 523 3641 563 vero
3687 511 3817 565 sine

2210 595 2394 652 labore
2420 608 2593 663 sanat,
2635 599 2755 654 sine
2784 599 3037 654 tarditate
3066 599 3459 655 medicamcnta
3490 612 3742 669 praestat,
3768 605 3817 658 si

2212 686 2405 743 devote
2433 688 2688 762 lacrytnis
2726 689 2929 760 scripta
2977 691 3031 744 in
3072 690 3295 747 auribus
3325 693 3552 763 pietatis
3582 709 3700 748 sua:
3732 694 3819 746 le-

2210 786 2370 848 gatur
2388 779 2731 848 poenitentia.
2771 778 2942 834 Nemo
2980 790 3053 845 te,
3098 795 3133 836 ο
3179 782 3364 843 homo.
3397 784 3604 838 melius
3634 784 3818 837 reﬁcit

2211 887 2373 942 quam
2402 873 2491 941 qui
2526 871 2675 935 fecit,
2703 887 2804 928 nec
2828 872 2967 927 alius
2994 881 3148 927 sanat
3189 874 3294 928 nisi
3339 875 3432 944 qui
3484 876 3727 947 ﬂagellat
3762 886 3818 929 et

2212 973 2389 1019 curat.
2423 964 2583 1020 Solus
2609 965 2754 1021 enim
2788 966 2935 1020 novit
2967 966 3148 1035 aperis
3177 967 3252 1021 tui
3294 966 3686 1037 fragilitatem,
3719 970 3819 1037 qui

2210 1061 2318 1117 hoc
2348 1068 2517 1115 totmn
2546 1069 2827 1132 exspectat
2870 1070 2929 1115 ιιι
2966 1059 3189 1116 fatearis
3242 1071 3299 1117 et
3351 1078 3509 1118 mora
3539 1080 3655 1117 non
3685 1066 3820 1128 erit,

2185 1162 2272 1222 ⁵ιιι
2292 1149 2521 1215 saneris,
2549 1151 2640 1220 qui
2673 1165 2768 1221 per
2798 1150 3114 1221 prophetam
3149 1150 3495 1208 Ezechielem
3528 1153 3609 1206 ait
3634 1171 3650 1205 :
3680 1152 3821 1206 Cum

2213 1259 2513 1300 conversus
2560 1240 2729 1299 fueris
2767 1252 2824 1298 et
2878 1244 3253 1314 ingemueris,
3309 1254 3439 1299 tunc
3484 1244 3818 1301 salvaberis.

2214 1339 2385 1405 Datur
2430 1338 2586 1393 nobis
2636 1352 2667 1392 a
2724 1336 3113 1406 benignissimo
3160 1336 3348 1406 judice
3384 1336 3542 1392 locus
3581 1339 3819 1393 curandi

2214 1431 2581 1501 nosmetipsos
2619 1429 2671 1484 in
2717 1430 2958 1500 peccatis
3012 1429 3215 1484 nostris
3273 1445 3463 1484 coram
3521 1430 3824 1485 sacerdote

2214 1522 2331 1587 Dei,
2366 1537 2435 1576 ne
2465 1526 2661 1578 iterum
2688 1530 2908 1577 accuset
2942 1536 3041 1576 nos
3100 1522 3154 1575 in
3201 1522 3284 1577 eis
3325 1521 3581 1577 diabolus
3625 1537 3822 1575 coram

2207 1614 2389 1685 judice
2416 1616 2652 1670 Christo.
2690 1615 2814 1670 Vult
2842 1615 2986 1669 enim
3020 1623 3078 1669 nt
3108 1615 3425 1685 ignoscatur
3450 1630 3524 1671 nc
3554 1615 3826 1683 puniatur

2218 1708 2270 1763 in
2312 1707 2514 1775 futuro.
2550 1708 2718 1780 igitur
2740 1707 2860 1776 pius
2886 1706 3044 1762 Pater
3070 1706 3199 1762 dum
3223 1706 3370 1760 videt
3398 1721 3507 1776 per
3537 1705 3829 1776 poenitcn-

2223 1800 2351 1855 tiam
2393 1809 2612 1871 peccata
2643 1809 2827 1854 nostra
2868 1814 2896 1851 a
2928 1799 3082 1852 nobis
3110 1797 3385 1862 damnari,
3421 1798 3634 1869 gaudet
3658 1799 3825 1851 mise-

2222 1893 2351 1957 reri,
2380 1900 2433 1948 et
2463 1892 2740 1963 proprium
2784 1905 3037 1945 exercere
3081 1906 3280 1945 munus
3332 1890 3827 1944 misericordiam

2218 1985 2549 2056 poenitentes
2577 1991 2748 2054 optat,
2779 1982 2918 2038 situt
2961 1996 3058 2052 per
3091 1980 3284 2036 Isaiam
3313 1990 3555 2036 testatur
3589 1983 3833 2051 prophe-

2222 2084 2353 2130 tam.
2384 2074 2495 2142 Ego
2521 2091 2635 2130 sum
2671 2075 2762 2145 qui
2809 2073 2955 2128 deleo
2999 2073 3300 2144 iniquitates
3333 2084 3454 2127 tuas
3484 2072 3632 2142 (Isa.
3668 2089 3829 2137 mu,

2218 2163 2334 2228 25).
2364 2163 2426 2217 Et
2452 2163 2647 2219 iterum
2676 2182 2689 2217 :
2718 2160 3091 2217 Convertimini
3123 2164 3193 2214 ad
3222 2159 3512 2215 Dominum
3540 2160 3717 2215 Deum
3747 2179 3833 2215 re—

2220 2267 2410 2321 strum,
2440 2258 2566 2327 quia
2596 2254 2886 2310 misericors
2915 2263 2962 2307 et
3009 2254 3127 2322 pius
3169 2261 3278 2316 est,
3321 2254 3531 2321 patiens
3568 2262 3620 2306 et
3648 2252 3831 2306 multa

2221 2346 2598 2400 misericordia:
2625 2343 2824 2417 (Exod.
2853 2360 3039 2409 XXXIV,
3072 2342 3150 2411 6).
3201 2342 3316 2398 Hoc
3339 2344 3523 2399 sciens
3551 2344 3619 2398 Β.
3652 2344 3831 2398 David

2225 2440 2299 2495 ait
2326 2457 2339 2493 :
2380 2440 2661 2493 Peccatum
2688 2454 2859 2492 meum
2886 2440 3150 2508 cognitum
3173 2437 3266 2491 tibi
3294 2438 3396 2507 [cci
3433 2448 3486 2492 et
3514 2440 3833 2510 iniquitates

2224 2546 2369 2584 meas
2403 2545 2506 2583 non
2529 2529 2710 2598 operui
2734 2527 2908 2598 (Psal.
2941 2543 3093 2592 XXXI,
3125 2528 3203 2597 6).
3252 2528 3493 2583 Econtra
3527 2528 3580 2585 si
3628 2545 3830 2599 pecca-

2227 2632 2339 2678 tum
2375 2622 2518 2693 quod
2552 2622 2765 2686 fecerit,
2817 2622 2919 2677 hoc
2964 2630 3146 2691 negat,
3197 2636 3387 2692 poenas
3429 2631 3625 2677 reatus
3664 2639 3833 2677 accn-

2225 2716 2416 2781 mulat,
2448 2715 2572 2785 quia
2595 2715 2821 2786 punitur
2845 2715 3185 2768 contumacia
3233 2713 3464 2770 sceleris
3504 2716 3829 2784 negatione.

2226 2809 2334 2865 Sed
2384 2808 2522 2863 dicis
2575 2810 2800 2862 forsan:
2852 2806 2934 2862 Me
2984 2815 3154 2861 terret
3200 2821 3447 2861 meorum
3503 2807 3834 2876 magnitudo

2225 2911 2591 2972 peccatorum.
2622 2899 2761 2968 Quin
2794 2899 2903 2956 imo
2936 2907 3086 2954 tanto
3130 2899 3303 2970 magis
3343 2899 3722 2954 insistendum
3753 2908 3838 2954 est

2226 2996 2347 3060 tibi,
2378 3003 2649 3066 peccator,
2679 2994 2732 3049 in
2764 2992 3028 3048 medicina
3055 2989 3415 3047 confessionis
3435 3007 3507 3046 ne
3536 3008 3750 3061 pareas
3775 2993 3827 3045 in

537 3086 758 3156 punire,
810 3086 990 3158 magis
1042 3085 1254 3142 salvare
1300 3103 1462 3157 quam
1513 3089 1762 3158 perdere.
1809 3087 2197 3165 Acqniriturc
2228 3088 2513 3160 putredine
2538 3086 2842 3141 vulnerum.
2893 3084 2950 3140 Si
3001 3085 3210 3142 medico
3253 3084 3536 3139 erubescis
3590 3086 3829 3155 aperire,

539 3178 772 3234 Domino
821 3179 965 3250 quod
1014 3194 1120 3234 non
1178 3180 1400 3249 punitur
1442 3181 1494 3235 in
1546 3195 1735 3246 servo,
1788 3189 1841 3234 et
1896 3180 2122 3235 multum

537 3270 818 3326 confertur
859 3272 1095 3337 auctori,
1142 3273 1188 3328 si
1222 3273 1512 3343 deputatur
1553 3290 1747 3345 pmice,
1784 3274 1958 3331 venire
1998 3288 2126 3328 con-

541 3363 800 3429 donetur,
846 3381 946 3420 nec
991 3373 1146 3435 optat
1197 3365 1383 3422 ulcisci
1434 3367 1529 3437 qui
1579 3375 1801 3437 paratus
1846 3377 1929 3423 est
1964 3367 2127 3423 mise-

542 3454 686 3519 reri,
734 3456 851 3524 ipso
900 3455 967 3509 de
1019 3469 1079 3510 se
1128 3469 1226 3526 per
1276 3457 1591 3526 prophetam
1655 3457 1870 3513 dicente
1916 3475 1930 3512 :
1987 3457 2126 3512 Noto

540 3555 758 3601 mortem
783 3545 1096 3615 peccatoris,
1119 3547 1210 3601 sed
1235 3556 1290 3601 ut
1315 3557 1645 3602 convertatur
1668 3556 1717 3602 et
1746 3548 1879 3603 vivat
1909 3547 2127 3620 (Ezech.

540 3653 739 3705 xxxm,
774 3632 896 3711 ii).
943 3638 1085 3695 Ecce
1119 3654 1284 3696 verus
1329 3639 1456 3695 vita:
1507 3648 1700 3696 auctor
1737 3641 1828 3711 qui
1869 3656 1975 3696 non
2015 3640 2130 3695 vult

541 3730 823 3798 peccantis
873 3737 1134 3796 mortem,
1182 3732 1279 3787 sed
1328 3733 1697 3789 convertentis
1740 3734 1906 3788 vitam
1941 3753 1955 3790 :
1986 3734 2129 3790 unde

538 3828 596 3875 et
654 3820 707 3876 in
759 3821 1048 3889 Evangelia
1100 3823 1215 3894 ipsa
1268 3823 1480 3880 Veritas
1534 3824 1666 3880 ait:
1710 3825 1804 3882 Sic
1847 3829 1945 3882 erit
1991 3845 2131 3898 gau-

540 3914 688 3968 dium
736 3931 790 3969 tn
814 3921 939 3969 caelo
960 3931 1140 3969 coram
1166 3915 1326 3970 Patre
1350 3927 1516 3971 vestro
1539 3928 1586 3972 et
1614 3918 1815 3989 angelis
1836 3919 1951 3990 ejus
1974 3936 2132 3989 super

504 4020 647 4059 ἰιηο
694 4015 964 4072 peccatore
993 4005 1346 4074 paenitentiam
1371 4016 1555 4075 agente
1593 4006 1746 4076 (Luc.
1789 4023 1878 4071 xv,
1918 4008 2037 4077 10);
2076 4018 2130 4064 et

542 4097 598 4152 in
624 4097 887 4168 propheta
915 4113 929 4149 :
956 4094 1056 4150 Dic
1076 4106 1134 4148 tu
1157 4096 1302 4164 prior
1332 4096 1620 4166 injustitias
1644 4107 1763 4152 tuas
1795 4108 1849 4152 ut
1872 4099 2130 4168 justi/ice-

542 4187 617 4242 ris
632 4186 768 4252 (Isa.
799 4200 954 4250 xuii,
982 4184 1097 4255 26).
1129 4185 1267 4241 Ecce
1296 4186 1559 4257 benignus
1581 4196 1665 4242 est
1686 4187 1911 4260 largitor
1937 4189 2128 4256 veniat,

544 4278 639 4348 qui
665 4276 866 4348 praebet
891 4292 989 4347 pro
1016 4277 1161 4333 luctu
1189 4278 1469 4348 temporali
1502 4280 1823 4336 aeternitatis
1852 4261 2127 4352 gaudium,

546 4368 667 4439 ipso
688 4369 941 4424 dicente:
985 4367 1133 4423 Beati
1159 4371 1247 4441 qui
1271 4369 1477 4440 lugent,
1519 4372 1767 4442 quoniam
1807 4373 1908 4440 ipsi
1947 4388 2131 4426 conso-

2228 3178 2556 3248 multiplicas
2635 3176 2880 3231 ulcerum
2939 3175 3172 3231 dolores.
3244 3175 3567 3230 i‘Tullatenus
3632 3176 3835 3229 divina:

2229 3271 2617 3327 abundantiam
2648 3268 2949 3324 clementia:
2991 3267 3355 3323 numerositas
3405 3277 3628 3322 tuorum
3674 3284 3833 3337 snpe-

2228 3379 2352 3419 rarc.
2379 3361 2963 3432 poteritpeccalorum.
2998 3357 3077 3413 Ne
3114 3360 3296 3413 tardes
3331 3358 3397 3412 de
3436 3358 3528 3413 die
3557 3358 3616 3413 in
3657 3359 3831 3421 diem,

2229 3456 2361 3511 dicit
2407 3455 2714 3524 Scriptura,
2761 3451 3030 3518 converti,
3075 3451 3199 3521 quia
3256 3451 3433 3506 neseis
3468 3451 3604 3519 quid
3634 3465 3830 3522 super.

2228 3555 2456 3601 ventura
2492 3545 2667 3616 pariat
2691 3542 2808 3598 dies
2839 3561 2853 3594 :
2900 3543 3026 3612 quia
3068 3541 3284 3612 qualem
3318 3550 3369 3596 te
3403 3540 3635 3596 ultimus
3669 3543 3824 3597 inve-

2231 3639 2374 3695 nerit
2398 3637 2535 3703 dies,
2561 3635 2683 3691 talis
2706 3633 3053 3704 judicaberis,
3090 3648 3189 3688 nee
3221 3641 3274 3687 te
3299 3632 3469 3687 voluit
3502 3632 3654 3687 Deus
3677 3632 3833 3687 illum

2229 3726 2486 3798 praescire
2520 3725 2686 3789 diem,
2735 3731 2795 3779 ut
2852 3737 3067 3792 semper
3110 3731 3336 3792 paratus
3373 3736 3558 3787 esses;
3602 3723 3827 3792 qualem

2230 3830 2387 3891 optas
2415 3818 2796 3890 antejudicem
2824 3823 2876 3871 te
2906 3824 3087 3879 stare,
3121 3824 3173 3870 te
3208 3830 3451 3885 praepara
3498 3816 3629 3871 dum
3662 3815 3828 3870 babes

2232 3918 2443 3980 tempus
2469 3907 2749 3976 operandi.
2776 3906 2908 3961 Esto
2936 3906 3240 3975 negotiator
3269 3907 3497 3961 devotus
3522 3947 3538 3967 ,
3569 3922 3697 3960 eme
3730 3906 3785 3957 tit
3812 3907 3823 3956 i

2232 4016 2456 4071 regnum
2486 3998 2580 4053 Dei
2617 3997 2952 4069 pmmtentia:
2999 3996 3188 4063 lucris,
3242 4012 3452 4051 memor
3494 3997 3715 4051 Domini
3750 3997 3827 4049 di-

2231 4093 2441 4149 centis:
2506 4090 2878 4145 Paenitentiam
2941 4090 3079 4159 agite
3110 4129 3125 4153 ,
3187 4089 3631 4160 appmpinquabit
3691 4090 3829 4142 rotis

2233 4200 2447 4254 regnum
2470 4180 2566 4236 Dei
2591 4181 2810 4253 (Matth.
2839 4196 2917 4248 tv,
2952 4181 3062 4249 Π).
3092 4179 3199 4235 Pro
3246 4190 3299 4236 te
3346 4181 3567 4250 legitur,
3607 4196 3645 4233 ο
3670 4180 3826 4235 homo

2231 4279 2439 4342 vivens,
2466 4279 2610 4333 Deus
2633 4278 2793 4332 homo
2819 4276 2992 4331 factus
3013 4284 3120 4341 est,
3153 4282 3213 4328 ut
3244 4284 3297 4328 te
3326 4273 3646 4327 redimeret.
3679 4272 3823 4341 Scip-

2235 4387 2353 4428 sum
2381 4371 2598 4426 tradidit
2627 4370 2680 4425 in
2709 4379 2964 4434 mortem,
3021 4378 3079 4424 ut
3126 4377 3177 4423 te
3226 4367 3464 4422 salvaret
3516 4367 3572 4420 in
3634 4368 3823 4419 vitam.

548 4462 803 4519 labuntur
832 4461 1051 4533 (Matth.
1083 4478 1142 4538 v,
1167 4463 1244 4534 5).
1296 4463 1365 4518 Et
1401 4464 1455 4519 in
1490 4465 1597 4520 alio
1634 4464 1793 4521 loco:
1852 4458 2033 4519 Venite
2059 4464 2130 4518 ad
2161 4450 2208 4510 D
2234 4462 2371 4528 Quid
2417 4471 2472 4516 tu
2517 4462 2669 4531 iaces
2716 4461 2770 4514 in
2820 4469 2997 4515 morte
3024 4457 3329 4514 scelerum?
3384 4454 3563 4526 Surge
3606 4466 3668 4510 et
3701 4455 3826 4510 dic:

545 4571 629 4610 me
661 4571 839 4610 omnes
863 4557 952 4625 qui
978 4556 1229 4611 laboratis
1256 4566 1303 4612 et
1333 4558 1537 4613 onerati
1569 4560 1692 4613 estis
1717 4599 1730 4620 ,
1780 4566 1829 4613 et
1874 4575 1967 4625 ego
2008 4557 2131 4624 reﬁ-

545 4646 682 4701 ciam
706 4662 791 4700 vos
814 4644 1030 4717 (Matth.
1058 4648 1157 4718 x1).
1182 4648 1273 4703 Ait
1297 4649 1462 4710 enim.
1492 4659 1552 4704 ut
1572 4651 1839 4705 diximus:
1864 4649 1959 4705 Dic
1984 4650 2133 4720 prius

546 4737 846 4809 injustitias
897 4746 1016 4797 tuas
1047 4748 1104 4792 ut
1131 4737 1449 4807 justiﬁceris
1497 4749 1552 4797 et
1586 4758 1692 4796 non
1731 4742 2129 4808 condemneris,

548 4840 608 4883 ut
633 4840 853 4886 maneat
874 4830 929 4886 in
961 4838 1011 4886 te
1051 4831 1330 4899 praemium
1372 4832 1723 4899 poenitentiae,
1756 4847 1861 4896 non
1896 4832 2134 4886 vindicta

546 4930 915 4992 peccatorum.
947 4918 1198 4991 Nunquid
1227 4920 1383 4990 quasi
1432 4920 1646 4976 nescius
1673 4921 1816 4976 Deus
1845 4936 1942 4976 nos
1963 4920 2132 4983 conﬁ-

534 5012 652 5081 teri
678 5012 927 5067 hortatur
963 5022 1211 5081 peccata,
1240 5028 1360 5082 quae
1390 5012 1539 5082 prius
1580 5028 1741 5082 quam
1770 5023 1920 5084 gesta
1950 5020 2134 5069 essent

549 5104 869 5142 nrmuninhul
923 5102 1077 5142 ιηιίιιε
1125 5103 1460 5142 nrnvidnnlia
1502 5105 1680 5142 omnia
1728 5115 2004 5142 notoemsnl
2037 5119 2132 5142 nn.

2232 4555 2414 4617 Pater,
2444 4552 2661 4623 peccavi
2687 4553 2739 4607 in
2768 4551 2986 4615 cwlum,
3019 4551 3193 4605 adduc
3224 4549 3318 4603 tibi
3346 4559 3453 4603 tua:
3492 4547 3829 4617 paenitentia

2236 4652 2426 4697 testem
2460 4640 2692 4695 ﬁdelem.
2717 4638 2913 4693 Munda
2934 4638 3018 4693 vis
3047 4638 3247 4693 habere
3274 4635 3632 4695 vestimenta.
3668 4650 3828 4703 quam

2235 4751 2339 4790 non
2389 4732 2561 4788 multo
2590 4734 2764 4801 magis
2798 4730 2997 4801 quaeris
3045 4729 3301 4783 mundam
3354 4735 3406 4781 te
3453 4725 3668 4781 habere
3717 4728 3829 4779 ani.

2235 4831 2416 4886 mam?
2463 4828 2727 4885 Sordidus
2781 4843 2889 4882 non
2946 4826 3032 4881 vis
3074 4824 3372 4895 procedere
3414 4821 3473 4876 in
3530 4829 3829 4890 conspectu

2233 4923 2534 4988 hominum,
2584 4938 2683 4977 cur
2738 4936 2844 4976 non
2895 4920 3063 4976 multo
3113 4919 3284 4989 magis
3339 4918 3503 4972 times
3551 4916 3829 4969 sordidum

2235 5013 2476 5083 peccatis
2523 5023 2576 5069 te
2611 5013 2907 5083 procedere
2957 5012 3011 5066 in
3063 5019 3354 5079 conspectu
3403 5008 3538 5063 Dei?
3585 5006 3731 5061 Lava
3781 5014 3831 5056 te

2235 5103 2598 5142 Iunrumornm
2633 5102 2780 5142 fnnla
2841 5118 2911 5142 nn
2936 5100 3064 5142 ηιιίιὶ
3110 5102 3163 5142 in
3195 5110 3246 5142 1ο
3273 5100 3418 5142 illinc
3460 5098 3638 5142 apsilis
3666 5096 3828 5142 maio-
