3984 5316
143 341 258 396 1357

1072 331 1409 390 EPISTULA
1447 333 1538 386 AD
1583 329 1923 387 CLERICOS
1961 328 2453 387 LINGONENSES;

3247 327 3387 382 1358

133 471 364 527 exsurge,
395 453 608 524 placare
627 451 846 506 Patrem
870 449 1210 520 pmuiteutia,
1237 462 1396 518 quem
1423 444 1691 500 oiiendisti
1724 454 1770 509 Α
1797 455 1948 501 ratus
1980 462 2076 501 nos
2109 445 2376 512 accipere,
2425 443 2470 497 si
2522 459 2628 498 non
2683 443 2948 497 fuerimus
2987 441 3121 513 pigri
3164 441 3228 495 ad
3260 456 3383 496 eum

139 549 341 604 scelere.
391 544 664 599 Confitere
710 543 943 612 culpam,
1001 550 1060 594 ut
1126 539 1335 592 saneris
1383 552 1414 590 a
1465 535 1693 591 medico.

137 640 255 694 Esto
304 639 353 692 in
405 645 496 690 tua
543 634 806 688 sollicitus
849 633 1040 686 salute.
1100 629 1155 684 Si
1200 639 1252 683 tu
1309 629 1421 696 ipse
1470 626 1543 679 tui
1591 640 1696 679 nou

136 731 288 784 habes
316 743 523 789 curam,
561 725 681 796 quis
710 725 802 778 tibi
833 724 898 777 ad
936 722 1162 776 salutem
1193 719 1446 788 prodesse
1481 715 1698 786 poterit,

136 828 211 882 vel
241 827 350 896 quis
379 824 472 878 tibi
507 823 677 876 tidelis
705 821 809 874 erit
856 819 900 873 si
959 826 1013 870 tu
1070 817 1181 884 ipse
1216 813 1422 867 tibimet
1471 810 1701 864 infilclis

134 934 246 972 esse.
272 913 616 985 probaberis?
647 909 942 965 luiidelitas
959 916 1042 962 est
1067 922 1260 975 magna
1293 913 1344 957 te
1370 918 1473 956 non
1507 915 1701 955 curare

133 1011 199 1065 de
227 1010 388 1063 salute
417 1017 529 1070 tua,
561 1015 612 1060 et
639 1003 956 1058 morientem
984 1010 1035 1054 te
1067 999 1117 1052 in
1147 996 1384 1066 peccatis
1417 1011 1519 1047 non
1548 1008 1702 1046 resu-

134 1103 308 1156 scitari
336 1116 430 1170 per
458 1097 856 1168 pmuitentiam.
893 1095 1109 1160 Quanto
1165 1091 1376 1160 longius
1431 1084 1702 1142 recessisti

135 1207 226 1260 pro
252 1192 509 1245 scelerum
557 1185 923 1254 magnitudine
951 1199 981 1236 a
1012 1184 1141 1247 Deo,
1179 1190 1328 1235 tanto
1375 1180 1567 1233 fortius
1610 1191 1705 1245 ιιι-ι·

135 1283 496 1352 paenitentiam
523 1279 956 1348 appropinquare
991 1275 1231 1328 studeas.
1267 1273 1517 1325 Clemens
1549 1268 1707 1322 Pater

133 1383 342 1444 paratus
368 1381 450 1425 est
479 1380 529 1424 te
551 1369 818 1436 accipere,
850 1367 892 1419 si
935 1375 995 1419 tu
1044 1379 1148 1419 non
1184 1362 1485 1417 tardaveris
1531 1374 1710 1412 rever-

137 1477 262 1520 terr.
287 1465 482 1532 Aspera
508 1462 601 1515 tibi
629 1460 842 1513 videtur
863 1456 1169 1517 conversio,
1191 1453 1372 1509 carnis
1401 1451 1706 1518 relinquere

134 1555 421 1616 desideria;
450 1551 544 1605 sed
572 1549 742 1604 multo
773 1548 962 1601 durior
1010 1545 1249 1600 conditio
1277 1542 1494 1595 :eternis
1530 1549 1584 1592 te
1623 1554 1710 1591 ar-

133 1649 258 1703 dere
286 1643 534 1707 ﬂammis,
561 1651 615 1698 et
644 1657 740 1711 pro
774 1639 965 1694 modici
1005 1636 1265 1705 temporis
1294 1633 1503 1686 luxuria
1537 1630 1712 1698 paruis

138 1739 268 1792 tradi
301 1735 589 1807 perpetuis.
621 1731 818 1798 Quanti
878 1729 1036 1782 modo
1069 1724 1424 1780 infernalibus
1467 1719 1705 1790 deputati

1800 537 2004 594 venire.
2035 536 2354 590 Audivimus
2377 534 2593 588 beatum
2617 532 2878 588 Joannem
2905 532 3286 600 evangelistam
3318 529 3386 583 ad

1798 626 2168 698 pomiteutiam
2229 641 2327 678 nos
2377 624 2683 677 hortantem
2743 624 3008 676 dicentem
3054 621 3105 673 in
3151 619 3389 688 Epistola

1800 738 1896 778 sua
1925 740 1937 774 :
1976 719 2031 775 St
2064 721 2349 774 dixerimus
2371 720 2620 789 quoniam
2646 727 2918 787 peccatum
2969 732 3072 768 non
3113 714 3384 773 habemus,

1803 833 1894 868 nos
1921 814 2054 881 ipsos
2091 797 2415 874 salut-iuius,
2451 821 2500 864 et
2536 810 2725 864 veritas
2774 808 2825 861 in
2872 807 3018 860 nobis
3062 823 3165 858 non
3200 816 3296 857 est.
3330 801 3389 856 Si

1804 918 1977 959 autem
2029 905 2253 970 confessi
2306 903 2563 972 fuerimus
2610 911 2821 972 peccata
2880 910 3082 960 nostra,
3123 896 3293 965 ﬁdelis
3343 904 3393 948 et

1796 999 1974 1066 justus
1999 1006 2069 1048 est
2099 994 2258 1057 Deus,
2295 1003 2349 1046 ut
2387 994 2532 1046 nobis
2577 1002 2791 1062 peccata
2839 1001 3017 1043 nostra
3063 989 3313 1049 dimittat,
3344 995 3392 1039 et

1805 1088 2043 1140 emuudet
2086 1102 2178 1138 nos
2235 1089 2299 1136 ab
2350 1086 2489 1136 omni
2532 1085 2806 1151 iniquitate
2859 1079 2910 1149 (1
2951 1079 3112 1132 Joan.
3147 1094 3187 1141 t,
3219 1079 3296 1146 8).
3334 1077 3393 1131 Si

1809 1177 1984 1230 nullus
2012 1187 2093 1230 est
2120 1176 2235 1229 sine
2265 1186 2509 1243 peccato,
2546 1175 2668 1242 quis
2693 1183 2775 1226 est
2816 1174 2906 1242 qui
2941 1171 3258 1240 pmttitentia
3285 1185 3389 1222 non

1809 1269 2064 1337 indigeat,
2094 1282 2211 1335 quze
2262 1265 2378 1320 sine
2421 1264 2763 1319 confessione
2811 1265 2895 1315 vix
2950 1263 3225 1315 fructuosa
3279 1259 3393 1312 ficri

1809 1359 1990 1412 valet?
2018 1358 2438 1411 Consideremus
2485 1356 2806 1409 sententiam
2848 1353 2988 1408 beati
3035 1351 3222 1406 Jacobi
3267 1367 3398 1420 apo-

1810 1452 1933 1507 stoli
1967 1450 2195 1504 dicentis
2222 1467 2234 1501 :
2267 1447 2603 1516 Conﬁtemiui
2643 1445 2951 1498 alteru:rum
2990 1453 3203 1512 peccata
3234 1452 3400 1494 vestra

1813 1547 1955 1619 (Jac.
1979 1545 2171 1614 v,t6).
2230 1543 2601 1610 Recordemur
2650 1540 2790 1609 quod
2839 1537 3165 1605 Redemptor
3215 1543 3401 1589 uoster

1814 1638 2156 1707 publicanum
2184 1643 2525 1702 peccatorem
2563 1647 2620 1686 se
2649 1630 2997 1684 confitentem
3034 1626 3310 1680 Pharisaao
3343 1639 3403 1679 se

1814 1735 1866 1788 in
1895 1749 1990 1787 sua
2051 1729 2522 1799 laudantijustitia
2571 1726 2900 1797 praetulerit:
2936 1724 3041 1779 scit
3077 1721 3222 1777 enim
3273 1736 3403 1776 con-

139 1827 413 1884 tormentis
443 1825 685 1881 converti
719 1823 1036 1880 voluissent,
1065 1818 1109 1872 si
1143 1816 1377 1886 spatium
1428 1812 1533 1866 illis
1557 1813 1713 1865 dare-

1824 1827 1958 1883 ditor
1985 1833 2169 1878 noster
2203 1821 2550 1890 fragilitatem
2585 1829 2781 1872 nostrae
2811 1826 3035 1878 natum,
3086 1813 3208 1868 ideo
3237 1810 3407 1866 medi-

139 1935 226 1981 tur
255 1920 642 1979 convertendi?
672 1917 864 1973 Omnia
907 1915 1123 1984 quidem
1171 1908 1330 1974 hujus
1365 1905 1545 1962 saeculi
1571 1905 1708 1958 dura

139 2033 190 2070 tn
216 2013 618 2085 comparatione
651 2007 998 2064 infernalium
1044 2004 1180 2058 levia
1213 2011 1268 2055 ct
1315 1997 1712 2070 quodammodo

132 2107 360 2175 jucunda
390 2105 661 2157 videntur.
690 2096 919 2153 Servisti
963 2093 1181 2148 diabolo
1209 2091 1263 2146 iu
1291 2089 1526 2151 luxuria,
1569 2087 1711 2142 servi

134 2198 348 2253 Christo
381 2197 432 2249 in
471 2194 739 2248 castitate.
795 2188 1083 2255 Utriusque
1128 2184 1206 2240 rei
1261 2182 1421 2236 finem
1473 2178 1710 2234 attende.

133 2291 227 2344 Illa
267 2288 531 2358 siquidem
561 2327 576 2351 ,
621 2284 674 2339 id
725 2291 809 2336 est
856 2280 1066 2334 luxuria
1093 2318 1108 2341 ,
1157 2275 1430 2330 hominem
1463 2272 1626 2327 mittit
1658 2269 1714 2323 in

135 2382 405 2444 flammas;
441 2379 666 2434 castitas
718 2373 975 2430 cbaritati
1039 2369 1325 2436 conjuncta
1356 2382 1462 2420 non
1490 2365 1718 2419 deducet

139 2475 192 2526 in
223 2487 437 2539 regnum
468 2469 595 2523 Dei?
618 2467 910 2521 Revertere
940 2463 993 2516 in
1024 2462 1166 2514 viam
1197 2460 1263 2512 de
1288 2474 1391 2526 qua
1424 2455 1714 2511 obcrrasti.

135 2564 361 2634 Jejuniis
413 2576 611 2631 corpus
670 2558 923 2618 atIicitur,
979 2555 1072 2608 sed
1130 2550 1478 2622 pulchritudo
1524 2549 1718 2602 anima:

136 2666 444 2725 reparatur.
477 2652 611 2706 Vilis
633 2651 704 2704 sit
729 2647 972 2716 corporis
999 2645 1203 2703 cultus,
1238 2643 1331 2697 sed
1367 2643 1482 2711 ipse
1529 2641 1719 2708 prarci-

133 2761 276 2817 puus
304 2753 386 2798 est
431 2741 732 2797 sanctitatis
769 2747 1013 2793 ornatus.
1063 2734 1378 2804 Vigiliarum
1430 2731 1719 2786 assiduitas

135 2841 194 2894 in
230 2836 563 2892 orationibus
596 2843 651 2888 et
700 2831 857 2885 laude
904 2829 997 2882 Dei
1049 2827 1310 2897 angelicae
1356 2833 1440 2879 est
1483 2823 1719 2877 imitatio

132 2932 283 2984 vitaz.
303 2928 508 2980 Parvus
531 2925 683 2979 cibus
705 2932 888 2994 pastus
915 2929 1000 2975 est
1031 2921 1243 2972 animm.
1276 2916 1332 2970 Si
1361 2916 1525 2968 babes
1553 2913 1719 2978 unde,

129 3020 470 3094 pauperibus
500 3015 734 3086 porrige,
767 3014 893 3083 quia
927 3025 1118 3064 manus
1166 3007 1418 3078 pauperis
1447 3004 1719 3074 gazophy-

129 3110 336 3168 lacium
369 3120 454 3162 est
485 3101 721 3176 (lliristi;
771 3117 872 3158 nec
919 3101 986 3155 de
1015 3114 1181 3170 opere
1233 3094 1616 3150 misericordiae
1671 3101 1721 3144 te

1813 1931 2062 1976 camen‘ta
2094 1917 2430 1989 paenitentia:
2461 1913 2772 1968 vulneribus
2819 1910 3020 1965 nostris
3061 1904 3404 1978 perdonavit.

1815 2013 2073 2067 Dicamus
2109 2025 2233 2063 cum
2263 2007 2524 2075 propheta
2551 2019 2565 2057 :
2601 2001 2743 2057 Sana
2774 2018 2876 2062 me.
2911 2000 3148 2060 Domine,
3174 2006 3218 2049 et
3249 2009 3408 2048 sana-

1816 2106 1908 2159 bur
1945 2102 2164 2174 (larem.
2198 2115 2330 2161 xvn,
2362 2098 2472 2167 Η).
2506 2098 2638 2150 Item
2669 2113 2683 2148 :
2728 2093 2970 2154 Domine,
2995 2106 3126 2143 sana
3169 2087 3405 2139 animant

1813 2213 1983 2251 meum
2009 2197 2129 2262 quia
2157 2193 2362 2262 peccari
2385 2191 2478 2244 tibi
2501 2187 2675 2260 (Psal.
2699 2203 2790 2246 ιι.
2821 2185 2897 2250 5).
2934 2183 3162 2244 Idcirco,
3193 2177 3409 2233 charis-

1817 2289 1936 2344 simi
1971 2287 2088 2349 filii,
2122 2284 2376 2338 festinate
2422 2282 2488 2334 ad
2538 2275 2896 2335 confessionis
2951 2272 3408 2327 medicamentum

1817 2367 2310 2450 aperit-evulnera
2363 2373 2415 2427 in
2469 2369 2854 2430 confessione,
2901 2373 2959 2418 ut
3012 2359 3409 2417 medicamenta

1819 2471 2014 2526 Salutis
2043 2467 2306 2538 perlicere
2333 2463 2557 2517 valeatis
2588 2463 2640 2515 in
2669 2462 2839 2514 vobis.
2876 2457 3184 2512 Transeunt
3247 2450 3413 2520 hujus

1817 2564 1942 2618 vita:
1969 2564 2105 2626 dies,
2133 2571 2186 2615 et
2219 2561 2424 2614 incerta
2457 2565 2541 2611 est
2589 2554 2876 2621 unicuique
2906 2559 3148 2604 nostrum
3191 2562 3293 2614 qua
3327 2558 3410 2596 re-

1820 2665 2067 2709 vertatur
2091 2651 2266 2722 pulvis
2307 2651 2359 2702 in
2409 2647 2706 2716 pulverem,
2762 2651 2817 2696 et
2863 2641 3084 2710 spiritus
3134 2636 3317 2689 redeat
3342 2631 3410 2684 ad

1820 2745 2128 2806 Dominum,
2154 2741 2245 2810 qui
2297 2738 2446 2793 dedit
2497 2737 2670 2797 illum,
2704 2741 2761 2786 ut
2792 2730 3066 2802 judicetur
3111 2724 3410 2779 secundum

1821 2853 1986 2908 opera
2017 2850 2134 2888 sua.
2163 2831 2428 2885 Auclitut‘a
2484 2828 2590 2882 erit
2643 2836 2769 2878 tunc
2806 2822 2984 2874 auitua
3030 2814 3290 2888 quidquid
3322 2811 3411 2865 illC

1822 2931 2071 3000 copulata
2109 2925 2258 2980 carni
2291 2922 2460 2991 gessit
2498 2921 2550 2974 in
2584 2917 2818 2976 occulto,
2867 2915 2910 2968 si
2961 2925 3102 2965 nunc
3131 2903 3412 2962 erubescis

1823 3017 2068 3074 confiteri
2120 3023 2339 3085 peccata
2397 3023 2485 3064 tua
2536 3024 2632 3079 per
2684 3002 3058 3076 pwnitentiam
3101 2996 3415 3052 emendare.

1827 3111 2004 3165 Stabit
2037 3115 2290 3162 causatur
2325 3103 2596 3172 malignus
2623 3109 2808 3152 contra
2840 3111 2983 3156 eam,
3017 3092 3104 3161 qui
3136 3088 3409 3159 quondam

122 3201 280 3272 ius”
327 3212 593 3252 excusare
649 3193 886 3264 Powrisv
943 3191 1069 3244 dum
1124 3188 1265 3243 calix
1312 3201 1466 3254 aqum
1514 3181 1722 3249 frigidm
1752 3180 1791 3235 Ο
1827 3201 2096 3271 suggessit
2130 3199 2206 3252 illi
2236 3208 2291 3252 ut
2324 3202 2596 3264 peccaret,
2632 3193 2674 3245 si
2717 3205 2814 3244 nos
2859 3183 3250 3254 neglexet-imus
3280 3192 3415 3247 pric-

125 3290 390 3346 mcreede
415 3286 851 3342 remunerabitur
880 3290 1159 3353 perpetua.
1189 3279 1426 3333 Visitare
1453 3275 1720 3335 infirmos,

124 3390 437 3438 mmrentes
466 3377 754 3438 consolari,
795 3374 1100 3444 hospitibus
1139 3383 1446 3426 occurrere,
1477 3366 1618 3428 fame
1645 3362 1724 3415 vel

123 3476 224 3530 siti
251 3473 562 3528 laborantes
611 3469 858 3531 reficere,
918 3464 1189 3536 possessio
1232 3471 1316 3517 est
1347 3459 1499 3529 regni
1533 3457 1626 3511 llei
1672 3456 1724 3509 in

119 3567 311 3624 caelis.
349 3566 501 3619 Sicut
534 3564 588 3618 in
631 3561 923 3631 Evangelia
974 3559 1189 3626 legitur.
1221 3556 1279 3609 lu
1332 3554 1542 3614 talium,
1567 3565 1600 3602 ο
1626 3548 1723 3612 (ili,

119 3675 365 3731 operum
395 3657 744 3713 exsecutione
772 3662 1119 3723 peccatorum
1169 3646 1422 3702 remissio
1469 3642 1725 3704 habetur,

120 3756 364 3822 insuper
387 3763 441 3807 et
466 3759 737 3820 perpetua:
765 3743 1116 3800 beatitudinis
1147 3747 1369 3810 priestat
1397 3738 1725 3807 ingressum.

115 3845 254 3900 Noli
287 3842 572 3915 degeneris
600 3839 764 3894 animi
803 3851 966 3900 esse;
1019 3833 1112 3888 Dei
1165 3831 1306 3884 lilius
1351 3829 1404 3882 in
1456 3825 1728 3894 baptismo

115 3946 494 3992 consecratus
525 3948 607 3997 es,
637 3931 730 3985 sed
761 3939 868 3983 tam
895 3924 1168 3981 excellens
1205 3920 1459 3976 nobilitas
1483 3932 1589 3972 non
1625 3914 1728 3968 nisi

113 4042 340 4096 magna
371 4041 580 4079 morum
614 4023 881 4093 dignitate
922 4013 1248 4072 conservari.
1286 4009 1507 4082 poterit.
1555 4006 1732 4063 Coale—

112 4117 232 4172 slis
267 4115 450 4177 Pater,
486 4115 594 4168 imo
624 4112 864 4166 omnium
926 4106 1186 4161 Dominus
1237 4110 1550 4173 peccatores
1605 4097 1736 4152 sub-

110 4211 304 4270 ditos,
333 4205 710 4275 dedignabitur
735 4203 934 4256 habere
966 4199 1104 4252 filios
1122 4237 1138 4260 ,
1165 4203 1358 4248 excute
1383 4192 1448 4245 de
1472 4187 1609 4242 collo
1640 4195 1734 4240 tuo

102 4300 327 4368 jugum
357 4293 686 4362 captivitatis
712 4289 1022 4348 diabolicae;
1056 4295 1336 4336 recurrere
1362 4279 1428 4332 ad
1475 4277 1731 4346 pietatem

107 4394 384 4456 paterna:
439 4379 772 4440 dilectionis,
812 4385 1086 4430 revertere
1139 4371 1204 4424 ad
1260 4369 1581 4428 dominum,
1637 4363 1730 4425 fili,

109 4486 439 4535 revertere,
482 4482 536 4526 et
589 4487 654 4524 ex
691 4479 904 4523 mortuo
957 4463 1254 4526 revivisce,
1307 4469 1362 4515 et
1406 4475 1470 4512 ex
1521 4455 1735 4525 perdito

107 4579 421 4636 reparare.
454 4563 662 4630 Qumrit
695 4575 849 4613 ovem
898 4559 1073 4611 bonus
1121 4553 1315 4607 Pastor
1357 4559 1650 4605 errantem.
1682 4555 1737 4601 et

101 4658 374 4726 amplius
404 4657 468 4709 de
515 4655 730 4707 inventa
761 4664 921 4719 quam
959 4655 1085 4699 ante
1147 4645 1353 4714 perdita
1390 4641 1692 4711 gratulatur
1719 4679 1734 4703 ,

99 4760 175 4805 ct
207 4747 465 4803 humeris
489 4745 602 4799 suis
647 4739 1079 4808 interangclicos
1121 4735 1327 4790 revehit
1373 4743 1564 4787 coitus.
1603 4731 1736 4785 Ani-

101 4836 423 4894 madverte
477 4832 957 4890 clementissimam
1007 4825 1298 4879 Dominicre
1346 4822 1560 4892 pietatis
1609 4837 1738 4875 scn-

105 4933 364 4986 tcntiam
397 4925 632 4986 dicentis
660 4943 671 4978 :
724 4924 836 4978 Non
866 4922 984 4979 veni
1011 4933 1203 4972 vocare
1249 4916 1444 4985 justos,
1480 4914 1573 4966 sed
1615 4929 1730 4981 pec-

97 5035 355 5078 catores
411 5021 465 5074 in
519 5017 913 5086 pmuitentiam.
975 5009 1144 5063 Vocat
1185 5023 1314 5077 ergo
1365 5004 1628 5060 Dominus
1672 5003 1742 5059 ad

102 5115 523 5186 paenitentiam
550 5119 890 5178 peccatores,
934 5102 1061 5172 quia
1107 5099 1280 5168 magis
1330 5103 1480 5166 optat
1528 5097 1742 5152 sali-are

1825 3294 2012 3348 venire
2048 3291 2240 3344 faciem
2284 3288 2486 3356 judicis
2522 3285 2574 3339 in
2605 3281 3022 3338 confessionem.
3069 3274 3415 3341 Qutrcunque

1826 3383 1970 3438 enim
2003 3379 2277 3435 hunnliter
2303 3376 2629 3433 confitemur
2658 3375 2710 3427 in
2745 3370 2945 3425 nostris
2984 3368 3246 3437 peccatis,
3280 3359 3414 3414 nihil

1830 3475 2020 3529 borum
2053 3470 2299 3524 diabolus
2348 3467 2570 3521 habebit
2618 3471 2943 3533 potestatem
2993 3458 3147 3511 nobis
3181 3455 3421 3524 objiccre

1831 3569 1884 3622 in
1911 3567 2004 3620 illo
2039 3563 2319 3618 tremendo
2342 3560 2548 3630 judicio
2571 3567 2770 3611 nostrae
2803 3554 2943 3606 vitae.

1902 3655 2060 3725 Agite
2089 3667 2251 3713 nunc,
2275 3651 2505 3716 juvenes
2555 3641 2942 3700 adolescentuli
2988 3648 3041 3692 et
3073 3634 3248 3706 pueri,
3287 3632 3426 3686 libe-

1832 3758 1951 3803 rate
1979 3744 2338 3808 vosmetipsos
2383 3739 2448 3793 de
2503 3737 2767 3792 diabolica
2806 3733 3068 3788 servitute
3118 3743 3214 3799 per
3251 3725 3422 3795 pului-

1835 3839 2058 3906 tentiam
2090 3839 2155 3888 ad
2189 3831 2667 3887 clementissimum
2717 3822 3108 3906 omnipotentis
3170 3819 3265 3872 Dt‘i
3310 3817 3425 3886 pie-

1835 3938 2023 3983 tatem.
2057 3925 2230 3980 Nolite
2282 3937 2379 3992 per
2422 3919 2685 3974 desideria
2733 3900 2913 3970 carnis
2959 3923 3156 3967 vestrm
3194 3908 3418 3979 perdere

1835 4021 2029 4095 gaudia
2057 4017 2297 4074 coelestia
2329 4024 2382 4069 et
2410 4011 2598 4067 κιαι-ιιι
2650 4008 2798 4079 regni
2855 4008 2994 4060 inter
3025 4003 3294 4073 augelicos
3321 4013 3426 4052 ca:-

1837 4094 1924 4169 tus
1955 4109 2376 4170 beatitudinem;
2432 4103 2531 4157 sed
2582 4099 2885 4156 confortate
2945 4094 3336 4170 vosmetipsos,
3369 4097 3424 4140 et

1835 4205 2066 4272 viriliter
2092 4208 2328 4272 pugnate
2368 4211 2490 4249 cum
2533 4190 2846 4247 adversario
2869 4197 3070 4248 vestro,
3100 4193 3159 4238 ut
3195 4168 3426 4236 feliciter

1838 4293 2157 4352 mereamini
2189 4287 2439 4346 coronari
2481 4302 2605 4340 cum
2645 4282 2850 4340 sanctis
2881 4281 2998 4343 Dei,
3026 4290 3078 4332 et
3108 4283 3425 4345 perpetuam

1839 4403 1960 4444 cum
2012 4386 2118 4440 illis
2171 4382 2449 4452 possidere
2501 4377 2747 4447 gloriam.
2804 4374 2868 4427 Et
2907 4386 3042 4432 vos,
3091 4361 3426 4422 sanctissimi

1840 4479 2000 4549 hujus
2032 4475 2248 4530 familia:
2278 4470 2519 4540 magistri
2565 4477 2620 4522 ct
2663 4465 2874 4528 Patres,
2921 4463 3110 4516 docete
3159 4457 3297 4509 tilios
3335 4469 3427 4507 ve-

1841 4583 1984 4626 stros
2013 4575 2099 4638 pte
2123 4606 2137 4630 ,
2191 4561 2370 4618 sobrie
2393 4570 2446 4614 et
2472 4567 2625 4613 caste
2654 4557 2834 4608 vivere
2873 4567 3056 4606 coram
3112 4547 3340 4601 Domino
3377 4544 3429 4596 in

1843 4659 1993 4715 omni
2018 4655 2344 4715 humilitate,
2388 4648 2696 4704 obedientia
2719 4656 2769 4699 ct
2813 4645 3124 4702 sanctitate,
3154 4646 3210 4690 et
3241 4649 3430 4702 puram

1845 4753 2026 4807 facere
2065 4744 2438 4802 sacerdotibus
2482 4742 2685 4796 Christi
2737 4737 3135 4794 conchsiuuem
3184 4735 3437 4795 peccato-

1847 4861 1965 4900 rum
1994 4855 2237 4904 suorum,
2269 4847 2323 4892 et
2349 4835 2683 4906 pcnuitentia:
2708 4828 2965 4899 lacrymis
2994 4823 3213 4878 abluere
3244 4818 3444 4870 sordes

1848 4935 2074 4990 luxuria:
2130 4945 2351 4990 carnis,
2408 4942 2509 4980 nec
2559 4939 2654 4977 eas
2711 4923 2907 4976 iterum
2969 4907 3270 4984 repetere,
3318 4907 3450 4972 (ptio

1849 5026 2151 5099 posteriora
2179 5020 2399 5073 vulnera
2446 5015 2629 5087 pejora
2683 5019 2814 5066 sunt
2847 5007 3167 5075 prioribus;
3211 4995 3460 5048 scientes

1844 5119 2206 5186 vosmetipsos
2235 5115 2303 5168 de
2331 5111 2507 5166 salute
2557 5104 2793 5159 filiorum
2829 5109 3144 5154 vestrorum
3191 5095 3465 5140 a‘lernam
