3984 5316
556 301 689 360 1559

1580 299 1952 358 ΑΒΝυιιτῐε
1995 298 2337 358 REMENSIS
2365 298 2680 356 ARCIIIEP.

3678 293 3813 351 1540

882 421 3795 451 ’ΜΨ-*ὰ*-

1114 526 2051 677 Βιωινοιπιε
2100 517 3310 706 ιιιπαοιπιιπειε

1958 766 2481 875 CHARTA
2956 752 2957 757 Ν

1467 974 1793 1039 Nonnulla
1824 976 2120 1038 Besumst’
2150 973 2424 1037 cmnobio
2459 974 2859 1055 con/arentis.

1626 1113 1793 1186 (Call.
1828 1113 2049 1179 Christ.,
2084 1115 2171 1181 IV,
2199 1116 2470 1187 Appcnd.,
2498 1134 2551 1189 p.
2595 1120 2743 1193 158.)

1978 1262 2275 1275 -ῄη

619 1389 983 1448 Considerans
1029 1398 1131 1457 ego
1156 1382 1574 1467 Lingonensinm
1620 1381 1801 1438 Bruno
1846 1382 2131 1452 episcopus
2161 1369 2207 1424 Α
2235 1394 2577 1453 peccatorum
2612 1383 2928 1440 remissione
2967 1401 3125 1456 quam
3157 1385 3224 1441 ibi
3252 1387 3516 1445 deberent
3552 1389 3825 1460 accipere,

550 1482 707 1539 olIicii
738 1482 844 1537 mei
873 1477 1255 1550 negligentiam
1284 1476 1338 1530 in
1367 1474 1763 1530 damnationem
1786 1474 1979 1526 anima:
2003 1490 2133 1527 mea:

550 1575 764 1637 cadere,
793 1571 947 1641 juxta
978 1582 1170 1624 sensus
1196 1566 1301 1621 mei
1334 1564 1553 1639 modum
1588 1563 1861 1618 elaboravi
1890 1562 2135 1618 ccclesiis

550 1668 761 1724 Domini
791 1666 1095 1737 provisores
1115 1661 1343 1727 allicere,
1366 1659 1477 1729 qui,
1505 1659 1558 1713 in
1580 1659 1660 1714 cis
1689 1658 1948 1713 talentum
1975 1656 2134 1712 Verbi

549 1760 716 1814 divini
748 1758 1190 1819 disseminantes,
1222 1769 1432 1809 mecum
1471 1753 1676 1822 pariter
1711 1752 1775 1806 de
1807 1766 1873 1805 eo
1902 1752 2000 1820 ipsi
2031 1752 2136 1805 Do-

551 1849 700 1904 mino
724 1848 850 1904 Jesu
879 1846 1098 1902 Christo
1136 1850 1345 1900 lucrum
1379 1852 1720 1911 reportantes
1753 1851 1969 1897 aeterna:
2012 1842 2135 1896 vitae

551 1939 989 1994 remuneratione
1015 1936 1341 1990 ditarentur.
1373 1934 1527 1990 Volui
1574 1933 1739 2004 igitur
1766 1933 2008 1988 ecclesia:
2037 1931 2136 1986 Be-

549 2029 732 2084 sucnsi
779 2027 1035 2082 domuum
1068 2026 1409 2084 Guillelmum
1455 2026 1631 2079 virum
1671 2024 2133 2095 religiosissimum

550 2121 801 2177 abbatem
831 2102 1084 2189 pmesse,
1115 2118 1233 2188 qui,
1267 2118 1393 2172 dum
1425 2118 1478 2172 in
1500 2133 1562 2172 ea
1592 2128 1784 2171 cuncta
1816 2116 2136 2187 regulariter

550 2225 616 2264 ac
633 2208 883 2276 religiose
908 2207 1559 2277 disponeret,intelligens
1589 2206 1805 2277 propria
1831 2207 1885 2260 in
1912 2206 2136 2276 quihus-

550 2299 675 2355 dam
703 2313 811 2353 non
849 2298 982 2354 satis
1007 2297 1270 2359 suﬂicere.
1303 2300 1552 2368 quasivit
1581 2298 1647 2353 ab
1677 2297 1907 2353 ecclesia
1941 2297 2136 2368 Lingo-

550 2388 706 2444 nensi
735 2387 977 2443 ecclesia:
1010 2388 1284 2465 .BeSitensi
1336 2387 1537 2458 aliquid
1584 2387 1652 2441 ad
1699 2387 1969 2441 luminarii
1999 2402 2143 2455 Opus

549 2477 807 2537 anteiri.
822 2477 1167 2551 Coguosceus
1189 2478 1371 2549 itaque
1396 2478 1640 2549 petitioni
1663 2478 1765 2533 viri
1790 2478 1998 2533 Domini
2027 2493 2135 2532 non

549 2586 670 2625 esse
708 2572 1211 2634 contradicendum.
1262 2586 1387 2627 cum
1431 2571 1662 2627 consilio
1710 2572 1879 2627 totius
1913 2572 2135 2644 capituli

551 2658 912 2732 Lingoneusis
941 2661 1104 2738 statui
1135 2671 1194 2716 ut
1222 2662 1287 2718 de
1311 2662 1559 2718 ecclesiis
1592 2677 1624 2717 a
1653 2678 1750 2718 sex
1781 2662 1948 2718 ieucis
1995 2663 2135 2718 ultra

550 2746 695 2801 infra
722 2764 753 2802 a
780 2748 954 2803 Besua
984 2758 1225 2819 tempore
1249 2751 1631 2822 Rogationum,
1661 2768 1849 2808 omnes
1881 2761 1990 2807 tam
2032 2752 2136 2808 viri

549 2849 713 2904 quam
766 2836 1021 2892 mulieres
1056 2854 1178 2892 cum
1208 2839 1573 2896 oblationibus
1604 2843 1673 2898 ad
1722 2841 1826 2897 SS.
1862 2843 2139 2913 apostolo-

551 2939 674 2979 rum
700 2925 846 2981 Petri
872 2936 929 2983 et
963 2927 1115 2984 Pauli
1159 2930 1344 2987 limina
1371 2933 1722 2991 conveniant.
1759 2935 1893 2990 Illud
1922 2951 2137 3008 quoque

550 3032 659 3072 non
710 3018 886 3075 otiose
937 3032 1150 3076 mecum
1206 3032 1463 3093 reputans
1513 3025 1662 3095 quia,
1718 3043 1841 3081 cum
1896 3037 2138 3099 tempore

547 3107 742 3161 eodem
784 3106 1061 3180 Lingonas
1106 3111 1291 3166 venire
1333 3113 1613 3180 deberent,
1665 3114 1755 3169 alii
1803 3115 2139 3187 longitudine

550 3196 675 3263 vim,
706 3197 796 3252 alii
845 3200 1217 3265 imbecillitate
1246 3206 1512 3275 corporis,
1553 3221 1648 3261 seu
1698 3206 1966 3278 aliquibus
2014 3210 2135 3267 aliis

550 3288 932 3346 occasionibus
964 3294 1247 3360 retardati,
1304 3296 1500 3364 pabulo
1546 3297 1810 3355 Dominici
1866 3302 2037 3367 verbi,
2086 3311 2142 3358 et

2239 1475 2657 1530 frustrabantur.
2685 1476 2913 1531 Veniant
2938 1478 3098 1546 igitur
3124 1478 3213 1535 illo
3240 1489 3485 1551 tempore
3515 1493 3749 1545 statuto.
3770 1491 3825 1537 el

2236 1565 2304 1619 de
2324 1566 2562 1634 peccatis
2590 1567 2704 1620 suis
2732 1566 2941 1620 veniam
2988 1568 3343 1636 postulantes,
3379 1571 3450 1625 ab
3480 1572 3565 1625 eis
3592 1587 3823 1640 quorum

2236 1654 2431 1726 lingua:
2453 1657 2632 1712 claves
2655 1658 2776 1712 cceli
2814 1657 2972 1713 facta:
3005 1669 3150 1727 sunt,
3194 1676 3225 1716 a
3262 1664 3550 1718 monachis
3576 1663 3689 1718 illic
3717 1663 3827 1717 Deo

2237 1747 2622 1813 servientibus,
2649 1750 2715 1804 de
2756 1750 2929 1805 salute
2954 1753 3255 1807 animarum
3284 1770 3509 1808 suarum
3532 1754 3821 1819 admoniti,

2237 1837 2379 1894 facta
2419 1840 2788 1905 absolutione,
2825 1849 2879 1895 et
2918 1842 3042 1895 data
3070 1842 3471 1910 benedictione,
3501 1844 3615 1899 laeti
3645 1858 3825 1899 rever-

2237 1936 2421 1983 tantur
2445 1930 2673 1999 in'pace,
2698 1939 2803 1985 etc.
2840 1930 2911 1985 Et
2936 1940 2995 1986 ut
3023 1934 3128 1987 hoc
3173 1948 3271 2002 per
3303 1933 3507 1989 saecula
3539 1933 3827 1988 incomta]-

2236 2034 2355 2074 sum
2398 2031 2732 2091 permaneat,
2757 2037 2917 2077 manu
2962 2033 3143 2079 nostra
3169 2024 3357 2079 subter
3403 2026 3751 2080 ﬁrmavimus
3772 2033 3828 2078 et

2238 2119 2364 2165 uta
2418 2110 2661 2179 pluribus
2710 2113 3019 2166 ﬁrmaretur
3066 2113 3393 2183 rogavimus.
3442 2113 3505 2167 S.
3554 2113 3829 2167 Brunonis

2237 2198 2494 2269 episcopi.
2542 2198 2600 2253 8.
2629 2198 2898 2255 Guillelmi
2929 2200 3161 2256 abbatis.
3194 2200 3253 2256 S.
3289 2201 3574 2256 Lamberti
3621 2217 3827 2272 praepo-

2237 2292 2345 2347 siti.
2388 2291 2448 2346 8.
2485 2291 2705 2346 Geraldi
2745 2294 3135 2349 archidiaconi.
3175 2293 3233 2350 8.
3264 2294 3521 2349 Teudrici
3552 2294 3827 2348 archidia—

2238 2386 2383 2441 coni.
2434 2383 2493 2439 S.
2540 2385 2810 2439 Brunonis
2835 2385 3220 2442 archidiaconi.
3261 2385 3322 2441 S.
3352 2385 3616 2440 Teudrici
3649 2386 3826 2439 archi-

2238 2476 2471 2532 diaconi.
2506 2476 2564 2531 S.
2603 2476 2878 2532 Teudouis
2907 2477 3214 2532 archiclavi.
3265 2477 3323 2532 S.
3360 2478 3619 2533 Widonis
3649 2479 3829 2532 archi-

2238 2568 2471 2624 diaconi.
2525 2567 2585 2622 S.
2614 2566 2827 2622 Amelii.
2879 2566 2938 2623 S.
2972 2567 3216 2622 Widonis
3253 2568 3585 2639 presbyteri.
3634 2568 3700 2622 8.
3737 2567 3827 2622 Gi-

2240 2658 2377 2714 raldi
2418 2659 2797 2731 hypodiaconi.
2828 2658 2887 2714 S.
2921 2659 3161 2714 Nivardi.
3204 2658 3262 2715 S.
3292 2659 3565 2725 Gocelini,
3595 2668 3655 2714 et
3696 2659 3828 2713 alio-

2244 2766 2363 2806 rum
2392 2752 2704 2806 multorum.
2756 2751 2867 2822 Ego
2891 2750 3149 2806 Airardus
3196 2750 3552 2805 cancellarius
3608 2749 3825 2820 scripsi,

2242 2846 2298 2894 et
2328 2853 2451 2894 cum
2480 2840 2691 2895 caeteris
2712 2838 2958 2894 laudator
2976 2848 3032 2894 et
3061 2841 3344 2895 roborator
3371 2838 3582 2893 exstiti.

2312 2927 2447 2984 Acta
2485 2938 2611 2985 sunt
2645 2929 2763 2985 haec
2791 2944 2934 2984 anno
2972 2930 3039 2984 ab
3072 2930 3443 2985 lncarcatione
3476 2928 3640 2993 1008,
3688 2929 3827 2984 indi-

2243 3021 2423 3077 ctione
2451 3021 2505 3085 6,
2547 3034 2735 3091 epacta
2766 3038 2845 3087 ιι,
2880 3032 3239 3078 concurrente
3279 3038 3355 3086 IV,
3406 3033 3674 3092 regnante
3721 3023 3825 3077 Ro-

2242 3108 2397 3164 berto
2427 3126 2575 3182 rege,
2603 3121 2659 3168 et
2695 3113 2913 3169 domino
2951 3112 3201 3169 Brunone
3238 3113 3425 3168 sedem
3470 3112 3825 3181 Liogonican

2242 3208 2480 3258 tenente.

572 3424 3818 3481 -------

589 3446 863 3467 ν-ί
654 3446 3802 3469 ml

1865 3597 2037 3642 ANNO
2079 3599 2304 3644 DOMINI
2348 3602 2589 3648 MXXIII.

1524 3732 2030 3948 ARN
2054 3743 2901 3957 ULFUS

1098 4065 1884 4196 REMENSIS
1975 4064 3369 4210 ARCHIEPISCOPUS.

2031 4295 2332 4312 -————-

1520 4371 2054 4497 NOTITIA
2151 4396 2877 4505 HISTORICA.
2928 4446 2929 4449 γ

1202 4592 1357 4665 (Dom
1387 4593 1642 4664 Marmor,
1674 4595 1987 4669 Metropolis
2018 4597 2305 4657 Remensis
2326 4601 2588 4670 Historia,
2617 4613 2750 4663 tom.
2786 4604 2851 4675 ll,
2883 4622 3006 4679 pag.
3041 4608 3156 4682 39.)

1964 4727 2301 4747 -ῌ

625 4831 1901 4927 ἓτιξεξξὶἓρὶεςςῑιέιξξ,βςφξρξὲέιεριιῖςρξειςορπευ
1940 4839 2138 4927 εηυιςρτ
2165 4848 2213 4910 c
2244 4845 2310 4899 rii
2347 4854 2407 4900 ιιι
2442 4846 2643 4927 scribit
2677 4847 3039 4927 εοηιίιιρειιοε
3062 4849 3322 4927 omnis
3369 4854 3468 4927 sed
3508 4854 3665 4927 mins
3713 4856 3827 4927 eius

558 4915 677 4978 rum
709 4905 917 4978 animos
944 4906 1166 4978 ambitio
1196 4905 1536 4978 stimulabat;
1585 4905 1800 4978 quidam
1829 4911 1984 4964 donis
2031 4912 2134 4966 sibi

559 4973 635 5043 ad
657 4989 779 5043 eum
810 4976 914 5028 iter
937 4975 1220 5043 parabant,
1252 4975 1548 5043 Gerbertus
1577 4973 1634 5032 se
1667 4993 2034 5036 successorem
2066 4982 2133 5036 ab

557 5041 898 5098 Adalberone
924 5041 1211 5119 delectum,
1246 5041 1379 5119 voto,
1395 5049 1559 5102 totius
1578 5048 1730 5119 cieri,
1754 5052 1994 5119 omnium
2022 5052 2132 5119 cpi-

559 5126 849 5188 scoparum
871 5123 928 5168 et
961 5115 1270 5188 aliquorum,
1293 5118 1521 5171 militum
1550 5118 1788 5188 suﬂ‘ragii
1810 5115 2091 5185 jactitahat
2115 5138 2130 5187 ;

558 5182 656 5235 sed
685 5181 856 5236 Huao.
890 5181 1080 5236 nactus
1098 5186 1437 5236 occasionem
1467 5181 1786 5236 concilian'di
1812 5181 1914 5236 sibi
1940 5181 2131 5236 amici;

2242 4918 2543 4997 naturalis,
2577 4930 2633 4972 et
2672 4935 2844 4997 nepos
2866 4920 3041 4974 Caroli
3088 4919 3241 4997 ducis
3292 4922 3669 4997 liotbaringia
3706 4918 3822 4981 fuit.

2238 4985 2421 5059 [immo
2460 4985 2755 5058 episcopus
2786 4989 3138 5059 Liugouensis
3193 4992 3259 5046 de
3309 4985 3826 5051 Cilbertovcomitis

2239 5056 2519 5130 Reginaldi
2568 5056 2679 5112 ﬁlio
2731 5056 2954 5130 loquens
2991 5060 3043 5113 in
3071 5060 3220 5116 Actis
3261 5061 3487 5118 Coucilii
3531 5065 3594 5120 S.
3650 5066 3826 5121 Basoﬁ

2237 5141 2359 5180 eum
2405 5129 2631 5183 fratrem
2659 5129 2814 5184 suum
2846 5130 3059 5184 unicum
3085 5138 3262 5196 vocat,
3294 5142 3350 5188 et
3401 5132 3708 5192 Guidonetn
3736 5152 3826 5191 co-

2239 5196 2424 5236 milum
2459 5200 2902 5236 Ruinacinnnncnm
2937 5200 3318 5236 nnncnhrinum
3387 5200 3550 5236 ῘῖιιιιΑ
3579 5207 3791 5236 ριν-..ἔοι-
