3984 5316
158 336 288 393 1531

1361 330 1634 391 ΝΟΤΙΤΙΛ
1670 335 2029 393 lllSTORlC:\
2044 376 2055 389 .

3280 341 3423 398 1541

152 452 502 525 οὶιειηςιιιυιῃ
538 463 661 506 esse
712 456 924 521 poterat
981 445 1291 518 primordiis
1336 448 1561 504 novellae
1618 466 1729 505 sua:
1758 454 1805 509 Α
1830 451 1917 519 gm’
1943 448 2123 525 Caroli
2158 464 2371 525 cunam
2413 449 2729 525 genealogus
2752 453 3079 525 transfodit?
3102 454 3244 524 quod
3279 456 3418 525 faci-

156 521 555 576 dominationis.

224 594 522 661 Aute‘quam
561 605 699 645 onus
747 587 1057 661 pontificale
1104 587 1399 655 susciperet
1444 586 1726 661 Arnulfiis,

153 658 468 730 llugotti‘et
517 658 761 714 Roherto
798 659 1444 730 regibussacramentum
1477 658 1731 726 prrestitit

153 727 419 785 clientela:
449 747 540 783 seu
572 727 876 792 tidelitatis,
899 729 1038 797 quod
1068 742 1227 781 manu
1256 727 1492 795 propria,
1520 736 1578 781 ut
1616 743 1729 782 mo-

153 804 231 856 ris
260 810 362 859 est.
393 815 456 853 ac
482 800 655 859 sigillo
684 799 1079 853 corroboravit.

223 870 500 931 Arnulfus,
535 865 729 923 Remis
757 869 1128 938 inauguratus,
1161 866 1399 919 animum
1437 866 1621 938 statim
1663 865 1730 938 ad

148 942 546 1007 comparandos
599 939 699 992 sibi
755 936 959 993 amicos
1022 938 1381 1004 undecunque
1449 936 1727 1007 applicuit.

150 1005 348 1064 Sciens
375 1008 800 1063 benevolentiam
829 1024 930 1075 qua
969 1022 1181 1073 semper
1223 1022 1351 1060 usus
1379 1017 1496 1060 erat
1532 1005 1730 1059 Exher-

153 1092 241 1134 tus
268 1080 603 1133 Trevirensis
632 1078 778 1131 circa
820 1084 992 1131 beatce
1023 1076 1409 1130 recordationis
1438 1077 1733 1144 pranleces-

149 1165 328 1204 sorctn
363 1149 774 1208 Adalberouem,
808 1148 1059 1200 tutiorem
1088 1162 1145 1200 se
1176 1144 1570 1212 forejudicavit
1598 1146 1641 1197 si
1678 1147 1729 1199 in

150 1220 255 1272 hoc
279 1220 649 1272 dissidentium
674 1232 961 1282 regnorum
990 1216 1215 1269 tumultu
1253 1231 1315 1268 ac
1349 1214 1586 1269 novitate
1622 1230 1731 1268 sua:

148 1288 508 1343 ordinationis
540 1286 959 1339 indissolubilcm
990 1302 1111 1339 cum
1138 1302 1202 1338 eo
1228 1296 1573 1339 conservaret
1597 1286 1731 1337 ami-

149 1356 358 1413 citium.
416 1358 681 1410 Cietcrum
728 1356 953 1410 Carolus
1002 1355 1240 1408 Lauduui
1284 1355 1429 1408 velut
1468 1355 1628 1407 lima:
1678 1354 1731 1407 in

148 1428 393 1481 conclavi
428 1427 663 1486 latitans,
687 1442 807 1479 cum
832 1425 1031 1478 nullum
1065 1424 1258 1487 fwdus,
1318 1424 1474 1477 nulla:
1504 1424 1731 1477 inducizc

150 1498 393 1551 dolorem
427 1498 589 1549 animi
630 1497 799 1549 lenire
828 1504 1064 1563 possent.
1112 1495 1238 1563 quin
1271 1494 1470 1546 avitum
1511 1510 1731 1563 regnum

147 1583 257 1635 qua
290 1568 361 1628 vi,
385 1582 487 1634 qtta
514 1566 635 1619 dolo
665 1575 952 1634 repeteret,
984 1574 1148 1617 totam
1174 1566 1445 1633 regionem
1479 1574 1731 1630 tanquam

149 1636 553 1689 infensissitnus
581 1636 748 1689 hostis
780 1635 1152 1703 populabatur.
1189 1636 1263 1687 Ac
1306 1636 1535 1703 primum
1587 1636 1733 1687 Mou-

146 1707 518 1759 tem-Arututn
560 1709 610 1759 in
644 1705 982 1758 Lauduuensi
1012 1720 1147 1775 pago
1188 1704 1371 1758 dolose
1406 1705 1587 1773 coepit,
1619 1715 1731 1757 tum

1833 518 1927 571 nus
1958 520 2042 571 die
2069 518 2245 590 Coena;
2270 518 2558 590 llomi’nicm
2578 518 2819 590 patravit.
2844 518 2923 577 0b
2950 524 3000 577 id
3028 518 3225 588 vetulus
3251 518 3392 579 tradi
3409 556 3423 568 -

1836 598 1919 659 lor
1945 599 2173 659 vocatur
2202 588 2269 659 ab
2298 588 2586 656 Eginaldo,
2619 606 2646 643 a
2689 591 2917 659 Naugio,
2968 602 3021 645 et
3058 609 3086 645 a
3115 593 3323 649 Joanne
3352 597 3419 650 de

1833 656 2018 729 lV'csle;
2059 658 2305 729 quamvis
2336 674 2440 713 non
2481 660 2660 713 desint
2702 663 2791 729 qui
2813 656 2892 715 ile
2922 664 3023 717 hac
3058 665 3279 719 historia
3313 666 3415 719 du-

1832 727 2026 789 bitent,
2076 737 2168 800 ut__
2188 726 2435 797 Papirius
2486 729 2680 783 Masso.
2721 726 2999 800 Quidquid
3048 734 3137 792 sit.
3187 734 3416 790 Carolus

1832 809 2020 864 captus
2046 796 2348 865 abllugtjne
2374 801 2564 851 ductus
2588 810 2670 853 est
2696 801 2747 853 in
2778 796 3079 855 custodiam
3104 804 3416 860 Aurelianis

1832 865 2070 932 civitate,
2094 867 2182 942 _ait
2209 866 2374 942 .llugo
2402 867 2783 942 Floriaceusis,
2838 879 3073 941 tuncque
3106 874 3320 940 penitus
3348 890 3413 929 ex

1833 936 2145 1010 stemmatis
2174 936 2319 1010 ejus-
2341 953 2493 991 ramo
2525 941 2764 993 excisum
2794 952 2877 994 est
2904 936 3125 1010 regnum
3182 944 3419 998 Franco-

1836 1018 1975 1080 rum.
2014 1008 2081 1058 At
2121 1004 2405 1080 Arnulfum
2440 1023 2531 1061 rex
2564 1010 2750 1063 deduci
2786 1009 2938 1078 jubet
2963 1004 3312 1080 judicandum
3349 1014 3419 1068 ad

1835 1075 2118 1149 collectam
2162 1075 2346 1149 Remis
2373 1080 2661 1149 synodum,
2695 1079 2744 1132 in
2772 1075 2876 1145 qua
2901 1075 3204 1149 deponitur.

1907 1143 2078 1197 Porro
2104 1146 2231 1211 quid
2261 1146 2329 1199 de
2356 1143 2559 1200 Armilli
2609 1143 2913 1217 proditione
2962 1143 3288 1205 censendum
3325 1153 3418 1214 sit.

1835 1216 1877 1270 si
1930 1224 2189 1289 actorum
2218 1217 2537 1289 supradicta}
2579 1216 2767 1288 synodi
2802 1224 2943 1288 (quze
2984 1222 3115 1273 tanti
3166 1222 3419 1289 ponderis

1834 1300 1940 1358 non
1956 1296 2077 1358 sunt
2100 1284 2491 1358 quinsuspicio
2518 1284 2749 1341 suboriri
2779 1284 2945 1356 possit
2974 1284 3226 1358 corrup'ta
3255 1290 3420 1346 fuisse

1835 1356 1902 1408 ab
1962 1354 2254 1429 lucretio-is)
2294 1355 2435 1406 nulla
2479 1358 2615 1409 ratio
2659 1354 2938 1429 habeatur,
2993 1362 3080 1411 vix
3130 1354 3418 1429 quisquam

1836 1430 1983 1497 certo
2013 1423 2251 1497 delinire
2272 1434 2467 1497 potest,
2500 1443 2620 1479 cum
2654 1428 2962 1496 Eginaldus,
2984 1423 3420 1497 suppresso'inti-

1836 1494 2069 1548 delitatis
2100 1494 2356 1578 crimine,
2383 1496 2554 1578 virtim
2602 1494 2767 1578 piunt"
2799 1514 2861 1553 ac
2910 1494 3207 1578 modestum
3253 1499 3419 1578 fuisse

1837 1574 2042 1616 asserat
2066 1566 2377 1629 eumqueoh
2401 1566 2568 1618 solam
2603 1566 2862 1620 invidiam
2893 1585 2954 1621 ac
2986 1569 3240 1622 natalium
3268 1570 3417 1623 defe-

1836 1645 1979 1705 ctum
2014 1644 2239 1701 urgente
2264 1634 2465 1705 Capeto
2502 1638 2877 1703 degradatum,
2930 1639 3012 1690 cui
3061 1640 3422 1705 astipulantur

1836 1704 2053 1785 qliidam
2086 1704 2483 1785 auctoresnfi-i-e
2521 1709 2798 1785 (ςυίιὲειιιυὶἶ
2828 1716 2886 1785 et
2919 1709 3060 1785 inter
3095 1704 3228 1785 alios
3254 1709 3421 1785 _l|u-.;o

148 1776 569 1829 Suessionenscs
603 1791 781 1843 agros,
808 1791 869 1828 ac
901 1772 1194 1828 lleiiieiises
1226 1772 1571 1845 pervagatus,
1602 1790 1730 1828 cun-
1766 1788 1807 1840 Β
1837 1772 2217 1845 Floriaceusis.
2246 1784 2299 1825 et
2331 1772 2503 1825 Guido
2520 1777 2583 1828 de
2610 1776 2890 1831 llasoeliiis
2917 1782 3055 1845 apud
3086 1779 3419 1837 Alberieuni.

148 1855 234 1897 cta
272 1846 497 1913 rapinis,
529 1848 694 1910 crede,
751 1845 1002 1898 incendio
1049 1846 1384 1899 devastabat.
1440 1844 1602 1897 Fama
1650 1854 1733 1898 est

146 1916 312 1967 etiam
352 1916 419 1968 ab
448 1914 669 1969 Arnulfo
698 1914 1102 1982 archiepiscopo
1145 1914 1340 1968 Remos
1381 1914 1546 1967 fuisse
1602 1930 1728 1967 evo-

145 1996 355 2046 calum,
386 1988 473 2052 qui
508 1986 760 2037 misertus
788 1986 951 2037 sortis
976 1986 1149 2051 patrui
1186 1984 1288 2042 sui.
1315 1985 1567 2050 cogitavit
1588 1985 1730 2051 apud

146 2071 212 2107 se
248 2056 515 2123 quomodo
544 2055 815 2107 civitatem
846 2055 894 2107 ei
932 2055 1187 2108 traderet.
1226 2053 1290 2105 Et
1315 2053 1567 2122 quoniam
1598 2056 1729 2107 alias

146 2140 283 2179 usus
355 2124 528 2178 fuerat
583 2140 745 2193 Opera
802 2123 1051 2192 Adalgeri
1114 2124 1458 2192 presbyteri,
1537 2125 1730 2178 iterum

146 2194 355 2263 pepigit
382 2210 501 2246 cum
542 2209 628 2255 eo,
671 2194 812 2247 datis
858 2205 1134 2261 portarum
1168 2194 1315 2247 urbis
1362 2193 1620 2256 clavibus,
1675 2203 1732 2247 ut

148 2276 248 2317 eas
277 2265 561 2317 confestim
594 2265 850 2331 aperiret,
885 2278 1003 2317 cum
1056 2263 1285 2331 primum
1338 2264 1443 2315 dux
1492 2272 1732 2318 armatus

147 2334 525 2398 adventasset;
557 2335 696 2403 quod
730 2335 803 2386 ita
836 2334 1034 2387 factum
1071 2343 1171 2387 est.
1218 2332 1366 2386 Unde
1407 2331 1631 2385 Carolus
1666 2350 1730 2387 ex

146 2405 403 2457 eondicto
432 2407 617 2458 urbem
653 2414 888 2457 reserata
929 2413 1081 2473 porta
1129 2404 1422 2469 ingressus.
1464 2403 1732 2473 militibus

148 2488 273 2525 eim
306 2474 659 2543 diripiendam
694 2472 935 2535 tradidit,
976 2474 1339 2526 sanctuariqu
1382 2472 1472 2525 Dei
1522 2473 1726 2538 polluit,

152 2544 362 2596 clerum
394 2553 446 2596 et
489 2544 740 2612 populum
788 2559 909 2595 cum
957 2544 1367 2610 al'ClllelSt‘OllO
1415 2545 1728 2609 Captivavit.

151 2612 308 2677 Quod
344 2629 474 2667 vero
508 2630 612 2665 nott
652 2613 783 2665 levis
814 2614 1047 2680 suspicio
1076 2622 1217 2665 esset
1257 2614 1528 2667 civitatem
1579 2613 1730 2681 jussu

150 2684 544 2751 archiepiscopi
578 2682 772 2736 Carolo
803 2681 966 2736 fuisse
997 2684 1271 2746 traditam,
1310 2684 1422 2750 ipse
1452 2690 1505 2733 ut
1546 2696 1662 2734 eam
1702 2699 1730 2735 a

151 2768 216 2805 se
261 2755 575 2805 amoliretur
619 2753 878 2806 adversus
918 2768 1105 2804 omnes
1135 2754 1224 2819 qtii
1274 2752 1459 2805 urbem
1504 2767 1565 2819 sp
1589 2752 1733 2806 ilias-

150 2833 279 2876 sent
304 2823 696 2877 severissimum
726 2823 1083 2875 anathematis
1112 2822 1431 2875 sententiam
1460 2822 1693 2874 intorsit.

232 2893 380 2961 llugo
416 2909 502 2947 rex
555 2895 756 2946 certior
788 2892 959 2945 factus
992 2908 1168 2944 rerum
1207 2892 1444 2945 omnium
1481 2906 1598 2959 qua:
1640 2907 1731 2945 ac-

148 2962 403 3016 ciderant
430 2964 794 3031 (increbnerat
830 2963 973 3015 enim
1012 2978 1196 3014 rumor
1236 2964 1491 3014 adversus
1532 2963 1733 3015 Arnul-

151 3032 269 3084 fum
316 3034 379 3085 de
408 3034 707 3103 proditione
746 3032 1308 3103 llemettsiscivitatis)
1339 3032 1577 3103 nihilque
1600 3049 1733 3085 cuu-

150 3101 591 3180 ctandum'ratus,
608 3104 791 3156 statuit
813 3119 937 3180 eum
960 3101 1226 3180 subjicere
1250 3103 1489 3180 synodali
1508 3101 1729 3180 judicio,
1764 3125 1805 3180 ρ

148 3182 217 3225 ιιι
244 3186 433 3241 poenas
464 3172 636 3226 lueret
669 3188 781 3226 smn
811 3173 1163 3234 intidelitatis,
1194 3180 1245 3224 et
1280 3188 1401 3225 cum
1432 3173 1732 3226 inconsulta

151 3245 285 3296 sede
316 3244 628 3311 apostolica,
668 3244 734 3295 ad
766 3258 923 3311 quam
952 3242 1147 3311 judicia
1179 3242 1551 3311 episcoporqu
1593 3242 1734 3296 refe-

154 3313 327 3367 renda
355 3324 497 3375 sunt,
533 3312 584 3365 id
625 3313 789 3379 probe
817 3313 982 3367 sciret
1027 3312 1143 3366 lieri
1180 3328 1280 3365 non
1314 3328 1488 3381 posse,
1527 3312 1736 3367 litteras

152 3383 225 3435 ad
252 3381 509 3435 Joannem
541 3398 729 3450 papam
772 3397 864 3452 per
896 3384 1112 3437 nuntios
1144 3383 1255 3451 ipse
1282 3383 1496 3444 direxit,
1539 3384 1738 3450 datque

150 3467 379 3519 operam
412 3463 466 3505 ut
494 3454 611 3505 alia:
657 3453 961 3505 scribantur
1008 3453 1077 3506 ab
1130 3453 1395 3522 episcopis
1453 3452 1739 3507 Bernensis

150 3523 471 3592 provinciae,
506 3522 700 3591 quibus
731 3523 954 3590 petitum
994 3532 1077 3576 est
1124 3534 1182 3577 ut
1234 3524 1373 3576 idem
1415 3525 1652 3592 pontifex
1686 3525 1735 3577 itt

152 3593 443 3647 Arnulfum
473 3596 540 3648 ob
568 3594 829 3661 insignem
857 3594 1235 3661 proditionem,
1279 3594 1492 3661 aliaque
1526 3593 1737 3661 objecta

157 3664 418 3726 crimina,
453 3662 812 3716 damnationis
850 3662 1171 3715 sententiam
1203 3664 1487 3731 proferret.

232 3732 375 3786 Missi
410 3748 620 3801 quoque
671 3734 862 3786 eodem
917 3740 1157 3800 tempore
1210 3735 1429 3785 Romam
1480 3732 1637 3800 legati
1672 3732 1738 3785 ab

155 3800 445 3857 lle‘riberto
472 3804 692 3867 comite,
722 3817 910 3856 socero
932 3802 1108 3855 Caroli
1142 3803 1539 3870 principis..qui
1579 3802 1740 3856 citius

154 3872 344 3926 lorsau
396 3874 625 3943 appulsi,
674 3872 985 3925 muneribus
1030 3884 1474 3941 praeoccuparuut
1526 3874 1741 3940 pontiti-

152 3958 278 3995 cem
310 3943 372 4007 (si
406 3942 669 3997 Gerberto
698 3943 1022 3995 credendum
1062 3943 1112 3995 iu
1143 3945 1355 4011 propria
1385 3944 1591 4011 causii),
1618 3957 1740 3995 cum

158 4013 379 4065 interim
407 4012 564 4083 legati
590 4014 731 4082 regis
754 4020 809 4083 et
832 4013 1203 4081 episcoporum
1235 4028 1329 4081 per
1353 4014 1588 4083 triduum
1613 4022 1741 4066 ante

155 4082 344 4151 palatii
371 4082 563 4149 jauuas
597 4082 897 4149 defatigati,
936 4097 1036 4135 nec
1085 4083 1326 4151 admiSsi,
1352 4082 1547 4136 infecto
1580 4098 1744 4151 nego-

159 4150 238 4205 tio
269 4152 495 4206 Galliitn
527 4154 701 4208 redire
730 4154 899 4207 coacti
934 4160 1077 4205 sunt.
1126 4150 1225 4204 Ubi
1267 4167 1395 4217 ergo
1434 4170 1461 4203 a
1498 4150 1741 4205 “muttito

197 4225 417 4276 ontilice
444 4224 640 4275 reversi
672 4238 774 4275 non
808 4222 974 4276 fuisse
1010 4222 1221 4275 amlitos
1253 4222 1566 4281 retulerunt,
1589 4223 1739 4275 intel-

197 4240 417 4276 0nllllt‘c
444 4240 640 4275 reversr
672 4240 774 4275 non
808 4240 974 4276 tuisse
1010 4240 1221 4275 animos
1253 4240 1566 4281 rcutieruut,
1589 4240 1739 4275 nitet-

156 4240 360 4347 rectum
395 4301 496 4354 est,
528 4294 679 4360 quasi
732 4306 796 4345 ex
829 4308 893 4345 eo
943 4292 1155 4346 silentio
1204 4291 1476 4359 judicandi
1518 4291 1744 4345 faculta-

159 4372 270 4416 tem
312 4364 363 4417 in
410 4362 739 4416 Francorum
776 4364 1057 4431 episc0pos
1088 4363 1410 4415 devolutam.
1450 4362 1599 4416 Unde
1632 4371 1739 4415 tam

1834 1846 1901 1895 At
1962 1842 2274 1896 Baldericus
2304 1854 2524 1897 econtra
2576 1848 2737 1898 tradit
2790 1848 2839 1900 itt
2869 1842 3138 1901 Chronico
3168 1850 3421 1901 Camerti-

1834 1912 1980 1985 censi
2037 1912 2127 1964 lib.
2187 1928 2221 1973 ι,
2266 1930 2386 1981 cap.
2420 1915 2536 1974 110.
2579 1916 2861 1969 Ανιιυιζύιιι
2905 1934 3001 1985 pro
3062 1919 3243 1970 tnttltis
3300 1934 3420 1971 sce-

1834 1983 2066 2046 leribus,
2122 1991 2176 2034 et
2224 1985 2457 2037 maxime
2514 2000 2611 2051 pro
2664 1983 2979 2041 intidelitate
3037 1989 3117 2040 Slli
3164 1989 3418 2048 senioris,

1834 2053 1901 2125 ab
1924 2053 2210 2125 episcopali
2252 2055 2419 2121 gradu
2475 2055 2774 2122 depositum
2808 2098 2819 2116 ,
2880 2060 2970 2109 sed
3038 2059 3163 2125 quia
3214 2061 3421 2125 absque

1835 2120 2051 2194 licentia
2074 2134 2122 2173 et
2151 2120 2474 2176 auctoritate
2506 2120 2761 2178 Romana:
2788 2126 2932 2180 sedis
2988 2120 3260 2194 pontificis
3316 2120 3419 2179 fuit

1834 2191 2182 2260 degradatus,
2229 2208 2439 2244 rursum
2498 2197 2543 2245 ei
2584 2197 2648 2246 ad
2696 2200 2939 2248 eamdem
2974 2191 3152 2249 sedem
3190 2197 3418 2249 reditum

1834 2262 2072 2335 patuisse
2106 2300 2119 2322 ,
2164 2265 2306 2329 quod
2363 2262 2623 2316 Silvester
2678 2264 2719 2316 ll
2803 2266 2853 2317 in
2920 2265 3197 2335 privlegia
3244 2268 3419 2335 eidem

1834 2332 2062 2382 Arnulfo
2108 2347 2367 2384 concesso
2423 2344 2555 2386 satis
2610 2332 3013 2401 express-iuet
3062 2349 3253 2388 auctor
3285 2334 3418 2389 Vita:

1834 2401 2072 2453 Abhonis
2114 2402 2477 2455 Florracensis
2518 2418 2702 2469 aperte
2736 2404 2953 2458 fatetur.

1905 2470 2081 2524 Finita
2132 2474 2338 2541 synodo
2378 2484 2673 2543 tractarunt
2710 2477 2944 2542 episcopi
2978 2474 3042 2527 de
3073 2475 3417 2543 subrogando

1834 2542 2061 2608 prtes‘ttle
2091 2543 2140 2592 in
2189 2544 2361 2593 locutu
2396 2542 2630 2605 Amulli;
2662 2558 2759 2595 nec
2787 2545 3004 2595 tltlllilllll
3033 2546 3159 2611 quin
3189 2542 3423 2597 Get'licr-

1838 2621 1939 2671 tus,
2004 2613 2093 2678 qui
2146 2626 2385 2679 presens
2416 2614 2633 2668 aderat.
2690 2628 2874 2680 regem
2936 2615 3170 2666 :zntiiitia
3229 2614 3423 2676 fretus,

1835 2695 2021 2752 ouines
2071 2682 2266 2747 ingenii
2314 2682 2456 2733 vires
2493 2698 2589 2748 pro
2635 2684 2979 2748 azliplst‘elttla
3018 2685 3118 2736 hac
3156 2685 3419 2752 dignitate

1835 2750 2187 2822 vehementer
2246 2752 2563 2815 iu'enderit;
2626 2762 2984 2821 Opportunum
3043 2750 3252 2822 temp.th
3316 2753 3422 2806 sibi

1837 2821 1913 2871 ad
1940 2835 2024 2873 ss'e
2050 2821 2346 2883 videbatur,
2362 2824 2455 2874 sed
2483 2823 2836 2889 Opportanior
2860 2822 3093 2889 Hugottis
3125 2821 3171 2876 et
3200 2822 3424 2876 Roherti

1837 2894 2141 2959 prarsentia.
2179 2908 2296 2959 quae
2330 2894 2407 2944 sic
2444 2892 2659 2959 pellexit
2693 2892 2982 2944 elet'lortnn
3016 2894 3223 2946 animos
3258 2892 3325 2945 ad
3371 2893 3424 2945 id

1837 2964 1977 3027 quod
2006 2962 2094 3013 ditt
2124 2962 2400 3028 optabant,
2442 2972 2496 3013 ut
2530 2964 2644 3015 sine
2684 2962 2787 3013 alio
2830 2961 3060 3023 delectu,
3100 2962 3423 3017 Gerhertum

1837 3032 2286 3083 concordantibus
2314 3032 2553 3084 omnium
2580 3032 2718 3085 votis
2764 3036 3095 3086 nominarint
3139 3034 3206 3085 ad
3246 3032 3425 3085 archi-

1839 3102 2208 3169 episcopatum
2238 3100 2577 3155 lletnensetn.
2986 3140 2991 3145 ι

1912 3171 2004 3222 llis
2052 3171 2269 3242 auditis.
2320 3172 2494 3239 inquit
2536 3172 2896 3226 Continuator
2931 3171 3188 3242 Aimonii,
3232 3170 3427 3242 priesul

1840 3240 2140 3311 Romanus,
2170 3241 2321 3293 valde
2352 3242 2659 3308 indignatus
2702 3258 2866 3311 super
2911 3243 3011 3296 hoc
3056 3240 3426 3306 facto,'iuter—

1840 3310 1977 3363 dixit
2004 3312 2453 3382 sacrisouinibus
2477 3314 2745 3381 episc0pis
2772 3310 2865 3382 qui
2896 3313 3179 3365 Arnull'um
3212 3311 3430 3378 deiece-

1842 3390 1963 3433 rant
1992 3390 2045 3434 el
2071 3379 2392 3433 Getbertuni
2427 3379 2830 3436 ordinaverunt.
2876 3384 3014 3436 Misit
3046 3399 3257 3452 quoque
3286 3382 3429 3435 Leo-

1840 3467 1963 3505 nent
2006 3453 2253 3504 abbatem
2301 3470 2329 3503 a
2386 3455 2511 3506 sede
2555 3454 2848 3521 apostolica
2882 3453 2947 3506 ad
3004 3454 3279 3506 domuqu
3332 3453 3429 3505 Se-

1842 3523 2080 3591 guinutu,
2132 3522 2593 3590 archiepiscopum
2642 3526 2790 3576 lll'lllS
2839 3525 3140 3585 Senonicas,
3191 3522 3282 3591 qui
3311 3522 3430 3574 vice

1843 3608 1939 3644 sua
1971 3594 2022 3643 iii
2043 3593 2173 3643 urbe
2199 3591 2451 3662 lleuieusi
2482 3593 2742 3662 synodum
2772 3605 3143 3661 ciitigregaret,
3168 3594 3430 3645 mandans

1843 3662 1914 3713 illi
1943 3671 1998 3712 ut
2030 3662 2145 3713 sine
2176 3661 2430 3713 dilatione
2468 3673 2743 3714 revocaret
2778 3664 2843 3713 de
2879 3679 3098 3715 carcere
3125 3662 3425 3722 Arnull‘um,

1843 3740 1895 3783 et
1944 3732 2265 3796 degradaret
2306 3731 2647 3783 Gerbertum.
2692 3730 2928 3783 Collecto
2978 3732 3139 3797 igitur
3196 3731 3425 3783 concilio

1843 3800 2036 3851 iterum
2072 3804 2122 3850 in
2152 3800 2282 3851 urbe
2308 3800 2557 3854 lictiietisi
2588 3817 2651 3853 ex
2672 3802 2918 3869 jussiotie
2947 3800 3236 3867 apostolica
3268 3814 3427 3852 revo-

1844 3880 1997 3922 catus
2029 3877 2113 3921 est
2135 3870 2394 3924 Aruult'ns
2430 3877 2496 3924 de
2523 3871 2790 3934 custodia,
2827 3879 2881 3924 et
2926 3887 3047 3923 cum
3082 3873 3284 3924 honore
3314 3884 3424 3921 tua-

1844 3954 1948 4008 guo
2004 3950 2250 4010 receptus
2298 3942 2347 3992 iii
2394 3944 2609 4010 propria
2664 3946 2810 3993 sede.
2877 3941 3173 4010 Gerbertus
3225 3948 3430 4003 autem,

1846 4011 2032 4064 relicto
2061 4008 2390 4079 Fratieorum
2425 4008 2608 4079 regno,
2627 4028 2683 4064 se
2717 4020 2884 4063 totum
2918 4012 3097 4064 Ottoni
3126 4009 3429 4079 Germania:

1846 4081 1956 4151 regi
1992 4078 2218 4140 addixit,
2250 4078 2643 4151 comitatusque
2690 4090 2772 4133 est
2816 4096 2938 4132 eum
2986 4081 3038 4131 in
3078 4078 3428 4151 Italiatn,ubi

1846 4149 1965 4203 cuiu
1981 4150 2372 4218 aliquantisper
2392 4149 2660 4203 Raveniuc
2674 4151 3027 4210 constitisset,
3046 4165 3166 4203 mox
3186 4150 3429 4219 ejusdem

1846 4221 2080 4274 civitatis
2125 4222 2562 4288 archiepiscopus
2604 4236 2634 4273 e
2678 4222 2786 4272 vita
2846 4220 3116 4290 migravit,
3170 4222 3221 4272 in
3273 4218 3429 4285 cujus

1847 4290 2043 4349 locum,
2078 4298 2293 4357 petente
2340 4290 2484 4343 clero
2531 4300 2585 4343 et
2631 4290 2846 4360 populo,
2879 4306 2942 4342 ac
2974 4290 3114 4360 regis
3141 4304 3429 4352 consensu,

1846 4360 2138 4415 (ierbertus
2181 4363 2500 4427 subrogatus
2544 4359 2645 4414 est.
2702 4361 2793 4414 Sic
2842 4370 2896 4413 et
2951 4359 3039 4413 hic
3077 4361 3258 4413 statim
3311 4368 3434 4429 post

155 4448 188 4486 a
214 4447 348 4520 Irege
379 4448 541 4520 quam
569 4435 636 4487 ab
653 4430 920 4520 episcopis
946 4430 1203 4520 indictum
1234 4431 1414 4485 Remis
1434 4433 1740 4496 concilium,
1776 4462 1821 4520 Β
1846 4430 2090 4520 Gregorii
2116 4430 2287 4498 quinti
2321 4432 2551 4520 obirem,
2596 4442 2820 4520 cogente
2844 4430 3053 4520 neodem
3084 4431 3431 4520 imperatore,

157 4503 229 4555 ad
268 4501 408 4572 quod
432 4516 573 4571 smpe
604 4514 820 4557 vocatus
845 4501 1148 4572 'Arnulfus,
1187 4517 1307 4555 cum
1351 4513 1635 4556 excusaret
1686 4518 1742 4556 se

156 4571 305 4640 quod
335 4589 364 4626 a
398 4573 591 4627 Carolo
625 4589 745 4639 rege
782 4572 1022 4625 Lauduni
1047 4571 1381 4625 detineretur
1405 4574 1456 4624 iti
1489 4573 1739 4635 vinculis,

159 4646 363 4697 factum
394 4650 479 4695 est
514 4643 652 4696 inter
694 4646 829 4704 haec,
862 4651 919 4694 ιιι
960 4642 1262 4708 proditione
1288 4642 1489 4694 Azelini
1525 4642 1737 4695 Laudo-

159 4713 345 4767 nensis
374 4714 632 4782 episcopi,
674 4712 742 4765 ab
775 4711 994 4780 llugone
1035 4726 1160 4782 rege
1195 4712 1394 4782 eadem
1446 4713 1653 4772 civitas,
1689 4721 1742 4766 et

158 4782 253 4850 qui
287 4783 337 4835 in
366 4780 429 4835 ea
462 4780 581 4836 erat
608 4781 865 4835 Arnull’us
896 4796 1017 4834 cum
1039 4780 1243 4850 Carolo
1273 4790 1569 4849 caperetur.
1618 4783 1745 4848 Qui-

156 4849 285 4904 dam
316 4854 558 4906 referunt
582 4853 893 4920 praedictum
920 4849 1224 4913 Azelinum,
1266 4852 1356 4918 qui
1388 4861 1440 4903 et
1475 4853 1743 4907 Adalbero

156 4922 378 4987 dicitur,
422 4923 575 4974 venia
626 4937 653 4976 a
682 4922 881 4975 Carolo
914 4921 1149 4992 obtenta
1180 4920 1320 4988 quod
1345 4930 1472 4992 eum
1522 4922 1743 4992 llugone

155 4993 637 5053 cowmunicasset,
689 5008 801 5047 suae
836 4990 949 5044 sedi
997 4990 1063 5043 ab
1114 5006 1178 5044 eo
1228 4989 1532 5043 restitutum
1580 4989 1745 5047 fuisse

158 5078 226 5115 ac
252 5065 394 5117 inter
433 5061 770 5119 consiliarios
819 5059 1081 5123 ascitum;
1139 5060 1227 5128 qui
1280 5075 1399 5112 cum
1445 5067 1743 5117 custodiam

160 5149 375 5201 quoque
405 5142 677 5201 portarum
723 5132 871 5188 urbis
909 5128 1213 5201 inconsulte
1243 5129 1577 5201 tradidisset,
1606 5135 1744 5190 clam

164 5198 370 5272 ltugoni
401 5198 683 5255 mandasse
713 5220 775 5258 se
797 5198 1050 5272 condicto
1074 5201 1160 5252 die
1184 5207 1239 5250 et
1268 5199 1398 5252 hora
1438 5199 1561 5270 has,
1592 5204 1749 5261 sibilo

162 5268 339 5316 odii-tn
368 5288 397 5316 ρ
420 5272 574 5316 domo
601 5268 925 5316 enimnnali.
955 5280 1295 5316 aperturum.
1333 5272 1472 5316 mind
1513 5268 1564 5316 pi
1598 5275 1741 5316 fni-ii.

1849 4503 1987 4569 apud
2016 4515 2175 4568 quem
2199 4500 2367 4566 gratia
2400 4502 2688 4568 plurimum
2723 4501 2957 4564 valebat,
2984 4516 3256 4566 summum
3301 4499 3432 4552 adc-

1846 4582 1969 4639 ptus
1991 4579 2073 4624 est
2101 4570 2494 4641 potitilicatuiti,
2541 4582 2858 4641 mutatoque
2900 4572 3141 4635 nomine,
3174 4569 3432 4623 Silvester

1843 4642 2113 4695 secundus
2136 4640 2310 4692 dieius
2336 4649 2436 4693 est.

1920 4710 2011 4764 Sic
2060 4710 2225 4777 igitur
2264 4710 2546 4775 Arnulfus,
2580 4726 2708 4782 rege
2750 4713 3142 4773 consentiente.
3188 4708 3432 4782 custodia

1848 4781 2062 4835 tandem
2095 4791 2397 4849 exemptus,
2428 4780 2764 4849 pontiﬁcatui
2810 4784 3138 4846 restituitur,
3180 4780 3433 4847 pallium-

1847 4866 1951 4921 que
1976 4866 2005 4921 a
2035 4850 2387 4921 GregorioV,
2418 4850 2643 4905 Joannis
2672 4865 3009 4913 successore,
3034 4866 3128 4919 per
3153 4850 3429 4921 Abbonem

1848 4917 2242 4976 Floriacensem
2270 4920 2534 4976 directum
2570 4924 2791 4989 recepit.
2822 4917 3085 4989 lbitatim'a
3129 4932 3236 4989 sua
3282 4917 3437 4969 inatt-

1850 4994 2133 5062 guratioue
2160 4991 2330 5060 majus
2349 4992 2520 5046 altare
2545 4987 2791 5062 ecclesia;
2817 4987 3438 5062 Mosoiiiensis,vocatus

1848 5056 1877 5115 ὅ
1912 5062 2115 5114 Basone
2147 5056 2343 5115 abbate
2388 5070 2693 5116 consecrat.
2749 5059 2864 5112 lloc
2892 5075 3037 5112 anno
3068 5056 3264 5107 ibidem
3318 5058 3439 5110 exi-

1850 5147 2018 5191 s:eus,
2072 5132 2399 5185 monasterio
2439 5131 2587 5183 dedit
2631 5128 2993 5196 piscationem
3045 5125 3165 5176 Cari
3208 5124 3447 5196 ﬂuminis

1851 5218 2004 5255 secus
2036 5199 2321 5254 Duziacum
2350 5193 2683 5253 decor-remis
2716 5213 2889 5264 usque
2924 5201 2993 5252 ad
3024 5197 3243 5264 Mosam,
3277 5193 3450 5250 altare

2389 5271 2400 5292 ζ
2434 5270 2493 5292 ,1,-
2533 5269 2765 5292 n...:--..-.
2829 5277 2874 5292 Α.
2913 5269 2943 5292 .I

1850 5272 2267 5316 etiznneiiisilem
2302 5270 2401 5316 loci
2430 5270 2496 5316 de.
2533 5268 2789 5316 Beiram.
2827 5277 2881 5316 et
2910 5269 2981 5316 de.
3008 5263 3256 5316 Colrcdo.
3287 5266 3447 5316 Vtilia
