3984 5316
172 325 298 381 tua;
1250 336 1823 392 counomomun
1854 336 1918 389 IN
1972 332 2382 389 pnmooxes.
3262 316 3400 380 ista

775 576 1400 709 ARNULF
1414 580 1467 705 Ι
1564 576 2907 709 COMMONITORIUM

1455 794 1734 851 CONTRA
1774 794 2161 850 compones
2187 794 2284 864 (Ξ).

1004 924 1179 997 (Actes
1208 925 1272 980 de
1305 925 1355 979 la
1382 926 1623 998 province
1661 926 2044 995 ecclesiastique
2067 926 2130 979 de
2153 925 2348 991 Reims,
2377 926 2419 991 Ι,
2447 925 2596 994 651.)

175 440 3379 469 W

1565 1060 1945 1076 ——-.

237 1206 515 1269 Amulius.
549 1216 718 1276 gratia
747 1206 841 1262 Dei
870 1208 1329 1279 archiepiscopus.
1758 1195 1806 1251 Α
1836 1207 2002 1271 luisti,
2035 1205 2277 1273 violasti;
2327 1208 2467 1276 quod
2514 1207 2651 1262 oculi
2711 1208 2785 1263 lui
2838 1208 3111 1274 viderunt,
3145 1211 3404 1281 concupi-

234 1297 369 1363 Quid
419 1298 511 1352 tibi
554 1315 657 1363 γιε,
706 1301 1015 1369 pnedonum
1064 1302 1409 1355 Remeusium
1460 1302 1724 1357 scelerata

166 1387 384 1440 manus?
412 1386 621 1441 Nihilne
660 1396 709 1442 te
738 1399 953 1444 movent
981 1389 1162 1458 pupilli
1187 1398 1240 1443 et
1260 1390 1431 1443 vidua:
1454 1389 1722 1457 lacrytnm,

164 1491 263 1531 nec
309 1477 598 1531 advocatus
637 1478 857 1532 eorum?
908 1477 1048 1533 Veiis
1095 1481 1257 1545 notis,
1300 1480 1557 1535 Dominus
1605 1490 1727 1535 tuus

165 1566 277 1634 ipse
310 1567 483 1630 testis,
512 1576 564 1621 et
588 1567 773 1634 judex,
799 1576 850 1621 et
883 1570 1063 1638 gravis
1092 1570 1254 1634 ultor,
1284 1570 1436 1639 cujus
1458 1569 1723 1639 judicium

163 1673 268 1711 non
295 1657 535 1727 cﬂ‘ugies.
569 1659 698 1713 Vide
729 1659 855 1727 quid
891 1668 1016 1713 ante
1066 1660 1249 1714 oculos
1304 1660 1471 1729 ipsius
1526 1661 1723 1730 egeris.

164 1746 416 1802 Sanctam
455 1749 767 1818 pudicitiam
808 1750 1073 1820 virginum
1108 1767 1211 1806 non
1259 1752 1551 1816 erubuisti;
1614 1767 1730 1806 ma-

162 1846 345 1892 tronas
377 1838 540 1892 etiam
592 1839 841 1894 barbaris
888 1841 1150 1897 verendas
1205 1842 1373 1897 nudas
1433 1841 1726 1911 reliquisti;

159 1925 457 1994 orphanum
488 1936 541 1981 et
568 1928 825 1997 pupillum
854 1946 962 1983 non
1004 1933 1310 2001 respexisti.
1342 1932 1576 1987 Parvum
1628 1932 1728 1987 tibi

1836 1301 1994 1363 visti;
2026 1301 2166 1368 quod
2195 1314 2387 1353 manus
2411 1306 2704 1353 attrectare
2726 1309 3033 1369 potuerunt,
3068 1300 3314 1370 rapuisti.
3341 1302 3406 1356 Et

1835 1406 1935 1445 nos
1960 1390 2174 1460 quidem
2224 1396 2410 1443 contra
2439 1387 2677 1441 divinum
2706 1398 2759 1441 et
2791 1390 3080 1443 humanum
3113 1388 3202 1459 jus
3244 1390 3403 1444 mise4

1835 1481 2063 1535 ricordia
2095 1481 2396 1543 abutentes,
2447 1479 2590 1548 quod
2646 1479 2749 1533 cibi
2803 1488 2856 1534 et
2898 1490 3051 1548 potus
3100 1480 3403 1545 abstulisti,

1834 1588 1938 1626 nou
1993 1570 2348 1641 indulgemus,
2397 1570 2491 1623 sed
2532 1577 2750 1638 propter
2791 1570 2951 1639 impia
3001 1577 3240 1638 tempora
3296 1586 3404 1623 non

1834 1663 2121 1733 exigimus.
2155 1661 2434 1731 Exigimus
2460 1669 2639 1714 autem
2671 1664 2875 1730 reliqua
2899 1660 3081 1715 omnia
3128 1675 3249 1729 qua:
3287 1658 3405 1728 pol-

1836 1755 1964 1809 lutis
2013 1752 2261 1807 manibus
2287 1752 2593 1823 pervasisti,
2647 1767 2710 1807 ac
2759 1752 2978 1808 retines.
3012 1751 3193 1806 Redde
3248 1765 3405 1820 ergo,

1837 1857 1928 1899 aut
1975 1846 2296 1901 sententiam
2349 1845 2711 1900 damnationis
2745 1846 2798 1899 in
2848 1859 3166 1915 pervasores
3220 1859 3403 1899 rerum

1835 1935 2327 1991 ecclesiasticarum
2374 1949 2403 1987 a
2454 1935 2623 1988 sacris
2659 1935 2954 1989 canonibus
2988 1933 3402 2003 promulgatam,

160 2017 264 2071 hoc
291 2034 304 2070 :
334 2018 608 2074 accessisti
636 2019 701 2073 ad
728 2020 981 2088 templum
1013 2020 1200 2075 Matris
1229 2022 1320 2075 Dei
1353 2022 1563 2076 cunctis
1588 2035 1731 2075 mor—

160 2108 357 2165 talibus
386 2110 769 2177 reverendum;
823 2109 939 2179 ejus
976 2113 1173 2167 atrium
1218 2113 1559 2184 perl'registi,
1613 2113 1728 2182 pol-

1836 2041 1955 2081 eatn
1986 2027 2036 2080 in
2069 2034 2121 2080 te
2150 2026 2338 2091 latam,
2376 2024 2752 2094 multotiesque
2782 2023 3077 2089 ferendam,
3120 2024 3327 2094 excipe.

1076 2303 1639 2384 ΑΝΑΤΗΕΜΑ
1700 2304 1807 2383 ΙΝ
1874 2301 2451 2391 PR/EDONES.

228 2496 563 2551 Auctoritate
590 2497 978 2566 omnipotentis
1009 2496 1101 2552 Dei
1134 2497 1333 2562 Patris,
1387 2508 1444 2553 et
1487 2496 1632 2563 Filii,
1677 2506 1731 2554 et
1764 2492 1805 2545 Β
1833 2497 2135 2555 formitlctis
2176 2508 2229 2552 et
2278 2495 2522 2566 parcatis
2563 2511 2592 2549 a
2634 2496 2773 2551 faeie
2804 2498 3198 2568 persequentis,
3224 2506 3404 2555 etnon

158 2584 397 2655 Spiritus
443 2585 642 2651 sancti,
700 2586 1097 2643 interveniente
1145 2601 1200 2644 et
1240 2589 1529 2659 adjuvante
1574 2592 1729 2643 beata
1832 2588 2209 2658 persequentis
2250 2587 2452 2647 hostis.
2506 2596 2564 2639 ut
2609 2586 2930 2642 tabescendo
2982 2587 3281 2655 deficiatis;
3334 2591 3407 2644 sit

157 2677 330 2732 Maria
360 2693 573 2748 semper
604 2680 848 2750 Virgine,
880 2681 1203 2737 auctoritate
1230 2696 1445 2752 quoque
1481 2698 1542 2735 ac
1575 2675 1731 2751 pote-
1833 2679 2009 2748 portio
2049 2688 2224 2733 vestra
2276 2693 2398 2732 cum
2446 2676 2583 2731 Juda
2638 2678 2892 2732 traditore
2921 2677 3132 2733 Domini
3170 2678 3223 2733 in
3264 2686 3407 2734 terra

152 2781 299 2828 state
326 2774 579 2843 apostolis
605 2776 824 2841 tradita,
872 2776 1136 2847 nobisque
1179 2776 1391 2841 relicta,
1415 2792 1734 2832 excommu-
1836 2772 2022 2825 tnortis
2056 2780 2109 2826 et
2135 2770 2503 2837 tenebrarum,
2532 2770 2699 2825 donec
2736 2772 2896 2825 corda
2935 2781 3109 2826 vestra
3141 2772 3210 2826 ad
3241 2773 3407 2830 satis-

152 2864 423 2930 nicamus,
455 2868 1011 2935 anathematizamus,
1055 2870 1459 2942 maledicimus,
1512 2870 1735 2925 damna-

1835 2861 2123 2917 l'actionem
2208 2859 2420 2930 plenam
2478 2869 2881 2915 convertantur.
2948 2860 3045 2917 llic
3110 2872 3289 2918 autem
3336 2864 3409 2918 sit

153 2970 281 3011 mus
309 2965 362 3011 et
391 2973 421 3012 a
446 2958 719 3016 liminibus
756 2972 954 3018 sancta;
982 2964 1173 3019 matris
1206 2963 1458 3020 Ecclesia}
1512 2978 1733 3032 separa-
1835 2954 2023 3008 modus
2048 2953 2219 3024 plcnm
2244 2951 2628 3007 satisfactionis
2657 2968 2670 3006 ἒ
2711 2960 2769 3005 ut
2798 2953 2976 3006 omnia
3013 2951 3207 3021 injuste
3229 2953 3408 3009 ablata

150 3062 278 3101 mus
302 3062 419 3112 vos,
446 3047 793 3106 Remensium
822 3054 1135 3122 praedonum
1173 3066 1441 3118 auctores,
1473 3053 1727 3120 factores,

146 3145 554 3205 c00peratores,
588 3138 846 3206 fautores,
880 3151 933 3197 et
969 3159 999 3197 a
1028 3144 1261 3215 propriis
1284 3144 1517 3201 dominis
1549 3159 1728 3198 rerum

146 3238 375 3280 suarum
406 3226 507 3282 sub
532 3229 749 3284 noutine
781 3233 1069 3300 emptionis
1101 3233 1528 3300 abalienatores;
1576 3234 1729 3289 obte-

147 3316 484 3372 nebrescant
509 3321 650 3376 oculi
681 3323 848 3377 vestri
879 3324 967 3392 qui
1012 3326 1431 3395 concupierunt;
1477 3334 1730 3382 arescant

145 3420 348 3462 manus
372 3424 493 3478 quae
514 3421 829 3480 rapuerunt,
857 3413 1209 3471 debilitentur
1250 3416 1431 3471 omnia
1487 3417 1730 3472 membra

142 3510 275 3565 qua:
323 3496 675 3566 adiuverunt;
733 3516 949 3572 semper
1003 3503 1256 3559 laboretis
1321 3521 1419 3560 nec
1488 3506 1729 3574 requiem

145 3586 483 3655 inveniatis,
547 3589 833 3662 fructuque
901 3594 1103 3648 laboris
1175 3595 1339 3651 vestri
1412 3596 1729 3664 privemini;

223 3754 301 3825 (‘2)
342 3755 493 3830 Quod
540 3773 643 3811 non
684 3757 817 3812 levis
861 3760 1094 3830 suspicio
1124 3771 1266 3819 esset
1304 3764 1573 3827 civitatem
1620 3762 1729 3816 Re-

145 3840 398 3906 mensent
424 3827 576 3896 jussu
608 3830 812 3906 Arnulli
840 3827 1033 3906 Carolo
1077 3831 1241 3887 fuisse
1293 3833 1565 3906 traditam,
1597 3833 1732 3906 ipse,
1763 3844 1806 3906 ρ

144 3904 209 3947 ut
238 3910 357 3948 eam
384 3911 416 3949 a
445 3914 502 3951 se
526 3898 857 3965 amoliretur,
912 3902 1169 3957 adversus
1197 3919 1385 3958 omnes
1414 3904 1505 3972 qui
1540 3898 1731 3958 urbem

1834 3056 2029 3116 praeter
2050 3047 2229 3102 cibum
2256 3054 2309 3100 et
2337 3054 2522 3115 potum
2570 3045 2802 3116 propriis
2832 3046 3061 3101 dominis
3088 3063 3152 3102 ex
3195 3047 3408 3117 integro

1833 3138 2152 3202 restituatis,
2204 3153 2496 3208 coramque
2531 3137 2783 3193 Remensi
2828 3138 3055 3194 ecclesia
3096 3140 3407 3203 paenitendo

1834 3230 2211 3295 humiliemini,
2245 3229 2336 3300 qui
2363 3236 2607 3283 sanctam
2636 3228 2959 3285 Remensem
2990 3230 3272 3284 ecclesiam
3319 3245 3407 3284 re-

1834 3323 1993 3377 veriti
2026 3338 2129 3378 non
2159 3323 2292 3378 estis
2322 3340 2335 3375 :
2373 3337 2440 3376 ne
2468 3331 2681 3377 cessent
2709 3337 2739 3377 a
2785 3321 2936 3377 vobis
2964 3323 3046 3377 ha:
3076 3321 3409 3377 maledictio-

1834 3429 1931 3468 nes
1987 3412 2251 3467 scelerum
2317 3422 2618 3467 vestrorum
2680 3411 3104 3482 persecutrices,
3170 3411 3411 3481 quandiu

1836 3503 2221 3575 pennancbitis
2275 3503 2326 3557 in
2378 3512 2599 3574 peccato
2650 3503 3005 3574 pervasionis.
3046 3502 3251 3569 Amen,
3285 3502 3411 3567 liat,

1838 3596 1930 3650 [lat

1838 3766 2159 3837 spoliassent
2206 3766 2601 3837 severissimam
2663 3767 3022 3824 anathematis
3087 3766 3412 3824 sententiam

1840 3836 2074 3893 intorsit.
2108 3838 2235 3893 Vide
2258 3836 2514 3893 Notitiam
2543 3839 2882 3905 historicum,
2907 3854 3090 3911 supra.

154 4084 3403 4110 mw

524 4252 1192 4371 LIBELLUS
1273 4253 2285 4372 ABDICATIONIS
2370 4255 3032 4371 ARNULFI.

1380 4473 1599 4547 (LABBE,
1630 4474 1829 4529 Concil.
1866 4472 1957 4537 IX,
1991 4474 2172 4547 1758.)

216 4725 332 4797 Ego
362 4722 642 4791 Arnull'us,
676 4727 941 4797 quondam
964 4725 1256 4783 Remorum
1272 4729 1727 4802 archiepiscopus,
1765 4718 1807 4771 Ῐ)
1838 4733 2141 4789 ministerio
2166 4732 2489 4803 pontificali,
2522 4750 2632 4805 quo
2662 4751 2749 4790 me
2773 4749 3101 4806 recognosco
3124 4746 3245 4786 esse
3272 4731 3423 4789 india

136 4832 547 4889 recognoscens
579 4819 918 4889 fragilitatem
946 4834 1120 4874 meam
1149 4832 1203 4876 et
1238 4823 1472 4888 pondera
1532 4841 1728 4894 peeca-
1835 4842 2020 4897 gnum,
2048 4836 2104 4881 et
2128 4825 2360 4881 alienum
2391 4844 2477 4884 me
2502 4828 2735 4883 reddens
2766 4844 2860 4897 pro
2882 4816 3125 4883 reatibus
3156 4824 3313 4888 meis,
3373 4829 3436 4884 in

137 4918 326 4964 torum
361 4904 634 4974 medrum,
672 4919 833 4967 testes
863 4906 1203 4967 confessores
1242 4926 1414 4979 meos,
1446 4914 1727 4986 Signinum
1836 4916 2033 4985 quibus
2060 4930 2312 4986 peccasse
2342 4929 2426 4970 me
2459 4926 2673 4972 secreto
2699 4918 2829 4985 ipsis
2856 4916 3141 4970 confessus
3167 4927 3311 4975 sum,
3375 4929 3447 4975 ει

133 5001 643 5072 archiepisc0pum,
695 5000 1005 5057 Dalbertum
1051 5002 1402 5071 archiepisc.,
1448 5007 1733 5063 Arnult‘um
1842 5008 1907 5061 de
1948 5009 2149 5076 quibus
2194 5006 2406 5071 publice
2442 5008 2757 5078 arguebar:
2795 5022 2861 5060 eo
2898 5009 3115 5061 scilicet
3154 5000 3341 5065 modo,
3389 5020 3463 5065 ιιι

544 5090 958 5122 ΠΛΙοο-νυιυιηιηη
1036 5100 1352 5122 Λκξληηινιιιης
1466 5098 1603 5122 Ιῐηηυ
1624 5116 1729 5122 ,.-_.-
1846 5098 1915 5122 2112

2429 5095 2724 5122 ..ΑηνιλΛ-ηιῖί
2754 5106 2803 5122 ΑΟ
2840 5092 3198 5122 ΛΛ-ιοαοςκηιιιίί
3234 5091 3283 5122 ἶιι
3314 5091 3467 5122 ιικΑ-

129 5098 460 5122 ΑνδξμΑΛηιιινὶ
544 5098 958 5122 ΓΛΙιιο-νιληηιιηὶ
1036 5100 1352 5122 Λκξληηινιιιης
1466 5098 1603 5122 Ιῐηηυ
1624 5116 1729 5122 ,.-_.-

1846 5098 1915 5122 2112
1946 5102 2048 5122 ..Ξ-ι
2083 5105 2246 5122 ιΛι-Ιλο.
2280 5098 2368 5122 ηιῖξ
