3984 5316
131 301 320 370 'tth

1608 300 2022 357 PRi\'il.EGlA.

3320 284 3455 353 1330

255 429 537 501 fSignum
582 424 790 482 Arnuiﬁ
846 424 938 480 Det
986 421 1157 493 gratia
1204 418 1487 474 Remeusis
1520 418 1774 473 Ecclesia:
1804 422 1848 475 Α
1877 414 2159 483 ιιι-ιυεειιιίιι
2191 411 2433 467 Lauduni
2463 413 2516 468 in
2561 410 2765 468 Pascha
2796 453 2809 478 ,
2856 412 2987 467 adiit
3015 412 3373 468 humilitatem
3408 417 3465 468 et

198 539 218 575 ι
229 519 587 589 ι·υιιὶριάξςοιιιίε
600 561 611 573 .

253 613 291 681 οξ
330 611 556 681 Signum
610 607 968 664 Adalberonis
1013 613 1215 660 sanctze
1255 602 1629 658 Lauduncnsis
1666 601 1771 655 Ec-

195 702 365 757 clesia:
391 700 652 771 episcopi.

259 792 297 861 -ξ
337 790 561 860 Signum
594 786 849 844 Fulconis
868 785 1252 842 Ambianensis
1269 781 1533 853 episcopi.

258 882 296 950 ἦ
338 881 564 947 Signum
596 879 813 949 Rotgeri
842 877 1253 933 Catalaunensis
1284 873 1542 945 episc0pi.

260 977 300 1044 τ
338 975 560 1043 Signum
591 972 801 1027 Rodulﬁ
828 969 1251 1025 Silvanectensis
1281 967 1539 1037 cpisc0pi.

258 1066 299 1135 ᾖ·
337 1064 562 1135 Signum
586 1064 812 1119 Gerardi
847 1062 1257 1117 Cameracensis
1283 1060 1541 1131 episc0pi.

264 1158 306 1225 -ί-
342 1156 566 1227 Signum
596 1154 817 1224 Rotgeri
848 1153 1188 1208 Belvacensis
1213 1152 1476 1222 episcopi.

262 1251 303 1317 ’ξ’
344 1248 569 1319 Signum
602 1248 862 1301 Har-duini
894 1247 1341 1317 Noviomagensis
1364 1244 1622 1315 episcopi.

260 1342 302 1410 τί·
342 1340 567 1410 Signum
600 1339 845 1393 Balduiui
878 1338 1244 1392 Tarvauensis
1281 1336 1542 1408 episcopi.

262 1432 303 1502 -ι-
342 1432 567 1503 Signum
625 1431 861 1503 Rayneri
928 1430 1226 1503 praepositi.
1298 1432 1355 1483 S.
1433 1425 1591 1481 Aluiﬁ
1643 1424 1787 1480 vice-

192 1527 421 1583 domini.
774 1590 779 1595 η

265 1620 402 1675 Acta
444 1618 628 1674 Remis
672 1619 1001 1673 monasterio
1040 1626 1242 1673 sancta:
1292 1614 1497 1669 Marias.
1540 1626 1676 1665 anno
1720 1610 1789 1664 ab

194 1712 572 1767 incarnatione
620 1713 830 1766 Domini
874 1711 1045 1766 nostri
1091 1710 1217 1763 Jesu
1268 1707 1469 1763 Christi
1508 1706 1596 1758 iO‘l
1626 1706 1669 1769 ἱ,
1708 1702 1788 1755 in-

196 1803 436 1859 dictione
471 1821 545 1859 xu
568 1844 584 1871 ,
636 1821 687 1857 iv
720 1805 841 1858 ldus
870 1804 991 1857 Maii
1019 1843 1035 1869 ,
1086 1811 1347 1872 regnante
1392 1797 1781 1870 gloriosissimo
1814 1783 1857 1840 Β

197 1909 325 1965 rege
363 1896 699 1950 Francorum
736 1895 1021 1950 Rotberto.

266 1984 381 2053 Ego
409 1985 572 2041 Dario
604 1986 721 2040 vice
744 1983 1052 2041 cancellarii
1079 1980 1398 2052 subscripsi.

692 2169 801 2226 Pro
832 2172 1013 2227 eodem
1044 2170 1294 2224 cmnobio.

801 2264 1186 2335 (Annoi0l8J

270 2360 580 2424 Anxurus,
616 2357 789 2427 gratia
820 2356 913 2410 Dei
944 2356 1234 2410 Remorum
1261 2352 1719 2423 archiepiscopus.

272 2456 621 2513 Credibititer
645 2468 833 2509 verum
855 2460 939 2507 est
964 2452 1105 2522 quod
1126 2450 1255 2505 dicit
1274 2460 1460 2504 sancta
1491 2448 1794 2518 Scriptura,

244 2553 325 2607 uia
362 2550 558 2605 ﬁducia
587 2549 671 2603 est
711 2561 905 2617 magna
946 2559 1131 2601 coram
1175 2555 1387 2598 summo
1432 2543 1542 2596 Deo
1572 2540 1799 2595 cleemo-

202 2655 332 2713 syna
364 2640 693 2695 facientibus
719 2653 859 2693 eam.
889 2635 1012 2691 Ideo
1040 2650 1136 2705 pro
1164 2642 1313 2689 certo
1345 2632 1617 2687 credimus
1660 2646 1799 2700 quo-

204 2734 348 2789 niam
389 2733 685 2789 maximam
728 2730 953 2786 habebit
991 2729 1489 2783 remunerationem
1524 2724 1615 2779 illa
1642 2726 1803 2779 mise-

204 2830 444 2885 ricordia
465 2869 479 2894 ,
503 2844 624 2898 qua:
652 2836 961 2882 sanctorum
990 2823 1123 2879 locis
1164 2832 1218 2878 et
1252 2820 1498 2878 ecclesiis
1530 2821 1623 2875 Dei
1647 2819 1805 2874 Chri-

208 2922 385 2988 stique
414 2920 745 2992 pauperibus
766 2918 995 2973 ﬁdeliter
1022 2916 1183 2972 fuerit
1214 2916 1482 2985 impensa.
1510 2913 1802 2983 Pr0pterea

209 3020 394 3066 notum
457 3026 578 3066 esse
628 3009 751 3065 volo
805 3019 913 3063 tam
970 3008 1332 3078 praasentilms
1389 3024 1552 3077 quam
1610 3006 1805 3061 trituris

203 3101 416 3157 Christi
450 3100 697 3156 ﬁdelibus
720 3108 773 3154 et
799 3098 1031 3165 nostris,
1068 3109 1486 3169 nostrorumque
1522 3104 1680 3153 succe
1711 3112 1802 3152 so-

208 3195 382 3259 ribus,
418 3194 562 3263 quod
596 3208 695 3261 ego
726 3194 777 3247 in
809 3192 901 3247 Dei
950 3192 1169 3247 nomine
1198 3192 1479 3257 Arnulst,
1508 3192 1803 3246 Remorum

206 3288 383 3357 gratia
420 3286 514 3340 Dei
545 3285 1024 3355 archiepiscopus,
1082 3299 1179 3354 per
1223 3284 1510 3339 consilium
1560 3282 1805 3337 Rotberti

208 3377 355 3447 regis
384 3375 759 3440 Francorum,
790 3385 846 3429 et
875 3374 1171 3429 multorum
1202 3375 1438 3431 ﬁdelium
1470 3386 1803 3443 nostrorum,

204 3471 458 3526 ecclesia:
505 3478 709 3526 sancta:
754 3469 848 3524 Dei
899 3468 1188 3523 Genitricis
1219 3468 1399 3524 Mariae
1433 3468 1696 3534 Mosomi,
1724 3484 1810 3523 se-

204 3566 451 3620 cundum
506 3563 670 3619 etiam
722 3563 867 3631 quod
902 3577 931 3615 a
963 3561 1362 3632 prredecessore
1409 3576 1529 3615 meo
1579 3560 1811 3616 Adalbe-

208 3672 345 3713 rene
379 3656 737 3713 devotissime
766 3654 969 3709 factum
1001 3653 1211 3719 fuerat,
1250 3669 1346 3723 per
1374 3653 1809 3723 deprecationem

204 3745 447 3804 Bosonis
482 3746 696 3801 abbatis
739 3744 982 3814 ejusdem
1033 3742 1177 3808 loci,
1232 3743 1479 3813 quazdam
1525 3744 1659 3797 bona
1692 3757 1812 3812 qua:

207 3836 350 3906 juris
395 3837 569 3891 nostri
602 3845 762 3890 erant
795 3833 1222 3889 misericorditer
1251 3832 1445 3887 indulsi
1472 3873 1486 3898 ,
1518 3841 1575 3886 ut
1621 3848 1811 3887 mona-

209 3928 347 3983 chos
371 3928 505 3983 inibi
538 3929 649 3982 Deo
677 3927 976 3982 servientes
1004 3936 1191 3981 nostra
1224 3925 1569 3981 sublevarent
1613 3925 1815 3981 beneﬁ-

210 4018 322 4083 cia,
355 4028 626 4088 quatenus
652 4018 846 4072 anima:
869 4025 1068 4072 nostra:
1089 4026 1143 4071 et
1170 4031 1548 4073 successorum
1572 4032 1813 4072 meorum

211 4110 487 4176 remedio,
520 4119 722 4166 sancta:
750 4109 932 4166 Maria:
960 4118 1015 4165 et
1043 4125 1324 4164 servorum
1359 4108 1475 4177 ejus
1502 4111 1815 4166 subveniret

210 4204 418 4257 oratio.
447 4202 521 4257 De
544 4202 695 4271 cujus
726 4202 885 4257 rebus
923 4202 995 4257 illi
1034 4204 1363 4257 monasterio
1396 4213 1523 4257 tunc
1546 4203 1817 4271 pertinere

211 4294 568 4361 debentibus,
618 4312 740 4350 cum
771 4306 928 4352 antea
978 4296 1146 4352 nmlto
1178 4307 1417 4367 tempore
1461 4296 1687 4351 Romam
1720 4312 1817 4367 pe-

216 4388 468 4453 tiissem,
502 4397 555 4445 et
596 4389 909 4459 praedictum
953 4387 1199 4444 abbatem
1255 4402 1465 4443 mecum
1522 4390 1774 4443 haberem
1799 4429 1812 4451 ,

1877 507 2220 575 prtesentiam
2273 516 2516 559 nostram
2568 505 2857 575 prmdietus
2905 504 3075 559 abbas
3124 504 3295 569 Boso,
3336 505 3467 560 insi-

1877 616 2051 653 nuans
2098 615 2251 653 suam
2306 598 2791 662 necessitudinem,
2834 607 2887 651 et
2918 613 3211 668 pauperum
3244 613 3465 651 suorum

1875 692 2303 761 oppressionem,
2341 692 2741 759 obsecrausque
2768 690 3043 746 humiliter
3067 702 3121 745 ut
3147 706 3243 760 pro
3274 692 3467 745 animae

1879 796 2042 843 mete,
2093 796 2448 848 meorumque
2490 795 2868 834 successorum
2916 781 3193 845 remedio,
3236 780 3467 835 facerem

1880 872 1946 925 de
1976 872 2079 925 ista
2110 887 2275 925 causa
2304 881 2359 924 et
2384 870 2733 940 oppressiOue
2766 871 3001 941 aliquam
3034 872 3465 927 misericordiam

1875 973 1937 1018 et
1979 964 2369 1019 relcvationem
2420 966 2633 1019 Sanctae
2679 963 2861 1018 Maria:
2910 966 3263 1021 monasterio.
3318 966 3470 1031 Quod

1879 1071 2006 1111 cum
2032 1057 2141 1125 regi
2173 1057 2538 1123 ostenderem,
2578 1068 2632 1111 et
2658 1072 2782 1111 cum
2814 1055 2929 1125 ejus
2960 1059 3185 1113 consilio
3214 1069 3267 1114 et
3310 1060 3471 1113 bene-

1880 1152 2139 1216 voleutia,
2167 1152 2459 1207 multorum
2498 1152 2661 1206 etiam
2693 1152 2957 1207 bonorum
2981 1154 3256 1207 hominum
3284 1154 3475 1223 deprc-

1884 1247 2100 1302 catione
2136 1255 2436 1301 conventus
2465 1260 2673 1310 essem,
2709 1247 3030 1303 auctoritate
3062 1264 3165 1317 qua
3196 1247 3390 1313 debui,
3422 1257 3476 1303 et

1856 1341 2169 1396 ’devmione
2200 1355 2303 1410 qua
2332 1341 2505 1411 potui,
2530 1339 2727 1395 donavi
2768 1342 3008 1397 ecclesia:
3036 1342 3315 1410 'prmdictm
3344 1341 3477 1396 ban-

1888 1450 2022 1488 num
2051 1443 2103 1488 et
2129 1434 2433 1488 districtum
2466 1448 2629 1498 supra
2662 1436 2985 1503 scriptarum
3016 1450 3195 1489 rerum
3218 1477 3233 1501 ,
3268 1433 3476 1490 faciens

1890 1522 2231 1578 traditionem
2291 1539 2387 1595 per
2426 1540 2620 1578 manus
2670 1524 2944 1579 Godefridi
2993 1526 3186 1591 ducis,
3233 1525 3476 1594 ejusdem

1887 1616 2130 1671 ecclesia:
2158 1617 2440 1681 advocati,
2491 1628 2757 1686 praesente
2783 1618 2947 1671 etiam
2986 1618 3190 1674 llaceca
3236 1621 3347 1690 jam
3398 1621 3480 1674 vi-

1891 1708 2016 1771 dua,
2053 1716 2103 1763 et
2137 1708 2246 1761 ﬁlio
2272 1709 2388 1777 ejus
2414 1709 2652 1771 Dolone,
2678 1708 2768 1777 qui
2808 1711 3138 1779 vverpicrunt
3168 1711 3246 1782 (3)
3275 1712 3476 1767 ibidem

1889 1804 2105 1856 tertiam
2125 1842 2138 1866 ,
2171 1818 2288 1871 quae
2311 1802 2379 1856 de
2418 1817 2515 1855 suo
2540 1800 2804 1855 beneﬁcio
2833 1810 3006 1866 erarat,
3031 1804 3095 1855 ad
3121 1818 3253 1872 opus
3280 1811 3481 1857 sancta:

1888 1896 2069 1956 Mar'a‘.
2104 1904 2363 1966 perpetuo
2405 1896 2709 1950 habendum
2747 1905 2804 1950 et
2851 1897 3030 1964 quiete
3066 1898 3481 1967 possidendum;

1888 2000 1945 2045 ut
1996 1992 2242 2046 homines
2287 2000 2485 2045 sancta:
2534 1988 2711 2044 Maria:
2747 1990 2802 2043 in
2846 1988 3110 2056 Musonio,
3154 1993 3237 2047 vel
3266 1993 3485 2047 Flabeio

1890 2095 2204 2148 manentes,
2241 2085 2322 2137 vel
2354 2084 2606 2153 deinceps
2633 2084 2989 2151 undecunque
3034 2084 3105 2137 ibi
3144 2101 3364 2141 manere
3390 2101 3485 2139 ve-

1889 2177 2136 2239 nientes,
2187 2178 2358 2232 nullas
2405 2178 2736 2231 constumias
2769 2179 2843 2247 (εἰ)
2874 2185 3031 2234 alicui
3074 2182 3349 2235 hominum
3400 2181 3487 2235 vel

1891 2270 2147 2340 potestati
2199 2270 2428 2332 faciant,
2460 2270 2563 2324 nisi
2608 2270 2789 2325 abbati
2845 2280 2899 2326 et
2945 2274 3226 2328 monachis
3273 2274 3491 2329 Sanctat

1897 2362 2097 2423 Marias,
2130 2376 2227 2416 nec
2248 2362 2445 2431 placita
2477 2361 2788 2427 observent,
2809 2379 2905 2417 nec
2930 2364 3137 2434 vigilias
3161 2366 3488 2425 custodiant.

1899 2470 2000 2509 nec
2027 2455 2193 2510 lectos
2228 2455 2525 2525 prmbeant,
2550 2457 2651 2512 nisi
2685 2458 2751 2511 ad
2781 2458 3059 2512 servitium
3087 2459 3347 2514 ecclesize.
3374 2460 3492 2523 cna

1902 2544 2191 2598 traditione
2225 2544 2541 2599 solemuiter
2566 2544 2727 2613 facta,
2758 2556 2811 2600 et
2855 2546 3033 2602 banuo
3063 2549 3161 2602 sub
3204 2548 3494 2617 praesentia

1902 2634 2044 2705 regis
2079 2635 2324 2689 Rotberti
2368 2634 2611 2705 lcgaliter
2662 2636 2952 2707 imposito,
2984 2652 3049 2692 ne
3094 2637 3162 2693 ali
3184 2638 3289 2708 juis
3329 2638 3492 2694 homo

1903 2727 2009 2781 hoc
2041 2724 2339 2797 infringere
2368 2738 2722 2798 praesumeret
2762 2729 3079 2799 aliquando,
3109 2732 3272 2787 etiam
3298 2732 3367 2787 ad
3414 2733 3495 2786 fu-

1904 2826 2150 2872 turorum
2195 2820 2513 2874 memoriam
2563 2828 2619 2875 et
2664 2821 2906 2875 ecclesia:
2935 2821 3235 2876 libertatem
3278 2836 3499 2878 consero

1903 2913 2157 2979 vandam,
2211 2913 2553 2968 auctoritatis
2581 2924 2778 2968 nostra:
2820 2915 3080 2985 sciiptum
3132 2915 3399 2986 imposui,
3446 2916 3504 2969 et

1906 3004 2123 3073 signare
2176 3001 2277 3057 feci
2306 3044 2321 3066 ,
2375 3005 2674 3059 admonens
2720 3020 2783 3059 ex
2824 3015 2976 3075 parte
3022 3006 3113 3060 Dei
3151 3020 3500 3062 successores

1908 3104 2123 3149 nostros
2148 3106 2224 3162 ut,
2252 3096 2389 3149 sicut
2410 3112 2505 3150 sua
2533 3104 2733 3151 statuta
2757 3097 3123 3153 ecclesiastico
3152 3098 3290 3152 facta
3314 3101 3504 3153 volunt

1909 3186 2165 3242 inviolata
2214 3203 2465 3252 manere,
2498 3188 2575 3243 sic
2622 3187 2777 3256 hujus
2832 3198 3027 3243 nostra:
3071 3189 3415 3243 donationem
3446 3198 3502 3243 et

1908 3291 2170 3337 statutum
2194 3281 2548 3354 cleemosynm
2568 3281 2717 3336 nullo
2734 3283 2949 3353 ingenio
2972 3283 3245 3351 patiantur
3272 3298 3317 3334 l‘t
3330 3277 3507 3335 scindi

1909 3374 1993 3429 vel
2026 3374 2213 3430 violari
2240 3374 2415 3444 aliqua
2446 3374 2676 3428 ratione.
2706 3373 2971 3429 Omnibus
2998 3388 3125 3427 vero
3148 3388 3284 3443 quos
3306 3379 3509 3426 nostra

1911 3467 2219 3522 auctoritati
2254 3467 2527 3522 vinculum
2562 3467 2765 3522 Christi
2797 3467 3087 3537 subjugarc
3115 3464 3304 3529 debet,
3338 3465 3508 3519 comi-

1914 3561 2076 3620 tibus.
2098 3559 2393 3628 judicibus,
2425 3561 2748 3630 praepositis,
2792 3560 3019 3614 diversis
3044 3559 3205 3612 etiam
3229 3558 3510 3628 potestati-

1915 3654 2033 3713 bus.
2061 3654 2159 3705 sub
2186 3654 2532 3706 anathemate
2557 3651 2758 3707 Christi
2786 3659 2841 3705 et
2867 3651 3030 3706 totius
3059 3650 3311 3705 Ecclesia:
3342 3651 3512 3705 inter.

1915 3746 2115 3799 dictum
2162 3741 2421 3797 facientes
2451 3784 2465 3808 ,
2523 3757 2899 3798 ammonemus
2946 3752 3005 3797 ut
3067 3742 3213 3795 nullo
3258 3742 3505 3812 ingenio,

1917 3834 2062 3889 nulla
2107 3835 2347 3898 ratione,
2377 3833 2520 3887 nulla
2558 3831 2855 3903 cupiditate
2886 3833 3246 3902 subripicnte,
3280 3833 3382 3888 hoc
3414 3833 3510 3887 de-

1917 3938 2123 3984 cretum
2166 3935 2494 3999 prtesumant
2522 3926 2817 3997 infringere
2842 3927 2921 3981 vel
2956 3940 3252 3981 removere.
3278 3927 3430 3992 Quod
3461 3928 3507 3981 si

1919 4023 2096 4077 facere
2126 4020 2603 4091 praesumpseriut,
2652 4032 2773 4073 cum
2820 4019 2954 4074 Juda
2991 4020 3250 4073 traditore
3297 4019 3509 4072 Domini

1919 4114 2229 4183 subjaceant
2261 4123 2478 4165 acterna:
2510 4110 2893 4165 maledictioni.
2927 4110 3064 4173 Fiat,
3098 4111 3208 4163 ﬁat.

1988 4206 2030 4275 -ι-
2056 4206 2281 4276 Signum
2328 4204 2533 4257 Arnuiti
2580 4204 2670 4258 Dei
2713 4203 2888 4272 gratia
2938 4202 3219 4258 Remeusis
3251 4204 3508 4259 Ecclesia:

1921 4296 2340 4366 archiprazsulis.

1990 4390 2029 4459 ἰ’
2062 4389 2287 4458 Signum
2320 4388 2676 4444 Adalberonis
2708 4397 2909 4443 sancta:
2932 4380 3307 4445 Lauduneusis
3332 4387 3516 4445 Ευςιοι

219 4477 559 4549 deprecatus
594 4494 711 4533 sum
743 4476 1038 4542 humiliter,
1061 4488 1115 4533 et
1146 4479 1352 4533 obtinui
1386 4494 1414 4532 a
1442 4478 1569 4533 sede
1600 4488 1817 4547 aposto‘
1851 4495 1895 4552 υ
1924 4482 2019 4536 sim
2046 4483 2309 4552 episcopi.

218 4571 351 4636 lica,
388 4582 450 4625 ut
473 4570 562 4627 ille
596 4569 746 4624 locus
773 4568 994 4625 Mosomi
1028 4570 1287 4625 Romana:
1323 4571 1663 4625 auctoritatis
1707 4585 1821 4625 me-

221 4673 378 4718 retur
410 4664 615 4718 habere
651 4662 962 4732 privilegia;
996 4662 1190 4731 quibus
1221 4662 1492 4730 acceptis,
1523 4672 1577 4716 et
1620 4661 1824 4731 aliquot

224 4753 645 4809 decurrentibus
665 4753 840 4819 annis,
864 4752 1033 4806 nostri
1061 4752 1443 4807 ministeriales
1467 4751 1531 4807 de
1559 4752 1820 4816 Mosomo,

224 4855 280 4901 et
305 4844 524 4913 judices
573 4844 638 4899 de
683 4844 904 4899 castello
933 4851 1219 4912 cmpernnt
1265 4842 1410 4897 illum
1457 4841 1636 4896 locum
1685 4855 1825 4911 sche

228 4935 545 5001 molestare,
594 4942 649 4988 et
694 4946 947 5005 tanquam
998 4948 1065 4990 ex
1115 4942 1301 4989 nostra
1354 4933 1681 4989 rectitudine
1731 4948 1827 5001 per

226 5028 473 5083 banuum
523 5034 576 5081 et
621 5024 919 5081 districtum
964 5036 1219 5082 nosuum
1274 5023 1492 5078 suborta
1538 5024 1826 5079 occasione

228 5121 494 5192 plurimas
542 5118 761 5185 injurias
816 5118 1021 5179 facere;
1059 5119 1193 5193 quia
1250 5117 1563 5174 hominibus
1613 5119 1829 5174 Sancta:

235 5208 415 5268 Maria:
450 5213 503 5266 in
552 5211 780 5270 Mosomo
823 5215 874 5261 et
920 5203 1157 5273 Flabcio
1211 5207 1429 5280 (Flabn)
1483 5211 1829 5269 manentibus

1960 4598 1965 4599 ν
1994 4576 2024 4646 -ι
2067 4576 2291 4642 Signum
2319 4573 2572 4629 Fulconis
2604 4574 2983 4629 Ambiancnsis
3011 4573 3268 4643 episcopi.

1993 4668 2033 4736 ’ξ-
2066 4666 2288 4735 Signum
2316 4664 2543 4721 Gerardi
2576 4665 2984 4722 Cameracensis
3012 4666 3271 4735 episcopi.

1995 4759 2036 4828 ἰ-
2070 4755 2291 4826 Signum
2319 4755 2538 4829 Rotgeri
2568 4756 2981 4811 Catalaunensis
3008 4754 3268 4823 episcopi.

1999 4850 2227 4919 Signum
2267 4846 2545 4903 Godefridi
2584 4848 2759 4912 ducis,
2791 4844 3029 4915 ejusdem
3060 4843 3315 4898 Ecclesiae
3362 4849 3533 4903 advoa

1928 4942 2055 4996 cati.

2001 5033 2227 5102 Signum
2264 5031 2537 5093 Dudonis,
2573 5030 2786 5100 signum
2816 5026 3020 5082 Odonis
3046 5024 3284 5088 comitis,
3314 5031 3545 5103 signum

1934 5122 2202 5196 Hilgandi,
2231 5122 2445 5192 signum
2469 5122 2626 5177 Alulﬁ
2649 5163 2663 5187 ,
2698 5118 3069 5175 archidiaconi
3100 5124 3153 5171 et
3186 5116 3550 5178 viceiiomini.

2004 5220 2197 5274 Actum
2229 5215 2474 5273 Lauduni
2501 5218 2552 5272 in
2573 5211 2905 5269 monasterio
2932 5219 3136 5268 sancta:
3163 5207 3383 5279 Maria},
3412 5233 3557 5271 num.

2463 5309 2495 5316 _
2602 5308 2611 5316 ι
2661 5308 2672 5316 ι
2831 5312 2839 5316 .
2880 5304 2891 5313 I
2949 5303 2971 5316 υ
3111 5299 3167 5316 nl
3224 5300 3310 5316 ⁸.·
3392 5309 3517 5316 -..-Α
