3984 5316
258 319 395 377 I533
749 321 1201 379 CONSTANTINI
1234 324 1291 379 S.
1335 322 1801 381 SYMPHORIANI
1834 323 2120 379 ABBATIS
2174 321 2345 377 ViTA’
2367 316 2842 376 ADALBERONIS
2878 315 2939 370 ll.
3364 307 3502 362 1551

1859 415 3380 445 ______________________.______.

1374 498 1905 690 INCIPIT
1989 574 2381 692 VITA.

1672 780 2021 797 '_—-II—

334 932 387 986 1.
420 928 935 985 Adalbero‘sanctze
952 924 1133 981 Mettis
1152 925 1473 981 venerabilis
1495 925 1712 995 przesul,
1731 940 1839 978 ma-
1870 906 1915 962 Α
1943 924 2008 977 ad
2039 922 2435 978 reformandam
2463 921 2515 977 in
2548 921 2757 993 populis
2780 937 2968 991 pacem
2997 920 3164 976 totius
3192 918 3339 990 pacis
3367 931 3543 973 ama-7

263 1024 355 1093 gni
378 1020 737 1077 Adalberonis
772 1019 1045 1074 fratruelis
1072 1018 1184 1088 (15)
1205 1060 1218 1081 ,
1247 1017 1371 1071 licet
1417 1026 1658 1087 tempore
1707 1018 1841 1071 infe-
1946 1027 2029 1072 tor
2056 1017 2325 1072 Adalbero
2357 1032 2552 1087 genere
2574 1025 2626 1071 et
2656 1025 2835 1069 mente
2863 1015 3230 1071 nobilissimus
3256 1012 3299 1079 ⁵,
3328 1024 3523 1082 procu-

265 1115 396 1179 rior,
429 1114 555 1169 licet
604 1120 724 1184 post
760 1120 936 1174 natus,
988 1110 1185 1165 merito
1212 1118 1268 1164 et
1314 1110 1499 1179 gratia:
1529 1109 1836 1179 privilegio,
1945 1118 2098 1164 rante
2122 1120 2176 1163 et
2204 1119 2556 1179 procurrente
2593 1118 2763 1163 matre
2795 1107 3065 1173 Beatrice,
3098 1106 3312 1161 favente
3340 1104 3519 1177 domi-

265 1220 396 1259 vere
444 1202 700 1269 fatemur,
749 1216 854 1256 non
887 1202 1079 1270 impar,
1128 1200 1296 1269 gloria
1327 1201 1525 1270 luxque
1574 1201 1843 1269 decusque
1946 1215 2014 1254 na
2040 1199 2335 1253 Adelheide
2361 1198 2803 1269 augustahprolis
2833 1199 3009 1253 adhuc
3045 1198 3349 1252 tenerrimze
3380 1196 3535 1259 avia,

264 1310 392 1351 cum
418 1310 639 1349 suorum
670 1324 743 1335 —
771 1303 1013 1347 nostrum
1052 1294 1279 1347 dicimus
1309 1323 1380 1333 -
1409 1301 1517 1346 tum
1555 1294 1716 1348 totius
1753 1309 1848 1362 P"-
1947 1291 2088 1359 quod
2119 1300 2297 1346 autem
2321 1292 2552 1359 primum
2584 1292 2847 1345 bonarum
2882 1307 3061 1346 rerum
3088 1298 3527 1359 postremumque

267 1385 409 1450 trite,
439 1384 504 1438 ad
536 1384 638 1439 hoc
667 1383 908 1437 omnium
941 1398 1153 1452 quaqua
1204 1384 1351 1436 orbis
1392 1383 1723 1451 degentium,
1757 1398 1850 1453 ge-

267 1492 370 1531 nus
405 1477 471 1531 ab
496 1476 693 1529 attavis
720 1475 741 1506 ³
767 1482 822 1530 et
853 1489 1011 1543 supra
1038 1473 1371 1528 nobillimum
1395 1474 1434 1538 ³,
1460 1488 1622 1542 seque
1648 1487 1850 1542 suoque

266 1567 492 1636 prtemio
515 1565 735 1621 omnino
756 1579 1074 1635 perornans,
1096 1564 1315 1618 omnino
1340 1564 1693 1634 perlustrans,
1725 1565 1850 1617 dum

266 1658 404 1712 vixit
438 1659 694 1727 splendor
722 1658 1085 1729 gaudiumque
1130 1664 1205 1722 et,
1237 1656 1302 1709 ad
1341 1657 1738 1711 conservandas
1766 1671 1853 1711 res

267 1749 537 1820 publicas,
572 1764 694 1819 spes
723 1750 913 1804 salutis
944 1757 999 1805 et
1032 1749 1176 1814 vitaz,
1207 1747 1563 1802 nonodecimo
1588 1746 1855 1802 Kalendas

268 1840 510 1896 Januarii
548 1841 673 1895 dum
720 1842 976 1906 decessit,
1005 1828 1310 1908 luctus‘qui
1363 1840 1464 1893 dici
1493 1856 1599 1894 non
1631 1848 1858 1910 possunt

270 1929 489 2001 reliquit
520 1930 626 1997 his,
657 1931 853 2001 quibus
888 1932 1174 1985 abscessus
1214 1929 1331 2000 ejus
1367 1931 1600 1985 tenebras
1644 1941 1858 1984 aeternae

269 2023 555 2092 caligoque
600 2031 856 2092 perpetua
885 2022 1104 2087 abhinc,
1131 2023 1268 2091 proh
1301 2021 1492 2076 dolor!
1528 2031 1854 2091 perseverat.

271 2115 373 2170 llic
399 2114 694 2180 nomine,et
740 2115 862 2169 vim:
886 2114 1055 2184 gratia
1086 2128 1315 2184 magnus
1338 2113 1405 2167 ad
1443 2114 1623 2167 mundi
1665 2130 1859 2183 prove—

272 2212 423 2259 ctum
471 2213 526 2259 et
568 2203 827 2259 aacclesire
859 2203 1281 2258 stabilimentum
1338 2211 1674 2272 procreatus,
1708 2212 1861 2271 patre

274 2294 581 2359 Friderico,
622 2294 715 2365 qui
764 2292 953 2349 Galliae
998 2293 1261 2347 mediana:
1302 2292 1407 2346 dux
1432 2333 1445 2355 ,
1485 2292 1863 2362 generositatis

274 2386 597 2442 excellentia
623 2394 677 2440 et
718 2384 994 2455 sapientia:
1028 2385 1401 2454 prreminentia
1434 2384 1630 2438 multos
1652 2384 1862 2453 prcede-

275 2493 553 2534 cessorum
576 2478 631 2532 in
666 2478 716 2532 id
745 2477 903 2532 oflicii
934 2476 1226 2548 superavit,
1252 2484 1424 2530 matre
1449 2476 1714 2539 Beatrice,
1742 2491 1863 2544 qua:

276 2570 455 2642 Magni
493 2570 733 2639 Bttgonis
767 2570 873 2624 lilia
930 2568 1050 2634 fuit,
1080 2569 1407 2640 progenitus
1435 2578 1538 2631 est,
1568 2577 1622 2622 et
1662 2577 1865 2621 tantam

278 2670 500 2732 tamque
543 2660 781 2716 inclitam
836 2660 1031 2716 lineam
1085 2660 1107 2691 ⁸
1157 2659 1371 2732 generis
1402 2673 1506 2713 non
1552 2658 1710 2713 modo
1762 2671 1866 2709 non

277 2753 587 2818 infamavit,
612 2768 799 2808 verum
838 2752 976 2807 ultra
999 2767 1158 2823 quam
1182 2760 1266 2807 est
1288 2751 1498 2815 dicere,
1536 2750 1674 2803 ultra
1707 2762 1867 2818 quam

277 2854 368 2903 est
410 2845 570 2916 digne
599 2844 883 2911 meditari,
914 2844 1163 2899 decoram
1197 2842 1432 2896 reddidit
1476 2849 1530 2895 ct
1580 2840 1867 2909 insignem,

281 2937 411 2993 dum
437 2935 798 2991 Adalberouis
829 2936 936 2989 vita
991 2934 1279 3004 purissima
1322 2941 1377 2987 et
1422 2931 1680 3002 gloriosa,
1710 2938 1871 3000 prout

283 3027 393 3082 fert
423 3026 679 3082 instantia
719 3026 1007 3095 temporis,
1046 3023 1257 3095 pOpulis
1282 3033 1591 3088 enarratur,
1623 3022 1873 3095 gentibus

283 3119 357 3175 ad
387 3120 480 3175 Dei
506 3128 560 3175 et
584 3119 783 3177 Christi
805 3116 924 3188 ejus
952 3116 1154 3173 domini
1180 3117 1351 3172 nostri
1381 3116 1603 3187 gloriam
1635 3129 1873 3186 pronun-

282 3213 475 3267 tiatur.

356 3305 415 3359 2.
455 3304 594 3372 Quid
625 3312 809 3359 autem
851 3302 1044 3373 egerit,
1081 3301 1147 3356 ad
1179 3300 1307 3370 quid
1356 3309 1515 3355 natus
1555 3299 1646 3366 sit,
1700 3298 1875 3370 qualis

285 3397 514 3462 vixerit,
543 3396 727 3467 paucis
757 3395 935 3451 dicere
986 3394 1287 3463 cupientes,
1322 3392 1635 3446 intimamus
1688 3392 1877 3447 audire

286 3490 516 3554 volenti,
545 3496 842 3542 amatorem
870 3501 993 3541 eum
1018 3500 1084 3540 ex
1109 3485 1288 3540 cordis
1315 3484 1627 3554 integritate
1658 3498 1723 3539 ac
1754 3484 1877 3538 ani-

1948 1392 2049 1448 est,
2094 1383 2202 1436 Deo
2225 1384 2444 1437 omnino
2468 1391 2763 1448 annuente,
2794 1382 2932 1437 votis
2961 1382 3276 1453 populorum
3301 1388 3354 1434 ct
3377 1393 3529 1434 secu-

1952 1473 2124 1527 lorum
2159 1473 2520 1528 famosissime
2561 1473 2709 1528 Metti
2749 1473 2945 1545 praasul
2982 1473 3226 1527 elevatur
3249 1479 3303 1526 et
3329 1468 3532 1525 consti-

1954 1569 2123 1621 tuitur
2148 1567 2236 1621 die
2265 1567 2326 1621 l7
2352 1566 2470 1620 Kal.
2496 1567 2754 1622 Novemb.
2782 1582 2923 1622 anno
2960 1566 3251 1623 Dominica:
3275 1566 3534 1620 incarna~

1956 1659 2118 1713 tionis
2147 1658 2249 1713 984
2278 1659 2298 1689 ⁸
2327 1659 2622 1714 indictione
2652 1659 2717 1713 12
2745 1658 2787 1712 τ.

2023 1753 2077 1807 3.
2120 1751 2255 1806 Mira
2282 1767 2410 1806 vero
2458 1752 2549 1807 Dei
2582 1761 2636 1805 et
2672 1751 2883 1807 Domini
2917 1751 3088 1807 nostri
3118 1751 3314 1821 gratia,
3351 1759 3405 1805 et
3446 1765 3538 1820 po—

1958 1847 2138 1901 tentia:
2161 1846 2380 1914 antiqua
2403 1845 2623 1910 virtute,
2655 1844 2795 1915 quod
2822 1854 2905 1899 est
2934 1844 3078 1899 dictu
3103 1842 3369 1905 mirabile,
3393 1843 3543 1911 priu-

1958 1937 2138 2005 cipum
2179 1936 2267 1990 illa
2301 1935 2571 1990 discordia
2637 1951 2799 2006 quam
2839 1936 3103 2005 putabant
3145 1950 3250 1988 non
3276 1934 3394 1988 sfne
3426 1948 3541 1986 ma-

1960 2029 2079 2100 gnis
2107 2026 2364 2099 periculis
2414 2041 2515 2081 nec
2542 2027 2821 2096 sanguinis
2862 2025 2882 2057 ⁸
2913 2025 3079 2080 multa
3124 2024 3385 2079 effusione
3426 2039 3543 2101 um-

1961 2136 2122 2189 quam
2150 2118 2507 2183 evadendam,
2535 2118 2612 2173 sic
2658 2119 2863 2183 sedata,
2893 2118 2971 2172 sic
3010 2116 3076 2170 ad
3104 2115 3269 2170 nichil
3313 2115 3533 2169 redacta

1966 2219 2068 2273 est,
2106 2218 2163 2263 ut
2204 2224 2293 2264 res
2333 2207 2445 2278 jam
2498 2208 2551 2261 in
2607 2208 2772 2262 armis
2796 2207 3111 2271 constituta,
3162 2207 3229 2260 ad
3283 2206 3541 2259 unitatem

1970 2300 2126 2356 electi
2160 2300 2419 2369 principis
2444 2308 2498 2350 et
2527 2298 2594 2352 ad
2624 2298 3030 2353 diuturnitatem
3058 2311 3199 2350 verae.
3226 2296 3393 2365 pacis,
3424 2308 3547 2363 qua:

1963 2391 2222 2462 quamdiu
2255 2390 2391 2445 vixit
2422 2390 2674 2458 princeps
2715 2388 2855 2443 idem
2889 2387 3126 2453 duravit,
3150 2382 3545 2455 perfectissima

1966 2483 2147 2547 rediit,
2188 2482 2313 2536 dum
2342 2481 2478 2535 votis
2512 2480 2748 2535 fidelium
2787 2478 3055 2532 Adalbcro
3104 2476 3156 2530 in
3190 2476 3333 2529 hunc
3375 2473 3565 2545 dignior

1968 2575 2094 2628 tatis
2139 2573 2464 2643 pontificalis
2496 2572 2719 2643 gradum
2760 2570 2889 2622 felix
2934 2568 3198 2623 ascendit.
3246 2568 3378 2620 Acta
3424 2574 3552 2620 sunt

1967 2667 2080 2721 hcce
2130 2665 2375 2720 felicibus
2416 2663 2671 2733 auspiciis
2711 2660 3034 2718 Wormacia:
3091 2665 3253 2731 (ευτα
3302 2670 3401 2711 oct.
3432 2657 3548 2728 20),

1970 2756 2241 2824 quondam
2292 2753 2500 2824 Vangio
2549 2754 2723 2816 dictae,
2769 2766 2876 2822 quo
2925 2752 3197 2806 exercitus
3251 2747 3549 2803 Galliarum

1968 2847 2365 2915 Germanicque
2394 2860 2522 2916 pars
2550 2845 2614 2898 ad
2643 2843 2928 2897 favendum
2962 2856 3131 2912 puero
3150 2839 3400 2910 principi,
3426 2836 3553 2909 pars

1972 2950 2030 2992 ut
2060 2938 2366 3002 resisteret,
2394 2944 2737 2992 concesserat
2764 2936 2896 3005 (17).
2932 2933 3041 2988 Sed
3092 2930 3431 2987 Adelherone
3456 2930 3553 2984 ba-

1973 3030 2075 3084 culi
2108 3030 2396 3098 pastoralis
2418 3029 2615 3083 donato
2645 3028 2872 3091 honore,
2915 3024 3049 3095 regi,
3089 3038 3248 3094 quem
3285 3023 3423 3076 Deus
3446 3018 3555 3075 ele-

1974 3132 2128 3195 gerat
2155 3133 2212 3177 ut
2240 3132 2359 3177 erat
2383 3123 2587 3187 videre,
2620 3121 2709 3191 qui
2739 3120 2897 3192 paulo
2927 3128 3055 3173 ante
3090 3116 3404 3172 restiterant
3443 3129 3561 3168 mao

1975 3218 2080 3287 gis,
2113 3215 2273 3285 hujus
2304 3218 2446 3272 beati
2473 3216 2680 3270 meritis
2704 3224 2823 3285 post
2846 3214 2964 3285 plus
2994 3227 3195 3282 pronos
3225 3212 3290 3265 ad
3316 3209 3573 3264 servien-v

1977 3310 2105 3363 dum
2134 3322 2258 3362 sese
2300 3308 2577 3378 inpingere
2602 3306 2950 3370 festinabant,
3001 3310 3062 3357 et
3089 3300 3273 3355 fideles
3304 3299 3418 3353 fore
3466 3297 3564 3352 ab«

1978 3405 2108 3460 hinc
2143 3407 2196 3461 in
2229 3410 2510 3475 posterum
2563 3400 2918 3455 devovebant.
2967 3396 3107 3464 Quid
3150 3394 3383 3465 amplius
3405 3393 3563 3447 ?‘Pa-

1980 3498 2118 3552 catis
2155 3496 2317 3551 rebus
2348 3494 2540 3563 regiis,
2573 3489 2939 3559 tranquillatis
2984 3487 3197 3542 cunctis
3244 3485 3384 3554 regis
3438 3486 3562 3540 novi

289 3582 366 3638 mi
400 3581 639 3636 maxima
689 3578 971 3633 alacritate
1023 3578 1106 3632 sui
1144 3592 1212 3631 ex
1242 3577 1397 3631 cunis
1437 3576 1604 3629 fuisse
1632 3576 1877 3630 condito—
1903 3614 1949 3672 C
1984 3587 2233 3657 negotiis,
2264 3585 2513 3646 Beati-ix,
2546 3598 2665 3651 quae
2697 3580 2852 3649 hujus
2876 3581 3026 3650 pacis
3072 3578 3419 3649 propagatrix
3452 3578 3562 3631 Deo

290 3676 391 3739 ris,
413 3674 720 3745 proximum
748 3686 815 3726 ex
839 3670 1021 3726 divino
1049 3677 1321 3739 preecepto
1348 3669 1569 3722 omnino
1596 3668 1868 3733 dilexisse,

293 3765 691 3821 infirmantium
720 3777 950 3833 corpore
976 3763 1090 3817 sive
1117 3760 1280 3815 corde
1312 3760 1515 3825 usibus,
1539 3770 1599 3814 ut
1625 3760 1724 3815 sibi
1752 3759 1871 3829 ipsi,

294 3869 514 3925 semper
542 3853 1010 3918 condescendisse,
1041 3860 1372 3905 mortuorum
1421 3848 1714 3918 sepulturis
1738 3849 1877 3903 assi:

295 3947 424 4014 due,
476 3946 601 4001 dmn
650 3958 871 3999 necesse
900 3951 1038 4009 erat,
1092 3942 1351 4005 astitisse,
1403 3951 1457 3994 et
1507 3948 1564 3995 ut
1605 3940 1879 3994 succincte

296 4038 466 4095 multa
492 4037 691 4103 dicam,
746 4050 881 4090 eam
912 4035 1011 4089 sibi
1040 4033 1213 4104 legem
1266 4034 1454 4088 beatus
1494 4039 1774 4095 statuerat,
1801 4038 1877 4094 ut,

298 4145 627 4202 quocunque
664 4127 905 4191 veniret,
928 4126 1015 4180 lux
1055 4125 1286 4194 quedam
1325 4124 1537 4177 venisse
1566 4132 1620 4177 et
1645 4137 1767 4185 spes
1795 4137 1881 4177 sa-

300 4223 432 4279 lutis
460 4223 756 4285 videretur,
790 4232 1108 4288 semperque
1144 4216 1213 4270 ad
1257 4215 1435 4270 divina
1462 4218 1711 4268 mandata
1756 4231 1886 4270 con-

301 4314 571 4370 servanda
609 4320 662 4368 et
692 4312 951 4365 fratribus
973 4310 1123 4363 utilia
1149 4306 1490 4379 praevidenda
1530 4322 1589 4361 se
1616 4307 1885 4360 animum-

305 4426 415 4481 que
445 4425 599 4463 suum
631 4406 992 4460 intentissime
1020 4405 1299 4475 piissimus
1321 4401 1677 4471 prmparabat.
1705 4401 1890 4456 Scola-

302 4504 459 4557 ribus
498 4498 799 4568 disciplinis
842 4497 982 4566 apud
1022 4496 1372 4565 Gurgitenses
1420 4493 1534 4565 (16)
1586 4494 1889 4548 castissime

305 4594 538 4648 detritus
569 4602 622 4644 ct
646 4590 948 4654 institutus,
978 4588 1105 4641 dum
1142 4596 1260 4656 post
1284 4594 1513 4640 mortem
1540 4586 1763 4639 secundi
1790 4584 1889 4640 Ot-

306 4686 448 4739 tonis
477 4683 584 4738 divi
618 4680 963 4751 imperatoris
990 4681 1101 4749 (an.
1136 4678 1298 4746 983),
1348 4685 1403 4730 et
1452 4692 1579 4730 casu
1625 4677 1795 4746 patris
1838 4684 1891 4729 et

305 4776 543 4830 orbitate
596 4775 888 4827 immatura
938 4772 1056 4835 filii,
1091 4778 1211 4841 post
1263 4768 1429 4824 creati
1471 4770 1692 4822 caesaris
1748 4777 1891 4824 totus

309 4868 561 4921 occidens
589 4866 924 4921 dissensione
963 4864 1251 4928 minorum,
1288 4859 1550 4930 majorum
1579 4869 1762 4915 autem
1795 4876 1893 4914 cun

308 4959 545 5029 pididate
576 4957 643 5012 ad
672 4959 1025 5026 regnandum,
1057 4955 1277 5008 omnino
1301 4952 1600 5020 langueret,
1635 4952 1890 5008 defuncto

313 5050 675 5105 memoranda:
696 5049 819 5106 vita:
846 5046 961 5105 viro
989 5046 1289 5101 Deoderico
1321 5043 1571 5114 pontifice
1592 5043 1709 5113 (an.
1740 5043 1888 5114 984),

1613 5200 1848 5262 VARUE
1888 5199 2303 5265 LECTIONES.

1979 3685 2252 3735 annuente
2276 3676 2546 3741 extiterat,
2572 3683 2625 3727 et
2656 3672 2807 3741 cujus
2830 3671 3095 3725 industria
3127 3680 3233 3724 tam
3266 3668 3440 3723 subita
3468 3670 3566 3722 mi-

1980 3769 2133 3823 litum
2156 3778 2209 3823 et
2244 3767 2383 3837 prin.
2403 3766 2548 3833 ipum
2591 3762 2643 3818 in
2682 3777 2863 3833 regem
2892 3760 3263 3815 confederatio
3286 3758 3423 3814 facta
3452 3757 3566 3814 fue-

1985 3873 2085 3925 rat,
2113 3876 2234 3915 cum
2263 3874 2358 3914 sua
2408 3856 2721 3912 felicissima
2769 3851 2915 3924 prole
2947 3852 3073 3907 felix
3104 3861 3153 3908 et
3190 3853 3325 3922 ipsa,
3362 3860 3415 3904 et
3443 3866 3564 3906 cum

1982 3954 2146 4010 nobili
2196 3953 2287 4009 illo
2316 3949 2655 4008 Mettensium
2685 3948 2951 4013 exercitu,
2983 3947 3051 4002 ad
3101 3947 3289 4003 urbem
3338 3943 3447 4000 filio
3473 3946 3570 4000 da-

1987 4059 2095 4102 tam
2124 4046 2202 4101 ire
2229 4051 2501 4115 properat,
2546 4041 2784 4110 gestibus
2810 4039 2988 4093 cordis
3010 4047 3064 4094 et
3106 4035 3349 4108 corporis
3376 4035 3583 4105 quibus.

1985 4146 2221 4209 poterat,
2247 4137 2443 4206 quibus
2481 4141 2725 4196 noverat,
2750 4131 2917 4186 Deum
2948 4139 3003 4184 et
3039 4129 3131 4184 Dei
3162 4128 3439 4198 antiquam
3463 4127 3573 4182 cle—

1989 4230 2245 4286 mentiam
2293 4236 2345 4282 et
2385 4238 2651 4280 summam
2681 4223 2975 4277 bonEtatem
3008 4235 3071 4275 ac
3108 4228 3288 4273 notam
3321 4219 3596 4290 gentibus.

1991 4332 2245 4385 virtutem
2269 4323 2622 4395 magnificans
2651 4331 2812 4393 atque
2853 4320 3184 4377 collaudans.
3232 4317 3319 4371 Fit
3346 4329 3573 4370 concur-

1992 4436 2083 4475 sus
2123 4418 2362 4471 virorum
2403 4429 2466 4469 ac
2520 4413 2824 4473 mulierum,
2874 4411 2933 4464 fit
2984 4409 3220 4464 inaudita
3253 4407 3575 4477 populorum

1994 4509 2239 4579 irruptio,
2270 4506 2326 4560 fit
2356 4502 2691 4559 admirabilis
2718 4502 3105 4557 monachorum
3123 4496 3499 4566 ac°virginum
3524 4502 3597 4547 et,

1994 4608 2303 4656 sanctorum
2334 4594 2574 4650 omnium
2597 4593 2811 4648 votivus
2836 4607 2901 4646 ac
2924 4590 3097 4645 dulcis
3112 4587 3424 4658 applansus,
3451 4584 3589 4637 dum
3662 4574 3678 4589 ”

1995 4691 2235 4750 veniunt,
2272 4689 2399 4742 dum
2434 4687 2523 4739 diu
2552 4684 2859 4757 pratstolata
2906 4682 3103 4751 gaudia
3133 4678 3303 4732 affore
3348 4690 3583 4729 cernua-

1996 4793 2083 4838 tur
2114 4790 2169 4836 et
2198 4778 2589 4849 suscipiuntur.
2623 4776 2835 4842 Quanta
2876 4772 2982 4842 piis
3015 4765 3336 4841 gratulatio,
3384 4772 3611 4831 quanta-

2000 4878 2241 4933 cordium
2272 4871 2563 4943 praeconia,
2593 4872 2718 4925 dum
2760 4884 2788 4921 a
2817 4863 3032 4936 populis
3061 4860 3248 4917 laudes
3300 4857 3411 4911 Deo
3440 4868 3593 4909 reso-

2004 4981 2203 5026 nantur
2233 4966 2296 5024 ‘°.
2326 4965 2452 5019 dum
2486 4964 2664 5019 clerus
2712 4974 2817 5012 non
2850 4963 3061 5008 tantum
3090 4950 3243 5007 urbis
3287 4948 3447 5001 unius
3476 4960 3594 4999 tuo-

2011 5068 2105 5124 dos
2126 5061 2472 5123 dutcxssimos
2497 5067 2553 5112 et
2595 5057 2695 5111 bos
2733 5048 3027 5105 altissimos
3078 5049 3235 5101 inter-
3268 5041 3599 5135 cantandum
3618 5066 3633 5090 ς,

2242 5293 2271 5304 Α
2341 5289 2373 5304 ι-
2504 5287 2527 5304 ι
2570 5288 2601 5304 ι.
2673 5284 2688 5304 ι
2744 5280 2778 5304 ο
2828 5278 2861 5303 '2
2992 5274 3117 5304 ιςυ.
3173 5270 3211 5304 Ι
3260 5268 3599 5304 nnivilnnvnni
