3984 5316
527 377 669 446 1555

1484 373 1943 431 CONSTANTINI
1983 374 2042 430 s.
2089 373 2557 459 svnrnomANI
2596 357 2891 427 ABBATIS‘

3644 363 3769 420 1556

528 492 682 558 facit,
706 490 831 549 dum
873 504 1150 547 sacrarum
1179 489 1221 527 ιι
1252 487 1535 551 mulierum
1584 488 1741 542 turba
1790 501 1952 544 voces
1994 486 2106 541 Deo
2134 513 2183 567 Α
2212 502 2342 541 cura
2372 486 2489 541 sibi
2528 494 2646 540 erat
2695 479 2976 540 monachis
3014 484 3236 545 semper
3279 472 3487 529 dilectis
3536 487 3775 533 accurate

526 584 718 652 dignas
752 580 983 636 efferunt
1010 579 1064 634 in
1094 578 1342 635 excelsis.

600 676 654 728 4.
696 672 1251 731 interim-benedictio
1279 670 1629 726 sacerdotalis
1656 684 1828 738 usque
1859 669 1915 726 in
1958 667 2112 724 Chri-

528 766 598 818 sti
629 764 842 825 Domini
867 762 1102 818 natalem
1132 760 1380 817 differtur
1402 776 1416 825 ;
1440 769 1491 815 et
1515 761 1640 829 quia
1671 758 1973 813 dominicus
1996 758 2112 812 dies

532 859 600 915 ad
630 859 731 915 hoc
761 863 1160 912 sacramentum
1192 852 1557 924 peragendum
1584 867 1613 904 a
1638 850 1891 905 Patribus
1921 857 2004 904 est
2033 850 2112 903 in-

532 951 776 1015 stitutus,
805 948 839 1003 5
867 946 990 1002 Kal.
1037 943 1319 1011 Januarii,
1361 959 1469 1014 quo
1514 943 1709 998 natalis
1761 942 2110 997 lnnocentnm

533 1042 765 1100 celebris
819 1046 1134 1104 veneratur,
1170 1035 1509 1104 dominicalis
1559 1032 1958 1089 resurrectione
2004 1032 2114 1086 Do-

533 1136 667 1205 mini
695 1142 943 1200 sacratus
965 1147 1031 1199 ac
1058 1140 1277 1197 sanctus
1302 1130 1420 1192 dies
1448 1126 1629 1193 affuit;
1661 1136 1716 1182 et
1736 1140 1863 1181 ecce
1903 1123 2118 1178 antisti-

534 1239 618 1284 tes
642 1227 942 1292 vicinarum
972 1225 1250 1288 civitatum
1283 1221 1570 1291 Trevirim,
1608 1234 1726 1289 quae
1745 1228 1830 1273 est
1848 1226 2116 1286 metropo-

533 1319 602 1375 lis
632 1320 877 1387 antiqua,
922 1315 1289 1381 conﬂuentes,
1321 1313 1406 1379 cui
1454 1312 1689 1372 domnus
1732 1308 1995 1363 Ecbertus
2034 1325 2122 1363 ve—

535 1410 795 1477 nerabilis
821 1408 1263 1485 archiepiscopus
1290 1411 1540 1476 prater-at,
1562 1402 1783 1473 paribus
1813 1400 1949 1454 votis
1974 1399 2120 1468 pri-

536 1519 643 1577 que
672 1516 895 1567 assensu
939 1500 1218 1565 dominum
1246 1495 1639 1559 Adelberouem
1686 1493 1737 1548 in
1768 1495 1949 1549 sedem
1979 1489 2117 1544 Met-

538 1595 710 1661 tensis
733 1592 881 1660 urbis
905 1590 1190 1663 praesulem
1220 1596 1542 1645 consecrant
1579 1594 1743 1655 atque
1764 1583 2113 1639 benedicunt.

538 1686 678 1741 llinc
699 1684 812 1754 jam
847 1681 1208 1755 pastoralibus
1238 1679 1385 1736 curis
1418 1687 1473 1734 et
1506 1677 1686 1733 ovium
1725 1674 2117 1731 dominicarem

538 1776 788 1848 registris
847 1774 1145 1845 susceptis,
1179 1780 1350 1827 totum
1404 1785 1462 1827 se
1512 1779 1572 1825 ut
1614 1768 1786 1823 forma
1841 1764 2117 1832 commissi

2207 580 2340 635 satis
2370 592 2582 649 parare.

2281 670 2334 725 9.
2371 671 2513 739 Ergo
2535 669 2579 701 ¹⁶
2602 669 2791 723 beatus
2813 668 2917 735 vir,
2943 683 3066 723 cum
3094 682 3225 738 quo,
3261 674 3326 722 ut
3345 671 3474 721 tere
3498 657 3777 723 credimus.

2213 760 2355 824 Deus
2392 767 2524 814 erat.
2577 774 2706 813 vere
2753 758 3083 829 apostolicus
3124 757 3377 813 omnibus
3403 754 3448 788 ⁸³
3477 748 3664 811 omnia
3710 748 3780 802 fa-

2213 862 2362 915 ctus,
2415 859 2472 904 ut
2520 864 2708 904 omnes
2747 849 3122 914 lucrifaceret,
3163 848 3432 903 universis
3476 862 3590 901 non
3634 848 3779 899 modo

2213 941 2423 998 clericis
2465 941 2556 996 sed
2609 950 2665 995 et
2713 939 2908 1004 laicis,
2961 939 3161 999 Iudaeis
3199 940 3365 995 etiam
3407 937 3780 993 dilectissimus

2214 1044 2350 1099 erat,
2388 1034 2461 1089 ita
2490 1042 2549 1088 ut
2572 1048 2741 1102 usque
2779 1032 2960 1099 hodie,
2989 1032 3398 1102 przeterntittam
3436 1029 3779 1092 christianos,

2217 1126 2285 1184 ab
2309 1127 2439 1198 ipsis
2473 1134 2674 1184 nostra
2696 1123 2741 1165 ιδ
2771 1124 2936 1185 etiam
2972 1122 3247 1193 religionis
3286 1119 3665 1177 infestissimis
3696 1116 3781 1171 Ju-

2216 1219 2346 1274 datis
2371 1215 2660 1279 cotidianis
2691 1214 2921 1271 luctibus
2945 1223 2999 1278 et
3026 1212 3281 1284 gravibus
3314 1208 3570 1279 suspiriis
3599 1206 3783 1264 deflea-

2218 1318 2325 1363 tur.
2359 1308 2511 1363 llunc
2538 1306 2724 1362 omnis
2742 1318 2903 1361 sexus
2937 1312 2992 1361 ct
3018 1312 3167 1364 mtas,
3202 1304 3343 1359 hunc
3373 1300 3558 1354 omnis
3584 1300 3715 1352 ordo
3736 1305 3786 1352 et

2217 1401 2476 1462 conditio,
2518 1402 2661 1454 hunc
2704 1397 2892 1457 incolae
2930 1405 2985 1453 et
3024 1396 3269 1458 atlvenm,
3306 1395 3449 1449 hunc
3477 1393 3624 1446 infra
3672 1391 3786 1445 et"

2218 1491 2362 1546 hunc
2402 1498 2555 1543 extra
2601 1487 2797 1558 positi,
2845 1488 2990 1546 hunc
3040 1486 3158 1543 noti.
3198 1484 3342 1544 hunc
3394 1482 3609 1552 ignoti,
3664 1481 3788 1535 miro

2218 1578 2409 1635 affectu
2440 1578 2636 1631 utentis
2659 1575 3058 1635 venerabantur
3085 1589 3149 1628 ac
3177 1572 3489 1642 diligebant

2290 1664 2378 1722 10.
2416 1663 2546 1717 Erat
2571 1661 2732 1732 igitur
2768 1675 2995 1729 corpore
3026 1658 3144 1729 plus
3178 1656 3387 1711 cunctis
3418 1653 3503 1708 sui
3544 1652 3791 1722 temporis

2219 1765 2480 1812 venustus
2505 1796 2520 1820 ,
2562 1761 2772 1810 statura
2823 1753 3083 1815 decorus,
3122 1748 3295 1805 forma
3330 1746 3587 1817 elegans,
3636 1744 3792 1797 oculis

540 1869 720 1951 “regis
742 1869 894 1924 ﬁeret
920 1865 1175 1931 accinxit,
1209 1875 1381 1920 totum
1423 1864 1477 1919 in
1517 1863 1614 1918 Dei
1637 1875 1801 1933 opere
1840 1874 2039 1938 corpus
2067 1867 2120 1914 et
2156 1862 2193 1919 ι]
2222 1848 2646 1910 amantissimus,
2674 1860 2807 1900 nasu
2830 1842 3141 1908 mediocris,
3173 1840 3385 1911 capillis
3408 1839 3574 1892 albus
3601 1846 3657 1891 et
3679 1836 3793 1904 ipsis

2321 1940 2333 1951 ι
2450 1950 2455 1951 ,
2545 1937 2558 1951 1
2639 1937 2650 1949 ο
2770 1949 2781 1951 ,
2914 1949 2964 1951 _,-
2982 1948 3063 1951 _s__
3125 1932 3462 1951 AA‘_._-I_,,.-_-
3557 1927 3793 1951 ----..:L..-

542 1965 783 2029 animam
810 1975 1117 2034 praeparare
1157 1959 1483 2027 deliberans,
1529 1958 1837 2027 exemplum
1875 1955 2121 2018 subditu-

543 2072 665 2122 rum
692 2066 747 2112 et
784 2058 1057 2128 specimen
1080 2053 1148 2109 ad
1173 2060 1405 2119 virtutes
1436 2051 1553 2117 fore
1585 2050 1763 2116 studio
1791 2063 2003 2109 summo
2033 2064 2129 2102 cuq-

544 2150 709 2219 ravit.

616 2241 672 2311 5.
709 2239 954 2308 Alfabilis
981 2241 1146 2298 etiam
1173 2247 1334 2297 aetate
1366 2246 1461 2294 aut
1499 2243 1820 2309 paupertate
1859 2230 2129 2291 inferiori-

545 2333 671 2399 bus,
696 2335 835 2387 ultra
867 2347 1029 2403 quam
1081 2333 1228 2389 credi
1263 2333 1367 2387 hoc
1399 2340 1640 2399 tempore
1688 2327 1876 2398 possit,
1910 2324 2130 2379 Immitis

546 2428 652 2492 sic,
685 2435 745 2481 ut
791 2443 821 2481 a
853 2426 1038 2498 pravis
1072 2426 1127 2481 in
1157 2427 1259 2482 hoc
1297 2435 1354 2481 et
1405 2440 1434 2479 a
1485 2422 1734 2494 superbis
1776 2419 1930 2489 quasi
1972 2417 2132 2472 nimis

545 2517 791 2591 deiectus
818 2525 1121 2584 notaretur,
1147 2517 1293 2573 mitis
1323 2532 1435 2588 prze
1459 2513 1712 2572 omnibus
1739 2512 1821 2569 sui
1849 2509 2130 2579 temporis,

546 2616 628 2681 ire
656 2612 768 2686 (18)
813 2612 1034 2668 omnino
1073 2626 1292 2682 expers,
1327 2611 1402 2666 ita
1430 2617 1489 2664 ut
1517 2624 1576 2665 se
1597 2605 1782 2662 mirari
1809 2604 2036 2663 diceret,
2065 2600 2132 2655 ad

548 2706 678 2776 quid
707 2712 800 2771 aut
822 2705 1096 2776 quomodo,
1123 2703 1177 2758 in
1216 2702 1462 2768 homines
1490 2700 1681 2754 vitium
1713 2694 2008 2751 iracundiae
2050 2707 2137 2748 as-

548 2806 825 2867 surgeret,
857 2812 980 2852 cum
1034 2796 1150 2865 ipse
1179 2793 1492 2863 disciplinas
1538 2805 1667 2862 erga
1699 2785 1841 2843 male
1877 2784 2135 2840 facientes

550 2905 807 2959 exercere
832 2889 1089 2960 gestiens,
1119 2887 1278 2943 irasci
1305 2900 1413 2942 non
1443 2893 1645 2955 posset.

625 2978 679 3034 6.
721 2977 1013 3035 S.-rvorum
1045 2976 1143 3032 Dei
1181 2986 1235 3032 et
1264 2974 1533 3047 praecipue
1570 2970 1959 3027 monachorum
1986 2981 2136 3020 ama-

550 3075 643 3126 tor
671 3060 1122 3124 ferventissunus,
1156 3059 1291 3116 adeo
1327 3070 1443 3115 uta
1487 3057 1642 3112 laieis
1681 3054 1897 3110 assidue
1931 3052 2138 3120 lacera-

554 3169 645 3219 tus
673 3173 738 3214 ac
760 3172 1036 3222 corrosns,
1068 3154 1201 3221 nihil
1238 3162 1421 3225 preter
1451 3150 1746 3220 monachos
1772 3160 1966 3212 curare
2001 3144 2138 3200 infa-

553 3263 837 3326 tutaretur;
851 3248 1049 3305 Christi
1063 3246 1275 3318 Domini
1302 3254 1449 3303 certe
1473 3243 1713 3302 imitator
1739 3239 1858 3295 fieri
1878 3244 2143 3308 exoptans
2169 3241 2211 3301 ρ

555 3354 612 3409 et
640 3358 765 3398 vere
799 3342 1042 3412 cupiens,
1078 3339 1205 3405 dum
1254 3336 1537 3397 Dominum
1593 3346 1783 3397 suum,
1831 3330 1973 3399 quod
2017 3342 2139 3382 cum

556 3435 865 3508 publicanis
893 3442 948 3488 et
995 3431 1377 3503 peccatoribus
1402 3427 1807 3491 convivaremur,
1849 3420 2140 3478 conviciari

560 3510 787 3600 legeret,
829 3536 883 3581 et
931 3541 960 3579 a
995 3522 1183 3579 Judeis
1227 3519 1478 3592 pessimis
1505 3517 1614 3572 vini
1654 3524 1954 3587 potamrem
1982 3527 2143 3575 voca-

562 3630 689 3692 tum
735 3615 976 3679 audiret,
1025 3627 1085 3669 se
1123 3609 1447 3682 impropcria
1501 3600 1804 3677 hujustnodi
1863 3611 1956 3658 aut
2009 3602 2147 3657 forte

565 3712 815 3785 graviora
843 3725 942 3782 pro
968 3708 1209 3779 ejusdem
1248 3703 1460 3761 Domini
1523 3701 1604 3757 sui
1640 3713 1749 3771 quo
1784 3697 2009 3753 multum
2042 3695 2149 3750 fer-

563 3808 728 3875 vebat
756 3820 942 3862 amore
980 3802 1212 3875 perpeti,
1241 3798 1460 3856 divitias
1485 3792 1878 3852 inestimabiles
1903 3801 1958 3847 et
1995 3795 2145 3861 grata

565 3899 669 3974 sibi
703 3914 922 3957 munera
950 3895 1250 3966 judicabat.

643 3989 696 4047 7..
736 3988 1012 4046 Conviviis
1041 3986 1280 4052 virorum
1317 3992 1628 4040 sanctorum
1668 3987 1725 4034 et
1756 3975 2149 4032 monachorum

569 4083 810 4151 maxime
836 4082 915 4137 sic
941 4079 1317 4145 delectabatur
1379 4070 1440 4131 ut
1468 4073 1680 4129 felicem
1712 4085 1770 4126 se
1808 4083 1873 4124 eo
1896 4067 1984 4122 die
2017 4065 2154 4122 fate—

570 4182 745 4241 retur.
785 4187 1039 4252 quocum
1069 4170 1154 4227 his
1191 4168 1240 4224 ei
1282 4167 1547 4245 prandere
1574 4162 1932 4232 contingeret,
1958 4156 2154 4228 quibus

572 4249 822 4330 mundus
856 4265 1147 4332 crucifixus
1190 4258 1377 4323 estet
1428 4258 1526 4330 ipsi
1583 4254 1807 4319 mundo,
1855 4249 2049 4321 quibus
2102 4258 2157 4303 et

574 4358 902 4423 accumbens
954 4373 1081 4427 sepe
1135 4353 1350 4410 dicebat
1399 4366 1414 4406 :
1466 4348 1683 4415 Venite,
1739 4355 1796 4400 ut
1846 4344 2069 4421 sedeam
2124 4357 2157 4394 a

578 4442 779 4503 dextris
811 4447 909 4516 ﬁlii
938 4447 1121 4502 matris
1150 4444 1421 4507 a'cclesiw.
1674 4445 1677 4448 ’

649 4541 705 4596 8.
746 4538 873 4595 Hec
899 4553 1027 4601 vere
1057 4538 1198 4601 dico,
1232 4551 1367 4592 vere
1392 4536 1585 4599 fateor,
1627 4529 1753 4600 quia
1791 4528 1896 4583 hoc
1919 4534 1973 4580 et
1994 4520 2160 4576 verbo

578 4642 635 4690 et
674 4640 854 4704 pastu,
900 4630 1028 4689 licet
1060 4629 1385 4692 immeritus,
1429 4626 1554 4681 licet
1603 4618 2001 4694 abiectissimus
2030 4629 2160 4669 suo-
2195 4602 2251 4657 Ῑ)

578 4741 725 4808 rum,
764 4724 989 4788 dextere
1038 4720 1206 4793 ipsius
1248 4717 1453 4787 domini
1494 4717 1600 4772 mei
1645 4713 1851 4784 primus
1895 4707 2160 4772 assidens,

582 4803 716 4889 sepe
760 4832 895 4872 usus
936 4833 1075 4885 sunt,
1120 4813 1587 4885 participatusque
1630 4807 1746 4876 ejus
1789 4802 1960 4860 sacris
2001 4798 2167 4858 collo-

582 4909 749 4978 quiis,
798 4917 853 4964 et
905 4908 1050 4963 inter
1096 4871 1490 4969 convivandum
1537 4895 1975 4968 frequentissime
2023 4888 2170 4949 dele-
2269 4871 2570 4951 Ρθτίεειιιω

2227 1940 2367 1996 raris
2409 1950 2464 1994 et
2508 1937 2706 2009 planis,
2758 1949 2828 1989 ex
2870 1948 3069 2005 genere
3116 1932 3496 2002 corpulentus,
3557 1927 3798 1981 manibus

2227 2032 2560 2104 pedibusque
2606 2035 2661 2084 et
2699 2035 2812 2081 toto
2840 2022 2982 2094 quod
3034 2032 3152 2078 erat
3191 2020 3494 2083 mirabilem
3539 2018 3709 2072 Deum
3748 2016 3794 2069 in

2227 2122 2481 2185 omnibus
2510 2119 2768 2191 operibus
2802 2114 2915 2170 suis
2939 2112 3276 2178 ostendebat,
3308 2118 3363 2165 et
3385 2124 3555 2180 quam
3584 2108 3800 2161 decorus

2227 2215 2426 2271 Factor
2458 2211 2511 2267 in
2550 2224 2644 2266 sua
2694 2221 2886 2262 natura
2929 2206 3019 2270 sit,
3051 2202 3210 2272 cujus
3256 2210 3366 2255 tam
3404 2199 3611 2253 decora
3645 2210 3797 2265 opera

2230 2308 2557 2373 habeantur,
2590 2318 2649 2357 se
2687 2298 3034 2357 cernentibus
3066 2294 3358 2350 indicabat.
3397 2288 3709 2352 Primordia
3746 2298 3803 2343 ac

2231 2396 2485 2477 primitiae
2511 2402 2730 2457 actuum
2760 2389 2928 2461 ipsius
2964 2387 3033 2442 ad
3063 2385 3275 2441 divinos
3305 2398 3435 2437 usus
3464 2391 3526 2437 et
3550 2381 3621 2435 ad
3662 2394 3800 2439 exet:-

2232 2470 2433 2544 ccndos
2461 2485 2668 2543 animos
2692 2483 2745 2538 in
2775 2481 2859 2536 his
2885 2495 3005 2549 qua:
3026 2477 3242 2549 pietatis
3266 2483 3414 2540 sunt,
3444 2474 3629 2527 sancti
3664 2470 3800 2541 Synt-

2231 2578 2484 2653 phoriani
2533 2576 2687 2634 locus
2727 2573 2938 2638 extitit,
2978 2570 3071 2641 qui
3119 2569 3247 2625 licet
3308 2565 3647 2636 antiquitate
3688 2562 3803 2621 nihil

2234 2680 2435 2745 prmler
2465 2670 2652 2725 ruinas
2697 2674 2752 2723 et
2777 2680 2939 2722 casus
2978 2661 3360 2734 praetenderet,
3396 2667 3452 2712 ct
3503 2658 3564 2711 in
3598 2655 3805 2725 nigt-rri-

2236 2743 2382 2820 mam
2415 2760 2610 2815 faciem
2653 2755 2770 2825 ejus
2815 2768 3011 2824 magna
3042 2749 3295 2806 nobilitas
3327 2746 3648 2809 decidisset,
3688 2743 3807 2796 situs

2237 2853 2641 2912 amoenissimus
2675 2849 2957 2918 vineisque
2988 2843 3296 2900 uberrimus
3338 2854 3402 2894 ac
3434 2838 3595 2893 urbis
3629 2834 3807 2888 vicinia

2241 2945 2599 3010 honorabilis,
2649 2950 2964 2997 sanctorum
3008 2934 3427 3006 multiplicitate,
3458 2940 3518 2985 et
3555 2928 3699 2999 quod
3737 2934 3806 2979 εει

2240 3037 2543 3100 decentius,
2598 3035 2745 3090 sedis
2781 3030 3095 3102 pontificum
3143 3023 3448 3081 numerosis
3496 3018 3806 3089 corporibus

2243 3130 2661 3191 fantosissimns,
2689 3141 2785 3181 cor
2829 3121 2971 3178 beati
3002 3131 3058 3176 et
3082 3118 3124 3151 ¹⁸
3147 3115 3445 3173 dulcissimi
3476 3109 3689 3168 domini
3725 3122 3808 3163 no-

2242 3225 2341 3281 stri
2383 3218 2744 3278 'Adelberonis
2788 3225 2844 3272 et
2894 3222 3154 3277 mentem,
3197 3219 3257 3265 ut
3300 3209 3352 3263 in
3399 3207 3546 3261 hanc
3584 3218 3704 3273 qua:
3738 3208 3808 3254 est

2243 3316 2429 3380 videre
2476 3313 2691 3369 decoris
2734 3305 3107 3379 spetiosissimi
3140 3308 3476 3358 venustatem
3516 3297 3805 3357 reduceret,

2245 3408 2479 3473 induxit,
2508 3415 2565 3461 et
2609 3404 2662 3458 in
2691 3401 2987 3457 redivivam
3029 3404 3088 3451 ut
3121 3398 3429 3463 assurgeret
3464 3384 3807 3442 formositatis

2246 3499 2496 3572 gratiam,
2543 3492 2925 3550 devotissimus
2956 3485 3285 3550 elaboravit;
3319 3496 3419 3536 nec
3462 3477 3702 3539 destitit,
3727 3475 3806 3527 do-

2247 3562 2348 3657 nec
2369 3589 2435 3644 ad
2470 3587 2521 3643 id
2546 3585 2687 3656 quod
2722 3589 2960 3653 cmperat
2988 3576 3129 3632 felici
3162 3574 3254 3629 Dei
3287 3573 3429 3627 dono
3456 3568 3607 3625 votis
3630 3562 3807 3621 beatis-

2249 3654 2402 3740 simis
2427 3680 2465 3713 ¹¹¹
2492 3653 2827 3747 adimpleret.
2872 3672 2938 3726 Et
2965 3669 3090 3746 quia
3130 3665 3399 3737 parietum
3437 3668 3494 3715 et
3551 3653 3805 3713 maceria-

2252 3789 2371 3830 rnm
2416 3762 2753 3844 proceritas,
2806 3774 3068 3820 tectorum
3120 3756 3390 3819 culmina,
3451 3751 3810 3806 columnarum

2252 3840 2478 3934 hones—ta
2526 3862 2849 3925 rotunditas,
2894 3853 3228 3919 rutilantium
3266 3845 3615 3914 metallorum
3649 3840 3809 3911 splen-

2253 3960 2376 4024 dor,
2409 3972 2566 4017 casso
2596 3954 2781 4008 labore
2826 3946 3134 4019 adquiritur
3183 3950 3241 3998 et
3279 3937 3425 4001 inani
3472 3933 3657 3991 studio
3703 3944 3812 3985 con-

2254 4052 2481 4123 geritur,
2512 4049 2559 4104 si
2586 4061 2717 4112 non,
2748 4051 2955 4108 semota
2995 4037 3140 4102 omni
3171 4031 3430 4095 mundani
3452 4027 3657 4095 favoris
3683 4021 3814 4092 cupi-

2258 4114 2424 4205 ditate
2444 4114 2498 4194 et
2528 4133 2864 4192 transeuntis
2889 4129 3065 4184 laudis
3096 4131 3295 4182 cuncto
3324 4118 3570 4189 appetitu
3595 4114 3810 4184 abiecto,

2257 4250 2357 4307 pro
2404 4232 2519 4295 solo
2575 4228 2771 4286 divinze
2822 4214 3283 4289 remunerationis
3345 4216 3597 4280 reSpcctu
3661 4210 3811 4257 totum

2260 4300 2575 4396 congestum
2606 4327 2998 4385 corrasumque
3036 4306 3219 4372 fuerit,
3247 4313 3303 4365 et
3339 4311 3400 4356 ut
3432 4300 3650 4354 divinas
3674 4301 3812 4348 attero

2262 4391 2469 4486 nasque
2488 4410 2801 4471 mansiones
2832 4403 2935 4467 sibi
2963 4399 3136 4456 ﬁdelis
3162 4411 3228 4452 ac
3256 4394 3448 4450 devota
3482 4391 3595 4445 Deo
3628 4394 3814 4459 prama-

2265 4483 2412 4569 rareit
2440 4505 2484 4538 ¹⁸
2521 4502 2701 4561 anima
2727 4539 2746 4567 ,ρ
2799 4498 2916 4559 tunc
2972 4503 3187 4548 terrena
3237 4483 3463 4545 aedilicia
3521 4483 3817 4536 construere

2266 4567 2641 4670 apparareque
2662 4590 2787 4646 totis
2823 4585 3021 4650 studiis
3047 4583 3204 4639 debet
3232 4593 3247 4634 :
3279 4576 3370 4633 hic
3401 4574 3599 4641 beatus
3627 4567 3679 4630 id

2267 4650 2478 4753 videns,
2521 4650 2663 4749 loco,
2695 4694 2856 4752 quem
2893 4675 3004 4741 Deo
3042 4675 3348 4743 paraverat,
3393 4672 3675 4720 servorum
3717 4650 3813 4753 Dei:

2270 4783 2366 4855 qui
2392 4738 2653 4836 institutis
2685 4738 2859 4829 sancti
2888 4738 3169 4829 Benedicti
3196 4760 3336 4815 bene
3363 4767 3559 4854 parere
3580 4744 3724 4804 docti
3759 4738 3813 4855 ad

2595 4867 2883 4925 noverant,
2924 4852 3147 4924 collegio
3178 4842 3563 4915 decentissime
3597 4838 3815 4893 exornat,

2350 4973 2404 4990 -..
2434 4976 2529 4990 ..-η
2571 4956 2746 4990 “tum
2787 4956 3046 4990 mss-notua
3077 4956 3198 4990 curm
3228 4954 3323 4990 sua
3353 4932 3816 4990 praedecessorum'
