3984 5316
178 292 301 349 £551

1364 288 1519 346 VITA
1561 288 2040 349 ADALBEROMS
2079 293 2139 349 ll.

3308 294 3443 347 1558

177 412 332 461 erant
368 400 626 472 pericula,
665 400 833 458 Deum
862 408 1172 467 exorarent,
1212 400 1619 457 sollertissimus
1648 417 1742 472 ago
1779 418 1820 469 Λ
1851 419 2009 473 quem
2041 412 2351 476 praeventus
2387 413 2562 462 morte
2583 412 2895 476 perstruere
2919 418 3023 457 non
3057 384 3252 469 valuit;
3285 421 3443 472 quem

180 498 436 569 gregavit.

257 594 339 646 ll.
382 590 669 660 Postquam
702 604 831 645 vero
854 590 1033 645 locum
1062 590 1207 645 hunc
1238 590 1398 660 digne
1430 589 1543 643 Deo
1583 588 1756 644 stabi-

178 681 329 735 litqu
355 683 686 740 reddiderat.
703 692 757 736 et
776 683 1162 737 monachorum
1181 682 1335 752 capia
1366 682 1756 751 pulcherrima,

174 788 310 843 quos
343 772 719 841 undecumque
765 772 1083 843 collegerat,
1124 772 1568 827 honestissimum
1612 770 1758 827 fece-

178 878 278 929 rat,
315 865 365 919 id
395 863 722 929 deliberans,
760 877 818 920 ut
859 882 1074 934 semper
1101 880 1229 920 suns
1256 880 1360 919 non
1398 864 1568 918 solum
1600 864 1760 933 spiri-

175 966 263 1009 tus
307 956 399 1010 sed
437 964 495 1011 et
544 957 722 1009 anima
768 965 823 1010 et
878 972 1075 1027 corpus
1121 955 1231 1009 Deo
1300 962 1353 1009 et
1386 954 1603 1011 Christo
1642 968 1759 1022 ejus

173 1050 442 1112 serviens,
476 1049 619 1103 nulla
653 1050 734 1103 sui
761 1064 888 1119 pars
920 1049 1003 1103 vel
1037 1051 1101 1102 ad
1127 1056 1456 1101 momentum
1486 1045 1700 1115 quidem
1729 1060 1759 1098 a

178 1143 360 1197 divino
386 1142 603 1213 pietatis
638 1158 802 1212 opere
828 1143 1001 1196 otiosa
1034 1142 1384 1203 consisteret,
1409 1142 1502 1193 sed
1532 1138 1759 1207 impigra

176 1243 232 1287 et
261 1233 429 1297 utilis,
470 1231 670 1286 laboris
709 1232 946 1296 assidua,
975 1231 1294 1285 multimodo
1340 1231 1502 1284 etiam
1541 1238 1760 1284 sancto-

178 1338 297 1377 rum
348 1323 732 1377 exercitiorum
783 1337 981 1393 genere
1034 1336 1152 1376 sese
1209 1324 1455 1375 deterere
1503 1320 1758 1389 cupiens,

178 1416 485 1469 Romanum
514 1415 615 1469 iter
638 1414 967 1483 aggreditur,
1000 1413 1187 1467 limina
1219 1412 1585 1481 apostolorum
1624 1410 1758 1473 adit,

175 1518 230 1562 et
282 1523 415 1563 suos
471 1508 921 1576 snbditorumqne
972 1522 1228 1561 excessus
1277 1505 1522 1570 ﬂetibus,
1569 1504 1762 1573 quibus

176 1616 339 1669 supra
380 1600 639 1653 mortales
668 1598 996 1661 abundabat,
1026 1598 1312 1667 deplorans
1344 1596 1582 1667 deponit.
1619 1593 1763 1663 Papa

175 1694 455 1748 .lohannes
476 1692 590 1763 (19)
624 1701 825 1745 sanctae
854 1690 965 1744 sedi
994 1690 1336 1760 praesidebat,
1364 1698 1420 1743 et
1443 1689 1588 1742 vices
1618 1686 1762 1740 beati

183 1784 329 1838 l’etri
368 1782 686 1855 dignissime
723 1780 1165 1846 administrabat;
1199 1780 1288 1849 qui
1320 1781 1573 1833 dOmnnm
1604 1775 1764 1831 Adal-
1798 1763 1837 1821 Β

171 1874 438 1928 ltcronem
473 1880 622 1925 tanto
658 1874 864 1926 honore
891 1870 1127 1939 suscepit
1159 1878 1417 1937 tantaque
1460 1865 1762 1922 reverentia

172 1964 385 2026 habuit,
434 1972 490 2017 ut
529 1965 801 2017 hominem
834 1963 1138 2031 hujusmodt
1181 1962 1399 2029 generis
1428 1970 1483 2014 et
1513 1958 1767 2013 nobilita-

174 2058 245 2110 tis
283 2056 538 2116 decebat,
568 2066 619 2109 et
652 2054 793 2124 quod
834 2054 1003 2123 magis
1042 2063 1145 2117 est,
1176 2062 1339 2107 tantae
1370 2052 1680 2133 sanctitatis
1712 2059 1768 2104 ct

171 2146 397 2213 pietatis
421 2145 537 2198 viro
562 2154 872 2215 competere
899 2144 1069 2208 novit,
1102 2159 1167 2198 ac
1188 2153 1499 2197 sanctorum
1526 2140 1768 2210 reliquiis

176 2238 565 2292 honestissime
602 2238 925 2291 muneravit.
966 2238 1137 2303 Quam
1170 2236 1386 2301 durum,
1416 2250 1580 2305 quam
1610 2246 1767 2303 aspe-

177 2346 297 2385 rum
346 2330 511 2384 beato
568 2330 685 2383 viro
736 2331 838 2384 hoc
894 2331 997 2383 iter
1051 2328 1255 2393 fuerit,
1310 2338 1514 2398 quanto
1580 2326 1767 2380 labore

177 2423 512 2492 quantisque
558 2421 851 2476 sudoribus
895 2420 1020 2491 juga
1066 2428 1121 2475 et
1162 2421 1317 2473 devia
1363 2419 1627 2475 montium
1681 2432 1771 2470 ru-

174 2514 322 2581 pium
357 2522 415 2567 et
446 2510 707 2565 silvarum
737 2512 1048 2580 arripuerit,
1082 2511 1337 2579 quinosti
1370 2520 1587 2580 quanta:
1622 2518 1772 2563 tene-

178 2604 439 2658 ritudinis
483 2614 537 2658 et
567 2602 877 2674 gravedinis
923 2602 1105 2663 fuerit,
1136 2603 1226 2671 qui
1259 2603 1367 2656 scis
1408 2618 1531 2655 eum
1576 2602 1771 2655 robore

175 2696 431 2765 corporis
462 2706 515 2749 et
546 2694 909 2749 membrorum
944 2693 1148 2747 viribus
1176 2693 1398 2747 omnino
1425 2708 1547 2747 cum
1580 2700 1769 2745 natura

176 2784 487 2839 nobilitatis
516 2793 628 2837 tum
666 2783 832 2836 animi
867 2782 1236 2837 imbecillitate
1267 2783 1497 2836 debitum
1532 2798 1595 2835 ac
1626 2784 1774 2835 inva-

175 2873 346 2928 lilum
377 2873 573 2938 fuisse,
598 2872 930 2942 perpendere
958 2872 1340 2940 acdijudicare
1372 2872 1597 2925 valebis.
1635 2870 1774 2923 Red-

175 2966 295 3018 iens
352 2974 542 3018 autem
584 2972 755 3017 totum
801 2977 861 3019 se
907 2963 1092 3017 divino
1135 2966 1283 3032 Operi
1326 2964 1369 3003 ὀ
1424 2959 1771 3031 mancipavit,

175 3057 440 3111 laudibus
493 3056 576 3111 sui
628 3056 906 3111 Creatoris
955 3056 1171 3109 assidue
1225 3056 1477 3110 insistere
1530 3054 1772 3117 curavit,

1862 501 2091 552 domnus
2133 498 2451 562 Rotbertus,
2499 496 2739 564 ejusdem
2791 494 2936 549 sedis
2966 493 3230 563 pontifex,
3266 506 3445 564 prout,

1861 597 1979 641 erat
2002 603 2201 659 parvus
2223 598 2456 659 cceptus,
2481 603 2706 655 parvum
2733 583 2983 655 perfecit.
3017 582 3170 639 llnnc
3200 585 3448 637 dominus

1862 690 2043 735 noster
2074 680 2343 735 Adalbero
2385 694 2615 735 cernens
2647 686 2851 732 sanctae
2901 675 3179 747 religionis
3214 673 3453 731 cultibus

1862 770 2217 840 aptissimum,
2265 771 2390 839 quia
2441 778 2495 825 et
2535 769 2795 824 silvarum
2839 768 3008 823 vastis
3049 767 3243 823 sitibus
3287 767 3447 821 herc-o

1862 878 2007 916 mum
2051 863 2419 932 praetendebat
2463 870 2516 917 et
2562 876 2828 931 aquarum
2876 860 3048 932 gratia
3080 859 3453 914 amoenitatem

1861 957 2413 1011 circunnnanentibns
2450 955 2787 1021 conferebat,
2820 953 2963 1025 quod
2996 961 3174 1008 autem
3215 953 3449 1007 maxime

1864 1059 2108 1102 sanctum
2136 1049 2307 1101 virum
2334 1046 2724 1117 permulcebat,
2758 1045 2883 1114 quia
2916 1052 2972 1098 et
3002 1054 3364 1099 consecratus.
3395 1044 3448 1097 in

1865 1140 2072 1194 honore
2113 1155 2335 1193 summa:
2360 1147 2412 1192 et
2440 1139 2733 1193 individua:
2766 1136 3071 1199 Trinitatis,
3105 1146 3162 1190 ut
3187 1136 3447 1198 diximus,

1864 1241 1918 1285 et
1949 1246 2179 1300 corpore
2218 1232 2390 1285 sancti
2431 1231 2670 1286 Terentii
2719 1230 3051 1287 confessoris
3081 1240 3136 1287 et
3181 1232 3451 1303 pontificis

1865 1326 2105 1392 ejusdem
2140 1323 2417 1377 Mettensis
2450 1323 2593 1377 sedis
2624 1333 2741 1378 erat
2777 1323 3023 1394 insignis,
3058 1323 3285 1377 multum
3312 1323 3452 1379 dele-

1864 1426 2063 1481 Ctatus,
2114 1417 2241 1471 item
2281 1416 2514 1471 feminas
2559 1417 2667 1472 Deo
2716 1416 2923 1471 dicatas
2969 1416 3281 1471 coadunans
3322 1415 3450 1468 inibi

1865 1511 2189 1575 Collocavit,
2244 1521 2299 1566 et
2341 1522 2587 1583 sumptus
2635 1509 3003 1581 amplissimos
3054 1510 3118 1565 ad
3168 1509 3452 1563 vivendum

1865 1603 2214 1657 condonavu.

1941 1691 2025 1745 H.
2065 1692 2306 1748 Domnus
2344 1692 2672 1748 Deodericus
2702 1692 2832 1747 item
2864 1690 3149 1746 Mettensis
3180 1690 3329 1744 urbis
3356 1705 3457 1741 an-

1871 1786 2021 1839 tistes
2067 1785 2356 1856 gloriosus,
2402 1787 2485 1841 cui
2536 1787 2622 1842 hic
2668 1786 2921 1841 dominus
2964 1794 3149 1840 noster
3186 1782 3456 1839 Adalbcru

1869 1887 2207 1933 successerat
2253 1878 2472 1950 pracsul,
2519 1879 2572 1932 in
2605 1893 2741 1949 pago
2782 1877 3232 1933 Calvomontense
3279 1875 3461 1930 locum

1870 1966 2143 2037 quendam
2180 1968 2321 2023 inter
2350 1966 2625 2023 Mosellam
2655 1976 2709 2022 et
2752 1976 3009 2031 montem,
3043 1966 3133 2037 qni
3182 1967 3234 2020 in
3265 1965 3461 2020 divcxo

1872 2057 1954 2113 sui
1996 2067 2234 2113 castrum
2266 2059 2472 2114 habens
2500 2074 2562 2114 es
2594 2058 2862 2113 accidenti
2896 2058 3223 2114 rusticorum
3276 2056 3457 2128 lingua

1874 2149 2061 2219 Spinal
2096 2150 2206 2221 (2'1)
2239 2160 2484 2215 vocatur,
2512 2150 2695 2205 divino
2728 2148 3009 2205 famulatui
3052 2158 3233 2220 aptum
3271 2164 3460 2219 reppe-

1873 2243 2039 2309 riens,
2066 2243 2453 2297 monasterium
2478 2242 2805 2307 construxit,
2835 2255 3160 2296 consecrans
3185 2240 3312 2295 illud
3352 2241 3462 2293 Deo

1872 2344 1927 2388 et
1957 2344 2145 2389 sancto
2170 2333 2427 2399 Goerico,
2463 2332 2618 2403 cujus
2662 2332 3024 2388 sacratissima
3060 2347 3180 2387 ossa
3226 2332 3293 2386 ab
3332 2333 3463 2386 urbe

1878 2425 2125 2482 Ilettensi
2167 2424 2523 2492 transferens,
2571 2423 2729 2494 digna
2760 2422 3111 2478 veneratione
3154 2421 3460 2482 collocavit,

1875 2530 1931 2576 et
1952 2518 2137 2588 patria:
2152 2517 2510 2586 patrocinium
2535 2514 2904 2570 felicissimum
2921 2513 3272 2584 prmparavit.
3299 2513 3464 2566 Dom-

1879 2628 1977 2667 nus
2011 2610 2281 2664 Adalbero
2315 2610 2475 2679 hujus
2506 2622 2809 2670 successor,
2842 2606 2909 2661 ad
2953 2606 3182 2661 salutem
3210 2605 3467 2660 christia-

1880 2702 2064 2757 nitatis
2114 2709 2168 2756 et
2199 2699 2264 2753 ad
2302 2711 2485 2753 votum
2526 2698 2940 2754 commissorum
2988 2696 3181 2767 prresnl
3217 2694 3461 2755 effectus,

1882 2792 2225 2864 perpendens
2275 2805 2553 2846 murorum
2602 2789 2708 2844 alta
2750 2788 2973 2859 fastigia
3016 2802 3120 2843 non
3165 2787 3364 2852 valere,
3416 2787 3464 2838 si

1882 2900 1989 2939 neu
2018 2883 2125 2938 sint
2152 2882 2293 2937 servi
2321 2881 2412 2936 Dei
2454 2881 2550 2953 qui
2578 2880 2815 2937 incolant
2842 2879 3178 2935 editiciornm
3217 2890 3468 2933 constru-

1882 2974 2110 3038 ctiones,
2148 2989 2324 3043 neque
2348 2974 2603 3043 prodesse
2634 2982 2848 3026 terrena
2881 2970 2970 3025 ubi
3005 2969 3245 3023 coelestia
3278 2966 3464 3023 defue-

1886 3064 2013 3129 rint,
2046 3063 2223 3134 primo
2255 3064 2470 3133 quidem
2508 3061 2830 3117 clericorum
2854 3068 3176 3114 conventum
3200 3058 3265 3111 ad
3292 3058 3471 3112 omni-

173 3147 532 3212 elemosinis,
583 3147 887 3217 vigiliarum
936 3155 991 3201 et
1038 3147 1344 3201 orationum
1397 3145 1672 3200 laboribus
1719 3159 1777 3199 se
1807 3147 1849 3207 C
1883 3157 2119 3226 potentis
2174 3155 2266 3209 Dei
2324 3154 2585 3210 honorem
2643 3150 3011 3213 coadunavit,
3070 3156 3189 3218 post
3238 3135 3484 3217 gloriam.

174 3253 499 3309 corpusque
552 3239 880 3303 maceravit,
933 3237 1269 3291 infirmorum
1329 3237 1775 3303 necessitatibus,

174 3343 532 3388 mortuorum
560 3330 853 3402 sepulturis
880 3330 1133 3384 assistere
1162 3329 1489 3401 praecipuum
1521 3330 1789 3396 faciebat,

176 3425 603 3494 peregrinorum
629 3422 857 3477 diversze
885 3421 1240 3492 professionis
1267 3431 1321 3476 et
1348 3422 1546 3476 diversi
1574 3420 1782 3476 ordinis

175 3513 421 3568 nuditati
457 3512 838 3582 etpanpertati
868 3512 1242 3575 subveniebat,
1276 3513 1353 3570 sic
1384 3511 1673 3573 indefesso,
1705 3511 1784 3565 sic

175 3605 397 3672 sedule,
468 3613 527 3658 ut
569 3604 846 3658 cotidiano
898 3619 998 3661 usu
1054 3616 1319 3673 receptos,
1373 3603 1538 3670 pedes
1594 3618 1783 3657 eorum

177 3711 500 3768 orantisque
548 3696 756 3760 lavans,
803 3696 1031 3750 diversis
1062 3695 1306 3749 ciborum
1355 3696 1646 3767 generibus
1696 3713 1782 3751 re-

175 3804 404 3854 creans,
441 3788 495 3841 in
521 3784 879 3842 commeando
901 3786 1062 3841 etiam
1089 3787 1403 3841 muneribus
1427 3785 1654 3849 donans,
1686 3787 1786 3841 hos

176 3879 487 3941 relaxaret,
534 3894 661 3932 mox
695 3878 830 3933 alios
875 3887 1227 3948 suscepturus
1270 3878 1387 3947 pari
1433 3877 1637 3933 amoris
1680 3877 1788 3931 fer-

175 3985 342 4036 vore,
393 3968 516 4039 pari
549 3969 769 4039 pietatis
795 3968 1107 4033 dilectione,
1148 3984 1211 4023 ea
1244 3984 1365 4038 quae
1396 3967 1488 4021 Dei
1528 3968 1788 4024 mandato

175 4074 238 4116 nt
287 4062 564 4116 fratribus
615 4062 998 4131 impendantur
1040 4061 1285 4116 instituta
1316 4069 1644 4131 cognoverat
1690 4061 1788 4116 int-

172 4168 486 4223 pensuros.

255 4244 351 4298 12.
400 4242 821 4299 Xenodochium
869 4244 1091 4309 quidam
1139 4245 1365 4300 locellus
1416 4242 1557 4301 infra
1598 4245 1789 4299 urbem

175 4334 524 4390 Mettensem
566 4336 867 4395 habebatur
905 4339 1335 4409 antiquissimus,
1387 4337 1789 4408 pauperculus,

174 4429 525 4483 vilissimus.
577 4440 774 4501 praeter
822 4433 875 4488 id
922 4434 1065 4504 quod
1119 4434 1289 4487 beata:
1342 4431 1524 4486 Marite
1576 4447 1791 4501 semper

1880 3247 2203 3312 divinitatis,
2253 3254 2511 3315 quantum
2548 3242 2603 3298 in
2644 3242 2863 3297 homine
2898 3246 3001 3305 est,
3031 3238 3295 3308 ampliare
3343 3236 3475 3291 totis

1883 3338 2091 3393 viribus
2115 3337 2373 3406 omnique
2400 3334 2684 3390 conamine
2707 3332 2966 3403 gestiens,
2993 3329 3217 3385 ancillas
3243 3328 3471 3390 Christi,

1883 3433 1984 3488 sub
2024 3430 2257 3502 regulari
2292 3430 2399 3483 vita
2442 3437 2497 3483 et
2528 3428 2629 3484 sub
2670 3424 3013 3483 institutione
3057 3422 3228 3495 patris
3273 3423 3471 3477 nostri.

1887 3522 2026 3577 beati
2063 3522 2269 3575 scilicet
2299 3518 2601 3584 Benedicti,
2631 3519 2764 3573 bene
2791 3518 3033 3579 eductas,
3065 3515 3172 3569 Deo
3197 3522 3253 3569 et
3283 3524 3478 3569 sancio

1889 3611 2123 3667 Coerico
2147 3610 2391 3680 pontifici
2434 3610 2637 3664 servire
2662 3608 2955 3662 destinavit
3017 3607 3153 3662 dans
3182 3605 3383 3679 prazdia
3423 3616 3479 3659 et

1887 3701 2286 3772 possessiones,
2328 3701 2525 3768 quibus
2573 3698 2690 3752 sine
2722 3697 2902 3767 inopia
2946 3706 3000 3754 et
3035 3698 3153 3752 sine
3184 3695 3475 3767 indigentia

1889 3793 2075 3847 vivere
2105 3801 2347 3863 possent.
2377 3793 2603 3859 Quanta:
2632 3806 2760 3846 vero
2790 3789 3112 3847 humilitatis
3142 3800 3196 3845 et
3233 3789 3477 3864 hospita-

1890 3888 2082 3954 litatis,
2120 3896 2337 3961 quanta:
2377 3886 2654 3959 patientia:
2679 3895 2732 3941 et
2761 3886 3030 3958 largitatis
3072 3900 3198 3957 erga
3230 3883 3483 3954 peregri-7

1890 3997 1991 4038 nos
2035 3989 2089 4035 et
2129 3991 2356 4039 cunctos
2389 3994 2658 4050 pauperes
2694 3979 2880 4047 fuerit,
2918 3979 3081 4033 resin
3131 3979 3323 4034 eodem
3361 3976 3485 4028 loco.

1891 4086 2011 4131 acta
2048 4075 2247 4131 indicio
2276 4084 2378 4129 est.
2405 4073 2638 4129 Sanctus
2665 4072 2945 4127 confessor
2971 4070 3175 4127 Christi
3207 4069 3474 4125 Goericus

1892 4166 2019 4242 quid
2078 4167 2130 4221 in
2182 4166 2286 4220 vita
2341 4180 2436 4221 sna
2488 4164 2885 4236 promcruerit,
2942 4162 3081 4234 quid,
3119 4162 3281 4233 apud.
3310 4161 3476 4215 Deum

1891 4257 2144 4322 valuerit,
2177 4256 2359 4311 multis
2390 4255 2778 4311 miraculorum
2810 4252 2977 4326 signis
3002 4261 3058 4308 et
3086 4253 3349 4324 prodigiis
3380 4251 3479 4305 de—

1894 4350 2128 4414 clarans,
2164 4346 2306 4402 faina
2338 4348 2417 4402 sui
2453 4348 2612 4419 longe
2648 4347 2866 4417 lateque
2898 4346 3280 4403 crebrescente
3311 4360 3485 4417 popu-

1896 4444 1963 4499 lis
2011 4445 2371 4515 gentibusque
2408 4442 2659 4498 innotuit.
2702 4439 2773 4496 Ut
2822 4456 2955 4509 ergo
3001 4439 3169 4511 gloria
3215 4438 3311 4495 Dei
3356 4447 3482 4492 nota

176 4518 437 4591 Virginis
464 4522 665 4575 nomini
691 4532 808 4576 erat
839 4524 1081 4589 dicatus;
1111 4520 1487 4592 quem’antore
1511 4521 1713 4576 Christi
1736 4530 1791 4575 et
1823 4507 1869 4567 Ῐ)
1897 4507 2054 4591 fle“;
2086 4543 2140 4591 ei,
2190 4507 2595 4604 magniﬁcentia
2642 4507 2910 4587 δοιιῖιειιίέ
2939 4507 3058 4599 θ]ιῇ
3102 4529 3220 4599 plus
3256 4528 3487 4597 plusque

175 4611 386 4667 Matris
432 4612 642 4669 Christi
672 4614 906 4681 Domini,
939 4616 991 4670 in
1020 4631 1182 4685 quem
1220 4615 1572 4669 aedificiorum
1610 4615 1791 4685 splen-

176 4703 385 4757 dorum
424 4704 681 4766 reerexit,
715 4705 931 4772 quantis
963 4705 1272 4758 divitiarum
1305 4704 1499 4772 opibus
1525 4719 1785 4776 aggrega-

176 4803 266 4849 tas
304 4792 523 4849 ibidem
550 4794 775 4851 ancillas
806 4798 901 4851 Dei
930 4796 995 4850 ad
1036 4796 1224 4851 laudes
1256 4806 1518 4866 perpetuo
1543 4796 1788 4853 Creatori

174 4887 439 4941 omnium
482 4886 836 4944 celebrandas
864 4889 1139 4953 ditaverit,
1168 4903 1255 4943 res
1294 4897 1412 4943 acta
1446 4890 1647 4945 indicio
1679 4898 1782 4945 est.

251 4979 348 5033 15.
399 4976 650 5033 Domnns
686 4980 985 5037 Adventius
1014 4989 1215 5035 Sancta:
1246 4979 1427 5035 Mettis
1467 4981 1794 5039 venerabilis

422 5070 476 5102 :n
522 5071 809 5102 "Har-nano:
860 5087 993 5102 noun
1024 5070 1134 5102 Iani
1167 5071 1398 5102 'nnn'unn

172 5070 385 5102 ηιθυταυ-11
420 5070 476 5102 :n
522 5071 809 5102 Dl:.~nnnnn:
860 5087 993 5102 noun
1024 5070 1134 5102 IQﬂt
1167 5071 1398 5102 ΙΛηΙιΙιισυι
1440 5077 1707 5102 ΙΙΙΙΑιιιΙμΜ
1742 5074 1792 5102 :n

1898 4629 2103 4684 nostris
2150 4626 2482 4697 temporibus
2527 4624 2812 4681 manifesta
2858 4620 3300 4685 claresceret,,in
3346 4616 3484 4671 Bur-

1898 4721 2114 4791 gundite
2172 4718 2382 4775 cunctis
2434 4715 2632 4772 finibus
2678 4716 2850 4772 cladis
2899 4715 3139 4784 pessima
3186 4707 3503 4762 lttttlllltttll~~

1899 4826 2021 4865 nem
2088 4825 2336 4879 magnam
2397 4809 2719 4879 populorum
2765 4808 2973 4865 invasit
3007 4848 3024 4873 ,
3082 4815 3187 4860 oua
3252 4797 3515 4852 manibus

1901 4899 2237 4970 pedibusque
2293 4898 2548 4954 ardentes
2609 4893 2911 4952 miserabili
2972 4905 3174 4966 pinna.
3246 4886 3336 4940 hic
3396 4898 3507 4953 per-
3588 4956 3591 4959 _

1905 4990 2018 5055 dita
2069 5003 2221 5053 uno,
2271 4989 2359 5043 hic
2399 4998 2633 5059 utroque
2672 4990 2963 5041 truncatus
3034 4978 3175 5055 pede
3203 5014 3221 5036 ,
3280 4972 3368 5026 hic
3420 4986 3529 5025 tne-

2397 5081 2590 5102 -t:-..:-
2659 5086 2788 5102 ...κη
2848 5073 3113 5102 ηκξ...-..η
3182 5064 3345 5102 aduri
3406 5063 3545 5102 iuni-
