3984 5316
644 276 782 332 1559

642 484 711 538 tis
733 484 967 552 devecti,
992 486 1366 558 undecumque
1405 488 1763 547 conﬂuebant.
1809 494 1943 548 Dum
1969 494 2083 551 haec
2125 497 2223 553 lie-

588 580 593 585 ‘
640 582 785 641 rent,
821 574 1050 632 domnus
1075 577 1500 642 Adalbcro,dum
1525 581 1727 637 viveret
1749 583 1835 638 lux
1857 585 2221 657 gaudiumque

640 682 891 735 suorum,
920 667 1045 740 quia
1071 679 1308 725 castrum
1348 672 1635 730 imminens
1680 687 2013 733 monasterio
2062 684 2219 736 sedes

587 746 595 763 ἶ
637 764 723 810 est
756 755 1100 828 episcopalis,
1125 759 1407 829 sepissime
1433 762 1716 829 aderat,et
1741 764 2042 834 hujusmodi
2073 769 2220 825 viros

562 856 591 887 π’
637 834 842 901 cotidie
866 842 934 901 ad
961 848 1358 904 convivandum
1392 852 1693 924 suscipiens
1724 856 1789 922 ὀ,
1822 858 2055 928 propriis
2102 875 2221 914 ma-

638 934 802 992 nibus
823 937 1048 1015 vulnera
1074 939 1163 993 illa
1191 950 1539 1015 contrectans
1566 953 1621 1000 et
1650 945 1861 1015 lavans,
1888 963 1982 1003 ore
2016 958 2071 1005 et
2089 965 2217 1006 ocu-

638 1023 707 1079 lis
727 1012 1065 1094 demulcen’s,
1092 1014 1256 1084 Deum
1289 1030 1341 1084 in
1385 1034 1638 1091 omnibus
1679 1036 1792 1091 suis
1820 1024 2074 1107 operibus
2101 1038 2219 1094 lau-

590 1128 593 1133 ‘
639 1116 771 1172 dare
804 1126 857 1173 et
883 1118 1206 1175 benedicere
1237 1138 1343 1176 non
1375 1123 1677 1181 desinebat.
1713 1126 1854 1183 Vere
1884 1128 2098 1203 loquar,
2131 1146 2216 1187 se-

590 1218 596 1227 ’
637 1218 784 1277 ptem
813 1209 1001 1264 diebus
1027 1210 1345 1268 buicdivino
1374 1216 1595 1271 servitio
1623 1229 1942 1289 cooperator
1970 1221 2214 1289 interfui,

583 1306 593 1316 '
636 1299 954 1372 et'propri‘ts
980 1303 1230 1361 manibus
1268 1314 1358 1361 aut
1406 1305 1673 1369 lavaham,
1703 1319 1797 1365 aut
1842 1313 2212 1383 detergebam,

582 1396 585 1399 ’
636 1393 766 1448 dum
797 1410 902 1451 non
916 1396 1093 1452 minus
1117 1406 1335 1453 centum
1358 1409 1452 1453 aut
1475 1401 1748 1471 octoginta
1781 1404 1847 1471 “,
1875 1414 1935 1458 ut
1956 1405 2214 1473 diximus,

633 1485 830 1541 cotidie
853 1486 1059 1543 lavarct
1085 1498 1138 1544 et
1172 1491 1293 1546 cibo
1322 1503 1617 1547 recrearet.
1649 1492 1781 1547 Nam
1808 1495 1933 1551 dum
1988 1497 2214 1554 vulnera

583 1592 587 1596 '
634 1577 750 1646 ipsa
797 1591 936 1648 aqua
989 1579 1464 1650 perfunderentur,
1496 1592 1679 1639 tantus
1729 1599 1897 1644 vapor
1946 1596 2211 1657 tantaque

633 1668 832 1724 nebula
863 1669 1081 1725 domum
1101 1671 1270 1741 inqua
1305 1672 1357 1727 id
1388 1672 1549 1729 ﬁebat
1583 1677 1852 1745 replebat,
1880 1686 1941 1733 ut
1968 1679 2055 1734 vix
2078 1680 2216 1736 alter

630 1759 865 1817 alterum
905 1762 1088 1819 videre
1120 1763 1438 1834 praavalcret
1465 1768 1534 1831 υ,
1565 1766 1705 1824 fetor
1745 1771 1912 1826 etiam
1953 1770 2208 1829 intolera-
2234 1758 2284 1819 Β

630 1854 759 1940 bilis
781 1866 921 1924 erat,
952 1857 1175 1928 sulphur
1199 1868 1253 1916 et
1277 1860 1536 1933 quidquid
1570 1859 1623 1919 in
1655 1864 1912 1923 odoribus
1951 1868 2209 1940 importa-

630 1938 736 2002 bilc
755 1957 837 2005 est
863 1962 1193 2020 exsuperans
1222 1962 1277 2007 et
1303 1952 1543 2010 vincens.
1590 1954 1735 2023 Haec,
1763 1968 1823 2014 ut
1865 1959 1998 2027 dixi,
2025 1938 2212 2019 beatus

628 2039 717 2094 vir
749 2040 868 2096 sine
909 2042 1166 2112 despectu
1200 2053 1256 2100 et
1300 2060 1422 2100 eum
1454 2063 1649 2119 magna
1693 2050 1877 2106 cordis
1925 2052 2210 2111 devotione

627 2135 937 2206 peragebat.
976 2135 1108 2203 Qua:
1135 2136 1337 2199 idcirco
1351 2137 1669 2206 dixerimus,
1696 2153 1752 2196 ut
1779 2143 1831 2198 in
1857 2160 1963 2200 una
1989 2145 2208 2202 eadem-

625 2241 735 2297 que
762 2241 823 2282 re
859 2227 1086 2285 duorum
1119 2233 1459 2286 sacerdotum
1492 2232 1597 2288 duo
1629 2233 1767 2288 facta
1807 2237 2081 2291 memorize
2130 2238 2211 2293 di-

628 2316 888 2385 gnissima
912 2320 1336 2391 praedicaremus
1358 2333 1413 2377 et
1444 2325 1675 2393 posteris
1699 2324 1962 2383 imitanda
1997 2327 2078 2383 vel
2109 2331 2205 2385 ad-

629 2409 873 2467 miranda
902 2412 1398 2479 traderemus,dum
1428 2415 1481 2470 in
1504 2416 1665 2473 beato
1691 2417 1924 2476 Goerico
1949 2420 2209 2478 virtutum

626 2502 883 2575 insignia,
914 2515 968 2560 et
1002 2505 1056 2560 in
1081 2504 1281 2562 domno
1322 2507 1663 2565 Adalberone
1688 2511 2009 2569 humilitatis
2036 2523 2092 2568 et
2113 2515 2210 2571 ah-

620 2590 875 2662 iectionis
897 2593 942 2627 ”
962 2595 1246 2667 omnisque
1269 2595 1488 2653 vilitatis
1510 2599 1556 2630 “
1574 2599 1821 2657 humauce
1845 2606 2206 2672 appetentiam

625 2693 683 2740 et
726 2700 995 2741 summum
1034 2703 1271 2743 amorem
1321 2688 1841 2748 detnonstraremus.
1880 2693 2026 2750 Sane
2063 2697 2208 2752 hunc

628 2788 842 2833 tantum
864 2789 919 2834 et
945 2779 1104 2834 talem
1133 2782 1307 2836 virum
1332 2782 1511 2837 nimiae
1539 2783 1858 2843 lutmilitatis
1886 2795 1940 2842 et
1964 2789 2205 2865 omnium

624 2868 913 2937 virtutum,
943 2886 1078 2941 quas
1109 2880 1293 2927 sancta
1326 2881 1497 2928 mater
1521 2875 1794 2932 humilitas
1843 2878 1932 2949 pio
1978 2879 2203 2935 uberum

621 2955 768 3012 lacte
793 2958 1018 3020 enutrit,
1045 2959 1307 3015 cultorem
1335 2962 1709 3031 przedieantes,
1735 2973 1791 3021 et
1838 2966 1891 3020 in
1934 2967 2201 3038 ejusmodi

624 3050 786 3106 rebus
809 3053 1140 3120 probabilem
1169 3064 1491 3110 enarrantes
1511 3055 1579 3120 “,
1603 3070 1670 3112 ne
1699 3056 1751 3113 id
1788 3057 1838 3112 ci
1866 3074 1895 3112 a
1946 3059 2200 3130 posteris,

623 3145 768 3212 quod
800 3162 827 3197 a
862 3146 1218 3215 prmscntibus
1253 3146 1333 3202 sui
1366 3148 1641 3218 temperis,
1671 3148 1738 3203 ad
1779 3150 1882 3206 hoc
1913 3166 1941 3204 a
1972 3151 2206 3207 familia-

623 3236 802 3300 ribus,
836 3236 1226 3306 imputabatur,
1266 3237 1585 3307 imputetur,
1619 3238 1785 3296 fuisse
1820 3240 2029 3297 scilicet
2078 3258 2202 3297 eum

624 3326 851 3380 nimium
907 3327 1163 3383 humilem
1221 3329 1558 3399 nimiumque
1612 3329 1914 3400 deiectum,
1961 3334 2204 3404 quaedam

575 3412 753 3474 '.huic
789 3418 938 3488 operi
985 3418 1353 3477 subnectenda
1410 3424 1773 3487 decrevimus,
1797 3425 1994 3495 quibus
2042 3427 2207 3483 certis

627 3502 965 3579 tetiiporihus
992 3520 1249 3581 certaque
1278 3512 1492 3568 ratione
1512 3515 1673 3570 bonis
1696 3515 2000 3571 humilitate
2022 3519 2207 3574 subdi-

626 3611 765 3666 tum,
780 3600 935 3657 malis
948 3610 1127 3658 autem
1155 3601 1278 3659 ﬁdei
1304 3604 1609 3660 constantia
1639 3620 1703 3661 ac
1716 3621 1942 3661 censura
1955 3595 2201 3678 justitize,

625 3693 886 3763 temporis
917 3695 1081 3750 etiam
1126 3695 1434 3752 conibentia
1491 3707 1910 3770 repugnantem,
1958 3711 2013 3757 et
2062 3702 2205 3758 vitiis

589 3778 593 3781 “
621 3784 943 3856 vitiosisque
968 3786 1315 3843 resistentem
1348 3790 1718 3847 ostendamus.
1806 3806 1807 3811 ‘

696 3878 785 3933 15.
825 3879 1064 3937 Domnus
1101 3881 1388 3937 lleinricus
1413 3897 1532 3948 rex,
1564 3882 1654 3953 qui
1702 3885 1861 3940 tertio
1911 3882 2093 3942 Ottoni
2120 3885 2203 3940 di-

619 3987 689 4027 vo
710 3972 757 4003 ¹⁶
780 3973 1093 4044 imperatori
1119 3975 1188 4030 ad
1218 3975 1549 4046 regnandum
1574 3977 1809 4048 quidem.
1840 3978 2066 4033 necdum
2103 3993 2200 4031 au-

620 4072 732 4119 tem
758 4064 824 4127 ad
855 4066 1253 4137 imperandum,
1298 4068 1351 4122 in
1409 4076 1519 4124 tota
1552 4069 1865 4134 Germania,
1898 4085 2015 4140 (luas
2064 4071 2202 4125 citra

617 4154 860 4212 llrenum
883 4167 985 4224 est,
1016 4167 1072 4213 et
1098 4159 1151 4213 iu
1180 4158 1421 4214 Lotharii
1470 4175 1655 4232 regno,
1680 4160 1821 4230 quod
1852 4160 1931 4216 cis
1956 4160 2200 4216 Rhenum

617 4255 720 4312 est,
745 4260 1108 4314 successerat,
1155 4249 1482 4320 colloquium
1515 4252 1891 4322 synodumquc
1920 4253 2033 4325 (ἳέ)
2069 4270 2198 4308 con-

617 4337 775 4392 scivit
804 4338 915 4409 (an.
947 4338 1127 4413 1005).
1161 4339 1264 4396 Ubi
1288 4357 1477 4398 omnes
1505 4338 1645 4413 pene
1670 4338 1820 4415 regni
1850 4345 1930 4399 sui
1957 4361 2200 4402 summos

1635 285 2097 346 CONSTANTINI
2137 290 2195 346 S.
2212 290 2682 357 SYblPHOlllANl
2708 304 3000 363 ABBATIS

586 368 593 375 ’
642 389 915 461 potitilicis
952 406 1205 460 rumore,
1250 393 1541 452 innitentes
1586 399 1794 457 baculis
1820 443 1835 466 ,
1883 414 1977 459 aut
2019 405 2221 461 carrio-
2246 409 2299 473 Α

3712 323 3804 379 lilii

2396 411 2480 465 l6.
2499 412 2647 468 Inter
2668 415 2852 485 multa,
2878 418 3071 488 inquit,
3090 437 3208 493 qua:
3225 438 3280 478 in
3291 439 3445 495 regno
3469 438 3632 483 nostra
3652 439 3805 491 reatris.

2320 517 2420 571 que
2459 509 2752 573 parrochiis
2777 510 3082 581 corrigenda
3123 525 3266 577 sunt,
3287 528 3522 584 parentes
3542 521 3612 574 sic
3630 523 3712 577 sibi
3725 543 3808 594 pro-

2319 593 2457 648 azime
2496 597 2734 668 conjugia
2764 601 3101 669 copulantur,
3126 614 3185 659 ut
3205 643 3209 646 ρ
3230 604 3398 661 Deum
3424 623 3529 662 non
3554 593 3749 668 timentes
3777 630 3807 671 et

2318 683 2552 741 homines
2576 704 2679 742 non
2701 702 3002 757 reverentes,
3026 695 3183 748 etiam
3213 697 3353 752 tertii
3376 696 3478 752 loci
3509 708 3806 773 consanguini-

2319 782 2499 841 tatem,
2527 779 2666 849 quod
2688 780 2830 836 dictu
2859 783 2901 814 "
2924 785 3069 854 nefas
3091 795 3190 853 est,
3212 788 3281 842 ad
3318 789 3558 860 copulant
3605 796 3810 852 asscissm

2276 931 2281 934 ο
2319 882 2423 921 non
2448 869 2731 940 refugiant,
2754 884 2801 927 et
2832 873 3044 942 lineam,
3066 893 3184 947 qua:
3204 879 3272 932 ad
3301 881 3571 949 septimam
3597 900 3729 953 usque
3753 906 3811 957 ge-

2318 963 2637 1019 nerationcm
2685 968 2849 1023 sacris
2898 985 3159 1027 canonum
3208 971 3619 1035 institutionibus
3660 978 3810 1034 illibata

2317 1054 2608 1111 conservari
2631 1054 2870 1124 jubetur,
2892 1057 3097 1113 Iudaeis
3122 1075 3442 1131 pagantsque
3475 1063 3748 1137 infelicior“
3776 1069 3811 1122 is

2314 1142 2441 1211 ipsis
2463 1145 2546 1198 sui
2565 1147 2793 1201 exordiis
2818 1148 3124 1221 abrumpere
3149 1168 3252 1206 non
3274 1152 3581 1221 formidant.
3603 1155 3813 1229 Episcopi:

2317 1230 2442 1287 hinc
2470 1233 2595 1290 inde
2624 1237 2937 1293 sedentibus
2967 1239 3166 1310 diuque
3204 1241 3511 1311 silentibus,
3534 1260 3648 1315 pars
3669 1249 3813 1318 dequo

2315 1324 2589 1380 diceretur
2615 1327 2859 1383 nesciens
2875 1368 2895 1396 ,
2917 1344 3042 1400 pars
3065 1345 3350 1402 personam
3374 1334 3441 1390 de
3468 1351 3574 1405 quo
3596 1336 3813 1393 dicebatur

2316 1414 2541 1471 multum
2572 1416 2657 1473 vel
2701 1434 2890 1474 amans
2909 1421 2996 1476 vel
3026 1420 3243 1488 timens,
3279 1423 3408 1494 quid
3432 1424 3588 1481 dictis
3612 1427 3815 1496 regalibus

2314 1505 2697 1577 responderet,
2727 1522 2955 1578 prorsus
3001 1509 3302 1579 ignorabat.
3360 1511 3511 1570 Mens
3551 1517 3680 1570 enim
3720 1518 3816 1572 male

2314 1593 2415 1649 sibi
2447 1583 2688 1675 conscia,
2720 1598 2845 1653 dum
2866 1612 2929 1653 ea
2956 1615 3076 1671 qua:
3107 1616 3214 1656 non
3239 1601 3353 1657 vult
3384 1604 3572 1661 audire
3608 1605 3815 1677 compelli-

2318 1693 2427 1752 tur,
2476 1687 2535 1741 lit
2574 1689 2808 1760 stupida,
2836 1705 2942 1747 vos
2993 1690 3212 1762 refugit,
3262 1693 3428 1751 verba
3476 1695 3815 1761 dilabuntur,ct

2311 1776 2539 1846 sapienti
2586 1793 2767 1834 coram
2804 1781 3012 1851 positus
3048 1781 3330 1839 honestius
3366 1783 3417 1840 ei
3470 1785 3670 1842 videtur
3706 1788 3815 1843 δίκη

2310 1883 2473 1940 quam
2509 1868 2673 1941 loqui.
2709 1871 2845 1936 Rex,
2876 1888 3038 1943 quem
3083 1873 3267 1931 fallere
3294 1890 3458 1933 nemo
3501 1886 3710 1947 poterat,
3731 1880 3815 1947 quis

2309 1960 2618 2018 erat'homo
2647 1962 2842 2018 litteris
2887 1963 3130 2035 adprime
3163 1965 3421 2033 imbutus,
3458 1968 3733 2040 eloquentis
3766 1967 3818 2021 is.

2312 2051 2695 2120 cundissimus,
2726 2054 2793 2110 ad
2835 2055 3124 2124 regendum
3158 2056 3254 2111 Dei
3303 2058 3502 2115 timore
3550 2059 3820 2114 vivacissimc

2310 2144 2806 2208 astrictus,motum
2832 2147 3012 2203 cordis
3040 2148 3320 2219 pacientia:
3344 2150 3518 2207 frenis
3538 2151 3815 2222 restringens,

2310 2249 2481 2289 sacra:
2508 2234 2801 2303 Scriptura:
2821 2238 3083 2307 exemplis
3107 2254 3202 2294 eos
3223 2241 3441 2310 aggredi
3469 2241 3722 2299 honestius
3739 2255 3818 2295 esse

2302 2324 2600 2394 judicans:
2637 2329 2790 2394 Ecce,
2840 2331 3037 2402 inquit,
3071 2349 3209 2399 ecce,
3250 2351 3335 2388 vos
3375 2337 3505 2390 estis
3542 2335 3647 2390 loca
3669 2337 3817 2407 quidet

2308 2430 2607 2473 sanctorum
2628 2421 2954 2476 sacerdotum
2991 2432 3237 2490 tenentes,
3266 2425 3388 2480 etin
3418 2424 3618 2480 meliori
3637 2424 3819 2479 cathedrs

2309 2524 2465 2579 quam
2488 2510 2701 2564 sedisset
2745 2510 2951 2589 Moyses
2991 2513 3243 2578 sedentes,
3274 2524 3454 2583 utpote
3499 2516 3625 2569 riccs
3667 2512 3817 2568 Denisi

2306 2600 2649 2667 possidentes,
2677 2603 2767 2671 qui
2798 2613 2844 2656 et
2898 2604 3016 2657 boni
3052 2620 3205 2660 canes
3244 2615 3291 2660 et
3337 2607 3511 2660 sancti
3552 2606 3717 2661 arietes
3753 2619 3814 2672 pro

2306 2692 2426 2746 uitw
2454 2693 2635 2746 merito
2666 2694 2771 2748 dici
2810 2694 3128 2760 debueratis,
3157 2697 3426 2750 contraria
3454 2697 3559 2751 uice
3590 2697 3817 2760 inremth

2308 2782 2489 2836 ordine
2512 2784 2815 2838 cunesmuti
2859 2801 2962 2839 non
3009 2785 3234 2840 calentes
3279 2785 3484 2841 latrare
3531 2786 3644 2840 estis
3682 2783 3815 2854 (Iuli.

2306 2871 2507 2942 ipsique
2529 2874 2742 2929 ceritate
2763 2874 2971 2930 multati
2997 2876 3122 2931 dum
3143 2876 3366 2932 subditis
3387 2880 3634 2932 ducatum
3654 2874 3817 2947 probat

2306 2968 2573 3037 cogimini,
2605 2980 2652 3024 et
2677 2971 2867 3025 ductor
2904 2980 2950 3024 et
2979 2986 3195 3037 sequens
3225 2971 3457 3027 amboin
3489 2973 3674 3041 [aream
3692 2968 3818 3039 preci-

2307 3060 2571 3128 pitamini.
2611 3059 2766 3116 Ecce.
2790 3060 2987 3132 inquit,
3017 3060 3292 3117 Conradus
3312 3065 3424 3116 dua:
3464 3062 3813 3119 Austrasims,

2309 3154 2760 3225 consanguinitate
2789 3153 2934 3208 nobis
2964 3164 3011 3209 et
3045 3156 3341 3226 quicunque
3361 3156 3418 3209 in
3440 3164 3552 3210 tota
3580 3156 3733 3225 patria
3756 3168 3816 3204 so-

2310 3241 2515 3297 biliores
2536 3253 2657 3297 sunt
2677 3244 2874 3299 cunctis
2908 3244 3167 3314 afﬁnitate
3188 3244 3524 3315 conjunctus,
3548 3259 3734 3300 uxorein
3752 3242 3817 3293 ds-

2306 3334 2384 3386 :rit
2414 3333 2489 3388 sic
2513 3334 2614 3389 sibi
2633 3338 3002 3406 propinquam,
3029 3337 3103 3391 sic
3127 3337 3448 3407 proximam,
3481 3348 3559 3403 ut,
3579 3337 3696 3391 sicut
3718 3334 3817 3386 tint-

2306 3441 2445 3492 mus,
2472 3443 2574 3482 non
2599 3428 2751 3482 modo
2773 3429 2894 3498 ipsi,
2918 3445 3092 3484 rerum
3123 3430 3264 3483 omni
3305 3431 3498 3499 patriae
3542 3431 3718 3500 odeum
3751 3425 3815 3479 liti

2307 3519 2557 3574 citissime
2584 3530 2656 3584 et,
2684 3531 2740 3574 ut
2766 3521 2976 3585 dicitur,
3006 3538 3100 3590 pro
3143 3520 3344 3589 foribus
3393 3523 3577 3577 adesse
3627 3521 3814 3576 rideatur,

2305 3626 2595 3683 parumque
2629 3612 2801 3664 minus
2827 3612 3020 3665 crimen
3072 3611 3220 3683 nobis
3265 3612 3558 3667 tacentibus
3610 3609 3814 3665 indicitur.

2305 3717 2463 3771 quam
2490 3702 2541 3756 ei
2568 3702 2657 3771 qui
2682 3702 2820 3758 idem
2852 3702 3017 3758 scelus
3044 3703 3295 3757 audacter
3312 3712 3363 3759 et
3392 3704 3511 3759 sine
3544 3702 3717 3775 peccati
3734 3696 3816 3752 esti-

2305 3797 2538 3850 motione
2554 3807 2851 3866 perpetrare
2878 3797 3128 3851 cernitur.

2378 3890 2465 3944 l7.
2525 3890 2766 3946 Domnus
2820 3889 3088 3947 Adalbero
3155 3890 3503 3948 Mellensium
3564 3883 3815 3945 venerabilis

2305 3982 2525 4052 prazsul,
2546 3983 2807 4053 sanguine
2853 3992 2907 4038 et
2955 3981 3209 4037 afﬁnitate
3240 3985 3353 4053 regi
3383 3983 3633 4039 assidenti
3662 3991 3709 4036 et
3728 3992 3800 4033 cun

2304 4070 2409 4126 ctis
2435 4071 2525 4141 qui
2555 4070 2829 4145 exstingui
2873 4070 3115 4126 lleinrici
3164 4072 3303 4126 linea
3351 4072 3719 4127 descenderant
3752 4064 3815 4118 atl-

2304 4161 2478 4230 prime
2505 4160 2846 4230 coniunctus,
2876 4162 3001 4216 huic
3042 4164 3217 4217 sacro‘
3241 4163 3450 4233 synodo
3498 4155 3811 4215 iuterserltbal.

2302 4262 2357 4306 et
2390 4262 2446 4308 ut
2486 4262 2605 4307 erat
2650 4252 2861 4307 cunctis
2907 4255 3387 4309 eonsaccrdotibus
3434 4254 3656 4309 nobilior
3691 4246 3811 4304 excel

2302 4328 2541 4415 siorque,
2566 4346 2643 4401 sic
2666 4345 2912 4401 nobiliori
2936 4346 3259 4417 celsiorique
3280 4347 3413 4403 sella
3445 4348 3584 4401 inter
3607 4359 3712 4398 suos
3729 4353 3812 4409 pm-

597 4421 930 4484 sacerdotes
964 4432 1296 4498 coadunans,
1323 4442 1380 4489 et
1407 4450 1472 4489 ex
1503 4433 1735 4490 diversis
1780 4435 1991 4490 diversa
2024 4436 2202 4506 dispu-
2235 4455 2279 4509 ι)
2306 4436 2563 4492 minebat.
2590 4436 2689 4492 llic
2734 4438 2878 4509 regis
2914 4435 3350 4508 obiurgationem
3403 4438 3542 4491 ultra
3581 4438 3707 4490 ferre
3737 4443 3808 4485 non

616 4526 772 4582 tuus,
811 4517 955 4574 inter
1010 4520 1394 4590 disputandum
1447 4523 1593 4596 ipsos
1639 4526 1858 4581 eosdem
1888 4527 2199 4583 sacerdotes

616 4605 884 4662 acerrime
911 4611 1277 4681 congreditur,
1304 4629 1404 4668 cur
1433 4614 1682 4670 videlicet
1728 4616 1780 4670 in
1811 4616 1924 4671 suis
1968 4618 2199 4671 diocesis

614 4708 671 4753 et
696 4700 1018 4757 diocesianis
1046 4718 1109 4757 ea
1133 4719 1252 4774 quae
1294 4706 1533 4778 synodali
1560 4724 1624 4763 ac
1652 4724 1748 4779 per
1796 4709 1899 4764 hoc
1932 4710 2194 4780 spirituali

615 4792 753 4847 falce
773 4794 1005 4849 secanda
1034 4805 1191 4849 erant
1217 4811 1324 4851 non
1364 4809 1699 4863 resccarent,
1730 4817 1793 4856 ac
1823 4801 1998 4873 gladio
2026 4803 2200 4874 Spiri-

616 4893 703 4936 t’lS
736 4884 907 4938 sancti
951 4887 1163 4955 putrida
1190 4895 1245 4942 et
1271 4889 1410 4943 male
1434 4904 1563 4944 sana
1591 4906 1619 4944 a
1650 4893 1906 4946 tnezubris
1960 4895 2194 4950 lidclium

613 4974 895 5030 abscidere
921 4978 1357 5047 supersederent.
1409 4980 1725 5038 Miranlibus
1764 4986 2038 5054 erunibus,
2067 4989 2193 5057 quid

614 5063 715 5116 sibi
748 5065 912 5120 verba
941 5068 1082 5138 regis
1108 5077 1216 5124 tam
1247 5071 1645 5129 districtissima
1673 5075 1866 5129 vellent
1895 5062 2197 5145 quoveten-

2304 4529 2507 4593 valens,
2536 4539 2591 4583 et
2621 4539 2802 4585 tacere
2828 4529 3059 4609 amplius
3087 4530 3427 4586 inhonestum
3445 4526 3681 4599 judicans
3709 4522 3807 4577 ειη·

2289 4623 2477 4694 terim,
2500 4622 2695 4693 inquit,
2730 4622 2898 4677 (etatis
2940 4623 3234 4676 sanctitatis
3262 4630 3311 4676 et
3336 4623 3567 4676 scientia?
3605 4628 3807 4687 νιπτομ-

2305 4713 2433 4777 tiva,
2460 4712 2630 4767 locum
2676 4712 2885 4784 quidem
2930 4712 3176 4783 loquendi
3218 4729 3336 4766 cum
3387 4711 3634 4783 fratribus
3675 4702 3809 4758 nostri!

2305 4802 2507 4864 dantes,
2527 4813 2575 4856 et
2599 4802 2847 4856 honorent
2870 4803 3017 4857 canis
3043 4804 3392 4873 scnectutique
3421 4801 3591 4856 divino
3616 4802 3809 4867 ριπιερισ

2305 4892 2582 4955 eribentes.
2616 4909 2719 4963 quo
2745 4892 2940 4971 dicitur
2966 4908 2985 4947 :
3018 4911 3036 4944 ι
3068 4893 3258 4947 Coram
3279 4908 3413 4946 cana
3455 4891 3617 4959 capite
3646 4897 3807 4940 consur-

2303 5002 2396 5056 yas
2424 4984 2608 5054 (Leuit.
2641 4967 2752 5048 xix,
2785 4967 2899 5054 δὲ),
2934 5005 2953 5038 ›
2986 4987 3110 5059 quia
3151 4983 3442 5055 majestatis
3485 4993 3654 5037 restrte
3680 4986 3808 5047 polit?

2298 5080 2448 5145 tiam,
2467 5080 2672 5133 domine
2701 5081 2772 5133 mi
2803 5081 2998 5141 rcx,ad
3025 5078 3249 5141 dedecus
3276 5078 3443 5132 nostri
3466 5075 3652 5130 ordinis
3679 5067 3805 5134 θηεῖ-
