3984 5316
182 295 311 370 test

160 513 296 588 ’φατε
325 514 647 570 verecundia
675 514 1004 581 deputamus.
1039 509 1274 564 Domnus
1303 505 1425 562 Otto
1458 505 1587 568 dux,
1618 511 1768 572 pater

184 610 332 663 istius
368 605 673 661 venerabilis
725 603 958 658 Conradi
1017 602 1168 655 ducis
1215 604 1362 654 nobis
1416 598 1764 658 consedentis,

187 709 337 755 natus
361 715 425 753 ex
465 697 578 768 ﬁlia
606 707 677 752 est
702 701 749 731 “
776 697 952 768 magni
985 695 1212 758 Ottonis,
1246 693 1398 763 cujus
1450 705 1600 744 soror
1648 685 1768 740 Cir-

165 789 359 862 bergia
386 789 432 821 ¹⁹
455 788 595 842 dedit
628 789 798 858 ﬁliam
841 805 992 842 suam
1033 785 1277 841 Conrado
1330 780 1766 852 Burgundionum

186 883 310 953 regi.
337 879 421 936 Ea:
454 880 686 936 Canradi
713 889 888 935 autem
908 879 1020 950 ﬁlia
1045 889 1171 934 nata
1198 889 1271 932 est
1301 875 1514 930 domina
1548 871 1769 926 Mat/til-

186 976 266 1029 dis
290 974 358 1038 '°,
386 975 546 1045 hujus
574 973 806 1028 Conradi
829 972 872 1004 ³¹
900 971 1177 1026 assidentis
1208 985 1360 1024 uxor.
1386 965 1504 1022 Hoc
1528 981 1648 1036 ergo
1677 980 1768 1034 ge-

187 1067 438 1138 nealogia:
461 1069 666 1132 ordine,
693 1067 815 1135 quia
847 1066 1013 1136 frater
1032 1078 1279 1134 sororque
1303 1061 1359 1114 in
1403 1057 1771 1130 supputatione

162 1154 164 1156 ’
187 1175 289 1213 non
314 1161 684 1225 admittuntur,
702 1157 1128 1226 consanguinitas
1142 1156 1328 1208 horum
1351 1169 1452 1206 non
1473 1150 1590 1220 plus
1613 1167 1771 1220 quant

165 1251 413 1306 'secundo
440 1251 553 1306 loco
580 1250 816 1322 elongari
837 1249 1103 1321 praevalet.
1137 1247 1262 1302 Ιίωο
1292 1247 1451 1302 beato
1476 1242 1592 1300 viro
1629 1252 1774 1298 rete-

189 1353 373 1410 xente,
406 1352 568 1398 tantm
594 1343 688 1398 ira:
718 1353 989 1414 tantasque
1014 1341 1318 1398 simultates
1347 1340 1398 1394 in
1425 1340 1541 1410 ipsa
1565 1337 1774 1410 synodo

188 1450 452 1506 exurgere
482 1435 646 1506 C(Bpil
671 1444 749 1500 ut,
783 1436 884 1490 nisi
918 1441 1062 1490 esset
1092 1449 1151 1488 ea
1185 1431 1442 1487 nobilitas
1484 1445 1588 1500 qua
1613 1427 1771 1494 coelo,

191 1534 335 1581 terra
380 1527 625 1598 marique
684 1527 934 1598 ultraque
989 1541 1139 1582 mare
1189 1523 1411 1580 inclitus
1462 1521 1774 1592 effulgebat,

190 1618 472 1676 Conradus
487 1620 618 1687 dux,
647 1620 712 1676 de
740 1636 848 1691 quo
879 1635 964 1674 res
992 1620 1036 1651 ³⁸
1062 1619 1341 1690 agebatur,
1371 1628 1426 1671 et
1452 1615 1778 1684 quicumque

191 1726 300 1766 stne
319 1711 496 1782 partis
525 1719 702 1780 erant,
746 1726 921 1782 neque
948 1710 1117 1766 Deum
1149 1725 1325 1780 neque
1357 1708 1559 1779 regiam
1600 1706 1772 1776 maje-

191 1814 386 1862 stalem
413 1815 744 1870 reverentes,
773 1820 949 1876 neque
972 1805 1364 1868 sacerdotibus,
1389 1817 1618 1873 quorum
1653 1815 1769 1854 ma-

192 1896 336 1950 xima
376 1906 432 1952 et
481 1897 865 1953 honestissima
924 1897 1211 1952 multitudo
1263 1910 1501 1968 praesens
1560 1893 1771 1958 aderat,

191 1989 400 2059 aliquid
429 1990 653 2046 honoris
674 1991 976 2056 exilientes,
1011 2005 1163 2046 arma
1213 1989 1565 2060 furoremque
1603 1989 1777 2044 corri-

191 2081 438 2154 puissent
463 2123 479 2148 ,
511 2090 566 2139 et
613 2084 680 2139 ad
721 2083 987 2139 insaniam
1047 2083 1431 2139 exsaciandam
1455 2122 1471 2153 ,1
1515 2082 1776 2154 quidqui]

193 2173 317 2230 mali
346 2189 540 2231 manus
598 2175 872 2248 roburque
911 2173 1113 2232 inferre
1159 2183 1359 2248 posset,
1401 2190 1504 2230 non
1563 2174 1780 2230 omisis-

191 2275 294 2324 set.

266 2361 357 2419 18.
399 2362 607 2418 Aderat
649 2362 780 2419 huic
821 2364 994 2433 magis
1046 2361 1301 2419 seditioni
1359 2377 1521 2430 quam
1575 2359 1782 2431 synodo

198 2449 430 2507 domnus
479 2452 808 2510 Teodericus
833 2494 848 2518 ,
891 2453 1066 2508 frater
1099 2454 1316 2524 quidem
1375 2453 1535 2522 hujus
1577 2451 1780 2505 domini

197 2544 363 2598 nostri
396 2540 754 2601 Adalbero‘nis
783 2546 1079 2616 pontificis,
1109 2547 1218 2602 dux
1247 2555 1426 2600 autem
1461 2559 1648 2600 eorum
1691 2541 1783 2612 qui

199 2633 277 2710 eis
307 2632 354 2666 ³³
380 2633 631 2704 citraque
685 2633 890 2690 Mosam
941 2635 1324 2704 Mosellamque
1350 2635 1394 2666 ³⁸
1423 2633 1696 2698 resident,
1734 2640 1789 2684 et

200 2725 314 2781 inec
333 2741 456 2796 quae
476 2725 774 2797 agebantur
806 2742 1020 2798 queque
1040 2727 1185 2796 juste
1215 2725 1657 2795 disponebantur,
1690 2738 1785 2778 sua

201 2817 528 2873 auctoritate
564 2817 813 2874 ﬁrmabat
841 2827 1003 2888 atque
1029 2819 1442 2884 colrroborabat,
1469 2817 1790 2886 nuptiasque

201 2907 424 2964 illicitas
467 2923 590 2964 cum
627 2909 852 2978 reliquis
900 2908 1144 2972 ducibus,
1203 2909 1512 2973 comitibus,
1557 2905 1791 2975 etquod

202 2997 378 3068 majus
401 3007 507 3068 est,
533 3002 904 3057 sacerdotibus
937 3003 1047 3058 Deo
1078 3011 1132 3057 et
1158 3001 1465 3056 rectitudini
1517 3015 1580 3054 ac
1629 2998 1790 3069 regiae

199 3088 426 3162 iustitiae
454 3090 761 3148 faventibus
793 3093 1117 3162 dampnans,
1151 3103 1205 3146 et
1237 3093 1504 3146 humanas
1543 3090 1654 3144 iras
1679 3105 1786 3144 non
1818 3119 1859 3177 ρ

203 3181 532 3251 formidans,
555 3185 828 3254 aequitatis
849 3184 1004 3239 lance
1029 3200 1148 3254 quae
1176 3183 1268 3238 Dei
1315 3192 1484 3236 erant.
1516 3181 1792 3236 liberrime

204 3274 556 3332 decernebat.
585 3277 824 3332 Aderant
849 3278 1015 3332 etiam
1043 3277 1096 3331 in
1128 3277 1230 3331 hac
1254 3274 1550 3340 venerabili
1580 3257 1794 3343 synodo

203 3370 365 3440 primi
397 3371 735 3440 et'praecipui
765 3371 1078 3426 sacerdotes
1126 3369 1426 3440 Willigisus
1452 3367 1795 3435 Maguntinus

204 3462 424 3532 praesul,
459 3461 776 3518 lleribertus
800 3461 1141 3518 Coloniensis
1179 3460 1366 3515 itidem
1417 3457 1636 3529 prmsul,
1683 3456 1796 3528 [ille

206 3551 618 3610 Warmacensis
657 3553 794 3622 t25l,
827 3553 918 3609 ille
960 3552 1334 3624 Argentensis.
1367 3551 1426 3604 2.
1462 3549 1566 3615 ’5.1,
1594 3549 1798 3605 Walte-

208 3646 324 3702 rius
379 3646 429 3679 ³⁸
472 3646 768 3717 Spirensis,
797 3646 1086 3716 N0tgerius
1140 3645 1184 3676 ³⁸
1232 3643 1606 3706 Leodieensis,
1640 3640 1800 3696 llezel

207 3737 644 3810 Wiziburgensis
673 3737 810 3808 (24),
858 3736 1051 3791 llaimo
1105 3732 1483 3799 Virdunensis,
1517 3732 1801 3786 Bertaldus

211 3831 531 3898 Leucensis,
557 3831 760 3902 aliique
783 3846 943 3901 quam
971 3829 1154 3900 plures
1171 3844 1278 3884 non
1311 3827 1486 3884 solum
1510 3841 1576 3880 ex
1603 3824 1802 3881 Letha-

213 3925 280 3979 rii
325 3941 497 3996 regno
523 3941 708 3980 verum
757 3939 825 3980 ex
853 3924 1000 3979 omni
1048 3923 1360 3988 Germania,
1392 3936 1624 3986 quorum
1677 3935 1804 3977 pars

215 4016 426 4080 favore,
459 4031 585 4086 pars
617 4015 810 4070 timore
831 4014 1026 4070 nobilis
1055 4029 1324 4086 personae,
1359 4014 1484 4068 hinc
1518 4013 1643 4069 inde
1689 4013 1805 4085 agi-

215 4108 338 4173 tati,
369 4108 495 4162 liinc
528 4108 653 4162 inde
693 4107 1009 4172 detinentes,
1037 4106 1196 4177 pauci
1247 4105 1562 4178 admodum,
1599 4113 1654 4176 et
1701 4105 1803 4179 ipsi

213 4199 359 4254 inter
382 4215 509 4255 suos
542 4201 818 4271 praecipui,
849 4201 959 4256 Deo
988 4200 1339 4265 dilectissimo
1372 4199 1710 4270 Adalberoni
1753 4207 1808 4254 et

215 4292 379 4346 dictis
410 4290 867 4360 ejusjustissimis
919 4291 1290 4360 testimonium
1341 4291 1593 4348 veritatis
1648 4293 1805 4350 exhi-

216 4388 434 4457 bentes,
462 4400 715 4460 egerunt.
738 4399 795 4445 ut
837 4391 981 4446 inter
1008 4403 1199 4446 verum
1250 4388 1558 4458 falsumque
1597 4388 1808 4445 discidii

215 4499 273 4544 et
304 4489 592 4545 discordiae
635 4504 742 4544 non
785 4487 998 4544 modica
1050 4485 1374 4554 disceptatio
1419 4487 1592 4552 fleret,
1644 4498 1807 4552 quam
1840 4467 1889 4526 1)
1917 4478 2132 4536 semper
2162 4462 2354 4516 adesse

219 4576 388 4630 etiam
420 4578 533 4646 ipse
556 4592 651 4631 rex
691 4579 914 4631 omnino
955 4575 1152 4630 sedare
1198 4589 1305 4629 non
1352 4572 1558 4642 potuit;
1618 4585 1805 4634 verum

220 4669 327 4724 nisi
359 4677 506 4724 esset
526 4668 798 4723 dominiet
822 4665 1096 4740 pontificis
1135 4665 1304 4719 nostri
1327 4663 1687 4720 Adalberonis
1727 4663 1812 4717 in-

222 4757 607 4828 comparabilis
638 4759 912 4823 nobilitas,
939 4755 1089 4820 furor
1107 4767 1268 4808 cecus
1295 4763 1348 4809 et
1369 4755 1578 4810 insania
1607 4754 1808 4808 misera

221 4865 377 4905 arma
423 4851 590 4906 etiam
626 4851 839 4922 telaque
869 4847 1244 4922 corripuisset,
1275 4855 1318 4898 et
1349 4845 1416 4900 ad
1458 4845 1809 4904 homicidium

224 4955 398 5012 usque
427 4941 522 4996 ira:
550 4946 964 5002 commotionem
993 4937 1305 5012 pertingere
1329 4939 1668 5011 contigisset.

1535 5073 1763 5142 VARUE
1801 5065 2207 5129 LEGIONES.

1387 295 1542 351 VITA
1583 284 2062 347 ADALBEROXIS
2097 283 2162 340 ll.

165 411 372 493 dicere,
402 439 506 478 non
537 437 702 476 satum
738 417 1110 482 stuhitirrged
1134 413 1271 486 quod
1304 412 1476 482 majus
1525 418 1621 473 est,
1652 423 1765 460 ητα-
1795 409 1840 466 Λ

3315 263 3452 318 (Ξ)ῧῆ

1939 403 2025 458 19.
2066 400 2179 455 llac
2206 397 2368 468 igitur
2397 391 2787 455 simultatione,
2811 387 2898 443 bis
2924 385 3062 440 odi’s
3083 381 3454 438 infestissimis

1869 496 2166 550 discessum
2215 498 2317 553 est,
2367 497 2423 542 et
2469 482 2839 552 unusquisque
2881 476 2946 532 ad
3007 474 3223 547 propria
3274 472 3457 527 redire

1871 586 2185 642 festinabat.
2235 581 2342 637 Sed
2395 579 2625 633 domnus
2667 570 2910 645 pontifex
2935 609 2951 635 ,
2987 569 3114 621 dum
3142 584 3206 621 ex
3237 563 3454 638 propria

1871 678 1913 710 ³⁷
1969 675 2141 746 patria
2198 670 2458 726 recedens
2511 667 2578 721 ad
2629 663 2812 735 regale
2884 660 3212 729 colloquium
3271 673 3458 728 perre-

1871 775 2068 825 xerat.
2120 762 2250 818 nihil
2304 762 2497 815 borum
2547 766 2831 818 metuens,
2886 751 3015 806 nihil
3067 749 3261 805 horum
3322 745 3455 800 csti-

1874 874 2070 924 ruans,
2139 855 2265 925 quia
2319 860 2437 907 erat
2487 849 2727 906 omnium
2781 845 2861 901 sui
2923 843 3178 912 temporis
3240 838 3460 894 mitissi—

1873 969 1993 1007 mus
2043 960 2207 1020 atque
2267 945 2559 1017 pacificus,
2613 955 2718 996 non
2772 936 2936 992 multa
2986 932 3203 988 militari
3255 946 3458 992 nianu,

1873 1053 1957 1102 set
1983 1044 2306 1098 ιιρτὶροτυιιι
2336 1047 2390 1093 et
2420 1033 2930 1092 honestissimorum
2979 1026 3240 1080 laicorum
3262 1021 3464 1076 dulcis-

1875 1141 2011 1196 simo
2050 1135 2309 1193 comitatu
2341 1148 2468 1187 usus
2497 1138 2603 1196 est,
2628 1135 2681 1183 et
2720 1134 2938 1197 propter
2977 1121 3028 1175 id
3061 1121 3115 1173 in
3162 1114 3460 1177 redeundo,

1875 1247 2068 1288 verens
2097 1243 2162 1284 ne
2197 1227 2336 1283 forte
2359 1226 2410 1280 in
2438 1224 2523 1278 via
2573 1221 2744 1277 hostis
2778 1216 3000 1272 insidias
3049 1221 3345 1282 pateretur,
3396 1207 3464 1260 ab

1877 1326 2071 1381 itinere
2098 1335 2286 1393 parum
2310 1317 2438 1388 quid
2465 1314 2735 1371 declinare
2763 1311 2980 1382 dignum
3002 1305 3174 1368 duxit,
3194 1311 3247 1356 et
3270 1299 3465 1355 cedere

1877 1415 2052 1486 magis
2085 1413 2152 1467 ad
2175 1411 2365 1466 horam
2397 1421 2559 1477 quam
2595 1403 2829 1459 vesania:
2855 1396 3153 1453 "furentis
3205 1389 3465 1462 principis

1878 1481 2056 1564 locum
2084 1504 2245 1561 credis
2274 1509 2367 1556 aut
2411 1496 2637 1566 alicujus
2685 1494 2906 1549 alterius
2957 1482 3305 1557 malignitatis
3335 1481 3466 1535 dare

1879 1600 2066 1655 voluit.
2096 1596 2188 1650 Dei
2215 1603 2392 1648 autem
2419 1587 2805 1659 omnipotentis
2830 1593 2883 1638 et
2908 1578 3108 1636 Christi
3141 1576 3258 1647 ejus
3284 1571 3469 1627 ineffa-

1880 1693 2006 1749 bilis
2029 1691 2202 1760 pietas
2229 1695 2283 1742 et
2313 1694 2514 1740 {eterna
2543 1677 2848 1741 clementia,
2868 1674 3025 1727 aliter
3051 1684 3209 1740 quam
3240 1668 3469 1721 domnus

1880 1781 2121 1857 pontifex
2149 1777 2475 1839 crediderat,
2493 1773 2568 1827 rei
2593 1778 2844 1826 eventum
2869 1762 3175 1821 miserando
3206 1756 3474 1828 disposuit

1880 1849 1933 1933 et
1965 1868 2298 1944 disponendo
2327 1862 2731 1937 praeordinavit,
2758 1859 2884 1913 dum
2917 1855 3166 1924 spiritum
3195 1849 3394 1905 furoris
3415 1857 3472 1901 et

1880 1942 2255 2036 malignitatis,
2284 1958 2409 2014 dum
2437 1957 2542 2010 vim
2568 1953 2853 2012 bacbantis
2876 1950 2920 1981 ³⁹
2947 1959 3001 2004 et
3035 1942 3326 2001 turbulenti
3354 1956 3468 1995 ver-

1881 2063 2076 2134 tigines
2104 2059 2146 2091 ⁶⁰
2175 2056 2228 2112 in
2251 2070 2373 2110 eum
2398 2065 2653 2124 pavorem
2680 2049 2731 2103 in
2759 2059 2993 2114 eumque
3041 2042 3290 2095 timorem
3320 2050 3472 2091 eom-

1883 2156 2133 2220 mutavit,
2164 2163 2224 2208 ut
2257 2167 2321 2207 eo
2344 2151 2546 2219 impetu
2571 2158 2742 2212 eaque
2773 2141 2990 2198 virtute,
3020 2150 3124 2205 qua
3159 2131 3253 2185 Dei
3292 2128 3473 2207 virum

1886 2251 1928 2282 “
1956 2257 2081 2303 ante
2105 2242 2354 2317 persequi
2381 2237 2726 2298 moliebatur,
2760 2246 2902 2286 nunc
2927 2228 3110 2297 fugere
3134 2239 3198 2278 ac
3227 2230 3376 2276 retro
3395 2217 3476 2270 ire

1888 2308 2323 2406 viribus-quibus
2355 2339 2570 2402 poterat
2596 2324 3004 2399 aggrederetur,
3029 2333 3093 2372 ac
3147 2313 3318 2384 magis
3349 2308 3475 2377 capi

1888 2435 2287 2497 timcretquam
2319 2437 2516 2492 capere
2547 2419 2873 2474 elaboraret.

1956 2524 2047 2580 20.
2090 2496 2308 2576 Duobus
2339 2517 2502 2587 igitur
2534 2512 2721 2566 diebus
2756 2509 2876 2578 fuge
2900 2503 3057 2558 fidem
3099 2496 3474 2580 committens,

1891 2618 2062 2674 donec
2086 2614 2138 2668 iu
2173 2621 2287 2666 tuto
2311 2625 2369 2665 se
2415 2619 2536 2662 esse
2567 2600 2821 2663 credidit,
2871 2608 3084 2664 seraper
3129 2606 3188 2645 se
3218 2604 3246 2642 a
3280 2576 3480 2641 domno

1890 2711 2147 2785 pontifice
2169 2718 2226 2764 et
2257 2705 2424 2760 fratre
2464 2699 2579 2768 ejus
2624 2696 2760 2750 duce
2795 2688 3091 2747 Teoderico
3128 2681 3336 2750 insequi
3367 2677 3484 2732 exi-

2747 2781 2759 2785 -
3021 2784 3024 2785 γ
3067 2773 3078 2785 ,
3333 2763 3479 2785 μη,

1894 2763 2152 2861 stimabat
2179 2799 2514 2852 memoratus
2546 2781 2862 2844 Conradus;
2913 2773 3080 2831 nostri
3133 2785 3260 2825 \ero
3316 2763 3483 2819 nichil

1895 2895 2038 2953 aliud
2068 2906 2229 2964 quam
2248 2885 2481 2958 patriam
2521 2885 2787 2950 repetere,
2815 2881 2868 2927 et
2895 2869 2946 2925 id
2993 2878 3205 2922 summa
3257 2859 3481 2930 festina-

1899 2990 2043 3044 tione
2069 2945 2438 3043 donabantur;
2465 2983 2519 3029 et
2546 2971 2673 3042 quia
2696 2968 2746 3023 id
2773 2977 2984 3034 tempus
3013 2955 3262 3029 poscebat
3289 2957 3484 3020 prmter
3513 2945 3532 2962 '

1898 3095 2084 3152 pacem
2136 3085 2191 3132 et
2237 3089 2300 3128 ea
2323 3087 2440 3141 qua:
2479 3066 2630 3138 pacis
2674 3070 2820 3124 sunt,
2847 3056 3095 3111 videlicet
3129 3057 3354 3108 metere,
3382 3057 3481 3095 cu-

1897 3177 1972 3230 ris
2002 3166 2315 3226 domesticis
2361 3161 2511 3216 utilia
2568 3155 2976 3214 adminisuare,
3023 3145 3253 3200 domnus
3301 3144 3478 3190 autem

1895 3266 2185 3336 episcopus
2214 3259 2258 3289 "
2290 3259 2548 3312 consueta
2579 3254 2850 3318 repetere,
2882 3232 3210 3294 monasteria
3235 3225 3486 3281 videlicet

1896 3354 1981 3410 vel
2013 3329 2150 3407 nova
2189 3354 2511 3403 construere
2542 3338 2627 3392 vel
2677 3343 2859 3391 vetera
2900 3338 3192 3386 restruere,
3223 3329 3488 3389 procura-

1897 3451 2012 3506 bat.
2047 3446 2172 3501 Haec
2199 3441 2307 3497 dixi
2335 3446 2557 3510 propter
2600 3433 2720 3495 hos,
2749 3426 2840 3498 qui
2892 3419 3034 3477 beati
3079 3415 3182 3470 viri
3231 3414 3488 3467 innocen-

1901 3543 2032 3598 tiam
2060 3548 2115 3593 ct
2149 3535 2406 3606 pietatem
2437 3530 2488 3582 in
2534 3521 2816 3580 stultitiam
2841 3527 2894 3572 et
2925 3510 3276 3568 stoliditatem
3305 3509 3486 3555 verte.-

1899 3637 2033 3690 bant
2057 3601 2435 3685 etfudaeorum
2493 3627 2779 3687 sequaces,
2823 3609 2913 3680 qui
2962 3612 3124 3673 caput
3159 3607 3402 3654 nostrum
3431 3601 3488 3646 et

1901 3721 2229 3796 principium
2277 3711 2626 3771 mordacibus
2683 3703 2864 3760 verbis
2917 3700 3323 3770 persequentes,
3377 3685 3488 3739 vini

1904 3824 2207 3887 potatorem
2238 3819 2295 3865 et
2319 3803 2584 3861 daemonio
2607 3799 2850 3872 plenum,
2882 3791 3024 3862 quod
3049 3787 3200 3843 nefas
3220 3795 3303 3839 est
3326 3781 3490 3836 etiam

1907 3903 2202 3968 recordari,
2231 3913 2448 3969 semper
2487 3890 2853 3951 inclamabant
2893 3914 2965 3926 -——
2991 3882 3210 3943 borum,
3248 3877 3490 3942 inquam,

1907 3999 2112 4060 similes
2134 4011 2355 4053 servum
2387 3991 2481 4048 Dei
2511 3998 2566 4044 ct
2599 3980 3042 4041 honestissimum
3075 3970 3268 4030 summi
3299 3963 3495 4035 capitis

1908 4093 2214 4150 membrum
2261 4085 2387 4154 quia
2420 4083 2487 4138 ad
2529 4092 2758 4150 quaeque
2791 4067 3027 4129 convitia
3055 4066 3121 4120 ad
3152 4057 3495 4117 irascendum

1910 4203 2020 4242 non
2068 4150 2345 4240 insanibat
2370 4177 2416 4210 ’⁵³
2459 4216 2474 4243 ,
2504 4173 2757 4228 hebetem
2803 4175 2858 4221 et
2905 4158 3187 4217 vecordem
3225 4150 3494 4208 dicebant.

1912 4280 2013 4337 llic
2047 4286 2229 4333 autem
2261 4241 2537 4328 beatuset
2567 4265 2633 4320 ad
2661 4261 2765 4318 sibi
2799 4258 2978 4315 illatas
3023 4249 3247 4320 injurias
3284 4241 3498 4312 patiens

1911 4391 2034 4431 esse
2096 4369 2377 4430 didicerat,
2429 4371 2486 4418 et
2553 4357 2891 4416 subditorum
2944 4339 3348 4402 kalamitatibus
3421 4331 3502 4386 sic

2396 4453 2706 4516 festinabat,
2755 4456 2816 4503 ut
2847 4456 3031 4500 rerum
3075 4431 3500 4506 oportunitatem

1917 4513 2120 4536 ηυγ--
2693 4513 2702 4516 ,
3443 4513 3446 4516 ⁴

1916 4554 2258 4632 praestolans,
2299 4549 2552 4606 omnibus
2579 4542 2760 4599 omnia
2809 4538 3008 4599 factus,
3042 4528 3244 4587 sanctis
3287 4536 3504 4610 semper

1921 4606 2134 4632 I""""‘
2175 4606 2186 4608 ί
2221 4606 2258 4617 ίι
3444 4606 3448 4610 ,

1921 4649 2196 4712 subditus,
2255 4658 2383 4712 erga
2437 4639 2609 4695 malos
2639 4647 2699 4691 ut
2737 4634 3185 4690 converterentur
3227 4617 3293 4671 ad
3331 4613 3504 4704 cor-ri.

1917 4741 2152 4818 gendum
2201 4747 2257 4793 et
2315 4732 2674 4792 exortandum
2721 4723 2938 4782 assidue
2981 4720 3334 4792 praeparatus,
3399 4705 3508 4758 fre-

1925 4849 2158 4910 quenter
2204 4847 2299 4888 sua
2349 4829 2684 4901 benignitate
2723 4823 2932 4876 fructus
2963 4812 3064 4868 sibi
3109 4822 3176 4861 ex
3217 4814 3508 4884 pravorum

1928 4932 2284 4992 conversione
2313 4925 2659 4997 adquirebat,
2685 4929 2739 4978 et
2765 4916 2976 4970 lucrum
3023 4919 3088 4960 ex
3128 4895 3357 4970 pecunia
3406 4891 3512 4968 sibi

2835 5167 2879 5196 II
2916 5126 3004 5196 an;
3052 5160 3071 5196 Ι
3127 5156 3161 5195 9
3210 5154 3260 5196 K,
3345 5155 3388 5186 ³³
3414 5149 3518 5196 eo}!

2211 5185 2243 5196 Α
2345 5180 2384 5196 ιιι
2439 5193 2472 5195 _.
2536 5193 2555 5195 α
2600 5174 2726 5196 .1⁸-Ι
