3984 5316
507 317 676 375 ’1563

1571 323 2033 383 CONSTANTINI
2062 325 2120 382 s.
2150 323 2622 382 svupnomm
2646 303 2932 382 annuis

3666 322 3782 380 1564

533 438 740 494 credita
772 435 968 494 fecisse
999 436 1231 494 mullum
1262 437 1550 510 gaudebat.
1589 439 1953 499 Exortabatur
1978 458 2114 513 quos
2142 445 2187 504 Α
2215 442 2427 499 cientiae
2459 456 2556 513 pro
2596 440 2752 496 nobis
2793 438 3036 511 perferre
3080 436 3349 508 dignatus,
3395 433 3664 508 patientes
3698 452 3782 495 nos

533 531 772 586 exortari
804 529 1002 586 debere
1049 531 1283 597 videbat,
1329 532 1645 603 increpabat
1672 535 1835 589 duros
1865 545 1919 590 et
1961 536 2122 605 perfi-

519 610 654 687 ‘dos,
683 623 1006 678 obsecrabat
1055 623 1171 693 pios
1218 632 1272 679 et
1320 623 1584 696 benignos
1626 625 1692 679 ad
1725 625 1945 680 meliora
1984 642 2121 680 con-

532 712 831 779 scendere;
878 729 1016 784 quos
1046 729 1176 769 vero
1225 715 1421 769 mentis
1476 716 1670 770 duritia
1724 717 2122 786 incorrigibiles

533 802 822 870 efficiebat,
861 806 962 860 hos
987 805 1170 877 gladio
1191 814 1246 860 et
1275 807 1444 861 armis
1466 807 1660 862 divinae
1690 809 2120 865 animadversio-

534 895 620 950 nis
651 895 878 964 telisque
903 897 1240 966 spiritalibus
1277 898 1530 967 persequi
1558 898 1646 952 diu
1681 913 1781 969 per
1800 899 2120 968 patientiam

533 994 871 1054 expectatos,
929 985 1137 1057 legibus
1189 987 1356 1041 etiam
1411 987 1747 1054 adjndicatos
1806 989 2118 1043 festinabat.

515 1078 845 1149 'Aiiquando
897 1094 984 1134 res
1054 1095 1242 1134 eorum
1293 1089 1349 1132 et
1425 1079 1711 1135 facultates
1767 1081 2119 1152 depopulans,

535 1171 827 1244 aliquando
877 1183 1056 1229 castra
1108 1189 1296 1228 eorum
1347 1174 1670 1229 subvertens
1718 1184 1774 1228 et
1811 1184 1953 1229 terre
1982 1191 2123 1231 cote-

537 1283 735 1337 quans,
765 1269 891 1338 quia
941 1269 1053 1323 haac
1079 1268 1475 1324 mcclesiastica:
1529 1267 1745 1322 familia:
1772 1267 1816 1299 δ”
1856 1268 2017 1322 nimis
2040 1269 2122 1323 vi-

536 1361 655 1414 cina
682 1360 746 1426 ⁵³,
777 1361 1032 1431 quicquid
1063 1361 1290 1432 praedari
1325 1370 1576 1432 poterant
1598 1361 1683 1416 bis
1709 1361 2034 1425 inferebant,
2067 1371 2125 1417 ct

537 1453 856 1508 continuum
905 1469 1203 1524 pauperum
1255 1455 1549 1509 clamorem
1591 1455 1657 1507 ad
1703 1469 1862 1507 aures
1894 1453 2122 1524 piissimi

537 1543 808 1614 pontificis
859 1546 1142 1613 pervenire
1191 1544 1486 1600 faciebant.
1517 1545 1847 1600 Alteriacum
1892 1562 2124 1617 namque

539 1634 820 1689 Teodcrici
846 1634 1198 1690 infelicissimi
1222 1645 1484 1702 castrum,
1515 1635 1981 1692 LautfriJi-curtis
2009 1638 2122 1712 (ἓὸ)

539 1725 702 1778 etiam
734 1725 933 1779 dictam
961 1734 1188 1792 turrem,
1221 1727 1304 1781 cui
1342 1727 1655 1782 Everelmus
1683 1727 1727 1758 “
1771 1729 2126 1798 pravissimus

2221 549 2342 589 esse
2373 549 2478 589 non
2511 533 2670 589 modo
2695 533 2874 588 verbis
2900 547 3084 588 verum
3141 528 3403 600 exemplis
3448 529 3646 585 suasit.
3673 529 3785 596 Qua:

2222 634 2278 680 et
2312 625 2402 681 hic
2431 625 2621 680 beatus
2652 626 2731 680 sic
2770 623 2944 694 sequi,
2975 623 3055 679 sic
3088 621 3288 678 imitari
3315 621 3549 688 studuit,
3581 629 3638 674 ut
3663 618 3785 688 inju-

2222 719 2330 774 rias
2347 718 2447 774 sibi
2477 735 2506 772 a
2533 732 2876 788 quocumque
2895 718 3055 771 etiam
3089 714 3272 770 infimo
3303 714 3486 769 illatas
3515 726 3787 783 numquam

2222 810 2530 876 vindicarit,
2571 824 2863 880 numquam
2894 809 3035 862 ultus
3067 807 3254 872 fuerit,
3279 806 3374 863 sed
3403 806 3569 861 ﬁrmo
3595 813 3790 876 pectore
3835 844 3842 879 -ί

2224 900 2479 972 praecepti
2515 900 2781 955 Dominici
2813 909 3073 954 executor
3095 899 3162 964 '°,
3201 915 3307 969 quo
3338 899 3565 953 beatum
3595 897 3790 952 Petrum

2223 993 2554 1048 instruxerat
2590 1010 2602 1046 :
2639 991 2762 1046 Non
2785 991 2899 1045 dico
2915 991 3029 1056 tibi,
3064 991 3243 1057 Petra,
3271 990 3579 1044 dimittendi
3603 990 3790 1058 septies,

2223 1085 2313 1139 sed
2344 1101 2503 1156 usque
2534 1084 2821 1154 septuagies
2849 1083 3033 1152 septies
3080 1081 3294 1154 (Matth.
3327 1097 3485 1146 xvm,
3516 1079 3638 1150 ἓξ),
3661 1080 3794 1150 quis,

2223 1174 2353 1246 quid
2418 1176 2472 1230 in
2521 1190 2579 1229 se
2639 1189 2894 1243 umquam
2953 1172 3148 1242 aliquis
3203 1171 3524 1242 delinquere
3580 1179 3792 1241 poterat,

2224 1265 2624 1334 pacientissime
2674 1264 2954 1333 ignoscere
2999 1272 3232 1333 poterat,
3265 1271 3319 1317 et
3354 1261 3676 1330 injuriarum
3705 1261 3793 1322 im-

2225 1373 2454 1423 memor,
2485 1357 2655 1426 magis
2684 1355 2942 1412 beneficia
2976 1372 3073 1426 pro
3118 1357 3272 1411 malis
3319 1371 3484 1426 quam
3519 1355 3794 1410 vinlictam

2228 1446 2691 1516 recompensabat.
2727 1446 2966 1516 Rapinas
3015 1461 3144 1501 vero
3179 1444 3557 1500 ecclesiarum
3609 1454 3662 1498 et
3697 1459 3794 1513 qua

2226 1537 2352 1593 filiis
2374 1535 2631 1593 :ecclesire
2662 1536 3060 1602 inferebantur,
3089 1537 3178 1590 diu
3217 1535 3437 1605 quidem
3478 1549 3584 1602 per
3612 1533 3798 1604 patien-

2227 1630 2356 1684 tiam
2390 1629 2687 1691 sustinens,
2711 1625 2822 1696 jam
2854 1626 3069 1682 tandem
3094 1625 3179 1680 vel
3203 1625 3470 1680 malorum
3494 1625 3797 1678 enormitate

2227 1723 2309 1776 vel
2340 1736 2636 1792 pauperum
2668 1720 2850 1775 nimiis
2877 1719 3216 1788 assiduisque
3263 1717 3607 1773 clamoribus
3656 1717 3798 1768 tedia-

543 1817 844 1878 insidebat.
875 1828 932 1874 et
979 1817 1346 1888 Vendoperam
1398 1818 1507 1891 (26)
1556 1793 1787 1874 Beraldi-
1817 1821 2030 1875 comitis
2072 1821 2123 1874 in
2156 1793 2200 1853 Β
2232 1821 2334 1874 lus.
2367 1811 2492 1882 quia
2522 1811 2572 1864 id
2605 1825 2836 1865 censura
2871 1807 3030 1864 ofﬁcii
3058 1807 3360 1878 expetebat,
3392 1817 3447 1862 et
3492 1807 3548 1860 id
3584 1804 3798 1859 Domini-

541 1910 992 1968 Calvomontcnse
1021 1927 1155 1982 pago
1178 1913 1362 1976 situm,
1395 1913 1748 1967 subversione
1789 1913 2122 1981 dampnavit.

541 1999 765 2056 Noverit
794 2017 924 2056 sane
947 2002 1190 2072 quisquis
1218 2001 1334 2056 haec
1378 2002 1589 2073 legerit,
1619 2003 1845 2072 injurias
1873 2004 1974 2057 sibi
2006 2018 2128 2072 spe-

545 2090 750 2148 :Talitcr
779 2090 952 2146 illatas
981 2107 1270 2161 numquam
1295 2091 1622 2156 vindicasse,
1669 2092 1760 2146 sed
1791 2107 1887 2162 pro
1909 2091 2126 2147 Christo

542 2189 598 2237 et
635 2196 734 2251 pro
764 2182 896 2236 tanti
944 2182 1177 2236 nominis
1235 2197 1422 2237 amore
1481 2183 1636 2252 equis
1685 2182 1880 2237 animis
1931 2191 2126 2237 cuncta

543 2273 842 2340 tollerasse,
873 2284 929 2330 et
955 2290 1050 2344 per
1092 2275 1369 2346 patientia:
1407 2275 1659 2329 virtutem
1697 2275 1796 2330 sibi
1833 2276 2126 2347 ingenitam

545 2366 759 2421 Domini
809 2367 892 2422 sui
938 2367 1267 2422 imitatorem
1329 2367 1592 2433 extitisse,
1655 2368 1767 2434 qui,
1822 2375 1879 2421 ut
1939 2369 2129 2423 beatus

543 2459 818 2527 apostolus
872 2459 1020 2524 dicit,
1075 2477 1193 2513 cum
1231 2469 1497 2530 pateretur
1544 2476 1648 2514 non
1685 2461 2126 2527 comminabatur,

542 2567 660 2604 cum
692 2551 1086 2605 malediceretur
1114 2567 1217 2605 non
1255 2551 1594 2606 maledicebat
1625 2550 1674 2622 (Ι
1724 2550 1868 2606 Petr.
1919 2569 1979 2615 tt,
2011 2552 2126 2622 23).

542 2641 972 2708 liecordabatur,
1002 2643 1126 2713 quia
1161 2643 1390 2698 traditus
1429 2643 1571 2698 idem
1616 2643 1875 2699 Dominus
1912 2659 2128 2699 omnem

541 2740 860 2809 patientiam
889 2737 1152 2793 exhibuit.
1204 2736 1321 2792 Non
1366 2737 1667 2802 contendit,
1702 2752 1807 2791 non
1855 2737 2128 2801 clamavit,

545 2847 648 2886 nec
691 2831 742 2885 in
782 2830 974 2901 plateis
1005 2831 1185 2884 audita
1235 2838 1319 2886 est
1365 2844 1466 2884 vox
1513 2829 1654 2901 ejus.
1701 2829 2130 2893 Recordabatur,

459 2957 468 2970 .
544 2920 674 2992 quia
710 2920 1079 2974 insultantium
1112 2919 1200 2975 ille
1226 2930 1385 2991 sputa
1434 2921 1687 2991 suscepit,
1719 2921 1809 2990 qui
1841 2930 1999 2990 sputo
2034 2937 2132 2977 suo

544 3013 730 3070 oculos
753 3015 866 3069 ceci
894 3014 1006 3068 nati
1040 3014 1252 3084 aperire
1294 3014 1546 3084 dignatus
1569 3023 1680 3080 est;
1730 3023 2022 3070 coronatus
2050 3023 2133 3070 est

544 3106 734 3176 spinis,
766 3106 856 3176 qui
888 3114 1102 3162 sanctos
1119 3107 1370 3163 martires
1387 3105 1608 3162 ﬂoribus
1634 3117 1859 3163 coronat
1881 3108 2122 3176 mternis;

543 3200 741 3272 palmis
771 3201 822 3254 in
856 3199 1040 3256 fatiem
1065 3216 1237 3256 cassus
1274 3209 1378 3268 est,
1426 3201 1519 3270 qui
1569 3215 1730 3256 veras
1780 3199 1990 3270 palmas
2022 3201 2134 3254 vin-

545 3292 798 3348 centibus
827 3292 1047 3358 tribuit;
1101 3293 1364 3364 spoliatus
1411 3302 1496 3349 est
1540 3293 1801 3359 vestibus,
1856 3294 1947 3363 qui
1984 3293 2136 3349 indu-

549 3394 735 3442 mento
777 3384 1194 3440 immortalitatis
1225 3395 1438 3442 ceteros
1477 3385 1669 3440 vestit°
1703 3384 2002 3454 ﬂagellatus
2030 3393 2134 3451 est,

551 3493 709 3546 cujus
738 3477 954 3532 nomine
976 3488 1148 3535 sancti
1195 3489 1250 3535 et
1293 3496 1435 3535 serv:
1461 3495 1577 3549 ejus
1603 3479 1872 3534 diabolum
1900 3489 1953 3535 et
1981 3495 2139 3551 auge-

552 3571 634 3626 los
663 3579 936 3641 apostatas
961 3570 1247 3642 flagellant.
1289 3571 1513 3628 Cibatus
1541 3581 1625 3627 est
1651 3569 1796 3636 felle,
1825 3571 1916 3641 qui
1941 3571 2136 3643 cybum

550 3662 803 3720 cclestem
828 3664 1070 3719 fidelibus
1096 3665 1243 3720 dedit
1269 3674 1322 3719 et
1354 3679 1567 3735 semper
1607 3663 1717 3728 dat,
1764 3673 1818 3719 et
1848 3665 1939 3735 qui
1980 3665 2138 3734 panis

550 3765 862 3811 sanctorqu
891 3765 975 3810 est
999 3757 1042 3788 "
1070 3741 1416 3827 angelorum.
1459 3757 1628 3811 Aceto
1669 3764 1884 3826 potatus
1913 3765 2017 3822 est,
2049 3756 2140 3826 qui

553 3848 774 3904 salutari
800 3849 989 3920 poculo
1016 3849 1138 3904 fidei
1162 3849 1472 3905 cbriStianis
1495 3849 1693 3904 cotidie
1738 3849 2009 3920 propinat.
2053 3850 2143 3905 Ille

549 3938 839 4006 innocens,
871 3941 958 3995 ille
1000 3939 1204 4010 justus,
1249 3941 1416 3995 immo
1462 3941 1774 3996 innocentia
1811 3941 1924 4013 ipse
1948 3951 2004 3997 et
2030 3946 2143 4012 ipse

549 4031 770 4106 justicia
827 4034 970 4088 inter
1013 4043 1329 4104 peccatores
1369 4041 1424 4089 et
1465 4033 1681 4102 iniquos
1735 4034 2048 4103 deputatur,
2089 4043 2146 4090 et

557 4128 881 4183 testimoniis
913 4109 1285 4185 falsis‘veritas
1321 4126 1608 4195 premitur,
1631 4125 2144 4196 judicaturjudica-

554 4227 733 4286 turus,
765 4231 820 4278 et
870 4221 963 4276 Dei
993 4222 1213 4276 verbum
1274 4219 1476 4290 Deique
1529 4235 1709 4274 sermo
1755 4221 1819 4273 ad
1867 4219 2141 4273 victimam

557 4322 746 4372 tacens
773 4314 1016 4380 ducitur;
1045 4314 1112 4369 ad
1137 4312 1384 4367 ultimum
1409 4321 1636 4367 mortem
1659 4311 1839 4367 crucis
1863 4312 2067 4381 patitur
2091 4317 2148 4366 et

557 4405 810 4468 moritur,
823 4406 912 4475 qui
929 4406 1093 4460 vitam
1107 4413 1329 4477 praestat
1342 4404 1562 4471 mundo,
1584 4405 1674 4475 qui
1692 4419 1981 4476 resurgens
1996 4418 2144 4472 spem

557 4496 974 4551 resurrectionis
1003 4495 1248 4552 fidelibus
1296 4497 1407 4564 dat,
1445 4505 1498 4552 et
1529 4497 1827 4552 ascendens
1859 4495 1912 4548 in
1942 4493 2139 4559 celum,

561 4587 690 4658 quia
712 4602 834 4643 cum
861 4601 926 4642 eo
951 4589 1228 4642 ascensuri
1273 4604 1478 4654 sumus,
1509 4589 1552 4642 si
1585 4587 1750 4658 capiti
1781 4597 1969 4641 nostro
1998 4600 2148 4641 com-

558 4679 706 4749 pacti
737 4686 791 4734 ct
813 4679 1161 4750 conglutinati
1213 4680 1370 4736 bonis
1396 4681 1651 4752 operibus
1680 4694 1726 4733 CI
1782 4677 1993 4732 actibus
2024 4692 2147 4730 san-

562 4771 703 4825 cti“
746 4771 1106 4840 inveniamur,
1159 4774 1399 4828 membra
1454 4771 1631 4828 effecti
1662 4770 1863 4826 Christi
1900 4767 2132 4833 Domini,

565 4861 658 4932 qui
718 4871 800 4918 est
858 4872 1015 4934 caput
1079 4864 1512 4935 principiumque
1565 4877 1670 4916 non
1719 4858 1891 4915 solum
1951 4856 2143 4922 nostri,

565 4969 598 4988 υ
615 4971 749 4988 “lum
775 4971 1010 4988 AnAn-non
1043 4967 1411 4988 Antoniu-uuluam

2228 1919 2348 1959 cum
2381 1912 2705 1972 praeceptqu
2757 1901 2873 1956 fieri
2905 1902 3145 1966 mandat,
3175 1900 3361 1957 dicens
3413 1894 3799 1967 corripieudum

2227 2012 2455 2067 pravum
2506 1995 2683 2066 primo
2735 1994 2849 2049 solo
2915 1995 3025 2049 Deo
3079 2002 3234 2056 teste,
3281 1991 3528 2046 secundo
3584 1987 3799 2043 adhiberi

2229 2102 2392 2140 unum
2425 2094 2516 2138 aut
2557 2085 2690 2140 duos
2719 2094 2901 2149 testes,
2937 2083 3094 2138 tertio
3143 2084 3336 2138 debere
3385 2081 3496 2136 dici
3545 2079 3797 2137 (ecclesia,

2229 2175 2480 2246 deinceps
2527 2175 2571 2231 si
2599 2175 2897 2230 mcclesiam
2949 2191 3055 2230 non
3089 2173 3341 2238 audierit,
3394 2171 3648 2241 deputari
3681 2168 3800 2223 inter

2229 2267 2474 2323 ethnicos
2518 2277 2572 2322 et
2629 2267 2944 2337 publicanos
2989 2265 3202 2338 (Matth.
3237 2280 3392 2332 xvtu,
3437 2263 3534 2328 15,
3576 2261 3690 2330 i7);
3733 2258 3802 2314 his

2228 2357 2480 2411 omnibus
2512 2357 2560 2410 ei
2606 2355 2698 2426 qui
2735 2355 3118 2424 incorrigihilis
3146 2355 3414 2410 existebat
3451 2353 3697 2417 cxibitis,
3721 2350 3802 2404 alio

2230 2447 2448 2516 quando
2501 2444 2712 2501 vinculo
2764 2445 3127 2499 anathematis
3169 2459 3291 2499 eum
3347 2444 3678 2514 astringere,
3726 2439 3801 2494 ali-

2230 2540 2447 2611 quando
2473 2553 2640 2608 prava
2671 2537 2790 2605 ejus
2837 2537 3110 2592 domicilia
3152 2536 3491 2599 subvertere,
3550 2532 3798 2587 multoties

2231 2633 2391 2688 rebus
2419 2629 2651 2702 prepriis
2685 2630 3020 2691 subvertere,
3061 2643 3168 2683 non
3200 2626 3496 2695 cupiditate
3527 2633 3697 2686 actus,
3722 2623 3797 2677 sed

2232 2739 2329 2796 pro
2358 2720 2696 2778 correctione
2727 2735 3016 2791 pravorum
3045 2729 3096 2774 et
3148 2718 3333 2788 requie
3358 2717 3402 2750 “
3451 2718 3718 2772 bonorum
3759 2713 3800 2768 id

2234 2830 2394 2887 agere
2416 2812 2741 2883 compulsus.
2797 2812 2932 2878 Quia
2988 2825 3115 2866 vero
3166 2813 3366 2881 pietate
3428 2809 3610 2879 magis
3661 2821 3797 2876 quam

2233 2904 2468 2960 avaricia
2493 2904 2608 2958 hate
2638 2901 2896 2965 faciebat,
2942 2917 3005 2956 ea
3037 2914 3124 2955 res
3154 2899 3352 2955 indicio
3372 2907 3521 2963 erat,
3580 2899 3700 2952 dum
3743 2896 3794 2949 ab

2235 2997 2415 3067 aliquo
2456 2996 2691 3067 maligno
2721 2995 2994 3065 quippiam
3045 2994 3162 3064 lege
3214 2993 3543 3062 accipiebat,
3583 2993 3691 3044 suis
3715 2990 3799 3043 usi-

2237 3089 2337 3144 bus
2386 3087 2581 3142 exinde
2633 3087 2764 3141 nihil
2820 3102 3074 3156 umquam
3130 3085 3358 3140 miscere
3388 3083 3583 3149 voluit,
3612 3082 3698 3136 sed
3723 3088 3797 3134 aut

2237 3183 2562 3256 pauperibus
2583 3196 2648 3236 ea
2680 3181 2862 3235 statim
2888 3180 3284 3246 distribuenda,
3315 3188 3409 3232 aut
3440 3175 3800 3233 restaurauda-

2236 3290 2358 3332 rum
2381 3273 2426 3305 "
2475 3271 2841 3328 aecclesiarum
2899 3273 3082 3328 usibus
3138 3271 3414 3344 largienda
3467 3267 3798 3343 dispertieba-

2237 3377 2349 3422 tur.

2307 3459 2398 3514 22.
2442 3458 2579 3513 Dum
2599 3456 2742 3512 enim
2763 3471 2826 3512 ea
2849 3471 2968 3527 quae
2989 3455 3091 3513 sibi
3121 3455 3203 3511 vel
3230 3470 3296 3510 ex
3325 3453 3498 3526 patris
3527 3453 3797 3520 matrisque

2239 3553 2566 3626 patrimonio
2610 3552 2656 3584 ⁸³
2704 3551 2786 3606 vel
2819 3565 2887 3606 ex
2920 3549 3228 3607 commissae
3265 3547 3526 3604 mcclesize
3558 3544 3798 3600 thesauris

2239 3654 2294 3702 et
2317 3645 2523 3716 magnis
2549 3641 2750 3698 divitiis
2786 3641 2911 3711 jure
2941 3641 3340 3711 competebant,
3370 3654 3477 3693 non
3522 3650 3796 3696 reservare,

2241 3754 2349 3794 non
2380 3752 2706 3809 congregare
2743 3751 3001 3805 umquam
3031 3735 3267 3798 volebat,
3324 3732 3418 3788 sed
3474 3731 3794 3801 pauperibus.

2241 3832 2438 3896 viduis,
2485 3830 2744 3900 orphanis
2795 3839 2852 3884 et
2883 3829 3150 3897 prwcipue
3203 3823 3502 3888 monachis,
3539 3823 3630 3890 qui
3666 3826 3796 3873 erant

2245 3940 2342 3980 sua
2390 3939 2540 3988 cura,
2586 3923 2677 3993 qui
2727 3934 2886 3977 erant
2924 3937 3055 3975 suus
3109 3934 3352 3974 summus
3404 3931 3581 3981 amor,
3633 3923 3794 3968 cuncta

2244 4019 2609 4088 impendebat,
2644 4024 2838 4070 cuncta
2877 4013 3227 4084 largiebatur,
3265 4010 3412 4066 credi
3450 4013 3532 4063 fas
3585 4022 3685 4062 non
3709 4012 3793 4066 est,

2245 4108 2389 4178 quod
2417 4109 2460 4162 is
2485 4107 2623 4161 bona
2677 4105 2924 4173 alicujus,
2972 4103 3133 4158 etiam
3166 4101 3371 4172 legibus
3401 4099 3686 4168 adquisita,
3713 4094 3792 4148 sibi

2247 4215 2464 4256 servare
2486 4199 2530 4231 “
2553 4207 2642 4253 aut
2669 4197 2956 4252 marsubiis
2981 4193 3380 4250 aecclesiasticis
3406 4191 3675 4246 includere
3693 4199 3794 4240 ςοιι·

2249 4293 2503 4362 cnpisset.
2541 4291 2678 4345 Vere
2723 4290 2934 4352 beatus,
2968 4303 3096 4343 vere
3125 4287 3206 4341 vir
3236 4287 3289 4341 in
3321 4299 3427 4354 quo
3470 4282 3623 4337 dolus
3649 4276 3792 4333 nulhzs

2247 4393 2385 4448 erat,
2418 4381 2622 4437 nullum
2647 4380 3101 4444 circumveniens,
3127 4378 3258 4432 nulli
3289 4376 3531 4431 fraudem
3567 4371 3789 4428 inferens,

2248 4476 2379 4544 quin
2408 4475 2588 4546 potius
2631 4489 2726 4530 sua
2760 4473 2991 4527 libenter
3032 4472 3372 4540 impertiens,
3425 4468 3480 4520 in
3531 4461 3790 4519 crastinum

2249 4577 2343 4623 aut
2371 4569 2512 4623 nulla
2567 4575 2661 4621 aut
2706 4581 2877 4636 pauca
2926 4563 3200 4628 retinens;
3254 4557 3533 4630 apostolici
3577 4546 3789 4625 pt'JL’CePli

2251 4662 2632 4717 devotissimus
2657 4669 2709 4715 et
2730 4661 3016 4715 continuus
3044 4666 3322 4719 executor,
3349 4654 3553 4707 habens
3566 4647 3791 4702 victumet

2254 4756 2537 4819 vestitum,
2566 4755 2651 4809 his
2682 4762 2969 4809 contentus
2999 4759 3116 4805 erat
3147 4767 3162 4803 :
3199 4746 3370 4812 Nihil,
3399 4745 3662 4814 inquiens,
3685 4737 3789 4788 istu-

2253 4852 2409 4906 limus
2436 4849 2488 4900 in
2515 4847 2653 4900 hunc
2693 4844 2970 4906 mundum,
3021 4857 3195 4897 rerum
3247 4856 3338 4893 nec
3383 4838 3591 4906 auferre
3627 4823 3788 4896 aliquid

2253 4956 2551 4988 possumus.
2587 4938 2718 4988 Erat
2744 4936 2791 4988 ei
2827 4933 3169 4988 humilitasin
3199 4930 3623 4987 conversatione,
3660 4917 3788 4975 stabi-
