3984 5316
112 346 137 399 ⁴Ι
153 346 269 400 563

1325 342 1479 398 \'lT.\
1521 341 1999 397 ADALBERONIS
2036 339 2091 394 ll.

2286 321 2311 332 α.

3274 341 3410 398 1536

109 458 342 528 juriam
402 459 583 516 facere
632 461 869 524 nescius,
919 461 1120 515 illatam
1160 461 1301 516 ferre
1340 461 1536 516 sciens.
1591 446 1725 512 Cum
1755 464 1802 517 Λ
1827 455 2032 524 justum
2065 455 2223 523 digna
2257 453 2414 507 laude
2441 464 2541 524 pro
2577 453 2760 508 divino
2791 453 2935 509 cultu
2978 436 3271 522 divinoque
3301 470 3416 510 ser-

117 551 406 608 fratribns
433 568 621 623 pacem
656 560 860 616 tenere,
892 551 1063 608 Deum
1114 562 1228 608 toto
1271 554 1435 608 corde
1480 552 1724 622 dligere,

121 658 334 698 amare
361 645 414 699 in
451 644 541 698 illo
567 644 708 714 quod
738 654 892 714 pater
916 655 1021 709 est,
1052 646 1241 700 limere
1269 648 1412 715 quod
1456 644 1594 698 Ders
1621 652 1726 707 est,

121 732 366 786 Christo
414 735 634 787 omnino
683 733 814 787 nihil
865 750 1205 803 praeponere,
1256 737 1381 804 quia
1427 751 1528 790 nec
1574 735 1730 789 nobis

122 823 437 892 quicquam
469 824 558 877 ille
588 825 898 894 prazposuit.
932 826 1160 881 Karitati
1196 827 1312 898 ejus
1359 827 1734 898 inseparabili-

125 923 220 966 ter
247 915 522 969 adherere
559 927 805 978 noverat,
834 918 978 971 cruri
1032 917 1147 985 ejus
1177 919 1386 972 fortiter
1417 935 1478 974 ac
1508 917 1734 971 fidenter

126 1004 464 1069 assistebat,
489 1007 617 1074 quia
664 1008 765 1060 hoc
790 1007 838 1038 "
884 1007 1142 1062 didicerat
1185 1006 1506 1062 coheredem
1532 1005 1731 1060 Christi

126 1098 414 1161 existere;
467 1097 570 1150 hoc
596 1112 717 1150 esse
746 1110 1074 1167 praacepzum
1109 1099 1198 1152 Dei
1232 1098 1427 1162 facere,
1482 1097 1583 1151 hoc
1612 1109 1734 1150 esse

127 1185 485 1240 voluntatem
512 1186 687 1242 Patris
715 1187 956 1258 implere.
989 1188 1118 1253 Quae
1141 1199 1322 1242 autem
1352 1190 1546 1252 dicam,
1573 1188 1656 1242 his
1687 1187 1734 1218 "

128 1276 228 1344 qui
265 1292 399 1330 enm
426 1279 666 1333 exterius
697 1289 960 1333 noverant
1015 1281 1352 1334 incredibilia
1402 1281 1542 1336 forte
1589 1281 1736 1335 vide-

135 1369 383 1431 buntur.
415 1369 540 1438 quia
589 1379 643 1424 et
688 1370 967 1424 nobilitate
1014 1373 1193 1426 carnis
1232 1380 1286 1426 et
1331 1381 1522 1426 natura
1573 1385 1733 1441 supra

132 1457 413 1514 mortales
439 1469 667 1514 cunctos
693 1468 843 1515 tener
873 1471 928 1515 et
957 1461 1218 1516 delicatus
1251 1471 1389 1524 erat,
1422 1471 1477 1516 et
1523 1463 1588 1516 ad
1617 1477 1736 1534 per-

133 1549 376 1604 ferenda
405 1552 450 1582 ⁸⁷
482 1567 602 1621 qua:
629 1557 762 1604 intra
793 1562 918 1606 sunt
948 1569 1172 1608 omnino
1208 1553 1512 1612 imbecillis.
1544 1555 1739 1609 Missas

133 1651 187 1695 et
215 1652 568 1698 sacramenta
599 1643 777 1698 divina
809 1645 926 1701 sine
955 1646 1132 1701 cilicio
1161 1662 1455 1714 numquam
1488 1647 1736 1701 celebra-

133 1734 241 1797 vit,
275 1747 480 1802 panem
513 1734 756 1790 coalestis
789 1737 1014 1790 misterii
1038 1737 1242 1792 intimis
1272 1738 1508 1793 lacrimis
1533 1740 1736 1792 itera-

1829 548 1960 601 vitio
1991 545 2275 610 extollant,
2302 545 2622 600 recollentes
2646 547 2903 614 scriptunt
2939 564 2952 599 :
2987 544 3174 600 Omnis
3213 546 3332 600 laus
3359 549 3416 601 in

1829 636 1933 704 ﬁne
1961 638 2290 699 deranmtnr,
2322 645 2376 691 et
2421 636 2732 705 Sapientem
2777 638 2979 692 dixisse
3029 649 3364 692 memoretur
3396 655 3410 692 :

1833 730 1916 784 Ne
1937 729 2118 783 laudes
2147 730 2403 789 hominem
2433 730 2487 782 in
2534 730 2636 782 vita
2663 747 2759 782 sua
2793 729 2982 798 (Eccli.
3012 746 3088 797 It,
3119 730 3230 800 30),
3283 745 3418 800 quo.

1832 822 1974 878 riam
2025 821 2240 889 qnifem
2297 822 2349 876 in
2396 821 2506 874 vita
2561 820 2662 876 hac
2710 821 2846 876 nihil
2895 822 3006 877 vrri
3051 832 3283 888 corstat,
3323 823 3419 878 sed

1832 923 2025 967 cuncta
2066 914 2340 966 mendatio
2371 913 2552 982 plena,
2593 925 2790 968 cuncta
2828 915 3055 979 caduca,
3100 931 3201 970 nec
3243 923 3422 985 potest

1834 1021 1954 1060 esse
1981 1014 2128 1060 certa
2157 1005 2276 1059 laus
2316 1005 2408 1058 ubi
2438 1007 2562 1060 nnis
2608 1015 2794 1060 certus
2831 1021 2936 1060 non
2969 1015 3074 1071 est,
3110 1021 3232 1060 cum
3279 1009 3423 1076 quis-

1839 1111 1943 1167 que
1964 1098 2155 1150 beatus
2192 1095 2364 1150 beate
2390 1097 2515 1150 vita:
2545 1097 2826 1163 inseritur,
2871 1106 2926 1152 et
2971 1098 3020 1152 ei
3052 1097 3420 1169 conjungitur,

1836 1191 1926 1260 qui
1952 1199 2033 1244 est
2056 1191 2167 1253 via,
2205 1189 2408 1242 veritas
2438 1197 2493 1243 et
2516 1190 2657 1253 vita;
2693 1200 2804 1243 tum
2838 1206 2965 1244 vere
3005 1190 3271 1252 laudatur.
3309 1199 3421 1244 tum

1835 1296 1962 1336 vere
1995 1281 2046 1334 in
2083 1281 2342 1335 memoria
2375 1281 2420 1312 ⁸ο
2452 1282 2730 1336 hominum
2786 1283 3034 1346 vertitur,
3063 1283 3190 1352 quia
3221 1282 3338 1337 laus
3368 1290 3423 1336 et

1837 1389 1941 1444 pax
1969 1381 2022 1426 et
2075 1372 2327 1441 gaudium
2360 1381 2415 1426 et
2446 1373 2618 1426 honor
2665 1373 2906 1428 omnium
2953 1383 3266 1428 sanctorum
3316 1381 3422 1436 est,

1839 1479 1998 1535 quem
2029 1463 2251 1518 laudare
2273 1473 2327 1518 et
2370 1462 2695 1520 benedicere
2743 1464 2830 1518 hic
2856 1465 3088 1534 quisque
3131 1464 3424 1534 incipiens,

1837 1558 1979 1612 Leno
2009 1556 2112 1610 fine
2139 1565 2494 1610 consumatur
2533 1555 2598 1620 ⁸³,
2651 1556 2884 1625 hincque
2919 1555 3211 1618 transiens,
3259 1571 3422 1623 quem

1838 1664 1965 1702 vere
1988 1649 2130 1701 videt
2155 1647 2294 1703 facie
2323 1647 2389 1701 ad
2421 1645 2635 1713 faciem,
2668 1646 2997 1702 vere-laudat
3029 1656 3084 1701 et
3113 1662 3238 1703 vere
3263 1646 3428 1702 bene-

1841 1739 1996 1794 dicit.

137 1823 261 1888 bat,
292 1835 483 1893 potum
514 1825 695 1880 itidem
746 1828 986 1880 divinum
1035 1844 1156 1882 eum
1205 1826 1333 1882 ﬂetu
1363 1844 1577 1896 semper
1606 1842 1742 1884 tem-
1777 1812 1817 1866 Β
1913 1831 2004 1884 25.
2048 1830 2302 1899 Episcopi
2349 1831 2430 1884 sui
2479 1832 2736 1901 temporis
2767 1831 2940 1898 aliqui
2960 1833 3100 1886 fastu
3137 1831 3425 1902 superbiae,

137 1916 404 1986 perabat.
420 1918 638 1986 Vigilias
663 1918 854 1972 natalis
879 1920 1138 1974 Dominici
1163 1932 1216 1975 et
1240 1932 1439 1976 sancta:
1461 1921 1506 1952 ⁸⁸
1528 1923 1742 1990 pascha:

139 2006 440 2076 sanctique
471 2017 807 2077 pentecostes
829 2019 883 2063 et
911 2011 1154 2065 omnium
1183 2021 1493 2066 sanctorum
1525 2021 1742 2081 aposto-

140 2092 322 2148 lorum
373 2105 434 2149 et
463 2097 854 2165 pratcipttorum
904 2109 1202 2170 martyrum
1241 2101 1357 2156 sine
1409 2101 1589 2172 aliquo
1620 2101 1742 2156 cibo

143 2200 375 2254 semper
413 2187 767 2256 transigebat,
792 2197 846 2242 et
869 2189 920 2242 in
949 2191 1161 2245 occulto
1186 2192 1436 2246 cubiculo
1457 2193 1742 2247 conscien-

142 2275 232 2327 tizc
263 2283 321 2329 et
347 2276 541 2330 cordis
566 2277 731 2330 Deum
764 2294 997 2334 emrans
1028 2279 1280 2336 faciebat.
1311 2281 1743 2354 Quadragesimze

141 2361 262 2416 dies
292 2376 420 2416 sme
454 2366 758 2430 monachis,
811 2368 852 2421 si
905 2368 957 2422 in
1003 2371 1172 2439 patria
1207 2372 1475 2426 demorari
1508 2381 1740 2442 poterat,

145 2467 453 2522 numquam
507 2456 849 2525 celebrabat;
890 2462 1030 2528 quod
1073 2463 1341 2532 praecipue
1385 2467 1524 2535 apud
1555 2465 1744 2536 Gurgi-

148 2551 338 2598 tcnses
361 2544 547 2601 facere
577 2561 956 2616 consueverat,
985 2553 1110 2621 quia
1143 2554 1294 2608 locus
1329 2556 1465 2610 idem
1497 2565 1551 2610 et
1577 2572 1745 2611 sacra:

148 2638 436 2710 religionis
463 2642 803 2698 districtione
833 2645 1060 2714 insignis
1082 2657 1137 2700 et
1164 2648 1368 2702 divitiis
1392 2649 1662 2718 epulentis
1690 2659 1746 2703 et

147 2733 257 2786 situ
288 2735 718 2804 animnitateqne
750 2737 1115 2804 gratissimus,
1171 2740 1237 2792 ad
1293 2741 1504 2794 divinos
1537 2755 1664 2794 usus
1692 2747 1747 2792 et

150 2821 217 2874 ad
251 2822 500 2876 divinum
531 2825 814 2878 servitium
864 2826 1254 2894 perliciendum
1287 2829 1552 2897 placidntn
1597 2829 1745 2899 quie-

151 2923 381 2983 tumque
405 2915 576 2968 otium
609 2913 919 2971 exhibebat.
952 2915 1084 2970 Nam
1132 2919 1340 2974 duabus
1389 2921 1747 2988 quadragesi-

152 3005 258 3058 mis
289 3006 398 3059 iter
446 3005 750 3062 Romanum
798 3025 895 3079 pro
925 3010 1038 3066 solo
1082 3012 1178 3065 Dei
1223 3027 1410 3067 amore
1461 3013 1747 3070 celebrans

152 3097 398 3163 iteravit,
466 3109 522 3154 et
585 3113 968 3157 sacrosanctos
1023 3103 1389 3172 apostolorum
1457 3109 1747 3159 memorias

152 3186 461 3258 liminaque
507 3192 844 3247 orationibus
891 3202 944 3246 ct
985 3196 1301 3250 muneribus
1349 3197 1652 3251 honoravit.
1689 3196 1746 3251 Si

152 3283 277 3349 quis
318 3291 508 3337 autem
551 3285 618 3338 ad
667 3284 994 3339 credendum
1057 3287 1263 3349 tardus,
1309 3289 1527 3343 beatum
1578 3291 1748 3344 virum

155 3383 337 3428 emero
365 3391 526 3429 nsum
564 3376 867 3446 refragatus
899 3377 1062 3432 fuerit
1104 3389 1199 3434 aut
1228 3383 1530 3450 negaverit,
1561 3384 1626 3435 ad
1656 3399 1752 3437 nos

157 3468 371 3532 veniat,
399 3478 461 3522 et
482 3469 598 3524 viso
624 3485 731 3539 quo
757 3474 1011 3527 utebatur
1039 3474 1240 3536 cilicio,
1264 3485 1318 3529 et
1345 3479 1610 3532 staminea
1637 3479 1750 3548 (ἳῖ)

154 3558 314 3616 lanea
358 3576 470 3630 qua
495 3563 640 3615 omni
670 3565 1084 3635 quadragesima
1121 3568 1462 3632 induebatur,
1496 3587 1614 3639 quae
1655 3588 1752 3625 nos

158 3650 227 3703 ab
257 3651 345 3704 his
389 3652 484 3721 qui
533 3663 867 3709 secretorum
904 3657 1092 3712 intime
1120 3663 1319 3713 conscii
1346 3672 1520 3723 erant,
1553 3679 1671 3730 qua:
1698 3672 1752 3715 et

155 3758 260 3796 nos
286 3758 391 3812 pro
416 3745 629 3814 magnis
653 3747 922 3800 thesauris
951 3749 996 3778 ⁸⁸
1025 3749 1416 3818 adquisivimus
1459 3760 1513 3804 et
1561 3767 1749 3805 serva-

158 3850 307 3900 mus,
357 3837 489 3906 quia
549 3839 659 3893 Deo
711 3839 840 3893 nihil
888 3851 973 3894 est
1019 3842 1368 3909 impossibile;
1411 3847 1550 3913 quod
1581 3845 1755 3899 oculis

157 3943 389 3984 cernere
417 3937 524 3996 est,
572 3930 878 3985 credulitati
912 3947 1007 3986 cur
1031 3932 1186 3988 ﬁdele
1218 3949 1438 3990 necesse
1476 3944 1559 3990 est
1586 3936 1752 3990 comi-

157 4027 324 4076 tctur.

229 4111 323 4166 25.
367 4112 414 4169 Ο
444 4130 604 4184 quam
642 4115 814 4170 facilis
863 4118 1041 4173 aditus
1099 4120 1165 4172 ad
1211 4119 1647 4190 colloquendum,
1687 4122 1754 4175 ad

159 4203 592 4268 convivandum,
651 4207 718 4259 ad
773 4221 985 4275 qucque
1038 4210 1321 4263 commoda
1368 4212 1755 4281 perquircnda,

162 4292 314 4344 omni
337 4291 542 4355 ordini,
567 4295 710 4347 omni
739 4295 906 4358 :etati,
938 4297 1088 4350 omni
1128 4297 1474 4366 professioni,
1501 4303 1753 4370 pauperi,

163 4380 352 4446 debili,
409 4399 654 4453 persona:
706 4385 1003 4450 vilissimae,
1047 4385 1222 4455 justo,
1273 4392 1568 4458 peccaturi,
1627 4407 1756 4462 erga

1845 1927 2008 1996 aliqui
2055 1926 2404 1995 simplicitate
2454 1927 2658 1990 cordis,
2693 1926 2830 1980 lilios
2884 1926 3212 1981 sccularium
3251 1941 3430 1980 sacer-

1845 2019 2030 2072 donnn
2082 2019 2147 2069 ad
2176 2032 2363 2070 sacros
2409 2017 2626 2070 ordines
2655 2017 2943 2072 admittere
2973 2018 3426 2089 dedignabantur,

1846 2124 1945 2162 nec
1975 2109 2041 2160 ad
2081 2107 2396 2161 clericatum
2451 2123 2546 2160 eos
2587 2107 2826 2174 recipere
2858 2108 3130 2173 volentes;
3182 2108 3271 2162 hic
3302 2121 3431 2161 vero

1845 2201 2034 2254 beatus
2063 2200 2332 2254 neminem
2349 2200 2684 2269 despiciens,
2700 2200 2968 2254 neminem
2991 2216 3274 2270 spernens,
3308 2215 3432 2268 pas-

1846 2291 1946 2346 sim
1974 2300 2200 2344 cnnclos
2218 2291 2531 2359 recipiebat.
2558 2307 2728 2358 neque
2750 2305 3037 2360 personam
3062 2306 3235 2360 neque
3261 2305 3431 2361 genus

1845 2382 2053 2450 eligens
2083 2390 2172 2434 ant
2198 2380 2575 2450 pra‘jndicans,
2603 2382 2698 2435 sed
2729 2382 2779 2435 id
2809 2392 2988 2436 mente
3014 2381 3117 2436 fixa
3151 2382 3429 2436 retinens:

1849 2471 1986 2537 Quia
2017 2489 2118 2526 non
2152 2483 2226 2525 est
2248 2489 2589 2540 personarum
2634 2484 2875 2542 acceptor
2901 2472 3063 2538 Deus,
3093 2473 3184 2526 sed
3206 2474 3261 2526 in
3289 2471 3433 2526 οηιηὶ

1847 2575 1992 2632 gente
2019 2563 2109 2632 qui
2130 2563 2274 2616 timet
2311 2562 2476 2616 Deum
2521 2575 2566 2616 et
2600 2564 3158 2632 operalm'justicinm,
3189 2572 3432 2631 acceptus

1847 2665 1920 2709 est
1980 2654 2058 2707 illi
2117 2654 2256 2724 (Act.
2313 2670 2366 2720 ι,
2417 2654 2506 2720 54,
2548 2653 2660 2723 ⁸55).
2690 2653 2785 2709 Vix
2816 2655 2868 2708 in
2900 2655 3046 2708 onmi
3078 2665 3316 2724 tempore
3341 2653 3427 2708 sui

1847 2747 2192 2817 pontificatus
2231 2761 2404 2800 annus
2437 2747 2648 2800 transiit
2673 2747 2738 2813 τ’,
2780 2764 2886 2818 quo
2915 2746 3001 2802 vel
3032 2757 3158 2801 ante
3180 2747 3318 2799 diem
3337 2759 3435 2799 na-

1850 2846 1973 2900 talis
2007 2847 2271 2901 Dominici
2301 2846 2384 2901 vel
2417 2844 2856 2913 Quadragesinne
2888 2851 3128 2908 tempore
3151 2847 3355 2892 statuto
3388 2837 3434 2868 ⁸³

1849 2937 2149 3006 antiquitus
2174 2935 2501 3005 jejuniorum
2530 2935 2773 2994 sabbato,
2799 2931 3149 3002 presbiter-is,
3179 2928 3436 2982 diaconcs

1850 3037 1906 3081 et
1932 3028 2168 3096 reliquos
2195 3026 2566 3081 :ecclcsiastici
2599 3024 2740 3092 juris
2769 3023 3046 3076 ministros
3083 3035 3188 3074 non
3217 3017 3440 3072 ordina-

1775 3149 1819 3210 ρ
1855 3127 1954 3180 ret,
1987 3126 2042 3172 ct
2060 3131 2118 3171 se
2145 3132 2332 3172 eorum
2366 3117 2618 3186 precibus
2652 3114 2880 3169 subnixe
2913 3127 3018 3165 non
3042 3109 3430 3169 committeret,

1856 3210 1909 3263 in
1935 3217 2140 3263 tantum
2175 3217 2231 3262 ut
2262 3209 2601 3263 sacerdotum
2634 3209 2698 3260 ab
2742 3221 2807 3260 eo
2843 3206 3218 3260 ordinaturum
3249 3213 3441 3254 nume-

1858 3319 1951 3357 rus
1978 3303 2118 3355 ultra
2146 3302 2290 3356 mille
2318 3300 2428 3355 fere
2451 3301 2725 3370 procedat,
2750 3293 3440 3367 etreliquorumgraduum

1855 3395 2218 3449 numerositas
2244 3391 2632 3462 comprehendi
2663 3405 3002 3460 nequaquam
3033 3387 3226 3457 possit.
3251 3383 3443 3451 Qualis

1857 3486 2186 3556 frequentia,
2217 3485 2377 3556 quale
2409 3485 2502 3539 Dei
2539 3493 2591 3538 et
2633 3484 2875 3536 omnium
2909 3489 3223 3536 sanctorum
3256 3478 3444 3540 decus,

1856 3587 2056 3644 quanta
2087 3577 2267 3644 pepuli
2301 3576 2583 3644 toeiusquc
2635 3571 2765 3628 cleri
2797 3572 2999 3634 leticia,
3030 3568 3446 3638 quocienscum—

1856 3682 1962 3735 que
1985 3667 2177 3720 beatus
2212 3665 2452 3734 pontifex
2501 3666 2582 3718 vel
2614 3664 2809 3718 missas
2860 3660 3072 3731 publice
3097 3658 3328 3722 diccbat,
3358 3656 3446 3710 vel

1862 3758 2167 3826 aliquarum
2217 3773 2478 3811 novarum
2509 3755 2878 3810 mcelcsiarum
2924 3765 3118 3806 novam
3147 3749 3442 3804 dedicatio-

1857 3865 1980 3902 nem
1999 3851 2307 3908 exercebat.
2334 3850 2414 3902 vel
2431 3848 2841 3902 benedictiones
2857 3845 3158 3901 divinorum
3183 3843 3442 3915 graduum

1859 3939 2203 4008 aditnplebat,
2235 3940 2356 4009 quis
2383 3941 2581 4004 dicere,
2615 3939 2735 4008 quis
2760 3937 2936 3991 valeat
2981 3934 3278 3989 enarrare?
3325 3932 3446 4001 Ipso

1859 4039 2038 4082 autem
2063 4029 2130 4082 ad
2161 4039 2306 4082 tanta
2331 4027 2503 4082 ollicia
2537 4026 2839 4098 peragenda
2871 4026 2922 4079 in
2957 4024 3236 4079 hominum
3273 4022 3441 4076 facie-

1861 4121 1960 4175 bns
1990 4132 2042 4176 et
2067 4123 2118 4174 in
2153 4122 2388 4191 publico,
2417 4137 2549 4175 auro
2577 4119 2894 4186 cunctisque
2927 4116 3202 4186 pra‘ciosis
3227 4128 3444 4183 marga-

1862 4213 2000 4276 ritis,
2040 4213 2267 4283 genunis
2298 4222 2352 4267 et
2383 4211 2647 4282 lapidibus
2691 4206 3131 4264 circumamictus
3175 4221 3238 4258 ac
3281 4203 3446 4258 deco-

1861 4317 2036 4370 ratus,
2063 4305 2386 4360 intrinsecus
2417 4303 2742 4356 induebatur
2767 4299 2997 4359 occulte,
3043 4307 3100 4350 ut
3129 4312 3292 4366 supra
3314 4295 3446 4351 dixi-

1863 4415 2006 4463 mus,
2029 4399 2321 4452 durissimo
2345 4397 2754 4465 asperrimoque
2797 4391 2999 4453 cilicio,
3026 4388 3277 4443 videlicet
3306 4390 3447 4442 inte-

169 4471 397 4525 beatnm
453 4475 627 4528 virum
680 4491 893 4546 semper
933 4480 1078 4532 erat!
1131 4477 1270 4534 Nulli
1319 4482 1605 4551 praesentia
1646 4485 1764 4554 ejus
1796 4498 1840 4552 1)
1871 4491 2000 4544 riori
2039 4489 2239 4542 homini
2275 4488 2530 4542 interiora
2567 4495 2621 4541 ct
2661 4482 2964 4554 spirrtualia
2993 4481 3276 4542 exhibens,
3304 4488 3361 4531 ut
3392 4480 3445 4532 in

170 4563 385 4626 deerat,
432 4569 785 4622 secretarium
818 4568 935 4636 ejus
980 4571 1189 4625 cunctis
1228 4582 1442 4640 patens,
1480 4572 1624 4630 fores
1647 4576 1762 4645 ejus

171 4655 310 4708 nulli
338 4657 562 4723 clausm,
617 4662 854 4715 subsidia
887 4662 1003 4729 ejus
1051 4662 1304 4722 omnibus
1351 4667 1605 4735 aderant,
1647 4673 1765 4744 ejus

175 4743 335 4800 dulce
359 4750 646 4802 Consilium
680 4751 807 4806 nulli
839 4751 1048 4805 deerat.
1091 4754 1475 4810 Anniversaria
1523 4743 1764 4829 priorum

176 4838 494 4902 pontificum
525 4857 632 4909 quo
680 4852 918 4911 sumptu,
958 4858 1118 4912 quam
1167 4849 1378 4917 magnis
1429 4848 1764 4919 clemosinis,

180 4940 379 4992 quanta
405 4933 687 4988 devotione
719 4936 1080 4994 venerabatur
1109 4954 1174 4992 ac
1225 4941 1519 5008 recolebat,
1563 4964 1648 5003 me
1680 4957 1758 5000 ta.

177 5031 338 5076 conte
361 5023 416 5076 hi
446 5026 536 5094 qui
575 5027 629 5080 in
660 5029 838 5084 missis
859 5033 1101 5095 agendis,
1135 5030 1188 5083 in
1219 5033 1554 5104 pauperibus
1587 5055 1765 5098 rem-

184 5112 338 5158 anilis
384 5124 438 5158 et
496 5117 710 5158 miliatria
761 5117 970 5158 ninlnlic

1023 5123 1213 5158 Ilcihllc
1269 5132 1456 5158 οτηιιΙΛ
1521 5148 1626 5158 κ---

1861 4596 1926 4635 eo
1986 4587 2166 4650 posset
2217 4577 2463 4633 Christus
2509 4593 2604 4648 per
2658 4577 2818 4631 fidem
2863 4574 3130 4636 habitare,
3185 4569 3446 4630 exteriori

1861 4688 1991 4731 vero
2038 4688 2101 4727 ea
2143 4688 2264 4740 qua:
2302 4671 2369 4725 ad
2399 4671 2604 4725 cultum
2651 4678 2970 4724 consuetum
3012 4664 3284 4736 pertinent
3330 4661 3450 4714 sine

1864 4772 1990 4834 typo
2043 4761 2312 4830 superbiae
2353 4769 2407 4815 et
2446 4763 2564 4816 sine
2618 4759 2794 4815 inanis
2845 4757 3031 4827 gloria:
3068 4752 3303 4807 elatione
3329 4767 3452 4821 per-

1866 4854 2074 4909 ficiens.

1937 4946 2027 5002 25.
2068 4945 2288 5000 Tertius
2313 4942 2468 5008 Otto,
2500 4945 2653 5000 divus
2683 4943 2999 5011 imperator,
3026 4945 3199 5001 usque
3234 4931 3300 4986 ad
3331 4931 3458 4985 ulti-

1871 5055 1958 5096 ma
2013 5041 2127 5094 fere
2191 5048 2434 5105 tempora
2499 5033 2682 5092 domui
2727 5026 3084 5084 Adalberonis
3115 5021 3462 5077 Mettensium

1874 5132 2017 5158 1.“.2
2051 5129 2325 5158 .......:n..:..
2354 5123 2647 5158 :...........utt
2702 5129 2752 5158 at
2781 5118 2832 5158 in
2860 5118 3102 5158 annna
3129 5113 3260 5158 urbe.
3290 5121 3466 5158 lnlttttl
