3984 5316
588 198 727 274 iss-1

1635 193 2095 259 CONSTANTINI
2124 193 2163 249 S
2213 193 2681 254 εγιιΡιιοιιιΑ-Νι
2712 193 3002 251 ΑΒΒΑΊΊΞ

3711 192 3828 251 1568

592 323 759 381 regna
810 316 866 365 et
917 306 1111 379 patria:
1150 307 1590 387 devastabantur,
1618 320 1725 378 quo
1754 308 2242 377 vinsubsistercA
2271 306 2518 367 Mettensi
2545 307 2745 365 diocesi
2768 314 3119 375 monasteria,
3154 307 3316 364 ducat
3357 303 3670 371 memoriae,
3692 304 3832 365 inali-

592 412 687 456 ant
713 401 899 457 vivere
944 392 1095 472 ipsis
1122 386 1287 456 etiam
1336 395 1677 470 primatibus,
1714 398 2083 468 pontificibus,
2111 406 2168 452 et

591 491 886 561 majoribus
912 506 1203 563 regnorum
1234 490 1467 547 facultas
1498 505 1620 546 esse
1648 499 1849 560 posset.
1882 489 2048 560 Cujus
2077 504 2169 557 pe-

594 585 1020 639 riculosissimos
1072 583 1384 653 procinctus
1428 590 1482 637 et
1522 582 1827 638 miseranda
1856 582 2167 649 rapinarum

596 674 911 730 discrimina
940 674 1029 730 hic
1052 673 1244 729 beatus
1283 680 1335 728 et
1365 688 1579 744 semper
1604 673 1984 747 memorandus
2007 671 2171 726 Adal-

597 767 730 822 bero
752 767 872 822 data
896 760 1003 822 sibi
1024 783 1052 823 a
1082 758 1193 821 Deo
1218 766 1480 845 sapientia
1519 767 1748 845 datoque
1774 764 1939 835 animi
1961 765 2173 835 iugen’o

597 868 811 925 semper
829 864 883 910 et
909 856 1019 927 ipse
1043 855 1232 921 evasit,
1269 864 1321 912 et
1350 855 1715 911 commissam.
1727 855 1934 926 plebem
1963 854 2175 923 eripere

601 946 823 1000 maximi
876 946 1086 1013 habuit,
1126 947 1273 1015 dum,
1329 946 1821 1017 quantumcumque
1848 946 2116 1018 adjutorio
2143 962 2172 1001 a

604 1036 727 1093 filiis
749 1040 1005 1095 aecclcsize
1028 1050 1269 1110 accepto,
1293 1040 1519 1109 plurima
1542 1049 1721 1094 autem
1744 1048 1795 1095 et
1817 1055 1953 1110 pene
1981 1048 2176 1095 cuncta

602 1129 845 1199 pecunia:
889 1130 1438 1201 patrimoniorumque
1468 1145 1686 1185 suorum
1715 1130 2036 1185 redibitione
2067 1130 2180 1185 dis-

606 1228 800 1285 tracta,
854 1235 953 1291 per
981 1235 1170 1276 omnes
1214 1219 1328 1276 fere
1354 1210 1526 1275 annos
1558 1219 1681 1274 huic
1708 1219 1793 1274 vix
1828 1218 2182 1275 ferendoser-

605 1312 739 1366 vitio
763 1321 817 1366 et
845 1310 1271 1382 importabilibus
1292 1310 1530 1367 ferendis
1551 1310 1596 1344 “
1616 1310 1789 1365 xeniis
1808 1310 2181 1379 undecumque

609 1404 896 1475 compilata
942 1403 1308 1459 transmittere
1338 1402 1478 1475 (28);
1513 1402 1710 1475 justius
1741 1401 2017 1472 leviusque
2040 1401 2185 1472 indi-

612 1510 763 1557 caus,
808 1495 1018 1550 minora
1054 1496 1267 1551 tradere
1310 1503 1365 1551 et
1406 1510 1571 1564 pauca
1616 1494 1851 1559 mittere,
1879 1508 2040 1564 quam
2068 1493 2187 1563 ipsc

616 1585 881 1642 delicatus
926 1596 980 1641 et
1005 1586 1200 1643 nobilis
1223 1586 1551 1657 expeditioni
1598 1603 1717 1645 sese
1744 1590 2109 1651 committens,
2135 1593 2191 1640 et

2244 413 2376 468 ,quo
2405 413 2593 454 eorum
2649 401 2804 465 duos,
2833 399 2890 453 in
2920 396 3106 467 aliquo
3132 407 3241 455 tres
3270 399 3416 455 viros
3461 398 3644 469 patris
3669 396 3833 453 locoet

2269 492 2488 547 nomine
2516 500 2573 546 et
2605 492 2868 564 dignitate
2919 491 3275 563 promovisse,
3316 501 3376 546 ut
3411 499 3509 546 cst
3551 487 3835 545 indicioltic

2273 599 2429 640 sacer
2450 584 2620 650 locus,
2649 585 2737 640 cui
2772 585 2882 640 Deo
2916 593 3136 639 auctore
3165 583 3292 638 licet
3321 580 3696 653 indignissimi
3721 594 3835 648 pra-

2270 677 2530 740 sidemus.
2566 678 2694 732 dum
2732 677 3160 746 praecedentibus
3209 674 3418 729 duobus
3451 670 3671 728 sanctis
3696 679 3841 726 etve-

2276 768 2608 827 nerabilibus
2638 768 2905 838 patribus,
2956 767 3213 838 F-ingenio
3254 782 3320 822 ex
3353 761 3633 820 Hibernia
3653 793 3711 802 —
3737 777 3843 819 nam

2278 855 2449 911 Scotti
2483 864 2538 912 et
2563 857 2754 927 reliqui
2785 857 2959 913 sancti
2991 855 3261 927 peregrini
3287 867 3518 925 semper
3539 851 3647 906 sibi
3674 850 3845 907 dulcis

2277 947 2399 1002 simi
2438 947 2782 1022 habebantur
2825 978 2896 989 -—
2944 956 2999 1002 et
3027 948 3227 1003 domno
3252 945 3520 1001 Siriaudo
3565 956 3641 997 ex
3664 939 3846 997 Geni:

2280 1038 2468 1095 ferulis
2506 1039 2573 1095 ad
2621 1040 2913 1111 regendum
2955 1039 3185 1095 abducto
3236 1037 3371 1110 (29),
3418 1049 3564 1101 nos,
3616 1033 3709 1104 qui
3758 1033 3848 1090 hac

2281 1133 2593 1199 scribimus,
2623 1131 2999 1188 benedictione
3049 1130 3208 1200 hujus
3237 1130 3381 1185 beati
3407 1126 3697 1199 pontificis
3722 1127 3849 1182 tertio

2254 1223 2403 1281 .loco
2448 1224 2697 1296 regimini
2749 1224 3041 1279 succedere
3080 1221 3343 1293 compulsi
3394 1233 3621 1275 sumus.
3679 1217 3851 1272 Sancto

2286 1315 2526 1372 Trudoul
2563 1318 2722 1381 duos,
2764 1314 2965 1370 Sancto
2997 1312 3191 1368 Adelfo
3240 1313 3407 1377 duos,
3454 1310 3675 1367 Sancto
3717 1308 3851 1365 Felici

2287 1408 2473 1463 itidem
2499 1408 2655 1472 duos,
2673 1408 2874 1462 Sancto
2896 1405 3127 1460 Martino
3154 1404 3291 1459 ultra
3315 1402 3554 1458 ﬂuvium
3584 1401 3698 1471 (50)
3719 1400 3853 1465 duos;

2288 1516 2390 1556 nec
2441 1499 2652 1570 adjacet
2680 1508 2883 1554 sanctae
2918 1497 3036 1552 urbi
3095 1495 3520 1559 monasterium,
3553 1491 3852 1548 cuibenedi-

2295 1590 2493 1648 ctiouis
2540 1589 2769 1660 gratiam
2824 1588 2965 1643 datis
3004 1585 3251 1657 patribus
3281 1600 3387 1639 non
3438 1580 3760 1643 contulerit,
3785 1591 3855 1633 aut

618 1694 830 1749 queque
846 1679 1218 1735 arduaitinera
1235 1679 1571 1763 aggrediens,
1586 1680 1704 1751 plus
1726 1695 1835 1737 suae
1856 1681 1954 1736 via:
1980 1688 2193 1750 sumptu
2226 1657 2269 1716 Β
2300 1686 2463 1740 etiam
2494 1657 2577 1739 bis
2615 1691 2824 1751 terque,
2866 1680 3008 1734 viam
3038 1687 3247 1748 patrum
3280 1677 3372 1731 illo
3396 1672 3857 1745 ingrediente,boc

623 1786 784 1841 quam
812 1772 1007 1842 regalis
1038 1771 1329 1828 famulatus
1373 1776 1607 1843 expensa
1639 1781 1694 1829 et
1722 1774 1853 1829 nulli
1883 1773 2085 1831 indulta
2107 1790 2203 1845 pe-

624 1863 783 1918 cunia
807 1872 1189 1935 praegravaret.
1227 1863 1459 1919 Noverat
1485 1872 1541 1919 et
1577 1864 1806 1935 sapienti
1832 1864 2046 1936 ingenio
2068 1880 2204 1934 prae-

626 1955 881 2022 videbat,
939 1956 1193 2025 quoniam
1235 1957 1489 2026 quidem,
1536 1956 1663 2012 licet
1706 1965 1850 2012 esset
1901 1971 2099 2028 genere
2150 1965 2209 2013 et

629 2047 889 2118 sanguine
914 2046 1044 2102 nulli
1077 2046 1384 2100 mortalium
1427 2044 1671 2112 inferior,
1711 2045 1835 2101 licet
1866 2054 2068 2116 posset,
2099 2061 2207 2102 non

632 2136 828 2191 debere
865 2137 1117 2191 resistere
1145 2136 1189 2168 "
1213 2137 1490 2204 putestati,
1522 2137 1734 2191 dicente
1788 2136 2012 2192 Domino
2033 2152 2099 2192 ac
2122 2136 2211 2205 ju-

633 2226 796 2282 bente
822 2244 834 2280 :
864 2225 1082 2280 Reddite
1108 2225 1336 2280 Cesaris
1361 2224 1562 2281 Cwsari
1585 2223 1797 2295 (Matth.
1824 2241 1958 2286 xm,
1987 2226 2099 2288 2i),
2130 2226 2214 2289 vi—

637 2317 1041 2383 delicetCmsari
1064 2318 1617 2391 tributum,vectigal,
1633 2334 1879 2384 censum,
1901 2321 2010 2375 Deo
2034 2329 2213 2375 autem

637 2407 855 2478 pietatis
880 2416 1065 2485 opera,
1098 2409 1401 2464 orat'onum
1434 2412 1643 2480 munia,
1665 2409 2078 2467 elemosinarum
2104 2409 2218 2463 fru-

640 2508 808 2555 ctum.
857 2498 1072 2554 Sciebat
1109 2499 1154 2530 ⁶⁶
1186 2500 1485 2569 apostolum
1536 2502 1807 2572 imperare
1851 2517 1916 2558 ac
1947 2500 2215 2561 suadere:

645 2590 830 2646 Omnis
868 2592 1045 2646 anima
1099 2591 1443 2661 potestatibus
1486 2592 1881 2647 sublimioribus
1919 2591 2128 2646 subdita
2154 2591 2221 2645 sit

644 2681 821 2753 (Rom.
876 2699 996 2745 xm,
1049 2681 1102 2754 l)
1126 2700 1141 2749 ;
1193 2683 1395 2738 idcirco
1422 2683 1605 2740 utilius
1629 2684 1822 2738 anima:
1851 2698 1961 2738 sua:
1984 2682 2223 2738 subdito-

592 2765 597 2771 ’
644 2788 875 2842 rumque
904 2771 1019 2828 fore
1066 2774 1414 2842 prmvidebat,
1454 2790 1548 2829 sua
1581 2790 1741 2845 quant
1767 2790 1825 2829 sc
1848 2773 2221 2845 pessumdare,

647 2872 863 2919 terrena
912 2863 1217 2919 distrahere
1270 2880 1434 2934 quam
1492 2865 1824 2935 spiritualia,
1870 2863 2228 2934 meminitque

593 2958 605 2967 ”
650 2955 936 3011 Dominum
990 2954 1210 3021 dixisse,
1260 2955 1465 3011 homini
1493 2956 1627 3012 nihi’.
1662 2957 1943 3028 prodesse,
1976 2956 2021 3013 si
2055 2965 2225 3011 totum

650 3050 909 3103 mundum
963 3048 1224 3113 lucretur,
1273 3049 1467 3105 animm
1510 3064 1637 3105 vero
1685 3066 1796 3105 sua:
1846 3049 2228 3104 detrimentum

649 3139 892 3209 patiatur
919 3138 1135 3208 (Matth.
1165 3154 1278 3207 xvr,
1302 3139 1415 3210 26).
1448 3139 1638 3195 Anima
1665 3140 1807 3195 enim
1834 3140 2065 3208 perdita,
2094 3138 2233 3193 nihil

655 3230 809 3285 deest
856 3231 923 3285 ad
958 3230 1322 3300 perdendum;
1375 3230 1524 3286 salva
1558 3231 1759 3296 anima,
1802 3231 2014 3285 etiamsi
2040 3246 2236 3287 census

657 3318 893 3375 carnalis
938 3319 1192 3391 defuerit,
1246 3336 1354 3376 non
1411 3320 1637 3376 deerunt
1689 3320 1921 3387 divitim,
1967 3336 2102 3390 quas
2151 3319 2237 3374 fur

661 3410 906 3464 minuere
950 3424 1056 3464 non
1111 3411 1330 3480 poterit,
1373 3410 1515 3466 tinea
1563 3427 1667 3466 non
1698 3411 2038 3480 demolietur,
2070 3426 2239 3485 erugo

660 3515 767 3556 nou
816 3510 1113 3564 consumet,
1153 3510 1475 3573 egestasque
1519 3500 1632 3571 ejus
1660 3501 1925 3557 ditissima
1948 3501 2241 3572 locupleta-

663 3594 771 3658 bit;
805 3594 911 3649 erit
935 3594 1098 3649 etiam
1121 3602 1391 3665 tamquam
1423 3594 1556 3649 nihil
1581 3594 1807 3661 habens,
1832 3602 1888 3648 et
1913 3595 2094 3673 omnia
2122 3609 2245 3663 pos-

667 3686 872 3752 sidens,
922 3686 1135 3756 eritque
1187 3687 1238 3741 ei
1294 3687 1436 3742 Deus
1489 3687 1671 3742 omnia
1718 3686 1773 3742 in
1804 3686 2076 3753 omnibus,
2104 3686 2242 3740 utin

668 3779 924 3833 omnibus
945 3778 1322 3848 adimpleatur.

738 3869 831 3925 26.
857 3869 1167 3924 Mandatum
1199 3868 1536 3924 Dominicum
1567 3887 1581 3924 :
1610 3865 1787 3923 Gratis
1810 3868 2101 3939 accepistis,
2126 3885 2251 3939 gra-

627 3961 630 3964 ’
669 3964 735 4018 tis
764 3963 883 4017 date
906 3962 1116 4034 (Matth.
1145 3978 1201 4027 χ,
1225 3961 1304 4030 8),
1342 3960 1537 4031 przcsul
1564 3961 1886 4016 venerabilis
1916 3959 2252 4029 perfectissi-

673 4071 759 4113 me
804 4054 1103 4123 adimplens
1151 4063 1203 4109 et
1247 4055 1373 4108 dum
1422 4054 1557 4109 vixit
1602 4054 1881 4110 verissime
1919 4053 2249 4117 custodiens,

674 4162 969 4216 numquam
1007 4160 1104 4217 pro
1132 4144 1531 4201 mcclesiasticis
1574 4144 1786 4213 ciliciis,
1842 4134 2119 4216 nunquam
2152 4160 2253 4217 pro

623 4238 631 4243 ’
677 4240 995 4295 ordinandis
1022 4239 1103 4293 sui
1138 4238 1361 4294 claustri
1419 4239 1706 4306 ministris,
1743 4239 1940 4295 nedum
1969 4238 2254 4294 abbatibus

2276 1820 2277 1823 η
2302 1773 2646 1838 succedente,
2664 1772 2960 1841 repetierit.
2990 1767 3185 1839 praéter
3200 1766 3411 1822 felicem
3436 1765 3631 1820 locum
3654 1760 3855 1825 (lonia;

2305 1866 2518 1923 felicem
2543 1874 2721 1921 autem
2745 1879 2850 1918 non
2878 1862 3059 1917 minus
3088 1874 3155 1916 ex
3174 1874 3238 1916 eo
3263 1861 3353 1930 qui
3384 1858 3441 1913 in
3473 1856 3855 1929 praesentiarum

2308 1964 2502 2029 praeest
2533 1967 2589 2012 et
2614 1953 2953 2011 sanctissime
3007 1952 3430 2021 dulcissimeque
3466 1949 3856 2021 prodeannm

2309 2065 2375 2105 ex
2400 2049 2485 2104 his
2513 2044 2733 2116 quijam
2763 2044 2904 2099 beati
2935 2045 3001 2098 ad
3039 2041 3279 2097 caelestia
3340 2034 3857 2108 transmigrarent“,

2310 2155 2541 2212 quorum
2572 2137 2682 2193 vita
2710 2137 2896 2192 inclita
2919 2143 2973 2189 ct
2995 2134 3224 2206 gloriosa
3253 2133 3514 2203 proprios
3544 2129 3711 2185 libros
3735 2141 3859 2194 erpe-

2317 2241 2451 2296 tunt,
2485 2242 2540 2287 et
2576 2240 2725 2301 gesta
2754 2243 2881 2284 vere
2931 2226 3279 2282 memoranda
3310 2225 3487 2280 otium
3524 2222 3661 2278 satis
3684 2220 3858 2287 longum

2317 2323 2383 2377 ad
2410 2321 2752 2378 scribemlum
2783 2317 3081 2388 requirunt.
3126 2316 3202 2369 De
3226 2312 3388 2383 hujus
3425 2313 3536 2367 viri
3561 2308 3770 2366 multum
3789 2307 3857 2360 bo-

2318 2413 2544 2469 norandi
2599 2410 2768 2482 gestis
2818 2405 3217 2463 honestissimis
3259 2403 3326 2459 ad
3360 2401 3675 2473 augendum
3706 2403 3859 2450 nostra

2319 2506 2565 2561 materiae
2618 2504 2785 2558 decus
2823 2500 3053 2570 plurima
3092 2496 3377 2552 inserenda
3415 2494 3795 2565 iudicaremus,
3820 2496 3855 2539 et

2319 2613 2387 2652 ex
2416 2598 2626 2652 actibus
2654 2594 2771 2663 ejus
2796 2593 2931 2648 satis
2984 2588 3284 2661 magnificis
3329 2594 3675 2641 venustatem
3699 2580 3857 2652 pagina

2326 2690 2654 2753 indcrcmus,
2678 2686 2772 2741 sed
2801 2683 2926 2753 quia
2958 2680 3024 2735 ad
3076 2687 3261 2733 votum
3289 2677 3695 2744 utilitatemque
3714 2667 3855 2740 patri:

2328 2783 2372 2815 δ’
2399 2781 2576 2836 adhuc
2618 2778 2710 2834 Dei
2735 2775 2908 2847 gratia
2935 2780 3202 2844 superest,
3246 2768 3582 2826 adulationis
3610 2774 3726 2821 nota
3756 2758 3854 2816 inuri

2329 2874 2599 2935 timentes,
2623 2869 2713 2924 alii
2737 2865 2963 2936 tempori
2985 2864 3068 2919 vel
3084 2876 3326 2933 personae
3348 2861 3403 2915 id
3427 2869 3772 2914 reservamus.
3790 2849 3857 2904 me

2332 2976 2479 3020 certe
2530 2963 2760 3018 domnus
2786 2958 2832 2990 ⁷⁰
2858 2967 2914 3013 et
2940 2955 3165 3012 multum
3216 2951 3553 3009 venerabilis
3573 2950 3747 3011 Immo,
3771 2950 3851 3013 post

2333 3057 2610 3111 decessum
2638 3053 2808 3123 patris
2832 3048 3105 3107 Odelberti
3132 3063 3161 3102 a
3184 3047 3382 3103 domno
3407 3042 3723 3103 Teoderico,
3746 3047 3856 3091 sacro

2334 3146 2613 3216 pontifice,
2640 3141 3056 3214 Gurgitensibus
3075 3147 3263 3211 pastor
3288 3145 3344 3193 et
3364 3135 3538 3190 abbas
3565 3129 3850 3188 constitutus,

2336 3253 2399 3293 ex
2422 3238 2672 3295 omnibus
2700 3236 3029 3308 primoribus
3057 3233 3246 3288 domus
3266 3230 3439 3286 sancti
3466 3224 3721 3298 Stephani
3740 3223 3855 3276 abba-

2339 3332 2480 3387 tibus
2524 3338 2579 3384 et
2629 3327 2941 3390 abbatissis,
2970 3339 3106 3396 quos
3128 3325 3357 3379 domnus
3392 3320 3667 3376 Adalbero
3685 3324 3853 3387 praess:

2341 3420 2576 3484 invenit,
2637 3418 2785 3475 solus
2836 3419 2981 3472 hune
3031 3414 3263 3471 eundem
3316 3422 3570 3468 sanctum
3620 3406 3851 3462 antistitem

2341 3511 2658 3583 supervixit,
2712 3519 2767 3565 et
2806 3508 3025 3564 interim
3050 3537 3119 3550 -
3146 3521 3254 3576 quo
3280 3504 3508 3560 multum
3538 3500 3846 3573 gaudemus--

2344 3601 2664 3671 supervivit.

2417 3694 2506 3747 27.
2548 3693 2893 3751 Consecr'avit
2936 3691 3104 3745 etiam
3160 3695 3346 3744 noster
3388 3686 3590 3741 beatus
3639 3678 3854 3738 etelectns

2356 3786 2463 3841 Deo
2522 3785 2774 3839 sacerdos
2826 3782 3098 3837 Adalbero
3144 3778 3452 3836 Liudulfum
3510 3766 3851 3833 Trevir-essurus

2352 3874 2817 3944 archicpiscorium
2869 3872 3005 3945 (5i),
3067 3873 3191 3926 vitae
3244 3885 3438 3940 magna
3479 3862 3853 3937 simplicitateet

2354 3984 2564 4033 morum
2615 3967 2926 4021 maturitate
2977 3965 3269 4036 insignem,
3306 3963 3508 4033 quibus
3549 3955 3852 4015 viventibusct

2355 4059 2604 4131 proprias
2656 4056 2930 4113 mcclesias
2982 4052 3425 4127 gubernantibus,
3479 4050 3633 4122 pacis
3662 4054 3849 4112 tempora.

2357 4165 2483 4206 vere
2512 4150 2765 4212 fatemur,
2792 4144 3324 4221 extiterunt,quibus
3338 4141 3727 4202 decedentibus,
3744 4132 3850 4188 etiam

2358 4244 2476 4299 dies
2524 4242 2577 4297 in
2632 4240 2873 4297 noctiqu
2922 4238 3273 4308 nigerrimam
3319 4234 3513 4290 faciem
3545 4234 3849 4291 transmutat-1.

681 4332 1154 4398 monasteriorum,
1180 4347 1316 4404 quos
1341 4347 1514 4403 usque
1539 4331 1604 4387 ad
1620 4318 2106 4404 quadragenarium
2121 4345 2258 4402 pene
2291 4357 2334 4412 υ
2360 4336 2490 4390 nihil
2515 4343 2710 4405 praeter
2723 4339 2951 4388 mortem
2976 4339 3031 4386 et
3050 4328 3597 4393 mortisdiscrimina,
3623 4340 3713 4381 non
3734 4319 3849 4373 dicam

684 4428 970 4479 nuuierum
1023 4424 1382 4491 consecravit,
1443 4424 1728 4494 pecuniam
1773 4432 1866 4478 aut
1904 4421 2180 4493 quippiam
2213 4421 2291 4482 ⁸⁷,

685 4531 882 4571 runnus
935 4515 1191 4593 suscepit,
1241 4516 1716 4589 symoniacamque
1751 4517 1987 4573 heresim
2017 4524 2073 4570 ut
2099 4530 2264 4570 vene-

687 4592 815 4665 num
846 4607 1181 4662 mortiferum
1214 4616 1551 4680 mortemque
1585 4617 1907 4665 venenatam
1934 4623 2151 4679 semper
2170 4623 2265 4663 ex-

687 4701 897 4759 horruit
924 4694 979 4755 et
1008 4698 1232 4769 aufugit:
1266 4697 1323 4753 Si
1354 4685 1474 4769 quis
1500 4715 1631 4755 sane
1682 4683 1887 4768 est‘qui
1911 4696 2056 4767 ptitet
2084 4697 2136 4753 in
2165 4713 2264 4752 nu-

687 4812 838 4851 mero
888 4795 1260 4850 ordinatorum
1291 4791 1358 4844 ab
1406 4805 1473 4845 eo
1504 4789 1758 4861 abbatum
1807 4788 1965 4844 fidem
1997 4789 2263 4845 dictorum

645 4955 648 4960 _
686 4904 786 4944 nos
832 4887 884 4943 in
934 4888 1220 4943 scribendo
1268 4881 1590 4949 excessisse,
1631 4882 1756 4937 dum
1797 4896 1903 4936 non
1955 4889 2032 4935 tot
2070 4880 2177 4933 sint
2205 4880 2258 4934 in

2361 4425 2691 4490 viventibus,
2727 4425 2823 4480 sed
2847 4420 3202 4477 morientibus
3222 4427 3274 4474 et
3298 4431 3425 4474 vere
3449 4418 3674 4473 mortuis
3696 4417 3848 4482 praten-

2365 4517 2516 4573 dunt.
2551 4518 2617 4571 Et
2665 4531 2802 4586 quos
2847 4514 3104 4584 plangere
3131 4510 3297 4566 nimia
3318 4510 3638 4565 divitiarum
3662 4494 3849 4586 opulentia

2364 4619 2418 4666 et
2446 4608 2591 4679 pacis
2624 4584 2824 4677 ingenti
2855 4613 2908 4659 et
2932 4604 3180 4657 diuturna
3203 4599 3493 4655 insolentia
3522 4596 3713 4652 noviter
3726 4584 3846 4683 dcitur

2366 4707 2482 4754 ctos
2504 4706 2578 4761 et,
2595 4705 2652 4751 ut
2669 4696 2821 4751 estin
2847 4709 2943 4749 ore
2965 4692 3133 4761 vulgi,
3156 4688 3359 4744 virides
3378 4685 3617 4741 mundus
3640 4695 3723 4739 non
3743 4679 3849 4730 not“:

2369 4789 2539 4843 aridis
2559 4788 2673 4859 jam
2688 4785 2936 4840 .mcubris
2965 4792 3020 4838 et
3047 4784 3099 4836 in
3127 4782 3365 4836 cinerem
3388 4775 3503 4845 jam
3534 4771 3848 4859 redactis.

2368 4879 2535 4933 tinnis
2562 4855 2815 4933 lamentis
2844 4886 2901 4932 et
2926 4874 3166 4931 lacrimis
3192 4871 3510 4927 kalamitate
3536 4876 3593 4923 et
3615 4861 3734 4922 omni
3751 4855 3850 4913 mise-

932 5039 935 5042 ἠ
1220 5000 1221 5003 ~
1957 4967 2187 5023 varum

2308 4966 2630 5023 iCTlONES.
3818 5032 3837 5047 ,

762 5073 808 5107 ⁸⁸
830 5075 968 5127 deest
998 5071 1050 5124 2.
1081 5072 1134 5125 3.
1213 5070 1259 5104 ⁵⁵
1288 5066 1536 5123 restitere
1555 5063 1607 5118 2.
1632 5062 1684 5117 3.
1763 5061 1807 5093 ⁸⁸
1844 5060 2166 5128 Sciebatquc
2213 5058 2269 5112 2.
2312 5056 2366 5111 5.
2444 5060 2487 5093 ⁸⁷
2513 5060 2785 5131 quidpiam
2810 5060 2864 5114 2.
2892 5059 2943 5113 5.
2980 5057 3024 5089 ⁸⁸
3051 5053 3447 5126 trausmigravit
3484 5055 3539 5109 5.
3624 5050 3844 5118 “patruo.

687 5144 735 5179 το
764 5144 1012 5203 dominus
1045 5139 1099 5195 Ξ.
1134 5140 1187 5195 5.

2205 5247 2435 5307 NOTAE.
