3984 5316
102 146 228 203 1559

1358 132 1513 189 “TA
1554 128 2028 186 ADALBERONIS
2065 129 2125 185 ll.

3212 134 3351 187 1570

102 278 173 313 ria
217 255 541 328 plenissimis
585 254 849 311 deﬂentur
895 269 959 309 ac
997 252 1347 318 deplorantur
1380 248 1516 315 (εἰεί).
1550 244 1666 300 Jam
1700 244 1739 298 Α
1773 260 2041 300 annormn
2076 244 2367 310 curricula,
2400 254 2454 301 et
2481 244 2624 316 quod
2654 245 2869 316 gravius
2898 256 3039 313 erat,
3071 247 3173 303 hac
3204 258 3352 305 tanta

96 361 233 407 ct-rte
257 352 308 403 in
339 350 450 403 haec
472 358 677 412 nostra,
716 363 813 417 pro
834 347 1021 409 dolor!
1060 360 1299 415 .nnpora
1327 362 1341 409 ;
1372 355 1427 397 et
1459 345 1662 396 utinam

98 448 191 498 ista
223 444 330 511 ipsa
364 452 603 510 tempora
631 450 810 496 nostra
838 458 942 496 non
965 444 1177 496 essent!
1241 439 1373 493 Nam
1407 437 1513 490 vita
1542 436 1669 489 odio

94 547 193 597 est,
227 550 371 587 mors
413 548 539 588 vere
576 542 796 602 optatur
824 542 882 587 ut
921 534 1075 596 assit,
1138 531 1393 601 quoniam
1446 529 1665 599 quidem

34 636 42 700 ζ
93 626 175 679 cui
200 624 405 677 tollitur
426 623 567 676 unde
593 625 754 685 vivat,
779 624 1049 694 quomodo
1072 624 1252 676 vivere
1278 621 1405 675 velit
1429 620 1663 691 ignorat,

92 724 145 767 ct
193 712 275 767 eui
307 721 551 780 sumptus
576 712 674 767 via:
700 714 889 767 deesse
943 712 1230 781 contingit,
1254 714 1394 763 viam
1423 711 1665 779 arripere

88 804 305 857 omnino
363 802 639 857 abhorret.
699 803 869 863 Urbes
917 812 1064 857 certe
1091 802 1443 871 depopulatze,
1486 800 1587 854 vici
1612 808 1667 854 ct

91 896 224 950 villa:
255 897 486 951 incensae
511 910 717 960 Omnes,
742 897 844 950 viri
872 910 1061 949 omnes
1087 903 1140 948 et
1169 894 1378 948 femina:
1408 902 1461 947 et
1494 901 1663 946 totum

89 989 455 1057 promiscuum
488 985 677 1056 vulgus
705 986 868 1050 ferro,
922 985 1082 1052 fame,
1107 985 1228 1056 igne
1253 985 1665 1055 pestilentiaque

90 1088 428 1136 consumtum
455 1096 469 1142 ;
502 1079 654 1132 multi
683 1080 844 1133 etiam
876 1077 1084 1131 nobiles
1114 1078 1164 1130 in
1198 1084 1571 1144 paupertatem
1610 1080 1665 1126 et

89 1188 332 1243 magnam
362 1171 640 1226 miseriam
672 1170 931 1235 devoluti,
982 1168 1133 1223 multi
1176 1169 1353 1238 gladio
1378 1168 1662 1238 perempti,

90 1269 157 1321 ita
184 1274 241 1318 ttt
277 1265 439 1319 hodie
466 1278 591 1318 vere
622 1264 725 1319 dici
757 1264 927 1334 possit
959 1279 973 1315 :
1002 1261 1242 1317 Pervenit
1268 1261 1477 1332 gladius
1506 1276 1665 1331 usque

85 1359 151 1410 nd
176 1358 408 1410 animant
440 1354 575 1427 (Jer.
609 1371 682 1419 tv,
738 1354 848 1423 10).
877 1355 1010 1409 Nam
1046 1356 1214 1409 vinem
1245 1352 1553 1415 eradicatte,
1584 1368 1667 1404 ar-

86 1451 241 1503 bores
278 1457 333 1505 et
362 1450 584 1504 arbusta
617 1449 799 1503 excisa
829 1465 843 1515 ;
880 1449 1203 1503 monasteria
1231 1447 1582 1516 depopulata;
1610 1455 1667 1500 ct

78 1540 185 1607 jam
219 1540 271 1595 in
298 1542 549 1609 proximo
572 1550 675 1605 est,
708 1551 789 1602 ut,
820 1540 1069 1610 effugatis
1099 1539 1517 1599 habitatoribus,
1543 1552 1659 1591 ser-

84 1650 269 1688 vorum
301 1644 361 1689 et
405 1633 723 1689 ancillarum
777 1634 870 1689 Dei
902 1633 1207 1689 habitacula
1239 1632 1291 1688 in
1319 1632 1663 1687 solitudinem

82 1734 133 1780 et
160 1727 445 1781 heremum
484 1727 846 1781 vastissimam
881 1726 1131 1781 devenire
1152 1734 1432 1796 cogantur.
1464 1726 1663 1778 Verum

81 1814 204 1869 dum
230 1815 413 1870 adhuc
440 1831 528 1871 res
555 1818 608 1871 in
634 1817 796 1871 dubio
818 1826 918 1880 est,
946 1832 1045 1871 nec
1075 1817 1216 1870 inter
1240 1825 1666 1885 compugnantes

80 1921 141 1961 ac
170 1904 450 1976 litigantes
478 1906 639 1961 alicui
662 1907 887 1961 victoria
918 1908 1041 1961 data
1064 1915 1166 1970 est,
1200 1907 1325 1960 dum
1351 1905 1511 1959 etiam
1541 1921 1666 1975 pars

76 1996 215 2066 parti
272 1996 472 2051 cedere
519 1996 714 2061 nescit,
744 2005 924 2052 trenas
974 1998 1071 2052 has
1108 2007 1163 2050 et
1192 1996 1423 2051 lamenta
1452 2006 1559 2050 tam
1589 1997 1668 2069 in—.

75 2089 251 2157 gentia
278 2088 443 2143 alteri
473 2088 755 2143 scribenda
796 2090 1205 2155 committimus,
1236 2105 1442 2160 nosque
1470 2101 1663 2145 cuncta

76 2174 324 2251 pacifica,
382 2187 575 2236 cuncta
627 2180 935 2236 dulcissima
987 2182 1193 2252 pagime
1241 2190 1439 2236 nostra:
1481 2181 1667 2236 indere

77 2274 460 2348 aggressi,illa
492 2274 667 2329 tristia
692 2282 745 2330 et
774 2274 1006 2343 posteris
1037 2274 1236 2328 nostris
1261 2273 1312 2327 in
1346 2273 1462 2327 dies
1488 2273 1663 2342 deplo-

76 2368 263 2427 randa,
289 2376 351 2420 ut
371 2365 612 2435 elegiaco
639 2366 876 2435 planctu,
907 2382 1012 2420 non
1050 2366 1225 2421 dicam
1254 2374 1438 2430 cantu,
1469 2362 1666 2435 aliquis

75 2459 369 2522 describat,
404 2458 780 2528 relinquimus.

142 2550 230 2603 28.
275 2548 415 2603 Cum
450 2548 610 2615 igitur
637 2544 825 2605 beatus
849 2548 931 2601 vir
976 2557 1029 2601 et
1056 2548 1166 2603 Deo
1188 2547 1381 2615 dignus
1410 2547 1665 2600 sacerdos

73 2639 344 2693 Adalbero
374 2655 475 2708 pro
519 2638 835 2692 meritorum
867 2653 1062 2707 magna
1092 2646 1449 2707 praerogativa
1480 2642 1539 2690 ut
1579 2650 1666 2689 rc-

75 2742 461 2786 muneraretur
508 2740 719 2801 tempus
773 2731 1096 2797 adveniret,
1152 2745 1216 2785 ac
1270 2731 1411 2784 bono
1457 2728 1562 2782 liae
1612 2734 1665 2781 et

69 2828 221 2879 bonae
251 2825 680 2895 perseverantize
711 2826 943 2879 termino
962 2832 1455 2887 consummaretur,
1487 2830 1539 2877 et
1572 2821 1664 2890 qui

1772 338 2180 407 importunitate
2211 355 2380 410 usque
2417 340 2470 394 in
2510 356 2722 396 summa
2755 354 2980 410 vespera
3024 355 3351 411 consumpta

1768 439 1823 484 et
1857 432 2071 486 diducta
2101 442 2205 488 est.

1836 522 1926 576 29.
1967 523 2103 590 Quid
2139 525 2366 593 amplius
2394 524 2481 579 73?
2537 523 2845 580 Discessum
2895 534 2980 580 est
3019 534 3140 596 post
3177 525 3348 582 collo-

1770 614 1977 683 quium,
2017 626 2069 671 et
2103 618 2272 671 tribus
2303 625 2393 671 aut
2423 626 2678 687 quattuor
2720 619 2967 675 miliariis
2993 630 3213 689 peracta
3235 621 3349 689 jam

1769 706 1856 759 die
1908 707 2084 770 itineri
2135 710 2383 765 insistere
2429 710 2760 780 compulsus,
2816 710 3351 784 Numeniacum(55)

1769 812 1937 865 usque
1976 800 2096 854 sine
2136 802 2270 873 cybo
2316 802 2487 857 medii
2522 802 2680 859 Madii
2714 815 2953 875 tempore
2998 821 3135 876 pene
3177 807 3355 864 media

1770 899 1929 943 nocte
1974 891 2209 956 devenit,
2246 896 2461 961 quando
2508 895 2624 951 dies
2679 905 2891 951 noctem
2930 897 2978 929 ⁷⁸⁵
3022 898 3142 967 plus
3172 901 3351 955 minus

1771 982 1931 1049 triplo
1962 984 2331 1053 magnitudine
2368 987 2551 1051 vincit,
2597 996 2652 1041 et
2699 989 2913 1043 tandem
2966 1005 3087 1044 cum
3149 993 3353 1062 ingenti

1769 1073 2001 1129 militum
2032 1092 2191 1129 manu
2225 1076 2365 1131 fesso
2415 1079 2642 1132 mttltttttt
2692 1095 2918 1150 corpore
2960 1083 3243 1139 refectioni
3272 1084 3356 1139 in-

1769 1165 1971 1234 dulget.
2004 1167 2071 1222 Ut
2096 1186 2222 1224 vero
2251 1179 2369 1226 erat
2410 1171 2570 1227 homo
2602 1174 2687 1228 cui
2717 1176 2951 1244 parcitas
2980 1178 3152 1233 victus
3181 1187 3236 1234 et
3257 1195 3350 1251 cy-

1768 1253 1961 1312 borum
2012 1276 2228 1330 semper
2271 1263 2543 1317 contraria
2575 1264 2775 1330 extitit,
2828 1265 3122 1323 liberalitas
3161 1279 3217 1324 et
3270 1270 3352 1323 af-

1768 1355 1989 1408 ﬂuentia
2034 1353 2103 1407 ab
2147 1360 2366 1409 ineunte
2417 1364 2574 1409 a-tate
2608 1358 2780 1413 amica
2810 1368 2864 1412 et
2913 1360 3215 1427 familiaris,
3259 1363 3352 1417 diu

1769 1451 2107 1511 multumque
2141 1454 2194 1497 ct
2244 1460 2381 1513 pene
2433 1462 2602 1515 usque
2660 1448 2711 1501 in
2772 1447 2949 1504 lucem
2988 1466 3196 1505 sessum
3243 1462 3349 1520 est,

1770 1535 2078 1606 ingentique
2117 1534 2284 1589 letitia
2316 1535 2458 1590 inter
2506 1538 2905 1594 tonvivandum
2957 1556 3083 1597 usus
3112 1550 3197 1596 est
3224 1557 3351 1598 cum

1769 1627 1999 1693 clericis,
2028 1643 2259 1697 quorum
2291 1628 2589 1697 frequentia
2622 1632 2725 1686 sibi
2752 1632 2879 1688 dum
2915 1634 3052 1689 vixit
3088 1638 3343 1691 continua

1768 1731 1822 1773 et
1854 1720 2166 1776 dulcissima
2198 1730 2338 1787 erat,
2381 1737 2503 1775 cum
2554 1722 2708 1778 laicis
2752 1726 3086 1782 diversarum
3119 1728 3351 1799 dignita-

1772 1823 1906 1880 tum,
1945 1813 2220 1884 nimieque
2264 1829 2449 1880 morm,
2490 1827 2547 1869 ut
2585 1825 2709 1884 post
2736 1820 2910 1888 patuit
2940 1830 2994 1875 ct
3021 1829 3080 1875 ut
3104 1820 3354 1876 accidere

1766 1905 1925 1971 solet,
1959 1909 2138 1978 magni
2185 1917 2238 1961 et
2274 1923 2371 1976 per
2414 1917 2609 1963 cuncta
2652 1918 2893 1981 tempora
2926 1912 3141 1967 dolendi
3180 1912 3351 1969 detri—

1770 2000 1937 2055 menti
1968 2016 2131 2055 causa
2160 1998 2394 2053 fuerunt.
2426 2000 2561 2055 Nam
2590 2002 2717 2055 dum
2743 2002 2904 2056 nitnis
2934 2012 2988 2056 ct
3018 2002 3134 2071 plus
3164 2003 3349 2068 nimis,

1767 2092 1911 2161 quod
1949 2090 2172 2145 alterius
2204 2092 2462 2160 temporis
2490 2100 2628 2159 erat,
2660 2095 2922 2149 exercitio
2953 2109 3012 2149 se
3039 2078 3186 2159 dant,
3235 2104 3353 2150 tan-

1768 2182 1892 2236 dem
1946 2182 2012 2236 ad
2071 2181 2359 2252 hospitalia
2410 2185 2627 2252 propria
2682 2194 2972 2255 pergentes
3028 2186 3351 2251 discedunt,

1768 2282 1933 2341 atque
1963 2288 2023 2326 se
2049 2274 2227 2342 sopori
2262 2273 2466 2329 tardius
2489 2276 2639 2345 justo
2666 2277 2959 2345 dederunt;
2990 2278 3184 2349 reliqui
3235 2280 3355 2349 qni-

1765 2363 1886 2418 dem
1932 2366 2074 2434 quod
2106 2365 2295 2419 deerat
2336 2367 2510 2421 noctis
2552 2368 2607 2422 in
2638 2369 2778 2421 diem
2814 2380 3130 2438 sequentem
3159 2386 3353 2426 somno

1768 2456 1935 2511 dediti
1986 2456 2356 2512 restituerunt.
2407 2459 2512 2513 Sed
2567 2459 2693 2530 quia
2743 2462 2847 2515 dici
2890 2462 3028 2517 solet
3076 2479 3184 2518 non
3230 2480 3355 2522 esse

1771 2558 2005 2602 mortem
2035 2550 2151 2603 sine
2172 2550 2478 2614 occasione,
2507 2552 2829 2606 venerabilis
2856 2553 3097 2622 pontifex
3128 2570 3355 2611 consue-

1770 2646 1880 2690 tum
1922 2654 2127 2692 morem
2160 2641 2435 2709 praeterire
2467 2640 2682 2705 nolens,
2725 2643 2852 2712 quin
2889 2643 3128 2698 debitum
3160 2661 3356 2703 munus

1766 2730 1940 2783 noctis
1971 2728 2077 2783 Deo
2106 2729 2368 2796 exiberet,
2414 2732 2503 2784 vix
2555 2740 2716 2800 caput
2762 2733 2827 2785 ad
2855 2733 3226 2789 dormiendum
3261 2737 3354 2791 dc-

1767 2822 2015 2886 miserat,
2054 2822 2145 2875 vix
2187 2822 2363 2889 sopori
2393 2821 2731 2893 aliquantulo
2777 2820 3015 2878 membra
3057 2827 3355 2883 tradiderat

70 2918 209 2971 bene
239 2917 468 2971 vixerat
526 2915 719 2970 melius
768 2924 823 2970 et
870 2924 1194 2980 moreretur,
1244 2914 1371 2967 licet
1407 2914 1662 2968 decessus
1691 2933 1732 2991 α
1770 2916 2086 2978 tenerrima,
2110 2923 2164 2969 et
2192 2928 2322 2968 ecce
2351 2916 2523 2984 surgit
2564 2915 2629 2968 ad
2658 2914 3019 2971 conﬁtendum
3052 2918 3161 2973 Deo
3191 2934 3356 2989 super

67 3017 388 3063 sanctorum
426 3009 604 3062 verius
635 3008 900 3061 transitus
928 3005 995 3060 de
1025 3015 1197 3060 morte
1226 3006 1292 3058 ad
1323 3006 1488 3059 vitam
1518 3006 1664 3059 dica~

67 3110 173 3167 tur,
222 3112 280 3157 et
311 3118 428 3156 non
459 3103 628 3171 possit
672 3101 814 3155 male
863 3100 997 3154 tnori
1029 3101 1116 3168 qui
1148 3100 1288 3154 bene.
1317 3098 1447 3152 vivit
1478 3116 1490 3152 :
1526 3097 1664 3154 forte

66 3193 190 3256 fuit,
224 3202 286 3247 ut
325 3193 692 3259 Teodcricus,
746 3192 916 3246 frater
959 3192 1127 3261 ipsius
1173 3192 1342 3245 nostri
1374 3190 1661 3260 pontificis,

61 3305 148 3345 res
174 3290 459 3359 quasdam
494 3289 604 3343 Deo
631 3298 685 3343 et
724 3297 911 3343 sancto
936 3285 1166 3342 Arnulfo
1190 3285 1464 3350 auter-ens,
1495 3286 1586 3339 ditt
1613 3292 1667 3339 et

58 3382 295 3437 multum
349 3380 617 3451 precibus
664 3390 716 3435 et
776 3380 984 3450 legibus
1038 3379 1305 3441 ledialtts,
1354 3376 1663 3431 condictum

54 3476 200 3530 diem
240 3472 570 3535 constituit,
605 3480 665 3526 ut
706 3471 923 3526 decreto
959 3469 1003 3502 '”
1035 3468 1366 3539 sapientum,
1397 3467 1545 3535 cujus
1576 3467 1665 3536 jus

50 3578 146 3623 aut
192 3567 482 3638 injustilia
512 3574 691 3628 esset,
741 3570 1042 3633 patesceret
1086 3576 1150 3615 ac
1201 3556 1664 3615 manifestaretur.

54 3661 302 3716 Advenit
340 3658 627 3729 assignata
660 3657 777 3711 dies
800 3654 955 3725 (Mai.
982 3654 1168 3720 1005),
1199 3663 1253 3709 et
1278 3654 1392 3707 dies
1422 3652 1507 3706 illa
1553 3663 1665 3707 tota

56 3758 136 3814 rei
202 3754 548 3812 ventilandae
610 3755 940 3810 necessitate
1002 3760 1321 3820 consumpta
1370 3761 1492 3814 est',
1546 3766 1667 3819 quae

55 3850 231 3905 nimio
247 3848 475 3904 testatis
500 3846 711 3902 fervore
733 3860 923 3900 omnes
945 3845 1033 3915 qui
1057 3845 1387 3899 advenerant
1409 3843 1664 3908 adurens,

51 3943 183 4011 quia
232 3940 331 3994 hic
386 3940 581 3991 beatus
613 3935 876 4004 pontifex,
910 3944 968 3989 ut
1016 3949 1144 4004 sepe
1178 3933 1432 3997 diximus,
1466 3946 1532 3986 ex
1576 3947 1667 4002 ge-

53 4046 189 4086 nere
211 4039 272 4083 et
305 4026 629 4089 nobilitate,
655 4026 722 4080 ad
752 4026 855 4080 hoc
882 4040 945 4078 ex
976 4024 1179 4095 proprii
1211 4024 1457 4093 corporis
1499 4022 1665 4077 nimia

54 4122 475 4185 imbecillitate,
530 4119 669 4174 ultra
708 4133 871 4189 quam
923 4118 1028 4172 dici
1072 4124 1253 4186 posset
1300 4115 1561 4171 delicatus
1615 4123 1669 4169 et

52 4226 216 4272 tener
264 4214 606 4271 habebatur.
650 4211 1053 4281 impaciensque
1087 4216 1205 4264 erat
1245 4207 1486 4264 omnium
1516 4207 1667 4263 labo-

1760 3010 1962 3078 judicia
1987 3009 2211 3078 justitite
2235 3007 2373 3075 ejus,
2415 3010 2716 3080 devoteqne
2752 3011 2870 3079 plus
2900 3012 3056 3067 solito
3083 3028 3350 3083 expensas

1771 3101 1931 3156 cilicii
1964 3100 2297 3155 nocturnalis
2351 3099 2462 3155 Deo
2510 3102 2881 3171 persolvebat;
2918 3119 3038 3157 cum
3078 3104 3256 3157 subito
3285 3133 3355 3144 ο-

1764 3206 2034 3249 merorem
2062 3207 2278 3248 suorum
2307 3192 2503 3246 abhinc
2533 3193 2585 3246 in
2616 3209 2773 3248 evum
2801 3208 3221 3264 permansurum
3259 3210 3355 3251 τρε.

1767 3283 1971 3341 ferant!
2012 3314 2083 3323 —-
2120 3285 2197 3339 sic
2228 3285 2426 3349 subito,
2471 3285 2549 3341 sie
2578 3293 2645 3340 de
2676 3295 2898 3357 repente
2930 3288 3173 3342 membra
3211 3287 3354 3342 beati

1766 3378 1868 3431 viri
1900 3385 2093 3432 cuncta
2125 3377 2341 3445 paralisi
2378 3377 2742 3443 resolvuntur,
2802 3389 2858 3432 ut
2916 3379 3121 3433 nullum
3170 3394 3233 3433 ex
3268 3378 3355 3433 his

1768 3487 1925 3527 suum
1982 3468 2216 3524 cilicium
2274 3483 2531 3539 peragere
2578 3469 2908 3539 praevalens,
2972 3481 3127 3524 terra:
3186 3478 3353 3524 totum

1767 3577 1966 3631 corpus
2005 3562 2231 3623 darent,
2301 3568 2561 3629 tantaque
2612 3559 2869 3614 velocitas
2922 3558 3090 3629 ipsius
3137 3560 3355 3628 pessimi

1768 3653 1944 3709 morbi
1995 3653 2048 3705 in
2103 3650 2412 3720 arripienda
2465 3649 2664 3715 extitit,
2689 3660 2750 3703 ut
2792 3649 2971 3704 nullus
3024 3650 3171 3704 casui
3218 3649 3360 3703 illius

1769 3757 2089 3797 succurrere
2124 3756 2191 3796 ex
2236 3739 2538 3795 astantibus
2563 3738 2775 3795 clericis
2822 3748 3022 3809 posset,
3066 3749 3356 3801 antequam

1768 3834 1911 3889 beati
1941 3834 2038 3888 viri
2071 3848 2268 3903 corpus
2304 3832 2417 3887 solo
2444 3840 2899 3902 prosterneretur.

1843 3924 1929 3980 50.
1962 3926 2253 3980 Accessum
2284 3931 2366 3978 est
2396 3938 2525 3995 ergo
2565 3938 2726 3994 quam
2756 3923 2918 3977 citius
2956 3928 3266 3990 potuerunt,
3304 3928 3361 3975 et

1770 4033 1895 4073 ecce
1930 4017 2030 4072 sub
2077 4025 2221 4071 tanta
2265 4014 2552 4070 velocitate
2592 4029 2764 4086 neque
2803 4029 2863 4069 os
2901 4028 3074 4082 neque
3100 4027 3215 4084 pes,
3245 4028 3352 4067 non

1772 4126 1965 4165 manus
2006 4118 2098 4162 aut
2132 4108 2341 4177 lingua,
2388 4106 2588 4177 aliquid
2628 4107 2709 4161 sui
2748 4104 2908 4160 oﬂieii
2958 4104 3177 4174 implere
3220 4119 3361 4174 prm-

1772 4204 2003 4258 valebat.
2029 4203 2350 4270 Deportatus
2377 4208 2460 4253 est
2483 4200 2547 4253 ad
2576 4199 2773 4253 lectum
2814 4197 3065 4253 manibus
3108 4198 3154 4229 ⁷⁸
3199 4197 3363 4255 disci-

48 4329 175 4368 rum
203 4330 219 4369 :
251 4309 414 4384 quod
444 4324 542 4379 pro
565 4308 710 4364 omni
728 4277 894 4375 hujus
915 4277 1040 4361 vitae
1066 4308 1349 4362 commodo
1373 4322 1666 4376 numquam
1699 4277 1748 4336 θ
1776 4294 2040 4364 palorum,
2061 4290 2401 4359 perstititque
2422 4290 2599 4343 triduo
2621 4302 2725 4341 non
2749 4287 2977 4357 loquens
2998 4303 3098 4342 nec
3123 4286 3359 4357 aliquem

49 4408 202 4462 ferre
245 4404 486 4477 aggredi
518 4410 613 4457 aut
633 4401 791 4456 vellet
821 4410 914 4454 aut
941 4410 1142 4471 posset,
1174 4414 1271 4468 pro
1306 4399 1398 4454 Dei
1430 4410 1483 4452 et
1512 4398 1670 4453 Chri-

46 4502 115 4556 sti
172 4514 378 4555 amore
409 4506 472 4551 et
499 4512 599 4567 pro
641 4495 870 4565 creditm’,
894 4494 995 4549 sibi
1050 4493 1309 4549 teccles'ae
1348 4491 1671 4547 utilitatibus

45 4596 243 4659 subiit,
283 4590 563 4648 videlicet
598 4589 808 4661 pondus
841 4586 946 4643 diei
990 4594 1044 4640 et
1081 4599 1244 4640 aesms
1290 4592 1531 4655 portare,
1565 4585 1669 4639 diei

45 4687 245 4759 utique
279 4684 473 4748 illius,
505 4680 658 4749 cujus
688 4679 886 4736 caloris
914 4678 1170 4734 nimietas
1201 4677 1279 4730 sic
1311 4673 1669 4730 intolerabilis

46 4779 94 4812 τ’
122 4772 341 4842 extitit,
374 4781 443 4829 ut
477 4787 633 4828 nemo
665 4770 939 4828 recordari
971 4778 1172 4839 posset,
1217 4784 1275 4823 se
1316 4776 1523 4823 tantum
1556 4769 1671 4828 fer—

54 4888 253 4930 vorem
289 4877 394 4925 aut
425 4867 679 4922 ardorem
706 4864 907 4920 vidisse
950 4876 1050 4930 per
1090 4870 1199 4919 tota
1238 4870 1538 4931 temporum
1586 4861 1674 4920 vel

1778 4384 2080 4447 intendens,
2104 4381 2276 4435 donec
2297 4380 2455 4434 tertio
2475 4379 2562 4432 die
2589 4377 2830 4448 pulsatus
2852 4379 3111 4433 Dominus
3132 4393 3356 4432 suorum

1776 4479 2027 4549 precibus
2053 4505 2125 4517 —-
2163 4490 2287 4528 nam
2336 4487 2439 4525 non
2492 4470 2664 4526 solum
2702 4486 2767 4525 ex
2812 4473 3031 4541 proprio
3065 4471 3360 4539 episcopio,

1778 4585 1964 4623 verum
1993 4584 2058 4624 ex
2092 4566 2382 4621 multarum
2417 4562 2693 4634 regionum
2724 4562 2934 4630 angulis
2969 4561 3066 4615 viri
3105 4568 3159 4613 et
3205 4557 3363 4611 l'etni-

1780 4680 1882 4727 nae,
1913 4660 2162 4719 monachi
2193 4667 2244 4714 et
2281 4658 2576 4720 monachae,
2603 4655 2763 4709 etiam
2794 4654 2896 4721 ipsi
2922 4651 3150 4709 solitarii
3185 4659 3239 4703 et
3268 4651 3363 4702 he-

1786 4758 1990 4815 rentitte
2008 4753 2352 4831 propositum
2379 4749 2562 4803 nimiis
2590 4745 2864 4802 doloribus
2896 4757 2955 4801 et
2981 4738 3373 4800 iuediclbilibus

1783 4828 2087 4913 meroribus
2128 4850 2432 4916 frangentes
2477 4844 2852 4899 accurrerunt,
2907 4849 2971 4895 et
3013 4846 3071 4888 nt
3115 4845 3209 4882 suo
3240 4828 3379 4883 fidJi

1388 5014 1617 5081 VARIE
1666 5022 2072 5084 LECTIONES.

127 5167 438 5239 “jsecreto
494 5156 541 5208 l.
572 5226 581 5239 .
616 5159 659 5189 ⁷²
696 5152 1063 5239 ἱιῃοιιρπξιήιῖε
1102 5153 1273 5210 altera
1303 5155 1321 5208 ι
1355 5171 1507 5216 eraso
1533 5169 1589 5223 ξ,

56 5243 102 5271 ⁷⁵
131 5221 535 5305 discipulorum
565 5226 796 5285 brachiis
823 5226 873 5278 εὶ.
902 5221 955 5277 5.

1676 5162 1721 5193 ⁷³
1749 5178 1863 5231 post
1900 5172 2142 5245 amplius
2176 5144 2479 5207 vowbulunt
2511 5155 2719 5197 erasum
2748 5134 2805 5188 2.
2890 5140 2971 5177 ’κ
3010 5134 3169 5199 nocte
3197 5122 3317 5177 ΜΞ.
3354 5120 3409 5172 3-
