3984 5316
604 322 735 383 1571

1672 313 2141 375 CONSTAm
2172 315 2237 372 5.
2274 310 2750 371 SYMPIIORIANI
2792 312 3084 373 ABBATIS

3398 282 3527 301 ’-νο

3718 316 3822 375 15ῖέ

609 455 801 497 vocem
838 447 893 495 et
922 448 1227 496 sermonem
1257 435 1401 493 Deus
1422 432 1764 505 omnipotens
1785 432 2034 487 redderet
2061 430 2200 501 epti-
2227 434 2276 494 Α
2302 445 2377 484 ex
2397 428 2641 499 papa“.
2662 428 3197 485 nhIs'Numeniaco
3224 425 3531 499 expendere
3570 427 3736 496 capit,
3754 434 3825 486 sed

611 539 865 589 nuerunt.
906 530 1158 588 Accurrit
1198 538 1255 585 et
1286 530 1395 585 dux
1434 526 1784 592 Teodericus,
1826 525 1994 580 frater
2023 525 2192 594 ipsius

607 625 909 699 pontificis;
952 624 1223 680 all‘uerunt
1250 632 1306 680 et
1332 622 1562 679 comites
1587 620 1943 692 primariique
1965 618 2197 674 militum

612 732 859 782 suorum,
901 715 1107 770 nobiles
1140 723 1195 769 et
1223 713 1518 785 ignobiles;
1550 712 1730 767 cuncti
1771 726 1837 766 ex
1880 710 2021 766 urbe
2071 709 2199 764 sub-

615 806 809 871 urbiis,
840 805 1005 875 agris,
1034 804 1174 859 villis
1199 813 1252 858 et
1274 803 1484 871 oppidis
1507 803 1781 857 irruentes
1807 800 2113 855 clamabant
2139 812 2199 853 se

614 898 863 961 miseros,
886 913 945 953 se
973 897 1120 952 omni
1155 896 1410 952 felicitate
1439 896 1705 965 indignos,
1735 895 1830 965 qui
1865 894 1955 947 tali
1985 901 2203 964 pastore

615 990 792 1044 orbati
823 989 1289 1054 destituebantnr;
1333 988 1487 1058 lupos
1544 997 1844 1056 omnesque
1886 986 2058 1042 malas
2107 986 2204 1041 be-

617 1071 752 1137 stias
782 1082 969 1136 adesse
1000 1092 1097 1151 pro
1127 1080 1351 1144 foribus,
1380 1096 1609 1151 quorum
1644 1077 1913 1134 morsibus
1943 1093 2111 1147 usque
2137 1078 2205 1134 ad

620 1172 791 1240 ipsam
830 1186 1018 1225 necem
1051 1170 1345 1225 dilaniandi
1378 1178 1647 1240 paterent,
1686 1169 1908 1224 vocibus
1949 1166 2206 1223 intolera-

592 1260 818 1316 'bilibus
845 1260 893 1294 "
933 1260 1353 1331 ingeminabant.

691 1351 782 1405 51.
822 1350 1399 1416 Prresul'vcnerabiiis,
1433 1349 1630 1405 auditis
1658 1349 1743 1404 his
1774 1350 1954 1405 animo
1980 1349 2200 1420 quidem

624 1452 677 1496 rt
706 1441 896 1513 spiritu
922 1443 1293 1505 conturbatus.
1326 1450 1380 1495 et
1408 1441 1474 1494 ad
1500 1441 1754 1510 pietatem
1782 1440 1885 1495 sibi
1915 1441 2207 1511 ingenitam

625 1540 949 1596 commotus.
982 1532 1036 1586 in
1056 1532 1252 1586 inultas
1275 1530 1526 1586 lacrimas
1556 1530 1944 1596 resolvebatur,
1976 1540 2031 1584 et
2065 1530 2209 1601 quod

625 1622 810 1677 multa:
845 1621 1204 1677 adversitates
1242 1620 1495 1691 pepulum
1533 1629 1654 1689 post
1684 1626 1913 1674 mortem
1945 1634 2097 1674 suam
2130 1619 2212 1673 in-

625 1721 892 1769 secutura:
937 1722 1143 1779 essent,
1195 1714 1335 1768 sicut
1370 1728 1499 1783 sepe
1536 1712 1821 1768 incolumis
1871 1714 2209 1783 praedixerat,

2301 519 2449 577 Metti
2471 520 2550 574 sic
2570 517 2883 590 complevit,
2900 518 3245 591 κῃίεςιὸά
3259 517 3545 574 sebabere
3562 516 3827 575 recordatio

2301 621 2406 677 tur,
2449 611 2584 666 nihil
2613 610 2994 678 reservaverit,
3024 612 3068 665 si
3096 610 3227 681 quid
3248 625 3379 664 vero
3400 609 3831 676 rene-ﬁgurari-

2303 706 2373 759 tia
2406 704 2586 774 potius
2616 719 2840 759 suorum
2868 718 3029 773 quam
3066 702 3138 772 pii
3184 701 3418 772 pastoris
3458 701 3674 755 incuriae
3703 702 3830 771 depa-

2304 798 2525 852 tandum
2569 804 2673 850 est.
2721 793 2991 864 Quidquid
3031 794 3147 848 auri
3191 792 3533 863 argentique,
3579 791 3827 862 palliorum,

2304 888 2536 943 vestium
2591 889 2960 957 preciosarum
3016 887 3216 942 habere
3274 893 3515 956 poterat,
3569 898 3669 937 non
3712 885 3831 937 modo

2303 977 2564 1048 proximis
2591 986 2644 1031 et
2679 977 2891 1037 vicinis.
2923 987 3112 1031 verum
3141 976 3312 1031 servis
3337 975 3437 1030 Dei
3466 974 3624 1043 longe
3653 986 3830 1029 manen—

2306 1071 2449 1125 tibus
2474 1070 2686 1124 mittere
2711 1068 2940 1133 curavit,
2976 1077 3035 1123 et
3070 1077 3129 1124 u-t
3158 1082 3257 1137 pro
3283 1068 3526 1122 remedio
3552 1068 3730 1121 anima:
3753 1082 3833 1121 sua

2306 1173 2511 1231 proque
2536 1159 2828 1215 cotidianis
2848 1159 3181 1223 excessibus,
3207 1159 3325 1213 sine
3350 1158 3553 1228 quibus
3578 1158 3661 1211 vix
3685 1158 3834 1226 aliquis

2308 1263 2403 1307 aut
2429 1252 2606 1307 nullus
2640 1252 2793 1317 vivit,
2830 1262 3121 1307 exorarent
3156 1262 3210 1307 et
3235 1252 3379 1321 apud
3427 1251 3547 1321 pias
3582 1250 3837 1306 Divinitstis

2308 1362 2469 1402 aures
2496 1348 2894 1401 interventores
2923 1345 3134 1407 fierent.
3165 1344 3583 1417 deprecabatur.

2378 1435 2471 1491 55.
2511 1434 2648 1491 Nam
2676 1436 2839 1491 beato
2876 1434 3109 1490 Martino
3139 1431 3393 1498 Turonis.
3433 1443 3625 1488 sancto
3651 1433 3837 1490 Dionisio

2308 1527 2574 1593 Parisios,
2612 1537 2802 1583 sancto
2829 1525 3076 1598 Remigio
3099 1524 3303 1590 Remis,
3332 1533 3539 1582 sancta:
3562 1523 3731 1578 Maria:
3745 1523 3838 1578 Vir-

2311 1620 2465 1684 duni,
2521 1627 2712 1673 sancto
2754 1617 2919 1672 Petro
2968 1615 3229 1681 Coloniae,
3278 1615 3581 1684 multisque
3625 1612 3731 1667 aliis
3772 1627 3841 1682 per

2312 1710 2596 1766 Franciam
2641 1710 2974 1779 superiorem
3020 1704 3447 1776 inferioremque
3487 1704 3689 1759 sanctis
3722 1704 3837 1756 xenia

628 1817 776 1857 nunc
807 1800 1053 1857 inﬁrmus
1071 1810 1127 1857 et
1154 1802 1403 1857 transilui
1433 1781 1530 1857 suo
1558 1802 1711 1869 satis,
1743 1802 1845 1857 heu
1872 1781 2057 1858 nobis!
2089 1818 2211 1873 pro-
2241 1781 2286 1839 Β
2317 1799 2865 1857 honorificentissime
2915 1798 3165 1860 mittens,
3223 1804 3489 1866 patronos
3540 1796 3622 1851 sui
3681 1795 3841 1849 itineris

623 1893 805 1947 'ximus
836 1892 1182 1962 praedicebat.
1223 1893 1463 1957 Dicebat,
1491 1908 1616 1948 snas
1655 1893 1828 1963 magis
1875 1892 2216 1950 infelicitates

627 1991 688 2036 ut
737 1981 1022 2047 deflerent,
1079 1996 1138 2038 se
1181 1983 1354 2051 magis
1400 1981 1847 2047 lamentarentur,
1901 1983 2035 2039 nihil
2090 1984 2215 2038 novi

630 2074 844 2137 adesse,
875 2072 1112 2129 debitum
1146 2074 1305 2143 primi
1344 2076 1586 2145 parentis
1632 2074 1762 2129 nulli
1809 2074 2213 2147 indulgendum,

636 2164 764 2219 dum
793 2163 878 2219 bis
916 2163 1008 2235 qui
1040 2165 1241 2220 nullius
1289 2165 1451 2221 debiti
1494 2165 1759 2221 obnoxius
1786 2178 1927 2233 erat,
1969 2168 2218 2224 Christus

628 2253 774 2309 Deus
800 2262 856 2308 et
876 2254 1139 2310 Dominus
1164 2264 1368 2320 noster,
1394 2257 1507 2326 ipsa
1530 2258 1719 2312 mortis
1739 2260 2002 2313 acerrima
2026 2259 2220 2317 discri-

631 2345 780 2400 mina
819 2346 1054 2416 experiri
1094 2354 1149 2402 et
1182 2348 1290 2417 pati
1321 2363 1424 2404 non
1464 2348 1768 2419 refugisset.
1819 2351 1937 2420 Ipsa
1968 2367 2097 2422 ergo
2137 2354 2220 2407 in-

634 2435 895 2491 firmitate
923 2452 1231 2507 oppressus,
1274 2454 1371 2509 per
1409 2438 1613 2509 aliquot
1642 2440 1755 2496 dies
1794 2442 1846 2496 in
1878 2442 2065 2497 eodem
2098 2444 2218 2499 vico

629 2526 964 2584 Numeniaco
996 2530 1200 2601 jacuit,
1242 2531 1414 2588 donec
1466 2534 1683 2588 invento
1711 2547 2218 2609 commumcatoque

633 2621 687 2676 in
718 2622 948 2678 invicem
979 2623 1228 2689 consilio,
1266 2639 1297 2679 a
1319 2625 1465 2680 clero
1494 2626 1755 2697 plebeque
1779 2629 1842 2681 ad
1872 2631 2057 2684 urbem
2090 2646 2219 2700 pro-

638 2711 809 2781 priam
842 2712 1182 2784 deportatos,
1222 2730 1250 2769 a
1279 2716 1463 2771 multis
1489 2718 1705 2786 quidem
1738 2719 2010 2781 devectus.
2040 2733 2067 2773 a
2094 2721 2217 2795 pla-

635 2802 874 2859 rioribus
901 2816 1206 2876 susceptus,
1242 2807 1422 2863 dicere
1449 2809 1704 2879 possibile
1738 2826 1842 2865 non
1873 2820 1978 2875 est,
2003 2824 2219 2882 quanta:

635 2909 838 2962 voces,
895 2899 1080 2967 quanti
1124 2898 1409 2967 clamores,
1470 2901 1772 2969 viduarum,
1831 2890 2216 2973 orphanornm,

634 2987 876 3043 virorum
929 2989 1378 3058 clarissimorum,
1430 2994 1937 3049 honestissimarum
1993 2996 2220 3053 femina-

634 3097 778 3147 rum,
821 3082 889 3136 ad
916 3083 1026 3139 alta
1056 3099 1181 3142 aera
1215 3088 1692 3157 protendebantur.
1738 3090 2123 3147 Monacborum
2164 3105 2217 3149 et

635 3175 1108 3233 sanctimonalium
1147 3180 1216 3245 ⁷⁷,
1256 3196 1485 3250 quorum
1526 3181 1707 3252 fruges
1744 3186 1975 3239 maxima
2018 3186 2069 3240 in
2107 3201 2221 3241 ma-

636 3265 854 3336 nipulos
884 3268 1164 3338 perplures
1189 3281 1244 3325 et
1266 3288 1370 3326 non
1397 3275 1761 3330 numerandos
1791 3276 1958 3347 ipsius
1978 3276 2095 3346 ejus
2117 3278 2217 3333 lem

639 3359 875 3428 pastoris
902 3360 1109 3415 diutino
1142 3364 1508 3434 continuoque
1537 3365 1721 3422 labore
1749 3379 1803 3423 et
1833 3370 2027 3425 sudore
2057 3387 2222 3426 exur-

641 3455 879 3513 rexerat,
910 3448 1113 3517 pudore
1141 3449 1319 3505 oudini
1364 3467 1462 3507 suo
1512 3453 1691 3509 debito
1727 3457 1908 3513 nimiis
1950 3460 2224 3515 doloribus

640 3540 967 3608 postposito,
999 3542 1175 3597 omnis
1201 3557 1362 3598 sexus
1386 3552 1440 3599 et
1470 3553 1600 3600 aetas
1631 3561 1921 3604 occurrens
1973 3562 2026 3605 et
2051 3561 2112 3605 ut
2136 3567 2224 3607 ve-

638 3631 755 3686 rius
777 3632 952 3687 dicam
981 3633 1289 3705 irrumpens
1316 3653 1330 3690 :
1364 3635 1518 3690 Heu!
1543 3639 1736 3708 inquit,
1770 3640 1902 3695 heu!
1928 3643 2054 3712 quid
2076 3655 2222 3698 tanta

636 3729 787 3791 putre
823 3723 1009 3788 orbati,
1047 3725 1172 3796 quid
1206 3736 1351 3780 tanto
1386 3736 1594 3797 pastore
1643 3730 1898 3797 destituti,
1932 3732 2093 3799 plebs,
2122 3733 2225 3787 cie-

640 3826 751 3876 rus,
780 3812 907 3866 ordo
938 3813 1247 3869 mouarhilis
1278 3816 1548 3887 utriusque
1576 3835 1753 3883 sexus,
1786 3819 1878 3873 libi
1909 3837 2059 3875 autne
2083 3823 2223 3891 quod

638 3902 877 3971 sapiebas
904 3906 1043 3976 quod
1081 3907 1286 3961 vivebas
1316 3909 1481 3978 magis
1516 3909 1758 3977 dilectus,
1790 3912 1916 3982 quid
1946 3922 2085 3983 aget,
2115 3930 2220 3986 quo

639 4007 695 4045 se
724 4003 899 4061 uertet,
929 3997 1016 4049 cui
1043 3998 1396 4068 subjiciendus
1426 3999 1777 4073 relinquitur?

672 4146 675 4149 Α
714 4083 807 4139 52.
850 4086 972 4157 Ipse
997 4104 1125 4144 vero
1152 4089 1381 4145 dilectus
1411 4091 1518 4145 Deo
1546 4093 1781 4162 pontifex
1807 4104 2064 4151 consueto
2092 4112 2226 4152 scm-

642 4192 739 4248 per
772 4176 819 4209 "
847 4177 949 4232 sibi
984 4193 1132 4235 more
1156 4190 1382 4236 extensa
1411 4198 1572 4238 manu
1612 4184 1767 4255 signo
1803 4188 1980 4242 crucis
2032 4204 2225 4245 omnes

645 4281 751 4320 non
805 4266 992 4331 semel,
1045 4283 1152 4323 non
1198 4269 1279 4325 bis
1336 4279 1567 4335 tantum,
1597 4274 1690 4328 sed
1720 4289 1999 4345 quousque
2052 4279 2225 4335 sancti

646 4360 904 4428 Stephani
952 4362 1399 4430 prothomartiris
1440 4364 1740 4420 tecclesiam
1787 4367 2102 4436 deportatus
2140 4371 2224 4424 in-

646 4448 1063 4513 tromitteretur,
1092 4450 1200 4506 Deo
1226 4454 1571 4509 commissam
1600 4455 1811 4524 plebem
1842 4461 2226 4517 commendare

647 4551 754 4590 non
794 4536 1092 4593 desinebat.
1131 4539 1374 4598 Jusserat
1410 4554 1611 4609 autem,
1648 4554 1706 4599 ut
1729 4546 1905 4616 primo
1952 4559 2074 4604 ante
2102 4565 2226 4605 san-

647 4626 719 4682 cti
778 4625 1038 4699 Stephani
1085 4630 1271 4696 alere,
1325 4642 1446 4704 post
1483 4637 1693 4692 cunctis
1740 4639 1993 4694 oratoriis
2034 4641 2227 4698 domus

571 4753 574 4756 .
648 4714 899 4772 diductus
930 4719 1306 4786 deveheretur,
1334 4724 1406 4779 ibi
1440 4741 1500 4779 se
1530 4740 1796 4797 suumque
1834 4726 2085 4799 populum
2116 4731 2228 4788 Deo

647 4800 1093 4895 orationibusqne
1136 4825 1444 4872 sanctorum
1503 4819 1753 4887 precibus
1783 4822 2043 4892 depositis
2075 4841 2226 4881 com-

650 4902 886 4967 mittere,
912 4915 1068 4974 prout
1102 4918 1332 4977 poterat.
1365 4919 1523 4979 prout
1548 4911 1743 4966 virium
1778 4914 2103 4983 possibilitas
2132 4925 2227 4973 aut

650 4991 1018 5049 imbecillitas
1053 4998 1419 5067 permittebat,
1465 5001 1693 5057 studuit.
1751 5002 1887 5059 Hinc
1924 5007 2225 5073 baiulorum

652 5085 902 5132 manilius
930 5086 1318 5132 enisannalilme
1343 5092 1499 5132 rami:
1524 5092 1856 5132 intendunt-na
1910 5095 2046 5132 Ιημιη
2068 5099 2228 5132 Amm-

2316 1906 2425 1962 quo
2452 1888 2715 1961 pergebat
2756 1889 3065 1958 adquirere.
3096 1896 3254 1958 prout
3298 1896 3538 1957 poterat,
3588 1884 3840 1949 festinabat,

2316 1991 2373 2038 et
2409 1983 2477 2037 de
2512 1996 2820 2037 mammona
2849 1983 2894 2014 "
2924 1980 3224 2051 iniquitatis
3249 1981 3478 2043 amicos,
3514 1980 3606 2051 qui
3633 1994 3690 2035 se
3715 1978 3760 2034 in
3790 1987 3843 2032 tae

2317 2073 2606 2129 bernacnla
2644 2081 2848 2127 aeterna
2881 2072 3205 2142 reciperent,
3244 2071 3444 2127 lucrari
3485 2068 3844 2125 maturabatJn

2316 2162 2420 2220 hac
2446 2162 2683 2234 denique
2719 2171 2868 2218 tanta
2897 2162 3212 2219 inﬁrmitate
3241 2163 3592 2223 constitutus.
3625 2164 3718 2217 hoc
3739 2162 3843 2232 egre

2320 2254 2522 2309 tudinis
2548 2268 2713 2309 onere
2742 2264 3131 2324 praegravatus.
3163 2253 3360 2309 coelum
3409 2268 3477 2308 ac
3523 2251 3747 2308 celestis
3784 2266 3844 2305 su-

2319 2347 2502 2416 spiriis
2528 2345 2800 2401 continuis
2828 2354 3031 2416 petere,
3056 2345 3227 2401 oculis
3253 2345 3386 2416 ipsis
3410 2352 3470 2401 et
3496 2345 3683 2417 spiritu
3706 2343 3841 2399 sedulo

2319 2453 2426 2493 non
2481 2452 2723 2504 cessans,
2772 2441 2943 2493 multo
2984 2443 3186 2506 majora
3224 2453 3283 2492 se
3329 2437 3695 2508 promeruisse
3716 2450 3788 2491 ore
3809 2443 3844 2489 et

2320 2529 2484 2583 corde
2520 2543 2734 2598 semper
2760 2528 3053 2595 fatebatur,
3079 2529 3206 2584 dum
3235 2528 3405 2583 etiam
3431 2529 3720 2585 secundum
3756 2539 3845 2594 apo-

2319 2623 2441 2677 stoli
2469 2620 2840 2678 dulcissimum
2861 2623 3205 2677 adhortatum
3233 2622 3368 2692 ipsis
3390 2622 3602 2679 sanctis
3622 2635 3710 2690 pro
3725 2618 3844 2689 gloria

2320 2726 2521 2773 aeterna
2566 2727 2622 2772 et
2683 2730 2944 2788 perpetua
2991 2732 3191 2772 corona
3244 2716 3592 2772 certantibus
3636 2729 3730 2769 non
3773 2712 3846 2764 sint

2320 2807 2601 2879 condignae
2623 2808 2907 2876 passiones
2925 2807 3085 2875 hujus
3116 2808 3395 2878 temporis,
3425 2808 3499 2861 ad
3524 2806 3743 2861 futuram
3760 2817 3844 2857 eam

2322 2897 2441 2952 dem
2496 2896 2743 2967 gloriam.
2801 2912 2921 2967 qua:
2972 2897 3299 2953 revelabitur
3352 2896 3408 2950 in
3458 2896 3662 2950 eisdem
3697 2892 3844 2948 sanctis

2323 2986 2494 3060 (Rom.
2524 3003 2638 3052 νιιι,
2672 2988 2779 3059 18).
2817 2999 2872 3043 et
2896 2990 3098 3044 utinam
3132 2991 3185 3043 in
3220 2988 3404 3047 nobis.
3436 2987 3573 3043 licet
3600 2984 3844 3055 indigniset

2324 3095 2431 3134 non
2485 3079 2842 3137 merentibus.
2893 3081 3080 3136 Sunt-ti
3125 3078 3228 3135 Job
3270 3089 3326 3134 et
3359 3075 3557 3134 Tobiae
3587 3072 3843 3132 venerabilis

2324 3171 2662 3241 patientiam,
2701 3170 3092 3234 stttl‘erentiam.
3128 3170 3574 3239 reliquorumque
3603 3174 3844 3221 sancton

2323 3274 2538 3331 patrum
2594 3262 2795 3316 veteris
2845 3262 3077 3331 novique
3113 3259 3448 3316 Testatnenti
3513 3255 3842 3313 reminiscenst

2324 3354 2414 3423 qui
2436 3352 2664 3410 ludibria
2685 3362 2734 3411 c‘
2769 3353 2995 3407 verbera
3026 3352 3261 3421 experti,
3301 3351 3606 3420 insnperct
3625 3346 3666 3379 "
3689 3339 3847 3398 vincula

2325 3453 2382 3500 et
2422 3456 2706 3508 carceres,
2757 3443 2975 3498 distenti
3030 3443 3193 3497 etiam
3236 3450 3360 3497 sunt
3404 3455 3516 3495 non
3561 3436 3846 3505 suscipiente
3920 3440 3921 3508 ξ

2327 3536 2784 3607 redemptionem,
2842 3545 2898 3589 ut
2941 3535 3245 3589 invenirent
3291 3533 3338 3571 ⁸⁸
3396 3532 3674 3587 meliorem
3718 3539 3847 3582 resur-

2328 3628 2645 3683 rectionem.
2694 3626 2846 3683 Beati
2912 3628 3075 3682 etiatn
3151 3624 3348 3682 servuli
3402 3623 3781 3681 recordabatur,
3810 3623 3846 3670 et

2325 3734 2538 3790 semper
2569 3719 2760 3774 merita
2787 3718 3127 3789 praedicabat,
3158 3718 3249 3788 qui
3270 3732 3333 3771 ea
3361 3731 3466 3788 qua
3489 3716 3543 3771 is
3569 3716 3697 3771 idem
3716 3718 3846 3766 noster

2326 3808 2453 3864 fele
2498 3807 2706 3864 deﬁxus
2752 3809 3085 3872 infirmitate,
3138 3808 3439 3862 inﬁrmitati
3478 3808 3700 3861 virtutes
3733 3801 3844 3855 adre

2325 3910 2509 3963 ctens.
2540 3900 2708 3969 ipsius
2750 3898 2877 3955 Jesu
2926 3899 3124 3954 Christi
3156 3898 3368 3953 Domini
3397 3897 3598 3962 nostri,
3637 3896 3686 3950 in
3728 3889 3844 3961 ipsi“!

2326 3990 2470 4044 beati
2498 3989 2577 4044 ob'
2592 3999 2677 4044 tus
2724 3988 2985 4053 articulo,
3023 3996 3220 4042 meru'tt
3258 3986 3574 4041 visitationc
3611 3975 3842 4038 consolari.

2326 4093 2381 4138 et
2404 4082 2798 4154 ymnidicorum
2843 4081 3157 4152 angelorum
3204 4094 3364 4136 voces
3393 4080 3446 4133 in
3483 4078 3625 4134 caelo
3653 4081 3842 4130 resonare

2328 4176 2572 4238 audiens,
2623 4175 2752 4245 quid
2781 4173 2953 4228 virtus
2992 4174 3043 4227 in
3097 4172 3413 4228 inﬁrmitate
3456 4170 3716 4241 perlecu,
3755 4156 3842 4230 quid

2327 4266 2605 4337 patientia:
2647 4263 2839 4317 lenitas
2886 4264 3237 4333 adipiscatur,
3268 4262 3499 4331 posteris
3542 4253 3842 4315 itnitandade-

2330 4359 2546 4427 reliquit
2574 4356 2641 4410 '".
2687 4354 2819 4409 Nam
2868 4357 3060 4411 beatus
3087 4356 3171 4409 vir
3193 4364 3247 4409 et
3282 4354 3622 4408 venerandus
3656 4343 3842 4405 sacan

2326 4447 2612 4511 Adelbero,
2639 4455 2697 4499 ut
2723 4460 2946 4500 acervus
2974 4445 3286 4500 meritorum
3313 4442 3431 4512 ejus
3451 4444 3611 4497 etiam
3639 4454 3719 4509 per
3738 4435 3841 4489 inlit-

2328 4538 2760 4627 mitatis‘ppndus
2780 4539 2833 4591 in
2856 4536 3239 4607 perfectionem
3264 4550 3435 4605 usque
3458 4534 3730 4593 devenire-1,
3748 4523 3840 4581 etin

2327 4632 2503 4686 virum
2518 4615 2838 4701 'perfectum
2868 4628 3176 4698 plenissime
3219 4642 3572 4682 succrescens
3604 4624 3837 4691 exurgereb

2329 4724 2419 4794 qui
2458 4722 2835 4793 temptationes
2863 4715 3041 4776 illatas
3066 4734 3281 4789 semper
3309 4719 3397 4789 pie
3426 4716 3694 4778 sull'erens,
3718 4722 3760 4766 ut
3781 4722 3837 4762 ac-

2329 4816 2533 4884 ciperet
2576 4813 2698 4867 vita:
2739 4825 3230 4880 coronam,'quam
3274 4811 3582 4879 repromisit
3626 4800 3839 4863 Densdili-

2334 4907 2579 4977 gentibus
2608 4919 2688 4971 se,
2718 4906 3035 4974 aegritudine
3074 4905 3176 4959 hac
3206 4913 3317 4957 tam
3346 4904 3542 4968 valida,
3571 4914 3666 4956 tant
3695 4890 3836 4965 ingenti

2334 5003 2618 5070 depressus
2651 5005 2821 5067 tacuit
2862 5014 2893 5051 a
2922 4997 2996 5050 l“l
3023 4995 3268 5050 omnibus
3306 4995 3510 5050 dextrte
3542 4993 3692 5064 partis
3725 5000 3838 5041 nsan-

2334 5092 2448 5132 hric
2472 5091 2787 5132 σπανῖεςίιηει
2822 5088 3052 5132 narnlvsi
3088 5087 3384 5132 resolutus-
3433 5088 3622 5132 nullius
3646 5075 3836 5132 nﬂiCii‘l‘
