3984 5316
157 293 292 350 1575

1460 298 1616 354 ῊΤΑ
1647 295 2127 352 ADALlZEliONlS
2167 297 2228 353 ll.

3301 307 3438 364 15Ὶῦ

157 389 479 480 redemptori
502 424 599 465 suo
620 409 730 466 Deo
755 408 894 466 Filio
914 420 967 466 et
997 409 1341 466 illuminatori
1365 427 1462 467 suo
1492 411 1600 465 Deo
1625 410 1740 480 Spi-
1773 414 1817 467 Α
1845 418 1932 463 eto
1960 409 2003 440 ⁸⁷
2039 411 2437 480 Symphoriano
2469 423 2903 484 praeparaverat,
2932 430 3038 486 quo
3071 425 3126 472 et
3165 434 3224 474 se
3262 420 3440 490 sepul-

156 502 278 557 ritui
318 511 505 557 sancto
531 502 797 557 indefessa
827 501 1108 558 sedulitate
1137 503 1421 558 referebat.

225 589 314 646 54.
349 592 442 648 llis
468 609 598 664 ergo
624 594 886 649 bonorum
911 603 1124 647 actuum
1159 592 1439 655 fructibus,
1472 595 1554 648 his
1576 595 1744 648 beata:

156 682 580 739 cenversationis
624 685 816 740 studiis
853 683 901 718 “
931 686 1269 740 commerciis
1309 687 1418 741 Deo
1465 689 1552 742 dfu
1598 705 1746 743 com-

157 779 440 831 mendatus
467 778 690 848 spiritus
710 820 723 842 ,
747 779 887 833 coelo
919 780 1141 849 repetita
1175 781 1354 834 anima
1389 783 1452 835 19
1481 780 1746 835 Kuh-uda-

157 868 296 921 rium
320 867 699 922 Januariarum
731 871 846 933 die,
879 869 1001 925 felix
1033 873 1282 942 migravit
1311 874 1376 926 ad
1407 889 1552 933 cum,
1583 889 1742 942 quem

156 959 504 1013 devozissime
538 959 724 1013 sitiens
765 961 954 1014 diebus
989 961 1182 1030 quibus
1234 979 1487 1031 umquam
1537 964 1744 1015 vixerat

156 1050 343 1102 adesse
370 1050 472 1103 sibi
507 1050 875 1118 concupierat,
896 1060 953 1104 et
978 1053 1060 1105 cui
1081 1053 1230 1122 jungi
1258 1054 1541 1109 indefessis
1572 1055 1746 1123 preci-

153 1139 255 1194 bus
278 1151 333 1194 et
361 1143 582 1196 vocibus
604 1141 871 1196 indefessa
889 1143 1148 1198 bonorum
1175 1161 1398 1214 operum
1427 1149 1744 1202 assiduitme

154 1231 546 1286 elaboraverat.
579 1232 708 1286 Erat
737 1234 911 1303 prima
942 1234 1073 1288 hora
1116 1246 1285 1290 sexta:
1330 1233 1496 1301 feriae,
1528 1237 1743 1308 quiindo

154 1323 393 1376 civitatis
424 1325 598 1378 omnis
627 1325 851 1394 pupulas
876 1335 930 1380 et
957 1342 1053 1395 pro
1078 1327 1197 1381 ﬁdei
1230 1328 1276 1360 ⁸⁵
1305 1338 1559 1383 consueta
1592 1346 1744 1385 reve—

155 1412 328 1466 rentia
382 1422 436 1468 et
486 1429 582 1482 pro
611 1416 868 1470 adventus
907 1416 1117 1470 Domini
1165 1417 1425 1488 dignitate
1451 1420 1516 1471 ad
1551 1417 1740 1472 {cccle-

153 1502 260 1555 sias
292 1515 603 1558 sanctorum
630 1519 786 1559 sacro
816 1514 869 1560 et
908 1506 1138 1561 honesto
1162 1523 1311 1561 more
1336 1519 1738 1574 concurrerant,

153 1602 208 1647 et
236 1594 542 1649 orationum
571 1611 633 1650 ac
665 1596 952 1651 missarum
995 1599 1121 1652 ritui
1165 1608 1218 1655 et
1241 1599 1498 1668 obsequio
1527 1599 1743 1654 insiste-

151 1685 300 1739 bant.
332 1685 424 1741 Fit
445 1703 570 1743 ecce
595 1689 852 1758 strepitus
877 1699 1336 1758 concurrentium,
1363 1695 1422 1746 fit
1449 1708 1654 1748 ciamor
1674 1693 1740 1746 ad

152 1774 256 1829 alta
287 1776 515 1832 decessu
566 1778 638 1848 pii
687 1780 940 1848 pastoris,
973 1780 1274 1838 lacrimosis
1313 1783 1557 1852 sttspiriis
1594 1783 1744 1852 plebs

153 1868 376 1922 omnino
413 1869 749 1939 gemebunda
776 1879 828 1925 et
859 1873 1184 1926 mestissima
1231 1873 1339 1928 Deo
1366 1874 1744 1928 commendare

155 1957 413 2027 festinat,
447 1971 610 2030 atque
657 1962 943 2017 transitum
974 1962 1091 2032 ejus
1122 1965 1282 2034 digna
1325 1968 1666 2021 veneratione
1690 1975 1744 2021 et

154 2051 312 2122 digno
338 2052 486 2106 cultu
508 2055 870 2122 prosequitur.
902 2053 1102 2109 Dantur
1132 2056 1240 2110 Deo
1268 2072 1454 2125 preces
1477 2066 1530 2109 et
1557 2057 1742 2112 Iaudes

153 2157 252 2212 pro
281 2142 488 2206 debito,
511 2142 709 2196 dantur
735 2143 872 2212 patri
900 2145 1142 2214 piissimo
1184 2145 1364 2200 luctus
1389 2155 1440 2201 et
1465 2145 1619 2200 fiems
1647 2159 1743 2216 pro

155 2242 383 2302 pietate,
417 2233 542 2303 quia
573 2243 626 2287 et
653 2235 792 2304 patri
824 2236 1048 2302 debent,
1080 2246 1135 2289 ut
1163 2247 1316 2292 orent
1346 2253 1442 2308 pro
1473 2239 1665 2292 anima:
1695 2237 1742 2268 ⁸⁸

156 2323 489 2377 absolutione
513 2332 566 2378 et
591 2324 1070 2391 commendatione,
1108 2336 1163 2380 et
1201 2327 1301 2382 sibi
1338 2331 1553 2393 debent,
1583 2340 1637 2382 ut
1663 2330 1741 2383 lu-

157 2425 316 2487 geant
344 2432 444 2487 pro
474 2416 652 2471 dilecti
686 2426 739 2471 et
783 2417 1007 2471 multum
1054 2419 1237 2474 dilecti
1280 2437 1492 2475 recessu
1538 2439 1742 2492 proque
1782 2436 1784 2439 '

155 2507 478 2565 detrimento
503 2510 758 2564 absentia:
788 2519 843 2564 et
875 2510 1142 2565 discessus
1173 2516 1318 2580 ejus;
1349 2516 1438 2582 qui
1475 2515 1594 2569 licet
1619 2516 1742 2571 hinc

159 2599 339 2655 abiens
370 2600 614 2656 coelestia
645 2601 732 2654 diu
759 2602 920 2670 petita
949 2605 1327 2672 promerueiit,
1361 2605 1456 2660 hos
1487 2622 1621 2675 quos
1654 2622 1739 2661 re-

157 2689 452 2761 linquebat,
484 2693 609 2762 quia
645 2709 711 2747 ex
767 2709 960 2763 magna
996 2695 1390 2750 cotidianoruni
1450 2699 1742 2768 colloquio-

159 2798 273 2838 rum
305 2783 587 2840 dulcedine
637 2800 700 2838 ac
745 2797 945 2840 mutua:
991 2785 1320 2842 aﬂ‘abilitatis
1356 2791 1741 2846 consuetudine

159 2877 212 2931 in
237 2878 432 2932 nimios
475 2877 650 2932 luctus
676 2878 1154 2948 amarissiinosqne
1185 2880 1299 2934 dies
1330 2896 1387 2934 se
1419 2882 1742 2938 deventuros

159 2966 487 3022 clamoribus
515 2969 713 3036 quibus
752 2968 872 3038 plus
908 2978 1156 3039 poterant
1187 2971 1606 3039 ingeminabant.

223 3058 309 3111 35.
339 3058 560 3113 Interim
617 3060 763 3114 circa
820 3061 964 3115 beati
1012 3063 1109 3116 viri
1152 3079 1345 3133 corpus
1389 3066 1596 3119 exuviis
1637 3065 1740 3121 rite

159 3151 420 3218 peractis,
463 3150 585 3204 lotis
628 3166 695 3205 ex
739 3166 888 3206 more
932 3155 1101 3207 sacris
1148 3154 1272 3224 justi
1316 3157 1606 3220 membris,
1654 3158 1738 3212 in-

157 3238 282 3293 duto
337 3240 735 3311 pontificalibus
776 3244 1013 3297 vestibus
1048 3254 1102 3298 et
1160 3247 1288 3315 ipsis
1333 3248 1624 3316 pretiosis,
1683 3258 1740 3303 ut

156 3331 329 3388 nullus
381 3349 620 3404 unquam
703 3335 781 3390 sic
841 3337 1094 3405 pretiosis
1164 3339 1504 3406 clericorum,
1578 3341 1742 3396 abba~

158 3431 295 3488 tum,
345 3426 777 3490 monachorum,
815 3426 1075 3482 laicorum
1126 3430 1458 3484 diversarum
1511 3432 1742 3502 dignita-

155 3522 263 3568 tum
310 3525 364 3570 et
413 3525 616 3571 elatum
647 3520 1022 3588 prosecutione
1055 3520 1381 3576 lamentabili
1423 3523 1742 3595 lugubrique

159 3607 224 3659 ad
267 3607 552 3663 ecclesiam
603 3619 834 3665 matrem
885 3611 1184 3676 devehitur,
1214 3627 1375 3686 atque
1413 3617 1583 3670 sancti
1618 3618 1740 3672 Ste-

155 3697 349 3765 phani,
399 3702 837 3772 prothomartiris
907 3705 1279 3772 pretiosissimi
1354 3707 1742 3778 levizarumque

156 3791 442 3859 praecipui,
477 3803 600 3845 ante
631 3792 800 3846 altare
823 3793 1123 3863 deponitur.
1157 3796 1230 3850 lbi
1269 3805 1378 3850 tota
1409 3813 1527 3864 quae
1556 3813 1740 3866 super-

154 3887 271 3933 erat
293 3880 447 3948 part’e
477 3881 611 3946 diei,
649 3890 756 3935 tota
801 3883 962 3938 etiam
1004 3887 1248 3955 sequenti
1287 3901 1440 3942 noete
1471 3905 1498 3940 a
1531 3903 1742 3947 cici-ieis

155 3983 260 4024 non
302 3971 522 4026 urbanis
556 3981 610 4027 et
651 3973 984 4042 regularibus
1030 3976 1500 4046 stipendiariisque
1551 3980 1740 4035 domus

157 4069 388 4127 «autum,
429 4078 617 4118 verum
647 4065 970 4120 suburbanis
1004 4075 1059 4121 et
1099 4082 1164 4121 ex
1209 4067 1519 4124 forensibus
1543 4113 1555 4133 ,
1601 4087 1740 4141 quo-

155 4163 272 4205 rum
319 4171 510 4226 magna
542 4165 596 4210 et
637 4159 853 4228 copiosa
896 4159 1180 4215 multitudo
1211 4161 1582 4233 undecumque
1613 4179 1740 4220 con-

153 4253 401 4310 venerat,
442 4245 640 4315 vigiliis
681 4250 1168 4307 consuetudiuariis
1197 4264 1248 4308 et
1278 4253 1503 4322 psalmis
1549 4274 1738 4328 magna

154 4329 434 4393 devotione
459 4338 745 4394 celebratis
760 4380 775 4406 ,
811 4341 1081 4412 obsequiis
1104 4345 1460 4401 sanctissimis
1481 4347 1736 4420 frequen-

154 4421 390 4480 tabatur.
1765 4471 1812 4526 Β

221 4514 308 4570 56.
354 4517 614 4589 Sequenti
674 4520 796 4588 die,
853 4538 972 4594 quae
1021 4525 1229 4582 sabbati
1281 4527 1397 4584 dies
1457 4529 1734 4586 dicebatur

155 4603 476 4680 (Dec.15),
527 4612 814 4669 celebratis
871 4616 1051 4672 missis
1106 4619 1574 4692 oblationibusque
1623 4625 1733 4680 Deo

155 4710 340 4767 magna
372 4705 675 4758 reverentia
725 4706 894 4771 datis,
927 4717 980 4761 et
1019 4725 1187 4778 usque
1230 4711 1282 4765 in
1315 4713 1504 4768 horam
1537 4731 1729 4771 nonani

154 4801 246 4852 pro
275 4795 743 4854 commendatione
791 4799 962 4854 felicis
990 4804 1181 4856 anima:
1207 4802 1599 4864 ofﬁciosissime
1633 4824 1721 4863 ev-

153 4874 334 4936 hibi-tis
367 4887 505 4941 v0tis
531 4897 583 4940 et
627 4890 877 4957 precibus
902 4931 916 4955 ,
949 4891 1222 4946 elevantes
1271 4897 1576 4953 venerabile
1606 4914 1728 4953 cor-

154 4981 269 5035 pus,
303 4988 397 5041 per
423 4977 652 5032 mediam
682 4983 867 5037 urbem
902 4997 1086 5038 versus
1113 4984 1394 5040 meridiem
1425 4999 1576 5043 extra
1615 5007 1732 5045 tutt-

160 5074 273 5110 rum
304 5066 566 5110 ἀρντιιηιιιι
605 5074 668 5110 ml
716 5074 890 5110 'nnunn

967 5092 1126 5110 [suanm
1156 5076 1270 5110 :ncn
1305 5094 1331 5110 α
1371 5079 1728 5110 του-,Ιηυηεμοτκ

1849 511 1980 556 tura:
2030 503 2163 555 tradi
2191 500 2462 570 jusserat;
2504 503 2594 574 qui
2624 504 2786 559 etiam
2825 505 2976 561 locus
3003 507 3185 562 multis
3224 518 3441 564 sancto—

1847 607 1964 646 rum
2000 595 2456 657 przedccessorum
2493 612 2714 651 suorum
2751 597 3064 666 pontificum
3097 599 3438 656 Mcttensium

1845 687 2162 754 corporibus
2190 688 2412 758 insignis
2445 697 2499 743 et
2528 688 2757 744 celebris
2781 689 3079 746 habebatur
3102 700 3156 746 et
3185 693 3434 749 habetur.

1847 775 1979 830 Nam
2015 787 2235 832 sanctus
2284 777 2549 848 zEplicius
2589 779 2635 810 ⁸⁸
2679 781 2968 836 sanctitate
3007 791 3063 836 et
3116 783 3440 851 antiquitate

1845 851 1986 920 inter
2023 883 2150 921 suos
2203 871 2549 939 coepiscopos
2595 870 2728 925 satis
2769 870 2980 936 clarus,
3027 873 3226 948 nostris
3267 874 3433 927 etiam

1845 960 2185 1027 temporibus
2213 961 2394 1014 multis
2422 971 2477 1015 et
2507 962 2796 1018 multorum
2836 965 3256 1021 revelationihns
3285 966 3440 1034 cujus

1844 1049 2021 1102 meriti
2064 1050 2136 1103 sit
2183 1051 2589 1115 manifestatus,
2625 1053 2821 1106 ibidem
2848 1054 3166 1123 requiescit.
3199 1057 3441 1112 Domnns

1841 1140 2096 1210 Papolus,
2129 1141 2214 1195 cui
2242 1153 2461 1198 sanctus
2491 1144 2752 1198 Arnulfus
2786 1146 2837 1199 iu
2869 1147 3180 1217 episcopatu
3217 1163 3436 1203 succes-

1842 1232 1948 1297 sit,
1977 1231 2069 1300 qui
2101 1233 2275 1287 eidem
2305 1234 2421 1288 loco
2453 1233 2615 1287 multa
2653 1237 2972 1304 praidiorum
3019 1237 3280 1292 beneficia
3311 1253 3440 1292 con-

1845 1323 1983 1386 tulit,
2010 1331 2063 1376 et
2093 1325 2280 1377 beatus
2310 1322 2593 1386 Goericus,
2627 1325 2825 1378 nostris
2856 1326 3188 1395 temporibus
3217 1325 3439 1380 mirabi-

1842 1413 1908 1468 lis
1941 1413 2326 1468 miraeulorum
2349 1423 2622 1483 operator,
2665 1425 2720 1470 et
2769 1426 2988 1471 sanctus
3010 1417 3186 1481 Godo,
3219 1429 3436 1488 germa-

1843 1520 1944 1559 nus
1967 1504 2208 1574 ejusdem
2250 1505 2522 1574 pontificis
2551 1504 2801 1572 Goer-ici,
2855 1507 2947 1574 qui
2997 1507 3169 1561 sancti
3223 1503 3434 1560 Arnulli

1842 1597 2004 1651 etiam
2041 1597 2303 1667 sanguine
2333 1605 2388 1650 et
2422 1612 2586 1652 carne
2635 1596 2822 1652 affines
2855 1599 2907 1652 in
2948 1599 3260 1669 episcopatu
3312 1612 3439 1652 suc-

1842 1696 2154 1752 cesserant,
2181 1687 2412 1742 domnus
2453 1688 2701 1758 Aptatus,
2730 1688 2960 1744 domnus
2995 1688 3141 1744 Felix
3162 1730 3176 1755 ,
3211 1687 3440 1758 reliqui-

1845 1795 1949 1848 que
1980 1795 2140 1848 quam
2175 1777 2390 1848 plurimi
2418 1780 2727 1832 sacerdotes
2756 1779 2995 1847 ejusdem
3027 1780 3176 1834 urbis
3203 1781 3439 1834 honora-

1844 1870 2027 1925 biliter
2053 1871 2254 1925 ibidem
2285 1868 2492 1924 humati
2526 1878 2872 1924 venerantur.
2906 1869 3143 1934 Quorum
3171 1885 3356 1926 amore
3384 1876 3440 1924 et

1843 1963 1944 2017 loci
1985 1964 2298 2018 ammnitate
2343 1963 2429 2017 hic
2465 1963 2655 2017 beatus
2711 1962 2952 2030 pontifex
2999 1961 3237 2028 illectus,
3284 1977 3440 2032 sepe-

1842 2055 1928 2109 liri
1956 2056 2000 2087 ⁸⁹
2034 2070 2098 2109 eo
2127 2055 2225 2109 loci
2251 2055 2295 2086 '°
2321 2054 2618 2109 mandavit.

1915 2146 2004 2200 '57.
2038 2145 2279 2214 Denique
2325 2145 2625 2214 depositum
2661 2159 2858 2214 corpus
2883 2135 3028 2198 "ante
3072 2143 3243 2198 sancti
3275 2143 3435 2212 Sym-

1842 2237 2093 2308 phoriani
2125 2237 2381 2307 martyris
2411 2236 2601 2298 altare,
2635 2237 2795 2291 etiam
2823 2235 3090 2290 dominica
3120 2249 3238 2304 qua:
3269 2233 3435 2288 advee

1842 2335 1998 2382 uerat
2037 2339 2194 2381 nocte
2230 2343 2294 2381 ac
2336 2327 2422 2381 die
2460 2329 2609 2398 (Dec.
2645 2327 2752 2397 16),
2784 2336 2838 2379 et
2867 2341 3037 2396 usque
3071 2326 3122 2379 In
3168 2325 3436 2395 vesperti-

1841 2435 1964 2472 nam
1997 2433 2133 2488 pene
2160 2417 2346 2471 horam
2370 2417 2548 2486 quarti
2583 2432 2612 2471 a
2638 2416 2864 2470 transitu
2897 2416 3026 2481 diei,
3053 2433 3171 2485 quae
3199 2414 3435 2470 secunda

1844 2511 1978 2565 feria
2034 2511 2336 2564 habebatur
2364 2509 2514 2580 (Dec.
2542 2509 2651 2578 l7),
2682 2524 2875 2578 magno
2905 2524 3169 2563 concursu
3202 2507 3436 2562 fidelium

1841 2600 2115 2668 multaque
2159 2601 2447 2654 devotione
2484 2598 2953 2667 frequentabatur,
3005 2597 3075 2650 ita
3104 2605 3162 2651 ut
3191 2604 3350 2666 noctu
3382 2604 3438 2649 et

1844 2691 2080 2745 interdiu
2112 2692 2562 2760 congregationes
2596 2698 2909 2742 sanctorum
2945 2703 3003 2742 se
3040 2687 3269 2741 invicem
3297 2700 3438 2754 prae-

1841 2784 2028 2838 venire
2058 2783 2201 2838 dulci
2231 2783 2429 2836 invidia
2455 2797 2554 2852 pro
2579 2780 2936 2836 cmlebrandis
2968 2779 3161 2850 vigiliis
3190 2788 3244 2832 et
3283 2792 3433 2833 sum-

1842 2878 1944 2931 mis
1991 2876 2183 2931 studiis
2227 2876 2565 2930 festinarent.
2615 2873 2857 2928 Tandem
2902 2873 3220 2927 adveniente
3266 2869 3438 2925 fratre

1843 2967 1961 3037 ejus
2013 2969 2340 3033 Teoderico,
2392 2977 2446 3022 et
2474 2967 2797 3038 detrimenta
2832 2980 2927 3019 sua
2975 2979 3041 3018 ex
3099 2971 3270 3018 morte
3317 2975 3439 3032 ger-

1845 3060 1988 3114 mani
2014 3077 2134 3113 mox
2159 3060 2336 3114 futura
2361 3060 2513 3129 quasi
2539 3058 2824 3128 praesentia
2850 3055 3074 3111 multum
3098 3054 3433 3124 deplorante,

1844 3165 2160 3209 accurrente
2185 3156 2344 3207 etiam
2374 3155 2571 3207 domno
2615 3151 2865 3205 Bertaldo
2897 3151 3233 3205 Leitchoruzn
3267 3161 3434 3201 vene-

1844 3246 1998 3300 rabili
2035 3245 2289 3315 pontifice
2314 3285 2328 3309 ,
2358 3245 2447 3314 qui
2480 3244 2622 3312 quod
2670 3245 2752 3318 sic
2792 3242 2989 3296 leniter
3019 3239 3438 3306 dulcissimcque

1843 3341 1909 3392 ab
1936 3338 2125 3392 eodem
2157 3342 2427 3391 enutritus
2456 3338 2562 3400 sit,
2607 3337 2777 3391 donec
2818 3337 2882 3388 ad
2915 3334 3121 3405 apicem
3154 3330 3440 3402 pontifica—

1846 3429 1988 3484 tus"
2017 3429 2423 3499 proveheretnr,
2456 3428 2589 3483 satis
2618 3429 2839 3483 vocibus
2867 3436 2922 3482 et
2950 3425 3163 3480 ﬂetibus
3188 3422 3437 3479 recolens

1841 3531 1894 3575 et
1923 3520 2206 3573 revolvens
2230 3563 2244 3584 ,
2300 3518 2604 3574 caelebratis
2639 3521 2921 3574 missarum
2956 3517 3312 3586 solleinpniis,
3349 3530 3438 3570 se-

1841 3611 2068 3680 pultura:
2107 3611 2288 3664 dilecti
2335 3611 2436 3664 sibi
2462 3627 2656 3678 corpus
2682 3611 2933 3673 tradidit,
2961 3618 3016 3663 et
3045 3608 3292 3678 spiritum
3320 3604 3438 3662 ani.

1842 3715 2094 3770 inanique
2124 3701 2232 3754 Deo
2256 3701 2428 3754 datori
2460 3702 2625 3753 multa
2655 3703 2786 3754 satis
2807 3701 3044 3754 sollertia
3072 3708 3126 3753 et
3151 3699 3439 3754 devotion:

1843 3791 2257 3846 commendavit.
2287 3791 2541 3859 Sepultus
2565 3800 2645 3844 est
2667 3791 2821 3860 juxta
2853 3791 3022 3845 altare
3058 3790 3228 3845 sancti
3272 3789 3432 3859 Sym-

1841 3882 2090 3955 phoriani
2128 3885 2379 3955 martyris
2406 3883 2696 3936 venerandi
2739 3883 2804 3936 ad
2853 3883 3056 3947 levam,
3089 3882 3228 3937 sicut
3251 3882 3434 3952 jusse-

1845 3983 1957 4038 rat;
1991 3974 2240 4028 videlicet
2268 3984 2327 4028 ιιι
2356 3973 2573 4043 sapiens
2605 3974 2755 4027 utilia
2811 3989 3025 4044 semper
3056 3974 3300 4043 cegitans
3335 3987 3432 4028 sa-

1843 4064 2123 4133 lubriaque
2150 4075 2510 4134 pertractans,
2543 4067 2655 4119 haec
2679 4065 2888 4134 aliaque
2917 4080 3038 4133 qua:
3059 4076 3246 4119 sancta
3275 4071 3435 4119 erant

1842 4167 1895 4211 et
1923 4167 2048 4212 sunt
2072 4159 2442 4221 adinveniens,
2474 4159 2577 4212 hoc
2628 4159 2772 4212 inter
2821 4156 3026 4227 reliqua
3074 4157 3348 4211 mandavit
3379 4165 3434 4212 et

1841 4249 2143 4312 constituit,
2195 4258 2254 4303 ut
2299 4249 2378 4303 sic
2424 4249 2726 4317 proximum
2760 4257 2960 4304 sanctis
2994 4256 3306 4302 sanctorum
3341 4263 3431 4302 se-

1841 4341 2056 4412 pultura
2081 4339 2198 4409 ejus
2242 4341 2427 4406 fieret,
2456 4356 2563 4410 quo
2603 4344 2858 4410 sacerdos
2895 4343 2960 4397 ad
2991 4341 3312 4397 celebranda
3345 4357 3435 4397 sa-

1843 4441 2128 4486 crosancta
2161 4433 2418 4504 mysteria
2461 4447 2658 4486 mensa:
2703 4433 2924 4488 adstans
2956 4433 3180 4500 divinae,
3206 4431 3324 4501 cjns
3344 4432 3432 4501 ju-

1835 4526 1974 4596 giter
2006 4536 2352 4587 memoretur,
2386 4525 2540 4596 cujus
2571 4526 2808 4580 tumulus
2835 4526 3080 4598 corporis
3111 4541 3224 4596 prae
3253 4525 3428 4580 oculis

1836 4617 2178 4672 venerandus
2206 4618 2433 4672 habetur
2470 4626 2525 4673 et
2551 4619 2812 4674 cernitur.
2848 4619 3102 4690 Suscepit
3126 4618 3432 4687 episcopale

1836 4706 2090 4771 officium,
2122 4723 2268 4762 anno
2297 4708 2364 4761 ab
2406 4710 2788 4765 lncarnatione
2832 4709 3052 4768 Demini
3099 4706 3271 4760 nostri
3306 4705 3434 4760 Jesu

1834 4803 2035 4857 Christi
2090 4801 2216 4869 984,
2263 4805 2324 4858 17
2355 4805 2400 4836 ⁹²
2441 4804 2709 4859 Kalendas
2757 4802 3118 4862 Novembris;
3163 4797 3442 4850 ordinatus

1836 4906 1917 4950 est
1944 4899 2135 4953 eodem
2169 4913 2310 4950 anno
2337 4897 2368 4950 ὃ
2394 4897 2624 4953 Kalend.
2652 4895 2944 4956 Januarii.
2979 4887 3218 4947 Transiit
3243 4901 3309 4938 ex
3345 4889 3448 4940 hac

1837 4986 1953 5044 luce
1983 4989 2049 5045 ad
2085 4989 2294 5041 beatam
2324 4990 2491 5043 vitam
2537 4997 2590 5040 et
2630 5000 2813 5040 veram
2863 4986 3080 5050 lucet“
3117 4988 3248 5023 mm“
3271 4974 3453 5025 ῧυὶιὶῖο

2661 5093 2694 5110 η
2720 5073 2886 5110 ,ηιίιιι
2906 5100 2947 5110 ,ς
2982 5077 3040 5110 os
3089 5059 3475 5110 indictioneb“

1835 5081 1966 5110 ιιῖηινι
1986 5083 2059 5110 1...
2082 5081 2373 5110 ηιιι-ηοῖηοιῖρ
2407 5077 2654 5110 υνλῖηηθῖηι
