3984 5316
432 261 571 318 13ῗὸ
963 261 1426 319 CONSTANTINI
1465 263 1523 320 S.
1567 258 2041 341 SYMPHORIA‘NI
2082 266 2377 324 ABBATIS
2418 268 2578 324 VITA
2618 267 3097 327 ADALBERONIS
3136 271 3198 326 ll.
3580 267 3718 324 1576

433 364 659 435 Domino
697 384 882 432 nostro
911 372 1039 431 Jesu
1086 375 1325 439 Christo,
1372 377 1458 430 cui
1512 391 1634 431 cum
1681 384 1886 432 aeterno
1913 377 2023 432 Deo
2054 383 2098 441 Α
2130 378 2405 433 beatitudo
2434 381 2670 435 omnium
2700 390 3036 447 sanctorum,
3064 381 3156 452 qui
3185 389 3269 438 est
3297 380 3447 436 salus
3473 380 3719 438 inﬁrmo-

431 452 591 523 l’atrc
619 476 675 524 et
695 479 899 525 veterno
924 467 1034 524 Deo
1055 466 1258 539 Spiritu
1286 476 1476 523 sancto
1500 477 1582 524 est
1607 467 1725 524 laus
1740 479 2022 541 perpetua,
2131 483 2274 533 rum,
2317 469 2407 537 qui
2434 479 2517 525 est
2549 468 2797 526 remissio
2817 479 3191 540 peccatorum,
3224 471 3315 542 qui
3347 479 3433 526 est
3460 470 3613 527 salus
3640 473 3721 527 vi-

434 566 605 616 honor
637 559 955 616 lndeliciens
979 601 994 626 ,
1039 560 1186 632 jugis‘
1216 560 1384 632 gloria
1405 602 1420 627 ,
1448 560 1733 617 ineﬂ'abilis
1759 562 1979 618 claritas
2005 602 2020 627 ,
2129 559 2391 624 ventium,
2427 559 2517 631 qui
2561 568 2646 616 est
2670 561 2995 618 resurrectio
3021 570 3382 628 mortuorum,
3411 571 3470 618 et
3495 578 3643 618 nunc
3661 571 3719 619 et

433 651 875 719 incomparabilis
900 650 1233 725 magnitudo.
1268 651 1503 724 dignitas
1539 652 1782 722 inﬁnita;
1815 654 1909 725 qui
1939 664 2022 711 cst
2129 665 2343 723 semper
2366 660 2419 707 et
2440 666 2536 724 per
2553 651 2733 709 omnia
2754 652 2951 712 saecula
2977 653 3295 712 saeculorum
3323 652 3391 709 ’⁸.
3420 651 3625 709 Amen.

1217 1132 1977 1227 EPITAPHIUM
2054 1137 2931 1237 ADALBERONIS.

431 1393 647 1461 Lector,
677 1391 780 1465 fige
801 1391 1051 1463 gradum,
1077 1390 1170 1473 qui
1198 1400 1317 1445 voto
1345 1391 1519 1448 tendis
1546 1391 1598 1446 in
1628 1389 1823 1461 altum,
2051 1379 2097 1440 Β
2128 1391 2371 1471 Signifer
2416 1411 2448 1449 n
2475 1397 2690 1461 castris,
2717 1396 2918 1453 civium
2948 1413 3054 1453 oux
3086 1404 3329 1467 tempore
3349 1395 3536 1468 pacis,

502 1487 629 1543 Istic
658 1495 713 1541 ct
733 1494 893 1542 caute
919 1482 1124 1540 scribta
1157 1482 1396 1538 n0tando
1426 1483 1575 1555 lege,
1926 1518 1929 1523 -
2131 1480 2399 1539 Virtutum
2428 1485 2572 1541 fama
2602 1486 2818 1558 vulgate
2844 1500 2944 1558 per
2970 1487 3092 1542 avia
3123 1495 3316 1543 cuncta
3336 1528 3353 1554 ,

433 1581 639 1643 Taliter
662 1589 723 1653 ut
750 1580 917 1653 vitam
942 1576 1163 1633 studeas
1199 1590 1419 1630 servare
1446 1575 1710 1645 quietam,
1822 1654 1825 1657 Δ
2127 1573 2324 1645 Aspice
2352 1575 2401 1617 9‘
2430 1592 2578 1632 nunc
2606 1576 2763 1633 oculo
2792 1594 2911 1647 quae
2938 1588 3066 1633 sunt
3094 1578 3183 1634 hic
3205 1579 3410 1634 scribta
3436 1589 3667 1634 sereno.

503 1660 748 1742 Qualiter
772 1673 864 1728 bic
892 1670 1079 1744 gessit,
1106 1684 1265 1740 quem
1295 1669 1475 1725 brevis
1500 1685 1636 1725 urna
1661 1684 1759 1740 cap
1785 1677 1827 1725 t.
2131 1665 2333 1721 Scribsi
2367 1675 2636 1724 tantorum
2666 1669 2878 1725 tibimet
2898 1668 3103 1724 formas
3126 1683 3517 1739 numerorum;

431 1767 532 1823 Hic
557 1767 694 1823 civis
722 1767 768 1799 "
794 1764 1066 1837 egregius,
1092 1763 1262 1835 regali
1289 1762 1459 1835 stirpe
1486 1762 1745 1827 decorus,
2129 1756 2279 1830 Elige
2309 1758 2375 1816 de
2405 1760 2620 1828 multis,
2648 1777 2784 1832 quos
2809 1761 2877 1817 ad
2902 1761 3141 1817 tumbam
3170 1761 3402 1819 senioris

505 1855 771 1923 Servatur
801 1853 1028 1919 tumulo,
1062 1867 1238 1923 usque
1272 1861 1526 1921 resurgat
1560 1851 1744 1906 humo.
2130 1848 2322 1906 Dilecti
2350 1849 2504 1908 vobis
2526 1860 2580 1908 et
2605 1851 2818 1907 cunctis
2846 1851 3085 1909 scribere
3106 1852 3303 1921 possis.

432 1944 534 2000 llic
568 1952 724 2016 pater
749 1951 805 2000 et
824 1953 1012 2013 pastor
1035 1941 1290 2013 mitisque
1309 1956 1407 2013 per
1426 1940 1610 1996 omnia
1634 1941 1827 1997 doctor
2132 1939 2191 1995 Si
2218 1955 2325 2010 qua
2348 1949 2547 1996 sonant
2567 1940 2760 2012 lepide,
2785 1940 3032 2010 placeant
3058 1941 3126 2009 ",
3152 1948 3307 2011 pater
3336 1938 3516 2008 alme;

499 2034 732 2092 Nomine
759 2034 1027 2090 Adalbero
1054 2031 1280 2089 fulserat
1309 2033 1533 2089 eximio.
2133 2031 2276 2086 Dure
2305 2033 2450 2102 quod
2486 2044 2760 2100 resonant,
2786 2033 2887 2088 hoc
2912 2031 3094 2087 clausa
3119 2031 3333 2088 silentia
3364 2030 3632 2087 condant.

434 2127 611 2184 Annis
644 2128 732 2184 hic
764 2128 908 2201 binis
939 2125 1169 2181 feliciter
1199 2135 1363 2195 atque
1387 2125 1595 2182 vicenis
2133 2120 2177 2179 0
2198 2122 2382 2177 senior
2402 2122 2577 2178 dulcis
2605 2136 2769 2195 super
2793 2123 2976 2178 omnia
3003 2131 3219 2177 nectara
3242 2121 3450 2187 mellis,

509 2216 760 2272 Mettensi
794 2214 1029 2271 domina:
1056 2212 1258 2285 prefuit
1284 2212 1556 2279 ecclesiae,
2133 2210 2331 2269 Mcmet
2353 2213 2697 2271 Cuonradum
2725 2214 2772 2247 ⁸⁸
2801 2214 2947 2271 celso
2973 2214 3067 2270 tibi
3090 2221 3274 2269 sterno
3297 2213 3582 2285 pusillum,

438 2307 694 2365 Sectator
718 2306 917 2378 legum,
950 2304 1255 2362 rectissima
1286 2319 1480 2360 norma
1504 2303 1776 2363 minorum
1798 2344 1816 2371 ,
2133 2303 2203 2375 Et
2228 2319 2378 2376 rogo,
2407 2314 2596 2361 sancte
2627 2314 2799 2377 pater,
2827 2292 3067 2375 quonon
3095 2311 3179 2359 est
3200 2304 3443 2360 sanctior
3464 2302 3635 2369 alter,

462 2466 470 2473 υ
512 2397 783 2454 Precessit
805 2396 970 2461 facto,
1002 2395 1173 2451 suasit
1194 2404 1250 2451 et
1270 2395 1505 2466 eloquio.
2136 2393 2210 2453 Ut
2236 2408 2361 2453 cum
2383 2394 2588 2452 finieris
2614 2410 2801 2451 versus
2824 2410 2932 2453 non
2958 2394 3115 2450 valde
3142 2393 3362 2466 politos,
3644 2466 3645 2469 η

436 2488 684 2547 Gemmis
712 2490 977 2545 virtutum
1003 2488 1275 2544 discretus
1300 2488 1531 2544 duxerat
1554 2502 1727 2545 aevum
1747 2529 1762 2554 ,
2136 2486 2296 2545 Dicas
2321 2488 2482 2546 corde
2507 2488 2684 2546 bono:
2720 2489 2825 2556 Qui
2846 2488 2967 2560 fecit
2992 2489 3122 2544 vivat
3149 2489 3204 2543 in
3232 2486 3395 2543 almo.
3423 2486 3618 2541 Amen.

509 2581 788 2639 Tractavit
809 2588 1040 2638 cunctos
1069 2587 1129 2635 ut
1155 2578 1404 2650 proprios
1433 2579 1665 2651 genitos.

438 2674 720 2745 Virgineos
746 2682 920 2730 cretus
947 2673 1339 2728 monachorum
1367 2672 1457 2727 hic
1482 2680 1640 2742 pater
1664 2671 1839 2727 almus

2875 2636 2947 2651 .-

514 2726 995 2831 suassuas;
1015 2762 1329 2833 praetulitet
1354 2726 1529 2844 laicis.
1824 2726 1831 2727 ί
2063 2726 2106 2785 ο
2680 2743 2910 2801 VERBA
2947 2742 3164 2800 LIBRI:

392 2872 397 2881 '
439 2857 544 2914 Pes
572 2857 753 2938 fuerat
772 2857 1000 2924 claudo,
1024 2856 1210 2912 lucens
1233 2864 1287 2913 et
1314 2855 1507 2912 semita
1539 2869 1683 2911 caeco
1704 2895 1719 2922 ,

2139 2868 2273 2924 Cum
2294 2862 2510 2938 juvenis
2538 2860 2828 2935 Splendens
2860 2856 3065 2913 fueram
3083 2895 3098 2922 ,
3124 2861 3403 2910 mutuatus
3430 2850 3654 2907 adibam

514 2948 818 3005 Consolans
842 2949 1023 3004 tristes
1048 2957 1102 3003 et
1126 2948 1375 3004 refovens
1407 2947 1627 3017 inopes;

2139 2956 2454 3014 Cmnobium
2478 2961 2722 3011 sanctum
2752 2948 2896 3005 celso
2923 2946 3133 3002 Nabore
3157 2951 3452 3011 sacratum,

442 3036 584 3093 Nulli
610 3035 839 3093 difficilis
855 3077 871 3104 ,
900 3036 1003 3093 nisi
1031 3036 1170 3093 forte
1190 3050 1286 3107 per
1308 3036 1427 3091 avia
1450 3036 1668 3106 pronis;

2139 3050 2198 3105 In
2227 3064 2335 3121 quo
2357 3045 2601 3118 prazclari
2629 3041 2795 3098 multa
2824 3050 2880 3097 et
2900 3040 3098 3095 virtute
3121 3035 3333 3109 probati

518 3126 627 3184 llos
659 3137 840 3184 tamen
860 3128 977 3198 ipse
1005 3127 1125 3198 pius
1156 3126 1442 3182 rexeratin
1467 3126 1681 3182 melius.

2140 3144 2491 3215 lnsignesque
2524 3138 2627 3195 viri
2653 3137 2921 3194 desudant
2948 3133 3106 3190 laude
3140 3128 3433 3203 perbenui;

442 3222 503 3279 In
533 3223 744 3279 Domini
780 3223 993 3278 laudem
1030 3221 1133 3276 sibi
1161 3220 1576 3291 mercedemque
1598 3220 1929 3290 perhennem

1916 3240 1929 3273 '
2140 3236 2197 3292 ln
2227 3250 2335 3306 quo
2359 3248 2461 3304 pax
2491 3231 2665 3288 radiat
2690 3244 2882 3302 magna
2904 3234 2959 3283 et
2984 3222 3247 3295 sapientia
3271 3229 3488 3292 regnat.

519 3313 707 3372 Erexit
727 3310 927 3367 multas
955 3312 1154 3368 struxit
1183 3320 1238 3368 et
1263 3311 1559 3387 aeqclesias.

2142 3327 2382 3384 Moribus
2403 3332 2458 3380 et
2486 3323 2689 3381 sanctis
2708 3318 2995 3378 concordia
3027 3316 3195 3387 fulget
3220 3312 3274 3368 in
3302 3311 3428 3368 illis.

446 3405 562 3461 Hoc
595 3404 851 3477 templum
882 3402 1114 3459 fundans
1139 3403 1310 3459 multo
1331 3412 1383 3460 et
1406 3403 1603 3460 sudore
1629 3402 1903 3469 laborans,
2141 3422 2270 3478 mue
2294 3434 2417 3476 cum
2449 3417 2596 3483 veni,
2635 3415 2845 3471 felicem
2875 3426 2962 3468 me
2984 3410 3255 3481 reputavi;
3570 3479 3574 3482 g

522 3497 818 3555 Servitium
852 3496 1066 3553 Domini
1101 3496 1190 3552 bic
1216 3496 1405 3552 statuit
1432 3494 1640 3568 peragi,

2141 3514 2383 3585 Namque
2407 3510 2585 3583 capite
2607 3517 2662 3565 et
2682 3506 2854 3564 cauda
2880 3503 3091 3576 portavi
3121 3510 3335 3575 tergora
3367 3500 3541 3566 nuda,

447 3590 556 3647 δθιι
586 3605 693 3647 non
716 3597 777 3645 ut
797 3588 963 3646 voluit
983 3629 998 3655 ,
1027 3588 1153 3660 quia
1179 3588 1403 3645 mordax
1433 3587 1557 3643 linis
1582 3586 1804 3644 ademit.
2144 3605 2393 3675 Undique
2422 3601 2599 3657 nudus
2624 3614 2806 3666 eram;
2835 3596 2933 3653 sed
2954 3609 3082 3651 ωοι
3108 3593 3337 3649 vesulus
3365 3590 3601 3647 abibam.

526 3684 639 3755 lleu
666 3697 790 3755 sors
820 3681 940 3737 dira
967 3682 1151 3749 necis,
1184 3696 1304 3752 qua:
1330 3680 1454 3736 tulit
1479 3680 1624 3736 hunc
1651 3677 1894 3749 superis!
2144 3696 2261 3752 Non
2285 3705 2337 3750 ιθ
2361 3694 2502 3750 sicut
2531 3706 2617 3748 me
2643 3689 2956 3746 decoratum
2988 3684 3175 3749 credo,
3196 3682 3438 3747 Lucane,

447 3776 619 3844 Qlicm
641 3773 846 3845 ΡῙωιΒῖι
869 3771 1121 3844 Populus:
1151 3788 1312 3843 quem
1336 3770 1477 3827 Ῑωίῖι
1510 3770 1676 3826 [nulla
1694 3770 1970 3841 Ῑυνεηιυε)
2143 3787 2256 3844 Nec
2284 3795 2338 3843 te
2357 3780 2746 3841 Constantinus
2768 3776 2975 3834 habens
2998 3773 3216 3832 vestivit
3251 3773 3456 3826 honore

520 3868 711 3924 Patres
734 3875 788 3922 et
823 3865 959 3933 nati,
985 3865 1232 3938 servulus
1252 3874 1306 3921 et
1332 3864 1563 3922 Domini.

2146 3879 2218 3936 Ut
2246 3892 2334 3933 me
2358 3873 2678 3932 Cuonradus
2705 3869 2769 3935 ’⁸,
2801 3866 2891 3938 qui
2919 3865 2991 3921 sit
3011 3877 3229 3935 semper
3249 3858 3594 3922 benedictus;

453 3957 555 4015 Hi0
584 3956 995 4029 (Ιυπιοάεείηιο
1018 3956 1219 4013 melis“
1247 3955 1347 4011 sub
1374 3953 1489 4011 5°13
1519 3952 1831 4019 Decembris
2145 3968 2312 4038 Cujus
2355 3967 2434 4023 sic
2466 3963 2669 4027 studiis.
2691 3960 2858 4032 signis
2886 3956 3127 4027 fulgesco
3154 3951 3405 4016 novellis,

529 4050 807 4107 Decedens
831 4050 1053 4116 mundo,
1086 4064 1143 4105 se
1173 4048 1323 4104 dedit
1345 4047 1675 4104 Altitbrono.
1950 4090 1955 4097 .
2072 4067 2102 4128 ὲ

2150 4061 2389 4132 Margine
2412 4060 2588 4128 deque
2625 4069 2745 4110 meo
2781 4065 2925 4107 nunc
2967 4047 3120 4119 plura
3147 4044 3481 4116 problemata
3516 4051 3722 4132 pango;

452 4143 653 4200 Lector
686 4159 699 4196 :
736 4139 914 4211 Hujus
944 4141 1111 4212 culpa:
1143 4139 1281 4195 Deus
1306 4149 1514 4205 auctor,
1545 4138 1650 4202 dic,
1674 4138 1917 4191 miserere
1942 4134 2044 4189 3-
2149 4130 2289 4221 Qua;
2302 4149 2625 4223 quicumque
2648 4144 2801 4217 legis,
2823 4143 2910 4199 dic
2939 4158 2953 4197 ;
2990 4137 3174 4194 Vivam
3203 4151 3403 4208 δεηψεΐ
3436 4134 3491 4188 in
3516 4130 3639 4187 altis

534 4231 685 4288 Vivat
708 4245 757 4290 et
783 4234 839 4290 in
863 4230 1103 4289 Christo!
1128 4229 1370 4287 clamitet
1398 4228 1577 4285 omnis
1605 4228 1791 4284 homo.

2151 4244 2348 4302 Sancto
2370 4242 2423 4299 Ν
2429 4241 2576 4298 abori
2597 4236 2912 4311 famulantes
2936 4224 3074 4290 sorte
3099 4229 3367 4302 perhorrui.

1217 4377 1290 4389 —
2150 4335 2195 4392 Ο
2230 4334 2558 4405 quicumque
2582 4329 2756 4385 libens
2784 4340 2974 4382 versus
3005 4320 3282 4393 aspexeris
3311 4319 3442 4374 istos

2151 4424 2403 4495 Undique
2431 4432 2486 4479 et
2506 4420 2778 4492 adpositos
2796 4458 2812 4485 ,
2837 4415 3019 4482 utiles,
3049 4423 3104 4469 et
3123 4411 3246 4482 jure
3282 4406 3569 4479 legendos,

455 4456 504 4513 0
531 4455 827 4513 llatramne
854 4465 1030 4528 pater,
1052 4458 1379 4514 venerabilis
1404 4471 1501 4513 ore
1524 4461 1801 4526 magister,

459 4546 639 4578 Πιιιηῖιο
695 4561 822 4578 ἰη-ιιι
869 4548 1062 4578 .‘nnnnn
1111 4547 1339 4578 Γηηεηιιιιι
1403 4547 1741 4578 Ιιηηὲηιηηηιιιι
1786 4545 2020 4578 non-dona

2157 4455 2403 4495 unusquc
2431 4455 2486 4479 σι
2506 4455 2778 4492 αυγυοιινσ
2796 4458 2812 4485 ,
2839 4455 3019 4482 ιηιιυιι,
3050 4455 3104 4469 ν.
3123 4455 3246 4482 ν..-
3284 4455 3416 4479 -..ου

1851 4545 2020 4578 ...ιρηα
2155 4517 2290 4575 Dic:
2319 4513 2602 4572 Cuonrado
2625 4511 2693 4545 ¹⁰⁰
2721 4510 2784 4566 sit
2802 4510 2910 4564 vita
2929 4504 3174 4578 salusque
3203 4500 3424 4556 misello.

458 4546 660 4615 Dulcis,
694 4561 840 4617 care,
867 4548 1085 4616 decens,
1111 4547 1340 4604 facunde
1401 4547 1762 4619 benigneque,
1786 4545 2044 4616 prudens,

436 4684 449 4710 Ι

1735 4716 1966 4777 νΑΙῖΙᾸι]
2006 4713 2408 4773 LECTIONES.

533 4873 582 4907 “
610 4873 925 4945 srccnlnrutn
948 4871 1004 4926 2.
1072 4872 1127 4945 ξ’
1153 4872 1291 4945 cinis
1316 4890 1361 4928 ο.
1439 4874 1485 4905 ⁸⁸
1513 4872 1702 4945 Espice
1724 4888 1771 4926 ο.
1895 4870 1942 4901 ’⁷
1975 4871 2267 4925 vocabula»
2343 4879 2504 4924 aeest.
2605 4868 2651 4900 ”
2679 4863 3047 4942 κουωνραδουμ
3075 4860 3255 4927 codex.
3346 4856 3393 4892 ’θ
3422 4852 3730 4927 cxpnrbdn

461 4945 648 5004 codex.
726 4944 793 4977 ¹⁰⁹
817 4943 1138 5008 Κουωνραδω
1158 4944 1276 4999 cod.
