3984 5316
1730 380 2493 392 “““’“““““““’·-⁴“’“
2679 389 2767 395 ““
2874 391 3427 432 -ς--ἠ

1555 493 1726 537 ANNO
1768 497 1998 540 DOMINI
2041 499 2270 544 IXXIV.

361 646 1815 824 BENEDICTUE

2025 663 2465 825 VIII
2521 780 2526 786 »
2597 664 3273 831 PAPA.

1256 1137 1765 1232 NOTITIA
1831 1141 2520 1235 HISTORICA.

1001 1329 1180 1400 (Apud
1201 1329 1394 1395 Maus],
1411 1296 1766 1386 Conciliorum
1792 1331 2028 1400 ampliss.
2065 1331 2338 1397 Collectio,
2369 1331 2510 1399 XIX,
2533 1333 2684 1406 323.)

1763 1492 1970 1507 -ο

285 1633 646 1697 Benedictus,
688 1638 910 1692 natione
955 1637 1317 1698 Tusculanus,
1364 1637 1527 1709 hujus
1576 1638 1810 1692 nominis
1841 1625 1887 1681 Α
1917 1638 2137 1709 imitati,
2172 1637 2457 1709 imaginem
2501 1636 2702 1692 Christi
2729 1637 2943 1709 iisdem
2980 1638 3196 1709 injuriis
3225 1648 3277 1694 et
3305 1650 3495 1696 contu-

205 1714 771 1778 octavus,dcreatus
823 1718 905 1762 est
951 1709 1192 1778 pontifex
1244 1724 1384 1761 anno
1437 1709 1814 1776 Redemptoris

209 1775 402 1845 nostri
439 1774 594 1837 lOl2,
639 1786 880 1845 tempore
928 1774 1145 1831 Henrici
1179 1778 1338 1845 regis.
1371 1774 1654 1830 Adversus
1671 1779 1814 1833 hunc

205 1844 271 1896 in
302 1845 608 1897 schismate
629 1844 815 1900 contra
842 1863 1026 1901 sacros
1049 1844 1286 1901 canones
1317 1859 1532 1900 creatus
1560 1858 1644 1900 est
1673 1847 1812 1902 Gre-

207 1915 584 1982 gorius,qui,
623 1920 858 1982 potentia
915 1918 1276 1971 Romanorum
1336 1917 1527 1975 fretus,
1583 1918 1813 1970 Benedi-

209 1994 377 2056 ctum
435 1985 510 2056 ab
545 1983 685 2038 Urbe
735 1987 960 2056 expulit.
1015 1985 1447 2056 Pontifex,hauc
1498 1984 1747 2053 iniuriam
1784 2003 1814 2039 a

211 2053 584 2126 schismatico
606 2053 819 2126 illatam
847 2074 951 2111 non
985 2057 1182 2117 ferens,
1215 2055 1282 2108 ad
1315 2057 1602 2108 Heuricum
1634 2072 1814 2126 regem

213 2123 272 2194 in
306 2123 552 2176 Saxouia
586 2125 866 2193 degentem
899 2142 957 2180 se
978 2127 1228 2188 contulit,
1254 2126 1605 2194 expositaque
1630 2123 1815 2179 Coram

215 2193 641 2260 imperatorem,
657 2211 775 2263 qua:
795 2211 982 2264 passus
1004 2207 1144 2259 erat,
1159 2197 1207 2247 vi
1229 2205 1283 2247 et
1301 2193 1609 2262 ignominia,
1627 2195 1817 2249 llenri-

213 2277 323 2315 cus
356 2277 451 2334 rex
472 2303 485 2324 ,
520 2276 708 2330 parato
735 2278 789 2318 et
818 2276 1117 2321 convocato
1148 2281 1308 2332 quant
1345 2266 1517 2334 potuit
1552 2266 1814 2320 citissime

215 2333 498 2404 exercitu,
529 2335 594 2384 ad
627 2335 1010 2389 vindicandam
1056 2336 1311 2404 injuriam
1349 2333 1474 2386 'sedi
1513 2335 1816 2404 apostolica:

218 2402 439 2475 illatam
476 2403 696 2456 Romam
726 2404 998 2474 profectus
1029 2402 1132 2459 est.
1154 2405 1321 2474 Cujus
1349 2402 1582 2457 adventu
1609 2404 1814 2475 Grego-

222 2472 350 2543 rius
409 2472 747 2543 pseudopapa
807 2476 1186 2528 schismaticus
1237 2472 1586 2543 perterritus,
1620 2472 1812 2528 relicta

221 2541 407 2613 Urbe,
437 2541 680 2610 aufugit;
728 2543 1071 2610 Benedictus,
1118 2541 1278 2613 quem
1323 2558 1417 2613 rex
1457 2545 1813 2612 praemiserat,

221 2612 486 2683 eamdem
520 2615 658 2665 l'etri
690 2617 1005 2668 cathedram
1042 2611 1265 2682 recepit.
1297 2611 1548 2683 iCumqne
1588 2613 1814 2667 Romam

218 2681 470 2753 venienti
516 2697 770 2737 coronam
816 2685 1146 2753 imperialem
1171 2681 1431 2737 conferre
1461 2681 1812 2744 ilerrevis~et.

223 2767 329 2822 pro
366 2752 557 2819 insigni
590 2754 859 2823 imperiali
890 2752 1000 2823 regi
1027 2753 1376 2816 conferendo,
1412 2753 1595 2819 jussit,
1631 2756 1808 2823 inquit

224 2821 536 2892 Ditntarus,
581 2821 838 2877 fabricari
871 2821 1090 2878 aureum
1123 2839 1362 2892 pomum,
1393 2834 1554 2891 atque
1583 2821 1811 2877 circum-

224 2891 351 2943 dari
391 2907 484 2958 per
514 2896 777 2959 quadrum
810 2891 1213 2963 pretiosissimis
1253 2893 1556 2963 quibusque
1585 2895 1813 2958 gemmis

1917 1708 2094 1762 meliis
2131 1708 2440 1761 aliecissent
2467 1709 2662 1774 quibus
2690 1707 2818 1761 olim
2851 1709 2962 1774 ipse
2981 1707 3240 1763 Christus
3267 1710 3497 1765 allectus

1917 1777 2118 1831 fuerat.
2164 1778 2372 1830 Addit:
2409 1777 2607 1829 Eodem
2650 1778 2736 1830 die
2781 1787 2904 1844 post
2953 1793 3166 1831 crucem
3221 1780 3498 1834 adoratam

1917 1848 2065 1901 circa
2125 1861 2410 1914 vesperum
2459 1847 2670 1899 turbine
2717 1857 3000 1900 ventorum
3060 1857 3226 1901 totam
3271 1849 3497 1904 Romam

1917 1932 2260 1974 concussam.
2305 1929 2604 1982 omnesque
2632 1930 2767 1984 pene
2793 1915 3072 1971 Romanos
3098 1918 3310 1984 occisos
3338 1934 3456 1972 esse
3479 1937 3494 1981 ;

1918 2002 2094 2053 neque
2137 1987 2284 2052 prius
2330 1999 2574 2039 cessasse
2616 1982 2809 2039 ventos
2861 2000 3021 2054 quam
3068 1991 3134 2040 de
3176 1982 3373 2040 mutuis
3405 2003 3502 2054 per

1920 2056 2164 2109 Judtaum
2197 2055 2468 2109 accusatis
2501 2054 2742 2124 pontifex
2775 2057 2970 2123 capitis
3001 2056 3323 2125 supplicium
3351 2073 3500 2110 suin-

1960 2127 2138 2178 sisset.

1960 2170 1968 2177 .
2126 2163 2138 2176 .

1919 2143 2162 2262 psiiufiits
2217 2195 2435 2247 hortatu
2507 2193 2860 2248 Northmanni
2925 2195 3146 2249 Grzecos
3195 2195 3247 2249 in
3303 2195 3498 2264 Apulia

1922 2267 2173 2334 pluribus
2225 2265 2466 2318 victoriis
2515 2265 2868 2318 debellaruut.
2911 2265 3148 2334 Rogatus
3178 2265 3245 2318 ab
3269 2265 3504 2319 Henrico

1919 2337 2251 2403 imperatore
2294 2336 2361 2387 ad
2398 2336 2846 2390 .confirtnandum
2892 2350 2986 2388 sua
3029 2336 3312 2402 prmsentia
3349 2335 3505 2388 Bam-

1918 2407 2235 2473 bergensem
2268 2405 2660 2473 episc0patum,
2697 2419 2857 2472 quem
2901 2406 3022 2473 ipse
3056 2405 3350 2471 imperator
3385 2419 3506 2459 ere-

1919 2472 2094 2536 xerat,
2129 2472 2480 2542 Bamhergam
2509 2474 2656 2526 venit
2685 2474 2739 2525 in
2771 2472 3144 2536 Germaniam,
3170 2473 3352 2542 ibique
3380 2482 3504 2541 post

1919 2545 2222 2624 dedicatam
2267 2542 2451 2623 Sancti
2489 2542 2748 2624 Stephani
2787 2543 3097 2624 ecclesiam,
3127 2558 3223 2610 per
3246 2545 3501 2623 agnatio-

1919 2629 2040 2667 nem
2095 2612 2456 2682 imperatoris,
2503 2611 2672 2681 ipsius
2725 2611 3493 2682 urbisiomniumquejurium

1917 2681 2517 2752 ejusdem,dominium
2547 2682 2797 2734 obtinuit.
2850 2681 2982 2734 Nam
3021 2697 3141 2752 cum
3183 2682 3500 2750 aliquandiu

1918 2750 2041 2822 post
2069 2755 2182 2808 haec
2215 2762 2456 2820 tempora
2489 2750 2674 2822 Roma:
2713 2762 2966 2822 tanquam
2996 2751 3226 2822 domina:
3259 2768 3368 2805 suae
3398 2767 3502 2803 an—

1920 2821 2084 2876 unum
2132 2838 2351 2876 censum
2385 2821 2750 2889 persolvisset.
2794 2821 3058 2876 Henricus
3088 2821 3272 2886 juuior
3309 2837 3406 2889 pro
3433 2836 3498 2874 ea

1921 2893 2230 2951 liberamla,
2266 2901 2320 2945 et
2343 2908 2370 2943 a
2405 2893 2772 2945 Romanorum
2797 2891 3037 2947 dominio
3063 2891 3374 2950 eximenda,
3408 2890 3506 2944 Be-

225 2975 293 3011 ac
323 2963 556 3028 desuper
587 2959 822 3016 auream
850 2980 1066 3017 crucem
1108 2959 1296 3017 inseri.
1344 2959 1484 3015 Erat,
1522 2975 1699 3017 autem
1733 2965 1812 3015 in-
1847 2962 1889 3018 Β
1920 2971 2205 3016 ueventmu
2240 2977 2336 3030 pro
2362 2978 2424 3014 ea
2466 2962 2709 3023 tradidit,
2763 2971 3002 3028 tempore
3055 2959 3249 3014 Leonis
3289 2959 3356 3013 IX
3403 2960 3506 3012 Ro-

226 3040 349 3082 star
392 3033 588 3099 speciei
629 3031 787 3099 hujus
819 3037 1101 3088 mundana;
1133 3034 1312 3088 molis.
1339 3048 1457 3098 quae
1481 3034 1729 3087 VideliCel
1757 3034 1811 3086 in

227 3101 472 3166 quadam
521 3107 850 3158 rotunditate
905 3106 1306 3158 circumsistere
1346 3104 1687 3168 perhibetur;
1731 3112 1812 3168 ut,

226 3172 363 3243 dum
410 3172 534 3223 illud
577 3173 868 3241 respiceret
909 3175 1156 3243 princeps
1187 3173 1383 3225 terreni
1413 3173 1646 3241 imperii,
1674 3173 1816 3243 foret

229 3240 282 3297 ei
312 3240 697 3294 documentutit
745 3260 847 3296 non
890 3240 1042 3297 aliter
1077 3240 1273 3298 debere
1305 3240 1574 3310 imperare
1606 3243 1685 3293 vel
1718 3242 1818 3296 mi-

228 3316 396 3368 litare
427 3311 477 3369 io
510 3314 729 3370 mundo.
760 3328 920 3386 quam
950 3323 1006 3386 ut
1039 3314 1232 3386 dignus
1272 3315 1562 3386 haberetur
1587 3313 1813 3366 viviliezn

232 3389 419 3440 crucis
446 3389 580 3440 tueri
608 3384 802 3440 vexillo
832 3408 845 3441 :
874 3385 932 3441 in
961 3385 1078 3457 ipso
1105 3385 1266 3457 etiam
1299 3384 1638 3457 diversarum
1667 3399 1816 3457 gent-

232 3471 452 3508 marum
499 3458 870 3521 deroramtne,
913 3453 1162 3511 videlicet
1201 3453 1411 3525 imperii
1455 3453 1664 3510 culmen
1698 3453 1819 3522 plu-

233 3525 502 3596 rimarum
566 3527 824 3579 virtutum
885 3529 1167 3596 speciebus
1221 3525 1491 3596 exornari
1538 3533 1809 3596 oportere.

243 3592 520 3655 Venicuti,
557 3605 610 3649 et
645 3597 771 3650 Urbi
795 3592 1412 3664 jam'appropinquanti,
1444 3593 1656 3645 obviam
1699 3607 1820 3659 pro-

234 3667 403 3735 cessit
451 3668 572 3734 pius
623 3667 894 3735 pontifex;
944 3667 1194 3735 quodque
1236 3673 1453 3733 pararat
1507 3673 1735 3735 stemma
1764 3671 1818 3735 ct

237 3732 463 3806 insigne
499 3732 711 3806 imperti
761 3737 932 3789 cidem
962 3732 1177 3790 'obtulit
1217 3732 1260 3806 :_:
1285 3749 1348 3786 ac
1407 3732 1563 3806 paulo
1618 3740 1738 3806 post
1767 3732 1817 3782 in

240 3802 445 3858 Urbem
496 3802 878 3869 introductum,
925 3822 1026 3858 una
1058 3821 1180 3857 cum
1205 3803 1571 3868 Chunegunde
1598 3803 1822 3867 coniuge

236 3873 359 3938 ejus
413 3877 780 3940 sanctissima,
834 3875 986 3928 titulo
1014 3885 1068 3927 et
1100 3890 1296 3927 corona
1352 3870 1615 3938 imperiali
1661 3872 1823 3922 tleco-

237 3946 402 3996 ravit.
458 3945 722 3999 Henricus
768 3945 1057 4014 primordia
1109 3945 1189 3996 sui
1239 3943 1446 4014 imperii
1488 3942 1596 3993 Deo
1626 3955 1821 4014 conse-

236 4028 396 4067 crare
429 4017 632 4076 volens,
668 4010 862 4082 insigni
891 4015 1257 4068 muniﬁcentia
1297 4013 1592 4065 Romanam
1638 4010 1821 4064 Κοριο-

237 4083 376 4136 siatn
405 4087 488 4153 pie
519 4097 811 4154 sancteque
838 4096 919 4138 est
943 4095 1279 4153 prosecutus.

313 4149 670 4219 Sarracenos,
699 4149 786 4222 q'ttt
819 4149 998 4207 lilloi‘a
1028 4154 1280 4208 Ecclesia:
1310 4150 1657 4222 invadebant_,
1683 4149 1826 4202 bello

238 4236 530 4291 aggressus
554 4219 774 4291 fugavit,
807 4235 861 4278 et
891 4225 1120 4278 feliciter
1141 4223 1489 4291 expugnavit.
1528 4221 1600 4273 De
1621 4219 1825 4273 Judmis

240 4242 530 4291 aggtessus
554 4242 605 4278 tu
647 4242 774 4285 :wlt,
807 4242 861 4278 et
891 4242 1120 4278 lcltCItet‘
1141 4242 1489 4291 expugnant.
1528 4242 1600 4273 uc
1621 4242 1818 4273 Jutucts

240 4295 566 4360 quibusdam
612 4242 804 4348 ERomae
852 4297 1196 4362 degentibus,
1227 4302 1362 4345 teste
1387 4290 1586 4362 Glabro
1616 4291 1709 4362 lib.
1737 4306 1818 4351 ιιι.

243 4377 362 4431 cap.
410 4366 463 4427 8,
507 4367 702 4434 capitis
743 4360 1362 4435 suppliciumsutnpsit,
1387 4361 1611 4435 quodin
1650 4360 1818 4412 Para-

1916 3034 2060 3086 maui
2107 3032 2395 3100 pontiﬁcis.
2431 3030 2562 3099 (LI-:0
2584 3031 2886 3094 OSTIENSIS,
2914 3030 3004 3082 lib.
3038 3045 3095 3087 ll.
3127 3045 3247 3097 cap.
3281 3030 3392 3096 47.)

1989 3103 2373 3171 Imperatorem
2446 3101 2511 3152 ad
2583 3102 2860 3168 suppetias
2928 3100 3180 3171 ferendas
3236 3101 3500 3170 adversus

1918 3169 2134 3226 Grzccos
2173 3172 2501 3239 provocavit.
2548 3171 2706 3222 Anno
2752 3173 2895 3223 enim
2932 3169 3168 3222 secundo
3216 3169 3503 3239 pnstquam

1920 3238 2248 3312 pontil'ex_'itt
2281 3240 2625 3312 Germaniam
2652 3241 2909 3302 venisset,
2941 3241 3234 3312 imperator
3261 3238 3505 3312 hostibus

1926 3307 2240 3366 tremendus
2297 3312 2350 3364 in
2406 3310 2612 3363 Italiam
2676 3326 2796 3362 eum
2857 3309 3096 3362 exercitu
3149 3321 3207 3360 se
3254 3307 3505 3372 contulit,

1923 3397 2128 3450 suoque
2185 3382 2418 3434 adventu
2464 3382 2776 3434 Graecorum
2837 3379 3077 3432 fautores
3152 3377 3286 3450 alios
3343 3378 3504 3450 cepit,

1921 3447 2057 3505 alios
2089 3451 2327 3521 fugavit;
2357 3452 2618 3520 Capuam,
2648 3449 2862 3518 Trojam
2896 3450 3138 3521 aliasque
3173 3448 3334 3499 urbes
3357 3447 3510 3499 Gue-

1923 3525 2002 3576 cis
2039 3518 2248 3575 deditas
2297 3518 2509 3574 obsedit
2545 3529 2600 3574 et
2645 3520 2993 3587 expugnavit.
3041 3518 3198 3587 Anno
3241 3525 3508 3583 sequente

1923 3593 1976 3644 in
2028 3591 2373 3645 Germaniam
2424 3604 2673 3642 reversus
2718 3585 2839 3640 cum
2894 3587 3127 3638 Roberto
3163 3585 3497 3638 Francorum

1924 3676 2050 3729 rege
2109 3663 2176 3713 de
2224 3670 2376 3729 statu
2432 3659 2602 3723 regni,
2659 3657 2911 3729 Ecclesize
2946 3665 3001 3708 et
3058 3654 3309 3729 imperii,
3371 3669 3504 3729 con-

1925 3724 2168 3799 gressum
2217 3728 2427 3792 habuit,
2477 3741 2710 3794 eumque
2755 3727 2997 3796 pluribus
3046 3724 3360 3776 muneribus
3409 3725 3508 3776 do-

1925 3809 2096 3852 llaVll.

1998 3869 2318 3922 Benedictus
2343 3882 2479 3936 papa
2517 3881 2581 3920 ex
2617 3865 2720 3918 hac
2757 3864 2864 3917 vita
2906 3861 3160 3932 migravit
3199 3861 3360 3936 tertio
3385 3859 3504 3936 Καὶ.

1927 3938 2102 3992 Martii
2147 3953 2290 3989 anno
2340 3931 2497 3998 teat,
2551 3951 2673 3988 cmn
2727 3936 2957 3988 sedisset
2992 3931 3161 3982 annos
3199 3931 3504 3982 duodecim.

1926 4010 2055 4062 Post
2101 4007 2306 4060 obitum
2351 4021 2539 4074 poenas
2569 4004 2863 4074 purgatorii
2898 4016 3112 4070 passum
3149 3998 3312 4074 fuisse
3367 3999 3508 4052 indi-

1930 4089 2057 4131 Cant
2091 4079 2208 4130 dua:
2231 4071 2476 4144 pluresve
2499 4071 2739 4144 cjtisdein
2767 4083 2887 4144 post
2913 4071 3317 4144 morteurfactzc
3337 4084 3507 4144 appa-

1928 4149 2170 4207 ritioaes,
2225 4137 2441 4214 quibus,
2480 4137 2544 4197 ut
2567 4145 2732 4197 refert
2769 4137 2971 4214 'Petrus
3005 4139 3254 4214 Damiaui
3285 4139 3338 4190 in
3374 4137 3510 4194 Odi-

1929 4219 2050 4270 lone
2076 4216 2214 4284 apud
2243 4207 2464 4270 Surium
2523 4224 2576 4266 et
2627 4216 2680 4266 in
2727 4212 2963 4284 epistola
2997 4211 3064 4284 ad
3109 4207 3386 4284 Nicolaum
3415 4223 3508 4262 se-

1931 4277 2187 4349 cundum,
2219 4302 2313 4353 per
2360 4277 2806 4339 intercessionem
2850 4279 3091 4353 Odilonis
3121 4289 3176 4331 et
3205 4277 3506 4353 eleeniosy-

1934 4373 2032 4411 nas
2067 4349 2308 4425 germani
2341 4355 2550 4420 fratris,
2586 4354 2640 4408 in
2668 4354 2794 4407 sedc
2825 4349 3123 4421 apostolica
3155 4350 3505 4414 successoris,

244 4424 429 4498 sceve,
450 4424 742 4488 acti-onem
783 4424 971 4490 eorum
1002 4433 1091 4502 qui
1123 4424 1817 4487 Christum—crucifixerunt
1847 4424 1887 4480 C
1921 4424 2141 4481 liberari
2176 4427 2384 4495 petivit.

340 4559 3471 4590 Μ

1258 4692 1859 4810 ΝΟΤΙΤΙΑ
1942 4687 2544 4803 ALTERA.

915 4903 1346 4976 (Communes,
1379 4898 1656 4954 Bullarum
1677 4937 1693 4962 ,
1724 4858 1953 4963 privileg.
1996 4889 2229 4960 ampliss.
2270 4887 2488 4942 Collect.
2522 4887 2576 4954 l,
2613 4886 2773 4956 317).

1787 5055 2000 5068 ._.__—._
