3984 5316
275 216 405 269 1581

1472 225 1824 283 EPISTOLJE
1869 231 1954 286 ET
1996 235 2332 294 DECRETA.

3393 253 3530 305 1582

270 325 511 379 custodia
542 325 816 396 religionis
851 329 1141 384 relaxatur.
1168 330 1284 398 Quo
1324 335 1570 404 exemplo
1610 338 1854 392 deeerni-
1882 357 1925 410 Α
1955 355 2322 417 transgressor
2364 352 2654 418 exstiterit,
2712 355 3074 412 anathematis
3117 374 3372 417 mucrone
3401 378 3459 418 se
3495 380 3526 418 ι

271 430 392 468 mus
425 416 478 468 in
520 416 824 471 Divioncnsi
855 422 1188 475 monasterio
1214 422 1456 476 divinum
1478 424 1712 480 ofﬁcium
1755 442 1852 495 pro

269 519 476 587 saneta:
519 517 660 562 statu
699 509 950 565 Ecclesia:
983 513 1236 568 continuo
1259 515 1540 582 celebrari,
1590 528 1853 587 quatenus

267 579 613 666 frequentata
699 601 992 656 celebratio
1070 604 1350 660 missarum
1413 617 1466 662 et
1544 611 1849 664 orationum

270 690 513 745 turbines
570 707 633 746 ac
674 695 939 763 procellas
985 696 1355 753 infestantium
1411 702 1588 756 valeat
1627 703 1847 768 sedare;

265 779 393 846 nisi,
419 782 558 848 quod
583 783 746 850 absit,
769 783 1090 854 Lingonensi
1111 787 1381 854 Ecclesiae,
1405 791 1492 846 vel
1521 793 1693 846 eidem
1732 808 1848 846 mo—

263 871 532 935 nasterio,
581 873 924 940 infractione,
974 886 1066 929 aut
1109 880 1354 946 prtesulis
1401 885 1668 951 praedictae
1709 886 1849 938 sedis

261 961 594 1027 proditione,
644 965 757 1018 sive
809 968 1056 1035 captione
1095 970 1277 1038 aliquo
1319 975 1477 1027 modo
1539 977 1844 1038 aecizleule,

258 1067 362 1120 pro
386 1054 580 1120 quibus
611 1067 802 1123 sponte
838 1059 1035 1110 debent
1061 1059 1127 1112 ab
1167 1059 1341 1116 ofﬁcio
1375 1079 1610 1118 cessare.
1641 1065 1844 1119 Valete.

338 1140 468 1194 Data
528 1144 701 1210 pridie
767 1144 1034 1200 Kalendas
1089 1147 1433 1215 Decembris,
1493 1168 1590 1221 per
1653 1170 1845 1208 manus

263 1231 411 1286 Petri
452 1244 653 1289 sanctae
703 1239 1012 1307 apostolica:
1053 1238 1197 1296 sedis
1239 1242 1666 1311 bibliothecarii,
1708 1247 1843 1300 indi-

260 1325 442 1380 ctione
469 1344 520 1381 χ.

1021 1427 1085 1482 li.

254 1505 524 1565 Benedicti
586 1511 736 1590 νηί
778 1521 1306 1590 ρρρωρνὶνίιρῃηιγη
1381 1539 1476 1590 pro
1525 1525 1839 1578 monasterio

696 1585 758 1640 S.
788 1585 1012 1658 Benigui
1055 1585 1403 1646 Divionensis'.

853 1679 1031 1749 (Anno
1061 1681 1244 1752 una.)

561 1768 828 1840 {Priami},
857 1771 1086 1836 Recueil,
1119 1783 1251 1838 etc.,
1285 1791 1339 1845 p.
1374 1775 1526 1848 273.]

325 1855 692 1926 BENEDICTUS,
724 1873 925 1916 saneta:
953 1863 1278 1918 universalis
1320 1865 1574 1919 Ecclesia:
1618 1866 1830 1935 prtesul,

253 1948 450 2005 dilecto
484 1952 537 2004 in
565 1953 782 2007 Christo
817 1952 942 2008 Jesu
970 1955 1080 2007 ﬁlio
1110 1953 1411 2009 WtLLELtto
1440 1957 1622 2010 abbati
1648 1972 1835 2009 mona-

252 2043 402 2096 sterii
435 2044 790 2109 Divionensis,
825 2046 1045 2116 ejusque
1079 2050 1480 2104 successoribus
1517 2051 1836 2119 regulariter

252 2136 664 2202 substituendis,
693 2139 918 2192 salutem
939 2148 993 2192 et
1015 2140 1361 2208 apostolicam
1384 2142 1832 2198 benedictionem.

325 2225 401 2277 Ex
455 2227 696 2294 iujunclo
757 2229 911 2283 nobis
981 2229 1157 2284 olIicio
1220 2239 1532 2285 sanctorum
1590 2231 1834 2286 locorum

246 2316 420 2385 quieti
447 2317 704 2374 debemus
738 2320 1040 2388 invigilare,
1075 2331 1132 2375 ut
1191 2330 1393 2391 quanto
1422 2323 1676 2392 quietius,
1716 2333 1834 2378 tau-

251 2416 306 2460 to
336 2409 579 2464 devotius
611 2411 664 2464 in
693 2412 773 2466 eis
794 2411 1020 2466 Domino
1045 2415 1333 2468 serviatur.

321 2499 642 2570 Propterea,
674 2503 996 2558 charissime
1033 2505 1108 2558 ﬁli
1160 2506 1450 2571 Willelme,
1485 2508 1834 2578 petitionibus

252 2591 357 2645 tuis
369 2603 688 2658 annuentes,
709 2597 1097 2650 monasterium
1121 2607 1358 2653 vestrum
1381 2600 1478 2653 sub
1501 2601 1833 2668 protectione

250 2684 546 2752 apo'stoliea
598 2686 1027 2741 conservandum
1059 2690 1369 2756 statuimus,
1400 2700 1457 2745 et
1502 2707 1570 2745 ue
1617 2694 1684 2745 ab
1723 2693 1834 2762 cpi-

250 2791 414 2845 scapo
439 2776 788 2847 Lingonensi,
839 2787 932 2834 aut
964 2779 1081 2850 ejus
1129 2783 1559 2850 successoribus,
1595 2784 1834 2838 divinum

249 2867 303 2920 in
341 2870 456 2938 ipso
507 2871 836 2926 monasterio
882 2873 1236 2928 interdicalur
1284 2875 1539 2942 oiﬁeium,
1585 2877 1834 2946 prohibe-

249 2976 389 3016 mus.
425 2960 578 3028 Quod
605 2963 765 3018 etiam
818 2965 961 3020 beati
999 2965 1248 3038 Gregorii
1282 2969 1605 3022 auctoritate
1633 2969 1834 3022 conﬁr-

1955 437 2108 490 nobis
2138 439 2420 494 multatum
2445 457 2542 511 pro
2576 453 2724 498 certo
2753 448 2983 500 noverit.

2024 527 2159 581 Data
2215 529 2333 584 Kal.
2385 533 2710 599 Decembris,
2751 549 2848 604 per
2898 552 3088 592 manus
3136 538 3276 596 Petri
3326 553 3526 601 sancta:

1954 618 2261 684 apostolica:
2287 623 2430 679 sedis
2460 624 2871 693 bibliothecarii,
2907 630 3200 688 indictione
3223 651 3276 687 χ.

2692 717 2777 772 lll.

1951 794 2261 855 Benedictus
2309 801 2379 856 Vl
2388 803 2446 856 ΙΙ
2479 822 2621 928 papa
2639 807 2767 875 jura
2794 825 2967 864 omnia
3001 829 3061 866 ac
3091 813 3223 869 bona
3252 815 3308 871 S.
3341 816 3525 878 Drael-

2361 873 2516 928 lensts
2567 876 2791 928 περιθείη)
2822 883 3116 928 confirmat-

2361 873 2516 928 (ensis
2543 873 2791 932 Ecclesia:
2822 883 3116 949 conﬁrmat.

2555 969 2730 1036 (Anno
2760 970 2936 1041 1012.)

2119 1052 2528 1124 [Cocco-unm,
2559 1059 2768 1115 Bullar.
2814 1072 2943 1116 tom.
2979 1065 3022 1129 l,
3049 1082 3180 1137 page
3205 1070 3356 1142 519.}

2017 1140 2358 1200 BENEDICTUS
2378 1150 2684 1218 episcopus,
2717 1165 2906 1206 servus
2929 1169 3205 1211 servorum
3230 1140 3354 1225 Dei,
3371 1177 3522 1217 reve-

1947 1232 2256 1289 rentissimo
2314 1252 2378 1290 ac
2448 1239 2712 1306 spirituali
2763 1242 2872 1296 ﬁlio
2913 1244 3274 1304 Enitaaoauno
3317 1263 3519 1308 sanctae

1948 1321 2274 1392 Urgellensis
2301 1326 2557 1383 Ecclesiae
2580 1332 2850 1402 episcopo,
2881 1335 3090 1406 tuisque
3111 1344 3518 1399 successoribus

1943 1411 1998 1466 in
2025 1424 2365 1482 perpetuum.

2012 1503 2358 1573 Apostolatus
2382 1511 2553 1564 nostri
2581 1511 2882 1568 sollicitudo
2902 1517 3144 1572 omnium
3165 1521 3519 1577 ecclesiarum

1941 1596 2264 1653 utilitatibus
2291 1615 2390 1656 nos
2406 1614 2587 1658 monet
2615 1607 2941 1675 prospicere,
2958 1618 3009 1662 et
3035 1625 3101 1664 ne
3129 1610 3368 1670 funditus
3391 1631 3521 1669 eor-

1865 1696 2128 1759 Bruant,
2180 1705 2336 1760 opem
2397 1703 2669 1763 perpetua)
2732 1700 3139 1755 sustentationis
3213 1703 3518 1772 impertire.

1938 1777 2274 1850 QuaprOpler
2296 1785 2506 1839 cunctis
2526 1787 2967 1858 archiepiscopis,
2989 1791 3229 1855 ducibus,
3252 1796 3510 1850 marehio-

1937 1870 2114 1935 nibus,
2140 1872 2448 1940 comitibus,
2495 1875 2924 1944 viceeomitibus,
2956 1882 3272 1951 cunctisque
3315 1897 3519 1941 sanctae

1937 1959 2031 2013 Dei
2054 1959 2307 2016 Ecclesiae
2328 1961 2450 2017 ﬁliis
2465 1965 2822 2022 manifestum
2846 1968 2961 2024 ﬁeri
2976 1973 3516 2047 volumus,quoniam

1938 2065 2041 2102 una
2077 2065 2196 2104 cum
2228 2063 2424 2110 cuncto
2457 2067 2640 2113 nostro
2669 2059 2814 2115 clero
2848 2061 3243 2135 episcoporum,
3269 2073 3516 2127 cardina-

1937 2137 2550 2213 lium,presbyterorum,
2569 2149 2916 2207 diacouorum
2932 2157 3514 2232 subdiaconorumque,

1937 2230 2320 2289 conﬁrmamus
2350 2245 2512 2306 atque
2537 2242 2882 2298 concedimus
2923 2247 3048 2302 huic
3077 2253 3386 2319 supradicto
3402 2230 3517 2310 —Er-

1938 2324 2238 2390 mengaudo
2263 2327 2518 2397 episeopo
2570 2346 2726 2386 suum
2781 2335 3030 2392 videlicet
3062 2341 3173 2410 jam
3227 2345 3514 2412 praefatum

1934 2414 2302 2485 episcopatum
2350 2431 2549 2477 sanctae
2579 2423 2906 2495 Urgelleusis
2933 2414 3184 2488 Ecclesiae
3212 2452 3277 2490 ex
3310 2439 3518 2509 integro

1937 2509 2332 2564 cumonmibus
2362 2512 2474 2566 suis
2525 2515 2786 2580 aediliciis,
2818 2521 3072 2585 castellis,
3121 2524 3280 2589 villis,
3335 2526 3518 2585 fundis

1935 2607 1988 2653 et
2010 2600 2223 2656 casibus
2252 2603 2304 2656 in
2331 2619 2438 2673 quo
2465 2617 2610 2673 sunt,
2659 2609 2924 2678 ecclesiis,
2971 2615 3142 2670 vineis
3197 2633 3410 2688 quoque
3459 2631 3516 2676 et

1937 2695 2098 2749 terris
2122 2706 2175 2750 et
2204 2699 2391 2766 pratis,
2430 2701 2646 2768 pascuis
2701 2712 2755 2757 et
2787 2705 2958 2771 silvis,
2981 2708 3518 2780 arboribuspomii'e-

1937 2786 2012 2838 ris
2061 2795 2116 2839 et
2167 2788 2520 2856 inpomiferis,
2567 2791 2860 2863 fructiferis
2898 2797 2980 2849 vel
3011 2797 3380 2866 infructiferis,
3436 2802 3518 2856 di-

1935 2877 2076 2930 versi
2108 2878 2340 2946 generis,
2364 2879 2647 2948 paludibus
2669 2893 2724 2938 et
2746 2887 3014 2953 pantanis,
3033 2889 3285 2956 salicetis,
3318 2893 3514 2962 puteis,

1937 2966 2194 3035 fontibus,
2225 2972 2351 3027 rivis
2382 2973 2723 3042 molendinis,
2756 2979 3169 3048 piscationibus,
3217 3001 3311 3040 seu
3347 2987 3512 3040 etiam

251 3070 483 3119 mamus,
515 3056 604 3124 qui
634 3055 894 3113 Joannem
931 3061 1242 3129 episcopum
1277 3062 1343 3114 de
1379 3062 1510 3114 urbe
1539 3061 1708 3115 veteri
1738 3075 1834 3129 pro
1863 3050 1904 3106 Ο
1937 3067 1990 3112 et
2047 3062 2451 3128 venationibus,
2507 3067 2660 3134 aquis
2719 3083 3088 3140 aquarumque
3153 3074 3468 3131 decursibus
3496 3117 3514 3142 ,

249 3145 353 3200 hoc
385 3146 628 3216 increpat
655 3158 708 3202 et
739 3149 1030 3215 interdicit,
1060 3167 1126 3205 ne
1168 3152 1407 3205 divinum
1444 3151 1675 3206 cilicium
1711 3168 1838 3220 pro-

249 3237 432 3291 hibeat
464 3238 517 3291 in
550 3239 813 3293 cmuobiis
852 3242 1138 3307 celebrari,
1181 3243 1308 3310 quia
1347 3244 1559 3312 quoties
1606 3243 1706 3298 hoc
1751 3243 1833 3298 vel

249 3328 450 3397 aliquid
475 3331 861 3384 inusitatumin
895 3335 1236 3386 monasteriis
1275 3336 1499 3402 geritur,
1535 3343 1686 3388 tenor
1712 3335 1835 3388 inde

249 3420 514 3488 regularis
543 3421 852 3490 impeditus,
879 3439 985 3477 non
1007 3439 1195 3492 parum
1230 3441 1259 3478 a
1289 3427 1536 3480 custodia
1561 3427 1833 3496 religionis

247 3511 542 3566 relaxatur.
595 3513 711 3578 Quo
741 3514 988 3582 exemplo
1034 3517 1377 3569 decernimus
1425 3517 1478 3570 in
1525 3518 1832 3572 Divionensi

247 3605 576 3659 monasterio
605 3605 843 3658 divinum
873 3606 1106 3658 oilieiunt
1132 3623 1228 3674 pro
1253 3616 1393 3660 statu
1418 3618 1621 3662 saneta:
1643 3609 1833 3662 Eccle-

246 3695 342 3749 sia:
369 3696 628 3748 continue
655 3695 949 3761 celebrari,
985 3705 1248 3763 quatenus
1301 3696 1639 3764 frequentata
1685 3699 1830 3753 cele-

245 3787 426 3840 bratio
456 3788 739 3841 missarum
767 3795 821 3840 et
849 3789 1158 3841 orationum
1201 3788 1440 3841 turbines
1466 3804 1529 3841 ac
1567 3791 1834 3857 procellas

245 3878 622 3931 infestantium
646 3879 822 3932 valeat
856 3880 1069 3944 sedare,
1103 3879 1224 3941 nisi,
1266 3879 1408 3947 quod
1444 3879 1603 3942 absit,
1633 3879 1829 3951 Lingo-

244 3972 398 4024 nensi
438 3971 712 4036 Ecclesiae,
761 3972 846 4025 vel
899 3973 1072 4026 eidem
1103 3972 1447 4034 monasterio,
1489 3972 1828 4039 iuiractione,

246 4072 342 4115 aut
373 4063 643 4130 praedicta:
689 4065 834 4118 sedis
865 4064 1108 4133 prtcsulis
1156 4065 1405 4132 captione
1445 4063 1624 4132 aliquo
1674 4067 1831 4120 modo

247 4155 547 4219 accidente,
574 4170 670 4224 pro
692 4156 885 4224 quibus
901 4167 1090 4224 sponte
1104 4155 1298 4208 debent
1318 4157 1385 4208 ab
1400 4155 1573 4210 oiﬁcio
1593 4171 1828 4221 cessare,

246 4247 487 4299 omnium
513 4247 674 4299 etiam
701 4248 1086 4300 monachorum
1117 4257 1327 4300 tuorum
1359 4247 1832 4314 quoslibetexecs-

247 4351 337 4391 sus
367 4339 660 4393 secundum
693 4337 785 4391 Dei
817 4338 1061 4392 timorem
1103 4347 1154 4391 et
1203 4340 1343 4392 beati
1373 4337 1648 4392 Benedicti
1675 4354 1830 4408 regu-

251 4429 380 4499 lam,
425 4409 658 4501 paterua
726 4432 1192 4486 animadversione
1258 4434 1459 4488 habeas
1521 4436 1820 4504 castigare,

246 4538 347 4579 nec
375 4525 464 4578 ulli
498 4525 873 4594 episcoporum
907 4523 1067 4577 liceat
1116 4514 1386 4580 interdicti
1413 4525 1658 4595 proferre
1705 4544 1826 4583 sen-

249 4617 490 4682 tentiam,
529 4631 621 4669 seu
651 4599 976 4682 quiliuslibet
1020 4617 1276 4684 nngariis,
1319 4617 1402 4670 vel
1443 4618 1825 4674 indictionibus

249 4705 495 4776 fatigare,
540 4707 780 4774 quardiu
830 4707 928 4774 ipsi
982 4707 1232 4759 monachi
1287 4719 1481 4761 vestra:
1529 4709 1825 4780 disciplinae

249 4798 398 4851 subdi
430 4799 722 4862 voluerint,
753 4807 806 4850 et
861 4796 1198 4866 regularibus
1235 4798 1663 4855 institutionibus
1695 4817 1821 4870 sup-

249 4889 390 4955 poni.
448 4888 790 4955 Quzceunque
848 4901 974 4940 vero
1027 4889 1305 4956 privilegia
1367 4889 1823 4956 praedecessorum

244 4992 487 5032 meorum
519 5019 533 5042 ,
611 4991 944 5046 qtltecunque
999 4989 1264 5045 pne-cepta
1332 4993 1514 5045 regum
1589 4982 1673 5036 νς]
1726 4982 1823 5034 im-

247 5080 553 5137 peratorum
567 5110 580 5132 ,
599 5084 931 5138 quaecunque
946 5071 1141 5138 scripta
1158 5068 1581 5136 Liugonensium
1607 5072 1822 5127 antisti-

247 5167 354 5214 tum
381 5163 712 5229 aliarumque
742 5175 1094 5231 personarum
1125 5162 1267 5213 idem
1305 5160 1614 5219 cwuobiunt
1650 5164 1824 5220 nosci-

287 5268 328 5272 -..
437 5253 504 5272 _-!
529 5253 632 5272 1-..-
701 5270 720 5271 η
828 5253 1074 5272 ..-....~'.__n!
1125 5253 1296 5272 .I‘A...An

1939 3151 2210 3205 montibus
2237 3161 2290 3205 et
2320 3153 2567 3219 collibus,
2608 3155 2781 3226 plagis
2804 3167 2856 3212 et
2885 3159 3123 3228 planitiis
3142 3202 3155 3226 ,
3186 3167 3513 3230 cavertinis,

1938 3245 2360 3316 adjaeentiisque
2392 3263 2602 3312 eorum,
2631 3249 2833 3304 cultum
2864 3253 2945 3307 vel
2970 3254 3250 3322 incultum,
3278 3272 3377 3312 nec
3407 3273 3515 3312 non

1937 3345 1990 3388 et
2029 3333 2408 3403 pertinentiam
2458 3339 2701 3408 ejusdem
2756 3342 3034 3413 episcopii,
3069 3346 3274 3402 scilicet
3325 3348 3519 3403 Cerda-

1937 3425 2141 3478 niensis
2185 3440 2352 3494 pagus
2370 3466 2384 3490 ,
2411 3426 2767 3495 Libienensis,
2797 3431 3216 3502 Bergitanrnsis,
3241 3435 3516 3493 Paliaren-

1936 3514 2011 3567 sis
2033 3530 2269 3583 quoque,
2297 3527 2458 3584 atque
2481 3517 2918 3586 llibacurcensis,
2949 3521 3303 3581 Jestabieusis
3352 3538 3515 3596 atque

1935 3605 2308 3671 Cardosensis,
2350 3610 2672 3665 Anabiensis
2696 3627 2759 3665 ac
2789 3613 3084 3679 Tirbensis,
3131 3626 3186 3670 et
3210 3617 3358 3673 locus
3385 3635 3512 3674 san-

1934 3703 2032 3748 ctae
2059 3695 2306 3750 Deodala:
2331 3713 2452 3751 cum
2479 3699 2673 3753 ﬁnibus
2695 3700 2826 3763 suis,
2860 3712 3094 3755 castrum
3143 3704 3322 3768 etiam,
3353 3720 3514 3776 quem

1933 3786 2117 3840 dicunt
2146 3788 2362 3855 Turres,
2392 3805 2514 3844 eum
2543 3792 2737 3846 ﬁnibus
2756 3794 2887 3856 suis,
2915 3803 2969 3847 et
2989 3793 3271 3850 Bescaram
3295 3813 3416 3852 cum
3449 3802 3515 3854 ﬁ.—

1935 3879 2090 3932 nibus
2114 3881 2247 3944 suis,
2279 3897 2400 3934 eum
2428 3883 2542 3951 ipso
2597 3884 2773 3950 alode,
2799 3900 2956 3953 quem
2987 3887 3168 3940 dicunt
3203 3888 3325 3955 Sor,
3351 3899 3405 3945 et
3429 3893 3524 3960 ipa—

1933 3989 2022 4028 sos
2055 3975 2292 4040 villares,
2321 3991 2441 4045 quae
2476 3975 2671 4030 dicunt
2691 3976 2914 4042 Letone,
2937 3987 2988 4032 et
3043 3979 3239 4048 Colped
3276 3998 3334 4037 ra
3386 3998 3509 4038 cum

1933 4064 2129 4120 ﬁnibus
2163 4068 2294 4130 suis,
2344 4066 2582 4122 Haelone
2632 4078 2688 4122 et
2713 4069 2939 4123 Sardina
2973 4086 3093 4125 cum
3146 4072 3340 4127 ﬁnibus
3371 4077 3506 4139 suis,

1933 4164 1986 4208 et
2028 4156 2142 4224 ipso
2171 4157 2379 4221 villare,
2415 4173 2574 4226 quem
2613 4160 2795 4213 dicunt
2831 4159 3153 4226 Boscedera,
3202 4163 3510 4221 Calbitiano

1934 4260 2059 4297 eum
2092 4245 2289 4300 ﬁnibus
2341 4248 2474 4312 suis,
2499 4257 2551 4300 et
2576 4248 2865 4304 Lenztirdo
2889 4265 3009 4303 eum
3055 4253 3249 4308 ﬁnibus
3272 4255 3404 4319 suis,
3453 4267 3509 4311 et

1937 4334 2232 4390 Submonte
2269 4351 2389 4389 cum
2417 4337 2611 4392 ﬁnibus
2635 4339 2764 4401 suis,
2784 4347 2838 4391 et
2868 4339 3012 4406 ipsos
3049 4341 3231 4396 alodcs
3265 4344 3331 4397 de
3367 4344 3507 4399 valle

1936 4426 2201 4490 Andozza,
2234 4428 2325 4495 qui
2354 4428 2574 4481 fuerunt
2601 4429 2666 4482 de
2715 4427 2984 4482 Sinifredo
3037 4432 3262 4495 comite,
3300 4443 3354 4487 et
3389 4434 3513 4504 ipso

1926 4515 2046 4570 fevo
2083 4520 2148 4571 de
2188 4519 2525 4582 Archavello,
2572 4529 2624 4572 et
2673 4519 2788 4586 ipso
2827 4519 2980 4574 alode
3010 4523 3076 4575 de
3113 4522 3340 4578 Salellas
3383 4540 3508 4579 cum

1927 4608 2042 4676 ipso
2073 4607 2193 4661 fevo
2217 4610 2282 4661 de
2314 4609 2516 4662 Sancto
2548 4607 2843 4678 Stephano,
2895 4618 2948 4664 et
2987 4611 3131 4680 ipsas
3161 4612 3336 4676 villas,
3388 4631 3509 4682 quae

1927 4700 2110 4752 dicunt
2163 4699 2465 4765 Montanco,
2511 4701 2658 4755 Lcllo
2711 4711 2767 4756 et
2813 4699 3082 4767 Cubilare,
3124 4719 3247 4756 cum
3291 4704 3509 4759 illorum

1927 4797 2202 4859 terminos,
2228 4794 2314 4848 vel
2341 4794 2497 4861 ﬁnes,
2528 4803 2583 4848 et
2610 4795 2723 4864 ipsa
2755 4794 2900 4858 vilia,
2927 4810 3048 4863 qua:
3077 4793 3265 4846 dicunt
3289 4792 3513 4848 Salento

1927 4906 2047 4943 cum
2077 4888 2270 4942 ﬁnibus
2292 4887 2427 4949 suis,
2452 4896 2689 4943 castrum
2717 4883 2880 4938 etiam
2906 4882 3148 4952 Sauguia
3171 4893 3295 4931 cum
3316 4879 3518 4936 ﬁnibus

1926 4982 2059 5043 suis,
2083 4987 2137 5034 et
2165 4979 2276 5045 ipsa
2307 4977 2431 5030 villa
2485 4993 2603 5047 quin
2653 4978 2840 5030 dicunt
2874 4972 3091 5032 Tesse“
3150 4982 3275 5019 cum
3327 4970 3526 5023 ﬁnibus

1925 5075 2057 5136 suis,
2096 5085 2256 5140 quam
2285 5069 2536 5124 Burellus
2561 5082 2742 5122 comes
2767 5066 2822 5117 in
2847 5063 3008 5125 hunc
3037 5060 3415 5128 episcopatum
3434 5077 3536 5130 pro

1925 5182 2019 5219 sua
2050 5165 2177 5219 olim
2203 5161 2654 5224 donavit-anima,
2709 5165 2763 5210 et
2797 5170 2827 5206 a
2855 5168 2973 5213 suo
3010 5155 3129 5213 ﬁlio
3165 5146 3548 5216 Ermengaudo

2971 5270 2976 5271 γ
3013 5243 3288 5272 ,-.t‘..~nmtn
3339 5236 3558 5272 (‘nnﬁ-s

2576 5252 2916 5272 -..ε-..λιτῇσιιῖ
