3984 5316
500 321 631 377 1583

1760 311 2119 368 BENEDICTI
2166 311 2268 364 Vill
2311 311 2390 364 PA
2400 311 2508 366 P.E

3629 314 3656 367 1
3669 313 3767 367 ιδι

500 449 664 489 manu
700 441 1004 490 memorato
1031 429 1412 503 Ermengaudo
1451 430 1704 499 episcopo
1743 435 1965 498 propter
2005 439 2086 478 re-
2117 431 2162 485 Λ
2191 425 2548 493 apostolicum
2578 423 2916 494 privilegium
2965 423 3020 479 ln
3066 423 3335 494 aliquibus
3359 440 3519 495 agere
3545 426 3770 494 injuste,

499 526 737 587 medium
777 527 974 582 animae
1019 539 1150 588 suae,
1182 532 1235 579 et
1273 523 1458 577 uxoris
1507 521 1588 575 sui
1651 517 1986 581 Ermesinde,
2033 525 2089 568 et

506 631 605 693 'tl‘O
632 615 932 670 remedium
963 615 1158 668 animae
1199 613 1458 682 genitoris
1504 611 1610 675 sui,
1672 619 1726 664 et
1771 607 1956 662 fratris
2004 605 2085 658 sui

503 706 886 778 Ermengaudi,
919 714 974 760 et
1023 706 1140 774 ipso
1179 705 1332 757 alode
1362 718 1522 772 quem
1559 696 2088 756 dicuntCastellione

501 813 624 853 cum
648 798 939 855 Guardiola
963 805 1017 853 et
1041 813 1163 852 cum
1191 797 1306 866 ipso
1335 795 1553 860 Solane,
1585 807 1705 846 cum
1733 791 1945 845 illorum
1975 795 2086 842 ter-

500 890 708 944 minum
752 891 838 944 vel
876 889 1027 949 fines,
1060 895 1116 942 et
1146 889 1263 957 ipso
1307 885 1462 940 alode
1506 900 1665 954 quem
1691 881 1878 936 dicunt
1907 879 2087 933 Turri-

502 979 663 1043 zella,
694 993 817 1033 cum
843 977 1039 1032 finibus
1067 977 1201 1038 suis,
1230 986 1285 1028 et
1306 975 1474 1044 ipsam
1501 973 1895 1035 haereditate"),
1925 982 2086 1038 quam

500 1085 643 1141 saepe
666 1070 810 1125 dicto
837 1067 1214 1136 Ermengaudo
1249 1066 1501 1136 episcopo
1537 1063 1683 1119 dedit
1713 1063 1778 1116 ad
1803 1063 1915 1130 jam
1945 1075 2084 1129 prae-

500 1163 626 1218 fatae
663 1170 866 1217 sancta:
893 1162 1037 1216 sedis
1065 1158 1418 1230 Urgellensis,
1444 1159 1537 1227 qui
1569 1157 1716 1212 illum
1748 1155 1964 1209 advenit
1993 1167 2088 1222 per

503 1253 867 1310 successionis
933 1251 1014 1306 sui
1041 1251 1292 1322 genitori,
1345 1251 1399 1304 in
1447 1249 1536 1303 tali
1593 1247 1841 1302 videlicet
1877 1246 2087 1300 ratione

501 1347 632 1403 dum
654 1345 853 1400 vixerit
880 1343 1154 1398 Arnaldus
1175 1341 1343 1396 frater
1367 1342 1484 1411 ejus
1507 1347 1771 1402 teneat,et
1792 1337 2084 1408 possideat,

507 1444 563 1492 et
590 1444 712 1505 post
737 1436 942 1491 obitum
975 1448 1104 1487 vero
1127 1448 1281 1487 suum
1313 1439 1590 1486 remaneat
1619 1430 1685 1483 ad
1725 1437 1927 1483 sancta
1957 1443 2089 1496 prte-

506 1527 662 1582 dictze
706 1525 879 1590 sedis;
913 1523 1122 1578 alodem
1161 1523 1250 1594 qui
1294 1531 1376 1578 est
1407 1522 1474 1577 ad
1506 1521 1620 1592 ipsa
1649 1522 1874 1592 spungia
1895 1519 2088 1575 simili-

503 1630 606 1676 ter.
637 1620 1034 1676 Confirtnamus
1055 1620 1220 1674 etiam
1252 1620 1302 1674 ei
1356 1621 1572 1674 tertiam
1621 1623 1847 1688 partem'
1867 1615 2086 1670 Telo‘nei

501 1711 742 1782 ejusdem
771 1712 1028 1782 episcopii
1059 1711 1283 1765 mercati
1327 1726 1448 1765 cum
1476 1710 1816 1779 pertinentiis
1848 1708 1934 1761 vel
1963 1723 2084 1760 cum

503 1804 754 1858 omnibus
780 1802 848 1856 ad
873 1804 1046 1871 ipsum
1069 1801 1419 1872 episcopium,
1448 1811 1505 1855 et
1528 1801 1640 1854 suis
1669 1799 1921 1853 omnibus
1957 1797 2088 1852 locis

508 1893 816 1962 ubicunque
861 1891 1188 1963 generaliter
1217 1902 1272 1945 et
1304 1905 1370 1944 ex
1403 1891 1614 1960 integro
1669 1887 2086 1958 pertinentibus,

509 1985 671 2038 situm
718 1983 1089 2054 supradictum
1123 1983 1492 2052 episc0patum
1521 1998 1551 2036 a
1583 1981 1856 2036 territorio
1901 1977 2091 2049 Urgel-

508 2071 690 2138 lensis,
717 2071 1119 2138 Cerdauiensis,
1148 2071 1573 2142 Bergitauensis.
1609 2070 1958 2134 Paliarensis,
2013 2076 2092 2122 at-

508 2175 611 2231 que
644 2162 1085 2217 Ribacurcensis.
1114 2161 1246 2215 Item
1298 2170 1354 2215 et
1399 2162 1786 2216 confirmamus
1831 2159 1922 2213 tibi
1955 2159 2089 2212 tuis-

506 2269 613 2325 que
636 2255 1044 2310 successoribus
1059 2255 1124 2309 de
1151 2255 1321 2324 ipsius
1343 2254 1636 2324 supradicti
1657 2252 1912 2324 episcopii
1938 2251 2088 2318 locis,

507 2355 563 2401 et
584 2346 951 2416 pertinentiis,
982 2346 1260 2415 primitiis,
1291 2354 1345 2398 et
1371 2345 1614 2408 decimis,
1654 2359 1754 2398 uec
1785 2359 1888 2396 non
1922 2351 1976 2395 et
2007 2342 2091 2394 iu-

509 2445 719 2507 tegram
751 2436 1057 2491 stabilimus
1086 2444 1145 2488 ut
1169 2434 1318 2488 nulla
1345 2435 1594 2504 qnazlibel
1614 2449 1842 2504 persona
1879 2433 2092 2486 clericis

508 2527 676 2580 vestri
707 2525 967 2594 episcopii
987 2524 1412 2579 consistentibus
1442 2523 1638 2590 injuste
1689 2523 1755 2577 ad
1786 2523 2088 2576 districtio-

510 2631 661 2682 nem,
684 2625 776 2670 aut
801 2617 866 2670 ad
889 2613 1038 2684 justa
1062 2615 1149 2669 lex
1176 2613 1463 2685 deportare
1491 2614 1664 2668 laicali
1699 2628 1927 2684 persona
1954 2629 2094 2684 prae-

512 2717 775 2765 sumetur.
819 2708 954 2763 Nam
1001 2709 1128 2778 quia
1173 2710 1540 2778 supradictum
1591 2710 1921 2778 episc0pium
1967 2724 2089 2763 cum

510 2801 623 2856 suis
650 2799 811 2855 rebus
847 2801 1153 2869 ubicunque
1179 2799 1282 2854 sibi
1317 2800 1718 2870 pertinentibus
1754 2799 2090 2853 Francorum

516 2879 737 2965 regibus
765 2909 859 2963 per
887 2900 1212 2962 praeceptum
1239 2890 1420 2944 domui
1457 2901 1511 2945 et
1544 2889 1976 2958 praestantissimi
2009 2904 2093 2943 re-

507 2990 590 3056 gis
618 2985 796 3041 Caroli
826 2985 1068 3040 Franciae
1094 2983 1352 3054 regionis,
1389 2991 1444 3037 et
1473 2998 1569 3053 per
1599 2983 1949 3052 scriptiouem
1997 2996 2092 3036 no-

509 3077 672 3132 minis
690 3077 809 3145 ejus
842 3075 1137 3141 concessit;
1170 3085 1227 3129 et
1275 3074 1514 3128 firmavit
1564 3073 1739 3142 sigillo
1786 3073 1967 3142 regale
1997 3087 2090 3125 seu

505 3181 603 3236 per
649 3165 1001 3221 concessione
1030 3172 1083 3218 et
1112 3163 1403 3218 donatione
1435 3162 1574 3233 regis
1619 3162 1878 3216 Ludovici
1918 3161 2095 3228 proles

507 3255 708 3320 Caroli,
751 3265 807 3309 et
854 3269 953 3325 per
997 3253 1464 3309 confirmationem
1499 3252 1640 3322 regis
1688 3253 1973 3321 praeceptis
2023 3251 2094 3305 si-

513 3361 794 3416 gnansque
823 3345 997 3415 sigillo
1041 3345 1258 3414 proprio
1283 3344 1488 3399 domini
1518 3344 1660 3413 regis
1712 3343 1888 3398 Caroli
1918 3342 2096 3397 Ludo-

507 3438 614 3494 vici
637 3437 824 3507 prolis,
843 3452 940 3492 nec
969 3453 1076 3490 non
1103 3446 1158 3492 et
1181 3451 1278 3506 per
1303 3437 1579 3507 privilegia
1609 3437 1790 3505 itaque
1812 3438 2092 3490 beatorum

508 3527 873 3598 apostolorum
903 3527 1164 3598 principis
1191 3526 1364 3592 Petri,
1397 3535 1452 3580 et
1484 3528 1682 3580 domno
1707 3526 1936 3595 Agapito
1957 3541 2093 3596 papa

508 3630 562 3676 et
594 3619 825 3675 aliorum
855 3620 1246 3689 apostolorum,
1299 3619 1390 3688 qui
1420 3618 1509 3672 hic
1559 3618 1777 3671 fuerunt
1807 3618 2008 3682 functi,
2039 3627 2095 3672 et

508 3713 888 3783 obligationem
913 3711 1128 3764 illorum
1145 3710 1439 3773 tenuerint,
1463 3711 1829 3779 prxecedentes
1852 3710 2092 3778 episcopi

509 3803 752 3872 subjugo
773 3810 826 3856 et
847 3800 1068 3856 servitio
1087 3798 1357 3853 inviolata:
1387 3799 1478 3852 Dei
1505 3799 1801 3868 genitricis;
1829 3799 1921 3854 sed
1942 3800 2016 3852 ita
2039 3808 2094 3852 et

513 3905 616 3946 nos
651 3889 945 3960 apostolica
971 3890 1297 3943 auctoritate
1329 3889 1608 3943 firmamus
1635 3898 1695 3944 ut
1738 3906 1765 3943 a
1809 3891 1991 3952 modo,
2038 3901 2094 3944 et

512 3981 565 4034 in
591 3988 750 4034 antea
773 3979 1032 4049 quidquid
1061 3993 1156 4033 vos
1177 3979 1454 4047 vestrique
1476 3994 1823 4034 successores
1851 3979 2095 4049 legaliter

509 4071 830 4142 acquisituri
865 4069 1098 4135 fueritis,
1124 4069 1322 4124 futuris
1374 4070 1705 4140 temporibus
1734 4087 1799 4125 ex
1841 4069 2092 4140 praesenti

508 4179 652 4217 anno
703 4162 1097 4217 incarnationis
1162 4161 1374 4215 Domini
1447 4162 1618 4216 nostri
1687 4159 1813 4215 Jesu
1887 4160 2091 4215 Christi

509 4252 648 4308 f015
683 4253 782 4323 (1),
818 4251 1110 4306 indictione
1163 4267 1252 4315 χι,
1305 4251 1546 4306 inclinati
1597 4251 1845 4320 precibus
1874 4249 2089 4314 vestris,

507 4357 605 4410 per
634 4351 810 4397 vestra
833 4341 1034 4412 regalia
1063 4351 1328 4410 praecepta
1383 4350 1438 4396 et
1470 4340 1629 4409 hujus
1680 4340 1944 4410 privilegii
2006 4354 2094 4394 se-

2190 528 2363 582 neque
2392 514 2642 584 frangere
2688 524 2877 568 tentet.
2921 515 3061 580 Ergo
3094 515 3184 582 qui
3236 517 3302 567 ad
3354 526 3553 570 sauctzr
3615 517 3775 572 huius

2188 601 2446 656 Ecclestm
2473 604 2672 672 aliquid
2706 606 2867 674 rapit,
2922 607 3098 657 aufert
3136 606 3217 656 vel
3251 607 3497 670 fraudat,
3540 609 3773 672 invadit,

2189 705 2447 758 retentat,
2478 698 2741 760 devastat,
2766 708 2858 749 aut
2889 698 3094 750 nefaria
3126 699 3420 753 calliditate
3457 717 3776 769 suppresse-

2188 786 2279 850 rit,
2305 802 2403 856 pro
2427 789 2696 843 homicida
2725 801 2992 854 teneatur,
3016 802 3176 859 atque
3205 808 3330 845 reus
3372 795 3422 846 in
3474 808 3776 860 conspectu

2183 876 2317 947 justi
2348 877 2540 946 jUtliCii
2573 881 2667 934 Dei
2715 882 3024 951 deputetur,
3062 892 3116 937 ct
3149 895 3201 936 ut
3233 885 3530 952 sacrilegus
3562 889 3778 951 judice-

2189 976 2304 1033 tur,
2338 981 2392 1022 et
2420 972 2522 1025 nisi
2555 987 2648 1040 per
2676 987 2864 1040 puram
2897 975 3282 1042 probatamqne
3310 986 3470 1044 atque
3501 978 3775 1043 publicam

2187 1064 2560 1130 paenitentiam
2589 1075 2644 1118 et
2675 1081 2767 1134 per
2809 1067 3060 1119 Ecclesia:
3110 1068 3533 1120 satisfactionem
3566 1070 3779 1135 episco-

2186 1168 2379 1222 porum
2408 1170 2600 1208 manus
2629 1157 3190 1224 impositionemjuxta
3221 1159 3513 1210 Canonicas
3541 1161 3780 1210 sanctio-

2188 1260 2286 1298 nes
2324 1248 2707 1301 reconciliatus
2739 1263 2842 1302 non
2872 1249 3054 1312 fuerit,
3086 1266 3306 1319 regnum
3349 1250 3438 1302 Dei
3473 1267 3580 1302 non
3607 1252 3778 1318 pussi'

2188 1332 2332 1398 deat,
2364 1344 2418 1390 et
2450 1352 2554 1390 non
2584 1339 2755 1390 solum
2783 1354 2810 1390 a
2839 1355 3004 1405 regno
3030 1339 3119 1391 Dei
3153 1341 3211 1391 fit
3237 1341 3464 1401 alienus,
3489 1344 3585 1394 sed
3616 1343 3780 1394 etiam

2188 1440 2218 1478 a
2246 1425 2522 1481 liminibus
2546 1439 2748 1482 sancta:
2781 1429 2872 1482 Dei
2908 1430 3164 1483 Ecclesia:
3194 1432 3265 1483 sit
3308 1431 3531 1498 ejectus.
3564 1430 3780 1483 Talium

2189 1517 2453 1572 scelerum
2491 1529 2819 1587 patratores,
2873 1520 2977 1574 nisi
3037 1536 3133 1588 per
3187 1522 3650 1584 satisfactionem,
3685 1539 3781 1574 nec

2187 1607 2343 1661 vivus
2390 1624 2490 1662 nec
2532 1619 2777 1662 mortuus
2807 1611 3213 1662 connuunicare
3242 1626 3345 1663 non
3379 1615 3707 1668 audeantur.
3733 1621 3784 1664 et

2191 1696 2411 1766 insuper
2480 1699 2844 1752 anatbematis
2894 1698 3109 1751 vinculo
3161 1700 3508 1762 damnentur,
3565 1699 3686 1752 Deo
3733 1709 3783 1752 et

2191 1788 2393 1840 sanctis
2417 1787 2530 1841 suis
2581 1789 2742 1860 [deest
2773 1789 3000 1842 odibiles
3028 1790 3099 1842 vel
3130 1792 3255 1859 quid
3294 1789 3486 1861 sinule]
3535 1791 3781 1843 efﬁcian-

2194 1887 2299 1943 tttr,
2329 1887 2383 1932 et
2403 1880 2469 1932 ab
2494 1878 2748 1934 Ecclesia:
2771 1881 3051 1935 catholica:
3083 1884 3462 1935 communione
3486 1865 3769 1951 peilantur

2191 1969 2430 2034 Quorum
2464 1985 2563 2024 nos
2591 1981 2879 2040 sequentes
2929 1972 3174 2041 exempla
3216 1989 3406 2027 omnes
3450 1977 3590 2028 tales
3645 1989 3782 2043 pne-

2192 2071 2498 2129 suntptores
2532 2079 2562 2114 a
2599 2063 2873 2116 liminibus
2903 2076 3104 2117 sancta:
3132 2066 3224 2117 Dei
3261 2066 3516 2119 Ecclesia:
3553 2067 3783 2118 anathe-

2191 2154 2539 2219 matizamus,
2567 2155 2856 2223 apostolica
2886 2158 3210 2208 auctoritate
3235 2156 3499 2224 pellunus,
3537 2168 3598 2210 et
3631 2159 3780 2208 dam-

2192 2258 2402 2305 namus,
2437 2256 2599 2314 atque
2626 2246 2922 2315 sacrilegos
2941 2263 3062 2301 esse
3085 2248 3411 2315 judicamus,
3440 2257 3497 2301 et
3541 2264 3660 2300 non
3699 2262 3784 2300 so-

2191 2335 2300 2389 lum
2327 2337 2608 2401 facientes,
2640 2341 2732 2392 sed
2785 2351 2841 2392 et
2887 2340 3288 2393 consentientes
3330 2342 3438 2405 eis;
3494 2341 3629 2409 quia
3682 2356 3784 2393 ron

2193 2428 2365 2482 solum
2396 2430 2486 2497 qui
2515 2429 3052 2498 faciuntjudicantur
3080 2433 3178 2493 rci,
3212 2435 3305 2484 sed
3347 2433 3510 2484 etiam
3557 2433 3660 2500 qui
3712 2431 3784 2482 fa-

2191 2522 2459 2575 cientibus
2480 2525 2844 2577 couseutiunt.
2876 2524 2996 2577 Pari
3021 2523 3164 2576 enim
3189 2538 3369 2592 poena,
3400 2535 3454 2577 et
3479 2534 3714 2592 agentes
3736 2533 3783 2576 et

2192 2621 2592 2673 consentientes
2615 2618 3044 2688 comprehendit.
3071 2617 3128 2671 Si
3153 2621 3274 2686 quis
3298 2628 3476 2670 autem
3501 2617 3655 2686 quod
3681 2631 3783 2669 nou

2193 2711 2486 2772 credimus,
2516 2711 2566 2764 in
2590 2711 2860 2780 aliquibus
2889 2709 3136 2777 frangere
3180 2712 3496 2766 tentaverit,
3533 2711 3683 2760 sciat
3708 2722 3780 2771 se,

2193 2801 2296 2854 nisi
2326 2802 2631 2869 resipuerit,
2659 2802 2981 2854 auctoritate
3020 2799 3133 2863 Dei,
3159 2809 3215 2853 et
3239 2801 3412 2852 sancti
3466 2797 3618 2850 Petri
3659 2812 3781 2865 apo-

2194 2892 2341 2956 stoli,
2381 2901 2544 2960 atque
2584 2901 2767 2945 nostra
2799 2893 2889 2959 qui
2937 2892 3053 2958 ejus
3101 2892 3374 2960 fungimur
3402 2890 3780 2952 vicariatimie,

2193 2983 2555 3036 anatltematis
2593 2982 2822 3034 vinculis
2854 2981 3297 3035 indissolubititer
3344 2996 3465 3034 esse
3514 2981 3781 3033 innodan-

2120 3095 2165 3158 ρ
2198 3074 2346 3136 dum,
2380 3083 2435 3127 et
2462 3091 2492 3126 a
2522 3089 2687 3142 regno
2720 3073 2812 3125 Dei
2838 3073 3202 3135 alienandum,
3231 3083 3286 3125 et
3313 3089 3434 3126 etin]
3461 3073 3685 3125 diabolo
3731 3080 3779 3123 et

2197 3164 2314 3232 ejus
2345 3167 2704 3219 atrocissimis
2745 3167 2954 3233 pompis
2983 3177 3143 3233 atque
3171 3180 3292 3217 cum
3325 3162 3460 3216 Juda
3520 3165 3781 3216 traditore

2196 3261 2410 3316 Domini
2477 3261 2646 3314 nostri
2697 3259 2822 3314 .lesu
2859 3261 3084 3323 Clu-isti,
3126 3260 3375 3312 incendio
3426 3273 3778 3312 ceucreman-

2195 3352 2343 3415 dum,
2396 3361 2450 3404 et
2493 3353 2548 3404 in
2592 3352 2848 3418 voragine
2894 3358 3238 3417 tartareoque
3282 3350 3450 3401 chaos
3498 3349 3782 3402 denursus

2195 3457 2316 3496 cmn
2344 3442 2522 3510 impiis
2549 3443 2784 3496 deficiat.
2819 3442 2918 3507 Qui
2951 3456 3075 3493 vero
3125 3452 3308 3494 custos
3363 3452 3417 3492 et
3462 3442 3782 3494 observator

2195 3533 2487 3597 exstiterit,
2519 3535 2910 3586 benedictionis
2933 3534 3162 3602 gratiam
3195 3545 3249 3586 et
3276 3533 3513 3587 t-mlcstis
3559 3533 3782 3585 retribu-

2198 3626 2362 3682 tionis
2395 3641 2424 3679 a
2449 3625 2794 3695 justojudice
2815 3627 2864 3679 dt
2886 3628 3032 3679 miuo
3060 3627 3169 3680 Deo
3194 3640 3379 3679 nostro
3408 3626 3780 3693 multipliciter

2195 3728 2575 3784 consequatur,
2602 3725 2657 3770 et
2682 3717 2803 3768 vita:
2825 3726 3039 3770 :etcrna:
3063 3718 3329 3786 particeps
3345 3732 3463 3770 esse
3485 3725 3778 3769 mereatur.

2193 3807 2388 3860 Amen.

2267 3895 2541 3967 Scriptum
2570 3912 2668 3966 per
2697 3912 2914 3952 manum
2954 3897 3224 3951 Benedicti
3276 3897 3500 3959 notarii,
3532 3912 3778 3966 regiona-

2194 3993 2261 4048 rii
2291 4003 2344 4048 et
2370 3995 2640 4047 scriniarii
2680 4004 2879 4048 sancta:
2911 3993 3166 4048 Romana:
3193 3993 3474 4058 Ecclesiae,
3505 3994 3560 4047 in
3595 4007 3776 4047 mense

2192 4085 2503 4142 Decembris
2521 4125 2536 4148 ,
2571 4084 2862 4137 indictione
2890 4100 2963 4137 xr.

2263 4176 2598 4232 Giselbertus
2618 4177 2788 4245 gratia
2819 4178 2906 4230 Dei
2930 4176 3234 4245 episc0pus.
3254 4167 3518 4230 Senensis
3543 4174 3786 4244 Sigefre-s

2193 4267 2294 4323 dus
2329 4266 2638 4320 Parmensis
2666 4268 2918 4321 Ecclesiae
2972 4267 3062 4320 Dei
3107 4251 3440 4334 providentia
3489 4265 3769 4334 eltist‘opnii

2194 4358 2362 4413 infula
2414 4360 2716 4413 redimitus.
2753 4359 2864 4428 Ego
2911 4359 3155 4422 Pontius,
3195 4373 3257 4411 ac
3303 4359 3346 4411 si
3383 4358 3635 4427 indignus
3678 4355 3772 4409 sub

509 4434 645 4487 riem
694 4433 747 4486 in
780 4441 1121 4502 “perpetuum
1155 4432 1310 4488 vobis
1355 4433 1659 4501 vestrisque
1684 4429 2089 4486 successoribus

2194 4464 2357 4502 manu
2373 4448 2862 4517 Deiomnipoteutis
2881 4449 3160 4502 Aratensis
3181 4448 3487 4516 episcopus,
3512 4448 3768 4501 confirmo

509 4521 898 4577 confirmamus
919 4521 1287 4576 etstabilimus
1312 4522 1682 4585 detinendam,
1707 4523 2090 4591 possidendum

509 4619 710 4665 etcum
741 4611 935 4665 timore
963 4610 1056 4666 Dei
1086 4612 1506 4680 dispensandum
1553 4622 1716 4682 atque
1769 4613 2085 4683 regendum,

510 4711 569 4757 ut
590 4703 768 4758 nullus
798 4700 914 4769 rex,
943 4703 1119 4758 nullus
1162 4704 1433 4773 princeps,
1466 4705 1646 4759 nullus
1678 4719 1880 4767 comes,
1913 4704 2090 4760 nullus

508 4792 774 4858 marcbio,
808 4793 985 4847 nullus
1007 4791 1198 4860 jndex,
1237 4808 1410 4860 neque
1461 4793 1566 4847 ulla
1597 4809 1789 4863 magna
1817 4807 2088 4862 parvaque

509 4899 741 4954 persona
791 4883 1026 4952 aliquam
1085 4883 1217 4947 vim,
1278 4892 1371 4938 aut
1418 4883 1751 4937 invasionem
1795 4883 1849 4937 in
1898 4884 2089 4937 eodem

506 4976 783 5046 episcopio
811 4988 987 5044 neque
1013 4976 1066 5030 in
1089 4974 1203 5031 suis
1224 4975 1565 5045 pertinentiis
1595 4990 1868 5043 nunquam
1909 4973 2090 5030 facere

501 5074 822 5124 Drmsumat.
855 5064 960 5122 Pro
978 5075 1176 5124 auo.et
1193 5068 1292 5122 sub
1305 5067 1469 5122 divini
1491 5065 1677 5124 iudicii
1707 5066 2086 5124 obtestatione.

2193 4549 2249 4594 et
2276 4540 2535 4610 consigno
2565 4540 2706 4593 banc
2753 4539 3021 4608 paginam,
3060 4549 3114 4591 ut
3149 4539 3200 4591 in
3235 4539 3326 4591 Dei
3361 4540 3580 4591 nomine
3622 4539 3767 4589 firma

2191 4638 2514 4700 permaneat
2561 4629 2816 4696 omnique
2847 4639 3106 4696 tempore.
3140 4625 3332 4680 Petrus
3356 4627 3640 4696 cpisc0pns
3669 4625 3763 4676 Pa-

2190 4719 2395 4774 biensis
2440 4719 2768 4787 subscripsi;
2826 4718 3140 4788 Sigel'redus
3199 4725 3402 4770 sancta:
3450 4715 3765 4769 Placentina

2189 4807 2446 4864 Ecclesiae
2470 4817 2654 4863 custos
2679 4807 3024 4862 consentiens
3065 4807 3381 4875 subscripsi.
3430 4805 3539 4860 Leo
3567 4809 3763 4873 episco-

2187 4915 2288 4970 pus
2315 4917 2378 4955 ac
2409 4900 2456 4955 si
2487 4901 2737 4970 indignus
2768 4899 3120 4953 Vercellensis
3145 4898 3398 4952 Ecclesia}
3433 4907 3615 4951 custos
3640 4893 3759 4948 sub-

2189 4992 2405 5061 scripsi.
2437 4990 2708 5047 Hoakerus
2758 4990 3075 5046 Leodiensis
3115 4990 3404 5061 episcOpus
3453 4987 3755 5055 subscripsi.

2191 5083 2302 5124 Rom
2344 5084 2670 5124 Ronmlinlnc
2699 5084 2792 5124 Πμὶ
2822 5084 2993 5124 oratio
3041 5085 3329 5124 nnis-0mm:
3353 5097 3556 5124 cannl’n
3609 5080 3758 5124 Silva
