3984 5316
237 319 375 378 1585

975 443 1067 500 ιν.

232 544 544 626 Benedictus
583 545 725 602 VIII
766 549 1032 626 Eccl_es’m_
1063 552 1474 624 Bnmbergemis,
1521 565 1810 626 petentibus

318 615 574 753 "extrico,
612 635 727 688 rege
773 631 820 674 et
873 621 1178 676 Eberhardo
1230 615 1488 699 episcopo,
1521 615 1810 704 'pririlegia

303 701 394 737 con
441 703 550 740 rma
580 730 595 742 .

812 781 991 850 (Anno
1030 785 1214 854 1015.)

265 884 494 953 ipsa”,
530 889 769 968 dianam.
791 892 963 968 Germ.
991 898 1112 951 hist.
1147 899 1264 952 Scr.
1299 900 1386 962 iV,
1415 903 1540 968 808,
1569 903 1622 959 in
1657 903 1774 960 Vita

535 959 770 1016 Heinrici
804 965 956 1032 imp.,
988 977 1133 1022 auct.
1167 959 1502 1045 Adalberlo.]

299 1047 637 1107 BENEDICTUS
657 1055 960 1123 episcopus,
987 1074 1176 1114 servus
1202 1077 1477 1117 servorum
1514 1065 1632 1129 Dei,
1671 1068 1804 1125 dile-

221 1139 468 1195 Ctissimo
482 1144 583 1197 sibi
612 1146 664 1198 in
688 1145 903 1202 Christo
925 1165 1140 1220 semper
1155 1154 1368 1207 domino
1388 1165 1441 1208 et
1462 1159 1808 1215 serenissimo

222 1233 338 1300 regi
389 1234 662 1295 llemmco.
707 1254 736 1292 a
787 1240 896 1294 Deo
947 1253 1228 1307 coronato,
1284 1262 1488 1316 suoque
1542 1251 1806 1319 spirituali

223 1320 351 1380 filio.
385 1323 700 1380 Eberhardo
723 1344 936 1398 quoque
971 1331 1230 1388 confratri
1261 1346 1314 1389 et
1337 1339 1657 1410 coepiscopo
1687 1357 1804 1408 suo,

221 1422 426 1466 sanctae
473 1415 724 1471 videlicet
775 1418 1238 1492 Babenhergensis
1276 1426 1531 1482 Ecclesia:
1581 1445 1808 1486 venera-

218 1501 312 1556 bili
338 1504 609 1576 episeopo.
636 1517 893 1565 aeternam
918 1511 972 1566 in
1001 1514 1229 1572 Domino
1254 1517 1482 1574 salutem
1509 1530 1564 1576 et
1591 1533 1806 1593 aposto-

219 1592 384 1648 licam
427 1597 876 1657 benedictionem.

290 1690 440 1744 lnter
467 1695 645 1748 omnia
675 1714 794 1766 qum
823 1700 1019 1756 divina:
1047 1703 1397 1772 providentiae
1431 1709 1657 1765 consilio
1685 1710 1798 1766 dis-

215 1792 512 1850 ponuntur.
542 1788 608 1840 ad
657 1788 867 1844 laudem
901 1795 1122 1862 respicit
1151 1796 1442 1862 Creatoris,
1472 1803 1610 1869 quod
1639 1804 1802 1858 etiam

218 1887 245 1925 a
274 1877 504 1930 smnmis
528 1879 658 1933 viris
701 1881 916 1950 Deoque
954 1885 1180 1950 devotis,
1237 1888 1431 1942 intuitu
1480 1891 1697 1959 pietatis
1749 1905 1804 1950 et

213 1980 308 2032 spe
356 1976 576 2022 aeterna:
630 1973 1020 2042 retributionis,
1068 1980 1395 2034 venerabilia
1441 1981 1559 2035 loca
1613 2000 1800 2038 eorum

214 2058 522 2124 sumptibus
572 2062 931 2123 sublimantur
989 2069 1394 2139 rectissimeque
1447 2073 1801 2142 ordinantur,

213 2150 620 2216 possessionum
665 2170 882 2209 suarum
917 2157 1190 2214 beneficiis
1221 2163 1589 2229 cumulantur,
1637 2173 1691 2220 et
1745 2167 1800 2223 in

211 2237 492 2296 meliorem
525 2252 746 2321 statum,
776 2247 994 2302 Christo
1023 2251 1338 2316 auxiliante,
1379 2265 1798 2315 connnutantur.

211 2325 391 2394 Unde,
423 2332 772 2391 dilect'ssime
826 2339 897 2392 fili
956 2341 1008 2394 in
1038 2344 1306 2406 onmibus,
1339 2360 1456 2414 qua“:
1490 2355 1540 2400 te
1569 2350 1636 2403 ad
1679 2349 1798 2405 lau-

215 2421 334 2474 dem
360 2433 414 2476 et
448 2425 675 2493 gloriam
709 2427 1086 2498 Redemptoris
1112 2436 1280 2488 nostri
1315 2437 1506 2493 devote
1549 2448 1604 2494 et
1633 2442 1798 2496 mise-

216 2513 506 2569 ricorditer
534 2517 751 2585 fecisse,
797 2524 1142 2578 manifestum
1183 2537 1288 2590 est,
1331 2529 1466 2582 nihil
1505 2531 1800 2598 perfectius

214 2604 457 2676 nihilque
496 2611 688 2666 melius
728 2616 793 2666 ad
833 2619 1248 2683 promerendum
1279 2635 1502 2690 regnum
1535 2623 1794 2679 cmlornm

213 2711 370 2765 agere
401 2702 646 2768 potuisti,
684 2720 843 2770 quam
893 2709 1033 2775 quod
1067 2709 1214 2763 illum
1249 2712 1341 2765 tibi
1393 2711 1567 2768 fecisti
1621 2715 1794 2771 haere-

212 2786 351 2853 dem,
391 2806 422 2844 a
472 2809 579 2861 quo
628 2806 884 2851 aeternam
938 2813 1257 2869 accepturus
1302 2818 1362 2857 es
1401 2805 1791 2873 hereditatem,

212 2883 463 2951 quodque
492 2896 675 2938 sancta
717 2888 1184 2960 Babenbergensis
1208 2893 1446 2949 Ecclesia
1485 2897 1550 2950 ad
1578 2899 1791 2965 episco-

207 2969 342 3037 palis
366 2971 650 3039 dignitatis
692 2975 962 3048 fastigium
1002 2997 1098 3050 per
1124 2990 1174 3036 te
1211 2984 1520 3050 sublimata,
1560 2988 1668 3041 illic
1693 2989 1791 3045 tibi

211 3059 580 3118 beatissimam
633 3067 722 3121 Dei
772 3069 1102 3126 Genitricem
1153 3090 1476 3146 semperque
1527 3080 1789 3149 virginem

1436 337 1791 398 EPISTOLE
1827 342 1914 397 ET
1955 343 2294 401 DECRETA.

1844 457 1889 511 A
1917 457 2091 512 stolici
2128 459 2392 528 privilegii
2419 461 2614 516 seriem
2644 469 2701 516 et
2732 462 3169 518 constitutionem
3197 464 3487 531 sancimus,

3355 355 3491 410 1586

1912 560 1960 602 et
1994 550 2162 604 beatae
2210 551 2301 604 Dei
2333 551 2621 608 Genitricis
2663 570 2982 625 semperque
3030 556 3255 630 virginis
3284 556 3490 624 Mariae,

1912 654 2119 694 necnon
2147 650 2200 694 et
2231 643 2512 696 beatorum
2536 645 2901 714 apostolorum
2935 647 3079 701 Petri
3103 657 3157 701 et
3184 647 3335 702 Pauli
3366 663 3492 703 san-

1911 735 2226 797 ctorumque
2287 741 2587 802 martyrum
2649 732 2845 786 Kiliani
2891 742 2944 788 et
2995 733 3211 805 Georg-ii
3269 745 3494 791 caetero.

1912 833 2140 888 rumque
2174 820 2414 874 omnium
2456 830 2765 876 sanctorum
2794 823 3138 888 auctoritate,
3173 824 3226 879 in
3259 840 3491 895 quorum

1910 912 2124 965 nomine
2168 913 2557 983 praenominata
2603 914 2845 970 Ecclesia
2872 916 3118 971 dedicata
3145 925 3245 979 est,
3300 917 3490 972 decer-

1909 1001 2108 1066 nimus,
2149 1011 2310 1072 atque
2334 1005 2668 1059 obtestamur
2692 1015 2800 1059 tam
2826 1006 3133 1077 apostolicae
3161 1007 3306 1061 sedis
3347 1009 3492 1060 futu-

1910 1105 1998 1144 ros
2029 1092 2334 1160 pontifices,
2369 1109 2530 1163 quam
2573 1095 2665 1164 qui
2697 1095 3093 1151 ecclesiasticas
3137 1095 3488 1151 administra»

1909 1179 2084 1232 vet-int
2136 1180 2414 1248 actiones,
2473 1193 2804 1252 cunctosque
2852 1185 3281 1240 Christianitatis
3336 1183 3490 1239 titulo

1909 1268 2210 1339 insignitos,
2236 1280 2293 1323 ut
2316 1271 2494 1326 nullus
2520 1272 2717 1329 habeat
2741 1275 3016 1329 licentiam
3039 1275 3103 1329 de
3131 1275 3217 1329 bis
3239 1273 3490 1328 omnibus

1906 1377 2025 1430 quae
2063 1361 2235 1415 eidem
2287 1363 2544 1419 Ecclesiae
2577 1381 2607 1418 a
2647 1367 3135 1436 praedecessoribus
3165 1367 3366 1422 nostris
3392 1381 3491 1436 per

1907 1453 2184 1524 privilegia
2216 1469 2472 1510 concessa
2507 1467 2652 1522 sunt,
2676 1459 2815 1514 vela
2848 1460 3002 1515 nobis
3040 1459 3166 1515 data
3194 1459 3281 1515 vel
3312 1459 3489 1514 danda

1906 1553 2050 1606 sunt,
2089 1552 2183 1598 aut
2208 1545 2274 1599 ab
2315 1547 2588 1618 aliquibus
2620 1550 2868 1605 fidelibus
2891 1552 3023 1607 viris
3067 1567 3130 1607 ac
3173 1551 3490 1606 mulieribus

1907 1632 2144 1702 przefataa
2174 1635 2432 1690 Ecclesize
2479 1637 2676 1692 tradita
2703 1648 2848 1705 sunt,
2883 1640 2967 1695 vel
3006 1641 3058 1695 in
3095 1650 3253 1696 antea
3291 1641 3489 1696 futuris
3568 1643 3580 1653 “

1908 1724 2242 1795 temporibus
2276 1727 2689 1793 contradentur,
2731 1737 2842 1784 tam
2889 1729 2941 1783 in
2976 1729 3193 1785 familiis
3222 1746 3386 1799 quam
3432 1731 3487 1785 in

1910 1817 2092 1880 terris,
2123 1831 2216 1870 seu
2245 1818 2298 1870 in
2332 1817 2600 1888 aliquibus
2641 1821 3090 1888 possessionibus,
3129 1822 3486 1888 convellendi,

1906 1905 2237 1973 destruendi,
2264 1907 2582 1964 molestandi
2615 1910 2698 1964 vel
2733 1910 3023 1965 alienandi.
3068 1910 3124 1966 Si
3166 1912 3288 1979 quis
3335 1927 3486 1977 vero,

1903 1997 2046 2066 quod
2088 2014 2194 2052 non
2238 1999 2534 2066 credimus,
2565 2002 2854 2057 temerario
2881 2017 3014 2056 ausu
3041 2015 3230 2057 contra
3275 2017 3338 2058 ea
3369 2018 3488 2072 quae

1902 2089 2003 2143 hac
2033 2099 2220 2146 nostra
2248 2091 2425 2145 stabili
2451 2101 2506 2146 et
2541 2093 2853 2148 inconvulsa
2885 2091 3139 2146 firmitate
3167 2093 3255 2162 pie
3279 2101 3336 2149 et
3361 2093 3490 2148 fide-

1900 2181 2023 2236 liter
2054 2199 2148 2254 per
2191 2183 2292 2238 hoc
2343 2193 2589 2239 nostrum
2637 2186 2977 2256 privilegium
3029 2183 3292 2254 disposita
3331 2192 3478 2246 sunt,

1904 2274 2180 2328 contraire
2214 2274 2576 2343 temptaverit,
2607 2284 2661 2331 ct
2701 2276 2837 2340 bzec,
2874 2290 2995 2344 quae
3021 2289 3053 2328 a
3081 2273 3237 2329 nobis
3267 2275 3334 2328 ad
3364 2272 3483 2328 lau-

1901 2363 2022 2417 dem
2053 2363 2144 2418 Dei
2175 2379 2272 2432 pro
2305 2365 2601 2419 stabilitate
2636 2365 2962 2434 praescripta:
2997 2359 3483 2420 aecclesize'statuta

1900 2461 2049 2516 sunt,
2077 2452 2360 2523 refragari,
2389 2463 2481 2507 aut
2505 2454 2558 2508 in
2592 2469 2860 2524 quoquam
2891 2452 3213 2523 transgredi,
3247 2452 3386 2507 sciat
3428 2465 3487 2506 se

1899 2543 2224 2596 auctoritate
2239 2543 2380 2596 beati
2399 2542 2541 2596 Petri
2565 2543 2825 2611 principis
2850 2543 3217 2612 apostolorum
3242 2542 3485 2596 omnium

1899 2639 2212 2700 nostraque,
2239 2631 2476 2701 cujusim
2487 2632 2663 2694 meriti
2685 2632 2858 2686 vicem
2876 2632 3107 2699 agimus,
3126 2631 3487 2687 anatbetnatis

1897 2719 2128 2773 vinculis
2154 2720 2491 2785 innodatum,
2521 2729 2576 2776 et
2621 2736 2744 2776 cum
2791 2721 3004 2776 diabolo
3056 2722 3280 2792 ejusque
3334 2733 3478 2777 atro-

1895 2807 2130 2862 cissimis
2181 2809 2391 2879 pompis
2419 2817 2582 2880 atque
2629 2825 2751 2865 cum
2794 2809 2932 2866 Juda
2975 2810 3234 2868 traditore
3265 2810 3475 2866 Domini

1899 2899 2072 2953 nostri
2103 2898 2230 2954 Jesu
2259 2899 2457 2955 Christi
2487 2901 2675 2956 aeterni
2709 2901 2943 2957 incendii
2973 2901 3234 2972 supplicio
3261 2915 3482 2956 concre-

1897 2991 2174 3055 mandum,
2232 2992 2337 3046 nisi
2389 2993 2679 3062 resipucrit
2705 3005 2759 3049 et
2794 2993 2970 3048 eidem
3015 2992 3269 3047 Ecclesia:
3319 2993 3478 3062 digna

1895 3083 2270 3138 emendatione
2302 3083 2646 3138 satisfecerit.
2680 3085 2750 3139 At
2775 3100 2906 3140 vero
2943 3085 3034 3153 qui
3063 3084 3254 3138 devota
3301 3084 3480 3139 inten-

209 3150 458 3217 Mariam,
506 3156 952 3232 beatissimosque
1007 3143 1285 3235 apostolos
1329 3143 1527 3224 Christi
1568 3171 1787 3228 Petrum
1819 3143 1864 3203 ρ
1899 3175 2042 3228 tione
2069 3175 2386 3230 observator
2411 3177 2681 3231 exstiterit
2712 3176 2871 3246 hujus
2910 3176 3079 3231 nostri
3113 3175 3378 3247 privilegii
3409 3177 3478 3230 ad

207 3251 263 3296 et
303 3244 551 3311 Paulum,
584 3267 689 3304 una
722 3269 842 3306 cum
892 3257 1093 3310 sanctis
1136 3261 1461 3326 martyribus
1493 3262 1704 3318 K-iliano
1734 3274 1789 3320 et

207 3330 460 3401 Georgio,
495 3337 706 3407 elegisti
750 3341 799 3395 in
832 3346 1228 3414 patrocinium;
1260 3350 1368 3417 qui,
1414 3351 1628 3407 Christo
1667 3371 1790 3424 pro-

203 3423 337 3491 pitio
390 3442 740 3497 compensata
797 3436 1199 3504 vicissitudine,
1248 3442 1572 3515 adipiscendi
1641 3450 1788 3519 regni

205 3512 444 3569 cmlestis
474 3532 791 3586 perpetuum
832 3529 1163 3592 prmstabnat
1187 3512 1467 3586 auxilium.
1505 3535 1606 3589 Pro
1643 3512 1791 3590 tanto

205 3601 371 3673 igitur
402 3606 512 3660 Deo
535 3609 758 3679 ejusque
782 3616 985 3668 sanctis
1015 3615 1214 3671 collato
1241 3621 1464 3675 servitio
1510 3623 1561 3676 in
1602 3625 1790 3693 primis

206 3693 305 3761 ipsi
333 3699 537 3765 gratias
570 3701 889 3774 debitasque
910 3705 1094 3761 laudes
1123 3709 1526 3782 referimus,qui
1555 3716 1647 3769 tibi
1680 3727 1788 3770 tam

208 3797 458 3840 sanctum
493 3805 627 3858 opus
659 3791 962 3850 faciendum
988 3797 1285 3866 inspiravit,
1326 3813 1379 3854 et
1414 3813 1470 3856 ut
1509 3805 1573 3857 ad
1607 3815 1789 3860 votum

206 3881 353 3927 tuum
387 3879 696 3945 perficeres,
730 3883 968 3954 largiflua
995 3888 1192 3953 pietate
1224 3890 1476 3958 adjuvare
1503 3894 1788 3964 disposuit.

205 3961 411 4019 Deinde
432 3971 687 4035 quoniam
717 3984 900 4027 saneta
938 3976 1179 4032 Romana
1206 3981 1468 4046 Ecclesia,
1507 4001 1626 4053 quae
1654 3987 1790 4044 bene

205 4049 432 4108 fundata
460 4067 542 4110 est
567 4073 728 4128 supra
756 4062 964 4117 firmam
993 4069 1338 4133 petram,hoc
1365 4049 1577 4141 semper
1601 4076 1791 4132 habuit

177 4217 179 4219 ι
205 4155 348 4194 vera:
371 4145 654 4201 charitatis
683 4150 961 4217 indicium,
988 4166 1044 4208 ut
1076 4158 1142 4210 de
1169 4160 1497 4215 exteriorem
1532 4167 1791 4233 gauderet

205 4243 463 4298 provectu
511 4237 920 4297 Ecclesiarum:
964 4248 1221 4316 competit
1259 4259 1443 4305 nostro
1493 4256 1788 4324 apostolico

208 4325 593 4393 moderamini,
622 4340 679 4384 ut
710 4348 825 4398 nos,
855 4336 945 4404 qui
978 4338 1151 4392 eidem
1178 4340 1285 4395 Deo
1311 4352 1531 4400 auctore
1551 4348 1790 4405 deservi-

205 4427 347 4480 mus,
394 4428 585 4472 sancto
624 4424 802 4477 studio
843 4435 931 4481 tuo
979 4427 1290 4496 plenissime
1329 4438 1782 4509 congaudeamus,

203 4518 489 4574 sperantes
516 4512 590 4564 tui
616 4515 796 4582 operis
818 4517 1015 4571 habere.
1032 4522 1353 4591 portionem,
1381 4527 1450 4592 si,
1466 4531 1607 4598 quod
1634 4542 1784 4588 tuum

203 4605 288 4650 est
317 4613 414 4666 per
449 4601 711 4671 laborem,
743 4618 984 4662 nostrum
1021 4612 1248 4669 fac-imus
1292 4632 1390 4685 per
1435 4621 1780 4680 charitatem.

205 4686 570 4761 Quapropter,
615 4699 869 4764 quoniam
899 4702 1079 4770 petisti
1107 4720 1137 4757 a
1179 4707 1333 4762 nobis
1375 4725 1478 4764 una
1507 4703 1630 4769 cium
1657 4731 1785 4770 con-

205 4779 370 4836 f'ratre
407 4796 590 4838 nostro
613 4788 946 4856 Eberhardo,
977 4792 1215 4861 ejusdem
1242 4809 1442 4856 sanctae
1477 4803 1786 4861 Babenbcr-

203 4871 383 4934 gensis
416 4873 666 4930 Ecclesia!
695 4879 805 4935 Deo
830 4882 994 4952 digno
1023 4889 1295 4956 episcopo,
1324 4900 1383 4945 ut
1419 4897 1625 4963 omnia,
1665 4913 1785 4967 qua:

203 4957 602 5027 privilegiorum
660 4972 985 5026 auctoritate
1035 4976 1134 5030 sibi
1187 4991 1406 5048 suaeque
1450 4957 1706 5043 Ecclesiae
1752 5005 1783 5044 a

201 5050 687 5112 prmdecessoribus
716 5065 944 5127 nostris,
978 5067 1223 5124 videlicet
1254 5071 1451 5130 domno
1487 5077 1698 5136 Joanne
1731 5089 1785 5136 et

204 5136 410 5192 Sereio.
457 5151 681 5192 summie
725 5158 1067 5192 ηηηιῖηηςιω..

1141 5163 1327 5192 ΛΛΙΙι-Ια
1383 5184 1404 5192 α.

1895 3269 2097 3320 cultum
2125 3267 2220 3322 Dei
2250 3268 2612 3338 respicientis,
2639 3269 3035 3324 benediCtionis
3055 3269 3284 3338 gratiam
3312 3284 3342 3321 a
3379 3268 3482 3322 mi-

1894 3360 2327 3415 sericordissimo
2357 3362 2466 3416 Deo
2514 3370 2568 3415 et
2617 3360 2845 3416 Domino
2893 3359 3266 3427 multipliciter
3293 3372 3484 3412 conse-

1894 3459 2113 3518 quatur,
2161 3458 2217 3503 et
2260 3449 2386 3504 vita:
2443 3459 2662 3505 aeterna:
2706 3450 2976 3520 particeps
3006 3449 3142 3502 eﬂici
3184 3457 3478 3503 mereatur.

1896 3539 2094 3592 Sancta
2122 3537 2357 3595 Trinitas
2391 3540 2710 3594 charitatem
2739 3549 2977 3595 vestram
3008 3538 3266 3592 illibatam
3293 3548 3480 3593 custos

1894 3630 2026 3685 diat.

1966 3718 2234 3787 Scriptum
2273 3733 2370 3788 per
2397 3734 2614 3775 manum
2647 3719 2933 3786 Herhardi,
2963 3716 3234 3774 scriniarii
3279 3726 3480 3772 sanctze

1892 3809 2150 3864 Romanae
2177 3809 2452 3876 Ecclesiae,
2502 3810 2558 3865 in
2601 3825 2786 3866 mense
2831 3810 3013 3872 Junio,
3064 3807 3355 3862 indictione
3400 3824 3453 3860 ιι

1893 3900 2085 3954 Datum
2117 3915 2214 3969 per
2236 3915 2452 3954 manum
2481 3901 2777 3968 Benedicti,
2806 3901 3121 3956 Portuensis
3146 3899 3384 3969 episcopi
3423 3909 3477 3952 et

1892 3991 2287 4047 bibliothecarii
2325 4003 2526 4048 sancta:
2559 3994 2819 4050 Romanae
2858 3993 3141 4059 Ecclesiaa,
3173 4006 3334 4057 anno,
3367 3990 3475 4045 Deu

1892 4084 2147 4154 propitio,
2172 4085 2516 4154 pontificatus
2539 4087 2741 4142 domini
2773 4087 2944 4144 nostri
2975 4085 3255 4141 Benedicti
3279 4084 3476 4140 summi

1891 4175 2164 4244 pontificis
2185 4186 2239 4232 et
2259 4178 2581 4235 universalis
2606 4181 2785 4236 octavi
2811 4194 2964 4252 papa:
2991 4179 3187 4248 primo.

2651 4292 2718 4348 γ.

1891 4375 2158 4431 Benedicti
2203 4377 2340 4433 VIII
2359 4397 2505 4455 papa:
2532 4383 2673 4436 bulla
2699 4401 2803 4455 qua
2828 4384 3075 4455 Farfensi
3092 4383 3318 4440 canobio
3340 4382 3474 4438 bona

2307 4466 2369 4503 ac
2393 4453 2522 4519 jura
2548 4453 2721 4508 omnia
2751 4453 3049 4523 conﬁrmat.

2477 4543 2656 4614 (Anno
2695 4547 2878 4620 1013.)

2169 4635 2503 4707 [Μωυτοιιῃ
2538 4639 2730 4712 Script.
2765 4642 2915 4711 Ital.,
2948 4643 3010 4712 ll,
3043 4645 3194 4718 557.]

1959 4727 2296 4782 Benemcrus
2313 4729 2622 4800 episcopus,
2640 4748 2830 4788 servus
2851 4749 3130 4791 servorum
3147 4736 3262 4802 Dei,
3279 4736 3478 4795 dilecto

1888 4814 1941 4867 in
1974 4815 2202 4870 Domino
2237 4815 2348 4870 filio
2375 4815 2609 4873 GUIDON!
2630 4820 2966 4889 coangelico,
2994 4821 3175 4876 abbati
3204 4837 3484 4880 monaste-

1889 4905 1950 4959 rii
1976 4907 2118 4977 quod
2143 4907 2407 4962 diciturin
2438 4911 2691 4979 Pharpha
2718 4912 2785 4964 de
2812 4910 2933 4966 loco
2961 4911 3486 4984 Acutiano,tuisqne

1886 5001 2295 5056 successoribus
2315 5003 2367 5056 in
2395 5012 2747 5074 perpetuum.

1956 5092 2128 5163 Igitur
2156 5093 2280 5161 quia
2315 5095 2529 5162 petistis
2575 5108 2606 5147 a
2650 5092 2812 5148 nobis
2859 5103 3145 5163 quatenus
3188 5104 3257 5144 ex
3308 5110 3506 5158 nostra
