3984 5316
534 334 671 438 15έ7

1798 374 2160 431 ΒΕΝΕΒΙΟΤΙ
2205 375 2315 431 Vill
2355 376 2438 432 PA
2448 376 2559 432 PIE

3652 372 3766 429 1588

533 491 635 546 bus
664 488 1079 560 pertinentibus.
1102 487 1461 544 Concedimus
1486 488 1639 555 vobis
1688 487 1909 557 insuper
1931 488 1982 541 in
2024 503 2117 542 su-
2148 489 2192 544 Α
2221 488 2418 557 quibus
2445 486 2801 557 omnipotenti
2832 485 2944 543 Deo
2987 486 3173 542 laudes
3220 485 3556 551 referuntur;
3586 495 3642 541 ut
3681 488 3768 546 ite-

528 579 778 651 pradicto
809 579 976 636 l'undo
1007 580 1178 635 Massa
1199 581 1406 635 casales
1431 588 1541 634 tres
1563 595 1629 633 ex
1658 580 1885 648 integro,
1908 579 2113 633 scilicet

534 669 717 724 casale
741 670 806 724 de
832 668 1134 735 Petroccio,
1166 680 1223 726 et
1251 670 1430 725 casale
1461 669 1658 727 Leonis
1691 668 2009 724 Sabinensis
2057 678 2112 725 et

533 757 715 813 casale
748 757 894 812 Petri
941 759 1011 815 de
1058 758 1242 816 Leone
1277 760 1526 825 ferrario,
1559 775 1682 813 cum
1718 759 1880 823 casis,
1913 759 2107 824 vineis,

528 852 719 917 terris,
744 850 970 921 campis,
1015 852 1205 922 pratis,
1240 853 1480 921 pascuis,
1522 852 1674 907 silvis
1701 861 1756 905 et
1797 838 2105 917 arboribus,

529 944 1143 1016 pomiferis,fructiferis
1166 945 1249 1002 vel
1272 944 1623 1000 inl‘ructil’eris
1645 945 1840 1000 diversi
1872 946 2107 1016 generis,

527 1034 733 1090 cultum
763 1035 847 1090 vel
896 1035 1181 1101 incultum,
1216 1052 1445 1097 vacuum
1488 1035 1570 1089 vel
1623 1035 1861 1105 plenum.
1907 1035 2109 1090 Al‘ﬁnes

524 1141 657 1182 vero
686 1134 740 1181 et
770 1127 984 1183 termini
1020 1142 1207 1182 eorum
1244 1128 1387 1182 sicut
1409 1143 1554 1181 nunc
1578 1136 1704 1180 sunt
1729 1126 1871 1180 etab
1898 1125 2109 1193 origine

523 1215 766 1285 fuerunt,
795 1227 850 1273 et
890 1218 1342 1288 quemadmodum
1389 1219 1442 1273 in
1494 1228 1689 1273 vestras
1732 1219 2108 1288 acquisitionis

526 1307 839 1363 continetur
864 1308 1133 1375 chartula,
1160 1319 1215 1363 et
1242 1308 1642 1365 sicuthaeredes
1670 1308 2107 1376 supradictorum

529 1390 814 1453 hominum
840 1399 907 1454 ad
931 1399 1284 1455 laborandum
1316 1401 1430 1455 suis
1464 1401 1625 1456 modo
1662 1400 1905 1456 detinere
1923 1402 2111 1457 viden-

526 1499 618 1545 tur
647 1490 921 1547 manibus.
956 1491 1150 1547 Omnia
1173 1492 1316 1563 juris
1344 1502 1547 1547 sanctae
1591 1491 1869 1555 Romanze,
1898 1492 1984 1547 cui
2015 1493 2108 1548 Dei

523 1592 752 1639 auctore
809 1584 1163 1652 praesidemus
1209 1592 1371 1653 atque
1425 1584 1798 1649 deservimus,
1830 1583 2105 1649 Ecclesiae,

524 1660 774 1729 vobis'ad
803 1673 1094 1728 tenendum
1124 1663 1322 1743 emissa
1351 1674 1714 1743 prazceptione
1762 1673 2109 1729 concedimus

521 1777 554 1815 a
583 1763 835 1833 praesenti
860 1763 1155 1819 indictione
1186 1779 1242 1818 χι
1264 1764 1419 1819 vobis
1454 1764 1755 1833 vestrisque
1777 1763 2106 1818 successori-

520 1830 624 1908 bus
666 1852 1108 1923 absque'reddito
1134 1855 1220 1910 vel
1254 1872 1419 1912 censu
1456 1830 1841 1927 perpetualiter
1862 1855 2108 1911 detinen-
2139 1830 2183 1888 Β

527 1941 677 1996 dum.
734 1940 1048 2001 Statucntes
1087 1947 1380 2017 apostolica
1414 1962 1648 2003 censura
1698 1955 1753 2003 et
1784 1948 2108 2002 auctoritate

519 2030 670 2117 beati
699 2032 845 2089 Petri
876 2037 1243 2107 apostolorum
1267 2039 1545 2110 principis,
1583 2040 1682 2093 sub
1721 2038 1918 2093 divinis
1954 2039 2105 2094 obte-

524 2130 855 2188 stationibus
880 2142 936 2188 et
957 2135 1324 2190 anatltematis
1356 2134 1846 2201 interdictionibus,
1880 2145 1939 2189 ut
1969 2134 2102 2189 nulli

518 2238 759 2294 unquam
788 2240 1166 2281 successorum
1207 2236 1516 2283 nostrorum
1548 2241 1827 2297 paparum,
1859 2224 1944 2279 vel
1982 2225 2103 2278 alia:

518 2315 745 2370 cuilibet
794 2331 1005 2385 magna:
1040 2332 1329 2388 parvaeque
1388 2333 1654 2387 personae,
1681 2332 1780 2386 per
1827 2317 2100 2372 nominata

517 2404 637 2461 loca
671 2420 699 2460 a
735 2414 1000 2476 potestate
1049 2416 1104 2464 et
1161 2409 1398 2465 dictione
1451 2418 1634 2465 vestra
1689 2418 2104 2478 vestrorumque

520 2511 926 2564 successorum,
955 2511 1021 2553 ac
1049 2499 1214 2554 vestri
1257 2499 1573 2554 monasterii
1612 2498 1829 2554 utilene
1861 2498 1941 2553 vel
1966 2498 2101 2554 alie-

516 2602 652 2643 nare
682 2604 898 2659 quoquo
925 2591 1082 2645 modo
1115 2590 1295 2647 liceat.
1324 2590 1380 2646 Si
1418 2590 1539 2661 quis
1582 2599 1764 2645 autem
1810 2591 2102 2646 temerario

520 2694 657 2734 ausu
688 2696 886 2752 magna
914 2668 1189 2753 parvaque
1217 2699 1447 2753 persona
1478 2692 1670 2739 contra
1728 2685 1832 2738 hoc
1882 2684 2103 2754 privile.

514 2770 664 2841 gium
700 2787 864 2843 agere
890 2776 1317 2844 praesumpserit,
1345 2776 1485 2830 sciat
1521 2790 1581 2830 se
1616 2790 1645 2828 a
1674 2776 1785 2831 Deo
1832 2775 2100 2841 alienum,

512 2872 712 2918 etcum
742 2864 996 2919 omnibus
1020 2864 1203 2933 impiis
1234 2877 1440 2920 aeterno
1472 2865 1722 2920 incendio
1744 2881 1809 2921 ac
1838 2865 2101 2936 supplicio

512 2955 959 3011 condemnatum.
987 2954 1058 3010 At
1085 2970 1216 3012 vero
1242 2953 1335 3026 qui
1360 2957 1448 3027 pio
1480 2957 1680 3011 intuitu
1707 2966 1893 3013 custos
1924 2967 1979 3012 et
2005 2958 2104 3012 ob-

515 3055 768 3102 servator
810 3046 971 3118 hujus
1014 3048 1185 3102 nostri
1238 3048 1502 3117 privilegii
1540 3049 1840 3114 exstiterit,
1872 3048 2101 3119 gratiam

516 3146 683 3207 atque
711 3139 1165 3205 misericordiam,
1191 3139 1467 3209 vitamque
1494 3149 1756 3195 aeternam
1804 3154 1836 3193 a
1883 3140 2102 3194 miseri-

510 3229 922 3286 .cordiosissimo
950 3226 1180 3286 Domino
1210 3232 1317 3286 Deo
1338 3238 1524 3286 nostro
1538 3230 1798 3301 consequi
1820 3239 2095 3286 mereatur

515 3321 575 3374 in
607 3321 802 3376 saecula
839 3321 1182 3377 saeculorum.
1210 3321 1405 3376 Amen.

589 3407 862 3477 Scriptum
895 3424 991 3477 per
1013 3426 1205 3465 manus
1239 3410 1514 3466 Benedicti
1548 3411 1837 3481 regionarii
1879 3412 2100 3480 notarii,

520 3506 577 3552 et
607 3497 879 3553 scriniarii
911 3508 1112 3553 sanctae
1149 3490 1407 3555 Romana:
1424 3500 1679 3555 Ecclesia:
1706 3500 1759 3555 in
1787 3516 1947 3557 manu
1977 3516 2105 3572 apo-

522 3589 713 3645 stolica
750 3589 850 3661 (2),
885 3590 1177 3646 indictione
1207 3591 1518 3660 supradicta
1548 3606 1624 3646 x1.

589 3682 734 3738 Bene
760 3682 957 3739 valete.

594 3775 790 3830 Datum
828 3791 925 3829 vm
966 3774 1190 3831 Kalend.
1253 3774 1378 3830 Maii
1424 3789 1523 3845 per
1578 3789 1771 3831 manus
1823 3774 2103 3831 Benedicti

522 3866 733 3923 Domini
756 3868 929 3937 gratia
952 3867 1190 3937 episcopi
1222 3867 1436 3923 Sancta:
1462 3866 1623 3923 Silva:
1645 3867 1898 3924 Candidas
1918 3868 2105 3924 Eccle-

521 3959 635 4021 size,
672 3966 728 4012 et
752 3958 1143 4013 bibliothecarii
1170 3968 1373 4013 sanctae
1402 3957 1713 4026 apostolica:
1738 3960 1903 4024 sedis,
1935 3974 2101 4025 anno,

519 4048 634 4103 Deo
659 4049 913 4119 prepitio,
944 4049 1290 4116 pontiﬁcatus
1318 4051 1381 4105 D.
1420 4049 1486 4105 N.
1518 4050 1794 4107 Benedicti
1825 4051 2103 4109 sanctissi-

519 4140 593 4194 mi
624 4138 729 4193 Vlll
753 4155 906 4210 papa:
931 4140 1128 4211 primo.

1270 4234 1355 4289 Vl.

519 4326 761 4399 Domitio
789 4320 1275 4399 terrarumjaclu
1309 4326 1559 4399 B‘qrfeusi
1616 4327 1846 4399 coenobio
1888 4326 2104 4399 eiusque

590 4396 1008 4452 abbatiGuidom’
1022 4397 1345 4452 aBenedicto
1372 4396 1511 4451 VIII
1524 4397 1766 4467 pontiﬁce
1782 4396 2032 4454 maximo.

1113 4510 1297 4579 (Anno
1337 4508 1519 4575 1015.)

802 4601 1135 4674 [Munuonn
1165 4602 1342 4673 Antiq.
1381 4601 1512 4657 Ital.
1540 4603 1629 4665 IV,
1656 4601 1817 4674 799.]

590 4694 647 4748 ln
676 4694 895 4749 nomine
928 4692 1138 4751 Domini
1169 4694 1342 4748 nostri
1378 4691 1506 4749 Jesu
1554 4694 1780 4760 Christi,
1820 4710 1963 4750 anno
1993 4695 2102 4750 Deo

519 4785 754 4854 propitio
775 4784 1125 4856 pontiﬁcatus
1150 4784 1353 4840 domini
1385 4784 1658 4840 Benedicti
1695 4787 1891 4840 stnnmi
1924 4787 2103 4853 ponti-

522 4878 641 4932 licis
665 4888 721 4933 et
742 4877 1067 4934 universalis
1113 4891 1265 4949 papa:
1309 4874 1422 4931 Vlll
1454 4876 1507 4931 in
1558 4877 1920 4933 sacratissima
1978 4880 2105 4935 sede

517 4967 662 5022 benti
691 4966 835 5023 Petri
866 4969 1065 5037 primo,
1089 4966 1385 5022 indictione
1408 4982 1483 5029 ιι.
1512 4982 1700 5023 mense
1723 4967 1907 5037 Junio,
1934 4970 2019 5024 die
2041 4986 2100 5026 ιι.

520 5057 660 5113 Dum
692 5058 1175 5129 proadipiscendis
1195 5057 1433 5113 crnlestis
1461 5056 1613 5128 regni
1647 5059 1860 5127 gaudiis
1882 5064 2105 5115 mternis

523 5151 713 5221 procul
741 5151 901 5206 dubio
928 5151 993 5205 ad
1024 5150 1223 5205 cultum
1240 5152 1432 5205 divinae
1458 5149 1755 5218 maiestatis
1775 5151 2104 5207 conferenda

525 5238 790 5278 clinmnlir.
820 5240 1043 5278 nmninn
1075 5239 1154 5278 fac
1176 5240 1339 5278 nviait
1397 5256 1461 5278 nn
1507 5241 1649 5278 numl
1692 5240 1932 5278 vuln-nnc
1983 5241 2101 5278 hicn

2214 579 2479 651 demptori
2504 587 2689 635 nostro
2719 578 2820 633 boc
2844 579 3017 647 ipsum
3042 578 3186 648 quod
3231 578 3301 632 ad
3348 578 3579 649 gloriam
3621 589 3767 635 sancti

2215 670 2453 725 nominis
2482 668 2597 737 ejus
2629 668 2962 738 dignoscitur
2983 684 3324 739 procurasse,
3343 669 3412 724 sit
3439 670 3766 739 acceptabile,

2213 775 2243 813 a
2275 759 2432 814 nobis
2458 759 2685 814 inferius
2736 758 3053 829 ascriptum,
3081 768 3134 814 et
3186 759 3383 815 domno
3432 758 3690 829 Gregorio
3723 769 3768 816 et

2213 849 2423 904 domnae
2472 847 2654 903 Maria:
2706 850 3011 919 genitorum
3065 865 3306 905 meorum
3338 890 3353 915 ,
3402 865 3508 919 pro
3558 865 3768 918 quorum

2213 955 2399 996 amore
2443 948 2497 994 et
2535 940 2691 995 venia
2750 955 3101 1009 meorumque
3142 940 3465 996 delictorum
3517 938 3701 1004 oll‘ero,
3723 952 3773 996 ut

2212 1032 2279 1087 ab
2310 1033 2499 1087 eodem
2524 1032 2752 1087 Domino
2773 1032 2882 1087 Deo
2904 1042 3090 1088 nostro
3115 1034 3477 1093 sanctissimis
3500 1035 3615 1088 suis
3634 1036 3772 1090 mise-

2212 1123 2517 1179 rationibus
2548 1124 2601 1179 in
2622 1123 2858 1181 etltereis
2889 1126 3109 1181 arcibus
3137 1126 3451 1182 conferatur
3482 1141 3772 1183 remouen-

2214 1216 2309 1283 tio,
2338 1217 2618 1272 etveniam
2646 1202 2967 1272 delictorum
2992 1220 3233 1275 omnium
3259 1221 3524 1289 consequi
3550 1234 3771 1274 merean-

2213 1317 2319 1362 tur.
2349 1308 2690 1378 Quapropter
2717 1324 2816 1381 ego
2840 1311 3245 1380 suprascriptus
3284 1311 3522 1365 domnus
3566 1309 3774 1365 Benedi-

2209 1409 2331 1457 ctus
2362 1401 2518 1456 almae
2556 1401 2742 1457 Romze
2767 1402 2964 1471 praesul
3001 1418 3031 1457 a
3082 1403 3337 1473 praesenti
3366 1403 3471 1457 'die
3519 1403 3611 1466 do,
3630 1403 3771 1465 dono,

2211 1492 2367 1557 cedo,
2393 1492 2547 1546 trado
2602 1501 2657 1545 et
2705 1492 3134 1547 irrevocabiliter
3169 1492 3392 1563 largior,
3419 1492 3589 1547 simul
3632 1502 3775 1563 atque

2210 1580 2450 1635 concedo
2502 1596 2565 1635 ex
2594 1581 2811 1649 propria
2839 1597 2959 1636 mea
2984 1582 3309 1647 substantia,
3337 1582 3596 1652 propria,
3629 1597 3773 1650 spon-

2212 1679 2395 1736 tanea,
2423 1684 2657 1739 meaque
2685 1671 2982 1735 voluntate,
3010 1672 3185 1737 vobis,
3227 1670 3421 1734 Guido,
3465 1671 3776 1725 venerabilis

2210 1762 2491 1831 presbyter
2506 1768 2561 1815 et
2585 1761 2883 1818 monachus
2924 1774 3088 1832 atque
3119 1762 3289 1817 abbas
3316 1763 3651 1817 venerabilis
3680 1775 3778 1820 moi

2214 1852 2438 1908 nasterii
2481 1850 2696 1907 Sanctae
2724 1854 2819 1908 Dei
2849 1852 3140 1910 Genitricis
3185 1853 3367 1909 blarire
3415 1854 3656 1908 dominre
3692 1869 3774 1908 no-

2207 1955 2336 2000 stra:
2360 1953 2517 1999 terrae
2546 1942 2883 2009 Sabincnsis,
2910 1945 2961 1999 in
2992 1945 3111 2000 loco
3134 1946 3225 2014 qui
3251 1945 3447 2000 dicitur
3473 1946 3775 2010 Acutianus,

2208 2037 2513 2106 vestrisque
2554 2036 2963 2091 successoribus
3002 2036 3310 2105 abbatibus,
3360 2036 3695 2107 presbyteris
3731 2046 3776 2090 et

2206 2127 2506 2191 monachis,
2549 2126 2847 2195 majoribus
2903 2125 3331 2194 minoribusque,
3365 2125 3459 2193 qui
3507 2126 3562 2178 in
3600 2124 3770 2179 eodem

2207 2217 2500 2274 venerabili
2524 2217 2857 2270 monasterio
2887 2216 2999 2271 Deo
3027 2216 3282 2271 servituri
3307 2222 3454 2280 sunt,
3477 2230 3579 2284 pro
3605 2214 3777 2269 vestris

2204 2308 2567 2363 sacrosanctis
2611 2307 2858 2362 ﬁdelibus
2909 2316 2966 2362 et
3022 2305 3361 2376 quotidiauis
3412 2306 3777 2369 orationibus,

2203 2412 2339 2466 quas
2372 2410 2471 2465 pro
2523 2395 2700 2450 salute
2745 2395 3051 2449 animarum
3093 2402 3400 2449 nostrarum
3446 2392 3638 2446 facere
3687 2409 3779 2446 nou

2203 2490 2451 2547 cessatis.
2490 2489 2719 2557 [deoque
2743 2502 3029 2543 remunero
3068 2496 3125 2542 et
3170 2486 3314 2541 dono
3357 2494 3415 2539 et
3457 2483 3637 2539 oll’ero
3693 2500 3782 2553 pro

2204 2584 2385 2637 anima
2419 2596 2538 2636 mea
2582 2588 2636 2635 et
2661 2580 2947 2635 animabus
2984 2579 3509 2649 prccnominalorum
3571 2577 3673 2646 pize
3703 2591 3777 2630 re-

2203 2671 2539 2728 cordationis
2579 2670 2706 2725 olim
2757 2670 3062 2740 genitorum
3089 2685 3330 2743 meorum
3361 2687 3373 2720 :
3401 2668 3453 2721 id
3506 2677 3595 2722 est
3629 2676 3777 2721 totum

2203 2763 2467 2830 integram
2498 2762 2707 2814 vineam
2731 2768 2785 2813 et
2808 2769 3007 2815 terram
3044 2775 3182 2829 quas
3204 2759 3273 2812 ad
3306 2758 3669 2811 laborandum
3700 2757 3778 2811 de-

2203 2853 2364 2907 tinuit
2390 2851 2790 2914 Benedictulus,
2816 2852 2906 2919 qui
2940 2851 3220 2906 dicebatur
3271 2850 3335 2903 de
3378 2848 3559 2910 Laxo,
3586 2856 3637 2901 et
3668 2846 3777 2899 Per-

2203 2942 2355 2997 culus
2387 2942 2528 2994 lilius
2574 2941 2713 3010 ejus,
2737 2941 2827 3009 qui
2855 2938 3072 2994 luerunt
3100 2938 3285 2993 l‘atnuli
3319 2937 3520 2999 nostri,
3555 2952 3673 2989 cum
3699 2950 3774 2989 ca-

2203 3034 2302 3098 sis,
2333 3033 2525 3096 vineis,
2550 3043 2604 3088 et
2630 3033 2815 3097 terris,
2846 3032 3072 3100 campis,
3097 3028 3522 3100 pascuis,silvis.
3557 3028 3776 3093 solertis,

2204 3123 2488 3180 arboribus
2538 3123 2857 3193 pomiferis,
2915 3122 3210 3177 fructilcris
3265 3123 3348 3176 vel
3409 3122 3773 3185 infturti'ezis,

2205 3215 2513 3284 diversique
2540 3214 2779 3283 generis,
2806 3214 2960 3276 rivis,
2986 3213 3226 3266 fontibus
3274 3228 3412 3281 aque
3441 3215 3773 3282 perennibus,

2204 3304 2405 3359 cultum
2438 3304 2521 3358 vel
2553 3303 2837 3368 incultum,
2870 3318 3097 3358 vacuum
3141 3312 3195 3356 et
3216 3303 3457 3373 plenum,
3488 3308 3569 3360 sic
3625 3305 3677 3358 iu
3707 3304 3776 3357 in-

2206 3408 2440 3468 tegrum,
2474 3398 2741 3467 quomodo
2765 3396 3056 3466 supradicti
3089 3394 3273 3449 famuli
3305 3396 3479 3451 nostri
3527 3397 3595 3450 ad
3646 3396 3775 3450 labo-

2205 3493 2435 3545 randum
2465 3489 2579 3544 suis
2626 3476 2972 3543 detinuerunt
3018 3489 3292 3555 manibus,
3328 3489 3381 3542 in
3434 3490 3777 3544 montibuset

2204 3579 2537 3651 planiciebus
2581 3595 2677 3648 per
2713 3579 2924 3634 diversa
2954 3577 3065 3634 loca
3087 3587 3141 3633 et
3168 3580 3457 3644 vocabula,
3485 3580 3777 3649 ubicunque

2118 3660 2125 3666 ’
2211 3671 2386 3740 posita
2422 3684 2542 3725 esse
2570 3669 2844 3733 videntur,
2866 3683 2987 3722 cum
3039 3669 3262 3722 introitu
3294 3678 3349 3723 et
3388 3673 3541 3723 exitu
3594 3685 3706 3733 suo,
3730 3678 3774 3722 et

2205 3778 2330 3819 cum
2350 3762 2600 3815 omnibus
2627 3760 2692 3815 ad
2714 3776 2775 3814 ea
2800 3759 3122 3830 generaliter
3153 3760 3205 3814 in
3231 3761 3502 3831 integrum
3517 3760 3776 3830 pertinea-

2209 3852 2560 3922 tibus,posita
2576 3850 2627 3905 in
2648 3850 2922 3905 territorio
2945 3850 3239 3905 Collinensi
3266 3851 3321 3904 in
3348 3850 3515 3906 fundo
3544 3850 3773 3920 Flajano,

2206 3945 2368 4001 sicuti
2408 3946 2523 4015 ejus
2548 3944 2733 3999 amnes
2756 3944 2823 3998 ab
2847 3943 3055 4014 origine
3090 3941 3328 4007 luerunt,
3357 3943 3439 3997 vel
3464 3944 3627 3998 modo
3655 3943 3774 3996 desi-

2205 4038 2359 4110 gnari
2398 4035 2817 4107 possunt,juris,
2851 4035 2938 4089 cui
2982 4036 3243 4090 existunt.
3275 4035 3407 4102 Quae
3457 4052 3489 4090 a
3536 4034 3770 4106 praesenti

2204 4129 2293 4184 die
2315 4127 2577 4198 largimur
2602 4125 2774 4187 vobis,
2799 4125 2869 4178 ita
2893 4133 3000 4179 uta
3029 4125 3478 4180 vobiscontinuas
3504 4126 3768 4179 orationes

2204 4217 2704 4289 suscipiamus;qui
2732 4216 2775 4270 si
2805 4216 3042 4271 carnalia
3066 4217 3223 4283 vobis
3269 4216 3641 4280 concedimus,
3671 4214 3770 4285 spi-

2206 4312 2418 4367 ritualia
2448 4326 2477 4364 a
2500 4310 2652 4366 vobis
2674 4309 2953 4379 percipere
2977 4308 3254 4363 debemus.
3282 4308 3391 4361 Eta
3418 4308 3670 4377 praesenti
3697 4305 3770 4359 die

2205 4419 2305 4475 pro
2331 4401 2698 4471 redemptione
2720 4400 3021 4454 animarum
3038 4400 3332 4455 fratrumct
3356 4415 3604 4456 sororum
3631 4413 3768 4453 meo-

2207 4507 2347 4559 rum,
2386 4506 2441 4550 et
2472 4511 2625 4559 meae,
2653 4494 2740 4563 qui
2765 4507 2925 4563 supra
2954 4494 3203 4559 donator,
3227 4493 3498 4553 habeatis.
3531 4489 3768 4549 teneatis,

2203 4588 2544 4662 possideatis,
2575 4595 2631 4641 et
2659 4585 2866 4651 utendi,
2890 4584 3121 4651 fruendi,
3148 4580 3766 4656 possidendi,vendendi,

2208 4680 2470 4746 donandi,
2504 4677 2897 4744 commutandi,
2929 4678 3013 4732 vel
3047 4677 3304 4747 quidquid
3354 4678 3421 4745 ad
3478 4672 3772 4751 luminaria-

2204 4791 2328 4832 rum
2356 4768 2829 4830 concinnationem
2879 4770 2967 4847 ad
2988 4780 3189 4824 sanctae
3216 4769 3477 4823 Ecclesia:
3501 4766 3767 4821 utilitatem

2208 4868 2372 4925 vestri
2399 4863 2721 4932 monasterii
2751 4862 2934 4918 facere
2964 4862 3079 4916 sive
3115 4875 3375 4930 peragere
3403 4857 3695 4917 volueritis,
3719 4854 3764 4908 in

2205 4971 2386 5016 vestra
2409 4969 2819 5025 vestrorumque
2842 4968 3217 5010 successorum
3256 4953 3329 5008 sit
3379 4958 3661 5022 potestate.
3710 4946 3767 4999 Et

2210 5054 2361 5110 nullo
2392 5068 2629 5123 unquam
2672 5059 2911 5119 tempore
2940 5063 2970 5102 a
3012 5063 3118 5110 me.
3149 5062 3325 5116 neque
3373 5048 3443 5101 ab
3482 5040 3767 5101 barredibus

2206 5156 2263 5202 et
2289 5144 2693 5201 successoribus
2721 5141 2877 5206 meis,
2902 5155 3078 5210 neque
3117 5156 3150 5193 a
3180 5154 3266 5194 me
3292 5138 3555 5193 submissa
3583 5145 3764 5201 magna

2208 5242 2290 5276 νο,
2318 5256 2479 5272 nan-vn
2511 5253 2738 5270 nni-anna
2767 5238 3003 5268 n‘:nnlnm
3035 5236 3323 5266 nl:nI-nnr'n
3348 5228 3605 5262 Ιιηιυιιιιῖιῖο
3632 5237 3765 5260 (III..-
