3984 5316
254 189 385 244 1589

1440 187 1794 243 EPISTOLAi.
1834 187 1920 242 ET
1961 188 2297 244 DECRETA.

3361 187 3499 244 I599

252 306 334 360 ubi
357 303 510 358 vobis
528 316 750 359 necesse
772 301 954 357 fuerit.
996 302 1063 357 Et
1104 303 1218 359 haec
1260 304 1609 379 omnia,qu:e
1661 300 1819 369 hujus
1846 304 1898 361 Α
1923 301 2267 357 detinendam
2329 310 2385 357 et
2426 271 2823 371 .perl‘ruendum
2884 303 3249 366 concedimus,
3297 302 3495 357 vestris

250 397 553 453 donationis
582 396 841 451 chartulae
871 396 1041 453 series
1067 405 1245 453 textus
1275 396 1567 466 eloquitur,
1602 396 1825 450 inviola-

248 489 423 544 biliter
472 502 797 542 conservare
826 496 988 555 atque
1026 489 1322 558 adimplere
1358 489 1632 559 promitto.
1668 486 1821 553 Nam,

247 579 385 648 quod
414 578 575 644 absit,
621 579 665 633 si
701 588 883 633 contra
907 580 1021 635 haec
1044 596 1161 648 quae
1196 581 1445 649 superius
1466 588 1649 634 notata
1676 588 1821 647 sunt,

247 667 326 723 vel
380 669 614 737 ascripta
665 667 916 738 leguntur
943 710 957 734 ,
1004 686 1165 741 agere
1205 672 1729 741 prtesumpserimus,
1772 681 1826 727 ct

248 769 435 816 cuncta
475 775 581 815 non
621 761 1113 831 observaverimus,
1144 773 1272 820 tunc
1297 766 1518 820 daturos
1565 779 1665 819 nos
1699 778 1825 833 pro-

242 856 505 913 mittimus
533 858 687 913 vobis
722 868 847 914 ante
884 864 1060 915 omnis
1090 859 1201 916 litis
1257 861 1470 915 initium
1499 873 1672 930 poena:
1716 874 1819 913 no-

240 949 382 1003 mine
410 950 528 1003 auri
555 950 744 1019 optimi
764 949 929 1004 libras
951 950 1184 1017 duas;et
1210 960 1331 1021 post
1352 950 1581 1007 solutam
1606 964 1823 1019 poenam

240 1040 403 1109 hujus
431 1042 740 1097 donationis
766 1042 1025 1097 chartulae
1050 1043 1221 1098 series
1243 1044 1298 1098 in
1329 1059 1427 1099 sua
1466 1042 1821 1097 nihilominus

243 1143 462 1189 maneat
482 1134 763 1189 ﬁrmitate.
787 1134 959 1202 Quam
988 1135 1333 1190 scribendam
1357 1135 1571 1205 rogavit
1596 1133 1824 1189 Roccio-

234 1236 387 1290 nem,
416 1224 757 1279 seriniarium
779 1232 982 1279 sanctae
1014 1224 1273 1280 Romana:
1303 1224 1580 1279 Ecclesiae.
1606 1224 1673 1276 Et
1701 1238 1820 1292 ego,

231 1312 331 1382 qui
362 1328 527 1383 supra
550 1314 786 1383 scriptus
813 1329 977 1368 manu
1010 1315 1230 1385 propria
1252 1313 1639 1383 subscripsi,et
1661 1320 1823 1366 testes

228 1401 321 1470 qui
353 1402 781 1467 subscriberent,
808 1404 1021 1473 rogavi,
1061 1414 1117 1457 et
1142 1403 1319 1466 vobis,
1359 1403 1451 1473 qui
1481 1418 1662 1472 supra,
1694 1415 1825 1456 con»

233 1490 437 1544 tradidi
462 1491 514 1544 in
548 1506 735 1545 mense
752 1500 805 1546 et
838 1492 1132 1547 indictione
1154 1493 1522 1563 suprascripta
1544 1507 1622 1545 ιι.

305 1586 365 1642 >14
398 1580 440 1633 Τ
474 1582 506 1634 h
536 1580 577 1634 F
608 1580 691 1635 Kl
714 1582 748 1635 h
777 1581 818 1635 C
849 1580 889 1634 T
917 1582 964 1635 Χ
986 1582 1048 1649 C,
1068 1583 1160 1653 qui
1182 1593 1238 1637 et
1258 1583 1583 1638 Benedictus
1610 1583 1820 1653 episco-

227 1684 332 1738 pus
360 1683 557 1725 servus
588 1684 871 1727 servorum
900 1672 1014 1727 Dei.

303 1766 362 1825 ὦ
394 1761 705 1833 llilperinus
739 1764 882 1820 ﬁlius
904 1765 1189 1835 llilpertnt.

308 1860 368 1918 ἧς
400 1854 616 1912 Frauco
646 1856 786 1912 ﬁlius
814 1859 1063 1913 Duranti.

295 1947 357 2006 ὦ
388 1941 655 2011 Joannes,
681 1946 771 2013 qui
803 1945 1085 2015 Paparone
1107 1957 1354 2005 vocatur.

291 2043 352 2101 ᾖ
387 2036 721 2093 Octavianus
746 2039 887 2094 ﬁlius
926 2040 1101 2111 Sergii
1127 2041 1195 2096 de
1234 2041 1650 2097 Transtiberim.

297 2137 358 2195 >14
404 2131 753 2188 Crescentius
783 2133 925 2189 ﬁlius
950 2133 1175 2191 Joannis
1197 2136 1264 2191 de
1291 2136 1566 2192 Lottecar.

289 2228 351 2285 ᾖ
389 2221 509 2293 Ego
537 2223 736 2279 lloccio
769 2226 1088 2282 scriniarius
1120 2239 1324 2283 sanctas
1350 2229 1609 2284 Romanae
1635 2229 1815 2285 Eccle-

217 2316 343 2379 sia),
375 2316 471 2385 qui
500 2331 663 2385 supra
704 2318 938 2388 scriptor
958 2318 1119 2391 hujus
1147 2321 1406 2377 cbartulm
1458 2322 1720 2393 complevi
1767 2331 1821 2378 et

222 2408 469 2462 absolvi.

975 2502 1081 2557 VII.

214 2591 382 2647 Bulla
424 2593 699 2667 Benedicti
736 2612 885 2667 papa:
940 2596 1085 2650 VIII
1132 2614 1225 2667 pro
1271 2597 1588 2652 ntanasterio
1636 2598 1820 2653 Sancti

656 2664 894 2734 Sepulcri
922 2668 974 2720 in
1003 2664 1382 2721 loco’Nociati.

555 2757 732 2828 (Anno
764 2758 920 2824 IOl3,
958 2774 1147 2814 mense
1166 2759 1498 2831 Decembri.)

209 2844 597 2912 MtrTABELLt,
629 2848 820 2902 Annal.
848 2848 1171 2913 Camaldul.,
1210 2849 1250 2913 I,
1284 2851 1552 2920 Append.,
1594 2864 1644 2913 p.
1693 2851 1817 2925 212,

443 2951 513 2991 ex
535 2939 869 3008 autographo
897 2941 1211 2995 monasterii
1238 2941 1606 3015 Foutisboni.]

282 3025 641 3081 BENEDICTUS
656 3027 963 3097 episcopus,
980 3044 1169 3083 servus
1191 3044 1472 3085 servorum
1494 3031 1611 3095 Dci,
1626 3030 1821 3085 dilecto

211 3117 273 3173 in
306 3117 544 3173 Christo
585 3118 693 3172 ﬁlio
720 3117 1019 3185 Ronemco,
1067 3121 1157 3189 qui
1196 3120 1431 3177 Boruzzo
1457 3122 1638 3176 vocari
1669 3122 1818 3176 vidc-

206 3218 323 3275 tur,
373 3209 566 3263 abbati
601 3210 913 3264 monasterii
940 3209 1124 3265 Sancti
1154 3210 1407 3280 Sepulcri
1426 3227 1489 3266 ac
1507 3220 1820 3267 sanctorum

201 3300 475 3366 Quatuor
512 3299 1001 3368 Evangelistarum,
1031 3302 1173 3369 quod
1211 3302 1374 3356 situm
1414 3310 1497 3357 est
1541 3302 1598 3356 in
1640 3310 1820 3357 castro

106 3405 119 3411 ‘
196 3391 549 3457 Felicitatis,
581 3391 635 3445 in
666 3391 785 3447 loco
810 3390 1049 3457 Nociati,
1076 3392 1291 3462 tuisque
1325 3392 1733 3449 successoribus
1764 3392 1818 3447 in

195 3492 573 3553 perpetuum.

276 3573 565 3639 Quoniam
614 3574 657 3627 si
702 3574 827 3643 quid
864 3575 932 3628 ad
976 3575 1237 3636 honorem
1270 3576 1363 3630 Dei
1400 3584 1455 3629 et
1487 3583 1674 3629 saneta
1724 3575 1817 3630 Dei

194 3664 567 3719 monasteria
588 3665 920 3728 ordinamus,
951 3665 1256 3721 mercedem
1308 3665 1435 3721 inde
1483 3665 1538 3719 in
1579 3664 1820 3719 futurum

193 3773 226 3811 τι
274 3757 403 3813 Deo
430 3772 533 3811 nos
574 3764 889 3826 recepturos
929 3771 1051 3812 esse
1080 3773 1187 3812 non
1232 3758 1581 3812 dubitamus:
1618 3756 1820 3811 idcirco

190 3865 307 3905 nos
380 3847 593 3918 quibus
657 3849 1011 3904 ecclesiarum
1063 3848 1157 3903 Dei
1204 3865 1332 3904 cura
1401 3850 1689 3905 commissa
1739 3859 1821 3905 est

188 3940 519 3996 ecclesiam
571 3940 885 4009 praedictam
936 3940 987 3993 iu
1039 3948 1311 4009 posterum
1369 3940 1702 4010 provideatis
1754 3941 1820 3995 de

190 4035 385 4087 rebus
442 4038 648 4084 sanctae
683 4038 882 4084 nostrm
912 4029 1168 4083 Romana:
1197 4030 1450 4084 Ecclesia:
1474 4029 1818 4100 privilegium

187 4130 433 4178 nostrae
494 4119 841 4173 auctoritatis
891 4120 1227 4175 constituere
1286 4128 1462 4174 ratum
1521 4120 1814 4185 duximus;

187 4213 569 4268 arbitramur
623 4211 823 4265 etenim
877 4210 945 4265 ad
1012 4210 1208 4265 futura:
1271 4211 1523 4266 utilitatis
1582 4210 1816 4266 fructum

183 4301 525 4372 plurimum
574 4298 755 4353 valere
796 4299 939 4368 quod
988 4309 1177 4354 contra
1219 4299 1605 4354 insectationes
1637 4310 1819 4370 tyran-
1853 4332 1895 4385 Β

184 4404 418 4446 norum
459 4397 516 4443 et
561 4389 927 4458 quorumlibet
981 4406 1274 4460 pravorum
1302 4391 1444 4446 vires
1474 4392 1687 4446 videtur
1720 4392 1816 4445 ha-

182 4486 365 4540 bere.
440 4480 791 4536 Auctoritate
854 4481 1017 4553 igitur
1086 4482 1380 4554 apostolica
1432 4486 1817 4541 constituimus

179 4573 579 4649 privilegium
609 4574 676 4628 de
697 4588 760 4628 ea
784 4589 903 4644 qua:
934 4574 1160 4631 inferius
1183 4577 1426 4658 continet
1451 4591 1552 4645 pro
1578 4578 1817 4633 remedio

182 4669 420 4725 animae
482 4675 685 4720 nostrae
743 4674 1159 4736 nostrorumque
1210 4682 1585 4723 successorum
1635 4672 1814 4739 ponti—

181 4763 372 4817 ﬁcum
417 4764 625 4826 et'pro
666 4758 1066 4815 sustentatione
1115 4758 1347 4814 fratrum
1376 4770 1430 4815 et
1475 4762 1816 4831 susceptione

177 4854 438 4919 inopum
485 4855 545 4900 et
584 4851 993 4921 peregrinorum
1027 4856 1083 4901 et
1129 4849 1472 4919 congregatis
1518 4851 1571 4905 in
1614 4852 1815 4907 Christi

174 4935 655 5004 laudibus,quia
714 4936 1021 4994 mercedem
1071 4937 1125 4991 in
1182 4939 1422 4993 futurum
1482 4954 1510 4992 a
1550 4939 1660 4995 Deo
1719 4956 1816 4995 nos

171 5036 544 5095 recepturos
578 5040 678 5077 non
720 5030 1067 5091 dubitamus;
1117 5028 1342 5098 proinde
1390 5032 1629 5087 concedo
1662 5033 1815 5086 vobis

169 5118 528 5182 vestrisque
555 5122 971 5181 successoribus
1002 5117 1053 5169 in
1089 5128 1430 5189 perpetuum,
1464 5122 1514 5175 id
1545 5136 1629 5179 est
1654 5125 1813 5180 Corte

172 5224 311 5281 qua:
368 5204 862 5277 Constantium"),
919 5215 975 5263 et.
1025 5209 1359 5278 Sargonina,
1402 5219 1454 5263 et
1505 5210 1712 5269 Nohulc
1759 5225 1814 5269 ct

178 5300 223 5316 II
269 5300 282 5316 ι
340 5295 423 5316 -1-
500 5299 544 5316 ιιι
580 5305 653 5316 ΛΑ-
824 5306 862 5316 n
950 5297 984 5316 ,⁸
1032 5298 1042 5308 ·
1185 5310 1195 5316 .

824 5306 862 5316 ἢ
950 5314 955 5316 .
973 5302 984 5307 “
1032 5302 1042 5308 ⁷
1185 5310 1195 5316 .
1469 5302 1483 5316 ἱ
1551 5305 1587 5316 ἢ

1926 392 2178 462 precibus
2206 392 2471 457 inclinati,
2504 409 2533 447 a
2576 394 2827 463 praesenti
2848 394 3165 449 duodecima
3206 392 3500 447 indictione

1926 493 2111 537 nostra
2145 486 2468 540 auctoritate
2513 484 2683 557 libera
2707 495 2871 555 atque
2908 501 3099 541 secura
3137 485 3383 541 habeatis
3433 484 3501 538 ab

1924 574 2071 627 omni
2120 584 2380 629 extranea
2419 583 2711 643 potestate,
2762 575 2835 628 ita
2866 584 2925 629 ut
2950 574 3131 629 nullus
3174 574 3321 639 dux,
3356 575 3500 643 prin-

1927 678 2073 733 ceps,
2105 680 2307 735 comes,
2359 676 2452 721 aut
2495 666 2817 731 vicecomes,
2862 665 2947 721 vel
2990 680 3181 736 magna
3228 679 3502 736 parvaque

1925 772 2177 826 persona,
2235 767 2558 829 potesutem
2584 758 2656 813 ibi
2706 766 2962 814 exerceat
3017 757 3101 812 vel
3158 757 3267 811 vim
3321 755 3501 811 facere

1924 848 2124 903 ibidem
2175 858 2485 919 praesumat,
2514 850 2587 904 ita
2635 862 2766 904 sane
2819 856 2879 902 ut
2930 847 3158 918 singulis
3202 846 3504 916 quibusque

1927 940 1981 995 in
2022 941 2407 998 indictionibus
2435 942 2750 1013 pensionem
2794 940 3117 997 auctionarii
3164 947 3366 996 sancta:
3411 953 3504 993 no-

1926 1040 2052 1088 strae
2083 1032 2342 1089 Romana:
2368 1035 2624 1091 Ecclesia:
2662 1035 2795 1089 duos
2826 1049 3021 1090 aureos
3050 1032 3252 1088 solidos
3282 1030 3507 1087 difﬁcul-

1926 1135 2035 1181 tate
2078 1129 2376 1197 postposita
2409 1129 2753 1200 persolvatis.
2803 1128 3120 1184 Statuentes
3157 1127 3339 1195 itaque
3379 1138 3509 1193 apo-

1925 1219 2115 1274 stolica
2165 1222 2485 1277 auctoritate
2550 1221 2650 1277 ιιι)
2696 1221 2865 1277 divini
2908 1218 3099 1292 iudicii
3146 1214 3508 1275 obtestatione

1924 1321 1979 1367 et
2016 1310 2384 1369 ~analhematis
2423 1314 2807 1371 interdictione
2844 1322 2905 1369 ut
2944 1313 3075 1368 nulli
3116 1327 3352 1382 unquam
3386 1324 3506 1367 suc-

1924 1418 2203 1459 cessorum
2234 1414 2548 1461 nostrorum
2580 1406 2915 1476 pontiﬁcum,
2955 1405 3039 1460 vel
3086 1418 3279 1475 magna
3313 1414 3506 1473 parva-

1840 1496 1869 1547 ;
1924 1512 2029 1566 que
2052 1513 2308 1567 persona,
2346 1499 2505 1554 sicuti
2548 1513 2713 1569 supra
2742 1498 3002 1568 scriptum
3040 1506 3141 1562 est,
3174 1505 3363 1553 contra
3406 1495 3508 1549 hoc

1924 1595 2165 1642 nostrum
2192 1589 2533 1659 privilegium
2556 1589 2745 1644 venire
2772 1590 2988 1644 audeat.
3034 1589 3091 1644 Si
3133 1588 3258 1659 quis
3295 1596 3502 1651 autem,

1921 1680 2063 1749 quod
2105 1694 2212 1735 non
2239 1682 2521 1749 optamus,
2550 1680 2843 1735 temerario
2868 1694 3002 1735 ausu
3033 1689 3224 1734 contra
3260 1679 3377 1733 haec
3415 1692 3509 1731 ve-

1923 1770 2040 1825 nire
2092 1772 2474 1836 attentaverit,
2535 1780 2591 1827 et
2656 1771 2815 1827 sicuti
2872 1786 2902 1825 a
2970 1780 3156 1827 nostra
3215 1770 3508 1840 apostolica

1922 1864 2244 1918 auctoritate
2286 1879 2602 1918 concessum
2634 1874 2688 1919 et
2724 1863 3107 1920 conﬁrmatum
3155 1871 3257 1928 est,
3298 1878 3510 1932 perma-

1922 1967 2053 2007 nere
2079 1969 2183 2007 non
2213 1954 2498 2019 dimiserit,
2538 1954 2677 2009 sciat
2719 1969 2779 2009 se
2824 1954 3175 2010 maledictum
3206 1961 3261 2009 et
3290 1954 3510 2008 anathe-

1922 2045 2083 2099 matis
2131 2046 2346 2101 vinculo
2382 2062 2413 2101 a
2461 2046 2623 2102 Patre
2662 2057 2717 2102 et
2766 2046 2902 2101 Filio
2950 2056 3005 2102 et
3053 2045 3258 2118 Spiritu
3314 2054 3503 2102 sancto

1924 2137 2238 2192 innodatum
2262 2180 2275 2203 ,
2308 2148 2362 2193 et
2394 2139 2447 2193 in
2488 2140 2708 2195 aeternis
2749 2140 3018 2195 incendiis
3060 2155 3180 2195 eum
3212 2138 3351 2194 Juda
3395 2148 3503 2192 tra-

1922 2228 2097 2283 ditore
2120 2230 2332 2285 Domini
2360 2232 2530 2287 nostri
2557 2230 2689 2286 Jesu
2721 2232 2923 2287 Christi
2955 2232 3150 2287 habeat
3178 2230 3504 2302 portionem.

1921 2320 1990 2372 At
2020 2335 2147 2374 vero
2176 2321 2266 2391 qui
2296 2321 2387 2390 pio
2433 2322 2626 2376 intuitu
2670 2330 2854 2377 custos
2894 2330 2949 2376 et
2977 2322 3297 2377 observator
3334 2319 3498 2387 hujus

1923 2411 2094 2464 nostri
2145 2413 2426 2481 apostolici
2469 2412 2735 2483 privilegii
2793 2414 3085 2479 exstiterit,
3114 2410 3507 2467 benedictionis

1924 2502 2155 2572 gratiam
2180 2518 2206 2556 a
2231 2504 2380 2573 justo
2414 2504 2593 2573 judice
2627 2504 2853 2557 Domino
2878 2503 2987 2558 Deo
3026 2513 3214 2558 nostro
3245 2503 3504 2569 consequi

1925 2604 2201 2648 mereatur
2244 2606 2297 2648 et
2335 2596 2503 2649 vitam
2544 2604 2799 2650 reternam
2830 2595 3104 2665 particeps
3132 2593 3266 2649 etIici
3294 2608 3507 2649 merea-

1928 2696 2015 2740 tur
2040 2688 2092 2740 in
2120 2687 2313 2742 srccnla
2342 2689 2686 2743 saeculorum.
2719 2689 2911 2742 Amen.

1998 2778 2270 2846 Scriptum
2325 2793 2421 2848 per
2478 2794 2671 2833 manus
2728 2777 2905 2850 Sergii
2957 2778 3155 2832 notarii
3190 2762 3510 2848 ‘regionarii

1926 2877 2128 2923 Sanctae
2180 2870 2437 2924 Romanae
2482 2869 2738 2925 Ecclesiae
2786 2868 2839 2922 in
2886 2884 3072 2924 mense
3115 2877 3170 2923 et
3215 2867 3508 2923 indictione

1849 2977 1894 3040 ρ
1927 2958 2293 3029 suprascripta
2341 2958 2678 3014 duodecima.

2000 3055 2059 3113 ὦ
2103 3048 2245 3102 Bene
2285 3049 2477 3102 valete.
2515 3048 2614 3103 SS.
3012 3098 3015 3103 λ

1996 3138 2052 3193 1η
2112 3140 2331 3194 nomine
2388 3140 2598 3194 Domini
2662 3139 2847 3195 datum
2912 3155 3006 3209 per
3058 3154 3250 3193 manus
3306 3138 3511 3192 Azzoni

1923 3236 2159 3305 episcOpi
2188 3246 2391 3290 sancta:
2431 3235 2702 3291 Ostiensis
2728 3234 2987 3290 Ecclesia:
3017 3244 3070 3289 ct
3111 3232 3512 3288 bibliothecarii

1924 3337 2125 3383 sancta:
2165 3328 2473 3398 apostolica:
2515 3329 2686 3394 sedis,
2716 3344 2879 3394 anno,
2908 3328 3017 3383 Deo
3043 3328 3294 3399 propitio,
3319 3326 3500 3381 domui

1923 3417 2196 3473 Benedicti
2258 3420 2456 3473 summi
2519 3420 2791 3489 pontiﬁcis
2844 3429 2900 3473 et
2957 3419 3276 3474 universalis
3326 3418 3502 3473 octavi

1891 3524 2073 3577 papa:
2111 3510 2163 3562 in
2195 3511 2563 3563 sacratissima
2596 3511 2722 3565 sede
2770 3510 2914 3565 beati
2962 3510 3105 3564 Petri
3140 3509 3398 3572 secundo,
3449 3510 3498 3559 in

1923 3615 2111 3655 mense
2170 3599 2527 3668 Decembrio,
2598 3603 2893 3658 indictione
2948 3603 3313 3673 suprascripta
3371 3602 3502 3655 duo-

1922 3688 2152 3743 decima.

2655 3816 2809 3882 VIII.

1924 3938 2237 3996 Benedictus
2291 3941 2437 3997 VIII
2481 3942 2736 3998 Heinrico
2765 3941 3069 4009 imperatori
3116 3939 3277 4009 tradit
3339 3946 3503 4009 certes

1998 4023 2097 4063 'res
2148 4014 2203 4064 in
2253 4013 2448 4066 ducatu
2504 4012 2751 4067 Bavariw
2798 4007 2925 4065 sitas
2976 4026 3069 4081 pro
3121 4008 3306 4079 quibus
3362 4007 3505 4063 Colle

1999 4081 2213 4135 Calvum
2242 4084 2467 4153 regalem
2504 4092 2697 4137 curtem
2723 4084 2931 4151 accipit.

2516 4197 2693 4268 (Anno
2728 4195 2913 4265 1014.)

2317 4286 2532 4360 [ΜΑΝει,
2566 4286 2768 4341 Concil.
2808 4284 2952 4352 XIX,
2985 4284 3137 4357 529.]

1996 4390 2339 4446 BENEDICTUS
2380 4392 2696 4462 episcopus,
2729 4406 2916 4446 servus
2944 4404 3227 4446 servorum
3257 4388 3375 4456 Dei,
3427 4390 3507 4445 di-

1924 4482 2219 4538 lectissimo
2254 4484 2307 4538 in
2337 4484 2563 4539 Domino
2595 4483 2866 4553 spirituali
2897 4484 3005 4539 ﬁlio
3037 4482 3101 4538 II.
3143 4482 3503 4537 invictissimo

1924 4589 1985 4627 ac
2034 4574 2413 4642 triumphatori
2449 4577 2713 4646 Augusto.

1994 4664 2315 4733 Quanquam
2358 4666 2433 4719 rei
2466 4670 2823 4724 commutatio
2854 4683 2918 4722 ex
2948 4668 3060 4734 ipsa
3098 4662 3365 4731 corporali
3400 4672 3511 4718 tra-

1923 4756 2125 4811 ditione
2152 4758 2328 4825 possit
2361 4756 2513 4812 ﬁrma
2542 4762 2874 4821 consistere,
2902 4757 2987 4811 vel
3013 4770 3075 4810 ea
3118 4768 3237 4823 qua:
3267 4752 3516 4823 lcgaliter

1924 4857 2193 4921 geruntur
2228 4848 2372 4902 nulla
2423 4848 2643 4902 valeant
2713 4845 3073 4915 reiragatione
3128 4842 3399 4909 convelli,
3458 4857 3525 4897 ne

1927 4955 2045 5009 quae
2076 4948 2257 4993 tamen
2288 4940 2460 5010 possit
2490 4952 2610 4993 esse
2634 4934 3006 4996 contradendi
3034 4932 3296 4994 dubietas,
3322 4940 3526 4989 nosmt:

1926 5033 2087 5089 debet
2136 5032 2473 5085 inter-venire
2532 5027 2899 5087 auctoritatis
2959 5026 3197 5079 adnisus.
3262 5022 3329 5075 Et
3398 5041 3534 5095 quo-

1926 5127 2070 5181 niam
2101 5132 2286 5178 curtcs
2320 5133 2431 5175 tres
2463 5135 2585 5174 cum
2617 5121 2899 5180 omnibus
2941 5130 3126 5169 earum
3169 5111 3538 5183 perlinentiis,

1926 5233 2115 5274 servos
2156 5216 2392 5283 denique
2421 5221 2477 5265 et
2517 5212 2793 5279 ancillas,
2842 5206 3056 5263 colonos
3093 5220 3211 5260 cum
3240 5204 3539 5263 colonabus

2022 5314 2029 5316 _
2470 5303 2575 5316 οιιι
2836 5300 2911 5316 GI.
2964 5299 3027 5316 .‘l.
3084 5314 3091 5316 _
3159 5296 3227 5316 ,2-
3275 5294 3429 5316 l-..-a-
3482 5313 3537 5316 ..-
