3984 5316
504 313 636 368 1391

1766 308 2131 365 BENEDICTI
2176 308 2286 365 VIII
2325 307 2531 363 PAPE

3641 305 3769 364 1891

505 426 656 494 cujus
698 427 873 482 vicem
934 424 1461 495 recompensattonis
1512 384 1819 493 recepimus
1891 436 2024 485 nos,
2058 436 2089 474 a
2119 427 2166 482 Α
2194 419 2496 491 delegavit,
2549 434 2798 491 quasque
2847 420 3143 491 praedictus
3184 420 3516 495 Adalbertus_
3545 428 3772 483 marchio

504 517 661 573 vobis
710 518 765 571 in
814 526 1061 572 sanctam
1116 524 1361 570 nostram
1409 515 1713 570 Romanam
1764 512 2090 577 Ecclesiam,

506 609 703 664 dilecte
731 609 802 662 lili
838 607 904 662 II.
940 609 1241 677 imperator
1275 608 1546 679 Auguste,
1595 617 1807 662 cortem
1853 604 2092 674 regalem

507 713 631 768 qua:
660 699 859 753 dicitur
896 696 961 751 Ν.
999 713 1122 752 cum
1158 698 1306 752 omni
1355 712 1451 752 sua
1492 698 1844 768 pertinentia,
1885 694 2094 749 consti-

516 799 634 844 tuta
663 787 806 843 infra
834 789 1149 843 comitatum
1195 788 1560 859 Spolitanum,
1591 804 1712 859 qua:
1757 787 1825 842 ad
1855 794 2096 841 vestrum

506 882 725 937 videtur
772 882 1047 949 pertinere
1094 880 1407 951 impcrimn,
1460 880 1616 935 vobis
1675 880 1729 935 iu
1778 887 2097 949 perpetuum

504 971 622 1041 jam
650 972 826 1028 dictas
849 982 962 1027 tres
986 980 1169 1027 curtes
1193 974 1458 1028 tradimus
1491 981 1654 1041 atque
1682 979 2095 1034 conunutamns,

510 1076 624 1119 uta
651 1065 905 1136 pensanti
950 1064 1039 1119 die
1066 1064 1186 1119 illas
1220 1065 1487 1129 habeatis,
1537 1064 1790 1127 teneatis,
1826 1061 2100 1133 possidea-

515 1158 619 1212 tis.
674 1168 730 1211 et
774 1158 828 1211 in
877 1166 1118 1211 vestrum
1145 1154 1237 1223 jus
1269 1165 1324 1210 et
1365 1155 1665 1211 dominium
1712 1151 2101 1224 perpetualitcr

510 1247 821 1312 vindicetis,
854 1246 929 1300 ita
957 1254 1015 1300 ut
1041 1245 1229 1301 nullus
1274 1261 1511 1316 unquam
1544 1252 1853 1299 nostrorum
1884 1254 2102 1297 succes-

518 1350 702 1391 sorum
736 1335 1019 1405 pontilicii,
1046 1335 1131 1389 vel
1156 1335 1415 1404 quaelibet
1442 1334 1547 1387 alia
1592 1349 1785 1401 magna
1812 1332 1893 1387 vel
1927 1346 2099 1401 parva

508 1440 768 1494 persona,
795 1425 940 1495 ipsas
965 1435 1075 1480 tres
1123 1425 1411 1494 praedictas
1457 1434 1641 1479 curtes
1679 1440 1804 1480 cum
1851 1424 2103 1479 omnibus

511 1532 700 1571 earum
729 1518 1072 1587 pertinentiis
1101 1532 1133 1572 a
1166 1525 1435 1587 potestate
1460 1526 1516 1571 et
1557 1517 1764 1572 ditione
1792 1525 1974 1571 vestra
2000 1531 2100 1570 au-

509 1609 654 1665 ferre
687 1621 781 1665 aut
804 1612 1047 1667 alienare
1086 1610 1445 1669 audeat:sed
1486 1610 1652 1666 liceat
1687 1624 1784 1665 vos
1808 1609 1861 1664 in
1905 1623 2103 1678 perpe-

510 1709 665 1753 tuum
715 1702 863 1756 omni
930 1711 1177 1771 tempore
1219 1716 1252 1755 a
1298 1711 1485 1756 nostra
1532 1700 1589 1756 S.
1637 1701 1701 1755 [ἶ.
1747 1700 1808 1755 E.
1858 1710 2106 1769 receptas

2196 528 2319 568 cum
2351 530 2520 568 uxore
2549 529 2646 568 sua
2690 514 2951 583 deinceps
2994 516 3138 584 apud
3186 516 3514 574 Bermetum.
3555 521 3773 575 transla-

2198 614 2314 659 tum
2359 605 2602 660 donavit.
2642 606 2941 661 Ecclesiam
2973 622 3133 673 vero,
3177 623 3297 679 qua!
3343 619 3427 664 est
3472 623 3773 667 constructa

2199 695 2256 750 in
2308 697 2569 752 honorem
2619 696 2678 752 S.
2728 699 2822 753 Dei
2870 698 3163 754 Genitricis
3220 700 3446 769 virginis
3495 701 3681 756 Maria:
3727 704 3774 757 in

2198 786 2465 842 Pollicino
2512 804 2634 843 cum
2684 790 2938 844 omnibus
2992 790 3107 846 suis
3159 794 3540 862 pertinentiis,
3598 793 3775 848 cellam

2198 895 2418 951 quoque
2446 881 2712 936 vocabulo
2752 880 2813 936 8.
2856 883 3086 937 Andreae
3116 883 3167 938 in
3200 882 3420 940 civitate
3460 886 3776 940 Taurinensi

2199 985 2323 1024 cum
2352 972 2606 1027 onmibns
2636 973 2749 1027 suis
2786 974 3127 1042 pertinentiis
3157 976 3418 1044 prazdicto
3451 978 3777 1033 monasterio

2201 1060 2615 1129 conﬁrmamus,
2654 1073 2760 1119 etc.
2795 1063 3021 1133 Insuper
3068 1063 3259 1119 cellam
3299 1080 3460 1134 quam
3489 1081 3524 1119 a
3558 1064 3778 1134 Paganis

2201 1163 2431 1220 vocant,
2474 1170 2597 1209 cum
2641 1156 2897 1210 omnibus
2938 1155 3052 1209 suis
3086 1156 3443 1225 pertinentiis,
3502 1158 3649 1210 sicut
3695 1170 3779 1226 per

2202 1251 2474 1313 praecepta
2505 1244 2554 1297 ei
2583 1243 2886 1315 delegatum
2915 1253 3027 1310 est;
3059 1245 3190 1315 quin
3217 1245 3379 1299 etiam
3411 1244 3645 1300 Galiiani
3676 1260 3782 1299 cor-

2206 1341 2309 1387 tem
2347 1349 2471 1388 cum
2500 1334 2755 1388 universo
2784 1335 3081 1401 territorio,
3115 1350 3235 1404 quae
3262 1345 3347 1389 est
3376 1335 3431 1389 in
3457 1336 3774 1406 Stupunico,

2207 1424 2502 1489 Vallicella,
2536 1424 2856 1496 Maridiago,
2905 1424 3148 1489 Loretto,
3196 1425 3466 1489 Roxaria,
3509 1436 3569 1480 et
3617 1427 3782 1482 Abru-

2205 1517 2375 1572 siateo
2402 1517 2788 1572 monasteriolo
2815 1516 3109 1587 Gorgiano,
3135 1532 3257 1587 qua:
3277 1519 3463 1571 omnia
3502 1534 3630 1571 cum
3660 1534 3784 1588 pra:-

2206 1611 2349 1665 dicta
2372 1621 2526 1667 certe
2546 1626 2610 1666 ac
2635 1612 2747 1666 suis
2779 1612 3123 1681 pertinentiis
3146 1610 3257 1680 jam
3285 1611 3433 1665 dicto
3465 1613 3784 1666 monasterio

2207 1715 2303 1769 per
2330 1713 2659 1771 prmeeptum
2690 1717 3008 1757 concessum
3059 1710 3163 1756 est.
3204 1700 3534 1755 Pollentium
3587 1716 3785 1770 quoque

511 1804 701 1847 tenere
754 1801 809 1845 et
867 1793 1162 1862 possidere.
1218 1793 1372 1860 Quod
1431 1793 1478 1847 si
1523 1792 1648 1863 quis
1696 1793 1801 1847 hoc
1852 1802 2097 1847 nostrum
2130 1777 2175 1837 Β
2204 1792 2417 1857 cellam,
2442 1809 2563 1862 quce
2582 1795 2656 1848 ab
2676 1793 2918 1862 ejusdem
2946 1792 3259 1847 monasterii
3293 1792 3563 1845 fratribus
3592 1792 3785 1845 noviter

512 1881 867 1950 apostolicum
919 1892 1286 1954 prteceptum,
1345 1882 1490 1953 quod
1529 1900 1637 1937 non
1673 1882 1977 1947 credimus,
2022 1882 2103 1935 in-

509 1970 751 2040 {ringere
805 1975 1130 2041 tentaverit,
1180 1976 1320 2031 sciat
1368 1990 1427 2030 se
1474 1976 1626 2030 vobis
1672 1976 2099 2044 compositurum

512 2065 635 2118 anri
684 2066 959 2135 purissimi
1009 2066 1176 2122 libras
1223 2079 1479 2133 centum;
1514 2078 1569 2123 et
1620 2069 1760 2123 hanc
1802 2076 2103 2122 commuta-

511 2156 718 2211 tionum
766 2158 1017 2229 paginam
1065 2158 1119 2215 in
1170 2174 1267 2215 sua
1316 2173 1537 2215 manere
1585 2158 1845 2214 ﬁrmitate
1903 2172 2099 2228 perpe-

512 2246 752 2302 tualiter.

1254 2364 1346 2419 IX.

512 2472 827 2529 Benedictus
876 2472 1018 2529 γη]
1064 2478 1369 2531 monasterii
1425 2475 1490 2531 Β.
1548 2473 1696 2529 Petri
1751 2473 2102 2528 Bremetensis

693 2546 984 2601 libertatem
1020 2558 1065 2601 st
1107 2548 1459 2617 possessiones
1511 2546 1789 2615 conﬁrmat
1822 2545 1924 2614 (5).

1106 2661 1287 2731 (Anno
1320 2658 1504 2724 IOM.)

784 2750 1049 2823 [UGHELLI
1070 2792 1083 2816 ,
1115 2750 1278 2805 Italia
1311 2768 1489 2817 sacra,
1520 2748 1606 2813 IV,
1638 2747 1826 2820 I024.]

584 2840 953 2907 BENEDICTUS,
992 2854 1125 2907 etc.,
1154 2843 1353 2898 dilecto
1397 2843 1507 2896 tilio
1536 2842 1891 2897 Gov'rtrneoo
1921 2839 2104 2894 abbati

517 2934 817 2988 venerabili
864 2935 1180 2989 monasterii
1228 2933 1291 2988 B.
1323 2933 1470 2989 Petri
1502 2933 1865 3003 apostolorum
1897 2932 2106 3001 princi-

516 3024 625 3092 pis,
666 3024 874 3081 fttudati
920 3026 973 3080 in
1014 3024 1348 3080 Bremctensi
1400 3024 1676 3080 territorio
1710 3025 1852 3079 inter
1897 3022 2103 3077 Padum

519 3124 577 3171 et
606 3118 878 3181 Ticinum,
910 3119 1133 3189 suisque
1168 3117 1572 3173 successoribus
1602 3117 1658 3172 in
1689 3123 2029 3186 perpetuum.

594 3207 650 3263 Si
690 3223 906 3278 semper
950 3218 1075 3264 sunt
1120 3208 1464 3264 concedenda
1513 3222 1634 3277 qua:
1672 3207 1776 3276 piis
1822 3205 2107 3260 desideriis

522 3307 843 3369 congruant,
872 3310 1071 3368 quanto
1098 3299 1440 3369 potissimum
1488 3314 1594 3353 non
1632 3306 1760 3351 sunt
1790 3297 2107 3365 deneganda

521 3402 587 3442 ea
628 3404 747 3458 qua:
774 3404 873 3457 pro
903 3390 1070 3443 divini
1118 3390 1295 3444 cultus
1341 3389 1636 3445 stabilitate
1670 3397 1955 3458 petuntur,
1997 3397 2104 3443 etc.

521 3477 692 3548 Igitur
718 3479 844 3547 quia
871 3492 968 3548 per
994 3472 1295 3534 interventu
1328 3478 1368 3533 Ι.
1396 3479 1703 3534 eharissimi
1733 3478 1925 3545 nostri,
1950 3476 2112 3532 Adal-

523 3569 665 3624 berti
697 3571 873 3641 gratia
916 3570 1012 3624 Dei
1058 3569 1392 3647 marchionis
1422 3568 1830 3641 gloriosissimi,
1863 3580 1929 3622 ac
1974 3567 2106 3635 imp.

525 3660 745 3717 Henrici
796 3662 1097 3731 postulatio
1153 3660 1384 3715 fratrum
1444 3658 1685 3728 ejusdem
1743 3657 2109 3713 Bremetensis

525 3753 847 3808 monasterii
890 3793 903 3807 .
947 3792 962 3807 .
1008 3792 1024 3807 .
1065 3792 1081 3809 .
1126 3789 1146 3810 .
1184 3763 1453 3822 quatenus
1500 3752 1566 3806 ad
1614 3750 1788 3821 ipsum
1831 3756 2108 3803 monaste-

523 3842 693 3905 rium,
743 3843 887 3913 quod
940 3845 1092 3913 prius
1141 3843 1209 3898 ad
1263 3842 1355 3897 Dei
1417 3843 1677 3896 honorem
1728 3856 1793 3893 ac
1844 3838 1903 3893 S.
1958 3837 2106 3892 Petri

527 3932 894 4002 apostolorum
923 3932 1185 4003 principis
1215 3940 1455 4000 tempore
1494 3930 1639 3999 regis
1666 3926 1990 3983 Theudorici
2037 3924 2108 3981 ab

526 4022 753 4077 Abbone
784 4022 1004 4091 patritio
1034 4022 1135 4076 fuit
1178 4036 1347 4092 prope
1384 4020 1545 4090 Alpes
1582 4021 1635 4074 in
1668 4019 1787 4073 loco
1825 4015 2108 4072 Novalesio

528 4122 839 4185 nuncupato
882 4112 1204 4167 aediﬁcantur
1232 4152 1245 4176 ,
1292 4120 1347 4166 et
1395 4111 1736 4182 postmodum
1790 4107 2108 4163 imminente

531 4199 959 4259 Sarracenorum
1010 4203 1389 4273 persecutione
1438 4201 1616 4257 studio
1668 4197 1946 4255 Adalberti
1997 4197 2109 4251 Deo

532 4292 712 4347 devoti
757 4294 1089 4349 marchionis
1119 4294 1438 4349 translatum
1469 4303 1575 4357 est,
1620 4290 1844 4346 collecta
1883 4301 2110 4359 congre-

529 4380 748 4449 gatione
772 4380 1001 4436 fratrum
1047 4382 1371 4453 regularium
1407 4382 1475 4436 ad
1506 4380 1762 4451 oppidum
1800 4378 1944 4448 quod
1971 4376 2104 4431 Bre-

2201 1892 2518 1939 constructa
2566 1892 2673 1948 est,
2721 1893 2777 1938 et
2823 1883 3033 1938 colonia
3064 1892 3294 1946 cortem,
3345 1892 3402 1936 et
3450 1880 3782 1936 Mancianum

2202 1983 2443 2030 castrum
2476 1990 2600 2029 cum
2632 1974 2886 2029 omnibus
2928 1974 3043 2029 suis
3077 1974 3454 2043 pertinentiis,
3494 1988 3622 2041 qure
3648 1972 3786 2028 Oddo

2206 2067 2454 2121 marchio
2482 2081 2580 2137 pro
2614 2066 2853 2121 remedio
2882 2066 3077 2119 animae
3101 2081 3213 2119 suae
3242 2065 3435 2119 matris
3462 2065 3647 2119 eidem
3679 2080 3780 2118 mo-
3852 2064 3857 2071 ’

2203 2158 2443 2212 nasterio
2489 2172 2614 2213 eum
2663 2173 2760 2213 sua
2791 2156 3020 2227 conjuge
3064 2171 3163 2227 per
3198 2157 3447 2211 chartam
3488 2155 3786 2211 oﬂ'ersionis

2203 2252 2498 2318 concessit;
2550 2251 2913 2306 Cavallarium
2959 2250 3124 2305 etiam
3157 2264 3279 2305 cum
3311 2258 3464 2305 certe
3492 2263 3714 2319 magna,
3736 2256 3787 2303 et

2202 2343 2456 2398 erunibus
2502 2342 2625 2399 aliis
2678 2343 2792 2398 suis
2843 2341 3204 2411 appenditiis,
3254 2340 3398 2395 sicut
3444 2340 3520 2394 ab
3558 2338 3785 2392 Ardnino

2203 2434 2518 2488 marchione
2556 2449 2654 2503 pro
2700 2432 2939 2489 remedio
2986 2432 3181 2485 animae
3221 2445 3335 2485 suae
3379 2430 3580 2483 matris
3624 2429 3784 2482 eidem

2205 2525 2455 2578 ctenobio
2486 2524 2736 2595 largitum
2766 2532 2873 2578 est.
2918 2521 3169 2577 Castrum
3204 2536 3333 2575 vero
3365 2519 3426 2575 S.
3470 2519 3715 2590 Georgii,
3737 2529 3786 2572 et

2204 2614 2415 2671 Casalis
2441 2625 2670 2678 cortem,
2706 2614 2957 2669 cellulam
3002 2628 3132 2667 vero
3175 2612 3227 2666 in
3262 2613 3532 2667 honorem
3561 2611 3622 2666 S.
3654 2610 3783 2664 Petri

2207 2719 2577 2764 constructam
2615 2710 2668 2763 in
2699 2708 2839 2763 valle
2869 2722 2989 2776 qua:
3016 2707 3217 2761 dicitur
3242 2707 3452 2776 lgnaria
3484 2720 3615 2761 cum
3648 2703 3783 2759 omni

2204 2815 2300 2855 sua
2333 2800 2676 2867 integritate;
2738 2798 2929 2853 cellam
2972 2811 3187 2866 quoque
3230 2795 3292 2849 S.
3336 2796 3484 2850 Petri
3533 2793 3784 2865 principis

2204 2891 2591 2961 apostolorum,
2631 2899 2686 2944 et
2726 2887 2785 2944 8.
2819 2888 3100 2943 Michaelis
3146 2887 3497 2957 archangeli,
3536 2894 3595 2940 et
3624 2884 3784 2939 eccle-

2207 2985 2347 3039 siam
2380 2983 2432 3038 in
2464 2983 2724 3038 honorem
2757 2981 2817 3036 S.
2861 2981 3124 3051 Stephani
3164 2990 3410 3034 sacratas
3439 2994 3570 3033 cum
3618 2983 3782 3031 castro

2204 3075 2348 3144 quod
2401 3083 2625 3128 vocatur
2679 3074 2870 3136 Rodo,
2919 3081 2975 3126 et
3023 3071 3168 3125 aliud
3215 3070 3437 3125 nomine
3485 3068 3779 3123 Virdunum

2211 3180 2333 3219 cum
2362 3164 2615 3219 omnibus
2662 3164 2775 3219 suis
2826 3162 3190 3233 pertinentiis,
3227 3175 3351 3216 cum
3380 3160 3580 3230 portis,
3613 3155 3785 3226 ripati-

2210 3256 2312 3319 cis,
2355 3264 2462 3311 etc.
2498 3255 2555 3309 Si
2585 3256 2708 3327 quis
2738 3265 2940 3319 autem,
2972 3261 3078 3309 etc.

2284 3346 2559 3417 Scriptura
2591 3360 2688 3413 per
2718 3359 2910 3398 manus
2945 3342 3139 3397 Leonis
3167 3341 3365 3395 notarii
3411 3338 3705 3411 regionarii
3733 3344 3781 3391 et

2216 3437 2465 3491 scrinarii
2497 3435 2557 3490 S.
2582 3436 2642 3487 lt.
2667 3434 2756 3498 Ε..
2788 3435 2838 3487 in
2866 3447 3054 3487 mense
3076 3431 3374 3485 Februario
3395 3441 3451 3485 et
3475 3431 3667 3484 indict.
3690 3442 3777 3483 xu.

2211 3544 2375 3593 anno,
2408 3529 2519 3583 Deo
2557 3526 2811 3597 propitio,
2861 3524 3206 3595 pontiﬁcatus
3263 3523 3466 3577 domini
3514 3516 3778 3577 Benedicti

2211 3626 2408 3680 summi
2438 3623 2710 3696 pontiﬁcis
2746 3632 2800 3676 et
2846 3621 3167 3676 universalis
3198 3619 3309 3675 Vlll
3338 3634 3492 3690 papae
3530 3620 3586 3672 in
3614 3630 3781 3670 sacra-

2213 3718 2425 3773 tissima
2492 3716 2620 3771 sede
2677 3714 2733 3769 Β.
2782 3712 2928 3768 Petri
2965 3711 3191 3782 apostoli
3244 3726 3314 3774 ll,
3372 3709 3675 3779 imperante
3720 3703 3775 3757 ι).

2210 3807 2443 3863 Henrico
2483 3821 2513 3861 a
2543 3805 2651 3859 Deo
2677 3811 2937 3859 coronato
2985 3816 3178 3872 magno
3216 3801 3547 3871 imperatore
3574 3811 3713 3851 anno
3738 3809 3775 3860 ι,

2210 3900 2263 3953 in
2293 3912 2477 3952 mense
2508 3907 2561 3952 et
2591 3895 2780 3950 indict.
2813 3893 3178 3964 suprascripta
3210 3907 3309 3946 xu.

2282 3971 2423 4047 liene
2455 3989 2650 4045 valete.

2963 4098 3033 4155 Χ.

2212 4189 2554 4263 Privilegium
2607 4191 2888 4314 Benedicti:
2931 4186 3073 4271 vm
3108 4201 3270 4269 papa
3318 4199 3413 4253 pro
3468 4177 3774 4236 monasterio

2892 4274 3141 4314 asrnenst.

2892 4274 3141 4314 astutum.

2792 4351 2972 4422 (Anno
3015 4347 3197 4418 wit.)

530 4428 1770 4543 3...};.5;;.'.'.;';,.a;:1;,ga.".;;;.;;.'§:“se.
1799 4428 2105 4539 sane.
2133 4458 2186 4520 ο
2281 4443 2352 4543 ρ.
2591 4441 2767 4543 sum}:
2789 4440 2927 4495 αειια
2950 4439 3104 4492 auara
3415 4436 3455 4501 ι,
3481 4428 3713 4543 μέθες]

530 4562 869 4617 roboratum.
925 4562 1165 4630 Quorum
1222 4563 1325 4633 piis
1373 4563 1658 4619 desideriis
1713 4560 2107 4615 faventeshac

530 4664 717 4709 nostra
746 4654 1072 4710 auctoritate
1112 4655 1164 4710 id
1190 4655 1337 4726 'qnod
1378 4656 1702 4725 postulatum
1741 4662 1824 4710 est
1858 4651 2111 4708 concedi.

531 4757 672 4798 mus.
707 4742 775 4797 Et
807 4742 927 4797 ideo
959 4743 1212 4822 omnibus
1242 4743 1531 4815 cujuslibet
1578 4744 1823 4799 ecclesiae
1852 4741 2109 4796 sacerdo-

531 4827 677 4883 tibus
730 4829 1029 4899 quamlibet
1076 4829 1336 4885 ditionem
1390 4828 1632 4893 hahere,
1683 4828 1767 4882 vel
1820 4829 2107 4881 missarum

532 4919 791 4972 solemnia
825 4919 1026 4975 ibidem
1057 4919 1335 4976 celebrare
1373 4920 1749 4988 prohibemus,
1778 4917 1880 4972 nisi
1913 4917 1980 4970 ah
2010 4916 2109 4969 ah-

2282 4535 2628 4591 BENEDICTUS
2652 4535 2964 4604 episcopus,
2997 4545 3185 4585 servus
3208 4542 3488 4583 servorum
3517 4525 3630 4588 Dei,
3660 4521 3772 4575 cha-

2213 4626 2430 4680 rissimo
2486 4626 2538 4679 in
2598 4624 2823 4680 Domino
2869 4621 2995 4677 Jesu
3051 4619 3267 4674 Christo
3313 4617 3422 4671 ﬁlio
3466 4616 3774 4669 Arnesou‘o

2213 4717 2509 4771 venerabili
2535 4725 2588 4769 et
2616 4715 2865 4785 religioso
2889 4711 3067 4766 abbati
3092 4708 3447 4764 sacratissimi
3481 4697 3771 4760 monasterii

2214 4810 2364 4865 Beati
2390 4808 2662 4865 Benedicti
2689 4806 3016 4861 confessoris
3031 4803 3254 4868 Christi,
3271 4802 3360 4856 siti
3384 4803 3437 4855 in
3459 4793 3771 4854 monasterio

2217 4901 2450 4976 [monte]
2501 4902 2594 4971 qui
2641 4909 2868 4955 vocatur
2913 4896 3117 4962 Casini,
3169 4904 3382 4963 tumque
3431 4899 3634 4946 sanctae
3659 4898 3771 4941 con-
