3984 5316
212 143 238 196 1
250 141 355 197 593

1369 132 1732 188 EPISTOLIE
1777 135 1864 190 ET
1900 133 2242 190 DECRETA.

3339 143 3477 199 ιδθι

213 255 285 309 ad
341 250 620 306 meliorem
685 248 888 303 fuerint
936 247 1056 302 sine
1110 247 1274 301 dubio
1336 254 1537 301 statum
1603 256 1790 301 nostra
1825 253 1871 312 Α
1898 248 2013 316 ejus
2047 251 2298 304 examine
2340 265 2438 320 per
2474 249 2634 320 hujus
2676 253 2850 308 nostri
2893 253 3173 324 apostolici
3211 256 3474 326 privilegii

213 358 539 416 auctoritate
591 357 870 427 perducta.
927 357 1098 426 Igitur
1151 356 1279 426 quia
1334 365 1516 409 vestra
1573 357 1790 409 dilectio

211 463 404 508 nostro
455 451 776 518 apostolatui
839 449 1119 503 humiliter
1165 447 1482 519 postulastis
1530 463 1560 501 a
1611 447 1788 511 nobis,

211 553 484 613 quatenus
532 541 954 594 concederemus
992 551 1048 595 et
1084 541 1594 594 reconlirutaremus
1640 540 1792 593 vobis

210 633 587 701 supradictum
622 633 1009 685 monasterium
1042 631 1245 685 Christi
1285 630 1614 684 confessoris
1647 632 1792 684 beati

209 723 517 785 Benedicti,
565 723 725 776 situm
771 723 825 776 in
870 723 1146 777 territorio
1177 721 1488 790 Aquincnse
1530 723 1582 774 in
1611 731 1793 776 monte

213 814 309 883 qui
369 822 596 866 vocatur
653 821 834 867 castro
900 811 1142 876 Casino,
1207 812 1299 866 ubi
1362 812 1792 866 sacratissimum

215 920 423 973 corpus
455 901 573 971 ejus
604 903 884 957 humatum
931 918 1052 958 esse
1100 903 1334 966 videtur,
1383 918 1506 956 cum
1544 901 1794 956 omnibus

209 995 536 1064 adjaceutiis
565 995 678 1048 sive
714 995 1079 1064 pertinentiis,
1126 1003 1233 1048 tam
1273 993 1619 1048 monasteriis
1651 993 1794 1047 viro-

209 1101 332 1141 rum
379 1099 648 1154 quamque
691 1094 746 1137 et
793 1083 1111 1138 ancillarum
1159 1083 1276 1145 Dei,
1315 1099 1525 1138 necnon
1554 1083 1704 1136 cellis
1729 1097 1792 1135 ac

207 1177 432 1246 praediis
508 1177 816 1245 ubicunque
885 1176 968 1229 vel
1030 1174 1478 1243 qualitercuuque
1544 1173 1611 1228 ad
1667 1175 1791 1244 jura

206 1266 531 1320 monasterii
585 1267 760 1318 eidem
809 1265 1083 1333 pertinere
1127 1265 1482 1334 dignoscitur.
1529 1264 1789 1316 omniain

206 1357 424 1424 integro
471 1356 797 1410 monasteria
850 1355 1200 1408 venerabilia.
1229 1354 1284 1407 In
1334 1353 1526 1423 primis
1576 1353 1790 1407 Domini

208 1446 518 1501 Salvator-is
573 1450 804 1516 positum
846 1447 910 1499 ad
948 1453 1136 1514 pedem
1169 1446 1338 1514 ipsius
1369 1444 1588 1508 montis,
1627 1454 1790 1513 atque

204 1538 596 1591 monasterium
629 1522 828 1590 sanctae
853 1536 945 1590 Dei
969 1536 1260 1591 Genitricis
1283 1544 1338 1588 et
1362 1535 1584 1603 virginis
1609 1533 1790 1586 Maria!

156 1651 163 1654 -
208 1629 301 1696 qui
349 1638 576 1680 vocatur
619 1627 980 1680 Plombarola.
1026 1627 1266 1695 Itemque
1304 1640 1356 1680 et
1399 1627 1786 1678 monasterium

206 1719 428 1774 Sanctae
472 1719 653 1772 Mariae
683 1720 736 1771 in
767 1719 973 1787 Cingla,
1015 1720 1106 1788 qui
1140 1735 1283 1774 nunc
1323 1718 1460 1772 infra
1508 1719 1787 1772 civitatem

203 1811 520 1880 Capuauam
553 1812 879 1865 aediﬁcatum
909 1821 1024 1876 est;
1062 1811 1312 1864 similiter
1347 1811 1402 1865 in
1434 1810 1622 1865 eadem
1652 1810 1788 1864 civi-

205 1913 318 1958 tate
362 1902 625 1971 Capuana
679 1903 813 1956 cella
846 1902 1035 1956 Sancti
1090 1901 1387 1964 Benedicti,
1422 1910 1478 1955 et
1515 1909 1790 1955 monaste-

200 1995 340 2048 rium
367 1992 558 2047 SattCli
583 1991 808 2046 Joannis
839 1993 1160 2061 puellarum,
1189 1994 1297 2046 imo
1317 2001 1370 2045 et
1399 1991 1788 2046 monasterium

200 2087 423 2142 Sauctze
447 2085 682 2155 Sophim,
713 2087 854 2154 quod
891 2085 1028 2138 infra
1053 2085 1324 2138 civitatem
1355 2083 1786 2137 Beueventanam

194 2177 530 2232 aedificatum
563 2185 680 2240 est;
726 2190 914 2228 verum
956 2176 1118 2228 etiam
1148 2186 1204 2228 et
1235 2175 1623 2228 monasterium
1653 2173 1789 2226 San-

196 2276 298 2322 cta:
351 2266 563 2327 Marite,
596 2267 760 2318 situm
800 2265 855 2318 in
896 2264 1092 2319 finibus
1144 2263 1514 2318 Beneventani
1559 2263 1614 2317 in
1669 2262 1787 2316 loco

203 2359 296 2427 qui
323 2360 530 2412 dicitur
556 2358 799 2412 Canneto
824 2357 976 2426 juxta
1019 2356 1236 2409 ﬂuvium
1292 2355 1570 2420 Trinium;
1625 2369 1787 2422 porro

203 2456 257 2502 et
287 2448 678 2500 monasterium
714 2446 926 2499 Sancta:
954 2444 1135 2498 Marte
1169 2444 1488 2498 ancillarum
1525 2445 1613 2498 Dei
1643 2444 1783 2497 intra

202 2537 483 2591 civitatem
515 2535 791 2590 Cosenciae
820 2573 834 2588 .
863 2571 880 2588 .
909 2571 926 2588 .
953 2573 969 2588 .
999 2573 1014 2588 .
1042 2534 1122 2604 (se
1141 2550 1317 2603 guouo
1343 2535 1361 2588 i
1389 2535 1528 2588 nomi
1562 2535 1614 2587 di
1643 2544 1786 2589 terre

201 2627 384 2681 cbicse
413 2627 481 2679 ed
515 2627 653 2680 altro
687 2635 935 2696 suggette
985 2642 1015 2679 a
1040 2626 1088 2678 la
1126 2625 1335 2695 liadia).
1368 2663 1384 2679 .
1410 2663 1426 2680 .
1461 2665 1475 2678 .
1527 2626 1632 2680 Pio
1675 2643 1780 2696 qua

200 2731 261 2771 re
309 2717 417 2785 piis
461 2717 746 2769 desideriis
796 2716 1064 2778 faventes,
1115 2731 1179 2768 ac
1227 2724 1410 2768 nostra
1457 2715 1782 2769 auctoritate

202 2806 254 2859 id
299 2803 449 2874 quod
502 2806 813 2873 expoSt-itur
853 2806 1064 2858 etlectui
1108 2807 1506 2874 mancipamus,
1560 2815 1614 2858 et
1663 2806 1782 2860 ideo

199 2909 416 2948 onmem
461 2893 750 2961 cujuslibet
795 2893 1042 2948 ecclesia:
1088 2896 1424 2948 sacerdotem
1473 2897 1524 2946 in
1571 2894 1778 2963 praefati

1897 341 2176 394 constituti
2205 343 2476 397 sancimus
2505 353 2668 413 atque
2699 346 3064 411 decernimus,
3119 356 3174 401 ut
3211 347 3324 402 loca
3355 364 3476 415 quae

1895 432 2088 486 oblatae
2125 433 2416 503 cujuslibet
2449 435 2538 504 qni
2569 436 2722 490 nobis
2753 436 2803 489 in
2829 437 3017 491 eodem
3045 436 3252 506 prmfati
3289 455 3476 492 mona-

1895 527 2044 580 sterii
2099 536 2433 581 commutata
2484 527 2566 582 vel
2619 543 2879 584 concessa
2938 539 3084 590 sunt,
3139 545 3240 584 nec
3287 546 3393 583 non
3422 539 3478 584 et

1897 618 2033 672 alias
2057 619 2296 674 locorum
2325 620 2695 690 possessiones
2722 637 2842 690 quae
2865 637 2893 674 a
2922 622 3139 689 regibus
3165 637 3228 675 ac
3249 621 3477 676 ducibus

1893 711 1977 764 vel
2031 713 2316 768 castaldeis
2357 722 2411 766 et
2457 729 2488 767 a
2533 714 2743 768 exteris
2792 713 3117 768 Christianis
3164 715 3216 767 in
3282 714 3474 768 eodem

1895 813 2084 858 sancto
2112 804 2227 858 loco
2255 804 2448 874 largita
2480 814 2642 873 atque
2668 805 2847 859 oblata
2874 815 3000 857 sunt
3029 815 3122 858 aut
3152 804 3204 858 in
3236 817 3476 874 postmo-

1894 896 2024 950 dum
2072 896 2181 951 illic
2238 913 2494 952 concessa
2549 898 2770 962 fuerint,
2821 898 2975 952 firma
3031 899 3328 952 stabilitate
3353 897 3476 965 jure

1895 988 2065 1058 ipsius
2103 986 2313 1056 praefati
2364 991 2684 1043 monasterii
2711 989 2993 1044 existenda
3017 997 3178 1056 atque
3202 989 3253 1041 iu
3286 1004 3476 1058 perpe-

1895 1081 1927 1124 ιί
1953 1088 2042 1126 um
2093 1075 2456 1141 permanenda
2503 1075 2812 1128 statuimus.
2871 1074 2982 1128 Nec
3029 1074 3244 1128 licentia
3293 1074 3382 1138 sit,
3415 1083 3475 1128 ut

1893 1169 2096 1222 dictum
2126 1176 2232 1230 est,
2259 1182 2324 1221 ex
2355 1166 2472 1235 ejus
2498 1168 2581 1222 vel
2611 1169 2861 1224 omnibus
2889 1167 3128 1236 ejusdem
3157 1166 3472 1221 monasterii

1899 1258 2298 1328 pertinentibus
2349 1259 2600 1326 cuiquam
2646 1275 2838 1330 magna
2889 1273 3163 1329 parvaque
3205 1273 3334 1327 pars
3372 1273 3470 1310 au-

1891 1347 2055 1401 ferre.
2103 1346 2210 1400 Aut
2251 1347 2495 1417 profecto
2528 1348 2682 1416 juxta
2716 1349 2767 1402 id
2800 1350 2941 1418 quod
2980 1347 3243 1415 subjectis
3277 1347 3470 1400 iisdem

1890 1440 2220 1494 venerabilis
2249 1440 2399 1494 locus
2425 1441 2737 1508 apostolicis
2763 1440 3042 1493 constituti
3069 1449 3230 1506 atque
3253 1437 3474 1506 privile-

1892 1533 1962 1599 gii
1989 1531 2237 1584 consistit
2261 1533 2583 1586 inconcusse
2606 1533 2873 1586 dotandus
2897 1540 3211 1600 permaneat
3231 1540 3280 1582 et
3308 1530 3472 1583 liceat

1893 1625 2108 1678 eosdem
2127 1626 2437 1684 monachos,
2452 1634 2512 1678 ut
2527 1626 2725 1679 dictum
2742 1635 2843 1687 est,
2863 1626 2926 1678 de
2940 1640 3034 1678 sua
3052 1624 3472 1694 congregatione

1892 1717 2143 1772 abbatem
2172 1733 2386 1787 semper
2419 1719 2636 1787 eligere.
2666 1719 2840 1771 Etiam
2894 1718 3165 1772 licentiam
3205 1717 3358 1770 vobis
3401 1717 3474 1771 sit

1891 1823 1990 1877 pro
2015 1806 2356 1862 confectione
2395 1809 2683 1874 chrisma},
2733 1808 2816 1860 vel
2865 1808 3137 1862 oblatione
3164 1817 3218 1862 ct
3263 1808 3474 1861 ordina-

1893 1902 2039 1955 tione
2077 1902 2517 1972 prcsbyterorum
2557 1918 2650 1956 seu
2691 1903 3038 1955 diaconorum
3089 1911 3142 1954 et
3192 1901 3475 1954 subdiaco-

1891 2006 2104 2055 norum,
2138 2000 2191 2044 et
2215 1991 2445 2043 aliorum
2474 1993 2864 2045 consecranda.
2900 1991 3261 2045 Coucediutus
3307 1991 3471 2044 etiam

1889 2082 2042 2136 vobis
2095 2082 2146 2135 in
2197 2083 2455 2150 praedicto
2505 2082 2798 2137 venerabili
2847 2083 3177 2136 monasterio
3224 2082 3476 2136 ou'iuibus

1890 2175 2148 2244 subjectis
2173 2175 2417 2229 ecclesiis
2441 2175 2763 2228 Christianis
2786 2178 2936 2230 dotes
2963 2190 3143 2245 agere,
3163 2175 3473 2244 episcopum

1889 2265 2104 2336 qualem
2136 2267 2287 2320 vobis
2319 2266 2583 2334 placuerit
2611 2267 2972 2328 invitandum,
3010 2267 3267 2336 hymnum
3311 2282 3472 2335 ange-

1890 2354 2050 2410 lcum
2105 2372 2202 2426 per
2251 2355 2366 2409 dies
2418 2371 2548 2408 vero
2587 2355 2896 2410 Dominicos
2945 2367 2999 2410 et
3051 2356 3278 2409 festibus
3325 2355 3474 2409 omni

1891 2461 2131 2517 tempore
2153 2450 2218 2500 ad
2244 2448 2530 2500 missarum
2556 2447 2928 2502 soletnnitatcs
2957 2449 3242 2502 dicendum
3274 2464 3473 2502 conce-

1889 2539 2105 2601 dimus;
2172 2547 2226 2592 et
2278 2536 2438 2591 liccat
2492 2537 2643 2589 vobis
2697 2537 2908 2606 signum
2969 2537 3182 2606 pulsare
3251 2546 3356 2589 tam
3418 2537 3471 2594 in

1887 2633 2098 2686 diurnis
2145 2647 2305 2700 quam
2362 2631 2412 2682 in
2471 2630 2751 2684 nocturnis
2802 2631 2990 2693 boris,
3045 2631 3260 2700 quando
3316 2630 3470 2684 vobis

1887 2723 2172 2792 placuerit,
2205 2723 2256 2774 in
2283 2720 2396 2788 jam
2427 2722 2629 2775 dictum
2668 2722 3078 2785 monasterium,
3109 2738 3271 2791 quam
3306 2731 3362 2776 et
3413 2721 3468 2775 in

1888 2815 2010 2867 ullis
2063 2814 2222 2882 ejus:
2253 2825 2307 2866 et
2341 2813 2520 2866 nullus
2563 2812 2849 2883 episcopus
2883 2813 3169 2881 prohibeat
3215 2811 3468 2881 pupulum

1892 2905 1980 2958 Dei
2014 2905 2222 2974 ingredi
2255 2905 2305 2958 in
2339 2906 2683 2959 ntOnasteriis
2715 2921 2874 2974 quam
2902 2916 2954 2959 et
2987 2905 3039 2958 in
3071 2905 3219 2958 cellis
3263 2904 3379 2971 ejus
3403 2904 3471 2958 ad

200 2986 526 3038 monasterii
557 2987 817 3040 ditionem
844 2985 1398 3055 quamlibet'liabere,
1428 2986 1568 3039 banc
1591 2996 1780 3039 aucto-

1893 2955 1916 2957 _
1942 2955 1980 2958 _,
2014 2955 2222 2974 vv---
2909 2955 2953 2959 η
3269 2955 3308 2971 -,
3341 2955 3376 2958 ν-
3408 2955 3415 2956 ,
3442 2955 3471 2958 _

1888 2999 2214 3052 audiendum
2277 2999 2500 3052 verbum
2557 2997 2672 3052 Dei.
2723 2999 2944 3068 Insuper
2993 2999 3156 3053 etiam
3224 2996 3471 3050 volumus

199 3074 460 3137 ritatem,
511 3087 707 3144 praeter
749 3078 928 3130 sedem
978 3076 1354 3145 apostolicam,
1409 3075 1779 3145 prohibemus.

195 3161 272 3216 Ita
330 3172 412 3230 ut,
470 3165 572 3217 nisi
613 3165 681 3218 ab
721 3166 915 3220 abbate
967 3165 1208 3233 ejusdem
1256 3165 1569 3220 monasterii
1620 3165 1784 3218 fuerit

195 3256 484 3321 invitatus,
521 3274 619 3312 nec
659 3261 944 3312 missarum
978 3259 1176 3314 ibidem
1205 3258 1464 3313 solemnia
1492 3264 1782 3328 prtesumat

195 3350 472 3404 celebrari
531 3353 859 3405 omnimodo.
916 3351 1022 3406 Sed
1071 3368 1102 3405 a
1153 3354 1406 3422 prresenti
1459 3351 1778 3405 duodecima

198 3439 502 3496 itnlictioue
545 3441 968 3496 irrevowbiliter
1009 3443 1061 3494 in
1107 3452 1427 3510 perpetuum
1471 3441 1778 3495 stabilimus

200 3533 659 3598 permanendum,
703 3541 756 3584 et
809 3547 931 3583 cum
988 3531 1080 3584 Dei
1137 3533 1330 3585 timore
1383 3531 1673 3598 regendum
1726 3540 1782 3584 et

201 3621 616 3687 gubernandum
649 3630 812 3688 atque
842 3621 1260 3690 dispensandqu
1304 3620 1613 3675 statuimus.
1649 3619 1780 3674 Post

200 3721 331 3761 vero
379 3713 588 3764 obitum
637 3713 850 3765 abbatis
893 3728 1052 3765 nemo
1082 3711 1152 3766 ibi
1185 3713 1434 3765 abbatem
1465 3709 1777 3775 constituat,

199 3802 302 3854 nisi
335 3818 498 3870 quem
528 3821 826 3858 consensus
857 3815 910 3856 ct
944 3807 1190 3859 voluntas
1218 3806 1522 3858 Communis
1550 3795 1776 3857 fratrum

198 3905 263 3945 ex
296 3892 405 3960 ipsa
435 3895 853 3963 congregatione
879 3895 1119 3964 eligerit;
1147 3906 1200 3947 et
1223 3895 1312 3964 qui
1340 3895 1554 3948 aliunde
1577 3894 1776 3948 ibidem

200 3981 456 4035 abbatem
515 3982 878 4038 iutromittere
918 3985 1152 4038 voluerit
1183 3985 1282 4038 sub
1306 3984 1654 4038 anathemate
1685 3984 1776 4038 sit.

199 4071 426 4140 Insuper
480 4073 775 4141 apostolica
830 4091 1060 4128 censura
1102 4076 1202 4128 sub
1251 4075 1414 4128 divini
1454 4074 1643 4143 jttdicii
1679 4075 1776 4127 0b-

201 4165 512 4228 testatioue,
567 4166 661 4218 sed
711 4175 765 4219 et
811 4167 1004 4220 Validis
1055 4177 1217 4235 atque
1258 4166 1618 4219 atrocioribus
1651 4181 1779 4217 aua-

1886 3100 1944 3144 ut
1976 3091 2152 3145 nullus
2181 3091 2466 3160 episcopus
2518 3105 2808 3160 praesumat
2843 3093 2894 3145 in
2930 3091 3039 3158 jam
3094 3091 3240 3145 dicto
3284 3104 3472 3143 mona-

1881 3181 2068 3243 sterio,
2100 3181 2182 3236 vel
2215 3182 2268 3236 iu
2306 3182 2566 3250 subjectis
2589 3184 2699 3236 suis
2741 3183 2987 3238 ecclesiis
3009 3183 3344 3235 sacerdotem
3376 3194 3470 3232 cx-

1881 3275 2286 3330 communicare
2318 3274 2400 3328 vel
2423 3277 2488 3327 ad
2512 3276 2776 3345 synodum
2807 3289 3124 3344 provocare,
3169 3281 3263 3326 aut
3309 3271 3469 3324 abba-

1882 3375 1989 3421 tem
2023 3367 2104 3420 vel
2130 3369 2425 3422 monachos
2447 3367 2535 3434 qui
2563 3368 2614 3420 in
2641 3367 2730 3421 illo
2756 3378 2996 3434 tempore
3024 3365 3246 3418 fuerint.
3278 3361 3472 3415 Liceat

1878 3457 2032 3510 vobis
2058 3458 2222 3510 etiam
2252 3457 2506 3510 clericum
2545 3473 2638 3511 seu
2674 3459 3031 3515 sacerdotem,
3066 3455 3147 3508 vel
3177 3455 3463 3506 diaconum

1880 3547 1994 3602 sive
2023 3547 2428 3604 subdiaconum.
2467 3546 2534 3600 de
2571 3561 2892 3615 quocunque
2919 3543 3229 3613 episcopatu
3278 3541 3466 3607 fuerit,

1879 3637 2158 3706 suscipere
2184 3637 2250 3689 ad
2315 3637 2701 3701 habitandum,
2751 3637 2834 3688 vel
2890 3634 3265 3688 monachicum
3310 3631 3466 3684 habi-

1879 3737 1992 3782 tum
2025 3728 2390 3796 recipiemlum
2434 3745 2556 3782 cum
2611 3730 2773 3782 rebus
2822 3729 2934 3781 suis
2969 3727 3170 3794 absque
3223 3723 3464 3794 prohibi-

1883 3819 2032 3872 tione
2095 3818 2336 3871 omnium
2389 3819 2802 3885 episcoporum:
2836 3825 2891 3870 et
2939 3815 3096 3868 liceat
3139 3815 3293 3868 vobis
3346 3825 3464 3866 tuo-

1829 3964 1833 3968 _
1879 3923 2108 3976 rumque
2151 3909 2429 3962 monachis
2483 3907 2686 3976 tibique
2752 3905 3005 3972 subjectis
3051 3904 3294 3970 judicare
3351 3912 3463 3955 tam

1879 4000 2232 4062 monasteria,
2265 4009 2319 4053 et
2344 3999 2588 4053 emnobia
2633 3998 2933 4068 puellarum
2983 3998 3185 4064 absque
3213 3994 3459 4048 saeculari

1879 4100 2176 4161 potestate,
2225 4101 2280 4145 et
2327 4091 2693 4160 prohibitione
2749 4088 3033 4157 cujuslibet
3088 4085 3346 4156 episcopi.
3400 4084 3459 4138 Si

1883 4182 2009 4251 quis
2037 4191 2243 4246 autem,
2273 4181 2414 4249 quod
2449 4196 2553 4234 non
2586 4191 2860 4250 optamus,
2914 4178 3121 4232 nefario
3154 4191 3288 4230 ausu
3321 4191 3460 4243 pra:-

201 4252 458 4310 thematis
503 4257 760 4325 (pomis),
817 4257 1228 4321 interdicimus,
1285 4266 1343 4310 ut
1395 4271 1570 4324 neque
1630 4256 1775 4310 ullus
1808 4277 2174 4357 Dsumpgeril
2213 4274 2330 4329 haec
2381 4290 2501 4344 qua,
2547 4291 2576 4328 ε,
2633 4274 2786 4329 nobis
2835 4275 2901 4328 ad
2959 4273 3170 4326 laudem
3221 4271 3311 4324 Dei
3365 4286 3463 4338 pro

201 4358 439 4414 ttnquam
469 4359 761 4416 pra-sumat
799 4351 1066 4418 quispiam
1092 4351 1480 4416 qualiscunque
1505 4349 1576 4402 sit
1599 4348 1776 4419 digni-

202 4440 332 4490 tatis
381 4441 642 4507 prmditus
700 4442 1024 4510 potestatis,
1087 4441 1170 4492 vel
1227 4443 1389 4494 etiam
1453 4454 1779 4509 quacunque

201 4541 394 4596 magna
428 4546 700 4599 parvaque
727 4547 957 4601 persona
989 4531 1043 4584 in
1074 4530 1260 4584 eodem
1303 4533 1656 4595 monasterio,
1696 4530 1780 4585 vel

199 4618 317 4687 ejus
363 4624 544 4676 causis
594 4622 929 4687 incumbere,
981 4634 1072 4677 aut
1111 4624 1175 4675 de
1211 4624 1370 4676 rebus
1395 4633 1451 4676 et
1480 4624 1776 4692 possessio-

200 4710 396 4774 nibus,
428 4714 512 4766 vel
553 4714 798 4771 ecclesiis
844 4716 946 4769 sibi
992 4715 1274 4784 subjectis,
1308 4716 1390 4769 vel
1423 4717 1683 4786 quidquid
1711 4717 1778 4768 de

199 4799 284 4855 liis
337 4819 457 4871 qua:
511 4806 562 4860 ei
620 4810 892 4874 pertinere
973 4808 1230 4862 videntur
1290 4809 1778 4876 quomodocuuque

199 4891 305 4943 auf.
327 4910 413 4948 rre
442 4908 540 4951 aut
569 4898 828 4960 alienare,
861 4898 954 4951 sed
985 4915 1084 4953 nec
1111 4897 1410 4969 quamlibet
1437 4902 1656 4954 malitia:
1683 4908 1777 4953 aut

190 4982 416 5050 jactura:
442 4991 766 5058 molestiam,
784 4993 980 5046 ibidem
1004 4994 1118 5046 sive
1141 4993 1313 5058 pacis,
1339 4993 1453 5046 sive
1475 4994 1778 5051 barbaricis

198 5082 531 5147 temporibus
586 5085 966 5155 quoquomodo
1021 5081 1230 5139 inferre
1281 5101 1294 5135 :
1345 5084 1473 5140 dum
1533 5087 1778 5159 profecto

117 5215 124 5222 .
191 5185 308 5226 eum
338 5179 678 5246 perenniter,
704 5197 762 5236 ut
787 5182 986 5235 dictum
1013 5189 1116 5240 est,
1151 5177 1302 5246 pacis
1328 5194 1494 5247 quam
1527 5184 1776 5238 barbari-

188 5262 264 5316 cis
307 5269 639 5316 temnorihns
696 5273 845 5316 ﬁrma
903 5271 1202 5316 stabilitate
1249 5283 1370 5316 esse
1425 5273 1773 5316 σιριιρι-ηὶηιιια

1881 4365 2295 4434 stabilitatejam
2311 4364 2436 4418 dicti
2463 4365 2772 4419 monasterii
2797 4373 2996 4418 statuta
3013 4373 3138 4416 sunt
3162 4361 3458 4428 refragare,

1880 4467 1974 4512 aut
2001 4458 2053 4511 in
2088 4472 2360 4527 quoquam
2391 4458 2717 4525 transgredi,
2745 4457 2883 4511 seiat
2912 4473 2994 4520 se,
3021 4455 3120 4508 nisi
3152 4454 3461 4521 resipuerit,

1880 4551 2250 4606 anathematis
2286 4551 2518 4605 vinculis
2563 4551 2913 4614 inuodattnn,
2969 4557 3022 4602 et
3075 4563 3102 4598 a
3146 4561 3312 4612 regno
3367 4545 3460 4598 Dei

1880 4643 2138 4703 alienum,
2171 4653 2224 4697 et
2273 4659 2395 4697 cum
2425 4643 2639 4697 diabolo
2690 4653 2743 4695 et
2785 4640 2902 4706 ejus
2931 4636 3288 4695 atrocissiiuis
3319 4651 3470 4701 pom-

1879 4737 1986 4805 pis,
2019 4747 2184 4803 atque
2209 4733 2343 4788 Juda
2385 4735 2646 4788 traditore
2674 4731 2890 4787 Domini
2951 4727 3120 4786 nostri
3160 4724 3282 4777 lusu
3313 4726 3473 4778 Chri-

1880 4829 1969 4891 sti.
2007 4825 2195 4883 aeterni
2273 4825 2504 4879 incendii
2549 4821 2834 4893 suppliciis
2885 4814 3352 4881 concrematulum
3414 4813 3485 4864 sit

1879 4923 2190 4991 deputatus.
2231 4916 2298 4968 At
2327 4931 2454 4968 vero
2479 4913 2568 4981 qui
2611 4915 2701 4983 pio
2729 4912 2961 4972 intuitu
2990 4908 3322 4997 observator,
3355 4901 3489 4953 etin

1878 5015 2131 5068 omnibus
2155 5007 2425 5063 exstiterit
2470 5007 2793 5058 custodiens
2837 5001 3050 5081 huius
3096 4996 3505 5084 “M‘fl'i‘llflsm'

1878 5106 1964 5160 lici
2009 5097 2326 5158 constituti,
2393 5105 2446 5147 et
2498 5095 2568 5146 ad
2610 5094 2820 5148 cultum
2890 5076 3024 5153 [Sci
3095 5076 3509 5140 νθδνὶεἰειιιὶὶιιιεν

1875 5187 2271 5251 benedictionis
2299 5182 2469 5252 gratia
2499 5196 2530 5233 a
2563 5178 3146 5243 misericordissimo
3166 5161 3385 5252 Domino
3414 5163 3520 5252 Duo

1877 5250 2069 5316 “4......
2115 5293 2212 5316 ιιι-ι·
2262 5250 2712 5316 ii-lernessinnpm
2773 5267 2958 5316 bear:
3035 5251 3304 5316 Benedicti
3349 5250 3527 5303 multi-
