  <div class='ocr_page' id='page_1' title='image "/cluster/home/n/w/nwhite01/storage/ocr_20150623/139/hvd.32044015471782/803.png"; bbox 0 0 3984 5316; ppageno 0'>
   <div class='ocr_carea' id='block_1_1' title="bbox 494 204 2093 273">
    <p class='ocr_par' dir='ltr' id='par_1_1' title="bbox 494 204 2078 272">
     <span class='ocr_line' id='line_1_1' title="bbox 494 204 2078 272; baseline 0.008 -13"><span class='ocrx_word' id='word_1_1' title='bbox 494 205 521 259; x_wconf 69' lang='grc'>1</span> <span class='ocrx_word' id='word_1_2' title='bbox 532 204 633 260; x_wconf 74' lang='lat'><strong>595</strong></span> <span class='ocrx_word' id='word_1_3' title='bbox 1715 213 2078 272; x_wconf 81' lang='lat' dir='ltr'><strong>BENEDICTI</strong></span> 
     </span>
    </p>
   </div>
   <div class='ocr_carea' id='block_1_2' title="bbox 2200 204 3761 273">
    <p class='ocr_par' dir='ltr' id='par_1_2' title="bbox 2200 215 3761 273">
     <span class='ocr_line' id='line_1_2' title="bbox 2200 215 3761 273; baseline 0.001 -2"><span class='ocrx_word' id='word_1_4' title='bbox 2200 218 2235 272; x_wconf 86' lang='lat' dir='ltr'><strong>ll</strong></span> <span class='ocrx_word' id='word_1_5' title='bbox 2274 215 2475 273; x_wconf 73' lang='grc' dir='ltr'><strong>ΡΑΡᾹΞ</strong></span> <span class='ocrx_word' id='word_1_6' title='bbox 3340 218 3357 223; x_wconf 76' lang='grc'><em>“</em></span> <span class='ocrx_word' id='word_1_7' title='bbox 3624 217 3761 273; x_wconf 68' lang='grc'><strong>1596</strong></span> 
     </span>
    </p>
   </div>
   <div class='ocr_carea' id='block_1_3' title="bbox 500 320 3761 404">
    <p class='ocr_par' dir='ltr' id='par_1_3' title="bbox 500 320 3761 404">
     <span class='ocr_line' id='line_1_3' title="bbox 500 320 3761 404; baseline 0.003 -28"><span class='ocrx_word' id='word_1_8' title='bbox 500 331 552 376; x_wconf 83' lang='lat' dir='ltr'><strong>et</strong></span> <span class='ocrx_word' id='word_1_9' title='bbox 604 320 898 376; x_wconf 89' lang='lat' dir='ltr'><strong>scriniarii.</strong></span> <span class='ocrx_word' id='word_1_10' title='bbox 944 322 1078 377; x_wconf 75' lang='lat' dir='ltr'><strong>Data</strong></span> <span class='ocrx_word' id='word_1_11' title='bbox 1124 323 1286 379; x_wconf 89' lang='lat' dir='ltr'><strong>tertio</strong></span> <span class='ocrx_word' id='word_1_12' title='bbox 1330 324 1453 379; x_wconf 89' lang='lat' dir='ltr'><strong>ldus</strong></span> <span class='ocrx_word' id='word_1_13' title='bbox 1504 327 1679 382; x_wconf 84' lang='lat' dir='ltr'><strong>Martii</strong></span> <span class='ocrx_word' id='word_1_14' title='bbox 1726 344 1823 398; x_wconf 88' lang='lat' dir='ltr'><strong>per</strong></span> <span class='ocrx_word' id='word_1_15' title='bbox 1861 347 2078 386; x_wconf 91' lang='lat' dir='ltr'><strong>manum</strong></span> <span class='ocrx_word' id='word_1_16' title='bbox 2110 341 2153 397; x_wconf 78' lang='grc' dir='ltr'>Α</span> <span class='ocrx_word' id='word_1_17' title='bbox 2189 333 2395 387; x_wconf 87' lang='lat' dir='ltr'><strong>Domini</strong></span> <span class='ocrx_word' id='word_1_18' title='bbox 2426 331 2597 387; x_wconf 91' lang='lat' dir='ltr'><strong>nostri</strong></span> <span class='ocrx_word' id='word_1_19' title='bbox 2636 329 2764 387; x_wconf 75' lang='lat' dir='ltr'><strong>Iesu</strong></span> <span class='ocrx_word' id='word_1_20' title='bbox 2783 331 3007 400; x_wconf 75' lang='lat' dir='ltr'><strong>Christi,</strong></span> <span class='ocrx_word' id='word_1_21' title='bbox 3033 340 3237 389; x_wconf 69' lang='lat' dir='ltr'><strong>aeterno</strong></span> <span class='ocrx_word' id='word_1_22' title='bbox 3257 331 3381 404; x_wconf 88' lang='lat' dir='ltr'><strong>igne</strong></span> <span class='ocrx_word' id='word_1_23' title='bbox 3405 344 3761 388; x_wconf 79' lang='lat' dir='ltr'><strong>concreman-</strong></span> 
     </span>
    </p>
   </div>
   <div class='ocr_carea' id='block_1_4' title="bbox 498 411 3969 495">
    <p class='ocr_par' dir='ltr' id='par_1_4' title="bbox 498 411 3969 495">
     <span class='ocr_line' id='line_1_4' title="bbox 498 411 3969 495; baseline 0.003 -28"><span class='ocrx_word' id='word_1_24' title='bbox 498 412 682 467; x_wconf 89' lang='lat' dir='ltr'><strong>domni</strong></span> <span class='ocrx_word' id='word_1_25' title='bbox 731 411 1121 469; x_wconf 85' lang='lat' dir='ltr'><strong>Grambosonis</strong></span> <span class='ocrx_word' id='word_1_26' title='bbox 1148 415 1384 485; x_wconf 85' lang='lat' dir='ltr'><strong>episcopi</strong></span> <span class='ocrx_word' id='word_1_27' title='bbox 1417 425 1472 473; x_wconf 93' lang='lat' dir='ltr'><strong>et</strong></span> <span class='ocrx_word' id='word_1_28' title='bbox 1510 417 1903 476; x_wconf 87' lang='lat' dir='ltr'><strong>bibliothecarii</strong></span> <span class='ocrx_word' id='word_1_29' title='bbox 1950 439 2074 477; x_wconf 88' lang='lat' dir='ltr'><strong>san-</strong></span> <span class='ocrx_word' id='word_1_30' title='bbox 2182 424 2330 478; x_wconf 90' lang='lat' dir='ltr'><strong>dum.</strong></span> <span class='ocrx_word' id='word_1_31' title='bbox 2356 422 2636 493; x_wconf 80' lang='lat' dir='ltr'><strong>Simulque</strong></span> <span class='ocrx_word' id='word_1_32' title='bbox 2666 432 2720 477; x_wconf 91' lang='lat' dir='ltr'><strong>et</strong></span> <span class='ocrx_word' id='word_1_33' title='bbox 2750 424 2802 477; x_wconf 92' lang='lat' dir='ltr'><strong>in</strong></span> <span class='ocrx_word' id='word_1_34' title='bbox 2830 424 3086 495; x_wconf 80' lang='lat' dir='ltr'><strong>voragine</strong></span> <span class='ocrx_word' id='word_1_35' title='bbox 3107 432 3455 493; x_wconf 88' lang='lat' dir='ltr'><strong>tartareoque</strong></span> <span class='ocrx_word' id='word_1_36' title='bbox 3480 423 3654 478; x_wconf 85' lang='lat' dir='ltr'><strong>chaos</strong></span> <span class='ocrx_word' id='word_1_37' title='bbox 3674 424 3763 476; x_wconf 81' lang='lat' dir='ltr'><strong>de—</strong></span> <span class='ocrx_word' id='word_1_38' title='bbox 3968 430 3969 471; x_wconf 58' lang='grc' dir='ltr'>ι</span> 
     </span>
    </p>
   </div>
   <div class='ocr_carea' id='block_1_5' title="bbox 497 501 3764 584">
    <p class='ocr_par' dir='ltr' id='par_1_5' title="bbox 497 501 3764 584">
     <span class='ocr_line' id='line_1_5' title="bbox 497 501 3764 584; baseline 0.003 -28"><span class='ocrx_word' id='word_1_39' title='bbox 497 510 599 555; x_wconf 62' lang='lat' dir='ltr'><strong>ctua</strong></span> <span class='ocrx_word' id='word_1_40' title='bbox 628 501 936 570; x_wconf 71' lang='lat' dir='ltr'><strong>apostolicae</strong></span> <span class='ocrx_word' id='word_1_41' title='bbox 958 503 1122 567; x_wconf 85' lang='lat' dir='ltr'><strong>sedis,</strong></span> <span class='ocrx_word' id='word_1_42' title='bbox 1146 519 1306 572; x_wconf 82' lang='lat' dir='ltr'><strong>atuto,</strong></span> <span class='ocrx_word' id='word_1_43' title='bbox 1332 505 1438 561; x_wconf 81' lang='lat' dir='ltr'><strong>Deo</strong></span> <span class='ocrx_word' id='word_1_44' title='bbox 1454 508 1708 577; x_wconf 88' lang='lat' dir='ltr'><strong>propitio,</strong></span> <span class='ocrx_word' id='word_1_45' title='bbox 1737 510 2079 579; x_wconf 88' lang='lat' dir='ltr'><strong>pontilicatus</strong></span> <span class='ocrx_word' id='word_1_46' title='bbox 2181 530 2393 569; x_wconf 86' lang='lat' dir='ltr'><strong>mersus</strong></span> <span class='ocrx_word' id='word_1_47' title='bbox 2431 529 2553 568; x_wconf 93' lang='lat' dir='ltr'><strong>cum</strong></span> <span class='ocrx_word' id='word_1_48' title='bbox 2595 513 2775 583; x_wconf 89' lang='lat' dir='ltr'><strong>impiis</strong></span> <span class='ocrx_word' id='word_1_49' title='bbox 2834 514 3068 568; x_wconf 87' lang='lat' dir='ltr'><strong>deﬁciat.</strong></span> <span class='ocrx_word' id='word_1_50' title='bbox 3121 512 3225 580; x_wconf 84' lang='lat' dir='ltr'><strong>Qui</strong></span> <span class='ocrx_word' id='word_1_51' title='bbox 3264 528 3403 567; x_wconf 76' lang='lat' dir='ltr'><strong>vero</strong></span> <span class='ocrx_word' id='word_1_52' title='bbox 3433 513 3526 584; x_wconf 90' lang='lat' dir='ltr'><strong>pio</strong></span> <span class='ocrx_word' id='word_1_53' title='bbox 3570 513 3764 565; x_wconf 72' lang='lat' dir='ltr'><strong>intuitu</strong></span> 
     </span>
    </p>
   </div>
   <div class='ocr_carea' id='block_1_6' title="bbox 496 592 3767 672">
    <p class='ocr_par' dir='ltr' id='par_1_6' title="bbox 496 592 3767 672">
     <span class='ocr_line' id='line_1_6' title="bbox 496 592 3767 672; baseline 0.003 -26"><span class='ocrx_word' id='word_1_54' title='bbox 496 592 683 647; x_wconf 90' lang='lat' dir='ltr'><strong>domni</strong></span> <span class='ocrx_word' id='word_1_55' title='bbox 730 593 1004 648; x_wconf 83' lang='lat' dir='ltr'><strong>Benedicti</strong></span> <span class='ocrx_word' id='word_1_56' title='bbox 1041 597 1367 652; x_wconf 87' lang='lat' dir='ltr'><strong>sanctissimi</strong></span> <span class='ocrx_word' id='word_1_57' title='bbox 1412 601 1586 653; x_wconf 81' lang='lat' dir='ltr'><strong>octavi</strong></span> <span class='ocrx_word' id='word_1_58' title='bbox 1636 616 1807 669; x_wconf 67' lang='lat' dir='ltr'><strong>papae,</strong></span> <span class='ocrx_word' id='word_1_59' title='bbox 1860 604 2080 657; x_wconf 86' lang='lat' dir='ltr'><strong>sedente</strong></span> <span class='ocrx_word' id='word_1_60' title='bbox 2183 610 2459 669; x_wconf 88' lang='lat' dir='ltr'><strong>custodes,</strong></span> <span class='ocrx_word' id='word_1_61' title='bbox 2490 613 2545 658; x_wconf 92' lang='lat' dir='ltr'><strong>et</strong></span> <span class='ocrx_word' id='word_1_62' title='bbox 2589 604 2969 658; x_wconf 81' lang='lat' dir='ltr'><strong>observatores</strong></span> <span class='ocrx_word' id='word_1_63' title='bbox 3010 603 3170 672; x_wconf 77' lang='lat' dir='ltr'><strong>liujus</strong></span> <span class='ocrx_word' id='word_1_64' title='bbox 3217 612 3420 657; x_wconf 79' lang='lat' dir='ltr'><strong>nostra:</strong></span> <span class='ocrx_word' id='word_1_65' title='bbox 3469 600 3767 656; x_wconf 68' lang='lat' dir='ltr'><strong>salutiferae</strong></span> 
     </span>
    </p>
   </div>
   <div class='ocr_carea' id='block_1_7' title="bbox 498 687 3769 767">
    <p class='ocr_par' dir='ltr' id='par_1_7' title="bbox 498 687 3769 767">
     <span class='ocr_line' id='line_1_7' title="bbox 498 687 3769 767; baseline 0.002 -28"><span class='ocrx_word' id='word_1_66' title='bbox 498 699 642 740; x_wconf 87' lang='lat' dir='ltr'><strong>anno</strong></span> <span class='ocrx_word' id='word_1_67' title='bbox 673 687 932 750; x_wconf 89' lang='lat' dir='ltr'><strong>secundo,</strong></span> <span class='ocrx_word' id='word_1_68' title='bbox 984 687 1285 745; x_wconf 87' lang='lat' dir='ltr'><strong>indictione</strong></span> <span class='ocrx_word' id='word_1_69' title='bbox 1328 691 1645 747; x_wconf 89' lang='lat' dir='ltr'><strong>duodecima</strong></span> <span class='ocrx_word' id='word_1_70' title='bbox 1678 707 1865 748; x_wconf 92' lang='lat' dir='ltr'><strong>mense</strong></span> <span class='ocrx_word' id='word_1_71' title='bbox 1902 693 2077 749; x_wconf 81' lang='lat' dir='ltr'><strong>Martii</strong></span> <span class='ocrx_word' id='word_1_72' title='bbox 2181 694 2557 767; x_wconf 68' lang='lat' dir='ltr'><strong>prmoeptionis</strong></span> <span class='ocrx_word' id='word_1_73' title='bbox 2584 693 2913 758; x_wconf 81' lang='lat' dir='ltr'><strong>exstiterint,</strong></span> <span class='ocrx_word' id='word_1_74' title='bbox 2948 694 3337 750; x_wconf 86' lang='lat' dir='ltr'><strong>benedictionis</strong></span> <span class='ocrx_word' id='word_1_75' title='bbox 3375 693 3618 764; x_wconf 75' lang='lat' dir='ltr'><strong>gratiam</strong></span> <span class='ocrx_word' id='word_1_76' title='bbox 3661 705 3769 747; x_wconf 71' lang='lat' dir='ltr'><strong>cos-</strong></span> 
     </span>
    </p>
   </div>
   <div class='ocr_carea' id='block_1_8' title="bbox 499 777 3770 859">
    <p class='ocr_par' dir='ltr' id='par_1_8' title="bbox 499 777 3770 859">
     <span class='ocr_line' id='line_1_8' title="bbox 499 777 3770 859; baseline 0 -20"><span class='ocrx_word' id='word_1_77' title='bbox 499 778 588 832; x_wconf 79' lang='lat' dir='ltr'><strong>die</strong></span> <span class='ocrx_word' id='word_1_78' title='bbox 616 777 956 833; x_wconf 71' lang='lat' dir='ltr'><strong>dUOdOCimao</strong></span> <span class='ocrx_word' id='word_1_79' title='bbox 1760 810 1767 821; x_wconf 65' lang='grc' dir='ltr'><em>ν</em></span> <span class='ocrx_word' id='word_1_80' title='bbox 2183 790 2440 859; x_wconf 86' lang='lat' dir='ltr'><strong>lestisque</strong></span> <span class='ocrx_word' id='word_1_81' title='bbox 2490 786 2880 851; x_wconf 89' lang='lat' dir='ltr'><strong>retributionis,</strong></span> <span class='ocrx_word' id='word_1_82' title='bbox 2937 802 3002 841; x_wconf 92' lang='lat' dir='ltr'><strong>ac</strong></span> <span class='ocrx_word' id='word_1_83' title='bbox 3054 796 3253 841; x_wconf 77' lang='lat' dir='ltr'><strong>aeterna</strong></span> <span class='ocrx_word' id='word_1_84' title='bbox 3295 787 3497 858; x_wconf 88' lang='lat' dir='ltr'><strong>gaudia</strong></span> <span class='ocrx_word' id='word_1_85' title='bbox 3544 786 3618 839; x_wconf 84' lang='lat' dir='ltr'><strong>ab</strong></span> <span class='ocrx_word' id='word_1_86' title='bbox 3654 786 3770 856; x_wconf 73' lang='lat' dir='ltr'><strong>ipso</strong></span> 
     </span>
    </p>
   </div>
   <div class='ocr_carea' id='block_1_9' title="bbox 1241 873 3640 951">
    <p class='ocr_par' dir='ltr' id='par_1_9' title="bbox 1241 873 3640 951">
     <span class='ocr_line' id='line_1_9' title="bbox 1241 873 3640 951; baseline 0.001 -23"><span class='ocrx_word' id='word_1_87' title='bbox 1241 873 1329 929; x_wconf 84' lang='lat' dir='ltr'><strong>XI.</strong></span> <span class='ocrx_word' id='word_1_88' title='bbox 2176 882 2360 951; x_wconf 80' lang='lat' dir='ltr'><strong>judice</strong></span> <span class='ocrx_word' id='word_1_89' title='bbox 2397 880 2625 935; x_wconf 91' lang='lat' dir='ltr'><strong>Domino</strong></span> <span class='ocrx_word' id='word_1_90' title='bbox 2655 879 2762 933; x_wconf 86' lang='lat' dir='ltr'><strong>Deo</strong></span> <span class='ocrx_word' id='word_1_91' title='bbox 2793 886 2978 933; x_wconf 89' lang='lat' dir='ltr'><strong>nostro</strong></span> <span class='ocrx_word' id='word_1_92' title='bbox 3007 880 3261 948; x_wconf 89' lang='lat' dir='ltr'><strong>consequi</strong></span> <span class='ocrx_word' id='word_1_93' title='bbox 3294 888 3640 933; x_wconf 87' lang='lat' dir='ltr'><strong>mereantur.</strong></span> 
     </span>
    </p>
   </div>
   <div class='ocr_carea' id='block_1_10' title="bbox 567 980 2011 1060">
    <p class='ocr_par' dir='ltr' id='par_1_10' title="bbox 567 980 2011 1060">
     <span class='ocr_line' id='line_1_10' title="bbox 567 980 2011 1060; baseline 0.006 -25"><span class='ocrx_word' id='word_1_94' title='bbox 567 980 838 1036; x_wconf 81' lang='lat' dir='ltr'><strong>Benedicti</strong></span> <span class='ocrx_word' id='word_1_95' title='bbox 905 980 1051 1037; x_wconf 84' lang='lat' dir='ltr'><strong><em>VIII</em></strong></span> <span class='ocrx_word' id='word_1_96' title='bbox 1075 1002 1262 1060; x_wconf 78' lang='lat' dir='ltr'><strong>_papw_</strong></span> <span class='ocrx_word' id='word_1_97' title='bbox 1302 987 1632 1059; x_wconf 80' lang='lat' dir='ltr'><strong>privilegium</strong></span> <span class='ocrx_word' id='word_1_98' title='bbox 1655 1007 1749 1060; x_wconf 88' lang='lat' dir='ltr'><strong>pro</strong></span> <span class='ocrx_word' id='word_1_99' title='bbox 1777 988 2011 1045; x_wconf 74' lang='lat' dir='ltr'><strong>Ecclesia</strong></span> 
     </span>
    </p>
   </div>
   <div class='ocr_carea' id='block_1_11' title="bbox 1063 1055 1510 1112">
    <p class='ocr_par' dir='ltr' id='par_1_11' title="bbox 1063 1055 1510 1112">
     <span class='ocr_line' id='line_1_11' title="bbox 1063 1055 1510 1112; baseline 0.011 -5"><span class='ocrx_word' id='word_1_100' title='bbox 1063 1055 1510 1112; x_wconf 66' lang='lat' dir='ltr'><strong>Paderbornensi.</strong></span> 
     </span>
    </p>
   </div>
   <div class='ocr_carea' id='block_1_12' title="bbox 1098 1147 1487 1219">
    <p class='ocr_par' dir='ltr' id='par_1_12' title="bbox 1098 1147 1487 1219">
     <span class='ocr_line' id='line_1_12' title="bbox 1098 1147 1487 1219; baseline 0.01 -20"><span class='ocrx_word' id='word_1_101' title='bbox 1098 1148 1277 1216; x_wconf 84' lang='lat' dir='ltr'><strong>(Anno</strong></span> <span class='ocrx_word' id='word_1_102' title='bbox 1304 1147 1487 1219; x_wconf 76' lang='grc'><strong>1014.)</strong></span> 
     </span>
    </p>
   </div>
   <div class='ocr_carea' id='block_1_13' title="bbox 611 1235 1973 1316">
    <p class='ocr_par' dir='ltr' id='par_1_13' title="bbox 611 1235 1973 1316">
     <span class='ocr_line' id='line_1_13' title="bbox 611 1235 1973 1316; baseline 0.005 -26"><span class='ocrx_word' id='word_1_103' title='bbox 611 1235 907 1308; x_wconf 50' lang='lat' dir='ltr'><strong>[Scaurum</strong></span> <span class='ocrx_word' id='word_1_104' title='bbox 940 1239 1134 1293; x_wconf 80' lang='lat' dir='ltr'><strong>Annal.</strong></span> <span class='ocrx_word' id='word_1_105' title='bbox 1166 1239 1493 1295; x_wconf 80' lang='lat' dir='ltr'><strong>Paderborn.</strong></span> <span class='ocrx_word' id='word_1_106' title='bbox 1522 1250 1651 1297; x_wconf 91' lang='lat' dir='ltr'><strong>tom.</strong></span> <span class='ocrx_word' id='word_1_107' title='bbox 1677 1242 1713 1307; x_wconf 92' lang='lat' dir='ltr'><strong>l,</strong></span> <span class='ocrx_word' id='word_1_108' title='bbox 1744 1259 1798 1313; x_wconf 90' lang='lat' dir='ltr'><strong>p.</strong></span> <span class='ocrx_word' id='word_1_109' title='bbox 1825 1242 1973 1316; x_wconf 67' lang='lat'><strong>407.]</strong></span> 
     </span>
    </p>
   </div>
   <div class='ocr_carea' id='block_1_14' title="bbox 572 1330 2082 1403">
    <p class='ocr_par' dir='ltr' id='par_1_14' title="bbox 572 1330 2082 1403">
     <span class='ocr_line' id='line_1_14' title="bbox 572 1330 2082 1403; baseline 0.006 -20"><span class='ocrx_word' id='word_1_110' title='bbox 572 1330 909 1386; x_wconf 73' lang='lat' dir='ltr'><strong>Bsxsutcrns</strong></span> <span class='ocrx_word' id='word_1_111' title='bbox 942 1333 1247 1403; x_wconf 86' lang='lat' dir='ltr'><strong>episcopus,</strong></span> <span class='ocrx_word' id='word_1_112' title='bbox 1297 1349 1486 1389; x_wconf 82' lang='lat' dir='ltr'><strong>servus</strong></span> <span class='ocrx_word' id='word_1_113' title='bbox 1518 1350 1797 1392; x_wconf 91' lang='lat' dir='ltr'><strong>servorum</strong></span> <span class='ocrx_word' id='word_1_114' title='bbox 1846 1338 1962 1401; x_wconf 90' lang='lat' dir='ltr'><strong>Dei,</strong></span> <span class='ocrx_word' id='word_1_115' title='bbox 2001 1336 2082 1392; x_wconf 87' lang='lat' dir='ltr'><strong>di-</strong></span> 
     </span>
    </p>
   </div>
   <div class='ocr_carea' id='block_1_15' title="bbox 496 1422 2081 1500">
    <p class='ocr_par' dir='ltr' id='par_1_15' title="bbox 496 1422 2081 1500">
     <span class='ocr_line' id='line_1_15' title="bbox 496 1422 2081 1500; baseline 0.006 -24"><span class='ocrx_word' id='word_1_116' title='bbox 496 1422 641 1479; x_wconf 90' lang='lat' dir='ltr'><strong>lecto</strong></span> <span class='ocrx_word' id='word_1_117' title='bbox 676 1425 730 1478; x_wconf 92' lang='lat' dir='ltr'><strong>iu</strong></span> <span class='ocrx_word' id='word_1_118' title='bbox 760 1424 980 1479; x_wconf 91' lang='lat' dir='ltr'><strong>domino</strong></span> <span class='ocrx_word' id='word_1_119' title='bbox 1008 1425 1117 1480; x_wconf 86' lang='lat' dir='ltr'><strong>lilio</strong></span> <span class='ocrx_word' id='word_1_120' title='bbox 1145 1425 1446 1483; x_wconf 74' lang='lat' dir='ltr'><strong>meenco</strong></span> <span class='ocrx_word' id='word_1_121' title='bbox 1472 1429 1767 1483; x_wconf 86' lang='lat' dir='ltr'><strong>venerabili</strong></span> <span class='ocrx_word' id='word_1_122' title='bbox 1824 1431 2081 1500; x_wconf 86' lang='lat' dir='ltr'><strong>episcopo</strong></span> 
     </span>
    </p>
   </div>
   <div class='ocr_carea' id='block_1_16' title="bbox 499 1515 2082 1590">
    <p class='ocr_par' dir='ltr' id='par_1_16' title="bbox 499 1515 2082 1590">
     <span class='ocr_line' id='line_1_16' title="bbox 499 1515 2082 1590; baseline 0.007 -22"><span class='ocrx_word' id='word_1_123' title='bbox 499 1515 1027 1573; x_wconf 86' lang='lat' dir='ltr'><strong>Pathcrbrunnensis</strong></span> <span class='ocrx_word' id='word_1_124' title='bbox 1079 1517 1366 1585; x_wconf 69' lang='lat' dir='ltr'><strong>Ecclesia),</strong></span> <span class='ocrx_word' id='word_1_125' title='bbox 1410 1520 1631 1590; x_wconf 83' lang='lat' dir='ltr'><strong>suisque</strong></span> <span class='ocrx_word' id='word_1_126' title='bbox 1678 1522 2082 1579; x_wconf 88' lang='lat' dir='ltr'><strong>successoribus</strong></span> 
     </span>
    </p>
   </div>
   <div class='ocr_carea' id='block_1_17' title="bbox 497 1608 924 1679">
    <p class='ocr_par' dir='ltr' id='par_1_17' title="bbox 497 1608 924 1679">
     <span class='ocr_line' id='line_1_17' title="bbox 497 1608 924 1679; baseline 0.002 -17"><span class='ocrx_word' id='word_1_127' title='bbox 497 1608 553 1662; x_wconf 89' lang='lat' dir='ltr'><strong>in</strong></span> <span class='ocrx_word' id='word_1_128' title='bbox 585 1620 924 1679; x_wconf 88' lang='lat' dir='ltr'><strong>perpetuum.</strong></span> 
     </span>
    </p>
   </div>
   <div class='ocr_carea' id='block_1_18' title="bbox 574 1679 2159 1785">
    <p class='ocr_par' dir='ltr' id='par_1_18' title="bbox 574 1679 2159 1785">
     <span class='ocr_line' id='line_1_18' title="bbox 574 1679 2159 1785; baseline 0.004 -33"><span class='ocrx_word' id='word_1_129' title='bbox 574 1699 933 1785; x_wconf 86' lang='lat' dir='ltr'><strong>Desiderium,</strong></span> <span class='ocrx_word' id='word_1_130' title='bbox 965 1702 1106 1771; x_wconf 88' lang='lat' dir='ltr'><strong>quod</strong></span> <span class='ocrx_word' id='word_1_131' title='bbox 1137 1703 1204 1758; x_wconf 89' lang='lat' dir='ltr'><strong>ad</strong></span> <span class='ocrx_word' id='word_1_132' title='bbox 1252 1702 1560 1774; x_wconf 91' lang='lat' dir='ltr'><strong>religiosum</strong></span> <span class='ocrx_word' id='word_1_133' title='bbox 1610 1703 1944 1773; x_wconf 80' lang='lat' dir='ltr'><strong>prepositnm</strong></span> <span class='ocrx_word' id='word_1_134' title='bbox 1965 1743 1979 1769; x_wconf 94' lang='lat'><strong>,</strong></span> <span class='ocrx_word' id='word_1_135' title='bbox 2028 1712 2083 1759; x_wconf 90' lang='lat' dir='ltr'><strong>et</strong></span> <span class='ocrx_word' id='word_1_136' title='bbox 2113 1679 2159 1740; x_wconf 75' lang='grc' dir='ltr'><strong>Β</strong></span> 
     </span>
    </p>
   </div>
   <div class='ocr_carea' id='block_1_19' title="bbox 503 1791 2086 1865">
    <p class='ocr_par' dir='ltr' id='par_1_19' title="bbox 503 1791 2086 1865">
     <span class='ocr_line' id='line_1_19' title="bbox 503 1791 2086 1865; baseline 0.004 -22"><span class='ocrx_word' id='word_1_137' title='bbox 503 1799 819 1845; x_wconf 86' lang='lat' dir='ltr'><strong>sanctorum</strong></span> <span class='ocrx_word' id='word_1_138' title='bbox 856 1791 1096 1847; x_wconf 87' lang='lat' dir='ltr'><strong>locorum</strong></span> <span class='ocrx_word' id='word_1_139' title='bbox 1138 1793 1486 1848; x_wconf 88' lang='lat' dir='ltr'><strong>stabilitatem</strong></span> <span class='ocrx_word' id='word_1_140' title='bbox 1513 1795 1787 1865; x_wconf 82' lang='lat' dir='ltr'><strong>pertinere</strong></span> <span class='ocrx_word' id='word_1_141' title='bbox 1818 1805 2086 1851; x_wconf 90' lang='lat' dir='ltr'><strong>monstra-</strong></span> 
     </span>
    </p>
   </div>
   <div class='ocr_carea' id='block_1_20' title="bbox 503 1873 2087 1952">
    <p class='ocr_par' dir='ltr' id='par_1_20' title="bbox 503 1873 2087 1952">
     <span class='ocr_line' id='line_1_20' title="bbox 503 1873 2087 1952; baseline 0.005 -19"><span class='ocrx_word' id='word_1_142' title='bbox 503 1889 625 1945; x_wconf 92' lang='lat' dir='ltr'><strong>tur,</strong></span> <span class='ocrx_word' id='word_1_143' title='bbox 674 1880 791 1935; x_wconf 88' lang='lat' dir='ltr'><strong>sine</strong></span> <span class='ocrx_word' id='word_1_144' title='bbox 861 1873 1041 1952; x_wconf 81' lang='lat' dir='ltr'><strong>aliqua</strong></span> <span class='ocrx_word' id='word_1_145' title='bbox 1101 1893 1308 1948; x_wconf 87' lang='lat' dir='ltr'><strong>nostra,</strong></span> <span class='ocrx_word' id='word_1_146' title='bbox 1348 1883 1458 1938; x_wconf 90' lang='lat' dir='ltr'><strong>Deo</strong></span> <span class='ocrx_word' id='word_1_147' title='bbox 1513 1893 1765 1949; x_wconf 89' lang='lat' dir='ltr'><strong>auctore,</strong></span> <span class='ocrx_word' id='word_1_148' title='bbox 1831 1884 2087 1941; x_wconf 86' lang='lat' dir='ltr'><strong>dilatione</strong></span> 
     </span>
    </p>
   </div>
   <div class='ocr_carea' id='block_1_21' title="bbox 506 1970 2087 2044">
    <p class='ocr_par' dir='ltr' id='par_1_21' title="bbox 506 1970 2087 2044">
     <span class='ocr_line' id='line_1_21' title="bbox 506 1970 2087 2044; baseline 0.003 -21"><span class='ocrx_word' id='word_1_149' title='bbox 506 1970 928 2040; x_wconf 82' lang='lat' dir='ltr'><strong>perliciendum,</strong></span> <span class='ocrx_word' id='word_1_150' title='bbox 977 1980 1034 2027; x_wconf 86' lang='lat' dir='ltr'><strong>et</strong></span> <span class='ocrx_word' id='word_1_151' title='bbox 1068 1974 1282 2043; x_wconf 90' lang='lat' dir='ltr'><strong>quoties</strong></span> <span class='ocrx_word' id='word_1_152' title='bbox 1324 1973 1376 2027; x_wconf 94' lang='lat' dir='ltr'><strong>in</strong></span> <span class='ocrx_word' id='word_1_153' title='bbox 1415 1972 1740 2042; x_wconf 86' lang='lat' dir='ltr'><strong>quibusdam</strong></span> <span class='ocrx_word' id='word_1_154' title='bbox 1778 1973 1896 2044; x_wconf 86' lang='lat' dir='ltr'><strong>ejus</strong></span> <span class='ocrx_word' id='word_1_155' title='bbox 1939 1973 2087 2029; x_wconf 87' lang='lat' dir='ltr'><strong>utili-</strong></span> 
     </span>
    </p>
   </div>
   <div class='ocr_carea' id='block_1_22' title="bbox 508 2061 2087 2133">
    <p class='ocr_par' dir='ltr' id='par_1_22' title="bbox 508 2061 2087 2133">
     <span class='ocr_line' id='line_1_22' title="bbox 508 2061 2087 2133; baseline 0.002 -20"><span class='ocrx_word' id='word_1_156' title='bbox 508 2061 712 2116; x_wconf 83' lang='lat' dir='ltr'><strong>tatibus</strong></span> <span class='ocrx_word' id='word_1_157' title='bbox 778 2069 1024 2118; x_wconf 91' lang='lat' dir='ltr'><strong>nostrum</strong></span> <span class='ocrx_word' id='word_1_158' title='bbox 1080 2077 1358 2118; x_wconf 87' lang='lat' dir='ltr'><strong>assensum</strong></span> <span class='ocrx_word' id='word_1_159' title='bbox 1428 2070 1485 2116; x_wconf 90' lang='lat' dir='ltr'><strong>et</strong></span> <span class='ocrx_word' id='word_1_160' title='bbox 1536 2061 1708 2117; x_wconf 74' lang='lat' dir='ltr'><strong>solita:</strong></span> <span class='ocrx_word' id='word_1_161' title='bbox 1778 2062 2087 2133; x_wconf 81' lang='lat' dir='ltr'><strong>apostolicae</strong></span> 
     </span>
    </p>
   </div>
   <div class='ocr_carea' id='block_1_23' title="bbox 505 2152 2087 2225">
    <p class='ocr_par' dir='ltr' id='par_1_23' title="bbox 505 2152 2087 2225">
     <span class='ocr_line' id='line_1_23' title="bbox 505 2152 2087 2225; baseline 0.002 -21"><span class='ocrx_word' id='word_1_162' title='bbox 505 2152 846 2208; x_wconf 85' lang='lat' dir='ltr'><strong>auctoritatis</strong></span> <span class='ocrx_word' id='word_1_163' title='bbox 871 2155 1118 2223; x_wconf 83' lang='lat' dir='ltr'><strong>exposcit</strong></span> <span class='ocrx_word' id='word_1_164' title='bbox 1143 2154 1474 2224; x_wconf 79' lang='lat' dir='ltr'><strong>praesidium,</strong></span> <span class='ocrx_word' id='word_1_165' title='bbox 1507 2153 1556 2206; x_wconf 90' lang='lat' dir='ltr'><strong>id</strong></span> <span class='ocrx_word' id='word_1_166' title='bbox 1594 2164 1797 2209; x_wconf 69' lang='lat' dir='ltr'><strong>nostra:</strong></span> <span class='ocrx_word' id='word_1_167' title='bbox 1840 2154 2087 2225; x_wconf 89' lang='lat' dir='ltr'><strong>benigni-</strong></span> 
     </span>
    </p>
   </div>
   <div class='ocr_carea' id='block_1_24' title="bbox 502 2240 2088 2315">
    <p class='ocr_par' dir='ltr' id='par_1_24' title="bbox 502 2240 2088 2315">
     <span class='ocr_line' id='line_1_24' title="bbox 502 2240 2088 2315; baseline 0.004 -21"><span class='ocrx_word' id='word_1_168' title='bbox 502 2240 631 2295; x_wconf 83' lang='lat' dir='ltr'><strong>tatis</strong></span> <span class='ocrx_word' id='word_1_169' title='bbox 686 2242 882 2297; x_wconf 92' lang='lat' dir='ltr'><strong>intuitu</strong></span> <span class='ocrx_word' id='word_1_170' title='bbox 932 2258 1033 2298; x_wconf 89' lang='lat' dir='ltr'><strong>nos</strong></span> <span class='ocrx_word' id='word_1_171' title='bbox 1085 2246 1339 2299; x_wconf 85' lang='lat' dir='ltr'><strong>convenit</strong></span> <span class='ocrx_word' id='word_1_172' title='bbox 1388 2245 1699 2311; x_wconf 89' lang='lat' dir='ltr'><strong>subvenire,</strong></span> <span class='ocrx_word' id='word_1_173' title='bbox 1748 2254 1802 2300; x_wconf 87' lang='lat' dir='ltr'><strong>et</strong></span> <span class='ocrx_word' id='word_1_174' title='bbox 1839 2246 1945 2299; x_wconf 90' lang='lat' dir='ltr'><strong>rati</strong></span> <span class='ocrx_word' id='word_1_175' title='bbox 1989 2260 2088 2315; x_wconf 89' lang='lat' dir='ltr'><strong>pro</strong></span> 
     </span>
    </p>
   </div>
   <div class='ocr_carea' id='block_1_25' title="bbox 502 2328 2089 2399">
    <p class='ocr_par' dir='ltr' id='par_1_25' title="bbox 502 2328 2089 2399">
     <span class='ocr_line' id='line_1_25' title="bbox 502 2328 2089 2399; baseline 0.004 -17"><span class='ocrx_word' id='word_1_176' title='bbox 502 2328 717 2399; x_wconf 82' lang='lat' dir='ltr'><strong>integra</strong></span> <span class='ocrx_word' id='word_1_177' title='bbox 748 2331 1043 2387; x_wconf 88' lang='lat' dir='ltr'><strong>securitate</strong></span> <span class='ocrx_word' id='word_1_178' title='bbox 1069 2348 1137 2386; x_wconf 85' lang='lat' dir='ltr'><strong>ex</strong></span> <span class='ocrx_word' id='word_1_179' title='bbox 1183 2334 1394 2388; x_wconf 89' lang='lat' dir='ltr'><strong>ratione</strong></span> <span class='ocrx_word' id='word_1_180' title='bbox 1448 2332 1719 2399; x_wconf 89' lang='lat' dir='ltr'><strong>solidare,</strong></span> <span class='ocrx_word' id='word_1_181' title='bbox 1770 2343 1832 2388; x_wconf 92' lang='lat' dir='ltr'><strong>ut</strong></span> <span class='ocrx_word' id='word_1_182' title='bbox 1869 2348 1936 2389; x_wconf 76' lang='lat' dir='ltr'><strong>ex</strong></span> <span class='ocrx_word' id='word_1_183' title='bbox 1984 2335 2089 2389; x_wconf 89' lang='lat' dir='ltr'><strong>hoc</strong></span> 
     </span>
    </p>
   </div>
   <div class='ocr_carea' id='block_1_26' title="bbox 508 2420 2089 2497">
    <p class='ocr_par' dir='ltr' id='par_1_26' title="bbox 508 2420 2089 2497">
     <span class='ocr_line' id='line_1_26' title="bbox 508 2420 2089 2497; baseline 0.005 -23"><span class='ocrx_word' id='word_1_184' title='bbox 508 2420 642 2489; x_wconf 90' lang='lat' dir='ltr'><strong>ipsis</strong></span> <span class='ocrx_word' id='word_1_185' title='bbox 688 2422 1087 2478; x_wconf 89' lang='lat' dir='ltr'><strong>venerabilibus</strong></span> <span class='ocrx_word' id='word_1_186' title='bbox 1124 2423 1259 2479; x_wconf 91' lang='lat' dir='ltr'><strong>locis</strong></span> <span class='ocrx_word' id='word_1_187' title='bbox 1297 2424 1441 2480; x_wconf 89' lang='lat' dir='ltr'><strong>salus</strong></span> <span class='ocrx_word' id='word_1_188' title='bbox 1491 2436 1545 2480; x_wconf 89' lang='lat' dir='ltr'><strong>et</strong></span> <span class='ocrx_word' id='word_1_189' title='bbox 1596 2426 1927 2481; x_wconf 87' lang='lat' dir='ltr'><strong>indemnitas</strong></span> <span class='ocrx_word' id='word_1_190' title='bbox 1965 2441 2089 2497; x_wconf 78' lang='lat' dir='ltr'><strong>pro-</strong></span> 
     </span>
    </p>
   </div>
   <div class='ocr_carea' id='block_1_27' title="bbox 505 2511 2087 2589">
    <p class='ocr_par' dir='ltr' id='par_1_27' title="bbox 505 2511 2087 2589">
     <span class='ocr_line' id='line_1_27' title="bbox 505 2511 2087 2589; baseline 0.004 -23"><span class='ocrx_word' id='word_1_191' title='bbox 505 2511 741 2583; x_wconf 84' lang='lat' dir='ltr'><strong>ﬂigetur,</strong></span> <span class='ocrx_word' id='word_1_192' title='bbox 773 2523 829 2569; x_wconf 90' lang='lat' dir='ltr'><strong>et</strong></span> <span class='ocrx_word' id='word_1_193' title='bbox 861 2515 1015 2570; x_wconf 92' lang='lat' dir='ltr'><strong>nobis</strong></span> <span class='ocrx_word' id='word_1_194' title='bbox 1041 2531 1255 2586; x_wconf 88' lang='lat' dir='ltr'><strong>quoque</strong></span> <span class='ocrx_word' id='word_1_195' title='bbox 1278 2516 1411 2571; x_wconf 90' lang='lat' dir='ltr'><strong>lucri</strong></span> <span class='ocrx_word' id='word_1_196' title='bbox 1444 2517 1780 2586; x_wconf 89' lang='lat' dir='ltr'><strong>potissimum</strong></span> <span class='ocrx_word' id='word_1_197' title='bbox 1809 2519 2087 2589; x_wconf 70' lang='lat' dir='ltr'><strong>prazmium</strong></span> 
     </span>
    </p>
   </div>
   <div class='ocr_carea' id='block_1_28' title="bbox 506 2601 2089 2678">
    <p class='ocr_par' dir='ltr' id='par_1_28' title="bbox 506 2601 2089 2678">
     <span class='ocr_line' id='line_1_28' title="bbox 506 2601 2089 2678; baseline 0.004 -23"><span class='ocrx_word' id='word_1_198' title='bbox 506 2617 537 2655; x_wconf 88' lang='lat' dir='ltr'><strong>a</strong></span> <span class='ocrx_word' id='word_1_199' title='bbox 572 2601 865 2659; x_wconf 88' lang='lat' dir='ltr'><strong>Conditore</strong></span> <span class='ocrx_word' id='word_1_200' title='bbox 891 2605 1132 2659; x_wconf 91' lang='lat' dir='ltr'><strong>omnium</strong></span> <span class='ocrx_word' id='word_1_201' title='bbox 1165 2605 1275 2659; x_wconf 84' lang='lat' dir='ltr'><strong>Deo</strong></span> <span class='ocrx_word' id='word_1_202' title='bbox 1322 2605 1375 2659; x_wconf 93' lang='lat' dir='ltr'><strong>in</strong></span> <span class='ocrx_word' id='word_1_203' title='bbox 1425 2606 1653 2661; x_wconf 89' lang='lat' dir='ltr'><strong>sidereis</strong></span> <span class='ocrx_word' id='word_1_204' title='bbox 1692 2608 1909 2662; x_wconf 86' lang='lat' dir='ltr'><strong>arcibus</strong></span> <span class='ocrx_word' id='word_1_205' title='bbox 1949 2621 2089 2678; x_wconf 63' lang='lat' dir='ltr'><strong>prae-</strong></span> 
     </span>
    </p>
   </div>
   <div class='ocr_carea' id='block_1_29' title="bbox 505 2693 2091 2767">
    <p class='ocr_par' dir='ltr' id='par_1_29' title="bbox 505 2693 2091 2767">
     <span class='ocr_line' id='line_1_29' title="bbox 505 2693 2091 2767; baseline 0.004 -20"><span class='ocrx_word' id='word_1_206' title='bbox 505 2693 797 2747; x_wconf 87' lang='lat' dir='ltr'><strong>scribatur.</strong></span> <span class='ocrx_word' id='word_1_207' title='bbox 833 2693 998 2763; x_wconf 91' lang='lat' dir='ltr'><strong>Igitur</strong></span> <span class='ocrx_word' id='word_1_208' title='bbox 1024 2696 1151 2764; x_wconf 87' lang='lat' dir='ltr'><strong>quia</strong></span> <span class='ocrx_word' id='word_1_209' title='bbox 1181 2696 1493 2766; x_wconf 85' lang='lat' dir='ltr'><strong>postulastis</strong></span> <span class='ocrx_word' id='word_1_210' title='bbox 1526 2715 1555 2751; x_wconf 93' lang='lat' dir='ltr'><strong>a</strong></span> <span class='ocrx_word' id='word_1_211' title='bbox 1615 2698 1773 2753; x_wconf 89' lang='lat' dir='ltr'><strong>nobis</strong></span> <span class='ocrx_word' id='word_1_212' title='bbox 1823 2707 2091 2767; x_wconf 87' lang='lat' dir='ltr'><strong>quatenus</strong></span> 
     </span>
    </p>
   </div>
   <div class='ocr_carea' id='block_1_30' title="bbox 502 2781 2093 2855">
    <p class='ocr_par' dir='ltr' id='par_1_30' title="bbox 502 2781 2093 2855">
     <span class='ocr_line' id='line_1_30' title="bbox 502 2781 2093 2855; baseline 0.004 -19"><span class='ocrx_word' id='word_1_213' title='bbox 502 2781 952 2838; x_wconf 86' lang='lat' dir='ltr'><strong>conﬁrmaremus</strong></span> <span class='ocrx_word' id='word_1_214' title='bbox 1008 2792 1064 2839; x_wconf 87' lang='lat' dir='ltr'><strong>et</strong></span> <span class='ocrx_word' id='word_1_215' title='bbox 1108 2784 1405 2855; x_wconf 87' lang='lat' dir='ltr'><strong>apostolica</strong></span> <span class='ocrx_word' id='word_1_216' title='bbox 1447 2787 1775 2842; x_wconf 89' lang='lat' dir='ltr'><strong>auctoritate</strong></span> <span class='ocrx_word' id='word_1_217' title='bbox 1828 2788 2093 2843; x_wconf 84' lang='lat' dir='ltr'><strong>corrobo-</strong></span> 
     </span>
    </p>
   </div>
   <div class='ocr_carea' id='block_1_31' title="bbox 504 2876 2092 2948">
    <p class='ocr_par' dir='ltr' id='par_1_31' title="bbox 504 2876 2092 2948">
     <span class='ocr_line' id='line_1_31' title="bbox 504 2876 2092 2948; baseline 0.003 -19"><span class='ocrx_word' id='word_1_218' title='bbox 504 2889 753 2930; x_wconf 86' lang='lat' dir='ltr'><strong>rarcmus</strong></span> <span class='ocrx_word' id='word_1_219' title='bbox 810 2884 913 2931; x_wconf 66' lang='lat' dir='ltr'><strong>tua:</strong></span> <span class='ocrx_word' id='word_1_220' title='bbox 935 2876 1190 2932; x_wconf 82' lang='lat' dir='ltr'><strong>Ecclesiae</strong></span> <span class='ocrx_word' id='word_1_221' title='bbox 1219 2878 1424 2948; x_wconf 84' lang='lat' dir='ltr'><strong>tibique</strong></span> <span class='ocrx_word' id='word_1_222' title='bbox 1447 2887 1504 2933; x_wconf 93' lang='lat' dir='ltr'><strong>et</strong></span> <span class='ocrx_word' id='word_1_223' title='bbox 1527 2880 1939 2935; x_wconf 85' lang='lat' dir='ltr'><strong>successoribus</strong></span> <span class='ocrx_word' id='word_1_224' title='bbox 1987 2879 2092 2934; x_wconf 91' lang='lat' dir='ltr'><strong>tuis</strong></span> 
     </span>
    </p>
   </div>
   <div class='ocr_carea' id='block_1_32' title="bbox 501 2969 2090 3040">
    <p class='ocr_par' dir='ltr' id='par_1_32' title="bbox 501 2969 2090 3040">
     <span class='ocr_line' id='line_1_32' title="bbox 501 2969 2090 3040; baseline 0.002 -20"><span class='ocrx_word' id='word_1_225' title='bbox 501 2981 733 3038; x_wconf 72' lang='lat' dir='ltr'><strong>qumque</strong></span> <span class='ocrx_word' id='word_1_226' title='bbox 783 2982 883 3037; x_wconf 92' lang='lat' dir='ltr'><strong>pro</strong></span> <span class='ocrx_word' id='word_1_227' title='bbox 939 2969 1312 3040; x_wconf 85' lang='lat' dir='ltr'><strong>redemptione</strong></span> <span class='ocrx_word' id='word_1_228' title='bbox 1378 2970 1684 3024; x_wconf 87' lang='lat' dir='ltr'><strong>animarum</strong></span> <span class='ocrx_word' id='word_1_229' title='bbox 1750 2985 1972 3026; x_wconf 89' lang='lat' dir='ltr'><strong>suarum</strong></span> <span class='ocrx_word' id='word_1_230' title='bbox 2021 2971 2090 3024; x_wconf 92' lang='lat' dir='ltr'><strong>ab</strong></span> 
     </span>
    </p>
   </div>
   <div class='ocr_carea' id='block_1_33' title="bbox 514 3048 2087 3131">
    <p class='ocr_par' dir='ltr' id='par_1_33' title="bbox 514 3048 2087 3131">
     <span class='ocr_line' id='line_1_33' title="bbox 514 3048 2087 3131; baseline 0.001 -20"><span class='ocrx_word' id='word_1_231' title='bbox 514 3059 955 3127; x_wconf 85' lang='lat' dir='ltr'><strong>imperatoribus,</strong></span> <span class='ocrx_word' id='word_1_232' title='bbox 1012 3061 1125 3115; x_wconf 90' lang='lat' dir='ltr'><strong>sive</strong></span> <span class='ocrx_word' id='word_1_233' title='bbox 1176 3061 1412 3131; x_wconf 78' lang='lat' dir='ltr'><strong>regibus,</strong></span> <span class='ocrx_word' id='word_1_234' title='bbox 1470 3048 1724 3127; x_wconf 83' lang='lat' dir='ltr'><strong>ducibus,</strong></span> <span class='ocrx_word' id='word_1_235' title='bbox 1780 3060 2087 3122; x_wconf 86' lang='lat' dir='ltr'><strong>comitibus,</strong></span> 
     </span>
    </p>
   </div>
   <div class='ocr_carea' id='block_1_34' title="bbox 507 3148 2091 3220">
    <p class='ocr_par' dir='ltr' id='par_1_34' title="bbox 507 3148 2091 3220">
     <span class='ocr_line' id='line_1_34' title="bbox 507 3148 2091 3220; baseline 0.001 -19"><span class='ocrx_word' id='word_1_236' title='bbox 507 3149 593 3202; x_wconf 81' lang='lat' dir='ltr'><strong>vel</strong></span> <span class='ocrx_word' id='word_1_237' title='bbox 638 3148 706 3203; x_wconf 90' lang='lat' dir='ltr'><strong>ab</strong></span> <span class='ocrx_word' id='word_1_238' title='bbox 738 3149 1243 3220; x_wconf 73' lang='lat' dir='ltr'><strong>omnibus&#39;magnis</strong></span> <span class='ocrx_word' id='word_1_239' title='bbox 1274 3150 1564 3220; x_wconf 85' lang='lat' dir='ltr'><strong>parvisque</strong></span> <span class='ocrx_word' id='word_1_240' title='bbox 1608 3150 1856 3220; x_wconf 79' lang='lat' dir='ltr'><strong>personis</strong></span> <span class='ocrx_word' id='word_1_241' title='bbox 1912 3148 2091 3203; x_wconf 88' lang='lat' dir='ltr'><strong>oblata</strong></span> 
     </span>
    </p>
   </div>
   <div class='ocr_carea' id='block_1_35' title="bbox 507 3239 2094 3309">
    <p class='ocr_par' dir='ltr' id='par_1_35' title="bbox 507 3239 2094 3309">
     <span class='ocr_line' id='line_1_35' title="bbox 507 3239 2094 3309; baseline 0.001 -16"><span class='ocrx_word' id='word_1_242' title='bbox 507 3247 655 3303; x_wconf 87' lang='lat' dir='ltr'><strong>sunt,</strong></span> <span class='ocrx_word' id='word_1_243' title='bbox 701 3239 816 3293; x_wconf 87' lang='lat' dir='ltr'><strong>sive</strong></span> <span class='ocrx_word' id='word_1_244' title='bbox 865 3247 1229 3306; x_wconf 90' lang='lat' dir='ltr'><strong>commutata,</strong></span> <span class='ocrx_word' id='word_1_245' title='bbox 1281 3255 1378 3294; x_wconf 91' lang='lat' dir='ltr'><strong>seu</strong></span> <span class='ocrx_word' id='word_1_246' title='bbox 1428 3241 1607 3295; x_wconf 87' lang='lat' dir='ltr'><strong>omnia</strong></span> <span class='ocrx_word' id='word_1_247' title='bbox 1636 3255 1758 3309; x_wconf 85' lang='lat' dir='ltr'><strong>quae</strong></span> <span class='ocrx_word' id='word_1_248' title='bbox 1798 3248 1856 3295; x_wconf 90' lang='lat' dir='ltr'><strong>tu</strong></span> <span class='ocrx_word' id='word_1_249' title='bbox 1898 3241 2094 3295; x_wconf 92' lang='lat' dir='ltr'><strong>ductus</strong></span> 
     </span>
    </p>
   </div>
   <div class='ocr_carea' id='block_1_36' title="bbox 509 3330 2091 3402">
    <p class='ocr_par' dir='ltr' id='par_1_36' title="bbox 509 3330 2091 3402">
     <span class='ocr_line' id='line_1_36' title="bbox 509 3330 2091 3402; baseline 0.002 -18"><span class='ocrx_word' id='word_1_250' title='bbox 509 3331 697 3385; x_wconf 86' lang='lat' dir='ltr'><strong>amore</strong></span> <span class='ocrx_word' id='word_1_251' title='bbox 757 3331 851 3386; x_wconf 92' lang='lat' dir='ltr'><strong>Dei</strong></span> <span class='ocrx_word' id='word_1_252' title='bbox 899 3330 966 3386; x_wconf 91' lang='lat' dir='ltr'><strong>de</strong></span> <span class='ocrx_word' id='word_1_253' title='bbox 1007 3333 1243 3402; x_wconf 89' lang='lat' dir='ltr'><strong>propriis</strong></span> <span class='ocrx_word' id='word_1_254' title='bbox 1297 3334 1405 3387; x_wconf 86' lang='lat' dir='ltr'><strong>tuis</strong></span> <span class='ocrx_word' id='word_1_255' title='bbox 1454 3332 1864 3388; x_wconf 65' lang='lat' dir='ltr'><strong>haereditatibus</strong></span> <span class='ocrx_word' id='word_1_256' title='bbox 1913 3333 2091 3387; x_wconf 90' lang='lat' dir='ltr'><strong>eidem</strong></span> 
     </span>
    </p>
   </div>
   <div class='ocr_carea' id='block_1_37' title="bbox 508 3422 2087 3496">
    <p class='ocr_par' dir='ltr' id='par_1_37' title="bbox 508 3422 2087 3496">
     <span class='ocr_line' id='line_1_37' title="bbox 508 3422 2087 3496; baseline 0.002 -20"><span class='ocrx_word' id='word_1_257' title='bbox 508 3422 806 3478; x_wconf 80' lang='lat' dir='ltr'><strong>venerabili</strong></span> <span class='ocrx_word' id='word_1_258' title='bbox 871 3438 1084 3493; x_wconf 83' lang='lat' dir='ltr'><strong>sponsae</strong></span> <span class='ocrx_word' id='word_1_259' title='bbox 1141 3433 1245 3480; x_wconf 77' lang='lat' dir='ltr'><strong>tua:</strong></span> <span class='ocrx_word' id='word_1_260' title='bbox 1319 3424 1597 3481; x_wconf 90' lang='lat' dir='ltr'><strong>contulisti</strong></span> <span class='ocrx_word' id='word_1_261' title='bbox 1668 3424 2087 3496; x_wconf 88' lang='lat' dir='ltr'><strong>perpetualiter;</strong></span> 
     </span>
    </p>
   </div>
   <div class='ocr_carea' id='block_1_38' title="bbox 508 3514 2091 3586">
    <p class='ocr_par' dir='ltr' id='par_1_38' title="bbox 508 3514 2091 3586">
     <span class='ocr_line' id='line_1_38' title="bbox 508 3514 2091 3586; baseline -0.001 -17"><span class='ocrx_word' id='word_1_262' title='bbox 508 3514 752 3569; x_wconf 88' lang='lat' dir='ltr'><strong>inclinati</strong></span> <span class='ocrx_word' id='word_1_263' title='bbox 785 3515 1037 3585; x_wconf 90' lang='lat' dir='ltr'><strong>precibus</strong></span> <span class='ocrx_word' id='word_1_264' title='bbox 1066 3516 1189 3579; x_wconf 89' lang='lat' dir='ltr'><strong>tuis.</strong></span> <span class='ocrx_word' id='word_1_265' title='bbox 1235 3531 1333 3586; x_wconf 90' lang='lat' dir='ltr'><strong>per</strong></span> <span class='ocrx_word' id='word_1_266' title='bbox 1381 3515 1540 3584; x_wconf 83' lang='lat' dir='ltr'><strong>hujus</strong></span> <span class='ocrx_word' id='word_1_267' title='bbox 1585 3516 1851 3586; x_wconf 78' lang='lat' dir='ltr'><strong>privilegii</strong></span> <span class='ocrx_word' id='word_1_268' title='bbox 1894 3517 2091 3571; x_wconf 87' lang='lat' dir='ltr'><strong>seriem</strong></span> 
     </span>
    </p>
   </div>
   <div class='ocr_carea' id='block_1_39' title="bbox 478 3606 2091 3678">
    <p class='ocr_par' dir='ltr' id='par_1_39' title="bbox 478 3606 2091 3678">
     <span class='ocr_line' id='line_1_39' title="bbox 478 3606 2091 3678; baseline 0 -17"><span class='ocrx_word' id='word_1_269' title='bbox 478 3634 483 3645; x_wconf 68' lang='grc' dir='ltr'><strong>ε</strong></span> <span class='ocrx_word' id='word_1_270' title='bbox 509 3606 898 3663; x_wconf 90' lang='lat' dir='ltr'><strong>conﬁrmamus</strong></span> <span class='ocrx_word' id='word_1_271' title='bbox 918 3615 973 3663; x_wconf 92' lang='lat' dir='ltr'><strong>et</strong></span> <span class='ocrx_word' id='word_1_272' title='bbox 993 3609 1414 3664; x_wconf 90' lang='lat' dir='ltr'><strong>corroboramus</strong></span> <span class='ocrx_word' id='word_1_273' title='bbox 1442 3609 1696 3664; x_wconf 64' lang='lat' dir='ltr'><strong>Ecclesia:</strong></span> <span class='ocrx_word' id='word_1_274' title='bbox 1722 3618 1844 3674; x_wconf 84' lang='lat' dir='ltr'><strong>tuae,</strong></span> <span class='ocrx_word' id='word_1_275' title='bbox 1873 3609 2091 3678; x_wconf 85' lang='lat' dir='ltr'><strong>tuisque</strong></span> 
     </span>
    </p>
   </div>
   <div class='ocr_carea' id='block_1_40' title="bbox 508 3696 2094 3769">
    <p class='ocr_par' dir='ltr' id='par_1_40' title="bbox 508 3696 2094 3769">
     <span class='ocr_line' id='line_1_40' title="bbox 508 3696 2094 3769; baseline 0 -18"><span class='ocrx_word' id='word_1_276' title='bbox 508 3698 913 3754; x_wconf 88' lang='lat' dir='ltr'><strong>successoribus</strong></span> <span class='ocrx_word' id='word_1_277' title='bbox 947 3699 998 3753; x_wconf 93' lang='lat' dir='ltr'><strong>iu</strong></span> <span class='ocrx_word' id='word_1_278' title='bbox 1031 3710 1376 3769; x_wconf 89' lang='lat' dir='ltr'><strong>perpetuum,</strong></span> <span class='ocrx_word' id='word_1_279' title='bbox 1410 3699 1592 3755; x_wconf 88' lang='lat' dir='ltr'><strong>omnia</strong></span> <span class='ocrx_word' id='word_1_280' title='bbox 1618 3700 1817 3768; x_wconf 63' lang='lat' dir='ltr'><strong>praedia</strong></span> <span class='ocrx_word' id='word_1_281' title='bbox 1845 3697 1987 3752; x_wconf 88' lang='lat' dir='ltr'><strong>culta</strong></span> <span class='ocrx_word' id='word_1_282' title='bbox 2009 3696 2094 3751; x_wconf 91' lang='lat' dir='ltr'><strong>vel</strong></span> 
     </span>
    </p>
   </div>
   <div class='ocr_carea' id='block_1_41' title="bbox 507 3790 2095 3860">
    <p class='ocr_par' dir='ltr' id='par_1_41' title="bbox 507 3790 2095 3860">
     <span class='ocr_line' id='line_1_41' title="bbox 507 3790 2095 3860; baseline -0.001 -15"><span class='ocrx_word' id='word_1_283' title='bbox 507 3790 735 3854; x_wconf 88' lang='lat' dir='ltr'><strong>inculta,</strong></span> <span class='ocrx_word' id='word_1_284' title='bbox 791 3805 893 3846; x_wconf 91' lang='lat' dir='ltr'><strong>nec</strong></span> <span class='ocrx_word' id='word_1_285' title='bbox 938 3806 1041 3846; x_wconf 88' lang='lat' dir='ltr'><strong>non</strong></span> <span class='ocrx_word' id='word_1_286' title='bbox 1093 3792 1275 3847; x_wconf 89' lang='lat' dir='ltr'><strong>omnia</strong></span> <span class='ocrx_word' id='word_1_287' title='bbox 1322 3807 1442 3860; x_wconf 71' lang='lat' dir='ltr'><strong>qua:</strong></span> <span class='ocrx_word' id='word_1_288' title='bbox 1497 3791 1545 3845; x_wconf 91' lang='lat' dir='ltr'><strong>ei</strong></span> <span class='ocrx_word' id='word_1_289' title='bbox 1600 3806 1697 3860; x_wconf 93' lang='lat' dir='ltr'><strong>pro</strong></span> <span class='ocrx_word' id='word_1_290' title='bbox 1730 3790 2095 3858; x_wconf 86' lang='lat' dir='ltr'><strong>redemptione</strong></span> 
     </span>
    </p>
   </div>
   <div class='ocr_carea' id='block_1_42' title="bbox 512 3880 2095 3950">
    <p class='ocr_par' dir='ltr' id='par_1_42' title="bbox 512 3880 2095 3950">
     <span class='ocr_line' id='line_1_42' title="bbox 512 3880 2095 3950; baseline 0 -18"><span class='ocrx_word' id='word_1_291' title='bbox 512 3880 817 3933; x_wconf 86' lang='lat' dir='ltr'><strong>animarum</strong></span> <span class='ocrx_word' id='word_1_292' title='bbox 872 3895 1094 3934; x_wconf 89' lang='lat' dir='ltr'><strong>suarum</strong></span> <span class='ocrx_word' id='word_1_293' title='bbox 1151 3880 1217 3935; x_wconf 88' lang='lat' dir='ltr'><strong>ab</strong></span> <span class='ocrx_word' id='word_1_294' title='bbox 1280 3880 1698 3950; x_wconf 83' lang='lat' dir='ltr'><strong>imperatoribus</strong></span> <span class='ocrx_word' id='word_1_295' title='bbox 1757 3880 2095 3947; x_wconf 80' lang='lat' dir='ltr'><strong>maximeque</strong></span> 
     </span>
    </p>
   </div>
   <div class='ocr_carea' id='block_1_43' title="bbox 510 3966 2095 4037">
    <p class='ocr_par' dir='ltr' id='par_1_43' title="bbox 510 3966 2095 4037">
     <span class='ocr_line' id='line_1_43' title="bbox 510 3966 2095 4037; baseline -0.001 -14"><span class='ocrx_word' id='word_1_296' title='bbox 510 3987 541 4023; x_wconf 89' lang='lat' dir='ltr'><strong>a</strong></span> <span class='ocrx_word' id='word_1_297' title='bbox 588 3969 1050 4026; x_wconf 88' lang='lat' dir='ltr'><strong>Cbristianissimo</strong></span> <span class='ocrx_word' id='word_1_298' title='bbox 1087 3979 1143 4026; x_wconf 93' lang='lat' dir='ltr'><strong>et</strong></span> <span class='ocrx_word' id='word_1_299' title='bbox 1180 3968 1525 4026; x_wconf 81' lang='lat' dir='ltr'><strong>serenissima</strong></span> <span class='ocrx_word' id='word_1_300' title='bbox 1585 3968 1909 4037; x_wconf 85' lang='lat' dir='ltr'><strong>imperatore</strong></span> <span class='ocrx_word' id='word_1_301' title='bbox 1950 3966 2095 4021; x_wconf 85' lang='lat' dir='ltr'><strong>Hen-</strong></span> 
     </span>
    </p>
   </div>
   <div class='ocr_carea' id='block_1_44' title="bbox 509 4058 2097 4127">
    <p class='ocr_par' dir='ltr' id='par_1_44' title="bbox 509 4058 2097 4127">
     <span class='ocr_line' id='line_1_44' title="bbox 509 4058 2097 4127; baseline -0.002 -10"><span class='ocrx_word' id='word_1_302' title='bbox 509 4062 624 4118; x_wconf 87' lang='lat' dir='ltr'><strong>rico</strong></span> <span class='ocrx_word' id='word_1_303' title='bbox 680 4062 859 4117; x_wconf 89' lang='lat' dir='ltr'><strong>oblata</strong></span> <span class='ocrx_word' id='word_1_304' title='bbox 909 4070 1069 4127; x_wconf 86' lang='lat' dir='ltr'><strong>sunt,</strong></span> <span class='ocrx_word' id='word_1_305' title='bbox 1127 4063 1241 4117; x_wconf 88' lang='lat' dir='ltr'><strong>sive</strong></span> <span class='ocrx_word' id='word_1_306' title='bbox 1294 4063 1349 4117; x_wconf 91' lang='lat' dir='ltr'><strong>in</strong></span> <span class='ocrx_word' id='word_1_307' title='bbox 1396 4058 1775 4125; x_wconf 86' lang='lat' dir='ltr'><strong>comitatibus,</strong></span> <span class='ocrx_word' id='word_1_308' title='bbox 1836 4074 1929 4115; x_wconf 90' lang='lat' dir='ltr'><strong>seu</strong></span> <span class='ocrx_word' id='word_1_309' title='bbox 1976 4059 2097 4115; x_wconf 87' lang='lat' dir='ltr'><strong>ubi-</strong></span> 
     </span>
    </p>
   </div>
   <div class='ocr_carea' id='block_1_45' title="bbox 512 4152 2095 4226">
    <p class='ocr_par' dir='ltr' id='par_1_45' title="bbox 512 4152 2095 4226">
     <span class='ocr_line' id='line_1_45' title="bbox 512 4152 2095 4226; baseline -0.003 -15"><span class='ocrx_word' id='word_1_310' title='bbox 512 4171 725 4226; x_wconf 86' lang='lat' dir='ltr'><strong>cunque</strong></span> <span class='ocrx_word' id='word_1_311' title='bbox 768 4155 1005 4223; x_wconf 83' lang='lat' dir='ltr'><strong>fuerint,</strong></span> <span class='ocrx_word' id='word_1_312' title='bbox 1053 4168 1155 4211; x_wconf 91' lang='lat' dir='ltr'><strong>nec</strong></span> <span class='ocrx_word' id='word_1_313' title='bbox 1197 4170 1306 4212; x_wconf 91' lang='lat' dir='ltr'><strong>non</strong></span> <span class='ocrx_word' id='word_1_314' title='bbox 1351 4156 1531 4211; x_wconf 89' lang='lat' dir='ltr'><strong>omnia</strong></span> <span class='ocrx_word' id='word_1_315' title='bbox 1585 4168 1705 4223; x_wconf 71' lang='lat' dir='ltr'><strong>qua:</strong></span> <span class='ocrx_word' id='word_1_316' title='bbox 1751 4168 1780 4207; x_wconf 87' lang='lat' dir='ltr'><strong>a</strong></span> <span class='ocrx_word' id='word_1_317' title='bbox 1832 4152 2050 4223; x_wconf 85' lang='lat' dir='ltr'><strong>regibus</strong></span> <span class='ocrx_word' id='word_1_318' title='bbox 2080 4192 2095 4219; x_wconf 94' lang='lat'><strong>,</strong></span> 
     </span>
    </p>
   </div>
   <div class='ocr_carea' id='block_1_46' title="bbox 513 4244 2097 4319">
    <p class='ocr_par' dir='ltr' id='par_1_46' title="bbox 513 4244 2097 4319">
     <span class='ocr_line' id='line_1_46' title="bbox 513 4244 2097 4319; baseline -0.003 -16"><span class='ocrx_word' id='word_1_319' title='bbox 513 4250 782 4317; x_wconf 87' lang='lat' dir='ltr'><strong>ducibus,</strong></span> <span class='ocrx_word' id='word_1_320' title='bbox 838 4251 1158 4315; x_wconf 90' lang='lat' dir='ltr'><strong>comitibus,</strong></span> <span class='ocrx_word' id='word_1_321' title='bbox 1223 4248 1432 4319; x_wconf 85' lang='lat' dir='ltr'><strong>magnis</strong></span> <span class='ocrx_word' id='word_1_322' title='bbox 1503 4248 1788 4318; x_wconf 87' lang='lat' dir='ltr'><strong>parvisque</strong></span> <span class='ocrx_word' id='word_1_323' title='bbox 1851 4244 2097 4316; x_wconf 87' lang='lat' dir='ltr'><strong>personis</strong></span> 
     </span>
    </p>
   </div>
   <div class='ocr_carea' id='block_1_47' title="bbox 512 4332 2095 4406">
    <p class='ocr_par' dir='ltr' id='par_1_47' title="bbox 512 4332 2095 4406">
     <span class='ocr_line' id='line_1_47' title="bbox 512 4332 2095 4406; baseline -0.003 -16"><span class='ocrx_word' id='word_1_324' title='bbox 512 4337 780 4406; x_wconf 76' lang='lat' dir='ltr'><strong>jamdicta:</strong></span> <span class='ocrx_word' id='word_1_325' title='bbox 837 4338 1095 4394; x_wconf 69' lang='lat' dir='ltr'><strong>Ecclesiae</strong></span> <span class='ocrx_word' id='word_1_326' title='bbox 1155 4338 1333 4393; x_wconf 88' lang='lat' dir='ltr'><strong>oblata</strong></span> <span class='ocrx_word' id='word_1_327' title='bbox 1388 4345 1533 4391; x_wconf 89' lang='lat' dir='ltr'><strong>sunt.</strong></span> <span class='ocrx_word' id='word_1_328' title='bbox 1594 4334 1875 4404; x_wconf 90' lang='lat' dir='ltr'><strong>Similique</strong></span> <span class='ocrx_word' id='word_1_329' title='bbox 1935 4332 2095 4388; x_wconf 91' lang='lat' dir='ltr'><strong>modo</strong></span> 
     </span>
    </p>
   </div>
   <div class='ocr_carea' id='block_1_48' title="bbox 516 4426 2096 4498">
    <p class='ocr_par' dir='ltr' id='par_1_48' title="bbox 516 4426 2096 4498">
     <span class='ocr_line' id='line_1_48' title="bbox 516 4426 2096 4498; baseline -0.004 -14"><span class='ocrx_word' id='word_1_330' title='bbox 516 4430 903 4484; x_wconf 88' lang='lat' dir='ltr'><strong>conﬁrmamus</strong></span> <span class='ocrx_word' id='word_1_331' title='bbox 969 4444 1030 4484; x_wconf 92' lang='lat' dir='ltr'><strong>ea</strong></span> <span class='ocrx_word' id='word_1_332' title='bbox 1074 4430 1277 4484; x_wconf 83' lang='lat' dir='ltr'><strong>omnia</strong></span> <span class='ocrx_word' id='word_1_333' title='bbox 1312 4428 1427 4482; x_wconf 88' lang='lat' dir='ltr'><strong>loca</strong></span> <span class='ocrx_word' id='word_1_334' title='bbox 1458 4442 1577 4498; x_wconf 71' lang='lat' dir='ltr'><strong>qua:</strong></span> <span class='ocrx_word' id='word_1_335' title='bbox 1610 4434 1666 4479; x_wconf 91' lang='lat' dir='ltr'><strong>tu</strong></span> <span class='ocrx_word' id='word_1_336' title='bbox 1721 4426 1833 4495; x_wconf 90' lang='lat' dir='ltr'><strong>ipse</strong></span> <span class='ocrx_word' id='word_1_337' title='bbox 1881 4439 1980 4494; x_wconf 88' lang='lat' dir='ltr'><strong>pro</strong></span> <span class='ocrx_word' id='word_1_338' title='bbox 2010 4438 2096 4477; x_wconf 90' lang='lat' dir='ltr'><strong>re-</strong></span> 
     </span>
    </p>
   </div>
   <div class='ocr_carea' id='block_1_49' title="bbox 512 4516 2093 4591">
    <p class='ocr_par' dir='ltr' id='par_1_49' title="bbox 512 4516 2093 4591">
     <span class='ocr_line' id='line_1_49' title="bbox 512 4516 2093 4591; baseline -0.004 -15"><span class='ocrx_word' id='word_1_339' title='bbox 512 4522 821 4591; x_wconf 87' lang='lat' dir='ltr'><strong>demptione</strong></span> <span class='ocrx_word' id='word_1_340' title='bbox 888 4521 1082 4575; x_wconf 78' lang='lat' dir='ltr'><strong>anima:</strong></span> <span class='ocrx_word' id='word_1_341' title='bbox 1142 4530 1246 4576; x_wconf 69' lang='lat' dir='ltr'><strong>tuae</strong></span> <span class='ocrx_word' id='word_1_342' title='bbox 1290 4531 1340 4574; x_wconf 91' lang='lat' dir='ltr'><strong>et</strong></span> <span class='ocrx_word' id='word_1_343' title='bbox 1390 4527 1672 4588; x_wconf 88' lang='lat' dir='ltr'><strong>parentum</strong></span> <span class='ocrx_word' id='word_1_344' title='bbox 1734 4527 1946 4573; x_wconf 90' lang='lat' dir='ltr'><strong>tuorum</strong></span> <span class='ocrx_word' id='word_1_345' title='bbox 1984 4516 2093 4587; x_wconf 90' lang='lat' dir='ltr'><strong>jam</strong></span> 
     </span>
    </p>
   </div>
   <div class='ocr_carea' id='block_1_50' title="bbox 514 4609 2093 4684">
    <p class='ocr_par' dir='ltr' id='par_1_50' title="bbox 514 4609 2093 4684">
     <span class='ocr_line' id='line_1_50' title="bbox 514 4609 2093 4684; baseline -0.004 -15"><span class='ocrx_word' id='word_1_346' title='bbox 514 4616 673 4670; x_wconf 67' lang='lat' dir='ltr'><strong>dictae</strong></span> <span class='ocrx_word' id='word_1_347' title='bbox 721 4623 828 4670; x_wconf 73' lang='lat' dir='ltr'><strong>tua:</strong></span> <span class='ocrx_word' id='word_1_348' title='bbox 872 4628 1084 4684; x_wconf 72' lang='lat' dir='ltr'><strong>sponsa:</strong></span> <span class='ocrx_word' id='word_1_349' title='bbox 1122 4613 1188 4668; x_wconf 89' lang='lat' dir='ltr'><strong>de</strong></span> <span class='ocrx_word' id='word_1_350' title='bbox 1235 4611 1469 4683; x_wconf 91' lang='lat' dir='ltr'><strong>propriis</strong></span> <span class='ocrx_word' id='word_1_351' title='bbox 1510 4609 1919 4664; x_wconf 63' lang='lat' dir='ltr'><strong>biereditatibus</strong></span> <span class='ocrx_word' id='word_1_352' title='bbox 1961 4624 2093 4663; x_wconf 91' lang='lat' dir='ltr'><strong>con-</strong></span> 
     </span>
    </p>
   </div>
   <div class='ocr_carea' id='block_1_51' title="bbox 516 4703 2093 4773">
    <p class='ocr_par' dir='ltr' id='par_1_51' title="bbox 516 4703 2093 4773">
     <span class='ocr_line' id='line_1_51' title="bbox 516 4703 2093 4773; baseline -0.005 -12"><span class='ocrx_word' id='word_1_353' title='bbox 516 4708 714 4773; x_wconf 88' lang='lat' dir='ltr'><strong>tulisti;</strong></span> <span class='ocrx_word' id='word_1_354' title='bbox 765 4721 866 4762; x_wconf 91' lang='lat' dir='ltr'><strong>nec</strong></span> <span class='ocrx_word' id='word_1_355' title='bbox 911 4722 1017 4761; x_wconf 92' lang='lat' dir='ltr'><strong>non</strong></span> <span class='ocrx_word' id='word_1_356' title='bbox 1049 4721 1112 4760; x_wconf 89' lang='lat' dir='ltr'><strong>ca</strong></span> <span class='ocrx_word' id='word_1_357' title='bbox 1158 4719 1275 4773; x_wconf 67' lang='lat' dir='ltr'><strong>qua:</strong></span> <span class='ocrx_word' id='word_1_358' title='bbox 1329 4705 1397 4759; x_wconf 89' lang='lat' dir='ltr'><strong>ab</strong></span> <span class='ocrx_word' id='word_1_359' title='bbox 1439 4703 1707 4771; x_wconf 88' lang='lat' dir='ltr'><strong>aliquibus</strong></span> <span class='ocrx_word' id='word_1_360' title='bbox 1765 4709 2093 4756; x_wconf 85' lang='lat' dir='ltr'><strong>commutata</strong></span> 
     </span>
    </p>
   </div>
   <div class='ocr_carea' id='block_1_52' title="bbox 517 4794 2099 4869">
    <p class='ocr_par' dir='ltr' id='par_1_52' title="bbox 517 4794 2099 4869">
     <span class='ocr_line' id='line_1_52' title="bbox 517 4794 2099 4869; baseline -0.004 -16"><span class='ocrx_word' id='word_1_361' title='bbox 517 4807 661 4853; x_wconf 87' lang='lat' dir='ltr'><strong>sunt.</strong></span> <span class='ocrx_word' id='word_1_362' title='bbox 717 4797 1029 4854; x_wconf 85' lang='lat' dir='ltr'><strong>Statuentes</strong></span> <span class='ocrx_word' id='word_1_363' title='bbox 1092 4797 1386 4869; x_wconf 84' lang='lat' dir='ltr'><strong>apostolica</strong></span> <span class='ocrx_word' id='word_1_364' title='bbox 1443 4811 1668 4849; x_wconf 88' lang='lat' dir='ltr'><strong>censura</strong></span> <span class='ocrx_word' id='word_1_365' title='bbox 1723 4795 1823 4850; x_wconf 90' lang='lat' dir='ltr'><strong>sub</strong></span> <span class='ocrx_word' id='word_1_366' title='bbox 1874 4794 2099 4848; x_wconf 84' lang='lat' dir='ltr'><strong>anathe-</strong></span> 
     </span>
    </p>
   </div>
   <div class='ocr_carea' id='block_1_53' title="bbox 515 4886 2099 4955">
    <p class='ocr_par' dir='ltr' id='par_1_53' title="bbox 515 4886 2099 4955">
     <span class='ocr_line' id='line_1_53' title="bbox 515 4886 2099 4955; baseline -0.004 -13"><span class='ocrx_word' id='word_1_367' title='bbox 515 4888 675 4942; x_wconf 89' lang='lat' dir='ltr'><strong>matis</strong></span> <span class='ocrx_word' id='word_1_368' title='bbox 703 4887 1097 4953; x_wconf 79' lang='lat' dir='ltr'><strong>interdiCtione,</strong></span> <span class='ocrx_word' id='word_1_369' title='bbox 1146 4897 1206 4941; x_wconf 91' lang='lat' dir='ltr'><strong>ut</strong></span> <span class='ocrx_word' id='word_1_370' title='bbox 1247 4886 1375 4941; x_wconf 89' lang='lat' dir='ltr'><strong>nulli</strong></span> <span class='ocrx_word' id='word_1_371' title='bbox 1422 4900 1658 4955; x_wconf 89' lang='lat' dir='ltr'><strong>unquam</strong></span> <span class='ocrx_word' id='word_1_372' title='bbox 1713 4899 1918 4954; x_wconf 67' lang='lat' dir='ltr'><strong>magna:</strong></span> <span class='ocrx_word' id='word_1_373' title='bbox 1974 4898 2099 4953; x_wconf 87' lang='lat' dir='ltr'><strong>par-</strong></span> 
     </span>
    </p>
   </div>
   <div class='ocr_carea' id='block_1_54' title="bbox 518 4980 2098 5051">
    <p class='ocr_par' dir='ltr' id='par_1_54' title="bbox 518 4980 2098 5051">
     <span class='ocr_line' id='line_1_54' title="bbox 518 4980 2098 5051; baseline -0.001 -20"><span class='ocrx_word' id='word_1_374' title='bbox 518 4994 704 5049; x_wconf 75' lang='lat' dir='ltr'><strong>vznque</strong></span> <span class='ocrx_word' id='word_1_375' title='bbox 761 4996 1007 5051; x_wconf 84' lang='lat' dir='ltr'><strong>personae</strong></span> <span class='ocrx_word' id='word_1_376' title='bbox 1060 4980 1223 5035; x_wconf 82' lang='lat' dir='ltr'><strong>liceat</strong></span> <span class='ocrx_word' id='word_1_377' title='bbox 1275 4990 1462 5035; x_wconf 91' lang='lat' dir='ltr'><strong>contra</strong></span> <span class='ocrx_word' id='word_1_378' title='bbox 1515 4981 1617 5034; x_wconf 86' lang='lat' dir='ltr'><strong>hoc</strong></span> <span class='ocrx_word' id='word_1_379' title='bbox 1659 4988 1903 5033; x_wconf 84' lang='lat' dir='ltr'><strong>nostrum</strong></span> <span class='ocrx_word' id='word_1_380' title='bbox 1969 4991 2098 5044; x_wconf 89' lang='lat' dir='ltr'><strong>apo-</strong></span> 
     </span>
    </p>
   </div>
   <div class='ocr_carea' id='block_1_55' title="bbox 521 5066 2097 5141">
    <p class='ocr_par' dir='ltr' id='par_1_55' title="bbox 521 5066 2097 5141">
     <span class='ocr_line' id='line_1_55' title="bbox 521 5066 2097 5141; baseline -0.004 -16"><span class='ocrx_word' id='word_1_381' title='bbox 521 5070 771 5125; x_wconf 81' lang='lat' dir='ltr'><strong>5tolicum</strong></span> <span class='ocrx_word' id='word_1_382' title='bbox 831 5081 1155 5141; x_wconf 66' lang='lat' dir='ltr'><strong>praiceptum</strong></span> <span class='ocrx_word' id='word_1_383' title='bbox 1223 5070 1504 5139; x_wconf 84' lang='lat' dir='ltr'><strong>insurgere</strong></span> <span class='ocrx_word' id='word_1_384' title='bbox 1548 5072 1632 5123; x_wconf 83' lang='lat' dir='ltr'><strong>vel</strong></span> <span class='ocrx_word' id='word_1_385' title='bbox 1695 5068 1983 5123; x_wconf 89' lang='lat' dir='ltr'><strong>contraire.</strong></span> <span class='ocrx_word' id='word_1_386' title='bbox 2040 5066 2097 5119; x_wconf 89' lang='lat' dir='ltr'><strong>Si</strong></span> 
     </span>
    </p>
   </div>
   <div class='ocr_carea' id='block_1_56' title="bbox 524 5158 2099 5229">
    <p class='ocr_par' dir='ltr' id='par_1_56' title="bbox 524 5158 2099 5229">
     <span class='ocr_line' id='line_1_56' title="bbox 524 5158 2099 5229; baseline -0.003 -18"><span class='ocrx_word' id='word_1_387' title='bbox 524 5160 646 5228; x_wconf 91' lang='lat' dir='ltr'><strong>quis</strong></span> <span class='ocrx_word' id='word_1_388' title='bbox 669 5170 872 5226; x_wconf 90' lang='lat' dir='ltr'><strong>autem,</strong></span> <span class='ocrx_word' id='word_1_389' title='bbox 906 5162 1048 5229; x_wconf 89' lang='lat' dir='ltr'><strong>quod</strong></span> <span class='ocrx_word' id='word_1_390' title='bbox 1072 5176 1177 5222; x_wconf 87' lang='lat' dir='ltr'><strong>non</strong></span> <span class='ocrx_word' id='word_1_391' title='bbox 1202 5168 1471 5228; x_wconf 84' lang='lat' dir='ltr'><strong>optamus,</strong></span> <span class='ocrx_word' id='word_1_392' title='bbox 1505 5158 1793 5213; x_wconf 90' lang='lat' dir='ltr'><strong>temerario</strong></span> <span class='ocrx_word' id='word_1_393' title='bbox 1815 5172 1948 5210; x_wconf 89' lang='lat' dir='ltr'><strong>ausu</strong></span> <span class='ocrx_word' id='word_1_394' title='bbox 1970 5170 2099 5211; x_wconf 89' lang='lat' dir='ltr'><strong>cou-</strong></span> 
     </span>
    </p>
   </div>
   <div class='ocr_carea' id='block_1_57' title="bbox 519 5243 2098 5316">
    <p class='ocr_par' dir='ltr' id='par_1_57' title="bbox 519 5243 2098 5316">
     <span class='ocr_line' id='line_1_57' title="bbox 519 5243 2098 5316; baseline -0.004 -13"><span class='ocrx_word' id='word_1_395' title='bbox 519 5260 601 5303; x_wconf 90' lang='lat' dir='ltr'><strong>tra</strong></span> <span class='ocrx_word' id='word_1_396' title='bbox 640 5250 797 5316; x_wconf 88' lang='lat' dir='ltr'><strong>hujus</strong></span> <span class='ocrx_word' id='word_1_397' title='bbox 822 5243 1021 5307; x_wconf 78' lang='lat' dir='ltr'><strong>nostrae</strong></span> <span class='ocrx_word' id='word_1_398' title='bbox 1045 5251 1419 5316; x_wconf 68' lang='lat' dir='ltr'><strong>pratccptimiis</strong></span> <span class='ocrx_word' id='word_1_399' title='bbox 1450 5250 1759 5316; x_wconf 75' lang='lat' dir='ltr'><strong>apostolica:</strong></span> <span class='ocrx_word' id='word_1_400' title='bbox 1788 5249 1986 5302; x_wconf 86' lang='lat' dir='ltr'><strong>seriem</strong></span> <span class='ocrx_word' id='word_1_401' title='bbox 2013 5247 2098 5313; x_wconf 89' lang='lat' dir='ltr'><strong>pic</strong></span> 
     </span>
    </p>
   </div>
   <div class='ocr_carea' id='block_1_58' title="bbox 2256 967 3771 1043">
    <p class='ocr_par' dir='ltr' id='par_1_58' title="bbox 2256 967 3771 1043">
     <span class='ocr_line' id='line_1_58' title="bbox 2256 967 3771 1043; baseline -0.007 -14"><span class='ocrx_word' id='word_1_402' title='bbox 2256 973 2530 1043; x_wconf 89' lang='lat' dir='ltr'><strong>Scriptum</strong></span> <span class='ocrx_word' id='word_1_403' title='bbox 2560 986 2659 1041; x_wconf 92' lang='lat' dir='ltr'><strong>per</strong></span> <span class='ocrx_word' id='word_1_404' title='bbox 2694 984 2887 1024; x_wconf 90' lang='lat' dir='ltr'><strong>manus</strong></span> <span class='ocrx_word' id='word_1_405' title='bbox 2913 967 3189 1023; x_wconf 89' lang='lat' dir='ltr'><strong>Benedicti</strong></span> <span class='ocrx_word' id='word_1_406' title='bbox 3220 968 3418 1022; x_wconf 90' lang='lat' dir='ltr'><strong>notarii</strong></span> <span class='ocrx_word' id='word_1_407' title='bbox 3450 978 3511 1022; x_wconf 89' lang='lat' dir='ltr'><strong>et</strong></span> <span class='ocrx_word' id='word_1_408' title='bbox 3536 968 3771 1022; x_wconf 83' lang='lat' dir='ltr'><strong>scrinia-</strong></span> 
     </span>
    </p>
   </div>
   <div class='ocr_carea' id='block_1_59' title="bbox 2184 1058 3774 1124">
    <p class='ocr_par' dir='ltr' id='par_1_59' title="bbox 2184 1058 3774 1124">
     <span class='ocr_line' id='line_1_59' title="bbox 2184 1058 3774 1124; baseline -0.006 -2"><span class='ocrx_word' id='word_1_409' title='bbox 2184 1068 2251 1122; x_wconf 91' lang='lat' dir='ltr'><strong>rii</strong></span> <span class='ocrx_word' id='word_1_410' title='bbox 2283 1075 2486 1121; x_wconf 73' lang='lat' dir='ltr'><strong>sanctae</strong></span> <span class='ocrx_word' id='word_1_411' title='bbox 2514 1063 2772 1119; x_wconf 71' lang='lat' dir='ltr'><strong>Romana:</strong></span> <span class='ocrx_word' id='word_1_412' title='bbox 2805 1061 3059 1118; x_wconf 76' lang='lat' dir='ltr'><strong>Ecclesize</strong></span> <span class='ocrx_word' id='word_1_413' title='bbox 3085 1061 3138 1116; x_wconf 95' lang='lat' dir='ltr'><strong>in</strong></span> <span class='ocrx_word' id='word_1_414' title='bbox 3160 1075 3346 1119; x_wconf 88' lang='lat' dir='ltr'><strong>mense</strong></span> <span class='ocrx_word' id='word_1_415' title='bbox 3382 1058 3607 1124; x_wconf 82' lang='lat' dir='ltr'><strong>Martio,</strong></span> <span class='ocrx_word' id='word_1_416' title='bbox 3640 1060 3774 1113; x_wconf 83' lang='lat' dir='ltr'><strong>indi-</strong></span> 
     </span>
    </p>
   </div>
   <div class='ocr_carea' id='block_1_60' title="bbox 2184 1159 2491 1214">
    <p class='ocr_par' dir='ltr' id='par_1_60' title="bbox 2184 1159 2491 1214">
     <span class='ocr_line' id='line_1_60' title="bbox 2184 1159 2491 1214; baseline -0.016 0"><span class='ocrx_word' id='word_1_417' title='bbox 2184 1159 2361 1214; x_wconf 87' lang='lat' dir='ltr'><strong>ctione</strong></span> <span class='ocrx_word' id='word_1_418' title='bbox 2393 1173 2491 1212; x_wconf 79' lang='lat' dir='ltr'><strong>xu.</strong></span> 
     </span>
    </p>
   </div>
   <div class='ocr_carea' id='block_1_61' title="bbox 2204 1247 2617 1333">
    <p class='ocr_par' dir='ltr' id='par_1_61' title="bbox 2204 1247 2617 1333">
     <span class='ocr_line' id='line_1_61' title="bbox 2204 1247 2617 1333; baseline -0.01 -29"><span class='ocrx_word' id='word_1_419' title='bbox 2204 1326 2211 1333; x_wconf 23' lang='grc' dir='ltr'><strong>λ</strong></span> <span class='ocrx_word' id='word_1_420' title='bbox 2252 1248 2397 1304; x_wconf 90' lang='lat' dir='ltr'><strong>Bene</strong></span> <span class='ocrx_word' id='word_1_421' title='bbox 2422 1247 2617 1303; x_wconf 88' lang='lat' dir='ltr'><strong>valete.</strong></span> 
     </span>
    </p>
   </div>
   <div class='ocr_carea' id='block_1_62' title="bbox 2911 1337 3023 1394">
    <p class='ocr_par' dir='ltr' id='par_1_62' title="bbox 2911 1337 3023 1394">
     <span class='ocr_line' id='line_1_62' title="bbox 2911 1337 3023 1394; baseline -0.018 0"><span class='ocrx_word' id='word_1_422' title='bbox 2911 1337 3023 1394; x_wconf 75' lang='lat' dir='ltr'><strong>XII.</strong></span> 
     </span>
    </p>
   </div>
   <div class='ocr_carea' id='block_1_63' title="bbox 2182 1447 3781 1519">
    <p class='ocr_par' dir='ltr' id='par_1_63' title="bbox 2182 1447 3781 1519">
     <span class='ocr_line' id='line_1_63' title="bbox 2182 1447 3781 1519; baseline -0.001 -16"><span class='ocrx_word' id='word_1_423' title='bbox 2182 1448 2493 1504; x_wconf 78' lang='lat' dir='ltr'><strong>Benedictus</strong></span> <span class='ocrx_word' id='word_1_424' title='bbox 2519 1466 2655 1519; x_wconf 77' lang='lat' dir='ltr'><strong>papa</strong></span> <span class='ocrx_word' id='word_1_425' title='bbox 2708 1448 2852 1503; x_wconf 82' lang='lat' dir='ltr'><strong>VIII</strong></span> <span class='ocrx_word' id='word_1_426' title='bbox 2880 1447 3577 1519; x_wconf 9' lang='lat' dir='ltr'><strong>castellumgBuccinianum</strong></span> <span class='ocrx_word' id='word_1_427' title='bbox 3610 1460 3781 1516; x_wconf 69' lang='grc' dir='ltr'><strong>παρα</strong></span> 
     </span>
    </p>
   </div>
   <div class='ocr_carea' id='block_1_64' title="bbox 2221 1517 3739 1591">
    <p class='ocr_par' dir='ltr' id='par_1_64' title="bbox 2221 1517 3739 1591">
     <span class='ocr_line' id='line_1_64' title="bbox 2221 1517 3739 1591; baseline -0.002 -17"><span class='ocrx_word' id='word_1_428' title='bbox 2221 1532 2254 1574; x_wconf 78' lang='grc' dir='ltr'>α</span> <span class='ocrx_word' id='word_1_429' title='bbox 2282 1536 2337 1574; x_wconf 76' lang='lat' dir='ltr'><strong>se</strong></span> <span class='ocrx_word' id='word_1_430' title='bbox 2374 1517 2739 1591; x_wconf 78' lang='lat' dir='ltr'><strong>recuperatum</strong></span> <span class='ocrx_word' id='word_1_431' title='bbox 2789 1522 3107 1574; x_wconf 71' lang='lat' dir='ltr'><strong>monasterio</strong></span> <span class='ocrx_word' id='word_1_432' title='bbox 3135 1517 3386 1589; x_wconf 62' lang='grc' dir='ltr'><strong>παι-[εηεὶ</strong></span> <span class='ocrx_word' id='word_1_433' title='bbox 3429 1518 3739 1586; x_wconf 78' lang='lat' dir='ltr'><strong>conﬁrmat.</strong></span> 
     </span>
    </p>
   </div>
   <div class='ocr_carea' id='block_1_65' title="bbox 2783 1609 3479 1688">
    <p class='ocr_par' dir='ltr' id='par_1_65' title="bbox 2783 1609 3479 1688">
     <span class='ocr_line' id='line_1_65' title="bbox 2783 1609 3479 1688; baseline -0.004 -23"><span class='ocrx_word' id='word_1_434' title='bbox 2783 1609 2964 1681; x_wconf 81' lang='lat' dir='ltr'><strong>(Anno</strong></span> <span class='ocrx_word' id='word_1_435' title='bbox 2995 1609 3174 1680; x_wconf 71' lang='lat' dir='ltr'><strong>10M).</strong></span> <span class='ocrx_word' id='word_1_436' title='bbox 3474 1683 3479 1688; x_wconf 16' lang='lat' dir='ltr'><strong>t</strong></span> 
     </span>
    </p>
   </div>
   <div class='ocr_carea' id='block_1_66' title="bbox 2425 1698 3541 1775">
    <p class='ocr_par' dir='ltr' id='par_1_66' title="bbox 2425 1698 3541 1775">
     <span class='ocr_line' id='line_1_66' title="bbox 2425 1698 3541 1775; baseline -0.002 -19"><span class='ocrx_word' id='word_1_437' title='bbox 2425 1700 2762 1775; x_wconf 74' lang='lat' dir='ltr'><strong>[Munuont,</strong></span> <span class='ocrx_word' id='word_1_438' title='bbox 2793 1700 2987 1774; x_wconf 83' lang='lat' dir='ltr'><strong>Script.</strong></span> <span class='ocrx_word' id='word_1_439' title='bbox 3020 1701 3175 1767; x_wconf 85' lang='lat' dir='ltr'><strong>Ital.,</strong></span> <span class='ocrx_word' id='word_1_440' title='bbox 3203 1700 3267 1766; x_wconf 88' lang='lat' dir='ltr'><strong>ll,</strong></span> <span class='ocrx_word' id='word_1_441' title='bbox 3295 1714 3354 1765; x_wconf 80' lang='lat' dir='ltr'><strong>ﬂ,</strong></span> <span class='ocrx_word' id='word_1_442' title='bbox 3381 1698 3541 1771; x_wconf 77' lang='lat' dir='ltr'><strong>5l8.]</strong></span> 
     </span>
    </p>
   </div>
   <div class='ocr_carea' id='block_1_67' title="bbox 2259 1790 3595 1863">
    <p class='ocr_par' dir='ltr' id='par_1_67' title="bbox 2259 1790 3595 1863">
     <span class='ocr_line' id='line_1_67' title="bbox 2259 1790 3595 1863; baseline -0.002 -16"><span class='ocrx_word' id='word_1_443' title='bbox 2259 1792 2597 1849; x_wconf 75' lang='lat' dir='ltr'><strong>BENEDICTUS</strong></span> <span class='ocrx_word' id='word_1_444' title='bbox 2620 1793 2923 1863; x_wconf 83' lang='lat' dir='ltr'><strong>episcOpus,</strong></span> <span class='ocrx_word' id='word_1_445' title='bbox 2956 1808 3144 1849; x_wconf 88' lang='lat' dir='ltr'><strong>servus</strong></span> <span class='ocrx_word' id='word_1_446' title='bbox 3165 1806 3447 1847; x_wconf 90' lang='lat' dir='ltr'><strong>servorum</strong></span> <span class='ocrx_word' id='word_1_447' title='bbox 3471 1790 3595 1845; x_wconf 86' lang='lat' dir='ltr'><strong>Dei.</strong></span> 
     </span>
    </p>
   </div>
   <div class='ocr_carea' id='block_1_68' title="bbox 2260 1881 3784 1953">
    <p class='ocr_par' dir='ltr' id='par_1_68' title="bbox 2260 1881 3784 1953">
     <span class='ocr_line' id='line_1_68' title="bbox 2260 1881 3784 1953; baseline -0.003 -13"><span class='ocrx_word' id='word_1_448' title='bbox 2260 1884 2527 1940; x_wconf 87' lang='lat' dir='ltr'><strong>Convenit</strong></span> <span class='ocrx_word' id='word_1_449' title='bbox 2570 1885 2867 1953; x_wconf 89' lang='lat' dir='ltr'><strong>apostolico</strong></span> <span class='ocrx_word' id='word_1_450' title='bbox 2892 1883 3281 1948; x_wconf 72' lang='lat' dir='ltr'><strong>moderamine,</strong></span> <span class='ocrx_word' id='word_1_451' title='bbox 3319 1890 3429 1936; x_wconf 90' lang='lat' dir='ltr'><strong>etc.</strong></span> <span class='ocrx_word' id='word_1_452' title='bbox 3482 1881 3659 1951; x_wconf 82' lang='lat' dir='ltr'><strong>igitur</strong></span> <span class='ocrx_word' id='word_1_453' title='bbox 3690 1896 3784 1936; x_wconf 79' lang='lat' dir='ltr'><strong>utr</strong></span> 
     </span>
    </p>
   </div>
   <div class='ocr_carea' id='block_1_69' title="bbox 2189 1972 3776 2031">
    <p class='ocr_par' dir='ltr' id='par_1_69' title="bbox 2189 1972 3776 2031">
     <span class='ocr_line' id='line_1_69' title="bbox 2189 1972 3776 2031; baseline -0.003 -1"><span class='ocrx_word' id='word_1_454' title='bbox 2189 1984 2302 2031; x_wconf 92' lang='lat' dir='ltr'><strong>tum</strong></span> <span class='ocrx_word' id='word_1_455' title='bbox 2346 1989 2467 2031; x_wconf 87' lang='lat' dir='ltr'><strong>esse</strong></span> <span class='ocrx_word' id='word_1_456' title='bbox 2506 1973 2758 2029; x_wconf 85' lang='lat' dir='ltr'><strong>volumus</strong></span> <span class='ocrx_word' id='word_1_457' title='bbox 2821 1974 3073 2029; x_wconf 91' lang='lat' dir='ltr'><strong>omnibus</strong></span> <span class='ocrx_word' id='word_1_458' title='bbox 3122 1973 3369 2028; x_wconf 79' lang='lat' dir='ltr'><strong>ﬁdelibus</strong></span> <span class='ocrx_word' id='word_1_459' title='bbox 3417 1982 3627 2027; x_wconf 64' lang='lat' dir='ltr'><strong>sancta:</strong></span> <span class='ocrx_word' id='word_1_460' title='bbox 3681 1972 3776 2026; x_wconf 85' lang='lat' dir='ltr'><strong>Dei</strong></span> 
     </span>
    </p>
   </div>
   <div class='ocr_carea' id='block_1_70' title="bbox 2189 2061 3777 2134">
    <p class='ocr_par' dir='ltr' id='par_1_70' title="bbox 2189 2061 3777 2134">
     <span class='ocr_line' id='line_1_70' title="bbox 2189 2061 3777 2134; baseline -0.004 -14"><span class='ocrx_word' id='word_1_461' title='bbox 2189 2065 2467 2132; x_wconf 85' lang='lat' dir='ltr'><strong>Ecclesiae,</strong></span> <span class='ocrx_word' id='word_1_462' title='bbox 2496 2064 2857 2134; x_wconf 66' lang='lat' dir='ltr'><strong>praesentibus</strong></span> <span class='ocrx_word' id='word_1_463' title='bbox 2885 2063 3093 2119; x_wconf 91' lang='lat' dir='ltr'><strong>scilicet</strong></span> <span class='ocrx_word' id='word_1_464' title='bbox 3132 2071 3294 2132; x_wconf 85' lang='lat' dir='ltr'><strong>atque</strong></span> <span class='ocrx_word' id='word_1_465' title='bbox 3334 2061 3560 2127; x_wconf 76' lang='lat' dir='ltr'><strong>futuris,</strong></span> <span class='ocrx_word' id='word_1_466' title='bbox 3591 2061 3777 2131; x_wconf 68' lang='lat' dir='ltr'><strong>quali-</strong></span> 
     </span>
    </p>
   </div>
   <div class='ocr_carea' id='block_1_71' title="bbox 2192 2154 3777 2212">
    <p class='ocr_par' dir='ltr' id='par_1_71' title="bbox 2192 2154 3777 2212">
     <span class='ocr_line' id='line_1_71' title="bbox 2192 2154 3777 2212; baseline -0.004 0"><span class='ocrx_word' id='word_1_467' title='bbox 2192 2166 2274 2212; x_wconf 90' lang='lat' dir='ltr'><strong>ter</strong></span> <span class='ocrx_word' id='word_1_468' title='bbox 2329 2171 2431 2212; x_wconf 90' lang='lat' dir='ltr'><strong>nos</strong></span> <span class='ocrx_word' id='word_1_469' title='bbox 2481 2156 2667 2211; x_wconf 89' lang='lat' dir='ltr'><strong>divino</strong></span> <span class='ocrx_word' id='word_1_470' title='bbox 2720 2171 2905 2211; x_wconf 89' lang='lat' dir='ltr'><strong>amore</strong></span> <span class='ocrx_word' id='word_1_471' title='bbox 2961 2154 3213 2210; x_wconf 89' lang='lat' dir='ltr'><strong>illustrati</strong></span> <span class='ocrx_word' id='word_1_472' title='bbox 3265 2154 3336 2210; x_wconf 88' lang='lat' dir='ltr'><strong>ob</strong></span> <span class='ocrx_word' id='word_1_473' title='bbox 3403 2154 3777 2209; x_wconf 85' lang='lat' dir='ltr'><strong>reverentiam</strong></span> 
     </span>
    </p>
   </div>
   <div class='ocr_carea' id='block_1_72' title="bbox 2190 2244 3783 2317">
    <p class='ocr_par' dir='ltr' id='par_1_72' title="bbox 2190 2244 3783 2317">
     <span class='ocr_line' id='line_1_72' title="bbox 2190 2244 3783 2317; baseline -0.001 -15"><span class='ocrx_word' id='word_1_474' title='bbox 2190 2259 2391 2303; x_wconf 66' lang='lat' dir='ltr'><strong>sanctae</strong></span> <span class='ocrx_word' id='word_1_475' title='bbox 2430 2247 2525 2302; x_wconf 85' lang='lat' dir='ltr'><strong>Dei</strong></span> <span class='ocrx_word' id='word_1_476' title='bbox 2553 2246 2847 2303; x_wconf 86' lang='lat' dir='ltr'><strong>Genitricis</strong></span> <span class='ocrx_word' id='word_1_477' title='bbox 2883 2261 3205 2317; x_wconf 83' lang='lat' dir='ltr'><strong>semperque</strong></span> <span class='ocrx_word' id='word_1_478' title='bbox 3225 2245 3452 2316; x_wconf 87' lang='lat' dir='ltr'><strong>virginis</strong></span> <span class='ocrx_word' id='word_1_479' title='bbox 3480 2244 3692 2309; x_wconf 61' lang='lat' dir='ltr'><strong>Mariae,</strong></span> <span class='ocrx_word' id='word_1_480' title='bbox 3723 2253 3783 2300; x_wconf 79' lang='lat' dir='ltr'><strong>et</strong></span> 
     </span>
    </p>
   </div>
   <div class='ocr_carea' id='block_1_73' title="bbox 2192 2337 3783 2411">
    <p class='ocr_par' dir='ltr' id='par_1_73' title="bbox 2192 2337 3783 2411">
     <span class='ocr_line' id='line_1_73' title="bbox 2192 2337 3783 2411; baseline -0.003 -14"><span class='ocrx_word' id='word_1_481' title='bbox 2192 2341 2507 2411; x_wconf 87' lang='lat' dir='ltr'><strong>petitionem</strong></span> <span class='ocrx_word' id='word_1_482' title='bbox 2536 2340 2908 2411; x_wconf 88' lang='lat' dir='ltr'><strong>gloriosissimi</strong></span> <span class='ocrx_word' id='word_1_483' title='bbox 2942 2339 3034 2394; x_wconf 90' lang='lat' dir='ltr'><strong>ﬁlii</strong></span> <span class='ocrx_word' id='word_1_484' title='bbox 3059 2338 3227 2395; x_wconf 75' lang='lat' dir='ltr'><strong>nosui</strong></span> <span class='ocrx_word' id='word_1_485' title='bbox 3257 2338 3607 2409; x_wconf 87' lang='lat' dir='ltr'><strong>imperatoris</strong></span> <span class='ocrx_word' id='word_1_486' title='bbox 3631 2337 3783 2392; x_wconf 84' lang='lat' dir='ltr'><strong>Hen-</strong></span> 
     </span>
    </p>
   </div>
   <div class='ocr_carea' id='block_1_74' title="bbox 2192 2426 3787 2499">
    <p class='ocr_par' dir='ltr' id='par_1_74' title="bbox 2192 2426 3787 2499">
     <span class='ocr_line' id='line_1_74' title="bbox 2192 2426 3787 2499; baseline -0.003 -14"><span class='ocrx_word' id='word_1_487' title='bbox 2192 2433 2289 2487; x_wconf 90' lang='lat' dir='ltr'><strong>rici</strong></span> <span class='ocrx_word' id='word_1_488' title='bbox 2325 2431 2527 2488; x_wconf 91' lang='lat' dir='ltr'><strong>domini</strong></span> <span class='ocrx_word' id='word_1_489' title='bbox 2557 2432 2747 2494; x_wconf 89' lang='lat' dir='ltr'><strong>nostri,</strong></span> <span class='ocrx_word' id='word_1_490' title='bbox 2783 2430 3013 2486; x_wconf 72' lang='lat' dir='ltr'><strong>dominae</strong></span> <span class='ocrx_word' id='word_1_491' title='bbox 3052 2429 3348 2485; x_wconf 82' lang='lat' dir='ltr'><strong>Genitricis</strong></span> <span class='ocrx_word' id='word_1_492' title='bbox 3391 2428 3626 2499; x_wconf 85' lang='lat' dir='ltr'><strong>virginis</strong></span> <span class='ocrx_word' id='word_1_493' title='bbox 3675 2426 3787 2481; x_wconf 69' lang='lat' dir='ltr'><strong>Ma-</strong></span> 
     </span>
    </p>
   </div>
   <div class='ocr_carea' id='block_1_75' title="bbox 2193 2517 3785 2591">
    <p class='ocr_par' dir='ltr' id='par_1_75' title="bbox 2193 2517 3785 2591">
     <span class='ocr_line' id='line_1_75' title="bbox 2193 2517 3785 2591; baseline -0.003 -15"><span class='ocrx_word' id='word_1_494' title='bbox 2193 2523 2287 2577; x_wconf 85' lang='lat' dir='ltr'><strong>riae</strong></span> <span class='ocrx_word' id='word_1_495' title='bbox 2316 2522 2665 2587; x_wconf 92' lang='lat' dir='ltr'><strong>monasterio,</strong></span> <span class='ocrx_word' id='word_1_496' title='bbox 2714 2522 2859 2591; x_wconf 87' lang='lat' dir='ltr'><strong>quod</strong></span> <span class='ocrx_word' id='word_1_497' title='bbox 2897 2520 3099 2574; x_wconf 91' lang='lat' dir='ltr'><strong>dicitur</strong></span> <span class='ocrx_word' id='word_1_498' title='bbox 3148 2518 3203 2573; x_wconf 87' lang='lat' dir='ltr'><strong>in</strong></span> <span class='ocrx_word' id='word_1_499' title='bbox 3247 2518 3528 2587; x_wconf 81' lang='lat' dir='ltr'><strong>Pharpha,</strong></span> <span class='ocrx_word' id='word_1_500' title='bbox 3579 2517 3785 2573; x_wconf 78' lang='lat' dir='ltr'><strong>castel-</strong></span> 
     </span>
    </p>
   </div>
   <div class='ocr_carea' id='block_1_76' title="bbox 2193 2608 3785 2681">
    <p class='ocr_par' dir='ltr' id='par_1_76' title="bbox 2193 2608 3785 2681">
     <span class='ocr_line' id='line_1_76' title="bbox 2193 2608 3785 2681; baseline -0.003 -14"><span class='ocrx_word' id='word_1_501' title='bbox 2193 2614 2302 2667; x_wconf 91' lang='lat' dir='ltr'><strong>lum</strong></span> <span class='ocrx_word' id='word_1_502' title='bbox 2347 2612 2761 2677; x_wconf 89' lang='lat' dir='ltr'><strong>Bucciuianum,</strong></span> <span class='ocrx_word' id='word_1_503' title='bbox 2804 2611 2945 2681; x_wconf 89' lang='lat' dir='ltr'><strong>quod</strong></span> <span class='ocrx_word' id='word_1_504' title='bbox 2987 2625 3161 2680; x_wconf 86' lang='lat' dir='ltr'><strong>nuper</strong></span> <span class='ocrx_word' id='word_1_505' title='bbox 3202 2609 3471 2679; x_wconf 80' lang='lat' dir='ltr'><strong>perditum</strong></span> <span class='ocrx_word' id='word_1_506' title='bbox 3521 2608 3785 2675; x_wconf 82' lang='lat' dir='ltr'><strong>habebat,</strong></span> 
     </span>
    </p>
   </div>
   <div class='ocr_carea' id='block_1_77' title="bbox 2194 2701 3787 2774">
    <p class='ocr_par' dir='ltr' id='par_1_77' title="bbox 2194 2701 3787 2774">
     <span class='ocr_line' id='line_1_77' title="bbox 2194 2701 3787 2774; baseline -0.003 -15"><span class='ocrx_word' id='word_1_507' title='bbox 2194 2705 2647 2774; x_wconf 88' lang='lat' dir='ltr'><strong>reacquisivimus</strong></span> <span class='ocrx_word' id='word_1_508' title='bbox 2692 2705 2759 2759; x_wconf 90' lang='lat' dir='ltr'><strong>ad</strong></span> <span class='ocrx_word' id='word_1_509' title='bbox 2786 2719 2922 2774; x_wconf 90' lang='lat' dir='ltr'><strong>opus</strong></span> <span class='ocrx_word' id='word_1_510' title='bbox 2950 2711 3003 2758; x_wconf 91' lang='lat' dir='ltr'><strong>et</strong></span> <span class='ocrx_word' id='word_1_511' title='bbox 3049 2701 3334 2757; x_wconf 87' lang='lat' dir='ltr'><strong>utilitatem</strong></span> <span class='ocrx_word' id='word_1_512' title='bbox 3366 2701 3615 2769; x_wconf 67' lang='lat' dir='ltr'><strong>prmdicti</strong></span> <span class='ocrx_word' id='word_1_513' title='bbox 3670 2716 3787 2755; x_wconf 90' lang='lat' dir='ltr'><strong>mo-</strong></span> 
     </span>
    </p>
   </div>
   <div class='ocr_carea' id='block_1_78' title="bbox 2194 2789 3788 2864">
    <p class='ocr_par' dir='ltr' id='par_1_78' title="bbox 2194 2789 3788 2864">
     <span class='ocr_line' id='line_1_78' title="bbox 2194 2789 3788 2864; baseline -0.006 -14"><span class='ocrx_word' id='word_1_514' title='bbox 2194 2795 2415 2850; x_wconf 86' lang='lat' dir='ltr'><strong>nasterii</strong></span> <span class='ocrx_word' id='word_1_515' title='bbox 2444 2794 2832 2864; x_wconf 87' lang='lat' dir='ltr'><strong>perpetualiter</strong></span> <span class='ocrx_word' id='word_1_516' title='bbox 2861 2807 3295 2863; x_wconf 90' lang='lat' dir='ltr'><strong>permansurum,</strong></span> <span class='ocrx_word' id='word_1_517' title='bbox 3329 2791 3495 2845; x_wconf 88' lang='lat' dir='ltr'><strong>situm</strong></span> <span class='ocrx_word' id='word_1_518' title='bbox 3526 2790 3583 2845; x_wconf 91' lang='lat' dir='ltr'><strong>in</strong></span> <span class='ocrx_word' id='word_1_519' title='bbox 3625 2789 3788 2845; x_wconf 84' lang='lat' dir='ltr'><strong>Sabi-</strong></span> 
     </span>
    </p>
   </div>
   <div class='ocr_carea' id='block_1_79' title="bbox 2195 2882 3789 2955">
    <p class='ocr_par' dir='ltr' id='par_1_79' title="bbox 2195 2882 3789 2955">
     <span class='ocr_line' id='line_1_79' title="bbox 2195 2882 3789 2955; baseline -0.003 -15"><span class='ocrx_word' id='word_1_520' title='bbox 2195 2886 2348 2942; x_wconf 90' lang='lat' dir='ltr'><strong>nensi</strong></span> <span class='ocrx_word' id='word_1_521' title='bbox 2385 2886 2670 2941; x_wconf 91' lang='lat' dir='ltr'><strong>comitatu.</strong></span> <span class='ocrx_word' id='word_1_522' title='bbox 2699 2884 2903 2941; x_wconf 90' lang='lat' dir='ltr'><strong>Deinde</strong></span> <span class='ocrx_word' id='word_1_523' title='bbox 2936 2883 3181 2955; x_wconf 71' lang='lat' dir='ltr'><strong>praedicti</strong></span> <span class='ocrx_word' id='word_1_524' title='bbox 3210 2882 3529 2938; x_wconf 89' lang='lat' dir='ltr'><strong>monasterii</strong></span> <span class='ocrx_word' id='word_1_525' title='bbox 3553 2896 3789 2936; x_wconf 78' lang='lat' dir='ltr'><strong>venera-</strong></span> 
     </span>
    </p>
   </div>
   <div class='ocr_carea' id='block_1_80' title="bbox 2195 2975 3789 3050">
    <p class='ocr_par' dir='ltr' id='par_1_80' title="bbox 2195 2975 3789 3050">
     <span class='ocr_line' id='line_1_80' title="bbox 2195 2975 3789 3050; baseline -0.004 -17"><span class='ocrx_word' id='word_1_526' title='bbox 2195 2980 2322 3034; x_wconf 91' lang='lat' dir='ltr'><strong>bilis</strong></span> <span class='ocrx_word' id='word_1_527' title='bbox 2352 2978 2511 3050; x_wconf 86' lang='lat' dir='ltr'><strong>Hugo</strong></span> <span class='ocrx_word' id='word_1_528' title='bbox 2547 2979 2715 3033; x_wconf 87' lang='lat' dir='ltr'><strong>abbas</strong></span> <span class='ocrx_word' id='word_1_529' title='bbox 2745 2985 2988 3032; x_wconf 87' lang='lat' dir='ltr'><strong>nostram</strong></span> <span class='ocrx_word' id='word_1_530' title='bbox 3018 2976 3152 3031; x_wconf 91' lang='lat' dir='ltr'><strong>adiit</strong></span> <span class='ocrx_word' id='word_1_531' title='bbox 3181 2975 3548 3037; x_wconf 87' lang='lat' dir='ltr'><strong>clementiam,</strong></span> <span class='ocrx_word' id='word_1_532' title='bbox 3580 2975 3789 3028; x_wconf 84' lang='lat' dir='ltr'><strong>instan-</strong></span> 
     </span>
    </p>
   </div>
   <div class='ocr_carea' id='block_1_81' title="bbox 2197 3053 3787 3138">
    <p class='ocr_par' dir='ltr' id='par_1_81' title="bbox 2197 3053 3787 3138">
     <span class='ocr_line' id='line_1_81' title="bbox 2197 3053 3787 3138; baseline -0.003 -17"><span class='ocrx_word' id='word_1_533' title='bbox 2197 3067 2423 3124; x_wconf 89' lang='lat' dir='ltr'><strong>tissimis</strong></span> <span class='ocrx_word' id='word_1_534' title='bbox 2453 3068 2707 3138; x_wconf 87' lang='lat' dir='ltr'><strong>precibus</strong></span> <span class='ocrx_word' id='word_1_535' title='bbox 2727 3053 3025 3137; x_wconf 76' lang='lat' dir='ltr'><strong>deposcens</strong></span> <span class='ocrx_word' id='word_1_536' title='bbox 3050 3074 3319 3136; x_wconf 89' lang='lat' dir='ltr'><strong>quatenus</strong></span> <span class='ocrx_word' id='word_1_537' title='bbox 3346 3080 3446 3134; x_wconf 90' lang='lat' dir='ltr'><strong>pro</strong></span> <span class='ocrx_word' id='word_1_538' title='bbox 3470 3064 3567 3118; x_wconf 88' lang='lat' dir='ltr'><strong>Dei</strong></span> <span class='ocrx_word' id='word_1_539' title='bbox 3597 3077 3787 3118; x_wconf 85' lang='lat' dir='ltr'><strong>amore</strong></span> 
     </span>
    </p>
   </div>
   <div class='ocr_carea' id='block_1_82' title="bbox 2193 3154 3787 3226">
    <p class='ocr_par' dir='ltr' id='par_1_82' title="bbox 2193 3154 3787 3226">
     <span class='ocr_line' id='line_1_82' title="bbox 2193 3154 3787 3226; baseline -0.004 -13"><span class='ocrx_word' id='word_1_540' title='bbox 2193 3167 2248 3213; x_wconf 92' lang='lat' dir='ltr'><strong>et</strong></span> <span class='ocrx_word' id='word_1_541' title='bbox 2276 3158 2518 3214; x_wconf 89' lang='lat' dir='ltr'><strong>remedio</strong></span> <span class='ocrx_word' id='word_1_542' title='bbox 2540 3157 2779 3226; x_wconf 89' lang='lat' dir='ltr'><strong>ejusdem</strong></span> <span class='ocrx_word' id='word_1_543' title='bbox 2806 3155 3132 3212; x_wconf 89' lang='lat' dir='ltr'><strong>venerabilis</strong></span> <span class='ocrx_word' id='word_1_544' title='bbox 3159 3154 3475 3209; x_wconf 87' lang='lat' dir='ltr'><strong>monasterii</strong></span> <span class='ocrx_word' id='word_1_545' title='bbox 3498 3168 3570 3208; x_wconf 79' lang='lat' dir='ltr'><strong>ex</strong></span> <span class='ocrx_word' id='word_1_546' title='bbox 3599 3161 3787 3207; x_wconf 84' lang='lat' dir='ltr'><strong>nostra</strong></span> 
     </span>
    </p>
   </div>
   <div class='ocr_carea' id='block_1_83' title="bbox 2196 3242 3785 3320">
    <p class='ocr_par' dir='ltr' id='par_1_83' title="bbox 2196 3242 3785 3320">
     <span class='ocr_line' id='line_1_83' title="bbox 2196 3242 3785 3320; baseline -0.005 -17"><span class='ocrx_word' id='word_1_547' title='bbox 2196 3249 2491 3320; x_wconf 85' lang='lat' dir='ltr'><strong>apostolica</strong></span> <span class='ocrx_word' id='word_1_548' title='bbox 2537 3247 2788 3317; x_wconf 89' lang='lat' dir='ltr'><strong>largitate</strong></span> <span class='ocrx_word' id='word_1_549' title='bbox 2817 3246 3113 3301; x_wconf 87' lang='lat' dir='ltr'><strong>concedere</strong></span> <span class='ocrx_word' id='word_1_550' title='bbox 3141 3245 3494 3315; x_wconf 80' lang='lat' dir='ltr'><strong>dignarentur</strong></span> <span class='ocrx_word' id='word_1_551' title='bbox 3523 3242 3785 3311; x_wconf 87' lang='lat' dir='ltr'><strong>piacitum</strong></span> 
     </span>
    </p>
   </div>
   <div class='ocr_carea' id='block_1_84' title="bbox 2192 3336 3786 3405">
    <p class='ocr_par' dir='ltr' id='par_1_84' title="bbox 2192 3336 3786 3405">
     <span class='ocr_line' id='line_1_84' title="bbox 2192 3336 3786 3405; baseline -0.006 -9"><span class='ocrx_word' id='word_1_552' title='bbox 2192 3352 2247 3396; x_wconf 89' lang='lat' dir='ltr'><strong>et</strong></span> <span class='ocrx_word' id='word_1_553' title='bbox 2291 3339 2599 3395; x_wconf 91' lang='lat' dir='ltr'><strong>districtum</strong></span> <span class='ocrx_word' id='word_1_554' title='bbox 2634 3339 2701 3395; x_wconf 92' lang='lat' dir='ltr'><strong>de</strong></span> <span class='ocrx_word' id='word_1_555' title='bbox 2756 3353 2935 3394; x_wconf 88' lang='lat' dir='ltr'><strong>massa</strong></span> <span class='ocrx_word' id='word_1_556' title='bbox 2986 3336 3321 3400; x_wconf 89' lang='lat' dir='ltr'><strong>Bucciuiani,</strong></span> <span class='ocrx_word' id='word_1_557' title='bbox 3352 3349 3475 3405; x_wconf 72' lang='lat' dir='ltr'><strong>qua:</strong></span> <span class='ocrx_word' id='word_1_558' title='bbox 3523 3342 3612 3387; x_wconf 86' lang='lat' dir='ltr'><strong>est</strong></span> <span class='ocrx_word' id='word_1_559' title='bbox 3661 3344 3786 3387; x_wconf 86' lang='lat' dir='ltr'><strong>ante</strong></span> 
     </span>
    </p>
   </div>
   <div class='ocr_carea' id='block_1_85' title="bbox 2195 3425 3783 3496">
    <p class='ocr_par' dir='ltr' id='par_1_85' title="bbox 2195 3425 3783 3496">
     <span class='ocr_line' id='line_1_85' title="bbox 2195 3425 3783 3496; baseline -0.008 -9"><span class='ocrx_word' id='word_1_560' title='bbox 2195 3433 2335 3487; x_wconf 90' lang='lat' dir='ltr'><strong>idem</strong></span> <span class='ocrx_word' id='word_1_561' title='bbox 2379 3430 2684 3495; x_wconf 86' lang='lat' dir='ltr'><strong>castellum,</strong></span> <span class='ocrx_word' id='word_1_562' title='bbox 2736 3444 2858 3484; x_wconf 90' lang='lat' dir='ltr'><strong>cum</strong></span> <span class='ocrx_word' id='word_1_563' title='bbox 2906 3429 3157 3485; x_wconf 89' lang='lat' dir='ltr'><strong>omnibus</strong></span> <span class='ocrx_word' id='word_1_564' title='bbox 3206 3426 3556 3496; x_wconf 84' lang='lat' dir='ltr'><strong>pertinentiis</strong></span> <span class='ocrx_word' id='word_1_565' title='bbox 3607 3425 3783 3478; x_wconf 83' lang='lat' dir='ltr'><strong>eidem</strong></span> 
     </span>
    </p>
   </div>
   <div class='ocr_carea' id='block_1_86' title="bbox 2193 3516 3787 3591">
    <p class='ocr_par' dir='ltr' id='par_1_86' title="bbox 2193 3516 3787 3591">
     <span class='ocr_line' id='line_1_86' title="bbox 2193 3516 3787 3591; baseline -0.006 -14"><span class='ocrx_word' id='word_1_566' title='bbox 2193 3537 2388 3577; x_wconf 67' lang='lat' dir='ltr'><strong>massae</strong></span> <span class='ocrx_word' id='word_1_567' title='bbox 2412 3519 2809 3591; x_wconf 87' lang='lat' dir='ltr'><strong>pertinentibus</strong></span> <span class='ocrx_word' id='word_1_568' title='bbox 2837 3518 2922 3574; x_wconf 90' lang='lat' dir='ltr'><strong>vel</strong></span> <span class='ocrx_word' id='word_1_569' title='bbox 2970 3517 3365 3589; x_wconf 85' lang='lat' dir='ltr'><strong>adjacentibus.</strong></span> <span class='ocrx_word' id='word_1_570' title='bbox 3411 3516 3583 3586; x_wconf 83' lang='lat' dir='ltr'><strong>Cujus</strong></span> <span class='ocrx_word' id='word_1_571' title='bbox 3612 3516 3787 3586; x_wconf 77' lang='lat' dir='ltr'><strong>preci-</strong></span> 
     </span>
    </p>
   </div>
   <div class='ocr_carea' id='block_1_87' title="bbox 2193 3600 3785 3676">
    <p class='ocr_par' dir='ltr' id='par_1_87' title="bbox 2193 3600 3785 3676">
     <span class='ocr_line' id='line_1_87' title="bbox 2193 3600 3785 3676; baseline -0.007 -7"><span class='ocrx_word' id='word_1_572' title='bbox 2193 3616 2293 3670; x_wconf 92' lang='lat' dir='ltr'><strong>bus</strong></span> <span class='ocrx_word' id='word_1_573' title='bbox 2327 3600 2648 3676; x_wconf 75' lang='lat' dir='ltr'><strong>abnuentes,</strong></span> <span class='ocrx_word' id='word_1_574' title='bbox 2678 3609 2852 3665; x_wconf 88' lang='lat' dir='ltr'><strong>eidem</strong></span> <span class='ocrx_word' id='word_1_575' title='bbox 2875 3607 3167 3664; x_wconf 88' lang='lat' dir='ltr'><strong>venerabili</strong></span> <span class='ocrx_word' id='word_1_576' title='bbox 3204 3608 3564 3671; x_wconf 84' lang='lat' dir='ltr'><strong>monasterio,</strong></span> <span class='ocrx_word' id='word_1_577' title='bbox 3595 3620 3785 3675; x_wconf 85' lang='lat' dir='ltr'><strong>supra-</strong></span> 
     </span>
    </p>
   </div>
   <div class='ocr_carea' id='block_1_88' title="bbox 2194 3682 3787 3772">
    <p class='ocr_par' dir='ltr' id='par_1_88' title="bbox 2194 3682 3787 3772">
     <span class='ocr_line' id='line_1_88' title="bbox 2194 3682 3787 3772; baseline -0.008 -14"><span class='ocrx_word' id='word_1_578' title='bbox 2194 3703 2447 3772; x_wconf 90' lang='lat' dir='ltr'><strong>dictoque</strong></span> <span class='ocrx_word' id='word_1_579' title='bbox 2493 3700 2696 3764; x_wconf 88' lang='lat' dir='ltr'><strong>abbati,</strong></span> <span class='ocrx_word' id='word_1_580' title='bbox 2747 3700 2969 3769; x_wconf 83' lang='lat' dir='ltr'><strong>suisque</strong></span> <span class='ocrx_word' id='word_1_581' title='bbox 3017 3682 3449 3761; x_wconf 87' lang='lat' dir='ltr'><strong>successoribus,</strong></span> <span class='ocrx_word' id='word_1_582' title='bbox 3494 3710 3708 3749; x_wconf 90' lang='lat' dir='ltr'><strong>necnon</strong></span> <span class='ocrx_word' id='word_1_583' title='bbox 3736 3702 3787 3746; x_wconf 81' lang='lat' dir='ltr'><strong>et</strong></span> 
     </span>
    </p>
   </div>
   <div class='ocr_carea' id='block_1_89' title="bbox 2195 3784 3786 3861">
    <p class='ocr_par' dir='ltr' id='par_1_89' title="bbox 2195 3784 3786 3861">
     <span class='ocr_line' id='line_1_89' title="bbox 2195 3784 3786 3861; baseline -0.008 -13"><span class='ocrx_word' id='word_1_584' title='bbox 2195 3801 2401 3848; x_wconf 67' lang='lat' dir='ltr'><strong>sanctae</strong></span> <span class='ocrx_word' id='word_1_585' title='bbox 2447 3790 2856 3861; x_wconf 84' lang='lat' dir='ltr'><strong>congregationi</strong></span> <span class='ocrx_word' id='word_1_586' title='bbox 2888 3803 3171 3844; x_wconf 85' lang='lat' dir='ltr'><strong>servorum</strong></span> <span class='ocrx_word' id='word_1_587' title='bbox 3216 3787 3311 3840; x_wconf 89' lang='lat' dir='ltr'><strong>Dei</strong></span> <span class='ocrx_word' id='word_1_588' title='bbox 3344 3784 3548 3841; x_wconf 91' lang='lat' dir='ltr'><strong>ibidem</strong></span> <span class='ocrx_word' id='word_1_589' title='bbox 3591 3785 3786 3853; x_wconf 85' lang='lat' dir='ltr'><strong>degen-</strong></span> 
     </span>
    </p>
   </div>
   <div class='ocr_carea' id='block_1_90' title="bbox 2198 3874 3787 3953">
    <p class='ocr_par' dir='ltr' id='par_1_90' title="bbox 2198 3874 3787 3953">
     <span class='ocr_line' id='line_1_90' title="bbox 2198 3874 3787 3953; baseline -0.007 -15"><span class='ocrx_word' id='word_1_590' title='bbox 2198 3884 2353 3948; x_wconf 92' lang='lat' dir='ltr'><strong>tium,</strong></span> <span class='ocrx_word' id='word_1_591' title='bbox 2384 3881 2663 3953; x_wconf 73' lang='lat' dir='ltr'><strong>praedictze</strong></span> <span class='ocrx_word' id='word_1_592' title='bbox 2689 3896 2884 3935; x_wconf 67' lang='lat' dir='ltr'><strong>massa:</strong></span> <span class='ocrx_word' id='word_1_593' title='bbox 2905 3878 3223 3934; x_wconf 89' lang='lat' dir='ltr'><strong>Bucciuiani</strong></span> <span class='ocrx_word' id='word_1_594' title='bbox 3252 3876 3563 3932; x_wconf 84' lang='lat' dir='ltr'><strong>districtum</strong></span> <span class='ocrx_word' id='word_1_595' title='bbox 3596 3885 3652 3929; x_wconf 88' lang='lat' dir='ltr'><strong>et</strong></span> <span class='ocrx_word' id='word_1_596' title='bbox 3678 3874 3787 3944; x_wconf 70' lang='lat' dir='ltr'><strong>piso</strong></span> 
     </span>
    </p>
   </div>
   <div class='ocr_carea' id='block_1_91' title="bbox 2194 3965 3786 4040">
    <p class='ocr_par' dir='ltr' id='par_1_91' title="bbox 2194 3965 3786 4040">
     <span class='ocr_line' id='line_1_91' title="bbox 2194 3965 3786 4040; baseline -0.008 -11"><span class='ocrx_word' id='word_1_597' title='bbox 2194 3975 2361 4030; x_wconf 89' lang='lat' dir='ltr'><strong>citum</strong></span> <span class='ocrx_word' id='word_1_598' title='bbox 2388 3987 2510 4027; x_wconf 91' lang='lat' dir='ltr'><strong>cum</strong></span> <span class='ocrx_word' id='word_1_599' title='bbox 2538 3971 2787 4026; x_wconf 88' lang='lat' dir='ltr'><strong>oumibus</strong></span> <span class='ocrx_word' id='word_1_600' title='bbox 2831 3970 2944 4025; x_wconf 91' lang='lat' dir='ltr'><strong>suis</strong></span> <span class='ocrx_word' id='word_1_601' title='bbox 2976 3968 3319 4040; x_wconf 89' lang='lat' dir='ltr'><strong>pertinentiis</strong></span> <span class='ocrx_word' id='word_1_602' title='bbox 3339 3966 3427 4021; x_wconf 90' lang='lat' dir='ltr'><strong>vel</strong></span> <span class='ocrx_word' id='word_1_603' title='bbox 3459 3965 3786 4033; x_wconf 83' lang='lat' dir='ltr'><strong>adjaeeutiis</strong></span> 
     </span>
    </p>
   </div>
   <div class='ocr_carea' id='block_1_92' title="bbox 2196 4057 3783 4134">
    <p class='ocr_par' dir='ltr' id='par_1_92' title="bbox 2196 4057 3783 4134">
     <span class='ocr_line' id='line_1_92' title="bbox 2196 4057 3783 4134; baseline -0.006 -14"><span class='ocrx_word' id='word_1_604' title='bbox 2196 4082 2261 4121; x_wconf 76' lang='lat' dir='ltr'><strong>ex</strong></span> <span class='ocrx_word' id='word_1_605' title='bbox 2310 4064 2562 4134; x_wconf 81' lang='lat' dir='ltr'><strong>largitate</strong></span> <span class='ocrx_word' id='word_1_606' title='bbox 2611 4062 2756 4117; x_wconf 86' lang='lat' dir='ltr'><strong>beati</strong></span> <span class='ocrx_word' id='word_1_607' title='bbox 2790 4060 2940 4116; x_wconf 89' lang='lat' dir='ltr'><strong>Petri</strong></span> <span class='ocrx_word' id='word_1_608' title='bbox 2997 4060 3257 4131; x_wconf 90' lang='lat' dir='ltr'><strong>principis</strong></span> <span class='ocrx_word' id='word_1_609' title='bbox 3297 4057 3701 4129; x_wconf 79' lang='lat' dir='ltr'><strong>apostolorum,</strong></span> <span class='ocrx_word' id='word_1_610' title='bbox 3729 4064 3783 4111; x_wconf 86' lang='lat' dir='ltr'><strong>et</strong></span> 
     </span>
    </p>
   </div>
   <div class='ocr_carea' id='block_1_93' title="bbox 2197 4148 3785 4223">
    <p class='ocr_par' dir='ltr' id='par_1_93' title="bbox 2197 4148 3785 4223">
     <span class='ocr_line' id='line_1_93' title="bbox 2197 4148 3785 4223; baseline -0.006 -15"><span class='ocrx_word' id='word_1_611' title='bbox 2197 4164 2397 4209; x_wconf 65' lang='lat' dir='ltr'><strong>sanctae</strong></span> <span class='ocrx_word' id='word_1_612' title='bbox 2426 4151 2737 4223; x_wconf 87' lang='lat' dir='ltr'><strong>apostolicae</strong></span> <span class='ocrx_word' id='word_1_613' title='bbox 2767 4151 2934 4216; x_wconf 88' lang='lat' dir='ltr'><strong>sedis,</strong></span> <span class='ocrx_word' id='word_1_614' title='bbox 2982 4149 3136 4219; x_wconf 90' lang='lat' dir='ltr'><strong>cujus</strong></span> <span class='ocrx_word' id='word_1_615' title='bbox 3163 4148 3255 4217; x_wconf 86' lang='lat' dir='ltr'><strong>jus</strong></span> <span class='ocrx_word' id='word_1_616' title='bbox 3280 4162 3404 4204; x_wconf 90' lang='lat' dir='ltr'><strong>esse</strong></span> <span class='ocrx_word' id='word_1_617' title='bbox 3425 4148 3785 4215; x_wconf 79' lang='lat' dir='ltr'><strong>dignoscitur,</strong></span> 
     </span>
    </p>
   </div>
   <div class='ocr_carea' id='block_1_94' title="bbox 2197 4236 3787 4312">
    <p class='ocr_par' dir='ltr' id='par_1_94' title="bbox 2197 4236 3787 4312">
     <span class='ocr_line' id='line_1_94' title="bbox 2197 4236 3787 4312; baseline -0.006 -15"><span class='ocrx_word' id='word_1_618' title='bbox 2197 4252 2490 4311; x_wconf 87' lang='lat' dir='ltr'><strong>nostraque</strong></span> <span class='ocrx_word' id='word_1_619' title='bbox 2538 4240 2837 4312; x_wconf 84' lang='lat' dir='ltr'><strong>apostolica</strong></span> <span class='ocrx_word' id='word_1_620' title='bbox 2871 4239 3194 4294; x_wconf 86' lang='lat' dir='ltr'><strong>auctoritate</strong></span> <span class='ocrx_word' id='word_1_621' title='bbox 3219 4236 3572 4291; x_wconf 90' lang='lat' dir='ltr'><strong>concedimus</strong></span> <span class='ocrx_word' id='word_1_622' title='bbox 3627 4245 3787 4303; x_wconf 86' lang='lat' dir='ltr'><strong>atque</strong></span> 
     </span>
    </p>
   </div>
   <div class='ocr_carea' id='block_1_95' title="bbox 2199 4327 3788 4402">
    <p class='ocr_par' dir='ltr' id='par_1_95' title="bbox 2199 4327 3788 4402">
     <span class='ocr_line' id='line_1_95' title="bbox 2199 4327 3788 4402; baseline -0.006 -14"><span class='ocrx_word' id='word_1_623' title='bbox 2199 4334 2585 4389; x_wconf 89' lang='lat' dir='ltr'><strong>conﬁrmamus</strong></span> <span class='ocrx_word' id='word_1_624' title='bbox 2630 4331 3016 4402; x_wconf 89' lang='lat' dir='ltr'><strong>perpetualiter</strong></span> <span class='ocrx_word' id='word_1_625' title='bbox 3050 4343 3398 4393; x_wconf 89' lang='lat' dir='ltr'><strong>mansurum,</strong></span> <span class='ocrx_word' id='word_1_626' title='bbox 3462 4327 3679 4383; x_wconf 79' lang='lat' dir='ltr'><strong>scilicet</strong></span> <span class='ocrx_word' id='word_1_627' title='bbox 3731 4336 3788 4379; x_wconf 87' lang='lat' dir='ltr'><strong>ut</strong></span> 
     </span>
    </p>
   </div>
   <div class='ocr_carea' id='block_1_96' title="bbox 2200 4406 3790 4494">
    <p class='ocr_par' dir='ltr' id='par_1_96' title="bbox 2200 4406 3790 4494">
     <span class='ocr_line' id='line_1_96' title="bbox 2200 4406 3790 4494; baseline -0.006 -15"><span class='ocrx_word' id='word_1_628' title='bbox 2200 4406 2449 4479; x_wconf 71' lang='lat' dir='ltr'><strong>monaclii</strong></span> <span class='ocrx_word' id='word_1_629' title='bbox 2480 4423 2721 4494; x_wconf 74' lang='lat' dir='ltr'><strong>praedicti</strong></span> <span class='ocrx_word' id='word_1_630' title='bbox 2763 4422 3076 4478; x_wconf 89' lang='lat' dir='ltr'><strong>monasterii</strong></span> <span class='ocrx_word' id='word_1_631' title='bbox 3129 4420 3278 4475; x_wconf 89' lang='lat' dir='ltr'><strong>omni</strong></span> <span class='ocrx_word' id='word_1_632' title='bbox 3310 4419 3365 4473; x_wconf 90' lang='lat' dir='ltr'><strong>in</strong></span> <span class='ocrx_word' id='word_1_633' title='bbox 3394 4427 3648 4489; x_wconf 89' lang='lat' dir='ltr'><strong>tempore</strong></span> <span class='ocrx_word' id='word_1_634' title='bbox 3692 4431 3790 4487; x_wconf 89' lang='lat' dir='ltr'><strong>pro</strong></span> 
     </span>
    </p>
   </div>
   <div class='ocr_carea' id='block_1_97' title="bbox 2199 4508 3785 4580">
    <p class='ocr_par' dir='ltr' id='par_1_97' title="bbox 2199 4508 3785 4580">
     <span class='ocr_line' id='line_1_97' title="bbox 2199 4508 3785 4580; baseline -0.004 -13"><span class='ocrx_word' id='word_1_635' title='bbox 2199 4516 2356 4571; x_wconf 88' lang='lat' dir='ltr'><strong>nobis</strong></span> <span class='ocrx_word' id='word_1_636' title='bbox 2382 4514 2652 4570; x_wconf 90' lang='lat' dir='ltr'><strong>delectent</strong></span> <span class='ocrx_word' id='word_1_637' title='bbox 2695 4512 2765 4568; x_wconf 86' lang='lat' dir='ltr'><strong>ad</strong></span> <span class='ocrx_word' id='word_1_638' title='bbox 2796 4513 2964 4567; x_wconf 91' lang='lat' dir='ltr'><strong>Deum</strong></span> <span class='ocrx_word' id='word_1_639' title='bbox 2993 4510 3219 4565; x_wconf 85' lang='lat' dir='ltr'><strong>fundere</strong></span> <span class='ocrx_word' id='word_1_640' title='bbox 3240 4523 3451 4580; x_wconf 85' lang='lat' dir='ltr'><strong>preces,</strong></span> <span class='ocrx_word' id='word_1_641' title='bbox 3484 4517 3545 4563; x_wconf 86' lang='lat' dir='ltr'><strong>et</strong></span> <span class='ocrx_word' id='word_1_642' title='bbox 3584 4508 3785 4578; x_wconf 84' lang='lat' dir='ltr'><strong>glorio-</strong></span> 
     </span>
    </p>
   </div>
   <div class='ocr_carea' id='block_1_98' title="bbox 2199 4597 3780 4673">
    <p class='ocr_par' dir='ltr' id='par_1_98' title="bbox 2199 4597 3780 4673">
     <span class='ocr_line' id='line_1_98' title="bbox 2199 4597 3780 4673; baseline -0.005 -15"><span class='ocrx_word' id='word_1_643' title='bbox 2199 4605 2417 4660; x_wconf 85' lang='lat' dir='ltr'><strong>sissima</strong></span> <span class='ocrx_word' id='word_1_644' title='bbox 2459 4604 2612 4673; x_wconf 87' lang='lat' dir='ltr'><strong>virgo</strong></span> <span class='ocrx_word' id='word_1_645' title='bbox 2642 4601 2833 4667; x_wconf 76' lang='lat' dir='ltr'><strong>Maria,</strong></span> <span class='ocrx_word' id='word_1_646' title='bbox 2859 4611 2989 4666; x_wconf 90' lang='lat' dir='ltr'><strong>etc.,</strong></span> <span class='ocrx_word' id='word_1_647' title='bbox 3015 4601 3152 4655; x_wconf 89' lang='lat' dir='ltr'><strong>sciat</strong></span> <span class='ocrx_word' id='word_1_648' title='bbox 3175 4614 3234 4654; x_wconf 87' lang='lat' dir='ltr'><strong>se</strong></span> <span class='ocrx_word' id='word_1_649' title='bbox 3265 4599 3640 4653; x_wconf 86' lang='lat' dir='ltr'><strong>anatbematis</strong></span> <span class='ocrx_word' id='word_1_650' title='bbox 3670 4597 3780 4650; x_wconf 83' lang='lat' dir='ltr'><strong>vin-</strong></span> 
     </span>
    </p>
   </div>
   <div class='ocr_carea' id='block_1_99' title="bbox 2199 4689 3788 4762">
    <p class='ocr_par' dir='ltr' id='par_1_99' title="bbox 2199 4689 3788 4762">
     <span class='ocr_line' id='line_1_99' title="bbox 2199 4689 3788 4762; baseline -0.006 -11"><span class='ocrx_word' id='word_1_651' title='bbox 2199 4697 2320 4751; x_wconf 89' lang='lat' dir='ltr'><strong>culo</strong></span> <span class='ocrx_word' id='word_1_652' title='bbox 2352 4695 2667 4751; x_wconf 88' lang='lat' dir='ltr'><strong>innodatum</strong></span> <span class='ocrx_word' id='word_1_653' title='bbox 2697 4708 2841 4759; x_wconf 89' lang='lat' dir='ltr'><strong>esse,</strong></span> <span class='ocrx_word' id='word_1_654' title='bbox 2870 4703 2924 4749; x_wconf 93' lang='lat' dir='ltr'><strong>et</strong></span> <span class='ocrx_word' id='word_1_655' title='bbox 2943 4709 2975 4746; x_wconf 88' lang='lat' dir='ltr'><strong>a</strong></span> <span class='ocrx_word' id='word_1_656' title='bbox 3013 4707 3181 4762; x_wconf 84' lang='lat' dir='ltr'><strong>regno</strong></span> <span class='ocrx_word' id='word_1_657' title='bbox 3203 4691 3299 4745; x_wconf 86' lang='lat' dir='ltr'><strong>Dei</strong></span> <span class='ocrx_word' id='word_1_658' title='bbox 3327 4690 3592 4745; x_wconf 87' lang='lat' dir='ltr'><strong>alienum.</strong></span> <span class='ocrx_word' id='word_1_659' title='bbox 3642 4689 3788 4743; x_wconf 80' lang='lat' dir='ltr'><strong>lusu-</strong></span> 
     </span>
    </p>
   </div>
   <div class='ocr_carea' id='block_1_100' title="bbox 2200 4782 3764 4856">
    <p class='ocr_par' dir='ltr' id='par_1_100' title="bbox 2200 4782 3764 4856">
     <span class='ocr_line' id='line_1_100' title="bbox 2200 4782 3764 4856; baseline -0.002 -18"><span class='ocrx_word' id='word_1_660' title='bbox 2200 4803 2295 4856; x_wconf 87' lang='lat' dir='ltr'><strong>per</strong></span> <span class='ocrx_word' id='word_1_661' title='bbox 2317 4796 2371 4841; x_wconf 89' lang='lat' dir='ltr'><strong>et</strong></span> <span class='ocrx_word' id='word_1_662' title='bbox 2399 4785 2827 4856; x_wconf 90' lang='lat' dir='ltr'><strong>compositurum</strong></span> <span class='ocrx_word' id='word_1_663' title='bbox 2857 4800 2915 4839; x_wconf 90' lang='lat' dir='ltr'><strong>se</strong></span> <span class='ocrx_word' id='word_1_664' title='bbox 2944 4785 3081 4839; x_wconf 90' lang='lat' dir='ltr'><strong>sciat</strong></span> <span class='ocrx_word' id='word_1_665' title='bbox 3113 4783 3233 4836; x_wconf 89' lang='lat' dir='ltr'><strong>auri</strong></span> <span class='ocrx_word' id='word_1_666' title='bbox 3253 4782 3446 4852; x_wconf 91' lang='lat' dir='ltr'><strong>optimi</strong></span> <span class='ocrx_word' id='word_1_667' title='bbox 3467 4782 3640 4836; x_wconf 89' lang='lat' dir='ltr'><strong>libras</strong></span> <span class='ocrx_word' id='word_1_668' title='bbox 3666 4795 3764 4835; x_wconf 86' lang='lat' dir='ltr'><strong>een</strong></span> 
     </span>
    </p>
   </div>
   <div class='ocr_carea' id='block_1_101' title="bbox 2202 4871 3787 4942">
    <p class='ocr_par' dir='ltr' id='par_1_101' title="bbox 2202 4871 3787 4942">
     <span class='ocr_line' id='line_1_101' title="bbox 2202 4871 3787 4942; baseline -0.004 -13"><span class='ocrx_word' id='word_1_669' title='bbox 2202 4887 2334 4942; x_wconf 88' lang='lat' dir='ltr'><strong>tum,</strong></span> <span class='ocrx_word' id='word_1_670' title='bbox 2373 4876 2722 4931; x_wconf 88' lang='lat' dir='ltr'><strong>medietatem</strong></span> <span class='ocrx_word' id='word_1_671' title='bbox 2757 4876 2811 4928; x_wconf 93' lang='lat' dir='ltr'><strong>in</strong></span> <span class='ocrx_word' id='word_1_672' title='bbox 2843 4881 3194 4930; x_wconf 89' lang='lat' dir='ltr'><strong>sacrosancto</strong></span> <span class='ocrx_word' id='word_1_673' title='bbox 3236 4871 3597 4927; x_wconf 86' lang='lat' dir='ltr'><strong>Lateranensi</strong></span> <span class='ocrx_word' id='word_1_674' title='bbox 3637 4873 3787 4942; x_wconf 83' lang='lat' dir='ltr'><strong>pata-</strong></span> 
     </span>
    </p>
   </div>
   <div class='ocr_carea' id='block_1_102' title="bbox 2202 4962 3567 5035">
    <p class='ocr_par' dir='ltr' id='par_1_102' title="bbox 2202 4962 3567 5035">
     <span class='ocr_line' id='line_1_102' title="bbox 2202 4962 3567 5035; baseline -0.004 -13"><span class='ocrx_word' id='word_1_675' title='bbox 2202 4970 2298 5033; x_wconf 91' lang='lat' dir='ltr'><strong>tio,</strong></span> <span class='ocrx_word' id='word_1_676' title='bbox 2330 4977 2384 5022; x_wconf 87' lang='lat' dir='ltr'><strong>et</strong></span> <span class='ocrx_word' id='word_1_677' title='bbox 2415 4968 2761 5022; x_wconf 89' lang='lat' dir='ltr'><strong>medietatem</strong></span> <span class='ocrx_word' id='word_1_678' title='bbox 2790 4968 2843 5020; x_wconf 92' lang='lat' dir='ltr'><strong>in</strong></span> <span class='ocrx_word' id='word_1_679' title='bbox 2871 4962 3181 5035; x_wconf 84' lang='lat' dir='ltr'><strong>supradicto</strong></span> <span class='ocrx_word' id='word_1_680' title='bbox 3209 4964 3567 5018; x_wconf 88' lang='lat' dir='ltr'><strong>monasterio.</strong></span> 
     </span>
    </p>
   </div>
   <div class='ocr_carea' id='block_1_103' title="bbox 2272 5054 3784 5129">
    <p class='ocr_par' dir='ltr' id='par_1_103' title="bbox 2272 5054 3784 5129">
     <span class='ocr_line' id='line_1_103' title="bbox 2272 5054 3784 5129; baseline -0.003 -16"><span class='ocrx_word' id='word_1_681' title='bbox 2272 5060 2545 5129; x_wconf 87' lang='lat' dir='ltr'><strong>Scriptum</strong></span> <span class='ocrx_word' id='word_1_682' title='bbox 2567 5075 2664 5129; x_wconf 91' lang='lat' dir='ltr'><strong>per</strong></span> <span class='ocrx_word' id='word_1_683' title='bbox 2687 5073 2883 5112; x_wconf 90' lang='lat' dir='ltr'><strong>manus</strong></span> <span class='ocrx_word' id='word_1_684' title='bbox 2901 5057 3043 5110; x_wconf 79' lang='lat' dir='ltr'><strong>Petri</strong></span> <span class='ocrx_word' id='word_1_685' title='bbox 3071 5055 3366 5118; x_wconf 89' lang='lat' dir='ltr'><strong>scriniarii,</strong></span> <span class='ocrx_word' id='word_1_686' title='bbox 3390 5054 3593 5110; x_wconf 77' lang='lat' dir='ltr'><strong>notarii</strong></span> <span class='ocrx_word' id='word_1_687' title='bbox 3622 5063 3784 5122; x_wconf 84' lang='lat' dir='ltr'><strong>atque</strong></span> 
     </span>
    </p>
   </div>
   <div class='ocr_carea' id='block_1_104' title="bbox 2200 5144 3781 5219">
    <p class='ocr_par' dir='ltr' id='par_1_104' title="bbox 2200 5144 3781 5219">
     <span class='ocr_line' id='line_1_104' title="bbox 2200 5144 3781 5219; baseline -0.006 -16"><span class='ocrx_word' id='word_1_688' title='bbox 2200 5150 2491 5219; x_wconf 83' lang='lat' dir='ltr'><strong>regionarii</strong></span> <span class='ocrx_word' id='word_1_689' title='bbox 2527 5158 2728 5202; x_wconf 78' lang='lat' dir='ltr'><strong>sancta:</strong></span> <span class='ocrx_word' id='word_1_690' title='bbox 2775 5147 3032 5203; x_wconf 71' lang='lat' dir='ltr'><strong>iiomanze</strong></span> <span class='ocrx_word' id='word_1_691' title='bbox 3062 5144 3339 5212; x_wconf 68' lang='lat' dir='ltr'><strong>Ecciesiw,</strong></span> <span class='ocrx_word' id='word_1_692' title='bbox 3368 5145 3420 5198; x_wconf 89' lang='lat' dir='ltr'><strong>in</strong></span> <span class='ocrx_word' id='word_1_693' title='bbox 3462 5165 3654 5199; x_wconf 83' lang='lat' dir='ltr'><strong>mense</strong></span> <span class='ocrx_word' id='word_1_694' title='bbox 3676 5144 3781 5197; x_wconf 68' lang='lat' dir='ltr'><strong>riu-</strong></span> 
     </span>
    </p>
   </div>
   <div class='ocr_carea' id='block_1_105' title="bbox 2200 5242 2710 5311">
    <p class='ocr_par' dir='ltr' id='par_1_105' title="bbox 2200 5242 2710 5311">
     <span class='ocr_line' id='line_1_105' title="bbox 2200 5242 2710 5311; baseline 0 -18"><span class='ocrx_word' id='word_1_695' title='bbox 2200 5242 2361 5311; x_wconf 84' lang='lat' dir='ltr'><strong>gttsti,</strong></span> <span class='ocrx_word' id='word_1_696' title='bbox 2392 5242 2578 5294; x_wconf 74' lang='lat' dir='ltr'><strong>indici.</strong></span> <span class='ocrx_word' id='word_1_697' title='bbox 2612 5255 2710 5293; x_wconf 82' lang='lat' dir='ltr'><strong>xu.</strong></span> 
     </span>
    </p>
   </div>
  </div>
