3984 5316
206 181 337 239 I597

1356 171 1713 229 EPISTOLIE
1754 175 1839 228 ET
1875 173 2215 230 DECRETA.

3317 167 3455 223 I598

201 292 322 350 dicti
353 289 544 346 summi
573 286 844 355 pontificis
871 294 926 340 et
959 283 1282 339 universalis
1309 298 1460 353 papae
1493 283 1669 337 octavi
1715 284 1766 336 in
1797 291 1844 347 Α
1877 285 2114 348 ritatem,
2149 284 2478 353 honorisque
2527 286 2891 345 honestatem,
2918 280 3016 350 ipsi
3049 279 3455 336 Fructuarie'nsi

200 381 557 441 sacratissima
585 379 712 433 sede
758 377 898 430 beati
928 375 1074 430 Petri
1123 374 1349 445 apostoli
1384 374 1565 428 tertio.
1595 373 1767 442 Impe-

197 483 345 532 ranle
376 475 572 528 domno
612 470 847 524 Henrico
877 484 904 521 a
930 467 1041 522 Deo
1067 477 1328 521 coronato
1369 479 1567 534 magno
1591 473 1646 520 et
1671 480 1766 536 pa-

197 569 346 624 cilico
376 567 719 635 imperatore,
753 576 895 615 anno
918 559 1033 628 ejus
1056 558 1251 628 primo.

910 651 1044 706 XIII.

198 755 434 827 Synodus
476 753 712 807 Romana
750 748 1016 827 Benedicti
1044 746 1196 827 .I’llI
1219 787 1233 810 ,
1271 747 1456 827 inhqua
1499 742 1765 796 Fructua-

457 827 640 878 riensis
673 821 889 875 σαεηοὺἰὶ
925 819 1246 888 privilegium
1273 817 1488 870 editum.

769 914 952 985 (Anno
989 911 1170 980 1015.)

565 1007 779 1081 [Μυεῃ
815 1004 1016 1059 Coucil.
1050 1001 1193 1064 XIX,
1225 999 1377 1071 561.]

255 1103 310 1158 In
335 1102 548 1156 nomine
571 1107 772 1152 sancire
786 1105 838 1149 et
861 1093 1148 1149 individua:
1168 1090 1471 1144 Trinitatis.
1487 1087 1642 1141 Anno
1669 1085 1760 1155 qui

189 1203 526 1262 computatur
541 1190 608 1243 ab
622 1186 992 1243 incarnatione
1007 1181 1374 1250 Domini101
1386 1178 1456 1248 5,
1475 1177 1762 1232 indictione

189 1303 286 1351 xu,
331 1283 601 1340 residente
641 1282 695 1336 in
747 1279 951 1350 synodo
980 1276 1197 1332 domino
1227 1283 1282 1327 et
1339 1273 1574 1342 glorioso
1619 1283 1758 1339 papa

186 1378 472 1433 Benedicto
532 1373 673 1429 intra
739 1372 1017 1426 basilicam
1072 1369 1525 1431 Lateranensem,
1589 1363 1760 1416 adfuit

187 1469 397 1537 quidem
427 1467 596 1520 abbas
643 1461 902 1518 Willclmi
932 1461 1180 1524 nomine,
1210 1460 1462 1530 quiddam
1496 1465 1758 1525 prtestan-

185 1560 306 1612 dum
335 1557 598 1625 valdeque
643 1555 776 1608 utile
802 1568 832 1606 a
865 1563 1110 1606 materno
1142 1550 1462 1605 universalis
1501 1547 1754 1603 Ecclesia!

185 1649 300 1702 sinu
352 1647 668 1716 suppliciter
697 1659 1010 1712 exposcens,
1044 1643 1293 1696 videlicet
1338 1651 1396 1694 ut
1427 1643 1756 1693 monasterio
1791 1630 1833 1684 Β

183 1738 605 1800 Fructuaricnsi,
646 1737 786 1805 quod
816 1736 868 1788 in
901 1737 1162 1789 honorem
1193 1733 1310 1797 Dei,
1340 1740 1396 1785 et
1427 1730 1637 1784 Domini
1663 1744 1759 1782 no-

184 1833 280 1885 stri
315 1830 439 1884 Jesu
469 1830 698 1893 Christi,
727 1827 949 1896 ejusque
979 1828 1313 1880 intemerata:
1357 1821 1667 1884 Genitricis,
1702 1821 1756 1874 in

183 1933 405 1991 paterno
435 1921 552 1976 solo
587 1927 988 1982 construxerat,
1018 1916 1310 1986 apostolica
1342 1915 1574 1985 dignitas
1598 1913 1758 1966 liber-

185 2016 308 2069 tatis
334 2013 649 2082 suffragium
695 2011 994 2066 exhiberet.
1033 2009 1196 2077 Cujus
1225 2009 1468 2078 petitioni
1501 2007 1756 2060 Romana:

182 2105 320 2158 sedis
346 2119 452 2158 non
481 2102 873 2157 contemnenda
909 2100 1212 2154 sublimitas
1239 2113 1520 2152 assensum
1551 2097 1754 2150 idcirco

183 2208 286 2252 tam
313 2197 569 2250 lacillime
609 2197 853 2266 praebuit,
881 2195 1004 2263 quia
1037 2192 1318 2263 pnel'atum
1366 2191 1754 2245 monasterium

181 2286 235 2340 in
266 2287 482 2341 deserto
517 2285 654 2350 loco,
679 2285 822 2338 unde
871 2283 1047 2336 nullus
1075 2297 1308 2350 unquam
1334 2281 1617 2350 episcopus
1659 2279 1756 2333 ali-

181 2377 328 2442 cujus
359 2377 438 2432 vel
486 2377 709 2430 decima:
741 2375 1007 2429 redditum
1046 2375 1288 2428 noscitur
1313 2373 1588 2434 habuisse,
1633 2371 1753 2425 fun-

181 2468 342 2529 davit,
387 2477 440 2524 et
475 2466 770 2534 apostolica
831 2465 1050 2534 regalia,
1094 2479 1304 2518 necnon
1354 2472 1408 2518 et
1453 2463 1750 2532 imperialia

179 2564 499 2610 testamenta
530 2556 848 2624 acquisivit,
875 2553 1082 2621 justum
1116 2562 1298 2607 votum
1339 2552 1652 2621 justumque
1678 2551 1753 2605 la.

178 2647 359 2700 boretn
408 2647 499 2716 pie
543 2646 753 2700 cunctis
779 2645 1113 2712 javantihus.
1145 2643 1412 2698 Praaterea
1451 2643 1590 2696 idem
1637 2642 1752 2711 ipse

175 2732 543 2789 Warmundus
604 2735 888 2803 episc0pus
956 2733 1323 2802 liipporiensis
1397 2731 1509 2803 [qui
1565 2731 1750 2784 melius

174 2823 574 2894 Eporediensis.
635 2823 737 2879 Sed
790 2841 896 2878 a'vo
943 2824 1034 2877 illo
1095 2826 1168 2877 ita
1225 2824 1436 2894 iaculi],
1491 2825 1543 2877 in
1595 2823 1750 2893 cujus

173 2917 426 2985 cpiscopii
493 2916 662 2970 limite
720 2917 862 2970 idem
930 2915 1078 2970 locus
1138 2916 1273 2970 situs
1341 2929 1461 2969 esse
1510 2915 1744 2978 videtur,

170 3024 328 3062 manu
390 3010 614 3078 propria
679 3008 933 3071 ﬁrmavit,
967 3008 1254 3076 pluresque
1308 3007 1525 3062 ﬁrmare
1586 3021 1745 3075 rega-

166 3103 241 3155 vit
269 3101 562 3171 episcopos
608 3109 1015 3163 testamentum,
1044 3100 1131 3153 ubi
1173 3098 1749 3153 exconununicationis

167 3200 362 3244 nostum
406 3190 713 3244 minamine
754 3189 1069 3258 prohibetur
1102 3189 1386 3243 temeraria
1426 3197 1748 3244 cunctorum

166 3282 450 3335 hominum
479 3281 724 3345 audacia,
756 3281 1007 3335 videlicet
1039 3296 1110 3335 ne
1139 3297 1241 3349 qua
1273 3281 1439 3351 regia,
1473 3282 1749 3349 episcopa-

171 3373 257 3433 lis,
289 3375 373 3428 vel
424 3373 728 3442 cujuspiam
765 3372 1019 3426 mundani
1049 3373 1132 3426 vel
1164 3373 1519 3427 ecclesiastici
1545 3373 1748 3426 ordinis

169 3465 630 3534 dignitasvalcat,
665 3463 764 3518 sub
793 3464 1155 3532 qualicunque
1202 3463 1490 3536 occasione
1519 3463 1744 3517 saecula-

169 3557 242 3610 ris
274 3558 535 3621 ambitus,
565 3555 644 3610 vel
669 3555 1052 3609 ecclesiastica:
1078 3555 1620 3624 religionis'obtentu,
1651 3555 1747 3607 ha-

167 3647 431 3703 bitatores
463 3647 606 3701 illius
635 3647 735 3700 loci
774 3647 884 3701 ulio
934 3647 1093 3700 modo
1117 3646 1443 3715 inquietare.
1474 3645 1626 3699 Unde
1653 3647 1745 3700 tio-

166 3739 344 3794 minus
385 3739 708 3792 Benedictus
735 3737 1054 3792 universalis
1097 3739 1339 3805 pontifex
1369 3739 1434 3791 ad
1459 3737 1742 3792 conﬁrma‘

166 3832 365 3886 tionem
401 3841 849 3887 testamentorum
884 3833 1126 3886 omnium
1167 3833 1307 3886 unde
1365 3833 1742 3888 corroboratus

165 3933 249 3978 est
279 3925 432 3979 locus
458 3925 570 3994 ipse
598 3925 1051 3986 Frueluariensis,
1087 3939 1243 3978 sacro
1270 3940 1366 3978 suo
1391 3941 1512 3979 cum
1542 3926 1742 3980 dotavit

164 4017 453 4086 privilegio
485 4034 498 4069 ε
530 4017 751 4085 insuper
792 4016 914 4080 hoc,
941 4015 1026 4069 cui
1051 4017 1228 4069 omnis
1256 4015 1371 4069 haec
1395 4024 1583 4069 sancta
1617 4031 1741 4085 syn-

168 4109 343 4161 nodus
379 4108 570 4161 favens
602 4107 990 4170 subscriberet,
1014 4121 1239 4184 exarare
1280 4106 1539 4175 praecepit
1561 4108 1742 4160 decre-

163 4206 297 4252 tum.
341 4197 682 4254 Unanimiter
707 4213 834 4267 ergo
873 4197 1006 4250 tanti
1042 4197 1240 4261 Patris,
1279 4200 1586 4268 summique
1614 4215 1743 4267 pon-

164 4288 324 4341 tilicis
360 4287 724 4341 libentissime
762 4295 1012 4357 parentes
1066 4288 1315 4356 imperio,
1363 4289 1745 4345 saluberrimo-
1771 4313 1820 4370 D

160 4393 264 4446 que
287 4377 409 4445 ejus
434 4377 774 4444 subiacentes
805 4379 1074 4433 desiderio
1105 4380 1169 4451 lf.
1200 4382 1336 4435 deest
1382 4381 1425 4435 si
1453 4381 1586 4453 qui].
1619 4397 1742 4437 cor-

160 4482 416 4536 mmpcre
448 4468 698 4521 nituntur
739 4478 899 4523 tanta:
948 4471 1289 4525 auctoritatis
1323 4471 1633 4541 privilegia,
1660 4482 1743 4526 at-

159 4571 264 4624 que
291 4557 501 4610 violare
530 4557 642 4622 illa,
667 4572 1002 4628 qumcunque
1044 4560 1125 4614 vel
1170 4575 1199 4612 a
1244 4559 1528 4614 Guntardo
1554 4562 1739 4626 levita,

157 4649 240 4701 vel
276 4651 344 4703 ab
379 4648 670 4718 episcopis,
698 4659 791 4705 aut
819 4667 847 4704 a
875 4651 1089 4721 regibus
1128 4651 1224 4721 ipsi
1257 4661 1445 4705 sancto
1481 4653 1743 4707 Fructua-

159 4739 322 4794 riensi
398 4741 647 4796 emnobio
696 4743 921 4808 collata,
979 4743 1060 4796 vel
1124 4741 1324 4796 fuerint
1375 4753 1738 4801 testamenta:

159 4828 305 4896 ipsos
333 4830 672 4885 conﬁdenter
703 4833 816 4888 haec
864 4842 1048 4887 sancta
1095 4833 1333 4904 synodus
1361 4835 1593 4891 ecclesia
1622 4851 1740 4908 per-

155 4921 294 4972 cnlit
319 4921 372 4972 in
405 4919 604 4987 gladio,
639 4933 821 4993 utpote
843 4924 1277 4978 contradicentes
1297 4923 1419 4992 jura
1451 4930 1738 5000 majorum,

155 5009 492 5077 Patrumque
523 5012 763 5069 instituta
811 5022 1218 5070 contemnentes
1259 5024 1598 5087 sanctorum,
1648 5020 1738 5088 qui

154 5109 360 5164 sanctze
404 5099 663 5157 Romanae
684 5104 938 5161 Ecclesia:
969 5105 1034 5158 ab
1065 5105 1182 5173 ipso
1203 5106 1568 5169 apostolorum
1603 5123 1742 5167 tem-

152 5207 284 5258 pore
331 5205 550 5244 onmem
581 5195 941 5252 obedientiam
972 5212 1000 5250 a
1029 5193 1242 5251 cunctis
1266 5197 1552 5259 ordinibus
1582 5203 1730 5261 exhi«

980 5284 1294 5316 11..ἶιιριηηι1;
1332 5294 1496 5316 θυι-ιζ-
1531 5299 1541 5309 ⁸
1621 5307 1631 5316 ι

153 5282 381 5316 Iun-ultu“
419 5281 534 5316 Γιιιιη
566 5286 915 5316 ιΙηη...-...Α...-ηιι

1775 2965 1818 3028 C

1871 377 2220 439 monasterio,
2272 376 2492 444 suisque
2549 375 2854 429 rectoribus
2882 387 2980 442 per
3013 381 3160 424 tanta
3208 385 3273 425 ac
3323 368 3454 424 talia

1872 479 2123 519 concessa
2157 475 2283 518 sunt
2321 473 2668 519 testamenta.
2703 464 2832 529 Quae
2860 462 3172 530 quicunque
3201 475 3452 514 servave-

1873 557 1999 622 rint,
2032 556 2326 610 dilexerint
2352 565 2409 610 ct
2440 556 2850 625 ruagnilicanles
2881 552 3151 614 auxerint,
3183 550 3454 617 gaudeant

1871 660 1989 702 cum
2019 648 2100 701 eis
2123 663 2352 715 quorum
2381 647 2600 701 nomina
2636 646 2836 714 scripta
2869 653 2995 696 sunt
3044 643 3096 694 in
3143 641 3281 696 ccelo
3315 659 3328 694 :
3358 640 3451 709 qui

1867 743 2048 788 autem
2079 737 2528 804 contempserint,
2558 734 2922 803 corruperint,
2953 741 3006 786 et
3037 746 3135 800 pro
3168 745 3326 800 posse
3351 730 3448 784 de-

1867 825 2115 889 leverint,
2146 837 2393 892 caveant,
2427 843 2494 880 ne
2520 835 2573 881 et
2611 826 2710 895 ipsi
2762 825 3045 877 deleantur
3073 823 3138 875 de
3184 821 3324 874 libro
3367 819 3450 873 vi-

1867 917 2125 977 ventium,
2176 926 2378 970 etcum
2426 917 2588 985 justis
2635 932 2740 969 non
2783 915 3089 967 scribantur
3138 927 3150 962 :
3194 909 3448 977 quoniam

1866 1006 1968 1058 nisi
2003 1006 2329 1074 resipucrint
2357 1006 2425 1059 ab
2457 1008 2558 1060 hac
2601 1004 2864 1072 nequitia,
2892 1019 2919 1055 a
2953 1002 3166 1055 cunctis
3193 1002 3352 1054 etiam
3387 1013 3446 1052 se

1865 1097 2116 1150 noverint
2139 1098 2657 1151 excommunicatos.
2679 1095 2917 1161 Quorum
2932 1094 3018 1146 hic
3040 1093 3224 1146 subter
3245 1090 3446 1157 scripta

1863 1199 1987 1242 sunt
2019 1192 2255 1244 nomina.

1939 1280 2050 1348 Ego
2080 1280 2407 1335 Benedictus
2436 1280 2493 1335 S.
2528 1281 2787 1333 Romanae
2818 1276 3070 1331 Ecclesnac
3092 1272 3310 1343 prmsul.

1934 1372 2044 1442 Ego
2072 1374 2355 1427 Eribertus
2407 1373 2516 1444 [qui
2565 1384 2612 1425 et
2647 1370 2928 1424 Aribertus
2974 1365 3208 1437 uocatus]
3237 1365 3295 1419 S.
3334 1362 3448 1418 Me-

1863 1466 2194 1520 diolancnsis
2228 1467 2692 1535 archiepiscopus.

1931 1557 2042 1626 Ego
2070 1555 2293 1610 Michael
2333 1556 2790 1624 archiepiscopus.

1932 1649 2042 1718 Ego
2097 1649 2439 1704 Thcobaldus
2493 1659 2694 1702 sanctae
2751 1643 3140 1702 Veliternensis
3189 1640 3445 1696 Ecclesia:

1860 1742 2163 1812 episc0pus.

1933 1833 2044 1900 Ego
2092 1833 2284 1886 Petrus
2327 1839 2528 1887 sanctae
2559 1830 3011 1886 Prienestincnsis
3040 1827 3292 1882 Ecclesia:
3319 1839 3436 1894 cpt—

1860 1939 2078 1992 Scopus.

1931 2014 2042 2083 Ego
2073 2016 2221 2068 Cono
2253 2014 2530 2068 l‘erusinze
2559 2029 2865 2084 episcopus.

1928 2105 2038 2174 Ego
2071 2105 2344 2158 Arduinus
2379 2105 2869 2158 Montel’cretranus
2898 2101 3200 2170 episcopus.

1928 2197 2040 2265 Ego
2071 2195 2263 2249 Petrus
2290 2195 2632 2249 Castellanus
2660 2197 2967 2264 episcopus.

1927 2285 2038 2353 Ego
2076 2286 2265 2337 Emino
2293 2286 2580 2354 episcopus
2611 2283 3017 2337 Asculanensis.

1928 2376 2039 2443 ligo
2074 2376 2398 2430 Adelbertus
2421 2379 2709 2444 episcopus
2733 2374 3078 2443 Spolctanus.

1926 2465 2037 2533 Ego
2060 2464 2384 2519 Lambertus
2415 2466 2704 2533 episcopus
2735 2461 3186 2516 Polimartiensis.

1924 2555 2038 2623 Ego
2065 2554 2299 2610 Joannes
2333 2555 2617 2623 episcopus
2647 2552 3136 2622 Balneoregiensis.

1927 2645 2038 2714 Ego
2070 2644 2363 2699 Deusdedit
2409 2653 2613 2698 sancta:
2640 2643 2894 2698 Ecclesiae
2930 2642 3199 2696 Amerina:
3227 2641 3436 2711 episco-

1853 2751 1972 2806 pus.

1927 2827 2036 2894 Ego
2070 2826 2396 2881 Benedictus
2421 2826 2722 2896 episcopus.

1933 2920 2042 2989 Ego
2063 2908 2309 2974 'Joannes
2341 2919 2692 2984 Quieslhomo
2715 2918 3019 2986 episcopus.

1924 3011 2034 3078 Ego
2082 3010 2392 3079 Stephanus
2426 3008 2740 3061 Narniensis
2769 3007 3024 3061 Ecclesia:
3052 3005 3358 3076 episcopus.

1925 3100 2037 3168 Ego
2065 3098 2362 3174 Gregorius
2395 3100 2684 3167 episcopus
2715 3097 2780 3150 N.

1923 3191 2036 3260 Ego
2061 3190 2301 3244 Joannes
2329 3200 2530 3244 sanctae
2570 3190 2780 3243 Alinxm
2801 3189 3107 3259 episcopus.

1923 3281 2036 3351 Ego
2061 3280 2301 3336 Joannes
2331 3289 2534 3336 sanctae
2571 3280 2881 3335 Tudertinzn
2933 3279 3177 3335 ecclesias
3225 3277 3434 3348 episco-

1889 3389 1972 3426 IIS.

1889 3389 1972 3426 us.
3045 3403 3047 3406 -

1850 3388 1884 3442 ρ
1920 3465 2030 3533 Ego
2053 3463 2400 3518 Crescentius
2423 3470 2628 3517 sancta:
2647 3461 3010 3515 Phalaritanae
3038 3459 3432 3530 [f.,Calaurita—

1852 3551 1953 3626 me]
1993 3557 2245 3610 Ecclesitc
2272 3557 2575 3624 episcopus.

1919 3649 2032 3719 Ego
2061 3649 2291 3703 domnus
2341 3656 2545 3702 sancta:
2578 3645 2918 3700 Sutrinensis
2944 3645 3201 3698 Ecclesia:
3226 3643 3434 3714 episca-

1850 3755 1948 3810 pus

1922 3833 2031 3898 Ego
2057 3832 2248 3884 Petrus
2272 3832 2764 3885 Centumcellensxs
2800 3827 3060 3882 Ecclesia:
3086 3827 3393 3895 episcopus.

1923 3925 2036 3993 Ego
2063 3922 2302 3977 Joannes
2346 3931 2548 3976 sanctae
2577 3921 2874 3974 Suanensis
2924 3919 3178 3973 Ecclesia:
3219 3919 3432 3986 episco~

1848 4030 1964 4084 pus.
2808 4082 2811 4085 _

1922 4105 2031 4174 Ego
2060 4102 2374 4157 lIeldericus
2405 4102 2783 4158 Urhevetanus
2811 4101 3118 4170 episcopus.

1918 4197 2029 4268 Ego
2063 4197 2198 4250 Boto
2236 4196 2542 4263 episcopus.
2615 4204 2617 4206 '

1921 4290 2033 4360 Ego
2070 4287 2338 4340 llenricus
2364 4285 2782 4354 Populonicnsis
2813 4286 3121 4355 episcopus.

1918 4381 2028 4451 Ego
2058 4379 2322 4447 Georgius
2350 4377 2766 4431 Assisinatcnsis
2789 4378 3092 4446 episcopus.

1919 4473 2030 4543 Ego
2061 4470 2410 4526 Theobaldus
2445 4479 2647 4522 sanetm
2676 4468 2997 4522 Albanensis
3036 4466 3290 4520 Ecclesiae
3313 4469 3432 4536 epi-

1845 4581 2059 4634 scopus.
2632 4571 2636 4576 ’

1919 4656 2027 4724 Ego
2055 4652 2359 4722 Raynerius
2380 4650 2704 4707 Roselensis
2738 4648 2991 4704 Ecclesia:
3021 4659 3326 4714 episcopus.

1918 4745 2026 4815 Ego
2059 4743 2383 4796 Lambcrlus
2413 4740 2781 4806 Lingonensis
2806 4737 3056 4790 Ecclesiae
3083 4732 3391 4800 episcopus.

1916 4837 2024 4907 Ego
2070 4834 2398 4888 Benedictus
2451 4839 2668 4885 sancta:
2697 4825 3018 4884 Castriensis
3047 4821 3302 4877 Ecclesia:
3335 4823 3451 4890 epi-

1843 4945 2054 5000 sc0pus.
2587 4939 2592 4944 '
3059 4929 3062 4932 ’

1915 5024 2027 5092 Ego
2062 5020 2260 5074 Petrus
2316 5027 2519 5070 sanctae
2550 5008 2932 5085 Pipcrnensis
2975 5003 3229 5064 Ecclesiae
3257 5002 3470 5066 episce-

1843 5131 1960 5186 pus.
2239 5149 2242 5151 -
2581 5122 2584 5126 ’
2697 5151 2700 5154 ι
2883 5121 2887 5124 ’
3101 5185 3114 5190 _
3187 5180 3196 5189 ο
3344 5180 3355 5190 _

1914 5207 2025 5276 Ego
2058 5199 2388 5268 Lintulphus
2413 5203 2620 5251 sancta:
2672 5191 2966 5258 Trivensis
2998 5185 3246 5245 ECCICSIIB
3272 5185 3479 5246 episco-
