3984 5316
567 317 708 375 1599

636 430 753 501 Ego
776 428 1053 484 Deodatus
1068 422 1479 480 Terrat-inensis
1507 422 1763 478 Ecclesia:
1784 422 2088 493 episcopus.

639 521 757 592 Ego
785 518 1019 573 Joannes
1046 515 1320 570 Fundana:
1340 514 1595 567 Ecclesia:
1623 514 1934 583 episcopus.

638 612 752 682 Ego
782 612 1049 665 Robertus
1076 605 1356 674 Signensis
1389 605 1644 659 Ecclesia!
1670 605 1974 673 episcopus.

642 703 755 772 Ego
785 700 1107 756 Benedictus
1134 697 1456 752 Ferentinas
1485 696 1738 751 Ecclesiae
1760 696 2062 765 episcopus.

641 795 753 865 Ego
781 792 1094 862 Sigelredus
1121 789 1445 844 Placentina:
1470 788 1725 842 Ecclesia:
1746 789 2050 856 episcopus.

648 884 764 953 Ego
797 881 1108 951 Raynaldus
1136 878 1445 934 Ticinensis
1475 878 1729 931 Ecclesiae
1758 878 2065 946 episcopus.

644 973 760 1044 Ego
796 971 1151 1039 Lamlnlphns
1182 970 1537 1023 Taurinensis
1566 968 1823 1023 E«~clesi:e
1849 968 2155 1038 episcopus.

647 1066 760 1136 Ego
793 1064 1059 1119 llenricus
1087 1062 1463 1115 Parmensinm
1491 1061 1802 1128 episcopus.

645 1158 757 1227 Ego
791 1154 1143 1208 [)ertonensis
1176 1152 1432 1207 Ecclesia
1463 1150 1767 1220 episcopus.

648 1250 759 1320 Ego
788 1250 1024 1304 Joannes
1051 1245 1355 1316 presbyter,
1378 1254 1432 1299 et
1453 1242 1745 1299 cardinalis
1784 1239 1920 1295 tituli
1949 1238 2161 1296 Sancte

574 1342 854 1399 Susannze.

645 1435 760 1505 Ego
793 1433 1145 1502 Landnlpbus
1167 1428 1471 1485 Gennensis
1502 1425 1756 1483 Ecclesia.
1779 1424 2082 1492 episcopus.

646 1525 760 1594 Ego
793 1524 1101 1594 Stephanus
1141 1520 1425 1592 presbyter
1454 1516 1750 1574 cardinalis
1780 1513 1917 1569 tituli
1950 1512 2162 1567 Sanctae

574 1616 825 1674 thcilias.

650 1709 759 1778 Ego
785 1707 1070 1778 presbyter
1094 1703 1292 1758 Petrus
1336 1709 1393 1757 et
1441 1700 1735 1757 cardinalis
1785 1696 1923 1752 tituli
1971 1694 2157 1750 Sancti

577 1801 739 1857 Sinti.

648 1892 759 1960 Ego
797 1890 1032 1945 Joannes
1067 1889 1354 1960 presbyter
1384 1897 1438 1942 et
1463 1884 1752 1941 cardinalis
1781 1884 1919 1939 tituli
1973 1882 2160 1937 Sancti

579 1982 842 2037 Marcelli.

648 2072 761 2141 Ego
808 2070 1002 2126 Petrus
1028 2070 1313 2140 presbyter
1358 2075 1411 2123 et
1446 2065 1744 2122 cardinalis
1790 2064 1929 2119 tituli
1976 2062 2162 2118 Sancti

580 2163 771 2218 Marci.

658 2255 769 2323 Ego
800 2255 993 2309 Penus
1022 2252 1306 2324 presbyter
1352 2259 1407 2307 et
1452 2250 1748 2306 cardinalis
1802 2248 1941 2303 tituli
1979 2246 2162 2302 Sancti

582 2344 850 2398 Damasci.

650 2436 763 2505 Ego
786 2434 1130 2515 Qrescenlius
1154 2434 1434 2504 presbyter
1457 2441 1510 2487 et
1540 2431 1830 2487 cardinalis
1863 2430 1998 2484 tituli
2029 2429 2165 2484 San-

580 2529 654 2585 cti
686 2528 948 2597 Slcpltani
976 2529 1025 2581 itt
1058 2528 1327 2582 Celerina.

653 2618 767 2689 Ego
824 2618 1177 2672 Sebastianus
1225 2618 1513 2689 presbyter
1566 2625 1623 2670 et
1676 2616 1972 2671 cardinalis
2027 2613 2163 2668 tituli

569 2707 768 2763 Sancti
797 2707 1112 2761 Clementis.
1190 2722 1197 2729 ‘

652 2800 763 2869 Ego
793 2798 1116 2852 Benedictus
1146 2797 1430 2852 diaconus.

655 2887 769 2957 Ego
798 2887 1141 2942 Crescentius
1174 2889 1457 2943 diaconus.

655 2980 769 3051 ligo
806 2978 1043 3034 Joannes
1074 2984 1354 3034 diaconus.

659 3071 772 3142 Ego
799 3072 1149 3126 CreScentins
1178 3071 1458 3125 diaconus.

655 3160 768 3230 Ego
797 3161 989 3215 Petrus
1030 3163 1292 3215 diaconus
1347 3170 1550 3215 sancta:
1597 3159 1853 3215 Romana:
1888 3158 2169 3227 Ecclesim,

586 3266 644 3312 et
671 3257 1028 3313 cancellarins
1058 3257 1202 3311 sacri
1230 3257 1431 3325 palatii.

662 3348 774 3416 Ego
802 3348 1009 3402 Franco
1040 3349 1321 3401 diaconus.

661 3439 775 3509 Ego
804 3438 1150 3506 Landnlphus
1178 3438 1557 3492 Cremonensis
1585 3445 1786 3492 custos.

663 3529 777 3600 Ego
813 3531 987 3586 Gnido
1017 3534 1206 3585 abbas.

664 3623 780 3691 Ego
817 3625 1124 3677 Dominicus
1163 3623 1330 3678 abbas
1356 3623 1631 3694 Capitolii.

670 3714 782 3783 Ego
808 3712 1045 3767 Joannes
1075 3714 1239 3767 abbas
1268 3714 1451 3768 Sancti
1487 3712 1761 3768 Silvestri.

670 3808 782 3875 Ego
804 3807 1041 3861 Joannes
1068 3806 1235 3860 abbas
1258 3807 1443 3861 Sancti
1476 3806 1732 3860 Mattbaai.

670 3898 781 3967 Ego
808 3898 1002 3952 Petrus
1034 3898 1199 3952 abbas
1236 3896 1448 3951 Sanctae
1485 3896 1669 3951 Maria:
1704 3898 1770 3949 ad
1802 3895 2048 3953 Vincula.

672 3990 840 4055 Cujus
869 3990 1176 4045 testamenti
1205 3990 1448 4043 notitiam
1475 3989 1731 4057 praecepit
1774 3989 2014 4043 scribere
2047 3985 2176 4040 mihi

599 4081 923 4146 Benedicto,
979 4079 1120 4133 sacri
1175 4079 1358 4148 palatii
1405 4079 1720 4142 scriniario,
1750 4078 1999 4133 dominus
2042 4091 2180 4147 papa

603 4172 954 4235 Benedictus,
995 4170 1152 4225 tertio
1182 4170 1269 4224 die
1299 4170 1499 4223 tncnsis
1526 4167 1789 4223 Januarii.

1328 4259 1465 4315 XIV.

601 4356 914 4414 Benedictus
975 4354 1122 4411 VIII
1176 4356 1417 4421 Ponponi
1460 4356 1847 4426 archiepiscopo
1894 4352 2181 4408 (revirensi

1176 4426 1394 4480 vallium
1424 4427 1601 4481 mittit.

1158 4572 1163 4575 _
1204 4516 1579 4590 (Annolt)l6.)

910 4609 1241 4683 [uomat-nat,
1272 4609 1412 4665 Hist.
1446 4609 1642 4665 Trevir.
1671 4608 1713 4673 l,
1742 4606 1895 4681 552.]

678 4699 1021 4755 BENEDICTUS
1051 4699 1357 4768 episc0pus,
1386 4714 1576 4753 servus
1608 4715 1887 4753 servorum
1919 4696 2037 4761 Dei.
2062 4698 2187 4753 bea-

607 4792 816 4847 tissimo
840 4792 1098 4846 conti-atri
1125 4800 1180 4845 et
1216 4790 1470 4860 episeOpo
1523 4790 1755 4844 PttPPONl
1790 4788 1847 4844 S.
1888 4788 2188 4844 Trevericre

610 4882 754 4936 sedis
805 4883 1215 4951 archiepiscopo
1260 4881 1554 4935 venerabili
1596 4891 1853 4936 aeternam
1876 4880 1930 4934 in
1960 4880 2189 4935 Domino

607 4971 836 5027 salutem
867 4983 921 5027 et
949 4974 1297 5042 apostolicam
1323 4972 1776 5027 benedictionem.

677 5062 997 5131 Apostolica:
1047 5063 1390 5118 sollicitudini
1439 5063 1691 5117 convenit
1741 5063 2031 5132 benignum
2061 5077 2187 5130 erga

609 5151 810 5208 fratres
834 5169 1046 5224 semper
1085 5156 1325 5225 pnebere
1353 5155 1627 5222 allectum,
1651 5170 1948 5226 eorumque
1974 5156 2188 5224 petitio-

2189 1765 2234 1823 Β

1778 308 2144 367 ΒΕΝΕΒΙΟΤΙ
2186 310 2297 366 VIII
2340 311 2543 370 PAPIE

3693 297 3803 359 loco

2180 432 2233 485 Α
2259 424 2438 491 nibus,
2468 442 2586 496 quin
2616 435 2747 481 rata:
2779 422 3240 492 rationabilesque
3278 422 3557 484 videntur,
3591 434 3803 476 comnio-

2258 517 2387 574 dare
2436 533 2739 573 assensum.
2801 517 3053 582 Proinde,
3105 516 3413 572 dulcissime
3458 514 3656 577 Irater,
3707 517 3808 583 quia

2256 610 2538 678 postulasti
2583 625 2612 663 a
2676 625 2762 665 me
2799 610 2874 664 uti
2917 608 3072 677 juxta
3122 625 3328 664 morem
3376 607 3808 676 pra-decesserunt

2260 710 2474 757 tuorum
2516 720 2669 757 nsum
2697 703 2791 757 tibi
2840 702 2981 770 pallii
3012 703 3453 765 concederemus,
3493 699 3719 753 libenter
3740 710 3811 755 tuo

2257 803 2384 848 voto
2407 796 2714 859 annuimus,
2746 794 2973 850 solerter
3015 801 3162 848 tuam
3197 804 3614 847 commonentes
3644 790 3811 847 frater-

2258 885 2485 940 nitatem
2532 895 2589 940 ut
2638 887 2927 941 exterioris
2986 886 3281 940 indumenti
3328 885 3581 939 habitum
3634 900 3812 938 mortua

2258 974 2526 1044 probitate
2555 991 2806 1039 exornes,
2837 976 3104 1045 talemque
3125 986 3176 1029 te
3204 977 3257 1029 in
3284 976 3544 1030 omnibus
3564 976 3814 1040 exhibeas,

2258 1075 2318 1119 ut
2364 1067 2597 1122 .creditte
2649 1068 3068 1136 dispensationis
3119 1065 3353 1121 cilicium
3403 1066 3669 1137 pastorali
3712 1083 3814 1120 cura

2259 1170 2475 1224 semper
2522 1156 2903 1212 administrare
2929 1159 3155 1212 studeas
3186 1177 3200 1211 ε
3254 1168 3381 1212 tunc
3409 1160 3561 1210 enim
3593 1158 3731 1210 velut
3755 1157 3812 1210 lu-

2262 1261 2451 1309 cerna,
2483 1262 2603 1315 qua:
2626 1249 2678 1300 in
2714 1249 2872 1302 domo
2910 1248 3122 1302 Domini
3164 1248 3325 1312 lucet,
3356 1248 3582 1302 cunctis
3621 1262 3816 1317 appare-

2258 1335 2344 1391 bis
2375 1339 2720 1405 conspicuus.
2772 1339 2842 1402 si,
2871 1339 2947 1392 uti
2974 1339 3227 1392 exteriori
3271 1339 3489 1402 habitu,
3534 1339 3609 1391 ita
3637 1348 3687 1391 et
3709 1339 3813 1391 inte-

2258 1429 2425 1493 riore,
2453 1427 2620 1483 fueris
2649 1430 2941 1483 adornatus
2965 1446 2981 1495 ;
3036 1445 3254 1484 crucem
3283 1429 3517 1494 Christi,
3560 1444 3714 1497 quam
3740 1429 3817 1484 sub

2259 1519 2406 1587 pallii
2433 1520 2612 1588 specie
2638 1530 2817 1591 gestas
2845 1521 2898 1575 in
2928 1536 3175 1592 corpore,
3208 1522 3353 1575 intus
3383 1523 3696 1578 decreveris
3720 1537 3818 1589 por-

2264 1623 2378 1667 tare
2402 1612 2452 1666 in
2479 1623 2678 1678 mente,
2706 1614 2945 1668 clamans
2974 1630 3094 1668 cmn
3125 1613 3379 1685 Apostolo
3413 1633 3429 1667 :
3469 1633 3490 1665 ι
3530 1614 3656 1668 Mihi
3690 1628 3818 1665 mun-

2263 1701 2362 1755 dus
2383 1703 2677 1756 crucilixus
2701 1711 2805 1766 est,
2828 1711 2884 1756 et
2903 1716 3000 1771 ego
3024 1703 3254 1767 mundo;
3282 1720 3300 1754 ι
3321 1702 3700 1756 desideranter
3717 1716 3820 1769 quo-

2264 1809 2371 1861 que
2398 1801 2453 1846 et
2482 1792 2611 1846 illud
2639 1794 2842 1847 addens
2870 1796 3182 1864 prophetae:
3214 1811 3234 1844 ι
3261 1792 3489 1864 Conlige
3516 1793 3685 1847 clavis
3717 1809 3744 1847 ι
3767 1793 3820 1848 tio

2263 1901 2417 1941 more
2447 1896 2537 1939 tuo
2584 1902 2782 1940 carnes
2810 1902 2976 1940 meas.
3006 1906 3025 1938 ι
3062 1885 3249 1939 Debita
3296 1886 3467 1956 igitur
3496 1888 3757 1940 charitate
3780 1895 3821 1940 te

2263 1980 2636 2042 admonentes,
2681 1979 2749 2033 ab
2774 1978 3063 2049 apostolica
3112 1978 3239 2031 sede
3289 1971 3515 2045 pallium
3551 1977 3646 2029 tibi
3678 1986 3821 2030 trans-

2262 2072 2552 2132 mittimus.
2631 2070 2790 2139 hujus
2849 2069 3112 2140 privilegii
3160 2069 3329 2123 nostri
3381 2068 3822 2123 auctoritatem-

2265 2174 2478 2219 tuentes
2504 2174 2561 2217 ut
2588 2163 2639 2216 in
2664 2162 3027 2217 celebratione
3051 2161 3355 2221 missarum,
3373 2160 3462 2215 his
3478 2160 3822 2213 tantummodo

2266 2256 2699 2310 solemnitatibus
2753 2269 2818 2308 eo
2845 2254 3137 2307 adornatus
3186 2252 3429 2315 incedas,
3465 2251 3711 2305 videlicet
3740 2267 3753 2302 :
3782 2249 3821 2302 in

2266 2346 2440 2401 Natali
2500 2347 2731 2408 Domini,
2782 2346 2834 2399 in
2866 2346 3162 2415 Epiphania
3194 2346 3425 2408 Domini,
3458 2348 3516 2399 in
3547 2343 3711 2399 Carna
3739 2341 3823 2396 Do-

2267 2437 2422 2501 mini,
2450 2437 2501 2489 in
2535 2436 2768 2497 Pascha,
2795 2434 3134 2495 Pentecoste,
3164 2444 3217 2488 et
3244 2433 3654 2488 inAscensione
3676 2430 3823 2485 Domi-

2268 2528 2355 2591 ni;
2403 2537 2458 2582 et
2503 2526 2887 2581 festivitatibus
2907 2537 3107 2580 sanctae
3143 2526 3235 2579 Dei
3260 2525 3564 2579 Genitricis
3594 2535 3646 2577 et
3670 2534 3825 2589 perpe-

2270 2626 2375 2670 tua:
2403 2617 2626 2685 virginis
2664 2616 2866 2680 Marias,
2896 2624 2951 2669 et
3002 2616 3055 2691 in
3086 2613 3263 2668 Natali
3296 2615 3476 2668 sancti
3501 2612 3722 2668 Joannis
3747 2611 3822 2663 Ba-

2268 2709 2467 2777 ptistae,
2518 2717 2571 2761 et
2604 2708 2655 2760 in
2689 2706 3118 2762 solemnitatibus
3172 2705 3416 2759 omnium
3454 2703 3818 2774 apos‘olorum,

2268 2807 2324 2852 et
2369 2799 2420 2851 in
2455 2797 2798 2851 solemnitate
2858 2795 3111 2851 Omnium
3155 2794 3533 2858 Sanctorum;
3598 2793 3650 2847 in
3703 2790 3822 2845 lestis

2270 2903 2483 2958 quoque
2513 2888 2724 2941 illorum
2770 2895 3081 2940 sanctorum
3125 2901 3355 2954 quorum
3386 2900 3624 2953 corpora
3651 2891 3702 2937 et
3727 2880 3822 2935 reli-

2270 2978 2410 3048 quiae
2442 2977 2493 3030 in
2520 2987 2610 3030 tuo
2632 2976 2941 3044 episcopatu
2966 2975 3328 3043 requiescunt,
3356 2983 3410 3028 et
3432 2973 3490 3027 in
3522 2972 3821 3027 dedicatione

2197 3103 2242 3163 Β
2276 3079 2380 3121 tua:
2399 3067 2675 3131 ecclesiae,
2718 3077 2772 3120 et
2807 3066 2860 3119 in
2890 3066 2976 3119 die
3000 3080 3193 3119 annua:
3243 3064 3612 3119 ordinationis
3644 3072 3762 3125 utar;
3782 3068 3823 3112 et

2273 3160 2317 3214 si
2347 3159 2565 3229 quando
2591 3173 2778 3213 sacros
2806 3158 3027 3211 ordines
3053 3166 3427 3224 competenter
3449 3154 3639 3209 facere
3672 3154 3823 3204 decre-

2273 3252 2442 3303 veris.
2499 3247 2862 3303 Cuncedimus
2922 3248 3112 3310 etiam,
3151 3247 3474 3300 charissime
3511 3240 3609 3306 liii,
3642 3253 3822 3295 crucem

2273 3351 2401 3394 ante
2439 3351 2488 3393 te
2509 3339 2728 3409 gestari.
2776 3336 3132 3407 Omnipotens
3167 3336 3426 3389 Dominus
3451 3332 3822 3388 fraternitatem

2275 3440 2443 3493 tuam,
2472 3430 2785 3484 dulcissime
2827 3430 3014 3493 frater,
3047 3429 3134 3482 hic
3179 3435 3234 3481 et
3266 3429 3317 3479 in
3341 3425 3530 3479 futuro
3568 3422 3821 3482 custodiat,

2276 3528 2460 3597 sicque
2490 3536 2699 3579 mentes
2734 3536 2951 3578 nostras
2978 3525 3029 3577 in
3056 3521 3278 3577 servitio
3299 3535 3398 3574 suo
3426 3520 3755 3575 corroboret.
3778 3518 3823 3564 ιιί

2276 3632 2374 3688 pro
2429 3617 2567 3672 bene
2620 3614 3013 3668 administrata:
3072 3610 3363 3682 pastoralis
3414 3624 3568 3664 cum:
3599 3600 3823 3661 ollicioin

2276 3717 2477 3762 mterna
2515 3705 2846 3759 beatitudine
2880 3702 3119 3758 laborem
3140 3708 3388 3757 nostrum
3410 3702 3733 3754 remuneret.

2348 3793 2492 3849 Bene
2518 3794 2654 3850 vale.

2352 3888 2483 3942 Data
2513 3902 2567 3941 v1
2593 3887 2716 3942 ldus
2743 3884 2943 3956 Aprilis
2986 3883 3208 3945 mensis,
3237 3897 3336 3952 per
3363 3897 3559 3936 manus
3585 3870 3820 3934 Benedicti

2280 3978 2537 4048 episcopi,
2592 3978 2904 4048 apostolica:
2948 3977 3094 4031 sedis
3129 3974 3308 4041 legati.
3338 3972 3602 4043 Anno“)
3641 3964 3819 4024 llenrici
3863 3998 3877 4015 .

2282 4068 2623 4125 invictissimi
2673 4069 2814 4137 regis
2869 4066 3240 4121 Romanorum
3280 4080 3424 4131 xm,
3490 4060 3698 4132 imperii
3721 4068 3819 4110 vero

2282 4161 2399 4230 ejus
2426 4177 2507 4226 nt,
2533 4161 2721 4216 indict.
2748 4175 2839 4216 xv.

2286 4346 2601 4423 Benedictus
2642 4345 2714 4423 γ]
2720 4344 2779 4423 1-1
2804 4252 3501 4423 ῌςηριάὶξῖανοιιξερὶςεορο
3523 4338 3817 4423 Salganea.

2211 4451 2261 4511 υ
2355 4418 2576 4487 pallium
2599 4417 2777 4470 tribuit
2827 4415 3174 4484 Ecclesia’que
3200 4413 3313 4482 ejus
3332 4412 3463 4482 jura
3493 4411 3763 4479 conﬁrmat.

2701 4506 2941 4579 (Fragm.
2971 4536 3044 4546 —
3069 4508 3223 4560 Anno
3262 4502 3443 4573 1016.)

2539 4598 2766 4672 [Batiam
2800 4597 2995 4653 Annal.
3022 4599 3089 4653 ad
3124 4614 3213 4652 an.
3250 4596 3409 4660 una,
3441 4612 3499 4649 n.
3530 4591 3610 4665 4.]

2361 4731 2377 4749 .
2413 4731 2429 4747 .
2461 4730 2477 4746 .
2512 4729 2527 4745 .
2561 4729 2576 4745 .
2611 4729 2627 4745 .
2654 4690 2926 4759 Scriptum
2965 4704 3064 4760 per
3112 4703 3329 4743 manum
3357 4684 3630 4741 Benedicti
3658 4674 3812 4735 notarii

2288 4785 2578 4857 regionarii
2610 4792 2664 4838 et
2688 4774 2958 4838 Scriniarii
3000 4780 3058 4836 S.
3093 4780 3159 4835 R.
3205 4779 3294 4848 E.,
3334 4794 3520 4834 mense
3552 4772 3729 4846 ApriL,
3752 4768 3812 4821 iu-

2290 4875 2417 4931 dict.
2448 4890 2559 4928 xrv.

2363 4968 2554 5020 Datum
2578 4981 2652 5019 vn
2676 4963 2946 5019 Kalendas
2964 4961 3086 5016 Maii
3115 4976 3209 5030 per
3238 4975 3431 5015 manus
3456 4957 3593 5013 Petri
3616 4953 3797 5023 episcop

2289 5058 2549 5114 Ecclesia:
2590 5057 2934 5111 Praenestina:
2965 5065 3019 5109 et
3053 5054 3448 5109 bibliothecarii
3484 5052 3541 5107 S.
3570 5050 3628 5103 Β.
3656 5045 3729 5110 Ε..
3751 5042 3811 5095 in-

2291 5149 2422 5204 dict.
2452 5162 2565 5213 xiv,
2612 5163 2776 5212 anno,
2825 5145 2936 5200 Deo
2979 5144 3232 5215 prepitio,
3280 5144 3625 5213 pontiﬁcatus
3649 5128 3810 5191 domini
