3984 5316
162 258 284 313 ισθι

1357 251 1714 306 EPISTOLAE
1751 251 1840 305 ET
1881 249 2197 304 DECRETA
2211 286 2224 301 .

3267 249 3408 304 1602

158 367 317 425 nostri
343 364 615 418 Benedicti
649 363 845 418 summi
895 362 1164 432 pontiticis
1193 369 1248 414 et
1273 361 1594 414 universalis
1619 375 1712 414 oc-
1749 380 1795 436 Α
1823 359 2154 412 dilectissii‘ni
2184 357 2277 411 ﬁlii
2309 359 2478 411 nostri
2522 357 2765 413 Odilonis
2793 356 3032 426 ejusdem
3067 360 3168 415 ioci
3193 361 3409 418 abbatis

159 461 258 516 tavi
310 473 457 526 papae
513 456 565 509 in
619 457 985 509 sacratissima
1027 457 1155 508 sede
1193 453 1252 506 Β.
1297 453 1442 505 Petri
1494 452 1722 521 apostoli

155 561 358 623 quarto,
387 547 599 615 imperii
627 548 828 600 domini
861 546 1096 599 lleinrici
1124 545 1467 614 imperatoris
1494 545 1720 613 Augusti

156 656 289 694 anno
312 637 494 699 tertio,
519 637 708 691 indict.
741 637 948 690 decima
972 645 1189 704 quarta,
1229 649 1412 688 mense
1437 633 1548 701 jam
1579 633 1723 688 dicto

151 731 363 801 Aprilis,
392 729 477 782 die
500 729 748 798 septima.

861 840 1002 894 XVI.

148 937 385 1008 Epistula
413 936 714 1008 Βρεηεδάίηἱ⁸
741 933 884 988 VIII
937 935 1010 1008 ad,
1035 934 1298 1000 episcopos
1323 930 1656 1008 Burgundii?-
1673 940 1720 982 et

219 1011 536 1076 Aquitanae.
565 1036 638 1046 —
661 1005 878 1058 Muntlut
915 1017 966 1056 ut
999 999 1260 1056 incusares
1315 1003 1564 1053 bonorum
1597 999 1723 1052 Clu-

213 1082 314 1131 nia.
332 1094 555 1141 enatum,
590 1077 688 1128 nisi
714 1077 1086 1142 sutisfecerint,
1115 1081 1648 1126 excomntuntceutur.

739 1169 916 1234 (Auno
955 1164 1130 1233 1016.)

283 1259 606 1331 [ῡυειιεεκε.
643 1256 836 1319 Script.
876 1255 996 1308 Rer.
1029 1253 1248 1313 Franc..
1283 1254 1374 1317 IV,
1411 1252 1557 1325 169.]

225 1353 565 1405 BENEDICTUS
589 1366 684 1418 per
721 1350 957 1402 divinam
987 1348 1212 1418 gratiam
1238 1357 1436 1398 sancta:
1465 1345 1722 1400 Romana:

145 1443 402 1498 Ecclesiae
434 1439 629 1508 prtesul
668 1447 718 1491 et
757 1439 1062 1507 cpiscopus,
1105 1437 1355 1490 ommbus
1385 1433 1645 1487 fratribus
1667 1444 1722 1487 et

141 1550 269 1601 coep
294 1533 474 1599 scopis
510 1547 605 1598 per
631 1529 1018 1596 Burgundiam,
1047 1529 1389 1598 Aquitaniam
1417 1538 1469 1578 et
1498 1525 1722 1578 Provin-

141 1624 276 1676 ciam
319 1619 652 1681 constitutis,
706 1619 1046 1681 lluncnanno,
1079 1619 1282 1671 scilicet
1313 1618 1722 1684 archiepiscopo

1825 452 2188 520 percepimus,
2237 451 2309 503 ita
2364 451 2624 504 malorum
2679 463 2866 506 contra
2925 469 3018 506 eos
3047 456 3409 510 exardescens

1826 545 2128 597 insurrcxit
2157 553 2210 595 et
2237 543 2513 597 convaluit
2564 545 2830 611 cupiditas
2861 555 2915 598 et
2941 546 3170 608 insania,
3201 548 3412 602 scilicet

1830 641 2002 683 terras
2035 632 2271 698 ipsorum
2331 632 2648 692 iniadeudo,
2683 643 2737 684 et
2776 633 3108 686 substantias
3131 645 3236 685 tam
3269 635 3411 701 ipso-

1829 738 1946 774 rum
1975 738 2133 790 quam
2161 739 2457 791 pauperum
2474 725 2572 775 sibi
2595 725 3006 777 commissorum
3027 727 3407 792 deprzcdando,

1825 823 1906 874 ut,
1944 814 2326 883 multiplicibus
2357 816 2621 883 angustiis
2656 826 2708 867 et
2737 815 3112 869 aluit-tionibus
3143 815 3406 879 tribulati,

1826 905 1972 958 nullo
1996 907 2174 968 modo,
2213 907 2350 958 sicut
2382 921 2522 958 lttltIC
2545 922 2710 972 usque
2735 905 2998 966 fecerunt,
3025 919 3230 957 convin
3254 911 3410 956 enter

1826 995 1935 1047 Deo
1958 995 2198 1045 debitum
2227 994 2544 1062 ob~equium
2574 993 2786 1046 valeant
2811 992 3039 1055 solvere,
3063 1009 3158 1044 nec
3191 993 3404 1045 solitam

1826 1097 2010 1137 curam
2042 1083 2535 1152 Supervenientium
2585 1083 2854 1150 hospitum
2886 1094 2938 1135 et
2968 1097 3258 1150 pauperum
3284 1095 3409 1148 pos-

1825 1175 1933 1227 sint
1955 1188 2231 1227 exerccre.
2253 1173 2418 1242 Igitur
2441 1172 2565 1240 quia
2592 1174 2642 1225 in
2672 1174 2859 1228 eodem
2890 1173 3006 1225 loco
3030 1172 3188 1242 juges
3210 1173 3410 1226 oratio-

1825 1279 1922 1318 nes
1951 1274 2005 1318 ct
2035 1265 2320 1317 missarum
2359 1263 2754 1317 celebrationes
2803 1272 2856 1316 et
2884 1263 3240 1333 eleemosyna:
3272 1265 3408 1318 ﬁunt

1824 1371 1924 1424 pro
1949 1365 2090 1409 statu
2123 1365 2324 1408 sancta:
2373 1354 2466 1408 Dei
2499 1355 2774 1421 Ecclesiae,
2819 1364 2872 1409 et
2902 1355 3144 1408 omnium
3171 1353 3408 1408 ﬁdelium

1825 1461 2066 1498 Vivorum
2100 1455 2153 1498 et
2174 1444 2547 1498 defunctorum
2578 1445 2752 1498 salute
2782 1455 2836 1498 et
2864 1446 3068 1513 requie,
3105 1446 3271 1513 ipsius
3300 1446 3410 1500 dis-

1825 1538 2078 1605 pendium
2127 1552 2412 1590 commune
2449 1539 2689 1590 omnium
2727 1549 2970 1590 nostrum
2999 1547 3080 1590 est
3111 1539 3408 1590 detrimen-

1829 1636 1964 1679 tum.
2008 1627 2070 1679 Et
2099 1626 2220 1680 licet
2253 1643 2443 1680 omnes
2476 1629 2600 1682 boui
2641 1628 2826 1681 ﬁdeles
2857 1631 2921 1680 de
2952 1645 3136 1681 eorum
3163 1631 3409 1696 angustia

138 1710 505 1779 Lugdunensi,
541 1709 779 1778 ejusdem
832 1709 1062 1762 nominis
1101 1709 1508 1777 arrhiepiscOpo
1556 1710 1720 1762 Vieu-
1755 1721 1794 1778 Β
1825 1730 1877 1772 ει
1909 1721 2315 1788 perturbatione
2355 1720 2586 1773 debeant
2638 1721 3066 1789 rompassionem
3105 1722 3324 1784 habere,
3355 1731 3411 1775 et.

140 1802 312 1861 nensi,
368 1799 665 1853 WAL'rEtuo
717 1801 1122 1868 archiepiscopo
1171 1801 1524 1861 Besonticnsi,
1554 1801 1717 1855 κνη-

142 1907 302 1945 τειιιο
337 1907 564 1944 summa:
615 1891 891 1958 religionis
920 1906 1174 1957 episcopo
1222 1892 1718 1960 Augustuduueusi,

141 1983 424 2036 Srsrnaxo
455 1986 708 2049 episcopo
738 1983 1090 2046 Arverneusi,
1122 1981 1424 2036 FREDELONI
1467 1986 1722 2052 episcolio

136 2073 437 2133 Anicieosi,
462 2071 752 2127 Gaurnsoo
777 2072 1406 2140 episeopoCalliimtcttsi,
1432 2072 1722 2126 Lumenro

136 2163 389 2230 episcopo
404 2161 750 2229 Lingonensi,
766 2163 1036 2215 Gsusuao
1049 2162 1302 2231 episcopo
1316 2161 1719 2227 Matiscoucnsi,

136 2253 365 2306 Vurcost
417 2258 672 2321 episcopo
707 2251 1094 2315 Valeiitinensi,
1137 2254 1436 2307 Hanumao
1468 2256 1721 2322 episcopo

137 2344 470 2406 V'iVaricnsi,
530 2346 732 2398 l’oNrio
769 2347 1176 2415 archiepiscopo
1234 2347 1560 2408 Arelatensi,
1592 2348 1722 2398 Ant-

134 2451 306 2490 BALDO
334 2438 596 2506 episcopo
650 2436 976 2500 Uzeticensi,
1009 2439 1284 2493 ODULBICO
1312 2441 1564 2509 episcopo
1594 2439 1720 2491 Tri-

132 2531 464 2592 cassinensi,
513 2529 771 2584 Genuum
823 2533 1077 2598 episcopo
1137 2530 1482 2600 Vapiucensi,
1535 2532 1720 2586 l’srno

129 2620 388 2688 episcopo
447 2619 780 2686 Vassinensi,
830 2623 1154 2676 limem-mro
1195 2624 1447 2691 episcopo
1493 2623 1716 2675 Avinio-

125 2713 306 2774 uensi,
347 2713 638 2766 STEPHANO
686 2715 937 2782 episcopo
983 2714 1512 2781 Carpo-utoracmnsi,
1540 2715 1719 2766 Ann-:-

128 2818 270 2858 ωηο
294 2808 555 2873 episcopo
583 2805 881 2874 Rhegensi,
914 2807 1292 2860 salutationem
1317 2819 1369 2859 et
1391 2805 1719 2859 benedictio-

123 2908 248 2946 nem
281 2910 352 2948 ex
398 2907 553 2964 parte
588 2897 677 2948 Dei
703 2898 1090 2964 omnipotentis
1137 2907 1190 2950 et
1223 2896 1364 2950 beati
1414 2895 1558 2948 Petri
1594 2911 1718 2964 apo-

123 2989 393 3043 Stolorum
453 2989 731 3056 principis,
785 2999 840 3042 ct
896 3005 1011 3042 mea
1051 2990 1141 3056 qui
1195 2988 1562 3057 pra-sulatum,
1593 2988 1718 3042 licet

118 3080 413 3148 indignus,
453 3090 636 3133 tenere
665 3081 848 3132 videor
869 3080 1180 3148 apostolicae
1209 3080 1372 3142 se_.lis.

190 3169 497 3236 Liquidum
546 3181 630 3222 cst
681 3170 1038 3223 Cluniacense
1090 3170 1478 3223 monasterium
1533 3168 1657 3222 olim
1689 3183 1719 3222 a

113 3259 441 3323 Willelnio,
513 3259 847 3313 nobilissimo
892 3259 1285 3326 Aquitanorum
1340 3259 1609 3326 principe,
1665 3259 1718 3313 in

106 3366 256 3422 pago
317 3351 711 3404 Matisconensi
764 3358 1154 3416 constructum,
1210 3350 1326 3418 ipso
1348 3362 1561 3419 agente,
1596 3367 1718 3404 cum

108 3444 447 3512 apostolica?
478 3446 620 3498 sedis
654 3445 905 3513 pontiiice
933 3457 986 3498 el
1020 3446 1382 3498 “()Illallm'tlm
1424 3447 1719 3514 imperato-

101 3550 192 3600 re,
230 3537 472 3605 regibus
527 3551 742 3604 quoque
800 3537 1131 3591 Francorum
1169 3552 1222 3588 et
1251 3537 1715 3604 Burgrnnliouum,

99 3628 255 3697 quod
284 3629 366 3680 ita
393 3627 472 3680 sit
500 3626 568 3680 ab
589 3627 734 3679 omni
763 3627 1098 3692 subiectione
1134 3627 1426 3691 cujuslibet
1449 3641 1713 3693 personae,

94 3719 222 3772 sive
279 3719 470 3788 regis,
527 3718 640 3770 sive
667 3719 927 3786 episcopi,
978 3718 1092 3771 sive
1121 3717 1337 3771 comitis
1385 3716 1638 3777 liberum,
1660 3725 1718 3768 ut

91 3811 318 3880 aliquid
357 3810 562 3864 debeat
585 3810 713 3863 nulli
739 3811 840 3864 nisi
872 3811 980 3863 Deo
1010 3819 1063 3863 et
1089 3819 1278 3864 sancto
1303 3809 1462 3862 Petro
1491 3817 1543 3862 et
1573 3808 1716 3861 sedis

89 3906 445 3974 apostolica:
500 3919 711 3957 summo
751 3903 987 3972 praesuli.
1043 3903 1171 3969 Quae
1200 3903 1474 3955 lihertasa
1507 3899 1716 3953 eunetis

33 3972 58 3993 ’
87 3997 574 4052 antecessoribus
624 3997 847 4056 nostris,
904 3997 995 4064 qui
1023 4011 1051 4048 a
1082 3995 1388 4048 conditione
1419 3993 1586 4061 ipsius
1610 3992 1712 4046 loci

89 4091 145 4143 in
188 4091 305 4143 hac
371 4099 572 4142 sancta
617 4089 856 4142 Romana
913 4089 1152 4143 Ecclesia
1205 4086 1424 4141 fuerunt
1455 4101 1625 4154 usque
1646 4087 1713 4140 ad

85 4198 217 4242 nos,
251 4180 506 4246 scriptis
533 4179 851 4249 privilegiis,
891 4189 945 4233 et
975 4195 1003 4232 a
1035 4179 1327 4248 prmlibatis
1355 4177 1712 4247 principibus,

83 4271 241 4323 datis
297 4268 609 4337 prmceptis
643 4277 750 4321 tam
778 4270 844 4322 de
876 4271 989 4337 ipso
1036 4269 1154 4322 loco
1183 4284 1342 4336 quam
1373 4269 1439 4322 de
1463 4268 1714 4321 omnibus

83 4360 156 4412 ad
191 4375 258 4412 se
292 4357 736 4426 pertinentibus,
797 4358 848 4411 in
876 4357 1204 4428 Burgundia,
1236 4357 1548 4425 Aquitania,
1575 4355 1712 4410 Pro-
1745 4396 1786 4452 υ

80 4450 282 4503 vincia
309 4447 668 4512 constitutis,
691 4449 942 4502 videlicet
965 4447 1519 4508 monasteriis,cellis,
1551 4447 1712 4500 terris

81 4542 261 4596 cultis
295 4549 359 4594 et
415 4539 663 4603 incultis,
709 4541 1058 4593 corroborata
1083 4549 1138 4593 et
1166 4539 1478 4593 conﬁrmata
1511 4545 1617 4599 est,
1648 4551 1712 4591 eo

81 4644 221 4686 voto
244 4641 306 4686 et
329 4630 624 4684 desiderio
647 4639 703 4684 tit
729 4629 982 4685 saeculum
1009 4632 1337 4691 deserentes,
1362 4639 1414 4680 et
1442 4629 1492 4680 in
1521 4628 1709 4682 eodem

88 4722 212 4776 loco
241 4721 358 4776 sub
411 4719 652 4788 regulari
681 4720 959 4790 disciplina
1015 4719 1219 4773 Christi
1250 4717 1473 4772 servitio
1502 4731 1571 4805 ei
1601 4726 1711 4771 toto

87 4825 276 4871 semet
356 4812 778 4879 mancipantes,
842 4812 1047 4879 absque
1101 4811 1258 4866 ullius
1323 4810 1710 4878 impedimento

88 4907 366 4961 licentius
426 4903 544 4955 Deo
590 4902 952 4965 adltmrercnt,
1007 4912 1064 4956 et
1093 4904 1158 4957 de
1184 4901 1380 4954 ibidem
1433 4901 1539 4954 Deo
1567 4910 1622 4956 et
1648 4900 1707 4956 S.

89 4999 266 5054 Petro
301 5012 332 5050 a
370 4991 626 5048 ﬁdelibus
657 4997 880 5059 oblatis,
933 4993 1307 5064 hospitalitate
1336 5003 1389 5047 ct
1413 5007 1708 5063 egenorum

85 5105 242 5145 cura
293 5084 655 5142 inservirent.
722 5087 873 5159 Quod
902 5084 1195 5153 hactenus,
1224 5087 1332 5139 Deo
1355 5087 1704 5154 propitiante,

87 5191 139 5236 et
181 5175 499 5248 apostolica
522 5183 844 5239 auctoritate
896 5177 1262 5258 suffragante,
1296 5179 1536 5236 bonitate
1560 5182 1705 5238 insu-

84 5287 181 5316 nec
201 5271 418 5316 circum
443 5276 506 5314 se
525 5276 867 5316 ηιέιηβηιίιηη
893 5267 1351 5316 adminh-nlante-
1382 5270 1706 5316 inmmntmn

1824 1827 2038 1866 summo
2072 1827 2192 1864 cum
2217 1811 2396 1864 studio
2426 1826 2611 1864 servos
2651 1812 2850 1865 Christi
2874 1814 3084 1878 juvare.
3121 1823 3176 1863 ut
3205 1813 3410 1879 absque

1825 1905 1932 1957 ullo
1958 1904 2344 1972 impedimento
2383 1913 2587 1971 queant
2626 1903 2676 1955 in
2708 1913 2898 1956 sancto
2928 1904 3202 1971 proposito
3231 1904 3406 1970 persi-

1824 2007 1990 2057 stere,
2032 2010 2131 2062 ego
2163 2004 2362 2055 tamen.
2415 1994 2480 2046 ad
2517 2009 2698 2061 quem,
2731 2005 2848 2062 post
2881 1995 3046 2047 Deuoi
3076 2006 3130 2046 et
3157 2005 3408 2046 sanctum

1825 2085 2066 2142 l'etrum.
2089 2100 2217 2138 cora
2240 2094 2289 2136 et
2318 2084 2653 2152 providentia
2682 2085 2952 2152 sarpedicti
2976 2084 3074 2135 loci
3097 2084 3409 2152 specialiter

1824 2177 2076 2245 pertinet.
2099 2176 2420 2244 juVameuet
2454 2175 2705 2228 solatium
2735 2175 3074 2229 auctoritatis
3097 2173 3408 2243 apostolica:

1824 2285 1926 2324 no:i
1957 2271 2211 2324 desistam
2237 2269 2670 2322 subministrare.

1894 2361 2032 2416 Sunt
2061 2371 2240 2414 autem
2270 2360 2604 2414 crtnleliores
2633 2358 3039 2426 s:epenominati
3068 2357 3166 2410 loci
3195 2356 3409 2439 babita-

1824 2460 2000 2505 torum
2034 2460 2433 2520 persecutores.
2474 2449 2696 2511 lldinus,
2731 2449 2907 2501 ournis
2939 2448 3194 2501 bonitatis
3230 2444 3410 2499 inimi-

1822 2559 1942 2609 cus,
1974 2543 2066 2612 qui
2120 2559 2224 2595 non
2264 2543 2436 2595 solum
2487 2543 2538 2595 in
2598 2543 2697 2595 hoc
2749 2541 2868 2594 illos
2905 2540 3081 2593 irritat
3135 2540 3275 2607 quod
3304 2554 3403 2594 sua
3474 2571 3482 2583 ν

1821 2648 2151 2700 suorumque
2179 2634 2256 2686 eis
2277 2632 2430 2691 tollit.
2451 2632 2541 2686 sed
2564 2633 2725 2684 etiam
2756 2631 2918 2699 quod,
2941 2647 3090 2684 suam
3107 2631 3403 2698 nequitiam
3448 2643 3450 2646 '

1822 2728 1874 2782 in
1908 2729 2027 2781 illos
2065 2737 2378 2795 retorquere
2413 2725 2660 2792 cupidus.
2695 2724 2821 2778 facit
2852 2725 3056 2776 circum
3088 2738 3146 2776 se
3177 2736 3401 2776 manen-

1822 2819 1963 2870 tibus
1986 2818 2286 2887 iutelligere
2308 2831 2522 2868 omnem
2541 2814 2805 2880 justitiam
2835 2815 2899 2868 de
2917 2814 3051 2866 male
3075 2829 3104 2865 a
3130 2829 3188 2865 se
3210 2813 3410 2866 comis-

1821 2908 1899 2961 sis
1929 2909 2010 2960 eis
2051 2907 2186 2960 velle
2234 2921 2293 2960 se
2320 2905 2520 2963 facere,
2555 2914 2606 2956 et
2643 2904 2715 2956 ita
2747 2918 2842 2956 eos
2892 2903 2944 2954 in
2988 2903 3102 2969 ipso
3127 2902 3328 2970 placiti.
3353 2910 3410 2954 et

1822 2997 2245 3051 concordatione
2300 3010 2514 3061 semper
2545 2991 2682 3045 fallit
2711 3004 2763 3046 et
2796 2992 2971 3045 illudit
2999 3003 3052 3045 ut
3082 2991 3407 3060 projustitia

1746 3059 1790 3119 Ε
1823 3087 2146 3141 deteriorem
2171 3085 2239 3137 ab
2259 3100 2322 3138 eo
2347 3059 2599 3149 injuriam
2625 3083 2920 3149 suscipiant
2972 3082 3062 3135 Est
3081 3059 3130 3134 et
3159 3080 3410 3133 Wichar—

1821 3179 1921 3232 dus
1952 3178 2017 3232 de
2067 3176 2278 3228 llelioco
2331 3175 2420 3242 qui
2457 3175 2538 3228 eis
2591 3174 2727 3228 tollit
2771 3174 3054 3228 ecelesiaut
3093 3174 3158 3226 de
3199 3172 3408 3225 Tresdo

1824 3289 1946 3328 Cum
2006 3271 2260 3324 omnibus
2306 3268 2643 3336 appendiciis
2688 3267 2822 3320 suis.
2856 3265 3408 3332 Bernardusqnoque

1822 3364 1888 3416 de
1918 3361 2246 3422 Retorterio,
2273 3358 2425 3428 Hugo
2453 3359 2521 3411 de
2553 3368 2735 3424 monte
2767 3356 3018 3419 Pavauis,
3046 3366 3099 3410 et
3130 3372 3269 3408 uxor
3288 3353 3408 3421 ejus

1818 3455 2047 3518 Ariliua,
2084 3453 2174 3520 qui
2206 3454 2284 3506 eis
2317 3451 2507 3504 tollunt
2531 3459 2853 3518 potestatem
2887 3451 2952 3504 de
2989 3449 3241 3510 Lasiaco,
3275 3463 3404 3502 cum

1818 3544 2069 3599 omnibus
2097 3544 2160 3596 ad
2215 3559 2272 3595 se
2305 3542 2715 3610 pertinentibus,
2762 3543 2901 3595 sicut
2951 3541 3087 3593 dirae
3129 3540 3406 3593 memoriae

1818 3648 2000 3687 comes
2019 3631 2305 3683 Leotaldus
2320 3632 2576 3698 primum.
2596 3631 2790 3684 deinde
2805 3630 2929 3683 Milo
2947 3630 3228 3692 religiosus
3246 3627 3406 3683 miles

1818 3739 1914 3791 per
1939 3730 2318 3774 testamentum
2348 3720 2653 3773 litterarum
2678 3720 2805 3772 olim
2837 3719 3186 3773 contulerunt
3213 3727 3402 3773 sancto

1817 3811 1981 3865 Petro
2013 3820 2064 3863 et
2106 3809 2332 3879 praefato
2360 3808 2498 3860 loco.
2531 3807 2692 3861 Falco
2739 3824 2906 3876 nepos
2932 3807 3079 3861 lterii
3111 3807 3320 3869 clerici,
3345 3817 3402 3862 et

1817 3899 1988 3954 frater
2027 3900 2164 3968 ejus,
2223 3915 2521 3966 omnesque
2571 3910 2848 3954 consortes
2898 3901 3133 3964 illorum,
3179 3900 3270 3970 qui
3317 3901 3402 3956 eis

1818 3993 2010 4046 tollunt
2040 3999 2361 4060 potestatem
2393 3992 2459 4044 de
2484 3991 2740 4045 Oiadellis
2767 4006 2888 4067 cum
2918 3992 3170 4045 omnibus
3194 4007 3398 4061 appen-

1815 4083 1973 4136 diciis
1999 4099 2129 4136 su.s.
2158 4081 2436 4135 Warullus
2476 4083 2542 4136 de
2595 4081 2973 4147 Brauceduno,
3005 4093 3060 4136 et
3091 4083 3259 4138 frater
3279 4085 3399 4154 ejus

1815 4178 2112 4233 Walterius
2142 4176 2480 4232 Maliscensis
2509 4179 2851 4247 praepositus,
2905 4178 2994 4246 qui
3023 4180 3103 4232 eis
3132 4180 3397 4234 contrarii

1815 4280 1940 4325 sunt
1984 4272 2050 4325 de
2098 4271 2342 4340 precaria
2388 4285 2551 4338 quam
2611 4269 2826 4324 tenebat
2873 4270 2940 4324 de
2989 4280 3176 4324 sancto
3231 4270 3398 4328 Petro

1817 4366 1988 4418 beata:
2038 4363 2431 4419 recordationis
2486 4364 2787 4418 Leobaldus
2835 4365 3150 4434 episcopus,
3203 4381 3395 4420 eorum

1815 4453 2067 4506 videlicet
2121 4451 2452 4516 avunculus;
2506 4462 2562 4506 et
2607 4455 2674 4506 de
2721 4453 2826 4507 alia
2869 4464 3010 4508 terra
3061 4469 3220 4521 quam
3252 4455 3394 4510 idem

1813 4544 2008 4615 praesul
2059 4554 2184 4598 ante
2236 4553 2464 4598 mortem
2495 4561 2668 4606 suam,
2710 4547 2881 4616 ipsam
2908 4549 3210 4616 precariam
3237 4548 3398 4602 resti-

1814 4645 1988 4697 tuens,
2027 4652 2091 4690 ex
2125 4651 2219 4689 sua
2244 4646 2396 4703 parte
2431 4637 2729 4691 donaverat
2753 4650 2942 4691 sancto
2965 4637 3145 4691 Petro.
3181 4637 3393 4690 Duran-

1813 4729 1913 4783 dus
1960 4731 2026 4784 de
2070 4713 2364 4794 Caudiac'o,
2400 4730 2647 4785 Aiminus
2689 4733 2756 4787 de
2796 4730 3087 4792 Caudiaco,
3129 4728 3399 4784 Girardus

1813 4822 1877 4876 de
1899 4821 2315 4891 Centurpennis,
2343 4825 2433 4890 qui
2461 4825 2542 4878 eis
2566 4823 2876 4877 contrarius
2907 4829 2991 4874 est
3011 4821 3077 4874 de
3102 4818 3226 4873 villa
3251 4818 3400 4874 Fon-

1813 4913 2032 4968 tanedo.
2067 4912 2337 4967 Robertus
2385 4913 2453 4966 de
2485 4913 2707 4974 lslevee,
2755 4911 2848 4978 qui
2879 4911 3016 4964 tollit
3053 4911 3133 4965 eis
3184 4909 3406 4978 plantas

1813 5021 1948 5074 quas
1998 5003 2307 5061 Bernardus
2361 5001 2550 5056 Dolum
2604 5000 2930 5055 interfectus
2961 5003 3182 5055 dederat
3211 5013 3409 5060 sancto

1811 5097 1994 5153 Petro.
2027 5097 2134 5154 Sed
2165 5105 2218 5148 et
2243 5094 2316 5148 illi
2353 5095 2442 5163 qui
2478 5093 2558 5147 eis
2588 5089 2855 5146 contrarii
2889 5100 3022 5144 sunt
3051 5092 3116 5143 de
3135 5100 3416 5158 potestate

1813 5189 2109 5256 Sarrianis,
2153 5201 2360 5242 necnon
2387 5195 2441 5240 et
2484 5184 2559 5237 illi
2601 5184 2692 5250 qui
2721 5180 3160 5249 deprzedationes
3184 5189 3239 5233 et
3264 5179 3416 5251 inju-

1811 5294 1918 5316 cum
1945 5279 2365 5316 nnnmuslndinpc
2420 5277 2620 5316 rapiunt
2650 5284 2701 5316 ni
2739 5272 3036 5316 Γρηιιίνιιιοι
3067 5273 3117 5316 in
3142 5281 3419 5316 mlestum
