3984 5316
618 267 756 325 16θὸ

1839 249 2198 310 BENEDICTI
2237 248 2349 306 Vill
2384 248 2587 304 ΡΑΡᾹΞ

3705 250 3814 304 ιωι

613 391 758 441 esset
781 381 908 438 huic
939 379 1209 436 schedulte
1242 375 1430 432 inseri.
1466 373 1577 429 llos
1614 387 1773 443 supra
1801 371 2104 425 nominatos
2136 375 2190 421 et
2218 369 2261 427 Α
2293 367 2491 421 domno
2538 364 2756 436 Wigoni
2826 364 3152 429 vicecomiti,
3212 371 3270 419 et
3323 362 3470 417 fratri
3516 358 3631 432 ejus
3657 364 3815 420 domno

608 486 801 529 omnes
830 465 964 525 alios
991 476 1388 540 persecutores,
1416 462 1812 533 depraedatores
1833 468 1886 514 et
1909 460 2186 513 invasores

615 573 883 619 terrarum
927 568 983 613 et
1041 557 1465 614 substantiarum
1506 554 1571 607 ad
1627 550 1972 621 smpedictum
2006 548 2185 602 locum

605 649 1018 722 pertinentium,
1052 661 1204 700 more
1233 653 1641 700 antecessorum
1675 649 2009 703 nostrorum,
2041 651 2180 706 prae-

606 741 708 795 fati
770 739 873 793 loci
924 737 991 791 ad
1047 751 1146 791 nos
1200 733 1510 805 specialiter
1562 729 1887 800 pertinentis
1910 743 2094 783 curam
2128 734 2184 779 et

604 828 1010 901 providentiam
1037 827 1319 890 habentes,
1352 839 1415 878 ex
1445 831 1598 892 parte
1622 821 1715 876 Dei
1753 818 1988 875 etsancti
2016 815 2181 881 Petri,

606 930 663 975 et
695 927 903 978 nostra.
951 930 1210 971 vocamus
1260 914 1325 968 ad
1358 910 1802 981 resipiscendum,
1827 916 1882 962 et
1903 921 2183 962 monemus

613 1020 671 1065 nt
699 1008 1111 1064 contrarietates
1128 1014 1183 1059 et
1222 1004 1449 1073 injustas
1471 1001 1737 1072 querelas,
1773 1000 1970 1068 quibus
1997 1010 2184 1052 servos

610 1099 704 1154 Dei
738 1096 1044 1167 inquietant
1078 1105 1131 1148 ct
1160 1093 1503 1153 conturbant,
1525 1106 1685 1161 quam
1703 1090 1862 1144 citius
1891 1089 2180 1159 deponant.

606 1194 810 1248 Terras
831 1191 994 1246 etiam
1018 1189 1212 1260 injuste
1236 1200 1510 1257 pervasas,
1538 1195 1589 1239 et
1615 1184 1949 1238 substantias
1980 1184 2183 1251 deprae-

613 1284 785 1348 datas,
823 1298 945 1337 cum
974 1280 1121 1336 omni
1164 1278 1493 1348 integritate,
1519 1274 1671 1342 juxta
1704 1275 1990 1337 rationem,
2019 1286 2181 1342 quam

612 1395 734 1434 cum
756 1378 835 1432 eis
868 1376 1109 1430 invenire
1139 1371 1434 1444 potuerint,
1464 1369 1771 1422 restituant.
1813 1365 1919 1420 Sed
1948 1366 2015 1419 de
2044 1365 2186 1434 inju-

610 1471 692 1525 ria
717 1486 876 1540 quam
904 1468 1021 1522 sine
1043 1480 1204 1540 causa
1229 1464 1333 1518 illis
1359 1461 1677 1523 intulerunt,
1701 1472 1936 1527 congrue
1963 1455 2183 1510 satisfa-

611 1538 760 1616 ciant
790 1558 930 1613 infra
963 1538 1197 1625 spatium
1230 1553 1372 1624 quod
1426 1559 1510 1605 est
1536 1550 1730 1603 abhinc
1753 1563 1924 1617 usque
1951 1548 2003 1601 in
2031 1546 2182 1601 festi-

608 1652 833 1707 vitatem
863 1647 921 1703 S.
944 1642 1248 1702 Michaelis.
1278 1642 1431 1709 Quod
1457 1641 1500 1694 si
1536 1639 1784 1702 fecerint,
1817 1639 2185 1708 habeantgra-

2294 458 2589 525 Willelmo,
2649 460 2848 514 domno
2875 473 3091 529 quoque
3135 456 3409 522 Odulrico,
3439 464 3495 511 et
3524 458 3711 510 domno
3727 457 3815 510 An-

2257 551 2462 615 .soldo,
2512 558 2565 605 et
2613 550 2823 605 caeteris
2869 550 3204 620 principibus
3233 556 3287 602 et
3321 548 3667 617 optimatibus
3689 547 3819 601 totius

2289 640 2632 713 Burgundize,
2687 641 2990 710 Aquitania:
3044 649 3097 694 et
3145 638 3461 708 Provinciae,
3516 637 3608 707 qui
3656 636 3818 692 auxilio

2289 748 2409 789 esse
2461 741 2685 804 possunt
2728 732 3123 788 habitatoribus
3158 729 3562 801 smpenominati
3597 728 3694 784 loci
3717 744 3819 798 apo-

2289 823 2494 878 stolicae
2516 823 2907 879 benedictionis
2921 830 2976 876 et
2991 820 3341 876 absolutionis
3363 833 3561 873 munus
3576 816 3819 878 mittimus,

2288 916 2528 985 ipsisque
2575 913 2816 969 omnium
2842 928 3068 973 suorum
3121 910 3491 980 peccaminum
3516 908 3718 962 veniam
3744 908 3822 961 im-

2288 1007 2641 1078 plorantibus,
2669 1006 2722 1060 in
2750 1006 2962 1061 cunctis
2996 1002 3315 1066 benefactis,
3344 1015 3466 1069 qua:
3494 1015 3525 1052 a
3552 998 3702 1054 nobis
3724 1006 3770 1051 et
3796 1013 3820 1052 ι

2288 1084 2499 1156 cteteris
2553 1098 2797 1153 fidelibus
2842 1098 2895 1152 in
2946 1098 3049 1151 hac
3106 1103 3288 1149 sancta
3337 1092 3581 1146 Romana
3620 1088 3820 1143 Ecclesia

2288 1191 2529 1263 quotidie
2577 1189 2732 1254 ﬁunt,
2762 1202 2829 1243 ex
2858 1194 3011 1256 parte
3048 1185 3143 1239 Dei
3184 1183 3462 1252 sanctique
3486 1180 3657 1243 Petri,
3685 1189 3822 1234 etno-

2288 1292 2422 1346 stra,
2486 1289 2695 1351 partem
2746 1288 2801 1333 et
2850 1278 3158 1333 societatem
3220 1277 3428 1336 (tamus,
3462 1289 3530 1327 eo
3552 1273 3759 1327 obtentu
3780 1280 3824 1324 ut

2289 1387 2502 1440 semper
2551 1370 2825 1439 adjutores
2872 1378 2926 1422 et
2953 1366 3261 1421 defensores
3307 1362 3555 1433 praedicti
3581 1360 3699 1421 loci,
3727 1375 3819 1414 om-

2289 1464 2545 1532 niumque
2570 1462 2636 1516 ad
2667 1476 2725 1515 se
2768 1459 3175 1529 pertinentium,
3238 1457 3305 1509 de
3329 1454 3585 1508 omnibus
3610 1452 3703 1505 sibi
3724 1465 3823 1505 con-

2291 1554 2478 1608 trariis
2525 1551 2781 1606 existant.
2826 1548 2977 1615 Quod
3029 1548 3075 1603 si
3132 1546 3489 1615 neglexerint,
3542 1558 3649 1596 non
3685 1542 3821 1595 solum

2291 1653 2441 1697 tanto
2458 1640 3109 1709 bcneﬁcioprivabuntur,
3134 1639 3227 1691 sed
3258 1638 3482 1703 insuper
3506 1633 3575 1688 de
3597 1640 3823 1702 potestate

609 1742 759 1804 tiam,
788 1747 842 1792 et
865 1736 1310 1800 benedictionem,
1336 1742 1388 1786 et
1414 1729 1802 1785 absolutionem
1824 1727 1917 1781 Dei
1941 1734 1997 1782 et
2011 1727 2181 1782 sancti
2212 1710 2255 1768 Β
2283 1736 2352 1788 οι)
2380 1734 2744 1788 defensionem
2765 1730 2997 1785 ﬁdelium
3021 1747 3049 1783 ει
3078 1730 3184 1784 nec
3212 1727 3314 1783 sibi
3341 1727 3471 1781 dam
3497 1726 3554 1781 in
3577 1725 3663 1779 die
3682 1722 3821 1777 animi

609 1829 781 1894 Petri,
811 1837 864 1883 et
890 1834 1173 1903 nostram.
1200 1825 1254 1880 Si
1280 1832 1457 1877 autem
1492 1820 1631 1875 infra
1659 1819 1938 1889 praefixum
1968 1834 1999 1871 a
2027 1816 2182 1872 nobis

610 1921 901 1977 terminum
930 1917 1210 1972 monitioni
1240 1924 1294 1971 et
1324 1912 1594 1969 voeationi
1635 1920 1833 1966 nostra:
1860 1926 1964 1965 non
1996 1924 2180 1966 assen-

608 2014 801 2077 serint,
838 2011 931 2065 sed
956 2016 1357 2077 contemptores
1385 2015 1440 2061 et
1466 2003 1836 2059 inobedientes
1850 2001 2177 2068 exstiterint,

612 2104 664 2156 in
703 2116 799 2155 sua
844 2098 1047 2154 malitia
1086 2102 1516 2168 perseverantes,
1556 2091 1796 2148 cauterio
1826 2089 2179 2145 ecclesiastici

610 2192 876 2248 examinis
931 2190 1086 2259 quasi
1129 2187 1343 2257 putrida
1377 2186 1617 2240 membra
1663 2183 1698 2236 a‘
1723 2196 1949 2252 corpore
1978 2180 2179 2236 Christi

610 2283 1062 2356 prmscindantur,
1084 2280 1297 2347 sintque
1321 2292 1350 2330 a
1371 2276 1645 2330 liminibus
1666 2281 1866 2327 sanctae
1888 2271 1979 2326 Dei
2002 2270 2184 2325 Eccle-

609 2376 702 2429 siae
732 2372 918 2444 procul
944 2369 1162 2440 repulsi,
1195 2377 1249 2422 et
1271 2384 1298 2422 a
1324 2365 1597 2422 censortio
1625 2363 1857 2420 fidelium
1886 2360 2101 2417 alienati
2127 2368 2181 2415 et

611 2447 1087 2519 excommunic‘ati.
1116 2458 1238 2513 Sint
1267 2455 1540 2511 maledicti
1569 2460 1778 2508 stantes
1807 2460 1861 2507 et
1898 2450 2180 2505 ambulan-

611 2565 714 2621 tes,
763 2554 1046 2624 rigilantes
1097 2558 1150 2605 et
1185 2548 1536 2611 dormientes,
1568 2543 1929 2614 ingredientes
1950 2551 2002 2595 et
2023 2554 2180 2609 egre-

611 2648 841 2703 dientes.
884 2645 1013 2699 Sint
1058 2641 1326 2696 maledicti
1366 2638 1761 2694 manducantes
1814 2644 1868 2689 et
1914 2633 2176 2687 bibentes.

612 2738 697 2793 Sit
719 2737 1036 2791 maledictus
1069 2732 1223 2789 cibus
1247 2746 1433 2786 eorum
1466 2737 1519 2783 et
1546 2734 1723 2798 potus.
1751 2727 1833 2780 Sit
1863 2724 2182 2777 maledictus

608 2827 820 2887 fructus
840 2826 1046 2881 ventris
1072 2838 1279 2886 eorum,
1311 2830 1366 2875 et
1394 2820 1418 2873 f
1420 2829 1600 2875 ructus
1622 2827 1777 2872 terra:
1801 2829 2007 2869 eorum.
2042 2812 2182 2867 Sub-

609 2918 950 2984 stineantqne
1004 2912 1188 2983 plagas
1238 2907 1590 2970 Herodianas,
1635 2917 1912 2975 quousque
1943 2903 2177 2958 disrum-

611 3015 807 3076 pantur
829 3005 1038 3058 viscera
1061 3016 1269 3057 eorum.
1310 3000 1377 3053 Et
1401 3013 1520 3052 cum
1573 2997 1782 3059 Dathan
1808 3005 1863 3049 et
1887 2993 2089 3047 Abiron
2115 2992 2181 3046 de

606 3106 753 3152 terra
782 3094 1080 3148 viventium
1107 3089 1320 3161 perditi,
1356 3104 1477 3143 cum
1505 3086 1718 3141 diabolo
1741 3098 1795 3137 et
1829 3078 2033 3152 angelis
2063 3082 2180 3151 ejus

607 3183 992 3258 perpetualiter
1018 3170 1276 3240 damnati,
1300 3184 1556 3231 maneant
1581 3176 1631 3228 in
1644 3174 1820 3244 pcenis
1836 3171 2184 3227 infernalibus

613 3280 731 3333 sine
760 3277 864 3330 fine
894 3272 1190 3329 cruciandi.
1220 3270 1377 3324 Fiant
1403 3268 1566 3322 etiam
1596 3266 1689 3320 ﬁlii
1719 3280 1905 3319 eorum
1930 3263 2181 3333 orphani,

610 3379 665 3425 et
695 3381 891 3421 uxores
918 3378 1106 3419 eorum
1127 3362 1321 3416 viduae.
1376 3359 1640 3412 Nutantes
1669 3354 2065 3411 transferantur
2089 3353 2181 3407 lilii

612 3472 822 3520 eorum,
861 3463 915 3509 et
948 3452 1276 3507 mendicent.
1333 3447 1728 3518 Ejiciantur'de
1758 3444 2202 3500 habitationibus.

613 3550 747 3613 suis,
794 3547 1153 3614 omnibusque
1205 3527 1694 3603 maledictionibus,
1750 3553 1871 3607 qua:
1918 3538 1970 3591 in
2002 3538 2182 3593 Veteri

609 3637 695 3692 vel
725 3637 873 3691 Novo
912 3634 1259 3689 Testamento
1309 3627 1576 3693 contineri
1606 3629 1877 3689 videntur,
1911 3626 2182 3682 maledicti

613 3740 669 3785 et
693 3725 1135 3804 anathematizati
1186 3723 1525 3791 subjaceant,
1555 3733 1835 3788 quousque
1864 3718 2191 3788 resipiscant

608 3830 669 3875 et
719 3824 920 3873 nostra:
969 3811 1238 3869 vocationi
1294 3822 1351 3866 et
1379 3808 1680 3864 monitioui.
1709 3822 1947 3878 congrue
1971 3806 2185 3863 satisfa-

609 3914 780 3968 ciant.

694 4001 857 4055 Vobis
905 3998 1067 4052 etian:
1120 3995 1377 4050 fratribus
1407 3994 1542 4050 meis
1561 4001 1617 4048 et
1642 3993 1989 4063 coepiscopis,
2022 4007 2182 4061 supra

622 4093 935 4155 nominatis,
971 4089 1164 4143 mando
1189 4099 1241 4142 et
1263 4087 1515 4157 prmcipio
1537 4086 1858 4140 auctoritate
1893 4085 2181 4153 apostolica

617 4195 674 4237 ut
707 4186 846 4238 hanc
885 4195 1060 4234 meam
1111 4177 1441 4233 contirmetis
1491 4177 1832 4241 sententiam,
1856 4187 1911 4230 et
1938 4175 2185 4230 similiter

616 4274 736 4327 illos
784 4269 1286 4331 excommunicctis,
1346 4268 1703 4336 omnibusque
1756 4268 2087 4338 presbyteris
2130 4275 2184 4321 et

2283 1826 2548 1880 examinis
2573 1825 2688 1878 sine
2718 1823 2879 1877 dubio
2909 1821 3175 1877 rationem
3204 1819 3452 1875 reddent.

2353 1916 2488 1970 Data
2527 1913 2645 1969 Kal.
2677 1912 3032 1984 Septembris.

2981 2026 3141 2081 XVII.

2981 2026 3025 2081 X
3081 2026 3141 2080 ll.

2353 2117 2560 2173 Erectio
2589 2117 2994 2173 Bisuiduncnsis
3034 2026 3291 2171 ἷζεειεεῑω
3323 2116 3381 2169 in
3409 2114 3772 2184 episc0patum.

2878 2209 3054 2281 (Anno
3079 2208 3256 2279 1017.)

2477 2301 2889 2375 [Cocoosunss,
2917 2300 3129 2355 Bullar.
3159 2297 3472 2383 Collect.,l,
3507 2296 3660 2366 327.]

2353 2414 2689 2469 BENEDICTUS
2720 2427 3025 2483 episcopus,
3051 2426 3241 2466 servus
3281 2424 3574 2464 servorum
3614 2409 3722 2472 Dei,
3761 2407 3824 2461 di-

2282 2503 2420 2559 lecto
2450 2502 2504 2557 in
2551 2501 2765 2557 Christo
2792 2500 2903 2556 ﬁlio
2934 2500 3212 2557 Gumaaoo
3258 2515 3290 2553 a
3335 2499 3501 2554 nobis
3549 2505 3827 2553 consecrato

2282 2596 2551 2666 episcopo,
2582 2594 2675 2649 tibi
2703 2594 2915 2665 tuisque
2939 2592 3343 2649 successoribus
3364 2592 3420 2646 in
3444 2600 3772 2661 perpetuum.

2356 2687 2709 2751 Desiderium,
2741 2687 2884 2755 quod
2933 2686 3240 2756 religiosum
3271 2683 3620 2754 propositum
3657 2691 3707 2736 et
3731 2696 3825 2735 san-

2284 2791 2490 2833 ctorum
2524 2778 2767 2833 locorum
2804 2777 3154 2832 stabilitatem
3193 2775 3470 2845 pertinere
3506 2780 3824 2833 monstratur,

2283 2872 2401 2926 sine
2430 2870 2607 2939 aliqua
2640 2879 2744 2934 est,
2770 2872 2878 2925 Deo
2902 2879 3143 2934 auctore,
3172 2868 3433 2924 dilatione
3450 2865 3822 2936 perficiendum.

2282 2972 2337 3019 et
2357 2973 2618 3033 quantum
2640 2964 2692 3017 in
2711 2962 3031 3033 quibusdam
3060 2963 3177 3033 ejus
3203 2960 3603 3015 variationibus
3629 2970 3823 3014 commc-

2208 3045 2250 3102 C
2285 3054 2365 3108 dis
2398 3064 2641 3123 nostrum
2687 3069 2986 3125 assensum,
3018 3063 3074 3108 et
3101 3062 3303 3108 sanctae
3332 3052 3648 3122 apostolica:
3685 3056 3827 3102 aucto-

2285 3147 3124 3216 ritatisexposciturpraesidium,
3143 3145 3284 3199 ultro
3300 3143 3656 3223 benignitatis
3669 3139 3824 3195 intuitu

2285 3258 2383 3302 llos
2406 3241 2659 3301 convenit
2688 3230 2997 3296 subvenire.
3024 3276 3037 3292 .
3067 3276 3082 3292 .
3108 3275 3122 3292 .
3149 3276 3165 3293 .
3192 3279 3206 3293 .
3234 3277 3251 3293 .
3280 3254 3380 3308 pro
3426 3238 3640 3309 integra
3666 3232 3827 3289 securi-

2289 3352 2396 3397 tate
2424 3355 2492 3394 ex
2518 3338 2726 3392 ratione
2757 3335 3012 3401 solidare,
3043 3342 3103 3388 ut
3126 3348 3195 3389 ex
3237 3334 3339 3387 hoc
3384 3331 3522 3400 ipsis
3547 3325 3827 3384 venerabili-

2287 3435 2386 3489 bus
2411 3431 2565 3499 locis,
2622 3430 2768 3484 salus
2790 3437 2845 3482 et
2877 3408 3199 3482 indemnitas
3223 3423 3611 3496 proficiscatur
3630 3430 3683 3475 ct
3706 3416 3826 3472 nobis

2285 3535 2498 3593 quoque
2568 3519 2703 3573 lucri
2761 3518 3102 3589 potissimum
3169 3512 3450 3587 pra-mium
3500 3529 3538 3567 a
3591 3511 3827 3567 conditore

2284 3617 2521 3670 omnium
2554 3610 2662 3665 Deo
2693 3610 2745 3664 in
2791 3610 3015 3665 sidereis
3040 3608 3251 3663 arcibus
3290 3605 3689 3676 praescribatur.
3711 3599 3826 3666 Qua-

2286 3715 2506 3776 propter
2527 3714 2710 3759 notum
2739 3716 2860 3756 esse
2887 3700 3130 3755 volumus
3159 3697 3411 3752 omnibus
3443 3706 3559 3749 tam
3591 3688 3827 3763 prasente

2286 3800 2387 3853 bus
2417 3813 2576 3867 quam
2628 3794 2845 3860 futuris,
2876 3793 3128 3864 quoniam
3174 3790 3483 3845 Bernardus
3534 3800 3710 3841 comes
3731 3796 3825 3836 cum

2270 3889 2401 3963 {filio
2444 3902 2542 3941 suo
2580 3884 2897 3948 Guillermo,
2952 3890 3008 3935 et
3054 3895 3149 3950 per
3198 3880 3297 3933 hos
3344 3876 3637 3932 Guifredus
3682 3884 3825 3929 comes

2284 3979 2475 4042 frater,
2547 3976 2665 4046 ejus
2715 3989 2871 4028 suum
2921 3972 3246 4026 desiderium
3318 3970 3758 4027 demonstrantes,
3784 3963 3825 4016 hi
3862 4022 3878 4041 .

2285 4085 2472 4126 omnes
2504 4066 2745 4123 derelicti
2770 4065 2925 4121 simul
2953 4063 3053 4118 sub
3074 4064 3187 4117 sola
3214 4062 3441 4115 tuitione
3467 4068 3524 4116 et
3552 4058 3824 4114 defensione

2286 4163 2428 4218 beati
2456 4160 2602 4215 Petri
2656 4157 2881 4227 apostoli
2926 4156 3116 4225 suique
3159 4154 3348 4208 vicarii
3375 4150 3404 4206 ἐι
3439 4154 3544 4223 pia:
3593 4147 3823 4206 memoris

2287 4263 2441 4323 patre
2470 4251 2628 4307 Oltba
2676 4249 2877 4303 comite
2908 4245 3266 4309 nobilissimo,
3302 4244 3665 4314 apostolorum
3706 4238 3822 4293 adic-

614 4361 827 4416 caeteris
858 4360 995 4414 sacri
1025 4358 1231 4412 ordinis
1263 4356 1524 4411 ministris
1580 4356 1730 4410 vobis
1759 4357 2065 4411 commissis
2086 4371 2180 4410 ex—

2288 4354 2412 4400 runt
2440 4344 2643 4407 limina,
2687 4350 3032 4409 nostramque
3057 4339 3425 4408 praesentiam,
3469 4345 3703 4406 petentes
3724 4346 3821 4400 sup-

615 4453 1017 4512 communicare
1073 4449 1420 4518 praecipiatis.
1472 4448 1529 4503 Si
1563 4449 1682 4518 quis
1715 4458 1895 4501 autem
1948 4436 2184 4503 vestrum

617 4543 783 4613 (quod
831 4541 1054 4594 minime
1110 4541 1271 4594 credo
1317 4538 1597 4609 futurum),
1632 4555 1737 4594 non
1768 4539 2032 4593 obedierit
2062 4540 2187 4593 huic

616 4630 1083 4698 nostraajnSsioni,
1124 4632 1190 4685 de
1228 4640 1538 4702 contemptu
1572 4630 1946 4685 inobedientire
1975 4631 2188 4685 noverit

614 4738 676 4777 se
725 4721 1035 4775 habiturum
1093 4720 1356 4774 rationem
1391 4730 1517 4774 ante
1549 4719 1784 4775 tribunal
1812 4719 2035 4773 Christi.
2069 4720 2188 4790 Ipse

619 4825 812 4879 nempe
838 4811 1017 4865 dixit:
1048 4809 1149 4875 Qui
1176 4826 1260 4863 vos
1285 4812 1432 4863 audit
1460 4827 1540 4863 me
1561 4810 1732 4875 audit,
1753 4820 1799 4863 et
1826 4810 1912 4879 qui
1936 4827 2024 4864 vos
2049 4826 2189 4879 sper-

614 4907 691 4957 m‘t
718 4919 797 4957 me
813 4905 1024 4971 spernit.
1055 4902 1160 4957 Sed
1185 4914 1241 4957 et
1260 4903 1458 4957 seniori
1483 4918 1646 4972 quam
1676 4903 1968 4957 reverendo
1990 4903 2188 4959 domno

616 4993 892 5048 Willelnio
945 4994 1162 5057 comiti,
1224 5008 1432 5047 necnon
1496 4993 1780 5063 praecipuae
1834 4994 2093 5047 bonitatis
2133 5003 2187 5048 et

614 5084 916 5138 dulcedinis
970 5083 1168 5137 domno
1219 5083 1428 5153 Hugoni
1479 5082 1683 5146 comiti,
1727 5084 2028 5149 domnoque
2058 5083 2187 5137 Rai-

616 5174 777 5227 naldo
831 5174 1011 5227 comiti
1063 5173 1172 5227 ﬁlio
1207 5174 1857 5228 sum‘anominatidomui
1908 5173 2182 5228 Willclmi.

2290 4438 2517 4507 pliciter,
2576 4443 2636 4488 ut
2679 4433 2863 4487 liceret
2894 4433 2996 4487 sibi
3043 4438 3227 4485 nostro
3273 4443 3542 4483 consensu
3573 4434 3820 4491 nostraque

2285 4526 2504 4595 judicio,
2534 4524 2633 4579 sub
2659 4539 2765 4593 quo
2801 4523 2915 4578 solo
2958 4534 3114 4576 erant
3151 4520 3331 4592 positi,
3361 4535 3465 4589 pro
3496 4515 3819 4585 redemptione

2288 4618 2589 4671 animarum
2619 4623 2903 4685 parentum
2955 4627 3198 4676 suorum,
3241 4620 3297 4665 et
3336 4625 3556 4666 suorum
3586 4607 3726 4663 venia
3749 4602 3818 4656 de-

2289 4712 2535 4765 lictorum
2571 4708 2937 4777 episcopatum
2970 4706 3023 4771 in
3074 4706 3290 4775 propria
3340 4704 3658 4759 haereditate
3696 4693 3817 4770 perﬁ-

2288 4819 2411 4859 cere
2438 4803 2492 4856 in
2517 4817 2624 4857 uno
2650 4817 2715 4856 ex
2743 4800 2915 4854 tribus
2944 4799 3098 4862 locis,
3118 4812 3227 4867 quo
3254 4798 3334 4851 eis
3362 4796 3537 4865 magis
3576 4787 3813 4863 placuerit.

2288 4900 2402 4953 sive
2432 4899 2485 4951 in
2518 4894 2848 4949 monasterio
2875 4890 3313 4947 SanctilJoannis
3339 4885 3720 4958 Rixipollensis,
3742 4892 3813 4933 seu

2288 4989 2342 5041 in
2380 4985 2707 5041 monasterio
2736 4981 2920 5036 Sancti
2948 4980 3264 5043 Salvatoris,
3298 4988 3354 5032 et
3388 4976 3623 5037 Genesii,
3653 4988 3707 5025 ac
3742 4966 3814 5021 lli-

2289 5078 2492 5133 chaelis
2517 5073 2846 5141 archangeli,
2885 5072 3029 5141 quod
3057 5082 3139 5126 est
3160 5069 3305 5123 infra
3349 5084 3534 5123 muros
3560 5058 3810 5120 Bisulduni,

2287 5169 2545 5223 etlieeret
2576 5168 2655 5220 eis
2683 5173 2865 5217 nostra
2909 5162 3298 5216 constitutione
3343 5177 3412 5215 cx
3465 5161 3573 5215 suis
3598 5154 3811 5214 donis,et
