3984 5316
182 302 310 359 160Ξί

181 414 260 471 vcl
291 406 464 466 simile
491 418 624 475 opus
658 398 904 454 timentes
946 394 1232 448 Dominum
1283 391 1465 438 nostra
1497 373 1751 432 exhorta-

186 506 320 562 tione
342 497 620 554 inclinare,
652 507 762 546 non
793 487 1162 543 desiderantes
1209 479 1309 532 bos
1348 472 1432 528 vel
1479 466 1684 524 similes
1727 479 1757 518 a

183 611 279 655 suo
304 593 444 646 bono
485 585 763 658 proposito
794 590 1094 636 removere,
1143 583 1330 626 eorum
1378 555 1761 620 sacratissimis

184 681 534 759 petitionibus
561 672 836 730 contraire
864 667 1142 735 indignum
1166 658 1438 720 duximus,
1464 651 1558 706 sed
1585 647 1762 718 potius

183 741 372 830 eorum
405 762 689 821 desideriis
731 762 1034 813 annuentes
1062 753 1116 806 in
1162 762 1270 803 uno
1303 760 1369 799 ex
1419 741 1592 794 tribus
1623 748 1765 806 prte-

189 862 350 920 dictis
373 857 529 920 locis,
563 867 698 923 quos
735 848 838 904 sibi
883 845 1054 911 magis
1100 837 1359 910 placuerit
1395 833 1766 903 episcopatum

189 955 330 1018 ﬁeri,
365 959 420 1004 et
449 946 610 1002 ditari
647 939 1008 1000 decrevimus,
1034 941 1089 987 et
1121 933 1174 985 in
1197 937 1516 998 perpetuum
1561 921 1771 990 episco-

188 1053 376 1115 patum
404 1052 526 1093 esse
555 1044 859 1092 censemus,
910 1034 1068 1093 teque
1097 1018 1415 1076 Guifredum
1459 1013 1770 1084 episcopum

189 1135 246 1189 in
273 1131 461 1186 eadem
489 1139 676 1181 eorum
706 1117 967 1189 petitione
988 1109 1445 1171 consecravimus,
1469 1119 1532 1159 eo
1569 1100 1776 1157 scilicet

192 1221 388 1277 ordine
413 1211 769 1270 utliceutiam
797 1215 851 1260 et
895 1211 1218 1275 potestatem
1250 1198 1454 1252 habeas
1497 1203 1554 1248 tu
1593 1191 1778 1259 tuique

1373 262 1725 328 erts'rom:
1768 257 1852 313 er
1894 221 2233 308 osenn'ra.

1785 383 1830 437 Α
1859 362 2194 420 Portuensis.
2219 357 2453 412 Joannes
2479 367 2762 424 cpnaqaus
2792 351 3064 406 Fundana:
3081 349 3358 404 Ecclesiae.

3306 232 3441 290 1606

1933 455 2125 508 Datum
2161 465 2234 502 vn
2259 447 2484 500 Kalend.
2520 443 2799 498 Februarii
2843 456 2940 510 per
2964 454 3181 493 manum
3223 437 3455 494 Bosonis

1861 547 1956 602 Dei
1985 544 2156 616 gratia
2189 539 2426 611 episcopi
2472 547 2526 590 et
2566 533 2960 590 binliothccarii
2989 541 3192 588 sanctae
3235 539 3455 602 aposto-

1865 637 1981 692 licae
2011 635 2174 691 sedis.

2565 696 2749 751 XVlll.

1869 797 2180 852 Benedictus
2216 791 2361 847 VIII
2391 807 2527 860 papa
2549 787 2819 842 ecclesiam
2846 741 3464 860 liisul_d_unen_aemnuper

1941 875 2293 920 constructam
2341 851 2695 914 a'Bernardo
2749 857 2931 909 comite
2971 852 3332 908 Bisuldinensi
3366 851 3462 905 sub

1945 936 2264 1006 protectione
2291 931 2428 986 sedis
2454 929 2756 999 apostolicw
2791 927 2988 994 recipit.

2471 1020 2650 1090 (Anno
2679 1015 2858 1084 1017.)

2233 1111 2642 1183 [Communes
2666 1117 2796 1160 tom.
2821 1105 2861 1171 1,
2885 1120 2938 1174 p.
2961 1103 3112 1176 526.]
3185 1102 3188 1104 ’

1953 1204 2294 1258 Bsnenrcrus
2358 1202 2672 1270 episcopus,
2739 1211 2929 1252 servus
2986 1209 3269 1250 servorum
3330 1193 3473 1261 Dei,

193 1321 546 1368 successores
572 1299 811 1373 episcopi
849 1312 947 1366 per
991 1302 1158 1348 totam
1185 1290 1331 1344 illam
1379 1297 1580 1342 terram
1619 1297 1778 1353 quam

1158 1382 1168 1393 .
1250 1395 1253 1396 ν
1491 1373 1776 1396 Δηὼ-ζῆ,

1931 1297 2234 1353 ,ιρείίεείιιιο
2273 1296 2325 1348 in
2357 1294 2574 1348 Christo
2602 1291 2712 1344 ﬁlio
2737 1288 3065 1342 Anarasnro
3093 1286 3150 1342 S.
3172 1287 3472 1344 Salvatoris

193 1399 441 1475 praedic“
492 1396 691 1449 Τι’θιῐθε
736 1384 1033 1444 venerabili
1057 1378 1420 1484 ,θρῖξοορθξυί
1484 1374 1782 1484 (ξξξῑιξῙθτίηξ
1883 1399 1938 1446 et
1967 1389 2025 1444 S.
2052 1388 2266 1443 Genesii
2291 1401 2354 1440 ac
2373 1385 2433 1439 S.
2463 1380 2740 1436 Michaelis
2761 1379 3229 1447 rectori,quorum
3247 1377 3478 1432 ecclesia

193 1493 278 1548 vel
308 1491 514 1546 habere
541 1484 756 1539 Videtur
788 1493 854 1533 ex
887 1473 1109 1546 [πορτίο
1147 1471 1308 1534 domi
1341 1466 1677 1528 δίθηδίίθῑθν
1699 1459 1784 1515 "el
1885 1491 1968 1538 est
2019 1481 2282 1535 mdiﬁcata
2314 1476 2470 1547 juxta
2506 1483 2742 1530 castrum
2781 1471 3083 1536 Bisulduni,
3133 1469 3231 1525 tibi
3262 1469 3478 1538 tuisque

199 1583 290 1638 alii
340 1575 636 1636 Christiani
685 1574 738 1627 in
783 1577 1055 1640 posterum
1107 1579 1208 1632 pro
1255 1557 1625 1626 redemptione
1676 1567 1786 1607 suae
1887 1571 2293 1628 successoribus
2333 1567 2544 1624 cunctis
2582 1565 2636 1618 in
2676 1571 3020 1633 perpetuum.

199 1673 404 1726 anima:
430 1666 608 1723 daturi
649 1671 775 1718 sunt
813 1653 1169 1715 consecrandi
1213 1650 1494 1713 ecclesias,
1524 1654 1579 1701 et
1604 1643 1783 1698 consi-

198 1761 406 1834 gnandi
439 1758 696 1820 infantes,
744 1750 972 1806 clericos
998 1754 1055 1800 et
1083 1743 1393 1800 sacerdotes
1433 1732 1787 1793 benedicendi

200 1863 256 1908 et
278 1864 446 1906 omne
475 1841 777 1917 episc0pale
798 1852 933 1910 opus
960 1832 1274 1906 peragendi.
1313 1825 1792 1884 Consecrationem

199 1957 337 1999 vero
366 1949 745 1995 successorum
783 1939 999 1986 tuorum
1029 1925 1185 1980 nobis
1215 1920 1524 1988 nostrisque
1551 1929 1798 1971 sucesso-

203 2035 362 2088 ribus
392 2039 738 2085 reservamus
762 2022 815 2076 in
850 2025 1192 2090 perpetuum,
1228 2026 1329 2082 pro
1356 2025 1462 2080 qua
1495 2005 1800 2062 sacratione

204 2121 370 2176 nobis
391 2128 448 2173 et
470 2112 875 2172 successoribus
897 2106 1099 2163 nostris
1121 2119 1150 2158 a
1177 2097 1585 2158 successoribus
1606 2093 1803 2149 vestris

207 2207 346 2266 nihil
376 2208 565 2265 offerri
613 2203 920 2274 iudicamus
968 2203 1168 2252 statuta
1223 2198 1534 2246 sanctorum
1580 2185 1804 2239 Patrum

205 2307 531 2371 sequentes.
563 2273 669 2351 sed
699 2307 768 2348 ne
809 2295 1066 2360 appareat
1091 2288 1145 2340 in
1188 2291 1479 2351 conspectu
1507 2284 1694 2333 nostro
1723 2273 1808 2327 vel

207 2403 602 2448 successorum
655 2392 966 2440 nostrorum
1017 2391 1242 2442 vacuus,
1294 2373 1386 2443 qui
1408 2365 1810 2425 consecrandus

207 2485 339 2550 erit,
376 2498 492 2537 non
539 2494 637 2550 pro
696 2470 1134 2534 consecratione,
1183 2475 1244 2521 ut
1272 2464 1527 2526 diximus,
1574 2459 1668 2516 sed
1713 2470 1812 2526 pro

208 2573 402 2630 debita
434 2564 766 2632 obedientia,
796 2572 852 2618 et
879 2569 940 2616 ut
961 2558 1260 2628 subjectum
1283 2569 1341 2609 se
1371 2564 1582 2621 semper
1617 2556 1814 2603 nostrae
1876 2565 1878 2567 ·

209 2667 492 2725 Ecclesize
535 2660 808 2725 ostendat,
852 2664 974 2728 post
1026 2651 1387 2709 sacrationem
1446 2659 1600 2700 suam
1649 2654 1815 2694 unam

209 2761 423 2818 libram
459 2755 574 2811 auri
605 2750 785 2808 oﬁ‘erri
822 2747 1094 2817 jubemus.
1137 2738 1421 2807 Similique
1450 2733 1608 2788 modo
1633 2728 1819 2799 pracci-

207 2855 404 2925 pimus
461 2832 521 2902 ut
569 2829 760 2900 contra
803 2837 1142 2894 Christianos
1207 2844 1357 2885 arma
1407 2838 1626 2881 movere
1673 2819 1821 2876 nulla

203 2945 445 3000 ratione
509 2948 825 3007 pra-sumas,
857 2943 957 2983 nec
977 2926 1160 2994 aliqua
1184 2935 1375 2991 magna
1401 2918 1486 2973 vel
1510 2929 1673 2987 parva
1701 2927 1824 2982 per-

204 3051 351 3092 sona
388 3032 471 3087 ad
496 3004 596 3084 hoc
621 3040 717 3080 vos
755 3033 948 3091 cogere
971 3024 1162 3071 tentet.
1194 3013 1505 3066 Statuentes
1529 3004 1824 3077 apostolica

203 3137 496 3186 censura,
551 3117 651 3172 sub
695 3109 862 3168 divini
897 3103 1087 3177 judieii
1115 3099 1475 3156 obtestatione
1506 3105 1561 3150 et
1596 3093 1825 3148 anathe—

202 3215 386 3270 matis
416 3205 831 3267 interdictione,
856 3207 915 3253 ut
937 3194 1071 3251 nulli
1099 3205 1337 3261 unquam
1362 3197 1669 3243 nostrorum
1704 3197 1827 3238 suc-

202 3315 520 3364 cessorum
551 3295 865 3370 pontiﬁcum
894 3288 979 3346 vel
1003 3285 1096 3342 alii
1132 3283 1354 3340 cuilibet
1385 3292 1594 3350 magnae
1621 3289 1832 3347 parvae-
1897 3282 1902 3284 ·

204 3411 327 3467 que
395 3368 656 3465 personae
709 3387 825 3440 haec
874 3379 994 3451 qna:
1045 3392 1077 3431 a
1118 3374 1276 3431 nobis
1320 3369 1482 3426 modo
1530 3368 1750 3422 decreta
1776 3372 1831 3418 et

205 3455 544 3542 constituta
584 3486 730 3540 sunt,
772 3474 828 3528 in
874 3482 1147 3540 quoquam
1177 3461 1479 3520 convellere
1526 3458 1619 3512 sed
1656 3455 1832 3524 potius

203 3579 391 3633 ﬁrma
447 3568 755 3628 stabilitate
817 3558 1132 3617 inconvulsa
1185 3549 1461 3623 perpetuis
1519 3559 1835 3617 permanere

205 3663 589 3736 temporibus
617 3654 926 3713 deﬁnimus.
957 3649 1014 3704 Si
1041 3646 1163 3716 quis
1185 3650 1366 3697 autem
1391 3637 1679 3693 temerario
1704 3649 1836 3687 ausu

202 3766 436 3816 contra
471 3751 637 3823 hujus
667 3755 867 3802 nostra:
897 3738 1204 3810 apostolica:
1235 3729 1614 3804 praeceptionis
1643 3727 1838 3781 seriem

200 3854 309 3926 pie
351 3865 390 3903 a
422 3845 593 3902 nobis
621 3837 1037 3912 promulgatam,
1066 3829 1273 3891 venire,
1322 3835 1507 3894 agere,
1540 3817 1626 3874 vel
1657 3816 1842 3871 ell’rin-

202 3906 360 4015 gere
414 3931 740 3994 tentaverit,
792 3926 929 3982 sciat
995 3936 1072 3986 se,
1121 3918 1223 3972 nisi
1275 3911 1597 3983 resipuerit,
1640 3906 1842 3962 domini

202 3996 414 4089 nostri
453 4033 518 4080 et
563 4017 926 4093 apostolorum
972 4009 1232 4082 principis
1279 4003 1428 4059 Petri
1484 3996 1846 4056 anathematis

202 4119 474 4180 vinculo
507 4112 841 4173 innodatum,
872 4115 926 4160 et
954 4117 1078 4159 cum
1113 4096 1327 4153 diabolo
1353 4102 1408 4149 et
1435 4093 1550 4162 ejus
1577 4087 1850 4144 atrocissi-

203 4215 333 4271 mis
364 4205 606 4280 pompis
634 4211 796 4270 atque
835 4211 956 4251 cum
985 4192 1120 4248 Juda
1147 4188 1407 4244 traditore
1443 4184 1537 4238 Dei
1568 4193 1622 4236 et
1661 4180 1848 4235 Salva-

207 4302 375 4358 toris
421 4292 613 4350 nostri
641 4290 768 4346 Jesu
791 4285 991 4342 Christi
1024 4283 1076 4336 in
1106 4289 1370 4334 aeternum
1411 4275 1588 4344 ignem
1637 4283 1853 4326 cornere-

1965 1661 2302 1718 Desiderium
2355 1658 2500 1728 quod
2557 1656 2623 1710 ad
2683 1654 2997 1724 religiosum
3050 1651 3386 1722 propositum
3436 1661 3490 1706 ct

1895 1761 2202 1809 sanctorum
2223 1751 2466 1806 locorum
2480 1746 2830 1802 stabilitatem
2846 1744 3118 1814 pertinere
3133 1752 3490 1806 monstratur,

1897 1847 2012 1901 sine
2041 1845 2243 1914 aliqua,
2270 1841 2380 1896 Deo
2407 1849 2649 1903 auctore,
2671 1835 3061 1907 perﬁciendum
3091 1843 3174 1889 est
3194 1834 3450 1890 dilatione
3476 1851 3488 1884 :

1900 1947 1956 1993 et
1993 1935 2206 2006 quoties
2252 1935 2305 1986 in
2355 1931 2634 2000 cujusdam
2686 1928 2805 1998 ejus
2852 1925 3102 1980 utilitatis
3149 1925 3494 1980 commodum

1903 2037 2153 2083 nostrum
2185 2038 2468 2079 assensum
2493 2030 2550 2078 et
2581 2028 2785 2075 sancta:
2817 2016 3128 2087 apostolicae
3159 2000 3498 2070 auctoritatis

1905 2114 2217 2185 exposcitur
2247 2112 2576 2184 praasidium,
2601 2109 2744 2164 ultro
2779 2107 3134 2177 benignitatis
3157 2107 3356 2160 intuitu
3397 2119 3496 2158 nos

1907 2206 2161 2263 convenit
2201 2203 2522 2259 subvenire.
2549 2241 2562 2254 .
2589 2237 2606 2255 .
2631 2238 2646 2254 .
2687 2214 2787 2269 pro
2837 2199 3046 2268 integra
3098 2197 3388 2252 securitate
3433 2209 3498 2250 ex

1909 2297 2120 2352 ratione
2152 2295 2404 2359 solidare,
2433 2302 2491 2346 ut
2515 2308 2581 2347 ex
2616 2293 2721 2346 hoc
2763 2289 2895 2360 ipsis
2929 2287 3331 2343 venerabilibus
3374 2286 3505 2341 locis

1913 2386 2079 2449 salus,
2113 2396 2167 2439 et
2201 2384 2526 2439 indemnitas
2567 2381 2966 2452 proﬁciscatur,
3005 2389 3058 2434 et
3092 2379 3247 2434 nobis
3295 2392 3506 2447 quoque

1914 2477 2051 2531 lucri
2082 2475 2423 2545 potissimum
2461 2461 2744 2542 praemium
2775 2486 2804 2524 a
2826 2470 3106 2526 conditore
3132 2468 3376 2523 omnium
3399 2467 3508 2521 Deo

1918 2569 1972 2622 in
1997 2567 2225 2623 sidereis
2255 2567 2472 2620 arcibus
2517 2564 2841 2618 ascribatur.
2875 2561 3217 2631 Quapropter
3258 2559 3511 2613 omnibus

1920 2657 2232 2714 hominibus
2290 2665 2475 2711 notum
2529 2668 2649 2708 esse
2689 2651 2941 2707 volumus
2993 2660 3102 2705 tam
3152 2648 3513 2718 prtesentibus

1922 2764 2086 2819 quam
2111 2745 2306 2801 futuris
2337 2745 2594 2815 quoniam
2646 2743 2872 2798 dilectus
2903 2741 3048 2796 ﬁlius
3078 2749 3262 2795 noster
3298 2738 3515 2793 inclitus

1924 2839 2332 2896 Bisuldunensis
2408 2850 2591 2892 comes
2660 2833 2968 2891 Bernardus
3040 2848 3162 2887 cum
3234 2832 3344 2886 ﬁlio
3421 2846 3517 2886 suo

1927 2928 2211 2985 Guillelmo
2252 2928 2407 2981 [lexis
2461 2926 2688 2995 genibus
2734 2925 2900 2994 pedes
2949 2933 3167 2978 nostros
3223 2921 3519 2977 osculando

1931 3028 2169 3074 sanctam
2200 3020 2495 3075 Romanam
2519 3018 2726 3072 curiam
2750 2999 3072 3085 deprecatus
3102 3022 3206 3079 est,
3242 3023 3302 3067 ut
3328 3012 3516 3082 prazl'a-

1931 3120 2039 3164 tarn
2070 3110 2356 3164 ecclesiam
2385 3108 2569 3162 Sancti
2600 3107 2921 3173 Salvatoris,
2963 3121 3025 3160 ac
3056 3104 3244 3160 Sancti
3275 3103 3524 3169 Genesii,

1930 3215 2030 3256 nec
2053 3216 2156 3253 non
2183 3198 2367 3253 Sancti
2396 3197 2672 3251 Michaelis
2697 3196 3007 3267 archangeli
3035 3199 3131 3251 sub
3156 3199 3268 3254 lola
3300 3200 3527 3253 tuitione

1932 3308 1998 3347 ac
2054 3289 2363 3345 defensione
2408 3289 2550 3344 beati
2581 3287 2726 3342 Petri
2777 3289 3042 3356 apostoli,
3094 3291 3286 3360 Suique
3334 3290 3525 3344 vicarii

1932 3380 2320 3448 reciperemus,
2342 3386 2396 3432 et
2424 3387 2622 3431 nostra:
2647 3379 2954 3446 apostolica:
2987 3377 3436 3443 couﬁrrnationis,
3470 3389 3526 3433 ct

1935 3471 2274 3527 auctoritatis
2290 3469 2570 3538 privilegio
2597 3469 2952 3524 muniremus.
2975 3470 3048 3522 Ea
3073 3471 3526 3538 prOpter,dilecte

1938 3565 2011 3617 ﬁli
2047 3562 2360 3627 Adalbcrte,
2395 3560 2491 3614 tibi
2510 3560 2721 3628 tuisque
2752 3561 3158 3614 successoribus
3183 3562 3529 3617 decernimus

1939 3651 2102 3718 hujus
2146 3649 2453 3719 apostolica:
2497 3647 2834 3702 auctoritatis
2883 3649 3165 3720 privilegio
3219 3668 3248 3704 a
3278 3653 3533 3721 praesenti

1944 3743 2150 3796 decima
2199 3742 2385 3810 quinta
2438 3742 2767 3805 indictione.
2827 3744 3099 3798 sancimus
3152 3747 3221 3800 ob
3275 3746 3535 3801 honorem

1945 3834 2113 3904 ipsius
2147 3834 2202 3888 S.
2236 3833 2552 3899 Salvatoris,
2590 3843 2645 3890 et
2684 3835 2745 3890 S.
2791 3834 3006 3890 Genesii
3043 3850 3107 3891 ac
3149 3835 3206 3890 S.
3262 3836 3539 3894 Michaelis

1948 3923 2298 3993 archangeli,
2352 3932 2406 3978 et
2465 3924 2814 3979 stabilitatem
2877 3923 3114 3992 ejusdem
3179 3925 3317 3990 loci,
3377 3943 3537 3995 quem

1950 4017 2064 4084 ipse
2093 4015 2384 4084 pra-dictus
2413 4031 2595 4069 comes
2626 4014 2937 4080 Bernardus
2967 4031 3088 4069 cum
3134 4015 3399 4070 avunculo
3443 4032 3542 4071 suo

1952 4109 2166 4163 Mivone
2215 4121 2311 4177 pro
2362 4108 2751 4175 omnipotentis
2798 4108 2894 4162 Dei
2933 4122 3138 4173 amore,
3187 4109 3545 4178 mercedeque

1954 4203 2146 4256 animae
2189 4216 2299 4255 suae
2346 4201 2412 4255 de
2458 4215 2554 4254 suo
2588 4201 2806 4270 pr0prio
2835 4201 3094 4256 comitatu
3145 4202 3406 4256 moderno
3430 4203 3543 4273 juri

1955 4292 2038 4347 vel
2055 4292 2240 4346 ditioni
2263 4291 2454 4345 subsit.
2486 4290 2738 4358 Inprimis
2759 4292 3043 4356 ecclesiam
3070 4291 3254 4346 Sancti
3281 4289 3547 4349 Vincentii

206 4391 549 4450 “landum,
583 4380 850 4449 sun“l‘lue
875 4385 929 4432 et
956 4377 1009 4429 in
1036 4384 1290 4441 Voragme
1323 4374 1663 4432 tartaream)"
1690 4362 1854 4417 Chaos
1885 4398 1930 4451 1)
1957 4400 2077 4439 cum
2124 4382 2346 4437 decimis
2391 4392 2458 4438 et,
2497 4382 2781 4452 primitiis,
2838 4391 2892 4437 et
2944 4384 3242 4438 cimeteriis
3301 4385 3414 4440 suis
3470 4387 3552 4440 cis

210 4470 670 4545 demergcndus
695 4483 817 4524 cum
849 4464 1028 4534 impiis
1065 4459 1296 4516 deﬁciat.
1345 4456 1448 4523 Qui
1477 4469 1607 4508 vero
1638 4453 1726 4523 pio
1769 4452 1855 4504 in—

211 4575 386 4631 tuitu
452 4570 652 4620 custos
694 4569 749 4614 et
791 4557 1068 4617 obediens,
1113 4560 1276 4620 atque
1328 4551 1648 4604 observator
1704 4545 1863 4611 hujus

212 4672 465 4722 nostrae
535 4650 828 4707 salutifera:
884 4643 1265 4718 praeceptionis
1314 4637 1608 4703 exstiterit,
1650 4636 1864 4691 benedi-

168 4754 458 4816 'ctionis
527 4745 756 4816 gratiam
821 4753 876 4797 et
923 4728 1163 4794 caelestis
1226 4732 1602 4788 retributionis
1663 4740 1866 4785 aeterna

227 4845 466 4924 gaudia
506 4855 544 4892 a
579 4836 723 4904 justo
764 4835 946 4906 judice
989 4829 1220 4884 Domino
1249 4828 1358 4880 Deo
1397 4833 1583 4880 nostro
1611 4837 1846 4890 consequ

227 4919 563 4998 mercatur
587 4929 638 4982 in
672 4927 868 4984 saecula
896 4920 1240 4980 saeculorum.
1271 4919 1461 4973 Amen.

316 5026 632 5091 Scriptum
664 5032 762 5085 per
799 5027 1017 5073 manum
1048 5011 1322 5069 Benedicti
1358 5007 1553 5062 notarii
1582 5003 1874 5080 regionarii

226 5134 290 5181 et
325 5109 630 5176 scriniarii
654 5121 859 5168 sancta:
886 5109 1148 5163 Romana:
1177 5105 1451 5169 Ecclesiae,
1483 5101 1536 5154 in
1570 5117 1760 5158 mense
1782 5097 1874 5152 Ja-

233 5209 478 5254 ηηηι-ῑο.
519 5197 820 5254 indictiOne
851 5197 1040 5254 quinta
1066 5195 1302 5253 decima.

1965 4482 2258 4530 torrentem
2289 4482 2346 4526 et
2388 4474 2528 4526 ultra
2559 4483 2874 4539 torrentem,
2901 4490 2993 4529 seu
3035 4478 3155 4530 cuin
3191 4476 3554 4532 oblationibus

1966 4567 2095 4629 suis,
2141 4574 2197 4619 et
2236 4581 2358 4618 cum
2405 4564 2650 4618 ecclesiis
2696 4565 2809 4620 suis
2859 4567 3244 4636 sutiraganeis,
3303 4567 3556 4622 videlicet

1969 4654 2149 4708 Sancti
2197 4652 2410 4704 Martini
2465 4652 2528 4706 de
2557 4652 2863 4720 Juviniano,
2905 4665 2958 4710 et
3005 4657 3219 4709 Sancta:
3269 4653 3450 4708 Mari-.2
3492 4657 3558 4708 de

1969 4745 2154 4805 Faxis,
2186 4750 2239 4794 et
2279 4741 2462 4796 Sancti
2495 4740 2781 4798 Fructuosi
2825 4745 2892 4796 de
2924 4743 3236 4805 Ursiniano,
3283 4751 3338 4794 et
3375 4741 3560 4796 Sancti

1973 4836 2233 4907 Sylvestri
2266 4836 2329 4888 de
2359 4833 2492 4900 Mor,
2521 4836 2661 4891 sicut
2695 4833 2942 4888 terminis
2967 4835 3317 4901 assignantur
3349 4831 3403 4884 in
3441 4833 3568 4886 dote

1974 4925 2407 4983 consecrationis
2447 4923 2561 4992 ejus
2599 4937 2760 4992 quam
2801 4922 3122 4987 conspectui
3169 4927 3352 4972 nostro
3378 4920 3572 4974 obtulit

1976 5019 2282 5073 Bernartius
2315 5013 2568 5084 spiritalis
2595 5012 2734 5065 ﬁlius
2761 5016 2953 5065 noster
2991 4996 3110 5076 jam
3134 5008 3325 5062 dictus.
3358 5006 3578 5062 Primus

1978 5115 2248 5169 terminus
2279 5120 2361 5162 est
2403 5105 2674 5174 jamdictae
2733 5103 2790 5157 S.
2838 5099 3127 5157 Vincentii
3172 5097 3413 5152 ecclesiae
3465 5114 3587 5154 cum

1980 5193 2474 5252 suﬁranzmniv
2551 5194 2569 5212 "
2645 5191 2706 5207 '°
2786 5200 2795 5206 ‘
2887 5187 2898 5197 ’
2980 5187 3029 5200 ’⁸
3162 5185 3216 5204 ¹¹⁴
3293 5185 3302 5198 '
3489 5188 3554 5208 "'
