3984 5316
602 277 742 335 i607
1853 278 2215 336 BENEDICTI
2254 281 2367 337 Vill
2409 282 2610 341 PAPJE
3731 302 3837 358 {eos

590 391 1018 461 proprietatibus
1039 386 1169 449 suis.
1199 401 1319 456 qum
1339 394 1422 442 est
1444 385 1495 440 in
1520 400 1687 456 prope
1706 388 1905 442 mmnia
1920 387 2199 445 Bisnlduni
2228 392 2277 449 Α
2300 390 2445 446 Petri
2468 395 2831 453 anathematis
2852 399 3069 458 vinculo
3093 401 3498 472 innodatum,et
3518 423 3640 465 cum
3660 411 3839 471 diabolo

593 500 708 540 una
736 501 860 541 cum
919 485 1033 554 ipsa
1075 481 1409 552 proprietate
1451 496 1626 550 quam
1677 480 1902 551 pml'ata
1954 482 2187 538 ecclesia
2294 491 2349 537 et
2368 482 2486 553 ejus
2508 487 2865 544 atrocissimis
2890 492 3294 563 pompis,atque
3316 496 3590 553 cumluda
3610 502 3835 563 traditore

594 579 782 636 Sancti
839 579 1138 635 Salvatoris
1198 586 1254 633 et
1313 576 1498 631 Sancti
1556 574 1810 639 Genesii,
1878 590 1944 630 ac
2000 575 2187 630 Sancti
2292 572 2348 627 in
2410 583 2669 630 aeternum
2726 579 2905 650 ignem
2966 595 3371 640 concrematum
3405 628 3423 654 ,
3480 590 3742 662 simulque
3796 597 3836 650 in

590 668 873 725 Michaelis
910 670 1111 724 habere
1148 668 1359 721 videtur
1410 666 1465 719 in
1506 665 1676 735 burgo
1705 664 2002 731 Iiisulduui,
2050 666 2187 720 etin
2289 667 2546 736 voragine
2573 683 2694 723 cum
2726 670 2908 740 impiis
2943 674 3176 729 deﬁciat.
3205 676 3308 742 Qui
3350 693 3475 733 vero
3522 695 3624 749 pro
3669 683 3833 741 intuitu

586 761 858 825 circuitu,
920 770 977 816 et
1035 758 1089 814 it't
1155 758 1408 813 omnibus
1465 756 1587 811 aliis
1652 756 1805 810 locis.
1874 756 1982 810 Has
2044 772 2175 813 vero
2291 765 2472 811 custos
2498 765 2554 811 et
2586 759 2871 827 obediens,
2911 773 3074 832 atque
3108 766 3429 823 observator
3469 770 3634 839 hujus
3677 786 3837 831 nostra:

592 851 958 920 supradictas,
995 864 1185 904 omnes
1219 846 1481 903 ecclesias
1512 862 1633 901 cum
1681 846 1931 901 omnibus
1970 847 2183 907 alodiis,
2289 845 2590 903 salutifera:
2649 852 3031 921 praeceptionis
3097 857 3371 912 exstiterit
3409 898 3425 922 ,
3478 860 3836 918 benedictionis

586 950 645 995 et
691 940 1115 1010 proprietatibus
1150 940 1281 1000 suis,
1327 937 1470 992 sicut
1521 938 1662 991 fatus
1720 936 2025 991 Bernardus
2070 940 2185 1006 ipse
2287 940 2538 1007 gratiam,
2584 950 2639 997 et
2665 944 2907 999 ctelestis
2952 947 3322 1004 retributionis
3358 959 3567 1007 azterna
3617 955 3831 1022 gaudia:

587 1044 770 1083 comes
796 1030 1014 1083 donavit
1045 1045 1166 1081 cum
1194 1027 1461 1082 avunculo
1487 1043 1585 1083 suo
1614 1027 1818 1081 Mtrone
1848 1029 1898 1081 in
1927 1028 2182 1097 praedicta
2282 1028 2427 1096 justo
2446 1030 2629 1094 judice
2655 1034 2881 1088 Domino
2913 1035 3022 1089 Deo
3064 1046 3252 1093 nostro
3293 1042 3561 1111 consequi
3602 1052 3835 1101 mereatur

593 1119 845 1184 ecclesia,
871 1118 955 1173 vel
980 1116 1219 1180 donabit,
1253 1125 1307 1171 et
1333 1128 1527 1171 camera
1555 1133 1674 1187 qua:
1708 1118 1906 1186 ubique
1935 1118 2180 1185 donavit,
2288 1132 2341 1170 tn
2368 1119 2564 1176 smcula
2598 1122 2941 1178 mulorum.
2972 1125 3167 1180 Anien.

596 1217 693 1263 aut
740 1210 981 1273 donabit,
1007 1208 1122 1262 sive
1171 1207 1345 1273 casis,
1394 1207 1685 1272 casalibus,
1714 1208 1916 1275 curtis,
1955 1224 2180 1274 mausts,
2357 1207 2632 1277 Scriptum
2665 1226 2763 1281 per
2791 1228 3013 1267 manum
3041 1213 3316 1272 Benedicti
3344 1220 3545 1274 notarii
3583 1222 3834 1292 regionarii

580 1298 853 1364 ecclesiis,
885 1297 1086 1362 fundis,
1136 1297 1316 1362 terris,
1349 1310 1445 1351 seu
1489 1296 1681 1361 vineis,
1728 1299 2180 1366 pratis.pascuts,
2284 1304 2338 1352 et
2395 1302 2646 1357 scrinarii
2700 1314 2903 1361 sancta:
2955 1307 3214 1365 Romanae
3262 1311 3522 1369 Ecclesiae
3573 1313 3630 1369 in
3685 1332 3834 1373 mense

586 1399 783 1446 etcum
801 1390 1056 1445 omnibus
1076 1390 1142 1443 ad
1161 1390 1251 1461 jus
1277 1388 1523 1444 ecclesia:
1550 1398 1750 1443 notata:
1779 1390 2183 1457 pertinentibus
2281 1386 2561 1457 Januario,
2588 1395 2879 1451 indictione
2910 1399 3096 1466 quinta
3122 1400 3353 1456 decima.

585 1480 792 1533 salvam
824 1480 953 1533 etin
988 1481 1200 1535 cunctis
1240 1480 1477 1549 quietam
1526 1482 1824 1534 consistere
1854 1480 1954 1533 sub
1980 1490 2181 1536 nostra:
2357 1480 2550 1539 Petrus
2593 1488 2837 1542 ecclesia:
2887 1488 3124 1546 Sutrina:
3172 1493 3459 1566 episcopus
3508 1496 3600 1551 his
3624 1498 3833 1555 omnibus

576 1571 893 1639 apostolicae
925 1571 1070 1625 sedis
1102 1570 1350 1632 tuitione,
1392 1569 1465 1622 ita
1516 1572 1904 1624 coulirmantes
1936 1572 2181 1625 decerui-
2281 1576 2632 1629 consentitet
2660 1578 3002 1648 subscripsit.

582 1676 728 1724 mus,
752 1670 809 1714 ιιι
834 1662 1010 1715 nullus
1046 1662 1454 1732 imperatorum,
1493 1662 1578 1714 vel
1628 1677 1832 1732 regum,
1871 1676 2046 1733 neque
2074 1663 2179 1718 ulla
2351 1660 2629 1719 Robertus
2656 1666 2962 1736 episcopus.

580 1767 815 1821 persona
845 1752 1115 1806 clericalis
1145 1751 1227 1806 vel
1276 1752 1501 1817 Iaicalis,
1547 1768 1711 1821 parva
1751 1761 1843 1808 aut
1883 1770 2072 1824 magna
2121 1755 2179 1809 in
2210 1737 2255 1795 Β
2351 1747 2591 1808 Joannes
2619 1753 2893 1810 Hortarius
2925 1757 3208 1827 episcopus
3240 1758 3592 1834 subscripsit.

582 1839 825 1910 pra-fatis
889 1838 1177 1904 ecclesiis,
1246 1856 1422 1910 neque
1476 1843 1529 1896 in
1595 1843 1943 1912 patocltianis
1990 1859 2179 1898 earum
2353 1841 2677 1899 Benedictus
2707 1848 2930 1902 Arensis
2951 1850 3257 1920 episcopus.

580 1950 678 2004 pro
709 1950 861 2004 pace,
909 1945 965 1991 ει
998 1945 1200 2007 ιεερειιει,
1241 1952 1336 1991 se“
1384 1953 1481 2008 pro
1523 1956 1584 1994 τυ
1623 1939 2012 2003 ecclesiastica,
2037 1941 2178 1995 sicut
2353 1932 2550 1989 Petrus
2592 1937 2879 2008 episcopus
2915 1951 3121 1996 sancta:
3151 1942 3492 2011 Pipemensis
3526 1947 3782 2005 Ecclesia.

570 2021 682 2094 jam
748 2026 876 2080 dicti
942 2029 1160 2082 termini
1215 2029 1585 2099 assignantur,
1626 2030 1864 2100 aliquam
1915 2031 2176 2086 ditionem
2355 2025 2467 2097 Ego
2492 2026 2819 2084 Benedictus
2840 2030 3154 2087 Porluensis
3174 2036 3489 2106 episcopus.

581 2115 784 2170 habere
820 2126 1133 2186 prmsumal,
1184 2120 1278 2173 sed
1318 2135 1429 2173 rem
1470 2137 1568 2190 per
1604 2120 1869 2190 judicium
1898 2123 2173 2179 Adalberti
2352 2118 2542 2173 Datum
2574 2120 2788 2176 VttKai.
2812 2121 3096 2179 Februarii
3123 2141 3220 2196 per
3249 2144 3470 2184 manum
3510 2130 3734 2188 Bosonis
3761 2134 3830 2189 Dei

581 2205 821 2274 ejusdem
858 2209 958 2262 loci
995 2211 1221 2265 rectoris
1249 2210 1337 2265 vel
1363 2228 1763 2277 successorum,
1808 2216 1899 2284 qui
1958 2214 2010 2269 in
2057 2214 2173 2284 jam
2276 2210 2450 2279 gralia
2494 2213 2758 2299 θβὶεερρίν
2792 2225 2847 2269 ei
2874 2215 3272 2273 ὺίδίίοῑδεοῖπίί
3301 2231 3511 2277 Saltem
3558 2225 3831 2292 θροςιοιία

576 2296 717 2350 ἀίειν·
750 2298 980 2353 ecclesia
1024 2299 1209 2354 Sancti
1246 2300 1549 2357 Salvatoris
1600 2320 1664 2358 ac
1713 2303 1902 2358 Sancti
1955 2304 2171 2361 Genesii
2274 2302 2444 2359 sedis.

573 2401 667 2441 seu
704 2385 888 2441 Sancti
922 2388 1198 2444 Michaelis
1221 2392 1378 2445 modo
1405 2402 1457 2446 et
1489 2392 1539 2445 in
1577 2392 1825 2449 i'uturoin
1852 2407 2167 2464 perpetuum
2344 2396 2488 2451 Bene
2513 2396 2710 2452 valete.

566 2478 1069 2541 conttnorabttntur,
1096 2478 1412 2548 dijudicent,
1438 2491 1493 2537 et
1520 2482 1856 2549 discernant,
1879 2495 1933 2539 et
1955 2500 2172 2554 semper
3006 2511 3148 2568 χιχ,

570 2566 623 2620 in
655 2580 843 2619 eorum
877 2569 1133 2622 consistat
1159 2570 1435 2625 voluntate
1464 2581 1519 2625 et
1551 2581 1838 2640 poteSIate.
1864 2572 2047 2628 Liceat
2075 2589 2169 2630 eos
2268 2593 2580 2651 Βεηεάεεηη
2639 2596 2783 2653 γηι
2831 2614 2968 2670 papa
3014 2604 3292 2727 congrum,
3359 2608 3501 2662 bona
3562 2610 3829 2663 manum-,-

570 2656 750 2725 quitte
784 2666 839 2711 et
864 2659 1084 2725 paciﬁce
1114 2662 1297 2714 vivere
1331 2670 1437 2714 tam
1466 2662 1603 2727 illos,
1629 2679 1791 2727 quam
1830 2666 2164 2727 sacerdotes,
2342 2665 2405 2722 S.
2432 2666 2684 2727 Stephani
2713 2669 3073 2726 Balueolcnsis
3152 2676 3512 2727 isuldunemix
3540 2680 3775 2727 άλωειςίι.

568 2656 750 2725 quitte
784 2666 839 2711 et
864 2659 1084 2725 paciﬁce
1114 2662 1297 2714 vivere
1331 2670 1437 2714 tam
1466 2662 1603 2727 illos,
1629 2679 1791 2732 quam
1830 2666 2164 2732 sacerdotes,
2342 2665 2405 2722 S.
2432 2666 2684 2737 Stephani
2713 2656 3073 2726 Balneolenris
3102 2656 3512 2733 Bisnlduncusis

569 2761 668 2800 seu
723 2748 983 2812 clericos,
1038 2760 1202 2819 atque
1243 2751 1407 2807 Iaicos
1451 2769 1662 2817 eorum,
1718 2766 1771 2808 et
1819 2754 1927 2808 sint
1978 2770 2168 2811 omnes
2867 2764 3055 2833 (Auno
3080 2765 3263 2837 1017.)

561 2829 860 2896 immunes,
892 2843 947 2888 ct
982 2834 1142 2888 alie.ti
1192 2837 1261 2889 ab
1298 2837 1443 2889 omni
1487 2838 1699 2907 publica
1757 2840 2033 2894 l'unctione
2082 2840 2166 2896 vel
2568 2829 2980 2923 [Cocousurieg
3009 2855 3097 2908 ubi
3120 2829 3303 2926 supra,
3327 2858 3368 2920 1,
3398 2859 3565 2932 523.]

570 2923 711 2990 turpi
744 2923 987 2987 servitio,
1039 2925 1113 2978 ita
1161 2935 1219 2979 ut
1264 2926 1442 2981 nullus
1480 2928 1676 2983 audeat
1713 2943 1808 2984 eos
1850 2929 2159 2998 molestare,
2334 2938 2676 2998 Bexeotcrus
2705 2945 3011 3014 epierpus,
3056 2962 3247 3003 servus
3291 2966 3585 3005 servorum
3635 2952 3743 3019 Dei,
3768 2953 3824 3008 di-

565 3020 661 3067 ant
710 3016 1032 3084 inquietare,
1069 3018 1170 3071 nisi
1220 3020 1563 3075 solummodo
1592 3021 1745 3076 binos
1778 3023 1980 3077 solidos
2013 3026 2157 3079 omni
2187 3088 2231 3113 η
2262 3027 2401 3085 lettn
2432 3047 2485 3086 ιιι
2540 3032 2761 3087 domino
2815 3034 3085 3091 Boausmo
3135 3037 3385 3109 rel‘gioso
3426 3043 3746 3113 presbytero
3783 3050 3823 3094 et

2868 3088 2901 3089 η
2929 3088 2970 3090 η
2996 3088 3075 3091 __,
3235 3088 3381 3109 ut---
3426 3088 3743 3113 ,μη-,ηπ
3785 3088 3819 3094 -.

562 3118 709 3159 auito
739 3109 803 3159 ad
829 3107 999 3162 altare
1028 3108 1210 3161 Sancti
1251 3109 1390 3163 Petri
1425 3127 1523 3180 pro
1546 3113 1803 3181 pensione
1825 3114 2159 3182 persolvant,
2186 3088 2231 3149 Ο
2263 3125 2549 3190 monacho,
2588 3135 2749 3193 atque
2775 3127 3086 3197 evangelica
3132 3128 3313 3184 abbati
3366 3135 3702 3188 venerabilis
3729 3147 3819 3186 too~

556 3204 617 3249 et
680 3195 872 3249 Mironi
936 3196 1273 3252 Gerundensi
1310 3199 1584 3270 episcopo,
1643 3212 1699 3256 et
1745 3205 1998 3259 omnibus
2044 3202 2160 3273 ejus
2262 3213 2486 3266 nasterii
2519 3212 2707 3268 Sancti
2735 3195 2938 3270 Christi
2966 3222 3379 3290 protomartyris
3396 3220 3823 3292 Slephani,qucd

565 3287 978 3342 successoribus
1006 3290 1299 3360 hospitium
1335 3296 1614 3348 annuatim
1644 3294 1710 3349 de
1744 3308 1952 3366 septem
2000 3298 2156 3367 equi-
2260 3297 2424 3354 situm
2455 3311 2538 3355 est
2569 3302 2621 3355 in
2647 3304 2907 3358 comitatu
2937 3287 3328 3364 Bisuldunense
3358 3311 3412 3363 in
3449 3287 3599 3365 valle
3650 3314 3823 3367 Sterris

562 3378 783 3440 tuturis,
829 3388 883 3430 et
916 3381 1138 3432 totidem
1173 3381 1335 3434 sociis
1373 3390 1603 3435 tantum.
1639 3384 1704 3437 Et
1747 3386 1859 3454 ipse
1905 3385 2063 3453 Miro,
2103 3396 2160 3442 et
2263 3389 2317 3443 iu
2346 3392 2520 3459 capite
2552 3392 2721 3461 ipsius
2750 3397 2948 3462 stagni,
2980 3383 3119 3452 Ἰοοο
3162 3400 3252 3468 qui
3284 3400 3485 3454 dicitur
3545 3402 3819 3463 Balneolus,

562 3480 755 3519 omnes
814 3482 1158 3522 successores
1224 3470 1341 3536 ejus
1401 3474 1637 3541 episcopi
1707 3476 1831 3528 dent
1859 3476 1968 3546 jam
2008 3478 2157 3533 dicto
2258 3480 2354 3534 tibi
2382 3490 2667 3550 tecumque
2701 3485 3128 3549 manentibus,et
3149 3503 3245 3556 per
3273 3498 3324 3543 te
3369 3492 3591 3560 tuisque
3622 3493 3823 3547 illorum-

554 3556 876 3622 Adelberto,
907 3571 955 3613 et
981 3564 1386 3649 successoribus
1417 3563 1532 3631 ejus
1579 3565 1630 3618 in
1674 3566 1897 3634 praefata
1923 3569 2154 3623 ecc'esia
2256 3586 2359 3640 que
2386 3576 2812 3639 successoribus,
2842 3577 2991 3633 salus
3015 3588 3071 3633 et
3094 3596 3220 3647 pax,
3270 3590 3325 3636 et
3352 3585 3659 3653 apostolica
3684 3585 3821 3640 bene-

559 3644 744 3700 Saucti
800 3633 1134 3711 Salvato°ris,
1197 3661 1252 3705 et
1311 3653 1494 3708 Saneti
1544 3633 1791 3719 Genesii,
1851 3673 1913 3712 ac
1965 3658 2148 3713 Sancti
2255 3661 2423 3717 dictio
2444 3666 2623 3733 quoad
2656 3668 2887 3720 mundus
2915 3678 3214 3738 permanet.

554 3733 735 3791 Micba
758 3738 836 3791 lis
871 3743 1361 3805 cotttntorantibus,
1390 3745 1627 3799 chrisma
1659 3749 1776 3802 sine
1817 3751 1996 3818 aliquo
2023 3751 2153 3805 'ser-
2321 3751 2456 3806 Cum
2479 3764 2689 3809 constet
2716 3757 3003 3811 Dominum
3054 3759 3222 3815 Deum
3279 3772 3532 3819 nostrum
3588 3766 3817 3821 honorem

555 3827 709 3889 vitio,
740 3839 795 3882 et
838 3830 1171 3886 habitattres
1196 3833 1434 3900 ejusdem
1476 3836 1717 3891 ecclesia:
1771 3838 1972 3893 donent
2020 3841 2149 3896 illud
2249 3854 2450 3899 sanctae
2479 3847 2796 3902 universalis
2850 3849 3105 3905 Euclcsite
3140 3854 3476 3909 incessanter
3502 3872 3533 3909 a
3586 3871 3818 3925 propaga-

557 3917 619 3972 S.
674 3917 990 3983 Vincentio,
1045 3931 1099 3976 et
1155 3923 1275 3977 aliis
1325 3924 1570 3981 ecclesiis
1620 3927 1723 3981 sibi
1791 3929 2038 3985 subditis.
2092 3931 2146 3985 lu
2252 3940 2335 3988 tor
2356 3934 2457 3989 bus
2480 3935 2648 3998 beata:
2676 3937 2795 3991 ﬁdei
2819 3952 3432 4008 augmentaremecesSc
3452 3948 3815 4012 accipientibus

556 4008 844 4078 praecipuis
869 4025 1083 4079 quoque
1123 4011 1528 4078 festivitatibus,
1564 4015 1773 4071 Pascha
1802 4021 2055 4075 videlicet
2092 4028 2148 4076 et
2249 4025 2316 4078 ab
2342 4024 2435 4078 illo
2465 4025 2630 4080 totius
2656 4025 2776 4093 jura
2807 4029 3102 4097 regiminis,
3156 4033 3205 4087 ei
3262 4039 3562 4092 concedere
3617 4050 3813 4091 censura

554 4096 898 4166 Pentecoste,
950 4108 1004 4155 et
1043 4105 1213 4157 sancti
1257 4103 1499 4171 Genesii,
1543 4123 1606 4162 ac
1646 4110 1821 4163 sancti
1868 4111 2146 4167 Michaelis
2243 4113 2373 4181 justi
2409 4117 2793 4172 moderaminis
2827 4096 3039 4175 ﬁrmam
3089 4123 3507 4192 liberalitatem,
3543 4129 3811 4181 malorum-

552 4190 861 4261 archangeli
889 4232 904 4255 ,
952 4201 1006 4245 et
1060 4196 1301 4249 omnium
1361 4209 1672 4254 sanctorum
1720 4209 1882 4271 atque
1943 4202 2145 4260 Natalis
2247 4222 2353 4276 que
2379 4208 2566 4276 procul
2587 4211 2655 4263 ab
2685 4226 2746 4264 ea
2775 4210 2975 4280 pellere
3004 4217 3670 4286 pervasioneanuocirca
3694 4232 3807 4288 quo-

551 4276 790 4339 Doinini.
837 4297 1030 4337 omnes
1060 4283 1243 4340 clerici
1281 4286 1338 4340 S.
1384 4285 1653 4344 Vincentii
1697 4306 1821 4347 cum
1880 4295 2147 4357 universis
2247 4296 2391 4350 uiam
2425 4301 2680 4353 convenit
2708 4302 3017 4370 apostolica:
3036 4306 3223 4375 pietati
3257 4308 3490 4378 benigna
3524 4309 3804 4378 petentibus

538 4360 1039 4435 .parochianis-snis
1069 4376 1288 4430 veniant
1309 4377 1619 4446 plenissime
1636 4383 1699 4436 ad
1719 4384 1936 4438 missam
1970 4388 2139 4457 tnajo-
2173 4423 2218 4481 ο
2245 4402 2562 4445 succurrere
2584 4395 2977 4461 cotupassione,
3016 4396 3136 4450 ideo
3162 4411 3259 4451 nos
3288 4398 3396 4451 tuis
3417 4397 3583 4467 justis
3613 4402 3806 4468 (etenim

550 4472 662 4481 ,μω
712 4460 775 4481 ΔΑ,
815 4461 1030 4481 ,νμμ
1133 4465 1167 4481 ι,
1225 4467 1257 4481 ,,
1306 4470 1313 4481 ,
1395 4479 1403 4481 Α
1484 4474 1487 4477 λ
1665 4471 1696 4481 ,.
1838 4478 1846 4481 .
1908 4474 1940 4481 -
2088 4476 2114 4481 ν-
2276 4475 2286 4481 .
2628 4480 2633 4481 κ

543 4472 664 4510 rem
710 4460 776 4512 ad
810 4461 1093 4517 ecclesiam
1133 4465 1192 4519 S.
1224 4467 1523 4524 Salvatoris
1550 4487 1614 4525 ac
1664 4471 1848 4527 Sancti
1900 4474 2138 4543 Genesii,
2173 4460 2217 4481 ν
2244 4475 2322 4530 sic
2349 4488 2475 4530 sunt
2495 4494 2525 4533 a
2554 4460 3068 4551 nobisadjudicatae,
3094 4500 3217 4537 nam
3235 4486 3382 4556 juste
3404 4487 3562 4558 (inut)
3588 4504 3672 4540 ant
3695 4502 3803 4540 aeu-

545 4556 712 4617 alqtte
762 4548 946 4606 Sancti
995 4553 1270 4611 Michaelis
1319 4560 1373 4613 in
1413 4574 1732 4631 perpetuum
1780 4578 1903 4619 cum
1949 4583 2139 4622 eorum
2245 4574 2325 4621 les
2350 4569 2624 4636 precibus,
2672 4587 2860 4627 omnes
2911 4575 3269 4644 preprietates
3300 4577 3417 4632 sive
3464 4581 3805 4648 possessiones

542 4638 940 4697 oblationibus.
998 4644 1330 4712 Statucntes,
1390 4654 1685 4721 apostolica
1731 4670 1980 4723 censura,
2038 4659 2138 4713 sub
2243 4655 2411 4726 ipsius
2438 4659 2561 4725 loci,
2594 4661 2731 4716 ﬁnes
2756 4663 2841 4718 vel
2869 4638 3091 4729 iiiililiis.
3122 4681 3245 4720 Cum
3276 4667 3597 4735 adjacenliis
3640 4667 3802 4738 νηοί·

540 4728 710 4783 divini
767 4731 958 4801 judicii
1007 4736 1399 4802 obtestatione,
1456 4753 1510 4795 et
1554 4747 1919 4801 anatbetnatis
1974 4749 2139 4804 intcr-
2239 4761 2472 4814 Ριιοτυιη
2501 4752 2846 4823 praediorum.
2885 4769 3008 4808 cum
3044 4756 3296 4811 omnibus
3346 4758 3615 4825 θεειεείίδν
3667 4771 3800 4827 Ρπο·

542 4819 808 4885 dictione,
861 4835 919 4878 ut
969 4827 1100 4881 nulli
1147 4845 1383 4900 unquam
1417 4844 1726 4890 nostrorum
1758 4855 2133 4897 successorqu
2236 4843 2399 4908 cbiis,
2433 4843 2598 4908 villis,
2634 4843 2835 4909 fundis,
2890 4847 3053 4911 casis,
3106 4850 3397 4915 casalibus,
3427 4852 3797 4914 terris,viueis,

541 4912 860 4980 pontiﬁcum
891 4954 907 4980 ,
978 4917 1059 4970 vel
1122 4919 1242 4974 alia:
1306 4924 1530 4978 cuilibet
1584 4942 1792 4998 magnae
1842 4945 2134 5005 parvaeque
2236 4935 2460 5004 campis,
2484 4936 2679 5004 pratis,
2719 4937 2966 5006 pascuis,
2996 4939 3167 5005 silvis,
3216 4944 3467 5013 garricis,
3505 4945 3661 5009 arcis,
3707 4952 3797 4996 tor-

543 5013 789 5038 nnrann-n
828 5004 940 5038 Iunn
972 5020 1092 5038 nsum
1120 5023 1147 5038 ιι
1185 5011 1335 5038 ..Αιιξκ
1368 5014 1523 5038 -.....I..
1562 5016 1683 5038 ιη,
