3984 5316
150 294 277 350 16οθ

1293 286 1645 341 ΙΞΡΙΞΤΟΙΛΕ
1688 286 1772 340 ΕΤ
1802 286 2137 341 DECRETA.

3254 295 3391 350 “illi

149 408 393 480 parocbia
447 412 622 459 autem
669 407 732 461 de
785 406 895 474 ipsa
950 404 1107 465 valle,
1164 404 1446 457 ecclesiam
1503 402 1717 456 Sancta:
1750 406 1795 461 Α
1827 402 2243 462 incultnm,cum
2274 401 2515 457 terminis
2537 411 2590 456 et
2618 402 2933 470 adjacentiis
2958 405 3091 460 suis.
3122 407 3171 461 lu
3198 408 3396 480 Logori-

151 500 346 557 Mariae,
377 506 431 549 et
457 496 640 549 Sancti
671 494 941 553 Benedicti
975 510 1096 547 cum
1134 494 1356 547 decimis
1388 501 1442 545 et
1477 491 1728 562 primitiis

150 598 349 657 absque
380 589 577 641 tributo
606 602 709 639 una
737 601 856 641 cum
906 586 1268 640 oblationibus
1318 583 1573 645 ﬁdelium,
1605 598 1727 637 cum

153 679 395 734 terminis
448 686 501 731 et
569 677 884 746 adjacentiis
936 691 1141 730 eorum.
1198 675 1489 729 Eeclesiam
1545 674 1729 727 Sancti

152 769 290 821 Petri
329 783 449 819 cum
484 768 595 836 ipsa
629 767 749 818 villa
799 765 1024 836 Agemal
1068 781 1189 818 cum
1224 765 1467 817 terminis
1501 773 1554 816 et
1588 762 1730 817 decio

151 860 251 912 mis
284 864 445 925 atque
466 858 718 925 primitiis
748 858 887 916 suis;
924 854 1217 909 ecclesiam
1274 855 1453 907 Saucti
1509 854 1728 910 Romani

146 966 269 1004 cum
303 950 417 1018 ipso
469 950 770 1011 riunt-terio,
802 964 921 1002 cum
964 946 1190 1001 decimis
1243 955 1298 999 et
1352 945 1624 1014 primitiis,
1680 953 1735 998 et

144 1042 450 1096 oblationes
482 1041 737 1103 lidelium,
766 1048 818 1091 et
852 1039 1020 1107 ipsam
1074 1037 1419 1090 medietatem
1476 1036 1540 1088 de
1591 1037 1735 1103 ipsas

150 1136 439 1203 primitias,
473 1142 525 1186 et
555 1134 621 1186 de
651 1135 762 1197 ipsa
797 1132 1119 1199 Salisparsa,
1145 1138 1196 1183 et
1230 1130 1295 1182 de
1323 1129 1655 1189 Ermetauos,
1681 1135 1737 1179 et

150 1227 217 1279 de
253 1225 509 1293 Agclaga,
544 1240 663 1278 cum
696 1226 837 1291 ipsas
866 1225 1071 1283 domos,
1106 1230 1278 1274 terras
1304 1230 1355 1272 et
1386 1221 1591 1279 vineas,
1625 1233 1736 1271 mo-

147 1317 407 1377 lendiuis,
436 1332 554 1385 quae
582 1317 632 1369 in
667 1318 778 1384 ipsa
811 1315 1063 1384 paroebia
1089 1322 1214 1367 sunt
1274 1323 1331 1365 et
1357 1313 1438 1364 vel
1466 1313 1532 1365 ad
1562 1313 1734 1378 ipsum

153 1410 465 1462 coenobium
503 1410 772 1476 pertinent
802 1424 815 1458 :
858 1407 1034 1461 villam
1067 1405 1300 1460 Leonem
1325 1420 1443 1459 cum
1473 1404 1732 1462 terminis.

156 1500 479 1568 adjacentiis
501 1500 611 1552 suis
632 1498 915 1554 :Savarres
934 1514 1056 1551 eum
1076 1498 1322 1552 terminis
1342 1506 1396 1552 et
1420 1496 1738 1566 adjacentiis

164 1590 308 1651 suis;
336 1588 568 1650 Starola,
602 1598 653 1641 et
686 1589 958 1658 Figerolas
989 1601 1111 1641 eum
1142 1588 1383 1640 terminis
1404 1600 1459 1639 et
1492 1585 1739 1653 adjacen-

164 1681 259 1733 tiis
288 1681 402 1734 suis
448 1699 461 1735 :
492 1681 900 1743 Eremcntanos,
930 1688 982 1733 et
1004 1680 1233 1750 Agelaga
1262 1695 1383 1734 eum
1414 1680 1658 1734 terminis
1685 1687 1739 1733 et

156 1772 480 1840 adjacentiis
515 1773 652 1835 suis,
678 1782 732 1826 et
756 1789 875 1825 eum
911 1772 1058 1840 ipsos
1108 1773 1334 1836 boseos;
1384 1760 1640 1841 Nesei-ga,
1679 1755 1739 1825 et

150 1860 458 1915 Frescaned
509 1878 629 1915 cum
672 1862 915 1916 terminis
976 1870 1030 1915 et
1070 1862 1383 1929 adjacentiis
1428 1861 1580 1915 suis:
1613 1860 1737 1914 villa

147 1950 176 2003 J
200 1951 332 2006 tl‘are
362 1961 419 2005 et
440 1952 624 2007 villare
655 1952 865 2006 Paterni
898 1969 1018 2005 cum
1049 1953 1315 2013 terminis,
1346 1962 1407 2004 et
1424 1952 1742 2018 adjacentiis

151 2040 265 2093 suis
298 2056 312 2093 :
344 2042 563 2111 Agemal
586 2053 640 2096 et
665 2042 966 2097 Millanieas
995 2052 1154 2110 atque
1184 2043 1302 2095 villa
1336 2043 1465 2096 Alba
1488 2058 1608 2096 eum
1629 2050 1741 2095 ter-

154 2132 314 2187 minis
336 2143 391 2187 et
416 2134 734 2198 adjacentiis
764 2133 895 2187 suis.
922 2133 976 2186 lu
1019 2134 1271 2201 parochia
1316 2133 1381 2186 de
1440 2133 1740 2202 Porqueres

153 2222 367 2288 domos,
402 2232 595 2289 terras,
627 2226 813 2278 vineas
849 2239 971 2278 cum
1000 2239 1186 2279 eorum
1219 2226 1461 2279 terminis
1486 2226 1566 2279 vel
1590 2226 1742 2294 adja-

152 2314 354 2367 centiis
385 2315 518 2376 suis,
546 2324 601 2367 et
631 2330 752 2368 cum
780 2315 923 2383 ipsas
951 2314 1189 2368 decimas
1216 2329 1334 2383 qua:
1356 2324 1574 2369 sanctus
1615 2316 1740 2369 Ste-

153 2406 369 2471 pbanus
416 2407 483 2458 ibi
521 2406 987 2460 tenet.Vallemala
1013 2407 1326 2475 quaedicunt
1357 2406 1742 2467 Merdaut,cum

160 2496 485 2555 decimis.et
510 2498 1133 2561 linibus,,terminissnis.
1159 2497 1398 2552 Solcrols
1424 2512 1543 2551 cum
1561 2498 1746 2551 termi-

154 2598 314 2641 uiset
343 2587 684 2656 adjacentiis,
712 2600 915 2643 etcum
966 2604 1153 2643 eorum
1206 2589 1451 2643 decimis.
1508 2589 1563 2642 ln
1621 2590 1745 2643 villa

154 2694 275 2745 qua:
307 2680 510 2733 dicitur
540 2680 806 2742 Adiliano,
849 2688 902 2734 et
953 2680 1209 2737 Sirinano
1240 2688 1292 2735 et
1346 2680 1660 2745 Albueiano,
1691 2692 1744 2735 et

154 2772 391 2835 casales,
425 2772 636 2836 domos,
669 2783 861 2836 terras,
894 2774 1100 2836 vineas,
1128 2772 1300 2827 cultas
1329 2783 1384 2828 et
1415 2774 1747 2836 incnltas,et

154 2859 352 2915 boscos
383 2863 699 2917 etmolinis.
731 2862 855 2916 Usal
888 2880 1008 2917 cum
1046 2864 1191 2933 ipsos
1236 2866 1425 2920 baseos
1465 2881 1584 2919 eum
1641 2876 1747 2920 ter-

153 2953 319 3006 minis
346 2963 408 3007 et
454 2954 771 3021 adjacentiis
813 2958 944 3010 suis.
1007 2957 1062 3010 In
1109 2957 1231 3011 villa
1268 2958 1477 3012 Vendat
1524 2962 1731 3021 domos,

150 3049 354 3107 terras,
383 3044 605 3107 vineas,
638 3045 833 3108 cultas,
862 3055 916 3098 et
944 3046 1192 3101 incultas.
1225 3046 1281 3100 In
1325 3048 1462 3101 valle
1488 3048 1744 3103 Miliarias

144 3135 383 3189 ecclesia
420 3137 592 3189 sancti
627 3137 791 3199 Petri,
823 3139 888 3189 de
918 3147 1109 3192 sancta
1141 3138 1303 3193 Maria
1345 3140 1412 3192 de
1460 3140 1741 3202 ltnrnzilia,

144 3234 200 3278 et
222 3226 413 3280 sancti
444 3226 674 3282 Audrea:
704 3229 755 3281 in
786 3228 1042 3291 Rovilias,
1074 3245 1196 3284 eum
1237 3231 1493 3292 decimas,
1539 3244 1593 3285 et
1628 3233 1740 3300 pri-

150 3314 357 3379 mitias,
385 3325 452 3368 et
471 3315 770 3370 oblationes
794 3317 1054 3381 fidelium,
1086 3317 1139 3370 in
1162 3333 1349 3372 eorum
1376 3319 1624 3372 videlicet
1650 3334 1746 3388 pa-

147 3405 346 3458 roeiiia
381 3404 602 3469 domos,
627 3414 823 3470 terras,
843 3406 1053 3468 vineas,
1082 3408 1244 3461 silvas
1269 3423 1389 3461 cum
1419 3424 1605 3462 eorum
1635 3419 1747 3463 ter-

150 3495 346 3559 minis,
377 3505 439 3549 et.
477 3495 794 3563 adjacentiis
818 3498 951 3551 suis.
994 3498 1047 3551 In
1103 3498 1354 3567 Falgons,
1386 3499 1467 3552 vel
1525 3500 1577 3551 in
1631 3499 1747 3568 ejus

152 3588 419 3641 terminis
440 3588 651 3649 domos,
669 3596 857 3650 terras,
878 3590 1063 3643 vineas
1078 3598 1133 3642 et
1155 3590 1404 3655 boscbos,
1424 3604 1544 3643 cum
1560 3604 1745 3644 eorum

149 3680 418 3735 terminis
446 3689 501 3731 et
528 3680 845 3745 adjacentiis
859 3682 989 3734 suis.
1013 3680 1067 3735 lu
1090 3680 1265 3734 sancti
1296 3680 1507 3734 Nazarii
1539 3682 1745 3746 domos,

149 3776 360 3834 terras,
396 3770 606 3833 vineas,
640 3769 805 3825 silvas
838 3786 960 3823 cum
991 3786 1177 3826 eorum
1205 3772 1449 3825 terminis
1500 3772 1581 3824 vel
1603 3771 1748 3838 adja-

145 3858 357 3913 centiis
382 3858 521 3911 suis.
554 3857 608 3910 In
638 3858 850 3929 Biserga
874 3860 1082 3922 domos,
1109 3870 1313 3926 terras,
1343 3862 1543 3925 tineas,
1587 3863 1748 3917 silvas

148 3963 279 4001 cum
313 3962 514 4000 eorum
556 3949 800 4001 terminis
840 3959 897 4004 et
945 3949 1263 4017 adjaeeutiis
1298 3940 1449 4004 suis.
1498 3951 1555 4003 ln
1610 3966 1748 4021 pago

146 4039 394 4093 Arivilfo
429 4038 641 4102 domos,
676 4047 869 4105 terras,
899 4042 1103 4103 vineas,
1135 4041 1319 4107 silvas,
1343 4043 1543 4097 cultum
1585 4052 1640 4098 et
1668 4043 1749 4096 in~

146 4130 392 4192 cultum,
429 4139 485 4184 et
506 4146 765 4193 eremum,
797 4148 917 4185 cum
950 4148 1136 4186 eorum
1160 4135 1404 4189 terminis
1424 4144 1479 4190 ct
1500 4134 1750 4202 adjacen-

150 4222 243 4273 tiis
273 4224 418 4273 suis.
452 4220 507 4271 In
533 4221 939 4284 Calvas,tcrras
955 4224 1127 4277 cultas
1149 4232 1204 4279 et
1228 4225 1479 4278 incultas.
1530 4229 1583 4278 In
1614 4226 1749 4279 valle

147 4325 367 4367 S‘lllCICB
401 4313 572 4377 Patzc,
627 4316 677 4369 in
713 4316 912 4381 locum,
960 4331 1120 4385 quem
1157 4318 1343 4372 dicunt
1391 4320 1446 4372 S.
1483 4319 1750 4374 Vincentii

1830 496 1970 547 dano
1998 504 2052 547 et
2084 496 2133 547 in
2177 494 2383 548 Malano
2429 503 2623 559 terras,
2665 510 2785 549 cum
2822 496 3093 561 Oliberes,
3144 508 3199 554 et
3249 517 3396 569 ipsas

1828 588 2181 640 cnndaminas
2203 586 2661 662 depBoscholosxt
2683 588 2792 657 ipsa
2822 589 2976 643 vinea
3007 590 3075 643 de
3110 589 3393 647 Valtealta.

1831 676 1885 729 In
1915 676 2118 745 Bruger
2145 677 2261 744 ipso
2287 694 2473 731 mansa
2502 680 2591 747 qui
2623 679 2720 731 fuit
2747 680 2811 733 de
2838 679 3157 737 Seuiofredo
3189 684 3401 738 Marbot

1829 782 1953 820 cum
1986 777 2157 820 terras
2180 768 2354 822 cultas
2394 770 2476 823 vel
2508 770 2758 823 incultas.
2794 770 2848 824 In
2894 770 3145 828 Μαι-ωηο
3190 775 3398 835 domos,

1835 867 2007 911 terras
2060 859 2230 912 cultas
2259 860 2342 913 vel
2377 860 2637 925 incultas,
2669 872 2724 913 et
2750 862 2933 915 vineas
2986 878 3107 915 cum
3155 867 3402 919 terminis

1835 964 2043 1002 earum.
2084 948 2139 1002 ln
2166 949 2487 1015 Cisteriano,
2513 966 2631 1019 qua:
2671 952 2856 1005 dicunt
2912 952 3185 1018 Villavert,
3230 955 3404 1009 eccle-

1835 1039 1912 1093 sia
1965 1048 2163 1093 sanctte
2217 1039 2397 1093 Mariae
2423 1058 2542 1094 eum
2593 1043 2702 1110 ipsa
2731 1043 3015 1111 paroebia,
3035 1058 3153 1098 cum
3183 1047 3404 1099 decimis

1837 1140 1889 1185 et
1919 1132 2169 1200 primitiis
2194 1134 2335 1194 suis,
2374 1143 2429 1186 et
2479 1150 2598 1187 cum
2626 1134 2925 1188 oblationes
2977 1135 3234 1200 ﬁdelium,
3282 1154 3402 1191 enm

1839 1224 2048 1289 doinos,
2080 1237 2251 1279 terras
2282 1234 2335 1278 et
2365 1227 2568 1291 vineas,
2606 1226 2778 1281 cultas
2806 1227 2887 1281 vel
2918 1227 3170 1291 incultas,
3200 1238 3252 1283 et
3281 1245 3403 1283 cum

1841 1315 1970 1383 ipsis
2016 1316 2253 1376 molinis,
2302 1331 2424 1371 eum
2477 1318 2719 1369 terminis
2746 1326 2799 1370 et
2832 1318 3149 1385 adjacentiis
3181 1321 3291 1373 suis
3340 1321 3407 1373 de

1839 1407 1950 1475 ipsa
1980 1405 2257 1474 parochia.
2284 1405 2339 1459 ln
2370 1406 2493 1458 villa
2522 1404 2667 1460 Oller
2702 1447 2715 1468 ,
2746 1406 2828 1459 vel
2852 1407 2905 1460 in
2926 1408 3049 1461 villa
3079 1409 3146 1463 de
3177 1411 3405 1473 Aurelio,

1838 1506 1893 1549 et
1921 1498 1972 1549 in
2001 1496 2124 1549 villa
2150 1496 2382 1559 Vendut,
2418 1498 2626 1561 domos,
2656 1506 2852 1563 terras,
2880 1498 3095 1563 vineas,
3127 1500 3326 1554 cultum
3354 1512 3411 1556 et.

1842 1586 2121 1639 incultum.
2152 1585 2205 1638 In
2232 1586 2452 1650 Turres,
2471 1586 2677 1647 dumos,
2708 1598 2879 1641 terras
2901 1596 2956 1641 et
2978 1590 3182 1653 vineas,
3208 1594 3408 1645 cultum

1841 1689 1895 1735 et
1922 1694 2183 1734 eremum.
2212 1679 2267 1734 ln
2297 1681 2417 1734 villa
2446 1681 2513 1735 de
2539 1681 2791 1744 Altuires,
2816 1682 2896 1735 vel
2928 1683 3061 1736 inl‘ra
3087 1683 3202 1752 ejus
3227 1686 3412 1738 termi-

1842 1783 1961 1833 nos,
1995 1769 2202 1833 domos,
2234 1779 2431 1833 terras,
2467 1772 2672 1833 vineas,
2703 1773 2905 1826 enltum
2935 1782 2991 1827 et
3023 1788 3285 1840 eremum,
3319 1775 3411 1828 sil-

1840 1876 1957 1927 vas,
1985 1870 2040 1914 et
2071 1861 2346 1916 olibarias.
2371 1861 2424 1915 ln
2457 1860 2692 1917 Cuntens
2739 1863 2946 1927 domos,
2980 1871 3174 1929 terras,
3202 1866 3408 1930 vineas,

1840 1952 2044 2007 cultum
2068 1961 2119 2007 et
2146 1968 2408 2013 eremum,
2440 1963 2494 2006 et
2516 1954 2796 2007 olibarias.
2832 1953 2889 2008 ιη
2922 1956 3093 2009 sancti
3127 1954 3291 2011 Felici
3347 1957 3413 2010 de

1838 2043 2062 2099 Ledouo
2096 2044 2307 2110 domos,
2361 2055 2554 2107 terras,
2586 2047 2793 2109 vineas,
2828 2045 3028 2100 cultum
3059 2056 3114 2100 et
3145 2061 3409 2102 eremum.

1842 2135 1898 2189 In
1919 2136 2173 2205 parocbia
2205 2137 2269 2189 de
2301 2137 2499 2191 Sancta
2529 2136 2812 2201 Columba,
2846 2138 3057 2203 domos,
3084 2147 3277 2202 terras,
3327 2139 3410 2189 vi-

1846 2240 1995 2290 neas,
2030 2227 2231 2279 cultum
2250 2234 2303 2277 et
2333 2240 2597 2279 eremum.
2634 2226 2688 2280 In
2711 2226 2834 2279 villa
2863 2226 3171 2281 Abundauti
3199 2228 3409 2289 domus,

1845 2325 2039 2379 terras,
2074 2314 2152 2368 vel
2185 2314 2325 2368 infra
2358 2316 2475 2384 ejus
2508 2316 2786 2375 terminos.
2842 2316 3052 2380 domos,
3108 2326 3304 2379 terras,
3334 2319 3411 2369 vi-

1845 2420 1994 2469 neas,
2028 2404 2303 2463 olibarias,
2331 2405 2534 2458 cultum
2561 2414 2617 2459 et
2650 2419 2913 2460 eremum.
2947 2406 3001 2459 lu
3036 2407 3156 2460 villa
3186 2407 3409 2462 chanti

1843 2494 2002 2547 vinea
2030 2494 2230 2547 una.ln
2260 2493 2491 2548 Orfanos
2521 2494 2601 2548 vel
2653 2494 2791 2548 infra
2838 2493 2956 2564 ejus
3004 2498 3286 2561 terminos,
3313 2496 3409 2551 do-

1847 2599 1993 2647 mos,
2039 2592 2237 2639 terras.
2284 2585 2486 2647 vineas,
2520 2585 2722 2639 cultum
2745 2593 2798 2638 et
2825 2600 3092 2649 eremum,
3125 2588 3336 2642 molinis
3358 2598 3413 2641 et

1845 2676 2145 2731 molinariis
2192 2691 2314 2730 cum
2344 2676 2686 2746 eaputaquis,
2738 2676 2908 2731 hortis
2939 2677 3235 2732 bortalibus
3288 2695 3411 2734 cum

1844 2765 2086 2821 olibariis
2107 2773 2161 2819 et
2192 2765 2307 2834 ipso
2358 2765 2510 2819 alode
2550 2780 2673 2821 eum
2728 2767 2874 2835 ipsus
2901 2765 3151 2831 moliuos,
3206 2775 3261 2821 et
3290 2784 3412 2821 cum

1847 2856 1990 2925 ipsos
2026 2856 2347 2926 caputaquis
2372 2870 2492 2910 cum
2524 2871 2711 2911 eorum
2741 2857 2985 2912 terminis
3006 2867 3060 2912 et
3087 2873 3208 2911 cum
3228 2873 3412 2912 eorum

1846 2946 2271 3013 alfrontationes,
2304 2948 2445 3016 quod
2492 2947 2755 3005 Bonlilius
2792 2950 2959 3013 dedit,
3011 2951 3153 3006 sicut
3200 2954 3251 3006 in
3282 2956 3417 3007 seri-

1772 3078 1816 3138 Ο
1846 3038 2019 3106 pluris
2045 3037 2100 3091 S.
2127 3036 2384 3112 Stephani
2416 3049 2653 3094 resonat.
2683 3040 2739 3094 In
2788 3041 2909 3095 villa
2942 3042 3284 3098 Galdiuarios
3313 3045 3413 3099 do-

1850 3146 1987 3195 mos,
2002 3140 2176 3186 terras
2203 3140 2258 3187 et
2279 3132 2488 3195 vineas,
2518 3134 2600 3186 vel
2622 3133 2762 3188 infra
2790 3134 2905 3203 ejus
2926 3136 3185 3189 terminos
3215 3136 3415 3189 cultum

1848 3231 1901 3275 et
1930 3237 2193 3275 eremum.
2225 3222 2281 3277 In
2312 3222 2513 3279 Pareds
2538 3234 2732 3288 terras,
2768 3237 2824 3280 et
2850 3228 3067 3291 vineas;
3118 3228 3171 3282 in
3225 3227 3419 3283 Ortlins

1847 3314 2059 3376 domos,
2091 3322 2286 3381 terras,
2320 3315 2529 3377 vineas,
2563 3316 2766 3369 cultum
2799 3326 2857 3369 et
2878 3332 3143 3383 eremum,
3169 3318 3252 3374 vel
3274 3320 3418 3373 infra

1848 3402 1966 3469 ejus
2002 3403 2293 3469 terminos;
2318 3405 2370 3457 iu
2395 3421 2536 3474 pago
2561 3405 2693 3469 alto,
2726 3421 2885 3474 quem
2914 3407 3100 3462 dicunt
3122 3405 3417 3467 Murriann.

1849 3494 2057 3559 dentes,
2095 3503 2286 3559 terras,
2319 3494 2525 3557 vineas,
2556 3496 2739 3556 silvas,
2770 3484 2971 3549 cultum
3000 3506 3057 3549 et
3083 3512 3346 3551 eremum.
3367 3500 3420 3552 tu

1850 3584 2103 3636 comitatu
2143 3585 2492 3639 G'erundense
2550 3586 2601 3640 in
2643 3586 2956 3648 Matamors,
3001 3588 3081 3641 vel
3113 3588 3250 3641 infra
3302 3589 3422 3656 ejus

1852 3671 2130 3735 terminos,
2158 3673 2364 3735 domos,
2390 3683 2586 3739 terras,
2618 3676 2822 3740 vineas,
2839 3676 3039 3729 cultum
3073 3688 3127 3729 et
3155 3692 3419 3743 eretmtm,

1852 3759 2069 3813 molinis
2091 3769 2145 3813 et
2175 3761 2503 3827 molinariis,
2535 3766 2687 3819 silvis
2711 3775 2767 3820 et
2793 3766 2911 3835 ipso
2940 3776 3125 3839 stagni
3164 3783 3286 3823 cum
3341 3771 3420 3840 ip-

1850 3856 1927 3909 sis
1956 3857 2146 3922 pratis.
2192 3855 2248 3910 ιιι
2280 3856 2607 3913 Gerundella
2636 3869 2832 3923 terras,
2856 3861 3031 3916 cultas
3058 3864 3137 3917 vel
3166 3863 3418 3930 incultas,

1851 3955 1906 4001 et
1934 3948 2183 4004 boscbos.
2216 3948 2271 4002 lu
2295 3948 2453 4005 Costa
2490 3952 2787 4012 Rabida,et
2811 3953 2864 4007 in
2896 3953 3195 4009 Boneeurto
3222 3966 3422 4021 terras,

1853 4040 2059 4102 vineas,
2089 4048 2144 4092 et
2186 4039 2434 4105 bosebos,
2479 4051 2532 4095 et
2574 4042 2728 4096 vinea
2776 4044 2843 4098 de
2866 4043 3035 4098 Cona.
3068 4045 3124 4098 In
3150 4047 3294 4100 Biert
3341 4050 3424 4103 vel

1855 4130 1907 4183 in
1961 4128 2271 4186 Gralloners
2304 4130 2513 4197 domos,
2558 4144 2750 4195 terras,
2793 4137 2979 4189 vineas
3030 4145 3084 4188 et
3127 4137 3319 4192 silvas.
3370 4140 3425 4194 In

1854 4220 2033 4274 Monte
2069 4221 2252 4286 Calbo,
2298 4224 2379 4277 vel
2447 4224 2499 4276 in
2546 4223 2809 4289 Canneto,
2841 4226 3053 4288 domos,
3082 4234 3276 4291 terras,
3309 4230 3422 4282 cul-

1856 4323 1966 4368 tum
1989 4323 2042 4368 et
2078 4326 2340 4367 eremum.
2370 4315 2427 4368 ln
2472 4316 2807 4384 Borgoniano
2835 4325 2883 4372 et
2919 4318 2971 4370 in
3003 4328 3209 4383 eurtes,
3258 4321 3342 4374 vel
3371 4322 3427 4376 in

149 4406 219 4457 de
255 4406 520 4467 Salente,
553 4406 633 4458 vel
662 4408 713 4459 in
743 4407 861 4463 loco
891 4424 1050 4476 quem
1098 4409 1283 4463 dicunt
1324 4411 1550 4471 Corbos,
1580 4412 1751 4466 eccle-
1781 4414 1829 4472 ι)
1853 4405 2160 4469 Cannellas,
2190 4405 2272 4461 vel
2301 4406 2437 4459 infra
2463 4421 2650 4461 eorum
2677 4408 2956 4472 termincs,
2988 4410 3199 4473 domos,
3231 4422 3427 4474 terras,

148 4495 295 4547 siam
324 4496 509 4549 sancti
541 4496 833 4561 Vincentii,
872 4508 1033 4568 atque
1071 4502 1324 4568 paroebia
1358 4517 1478 4554 cum
1527 4502 1752 4556 decimis

148 4597 203 4639 et
245 4587 544 4655 primitiis,
594 4597 650 4641 et
694 4589 996 4644 oblationes
1045 4590 1305 4654 ﬁdelium,
1364 4607 1486 4647 cum
1541 4593 1750 4658 domos,

152 4689 368 4742 terras,
390 4679 606 4745 vineas,
627 4681 971 4747 molendinis,
1001 4682 1166 4737 silvas
1193 4698 1315 4736 cum
1345 4684 1460 4754 ejus
1489 4686 1754 4750 terminis,

156 4771 241 4824 vel
271 4770 416 4824 lines
442 4769 509 4822 de
539 4768 653 4839 ipsa
696 4771 973 4841 parochia.
1011 4771 1232 4827 Mereati
1259 4788 1390 4826 vero
1416 4775 1624 4842 praefati
1656 4776 1755 4830 loci

157 4864 476 4937 telonemn,
505 4871 559 4914 et
591 4877 804 4920 omnem
857 4864 1126 4933 justitiam
1160 4864 1356 4919 ibidem
1391 4870 1757 4934 peragendam

147 4956 219 5007 ab
250 4954 486 5019 integro
511 4956 877 5010 concedimus.
912 4955 967 5006 In
1005 4954 1199 5009 Somer
1222 4956 1432 5019 domos,
1459 4965 1652 5025 terras,
1682 4959 1760 5012 vi-

153 5059 312 5106 neas,
344 5043 561 5096 cultum
596 5044 674 5096 vel
716 5045 1002 5107 incultum,
1028 5054 1085 5098 et
1118 5060 1237 5097 cum
1270 5043 1385 5110 ejus
1436 5046 1599 5103 silvas
1636 5065 1758 5105 eum

158 5134 420 5209 terminis
446 5140 503 5184 et
528 5131 961 5195 alfrontationes.
1002 5133 1058 5188 lu
1102 5142 1283 5187 monte
1336 5135 1521 5190 Sancti
1561 5138 1761 5196 Jnliaui

159 5227 275 5294 ipsa
309 5222 563 5283 ecclesia,
594 5237 721 5286 cum
754 5226 995 5285 docilitas
1020 5232 1071 5277 et
1093 5223 1363 5293 primitias
1382 5235 1434 5278 et
1456 5228 1763 5287 oblationes

1859 4499 2065 4563 vineas,
2097 4496 2299 4551 cultum
2330 4505 2383 4551 et
2426 4512 2690 4561 eremum,
2734 4499 2963 4555 molinos
3009 4509 3062 4553 et
3110 4501 3429 4561 molinariis,

1856 4601 1977 4639 cum
2036 4588 2375 4655 caputaquis.
2425 4587 2479 4641 In
2534 4588 2756 4642 Paraznl
2790 4598 2839 4643 et
2883 4590 2933 4642 in
2963 4588 3189 4656 Pulgaz,
3220 4588 3432 4652 domos.

1859 4688 2052 4742 terras,
2079 4679 2286 4743 vineas,
2325 4678 2405 4733 vel
2454 4679 2591 4732 infra
2633 4696 2821 4735 eorum
2863 4682 3142 4735 terminos.
3204 4678 3259 4730 lu
3309 4680 3436 4732 villa

1858 4770 2094 4833 Trader,
2131 4769 2213 4822 vel
2253 4771 2390 4824 infra
2427 4769 2542 4837 ejus
2572 4774 2869 4826 terminos:
2900 4770 2953 4823 in
2979 4768 3324 4836 Leudenago,
3354 4772 3437 4822 vel

1860 4858 1996 4913 infra
2028 4860 2146 4929 ejus
2171 4860 2449 4923 terminos,
2475 4868 2531 4913 et
2555 4860 2671 4928 ipso
2700 4872 2897 4914 manso
2935 4857 3250 4916 Biancbeto,
3284 4872 3443 4925 quem

1860 4951 2081 5006 donavit
2109 4948 2175 5003 ad
2217 4948 2270 5003 S.
2306 4949 2596 5017 Stephano,
2633 4951 2847 5006 domos,
2871 4954 3072 5009 terras;
3101 4945 3315 5005 vineas,
3339 4947 3451 4998 cul-

1864 5050 1973 5095 tum
2022 5054 2080 5098 et
2104 5054 2369 5095 eremum.
2395 5040 2450 5092 In
2482 5037 2723 5095 Tomedo
2743 5080 2761 5105 ,
2795 5042 2849 5089 et
2872 5034 2929 5088 in
2961 5035 3291 5092 Metliniauo,
3318 5044 3377 5086 et,
3404 5038 3460 5086 in

1863 5131 2131 5193 Exclters,
2160 5137 2216 5181 et
2240 5129 2289 5182 in
2322 5128 2400 5181 rio
2427 5128 2491 5179 de
2530 5126 2738 5195 Llutos,
2795 5122 2882 5177 vel
2937 5124 3003 5180 in
3048 5125 3159 5190 ipsa
3197 5118 3352 5183 Cros,
3388 5126 3468 5177 vel

1864 5223 1999 5279 infra
2024 5235 2219 5279 eorum
2246 5217 2523 5279 terminos,
2550 5217 2766 5279 domos,
2804 5223 3000 5270 terras
3046 5213 3245 5271 vineas,
3272 5212 3472 5266 cultum
