4014 6318
597 407 728 463 1611

1822 373 2180 432 BENEDICTI
2226 369 2333 425 \‘lll
2372 365 2570 422 PAPE

3679 354 3776 410 ltili

598 515 748 556 nutu.
768 497 823 552 lu
844 495 1021 550 locum
1047 504 1206 561 quem
1239 485 1424 542 dicunt
1448 479 1730 535 Mazamet,
1757 473 1928 541 ipsum
1976 468 2183 521 alodem
2213 467 2258 524 Α
2284 473 2620 532 quaecunque
2659 455 2914 518 diximus.
2941 451 3022 506 Vel
3070 463 3188 519 (ιιιω
3223 463 3326 503 ηοη
3370 445 3600 509 (ίίκίίηηει
3632 455 3779 516 li":eam

2423 552 2436 561 .
2474 552 2486 561 .
2638 547 2650 561 ι
2821 545 2832 558 ι
2881 560 2888 561 ,
2950 544 2997 561 Δ-
3059 541 3118 561 ,Δ
3149 539 3329 561 0-....12
3360 542 3720 561 __---...-.‘___2-
3749 554 3778 561 μ.

601 591 695 662 qui
718 588 817 643 fuit
831 588 896 641 tle
919 582 1175 638 Aurtchio
1191 579 1389 647 judice.
1409 575 1466 629 ln
1481 571 1738 627 comitatu
1759 565 2178 623 Barcinaneuse,

603 683 659 738 in
691 680 856 734 valles
888 678 1035 746 ipsos
1077 671 1292 734 alodes,
1327 681 1448 737 qua»,
1485 661 1628 718 Bella
1669 657 1866 712 femina
1909 652 2115 706 dimisit
2152 665 2182 702 a

608 771 810 828 Sancto
859 767 1129 836 Stephano
1173 763 1316 816 sicut
1353 759 1406 812 in
1448 768 1548 810 suo
1586 749 1792 822 judicio
1839 750 2081 800 resonat.
2125 737 2184 794 In

605 861 862 934 parochia
894 830 968 914 de
1001 857 1200 910 Sancto
1222 850 1424 914 Felice,
1453 857 1612 916 quem
1651 839 1841 896 dicunt
1882 835 1946 890 de
1978 830 2184 894 Buada,

608 922 692 1008 vel
718 949 856 1006 infra
872 946 988 1016 ejus
1004 938 1350 1005 terminos,in
1378 937 1552 991 locum
1573 944 1735 1002 quem
1757 922 2188 982 dicunt'l‘orren-

613 1047 752 1110 tilio,
782 1043 863 1096 vel
893 1039 1034 1095 inl‘ra
1070 1035 1188 1106 ejus
1217 1030 1496 1093 terminos,
1525 1027 1578 1080 in
1606 1024 1782 1078 locum
1817 1030 1976 1088 quem
2007 1014 2193 1068 dicunt

613 1137 900 1198 Torrente,
929 1129 1012 1184 vel
1040 1126 1182 1182 infra
1223 1121 1340 1192 ejus
1381 1117 1664 1180 terminos,
1696 1114 1841 1183 ipsas
1887 1113 2189 1163 commuta-

617 1229 791 1284 tiones
843 1237 979 1294 quas
1007 1216 1316 1276 Crustarius
1343 1211 1493 1268 fecit.
1531 1204 1687 1277 Apud
1730 1197 1940 1255 Riculio
1982 1197 2191 1254 domos,

619 1328 793 1374 terras
819 1312 993 1370 cultas
1021 1321 1077 1366 et
1105 1320 1337 1368 eremas,
1365 1303 1578 1356 clausas
1620 1292 1922 1354 arboribus,
1963 1295 2017 1342 et
2054 1285 2196 1354 ipsas

616 1412 806 1465 vineas
850 1421 970 1476 quae
1023 1403 1256 1459 Sanctus
1303 1395 1610 1464 Stephanus
1663 1386 1823 1442 debet
1872 1380 2090 1436 habere.
2139 1375 2194 1428 In

621 1468 894 1574 Segalars,
917 1513 1037 1570 quae
1066 1489 1384 1550 Seniol‘redo
1411 1481 1558 1541 Wita
1595 1486 1760 1542 tenet,
1801 1482 1856 1529 et
1896 1473 2011 1543 ipsa
2043 1468 2196 1522 vinea

623 1597 690 1650 de
719 1595 967 1648 Susanna
997 1601 1120 1642 cum
1153 1595 1252 1638 suo
1293 1577 1543 1638 termino,
1575 1585 1697 1627 cum
1740 1579 1925 1621 eremo
1955 1569 2009 1615 et
2029 1557 2195 1620 culto,

623 1689 765 1742 sicut
806 1684 860 1739 in
910 1679 1176 1748 scriptura
1213 1669 1397 1726 Sancti
1432 1660 1690 1735 Stephani
1735 1661 1968 1712 resonat.
2003 1651 2058 1703 In
2105 1646 2203 1701 Pe-

627 1775 785 1831 tralta
828 1779 884 1826 et
923 1735 1064 1823 infra
1110 1761 1227 1831 ejus
1285 1756 1564 1814 terminos,
1604 1749 1658 1804 in
1707 1756 1849 1800 terra
1899 1738 2034 1794 infra
2086 1735 2204 1805 ejus

2282 552 2546 621 acquisita
2568 547 2653 602 vel
2681 544 3027 614 acquirenda,
3055 541 3120 594 ad
3149 539 3330 594 Sancti
3360 542 3724 610 protomartyris
3743 554 3782 594 et

2283 642 2459 699 levita:
2489 636 2749 709 Stephani
2771 633 3097 697 ccenobium,
3145 633 3196 685 iti
3235 629 3376 684 valle
3421 627 3606 682 Sterria
3645 631 3784 692 situm,

2284 730 2633 805 pertinentia,
2678 725 3002 782 auctoritate
3052 722 3124 776 illi
3179 721 3458 775 ﬁrmantur
3485 733 3515 772 a
3549 718 3678 772 nobis
3695 735 3789 788 apu-

2287 826 2470 880 tolica.
2511 819 2812 877 Statuimus
2858 825 3038 871 autem
3091 823 3180 869 ut.
3225 811 3440 882 quando
3480 809 3630 865 abbas
3669 811 3791 879 ipsius

2289 919 2604 978 monasterii
2633 915 2846 974 abierit,
2875 925 3049 982 neque
3077 926 3104 964 a
3134 909 3375 980 regibus,
3419 918 3580 974 neque
3615 919 3639 958 a
3671 906 3792 958 comi-

2291 1014 2455 1079 tibus,
2481 1024 2655 1080 neque
2681 1023 2712 1062 a
2739 1004 3098 1076 qualicunque
3145 1014 3374 1070 persona
3415 1013 3511 1066 pro
3553 997 3795 1062 cupiditatis

2291 1101 2536 1174 pecunia!
2565 1113 2748 1160 causa.
2783 1110 2959 1166 neque
2987 1109 3086 1163 pro
3127 1091 3486 1161 qualicunque
3520 1097 3689 1142 Iavorts
3716 1105 3797 1140 Ina-

2293 1193 2380 1249 nis
2441 1191 2608 1260 gloria
2670 1188 2870 1243 ibidem
2934 1183 3324 1240 constituantur
3381 1180 3615 1241 abbates;
3659 1180 3731 1233 sed
3777 1197 3798 1233 ι

2296 1283 2512 1339 cunctis
2542 1280 2615 1335 ibi
2649 1277 2969 1348 degentibus
3013 1274 3184 1330 servis
3227 1272 3322 1326 Dei
3351 1271 3625 1325 secundum
3659 1268 3797 1330 Deum,

2292 1376 2445 1446 juxta
2500 1371 2776 1428 Benedicti
2811 1369 2991 1424 Patris
3035 1365 3272 1435 regulam
3319 1363 3576 1431 eligantur
3615 1361 3799 1415 abbates.

2299 1467 2500 1523 Damus
2537 1477 2754 1535 quoque
2797 1459 3066 1517 licentiam
3093 1457 3264 1528 ipsius
3305 1455 3410 1509 loci
3440 1451 3608 1508 abbati
3631 1452 3803 1505 ubicun~

2300 1575 2404 1630 que
2447 1557 2531 1614 vel
2576 1573 2606 1610 a
2647 1554 3114 1625 qualibuscunque
3162 1548 3393 1604 voluerit
3437 1545 3678 1617 episcopis
3715 1560 3805 1598 suos

2301 1651 2529 1707 clericos
2572 1646 2878 1710 ordinandi,
2923 1660 2952 1698 a
2989 1642 3353 1712 qualicunque
3384 1639 3506 1693 sede
3527 1638 3573 1692 ei
3607 1635 3807 1706 placuerit

2305 1744 2544 1800 chrisma
2571 1738 2891 1808 accipiendi,
2921 1747 2975 1791 et
3014 1743 3074 1790 ut
3117 1749 3148 1788 a
3196 1732 3347 1786 nullo
3380 1729 3634 1800 episcopo,
3654 1743 3734 1782 nec
3760 1727 3808 1779 ab

629 1808 785 1831 ιιιιιια
828 1808 884 1826 ιι
925 1808 1064 1823 ιη..-
1113 1808 1226 1831 ναν-
1288 1808 1456 1813 γνηηη
1550 1808 1562 1814 _

629 1867 918 1929 terminos,
956 1859 1010 1914 in
1060 1855 1372 1912 Docuiuano
1421 1845 1504 1901 vel
1544 1841 1686 1898 infra
1737 1835 1854 1905 ejus
1907 1829 2203 1890 terminos,
2233 1808 2279 1868 Β
2307 1831 2416 1892 uno
2442 1836 2495 1890 in
2525 1833 2676 1901 cuius
2704 1831 2869 1886 suum
2919 1837 2999 1883 es,
3039 1824 3428 1881 monasterium
3462 1819 3810 1890 epimpiﬂvm

627 1961 770 2017 sicut
815 1955 871 2010 in
903 1918 1187 2019 'scriptura
1231 1954 1392 2012 quam
1432 1936 1660 1991 Rannus
1702 1925 1933 1984 clericus
1987 1918 2116 1973 fecit
2173 1928 2205 1969 a

630 2053 832 2109 Sancto
871 2043 1149 2113 Stephano
1185 2038 1432 2096 resonat,
1482 2026 1703 2085 domos,
1752 2028 1946 2079 terras,
1995 2009 2204 2072 vineas,

633 2149 840 2206 hortos,
879 2098 1083 2193 cultum
1121 2138 1176 2184 et
1213 2136 1478 2182 eremum.
1524 2117 1584 2172 lu
1624 2111 1774 2168 Jafar
1799 2107 1884 2163 vel
1923 2103 2062 2160 inl‘ra
2092 2098 2209 2168 ejus

633 2233 928 2293 terminos;
968 2226 1020 2279 in
1047 2221 1309 2276 Tonnano
1351 2210 1438 2267 vel
1480 2206 1620 2264 int‘ra
1665 2202 1782 2273 ejus
1823 2195 2104 2255 terminos,
2155 2191 2208 2243 in

631 2327 866 2381 Cittrana
895 2317 982 2373 vel
1007 2313 1149 2369 infra
1196 2307 1315 2376 ejus
1352 2301 1644 2363 terminos;
1695 2295 1748 2348 in
1793 2289 1916 2344 villa
1959 2284 2100 2348 Dud,
2129 2279 2212 2336 vel

635 2417 774 2473 infra
827 2412 944 2484 ejus
990 2373 1282 2466 terminos;
1335 2397 1388 2451 in
1442 2388 1736 2456 Ventajone
1781 2381 1863 2436 vel
1911 2377 2048 2432 infra
2098 2373 2214 2442 ejus

637 2467 920 2565 terminos,
943 2499 997 2552 itt
1024 2493 1149 2548 villa
1169 2490 1480 2547 Mocorono,
1506 2479 1591 2536 vel
1615 2475 1756 2532 inl‘ra
1777 2473 1894 2544 ejus
1921 2467 2210 2529 terminos;

635 2605 689 2656 in
715 2601 1033 2655 Armentera
1067 2586 1146 2642 vel
1171 2582 1310 2638 infra
1337 2577 1454 2647 ejus
1481 2571 1764 2633 terminos,
1787 2565 1993 2626 domos,
2018 2569 2212 2620 terras,

636 2695 823 2745 vineas
853 2699 974 2741 cum
1016 2676 1266 2750 garricis,
1298 2669 1491 2742 pratis,
1529 2660 1766 2735 pascuis,
1797 2652 2034 2716 molinis,
2067 2647 2218 2704 moli-

639 2780 805 2835 nariis
882 2787 1005 2830 cum
1075 2762 1424 2837 caputaquis,
1475 2753 1682 2813 cultum
1737 2755 1793 2803 et
1840 2758 2103 2801 eremum.
2162 2738 2218 2792 In

636 2868 962 2927 Castellioue
1011 2863 1220 2922 domos,
1274 2829 1466 2918 terras,
1520 2846 1692 2902 cultas
1739 2839 1825 2896 vel
1863 2833 2117 2892 incultas.
2162 2829 2218 2884 lu

637 2961 974 3025 Fontanedo,
996 2969 1154 3027 quem
1176 2921 1364 3006 dicunt
1387 2938 1703 3000 Vallemala,
1724 2930 2009 2990 ecclesiam
2035 2921 2222 2981 Sancti

640 3054 855 3114 Martini
888 3015 1155 3118 cum-ipsa
1189 3041 1378 3104 rocha,
1427 3048 1549 3091 cum
1593 3027 1818 3086 decimis
1862 3031 1916 3078 et
1945 3015 2222 3091 primitiis,

2309 1930 2376 1985 ab
2406 1927 2510 1983 alio
2541 1925 2707 1995 possit
2734 1917 3214 1982 excommunicari,
3236 1915 3323 1970 vel
3347 1913 3518 1984 aliqua
3543 1912 3605 1966 ad
3622 1910 3810 1965 eumdem

2309 2017 2692 2074 nionaStcrium
2734 2013 3009 2082 pertinens
3039 2007 3290 2064 ecclesia.
3317 2003 3606 2061 Statuimus
3631 2000 3760 2055 etiam
3774 2007 3814 2050 ut

2311 2109 2433 2180 quis
2454 2106 2722 2178 pmnitens
2745 2119 2771 2157 a
2801 2101 3076 2160 liminibus
3098 2098 3351 2154 exclusus
3369 2094 3618 2158 ecclesite,
3633 2091 3813 2160 quandiu

2313 2199 2386 2255 ibi
2415 2197 2642 2258 steterit,
2668 2195 2864 2249 habeat
2887 2187 3488 2247 licentiam.introeundi
3513 2195 3562 2239 et
3584 2199 3716 2238 omne
3735 2181 3818 2234 otii-

2315 2290 2459 2345 cium
2493 2287 2733 2343 divinum
2765 2283 3036 2339 audiendi.
3071 2279 3434 2336 Concedintus
3461 2290 3656 2347 quoque
3685 2273 3816 2328 abbati

2313 2381 2400 2436 vel
2447 2378 2728 2436 monachis
2773 2385 2830 2432 et
2871 2373 3123 2430 omnibus
3165 2371 3381 2426 clericis
3413 2371 3476 2424 ad
3512 2365 3817 2422 monasterium

2319 2471 2740 2544 pertinentibus,
2762 2468 3057 2530 licentiam,
3079 2465 3182 2521 nisi
3204 2463 3474 2520 voluerint
3495 2470 3745 2534 spontanee
3763 2458 3819 2510 rel

2319 2537 2518 2640 rogati,
2550 2564 2617 2620 ad
2648 2561 2912 2634 synodum
2943 2573 3051 2614 nou
3083 2556 3268 2612 eundi.
3301 2537 3677 2610 Conﬁrmamus
3705 2549 3822 2618 igitur

2319 2669 2377 2715 et
2403 2655 2712 2712 stabilirnus
2735 2651 2930 2706 amodo
2955 2661 3018 2705 ut
3053 2648 3233 2704 nullus
3268 2661 3389 2710 rex,
3415 2643 3580 2698 nullus
3615 2640 3820 2711 princeps,

2322 2750 2503 2806 nullus
2533 2745 2792 2802 marcbio.
2834 2742 3014 2798 nullus
3042 2755 3244 2806 comes,
3291 2738 3474 2792 nullus
3503 2735 3670 2805 judcx,
3695 2732 3824 2787 nullus

2321 2841 2608 2912 episcopus
2640 2850 2813 2905 neque
2857 2833 2964 2888 ulla
3000 2835 3194 2902 magna
3233 2843 3510 2900 parvaque
3541 2838 3732 2896 persona
3757 2821 3824 2873 ali-

2323 2947 2485 3003 quam
2507 2931 2615 2984 vim
2640 2928 2723 2984 vel
2751 2926 3084 2982 invasionem
3121 2925 3173 2978 in
3205 2923 3398 2978 eodem
3427 2919 3673 2982 canobio,
3693 2922 3764 2969 aut
3789 2914 3823 2966 in

2327 3027 2438 3082 suis
2465 3023 2806 3096 pertinentiis
2849 3021 3026 3076 facere
3068 3027 3382 3090 praesumat.
3423 3019 3524 3072 Pro
3561 3030 3656 3085 quo
3692 3022 3734 3066 et
3759 3010 3827 3064 sub

639 3166 764 3207 cum
791 3139 1156 3202 oblationibus
1186 3131 1446 3193 ﬁdelium,
1471 3139 1595 3181 cum
1623 3121 1812 3176 domos
1859 3123 1917 3169 et
1965 3120 2138 3210 terras
2167 3116 2223 3162 et
2250 3147 2295 3210 Ο
2327 3117 2494 3172 divini
2534 3114 2722 3184 iudicii
2768 3111 3133 3168 obtestatione
3175 3120 3231 3165 ει
3276 3107 3630 3164 “amemus
3665 3101 3826 3158 imm}.

641 3244 849 3303 vineas,
878 3235 1080 3291 cultum
1117 3238 1172 3284 et
1215 3236 1474 3284 eremum.
1506 3227 1562 3273 et
1589 3230 1712 3271 cum
1755 3210 1903 3280 ipsos
1947 3202 2218 3260 boscbos:

643 3344 700 3388 et
742 3292 996 3386 ati‘rontat
1043 3323 1156 3391 ipse
1199 3315 1388 3373 alodus
1433 3311 1501 3366 de
1539 3315 1695 3379 parte
1733 3297 1962 3358 orientis
2006 3295 2060 3350 in
2110 3292 2226 3362 ipso

645 3425 814 3486 Cher,
841 3418 956 3474 sive
981 3415 1036 3470 in
1064 3384 1225 3467 alode
1257 3405 1350 3476 qui
1375 3402 1478 3458 fuit
1517 3399 1585 3455 de
1631 3394 1886 3451 Suniario
1931 3384 2148 3448 comite,
2170 3390 2226 3436 et

645 3508 896 3584 pervenit
933 3521 1030 3576 per
1078 3474 1357 3559 cacumina
1406 3490 1670 3548 montium
1696 3525 1712 3547 .
1753 3497 1849 3538 seu
1897 3479 1954 3535 in
1995 3474 2136 3531 collo
2163 3474 2228 3528 de

645 3565 814 3663 Eiode,
843 3610 904 3656 et
929 3565 1174 3668 pervenit
1216 3592 1268 3645 in
1315 3586 1468 3642 alode
1509 3583 1574 3638 de
1605 3579 1722 3649 ipso
1763 3579 1872 3638 leo,
1893 3579 1947 3628 et
1983 3565 2231 3641 pervenit

646 3657 1016 3750 atlalotlia-de
1041 3685 1266 3741 Betlono
1305 3675 1640 3734 Malacliaua,
1687 3675 1743 3724 et
1786 3665 1855 3721 de
1901 3660 2128 3717 meridie
2174 3657 2228 3712 in

650 3789 769 3858 ipsa
801 3797 953 3838 serra
981 3779 1048 3834 ad
1077 3776 1277 3831 fontem
1305 3770 1372 3826 de
1395 3766 1517 3831 llar,
1557 3762 1671 3817 sive
1699 3759 1752 3813 in
1778 3769 1963 3813 eremo
1995 3750 2064 3805 de
2108 3747 2232 3802 Bet-

652 3837 909 3943 ltriuenel
955 3872 1012 3926 in
1058 3866 1214 3923 alode
1256 3860 1349 3932 qui
1377 3857 1478 3914 fuit
1527 3856 1594 3909 de
1641 3850 1742 3920 Ajo
1787 3845 2009 3908 femina,
2045 3855 2140 3896 seu
2177 3837 2231 3891 in

655 3968 768 4039 ipsa
785 3929 999 4028 'roeha,
1032 3973 1100 4015 ab
1126 3929 1374 4012 occiduo.
1407 3948 1461 4004 in
1497 3945 1579 4000 rio
1605 3955 1764 4013 quem
1797 3937 1980 3994 dicunt
2003 3929 2230 3999 Budiga,

655 4027 816 4118 v-elin
841 4027 1030 4112 villare
1056 4053 1123 4106 de
1160 4043 1462 4108 Melandre;
1507 4047 1564 4095 et
1603 4035 1671 4092 de
1717 4029 1859 4089 Circi
1903 4028 1956 4083 in
1990 4027 2106 4093 ipso
2153 4037 2234 4077 rto

651 4155 746 4227 qui
799 4145 1050 4205 discurrit
1071 4143 1138 4196 de
1167 4141 1313 4211 ipsas
1353 4135 1550 4196 fontes,
1577 4138 1631 4186 et
1655 4127 1904 4182 inlaterat
1937 4134 2034 4190 per
2061 4117 2235 4186 ipsum

654 4208 878 4309 saltum,
907 4249 964 4294 et
986 4208 1224 4308 pervenit
1267 4242 1363 4300 per
1389 4221 1734 4284 Moloculino,
1762 4217 1876 4272 sive
1906 4213 1958 4267 in
1989 4210 2144 4266 alode
2169 4208 2237 4261 de

656 4299 877 4392 Joanne.
899 4299 1237 4401 presbytero,
1270 4299 1342 4374 iet
1381 4311 1629 4389 'pervenit
1671 4321 1843 4379 usque
1891 4305 1946 4360 iu
1988 4301 2126 4358 collo
2172 4299 2239 4354 de

660 4424 861 4484 eolaria
891 4389 1003 4476 sive
1045 4389 1098 4472 in
1128 4414 1244 4484 ipsa
1272 4424 1418 4466 arca.
1469 4405 1536 4461 Et
1575 4401 1682 4458 alio
1717 4397 1892 4462 alode,
1925 4392 2018 4464 qui
2047 4390 2149 4444 fuit
2174 4389 2240 4442 de

2327 3208 2507 3263 ctione
2537 3203 2940 3276 promulgantcs
2967 3200 3311 3255 decernimus
3366 3210 3427 3254 ut
3459 3197 3624 3252 nullus
3650 3204 3827 3259 unquam

2328 3310 2639 3357 nostrorum
2687 3309 3066 3351 successorum
3113 3293 3431 3364 pontiﬁcum
3455 3333 3472 3356 ,
3513 3303 3668 3358 neque
3699 3286 3827 3351 aliqua

2328 3405 2522 3460 magna
2547 3428 2563 3452 .
2621 3388 2762 3444 sicut
2806 3386 3076 3450 diximus,
3119 3399 3398 3456 parvaque
3441 3398 3649 3439 persona
3693 3385 3831 3436 audeat

2331 3483 2412 3537 vel
2451 3489 2744 3552 praesumat
2773 3490 2960 3535 contra
2997 3478 3100 3533 hoc
3127 3487 3374 3532 nostrum
3418 3475 3730 3547 apostolicum
3754 3472 3830 3542 pri-

2329 3575 2583 3646 vilegium
2613 3574 2666 3627 in
2690 3571 2960 3642 aliquibus
2981 3585 3141 3641 agere
3165 3568 3390 3639 injuste,
3427 3585 3590 3638 neque
3607 3567 3708 3638 quis
3726 3564 3830 3618 illum

2333 3667 2586 3736 frangere
2616 3671 2805 3719 tentet.
2840 3661 2896 3718 Si
2927 3662 3050 3732 quis
3079 3669 3284 3724 autem,
3311 3661 3458 3729 quod
3487 3676 3584 3714 non
3610 3657 3828 3714 credimus,

2333 3775 2434 3816 nec
2462 3759 2661 3814 timens
2685 3755 2875 3819 Deum,
2904 3763 2958 3810 et
2997 3763 3243 3810 nostrum
3272 3752 3651 3824 parvipendens
3672 3746 3831 3819 privile-

2335 3852 2479 3924 gium
2515 3849 2658 3919 quod
2703 3847 3072 3911 concedimus,
3115 3847 3283 3900 verbo
3323 3844 3534 3900 factove
3576 3844 3831 3909 disrumpere

2336 3943 2648 4006 tentaverit,
2683 3939 2847 4004 hunc,
2876 3939 3124 4010 quisquis
3173 3938 3262 3994 ille
3305 3937 3488 4002 fuerit,
3528 3945 3588 3992 de
3621 3944 3744 4003 parte
3771 3929 3832 3984 Dei

2336 4031 2742 4103 omnipotentis,
2784 4031 2958 4084 sancti
3001 4028 3226 4098 apostoli
3267 4029 3388 4100 ejus
3433 4025 3570 4082 Petri
3605 4034 3650 4080 et
3684 4029 3831 4076 nostra.

2338 4125 2429 4194 qui
2449 4123 2565 4192 ejus
2588 4121 2860 4193 fungimur
2875 4120 3006 4182 vice,
3021 4118 3316 4189 perpetuis,
3338 4119 3443 4175 nisi
3469 4114 3732 4185 ret-ipuerit,
3745 4124 3830 4163 auu-

2345 4214 2602 4270 tltematis
2629 4211 2862 4265 vinculis
2886 4209 3217 4280 obligamus;
3243 4209 3424 4279 sitque
3439 4207 3601 4278 portio
3612 4203 3706 4271 ejus
3721 4197 3829 4254 infer-

2341 4322 2469 4372 nus,
2497 4303 2785 4359 haereditas
2807 4302 2948 4356 illius
2981 4301 3246 4364 diabolus,
3272 4317 3398 4371 pars
3416 4309 3471 4355 et
3490 4294 3742 4355 consolatio
3756 4289 3834 4356 ejus

2343 4398 2434 4452 ubi
2467 4409 2741 4464 nunquam
2781 4393 2994 4457 laetitia,
3033 4393 3124 4448 sed
3155 4407 3373 4462 semper
3394 4390 3660 4448 estlletus:
3687 4383 3833 4438 veniat-

665 4509 1000 4572 Seximundo
1027 4505 1342 4577 presbytero
1368 4499 1482 4553 sive
1503 4495 1638 4550 alias
1679 4491 1861 4546 vineas
1890 4500 2011 4555 quae
2039 4483 2092 4539 in
2123 4479 2243 4535 aliis
2271 4493 2321 4554 υ
2347 4485 2609 4557 (ιιιρηιίεί,
2642 4484 2973 4546 indiximus,
2993 4482 3472 4552 τοείρυθτίιβιῳει.
3492 4481 3625 4536 illum
3647 4468 3834 4545 quidquid

665 4606 798 4663 locis
825 4609 968 4658 sunt.
997 4599 1060 4652 Et
1089 4595 1145 4649 in
1172 4591 1357 4648 Sancti
1389 4584 1652 4657 Sylvestri
1683 4592 1870 4636 manso
1905 4590 2029 4631 cum
2070 4582 2244 4629 terras

665 4705 722 4754 et
745 4695 954 4755 vineas,
989 4696 1042 4743 et
1070 4699 1193 4739 cuin
1227 4682 1372 4750 ipsos
1406 4689 1640 4739 eremos,
1671 4679 1724 4728 et
1755 4684 1878 4726 cum
1907 4667 2146 4722 decimas
2178 4662 2246 4716 de

669 4790 785 4859 ipso
816 4794 1022 4838 manso.
1055 4777 1124 4831 Et
1157 4775 1211 4830 in
1256 4769 1588 4827 Deredeltlos
1623 4776 1809 4819 manso
1853 4773 1976 4815 cum
2001 4767 2172 4812 terras
2193 4763 2247 4809 et

668 4879 878 4938 vineas,
913 4881 968 4927 et
1011 4883 1132 4924 cum
1175 4865 1320 4935 ipsos
1360 4873 1574 4916 eremos
1623 4855 1717 4926 qui
1760 4851 1958 4908 ibidem
1999 4855 2146 4904 sunt.
2191 4845 2245 4900 In

669 4970 929 5024 comitatu
952 4959 1317 5019 Cerdaniense
1358 4967 1545 5010 mauso
1574 4964 1683 5006 uno
1711 4960 1837 5003 cum
1876 4952 2066 4998 terras.
2097 4940 2166 4994 Et
2194 4939 2246 4992 in

671 5063 1005 5118 Purermano
1048 5067 1200 5108 maso
1245 5065 1352 5105 uno
1400 5063 1522 5102 cum
1569 5054 1762 5100 terras.
1809 5039 1876 5094 Et
1919 5037 1972 5092 in
2015 5035 2249 5090 Arriano

671 5156 883 5213 ilotnos,
914 5159 1088 5200 terras
1112 5152 1167 5198 et
1193 5142 1376 5196 vineas
1415 5152 1538 5194 cum
1573 5131 1820 5190 terminis
1859 5137 1914 5182 et
1936 5125 2252 5196 adjacentiis

672 5244 804 5297 suis.
832 5240 897 5294 Et
924 5239 976 5292 in
1002 5235 1150 5290 Bulla
1179 5233 1388 5293 domos,
1418 5238 1595 5282 terras
1620 5233 1675 5281 et
1715 5233 1922 5280 vineas,
1959 5228 2014 5272 et
2041 5216 2094 5270 in
2135 5215 2252 5284 ipso

675 5344 864 5386 inanso
886 5340 1012 5384 cum
1037 5326 1180 5395 ipsas
1207 5331 1379 5376 terras
1401 5329 1455 5372 et
1470 5317 1614 5387 ipsas
1635 5313 1844 5376 vineas,
1860 5309 2001 5380 quod
2027 5305 2252 5360 Laudri-

674 5439 772 5478 cus
801 5435 924 5476 cum
960 5429 1129 5472 uxore
1165 5429 1265 5468 sua
1301 5411 1447 5467 dedit
1497 5408 1564 5463 ad
1599 5405 1858 5462 Sanctum
1894 5401 2248 5471 Stephanum,

677 5529 800 5571 cum
842 5509 1087 5566 terminis
1116 5516 1170 5564 et
1198 5503 1514 5574 adjacentiis
1557 5501 1691 5557 suis.
1737 5498 1793 5553 In
1838 5495 2053 5552 Olmera
2082 5504 2255 5548 terras

677 5607 848 5662 cultas
882 5601 963 5658 vel
1009 5599 1258 5656 incultas.
1300 5596 1367 5650 Et
1408 5582 1461 5648 in
1505 5592 1777 5660 Lampage
1813 5602 2006 5657 campo
2037 5601 2163 5641 uno.
2189 5583 2255 5639 Et

679 5698 735 5750 in
759 5696 949 5766 Bages,
973 5703 1027 5746 et
1059 5692 1111 5745 in
1155 5689 1390 5743 Merresa
1418 5695 1595 5739 terras
1635 5690 1691 5736 et
1730 5680 1934 5744 vineas,
1964 5679 2166 5733 cultum
2201 5687 2256 5732 et

682 5801 942 5850 eremum.
965 5795 1087 5839 cum
1112 5779 1358 5838 terminis
1378 5786 1432 5834 et
1453 5773 1768 5846 adjacentiis
1789 5773 1919 5828 suis.
1947 5770 2072 5829 Haec
2094 5770 2255 5838 igitur

2344 4577 2747 4635 maledictiouis
2765 4576 3059 4645 excogitari
3079 4575 3162 4629 vel
3185 4573 3292 4629 dici
3316 4583 3509 4643 potest.
3527 4572 3578 4626 Si
3597 4570 3698 4636 quis
3709 4575 3834 4619 autem

2344 4671 2504 4740 hujus
2532 4669 2704 4725 sancti
2745 4668 2976 4723 emnobii
3027 4668 3242 4735 adjutor
3269 4669 3505 4722 existens
3532 4664 3679 4727 illum,
3704 4660 3834 4724 inquo

2345 4762 2601 4834 potuerit,
2627 4759 2852 4830 elegerit
2877 4766 2933 4812 et
2959 4758 3245 4820 amaverit.
3279 4759 3368 4813 hic
3410 4758 3500 4812 Dei
3535 4753 3835 4822 omnipotentis

2349 4856 2654 4911 interventu
2687 4850 2983 4922 apostolica
3015 4851 3250 4920 repletus
3287 4849 3639 4906 benedictione
3661 4850 3836 4900 crescere

2348 4961 2408 5002 se
2442 4945 2676 5016 gaudeat
2705 4943 2758 4999 in
2787 4952 3038 4998 Virtutem
3068 4943 3134 4998 de
3163 4943 3393 5008 virtute;
3417 4943 3582 5011 sitque
3605 4934 3745 5007 portio
3759 4927 3836 4997 eius

2349 5039 2652 5108 paradisus,
2682 5034 2969 5090 hiereditas
2992 5033 3134 5090 illius
3153 5033 3412 5089 Dominus
3437 5031 3676 5088 Christus,
3695 5033 3788 5092 pars
3801 5024 3835 5070 et

2349 5128 2650 5185 consolatio
2693 5126 2810 5195 ejus
2854 5126 2944 5181 tibi
2995 5139 3212 5196 semper
3266 5125 3512 5196 gaudium
3552 5128 3604 5176 et
3638 5113 3758 5172 dolor
3782 5114 3837 5162 est

2351 5220 2547 5275 nullus.
2597 5219 2972 5273 lnterdicimns
3026 5217 3188 5271 etiam
3237 5216 3468 5272 universi
3517 5207 3701 5284 generis
3733 5213 3834 5273 pote-

2353 5311 2583 5368 statibus
2637 5320 2696 5365 ιιι
2744 5309 2874 5364 nulli
2928 5308 3084 5363 liceat
3147 5323 3211 5362 ex
3251 5307 3360 5375 jam
3407 5308 3540 5362 dicto
3587 5287 3834 5354 monasterio

2355 5403 2600 5472 accipere
2648 5400 2984 5492 pascuarjos,
3031 5398 3113 5454 vel
3159 5400 3376 5470 exigere
3414 5395 3646 5464 tragiuas,
3682 5394 3751 5440 aut
3785 5376 3835 5432 di-

2355 5497 2623 5561 stringere
2665 5473 2891 5561 placitos
2951 5489 3109 5544 ullius
3158 5490 3391 5546 hominis
3425 5489 3489 5542 ad
3533 5473 3832 5538 monasterium

2356 5583 2700 5656 pertinentis,
2748 5580 3116 5650 cujuscunque
3167 5581 3238 5635 sit
3281 5581 3465 5652 culpa),
3506 5576 3546 5632 si
3590 5560 3834 5644 supradictis

2357 5675 2824 5734 maledictionibus
2871 5691 2976 5729 non
3007 5675 3120 5730 vult
3155 5675 3446 5746 suhjacere,
3474 5683 3598 5742 quas
3624 5666 3735 5720 Dcus
3756 5667 3833 5708 om-

2359 5771 2608 5842 nipotens
2646 5777 2702 5826 et
2746 5768 2814 5824 ab
2861 5767 3192 5836 adjutoribus
3245 5742 3398 5838 hujus
3442 5762 3593 5823 nostri
3638 5742 3830 5830 ιπὶνὲκείί
