3984 5316
215 348 344 408 Ilii?»
1443 353 1787 410 EPISTOLAS

1889 352 1929 407 Τ
1974 352 2310 407 DECRETA.
3320 358 3409 416 161
3426 357 3455 415 ι

209 480 416 535 semper
464 473 710 530 avertat,
753 476 805 521 et
849 467 1185 538 disrumpere
1241 470 1518 539 cupientes
1566 484 1785 524 severus
1814 473 1854 525 Α
1887 468 2120 531 boscno,
2164 478 2218 548 et
2264 466 2473 521 alodcm
2524 482 2681 535 quem
2740 469 2926 525 dicunt
2978 471 3160 533 Oliba;
3215 484 3269 530 et
3325 478 3463 533 malo

209 560 445 611 inducat.
1889 571 2112 631 pertuso
2166 578 2291 618 cmn
2347 566 2589 618 terminis
2634 576 2689 620 et
2744 566 3061 633 adiacentiis
3114 567 3349 623 illormn.
3398 570 3467 625 Et

276 651 543 718 Scriptum
574 666 670 719 per
699 667 888 705 manus
926 652 1200 707 Benedicti
1246 653 1438 707 notarii
1493 650 1781 722 regionarii
1888 655 2099 709 alodcm
2148 672 2309 725 quem
2360 658 2548 711 dicunt
2596 657 2889 720 Genebrel,
2934 669 2991 713 et
3031 662 3353 729 Aquabella,
3411 673 3463 717 et

205 752 259 794 et
312 741 581 795 scriniarii
628 753 828 796 sancte
878 744 1135 797 Romana:
1186 744 1440 798 Ecclesiae
1492 744 1544 796 in
1598 755 1783 796 mense
1889 744 2205 809 Prunarias,
2254 755 2308 800 et
2354 746 2696 811 llabinarios,
2725 757 2780 802 et
2816 748 3023 803 alodcm
3073 764 3233 819 quem
3279 750 3469 806 dicunt

201 830 479 895 Januario,
514 831 805 887 indictione
843 833 1028 902 quinta
1058 833 1288 889 decima.
1884 833 2138 902 Carrera,
2184 853 2305 891 cnm
2363 838 2609 893 terminis
2654 848 2709 893 et
2757 839 3076 909 adjacentiis
3123 841 3356 895 illorum.
3398 842 3467 895 Et

270 919 416 975 Bene
445 920 638 976 valete.
1886 924 2096 979 alodcm
2148 927 2238 997 qui
2288 936 2373 981 est
2422 929 2475 981 in
2523 930 2778 998 parocbia
2815 930 2881 985 de
2915 930 3266 995 Tortelliano,
3312 942 3366 987 et
3409 932 3462 985 in

930 1015 1050 1071 XX.
1886 1016 2143 1084 parochia
2177 1017 2241 1071 de
2282 1017 2568 1088 Agelager,
2604 1035 2727 1074 cum
2774 1022 3020 1075 terminis
3058 1031 3111 1076 et
3141 1021 3463 1090 adjacentiis

205 1128 555 1206 I’rjrr‘legiurg
619 1128 890 1206 Benedicti
950 1130 1089 1185 VIII
1136 1150 1284 1199 papa:
1327 1122 1784 1206 prqo‘monasterio
1886 1107 2113 1206 ῗίξίδῇει
2141 1108 2351 1206 ιξ¹οξ¹θ¹¹¹
2393 1110 2483 1180 qui
2510 1112 2680 1206 98th!
2705 1114 2957 1206 parfmhia
3088 1114 3455 1206 »Μοηξθπυωθ

269 1196 455 1271 sane};
510 1198 655 1253 Pen-5
719 1199 1121 1271 υαιηρῑνοιιιηιίί
1184 1196 1239 1256 ᾗι
1298 1196 1473 1257 eadem
1529 1207 1782 1258 ςοηιειαια
1891 1196 1942 1249 id
1969 1204 2054 1249 est
2089 1196 2313 1265 palatio,
2344 1214 2467 1253 cum
2508 1199 2625 1270 ipso
2667 1201 2869 1256 boscbo
2894 1211 2950 1256 et
2996 1202 3195 1259 Molino
3220 1204 3459 1259 Beteret.

272 1269 668 1324 Bisnldunensi.
855 1269 861 1271 ’

1887 1286 1954 1340 Et
1991 1286 2202 1342 alodcm
2246 1303 2405 1357 quem
2435 1269 2625 1345 dicunt
2664 1292 2907 1347 Artisces
2935 1308 3057 1347 cum
3090 1294 3206 1362 ipso
3238 1294 3461 1359 boscbo,

792 1364 974 1435 (Anno
1007 1364 1187 1433 l017.)

1887 1386 1942 1433 et
2000 1379 2053 1432 in
2102 1380 2338 1449 Capriol,
2386 1390 2441 1436 et
2490 1383 2543 1437 in
2593 1382 2801 1448 Mauro,
2861 1393 2919 1439 et
2973 1385 3026 1439 in
3070 1385 3272 1455 palatio
3320 1388 3465 1457 ipsos

377 1453 769 1525 [CUCQUEUNES
798 1456 889 1508 ubi
916 1473 1101 1525 supra.
1136 1465 1264 1511 lom-
1289 1456 1330 1519 1,
1366 1472 1417 1526 P-
1452 1456 1604 1528 595-]
1888 1468 2249 1534 molendinos,
2293 1482 2351 1526 et
2381 1474 2434 1525 in
2477 1473 2675 1528 Molino
2714 1476 2927 1541 Vetere,
2958 1484 3014 1531 et
3049 1453 3102 1530 in
3146 1453 3467 1533 Wadomalo

267 1546 613 1600 BENEDICTUS
642 1546 950 1615 episcopus,
973 1562 1164 1602 servus
1191 1562 1473 1604 servorum
1505 1549 1620 1612 Dei.
1652 1548 1783 1603 (ίίιο-
1885 1570 2008 1612 cum
2060 1574 2159 1613 suo
2192 1563 2529 1631 caputaquis,
2579 1571 2634 1617 et
2668 1579 2790 1618 cum
2822 1581 2920 1620 suo
2946 1566 3200 1631 decurso,
3245 1575 3302 1620 et
3338 1582 3466 1621 suos

189 1646 285 1692 cto
317 1638 373 1692 in
409 1638 638 1691 Domino
672 1636 927 1692 BONFILIO
965 1639 1219 1707 religioso
1246 1640 1430 1695 abbati
1460 1640 1784 1695 venerabilis
1884 1647 2281 1715 superpositos.
2324 1649 2387 1702 Et
2432 1650 2485 1704 in
2536 1652 2767 1720 ipso.....
2815 1669 3002 1709 manso
3033 1670 3157 1709 cum
3195 1656 3464 1718 terminis,

192 1728 515 1782 monasterii
560 1727 748 1782 Sancti
788 1728 933 1784 Petri
982 1729 1174 1800 Campi
1216 1730 1475 1797 Rotundi,
1503 1732 1646 1802 quod
1700 1740 1785 1787 est
1818 1812 1851 1815 _
1884 1748 1941 1793 et
1963 1738 2285 1807 adjacentiis
2310 1742 2440 1797 suis.
2469 1742 2535 1796 Et
2567 1744 2620 1798 in
2646 1743 2871 1800 Boscols
2896 1746 3071 1815 ipsum
3102 1746 3315 1801 alodcm
3340 1763 3465 1801 cum

194 1818 360 1871 situm
392 1817 445 1870 in
472 1818 731 1871 comitatu
757 1818 1159 1885 Bisuldunensi,
1188 1820 1239 1874 in
1258 1822 1395 1877 valle
1416 1823 1780 1888 Laudarense,
1816 1812 1863 1875 Β
1890 1831 2137 1887 terminis
2177 1841 2233 1886 et
2263 1832 2585 1901 adjaceutiis
2609 1836 2742 1890 suis.
2798 1837 2865 1890 Et
2909 1812 2961 1890 in
2988 1838 3248 1908 parochia
3276 1835 3466 1892 Sancti

192 1901 343 1954 inter
371 1902 478 1955 duo
499 1900 741 1966 ﬂumina,
770 1902 863 1957 tibi
901 1914 1187 1973 tecumque
1216 1908 1581 1971 manentibus,
1608 1918 1664 1962 et
1690 1925 1785 1977 per
1886 1920 2083 1977 Felicis
2137 1923 2191 1976 in
2246 1900 2458 1979 Lutuno
2510 1926 2624 1995 ipsa
2677 1927 2803 1981 villa
2856 1900 3143 1999 cum-ipso
3194 1931 3350 1984 alode
3400 1930 3465 1982 de

193 2000 249 2045 te
299 1991 410 2045 tuis
452 1992 778 2058 illorumque
817 1994 1246 2051 successoribus.
1292 1997 1439 2052 salus
1482 2009 1536 2052 et
1585 2014 1687 2069 pax
1730 2009 1783 2054 et

1887 2010 2135 2079 Luders,
2190 2023 2247 2069 et
2293 2016 2357 2070 (le
2417 1991 2704 2071 Selvatella
2766 2034 2888 2073 cum
2934 1991 3062 2090 ipso
3112 2022 3359 2085 bosebo,
3409 2030 3465 2076 et

191 2082 497 2151 apostolica
562 2082 908 2149 benedictio,
967 2083 1146 2153 quoad
1198 2087 1431 2140 mundus
1481 2097 1778 2156 permanet.

1887 2123 2007 2163 cum
2055 2109 2197 2177 ipsos
2231 2108 2522 2175 olibarios,
2571 2126 2694 2166 cum
2744 2113 2991 2168 terminis
3040 2122 3096 2169 et
3140 2112 3463 2183 adjacentiis

186 2174 388 2271 Αιιξθη·
694 2264 723 2271 Α
832 2266 843 2271 _
1026 2265 1058 2271 _
1520 2268 1531 2271 Α
1888 2199 2124 2253 illnrtnn.
2176 2200 2243 2255 Et
2290 2202 2341 2255 in
2391 2203 2647 2271 parocltia
2698 2205 2883 2260 Sancti
2938 2207 3196 2270 Matthtei,
3248 2205 3460 2268 alodcm

259 2266 399 2319 C‘lm
432 2274 644 2362 εοξιδῑθι
692 2264 994 2362 Ροπὶίηίξητ-
1026 2265 1195 2362 θῗυηι
1229 2276 1474 2321 "05mm
1520 2268 1783 2323 "(morem
1884 2291 1975 2361 qui
2013 2301 2097 2347 est
2128 2293 2179 2346 in
2227 2294 2353 2347 villa
2393 2296 2659 2362 Damires,
2698 2307 2753 2353 et
2782 2299 2834 2353 in
2867 2299 3022 2354 stella
3064 2317 3185 2357 cum
3217 2307 3462 2362 terminis

187 2365 401 2411 sancta:
433 2358 754 2412 universalis
792 2356 1047 2411 Ecclesia:
1082 2357 1424 2412 incessanter
1456 2373 1485 2411 a
1513 2374 1780 2429 propaga-

1887 2392 1940 2438 et
1979 2384 2297 2452 adjacentiis
2328 2387 2565 2453 illorum,
2608 2399 2664 2444 et
2702 2390 2816 2456 ipsa
2862 2392 2999 2449 valle
3027 2402 3081 2449 et
3123 2394 3459 2454 Romaniano

188 2449 409 2548 toribus
460 2449 1223 2548 beatae-Aﬁtleieugmenlar?’
1261 2465 1489 2548 ῄςεθεξθ
1526 2461 1609 2506 εει
1642 2452 1784 2548 θςθί·
1886 2487 2008 2527 cum
2036 2472 2153 2542 ejus
2184 2474 2362 2539 alode,
2391 2486 2442 2529 et
2477 2493 2598 2531 cum
2640 2480 2756 2548 ipsa
2784 2481 3011 2539 ecclesia
3071 2500 3193 2539 cum
3240 2488 3464 2545 decimis

182 2541 474 2609 pientibus
514 2542 583 2596 ab
616 2541 705 2597 illo
734 2543 899 2597 totius
928 2540 1053 2610 jura
1084 2542 1364 2611 regiminis
1402 2542 1451 2597 ei
1486 2545 1785 2600 concedere

1887 2572 1941 2619 et
1981 2540 2258 2632 primitiis,
2302 2577 2357 2621 et
2386 2567 2688 2624 oblationes
2720 2564 2956 2627 ﬁdelium
2979 2589 3101 2629 eum
3133 2578 3377 2633 terminis
3407 2589 3462 2635 et

183 2646 428 2685 censura
474 2630 608 2699 justi
678 2631 1065 2686 moderaminis
1110 2633 1325 2686 ﬁrmam
1381 2633 1781 2700 liberalitatem,

1887 2656 2207 2724 adjacenliis
2255 2658 2469 2714 illorum
2509 2662 2711 2731 absque
2752 2664 2975 2719 tributo.
3019 2667 3083 2721 Et
3131 2669 3183 2722 in
3223 2669 3463 2725 Pontons

186 2726 581 2793 malorumque
639 2724 830 2792 procul
887 2727 955 2779 ab
1006 2740 1069 2779 ea
1127 2724 1330 2794 pellere
1383 2727 1780 2792 pervasionem.

1887 2748 2059 2816 ipsmn
2094 2749 2304 2804 alodcm
2352 2766 2473 2805 cum
2502 2755 2747 2808 terminis
2790 2764 2848 2809 et
2877 2756 3193 2823 adjacentiis
3226 2761 3459 2817 illorum.

178 2817 468 2883 Quocirca
497 2818 755 2886 quoniam
784 2816 1041 2871 convenit
1077 2817 1391 2883 apostolicae
1420 2826 1606 2885 pietati
1634 2818 1784 2873 neni-

1887 2850 1952 2895 nt
1982 2841 2032 2895 in
2070 2841 2317 2897 Parietes
2350 2846 2527 2913 ipsum
2574 2847 2781 2902 alodcm
2820 2865 2939 2903 cum
2967 2852 3214 2906 terminis
3236 2864 3291 2907 et
3319 2854 3464 2922 adja-

176 2924 292 2979 gna
352 2909 675 2979 petentibus
722 2924 1045 2964 succurrere
1083 2923 1483 2977 compasswne,
1521 2912 1641 2965 Ideo
1686 2925 1784 2966 nos

1887 2936 2079 2991 centiis
2118 2937 2354 2995 illorum.
2390 2941 2458 2995 Et
2485 2942 2536 2997 in
2570 2944 2626 2999 S.
2664 2946 2866 3001 Eulalia
2900 2948 3043 3017 ipsos
3089 2966 3308 3010 mansos
3338 2969 3462 3007 cum

177 3002 294 3055 tuis
320 3000 522 3068 justus.
549 3001 751 3056 etenim
782 3002 863 3055 sic
886 3010 1013 3056 sunt
1037 3017 1066 3056 a
1106 3002 1264 3056 nobis
1290 3001 1633 3071 adjudieatec.
1654 3017 1783 3058 nam

1887 3040 2002 3091 e,us
2055 3028 2262 3095 alodes,
2314 3048 2437 3087 cum
2489 3036 2735 3091 terminis
2774 3048 2827 3092 et
2868 3039 3185 3109 adjacentiis
3223 3045 3463 3099 illorum.

165 3090 325 3160 juste
352 3094 523 3155 ﬁunt,
556 3102 859 3149 annuentes
889 3094 1167 3162 precibus,
1195 3109 1387 3149 omnes
1421 3097 1785 3165 proprietates

1889 3123 1950 3177 Et
1985 3124 2037 3176 in
2071 3123 2206 3177 valle
2248 3124 2434 3180 Biania
2470 3128 2613 3197 ipsos
2644 3130 2872 3187 solarios
2906 3148 3028 3187 cum
3057 3135 3172 3203 ejus
3206 3137 3462 3202 ecclesia,

170 3185 294 3239 sive
320 3184 713 3253 possessiones
738 3183 910 3253 ipsius
943 3184 1070 3247 loci.
1099 3186 1255 3248 lines,
1286 3185 1373 3241 vel
1408 3185 1620 3241 limites.
1658 3201 1783 3243 cum

2488 3183 2500 3197 .
2769 3183 2831 3185 νη
2855 3183 2867 3187 ν
2914 3183 3028 3187 -—---
3060 3183 3172 3203 νιν-ι
3209 3183 3462 3202 νιν-νηηη

1888 3222 2085 3269 etcum
2116 3216 2345 3273 decimis
2377 3227 2431 3272 et
2471 3219 2749 3288 primitiis,
2783 3232 2835 3277 et
2869 3240 2991 3279 cum
3025 3226 3143 3291 ejus
3170 3228 3463 3293 cimiterio,

162 3275 525 3346 adjacentiis
560 3276 960 3345 praecipuorum
990 3286 1342 3346 praediorum,
1374 3292 1497 3334 cum
1529 3278 1785 3333 omnibus

1887 3315 1941 3360 et
1983 3307 2283 3363 oblationes
2329 3309 2562 3365 ﬁdelium
2597 3312 2803 3383 absque
2830 3275 3071 3375 tributo:
3104 3321 3167 3375 Et
3211 3322 3263 3376 in
3315 3326 3440 3378 eubi

164 3367 465 3421 ecclesiis.
516 3367 813 3436 parocbiis,
843 3367 1005 3431 villis,
1042 3365 1245 3430 fundis.
1292 3368 1586 3431 easalibus,
1619 3368 1783 3433 casis,
1886 3394 2021 3451 “sco
2051 3396 2134 3451 vel
2178 3397 2229 3450 in
2259 3398 2400 3453 vane
2434 3365 2620 3455 mana

162 3460 372 3523 terris,
416 3457 625 3524 vineis,
661 3460 893 3528 campis,
927 3461 1117 3530 pratis,
1160 3463 1400 3530 pascuis.
1449 3461 1624 3525 silvis,
1661 3476 1787 3531 gar-

2689 3457 2701 3473 _
2797 3457 2809 3459 ,
3201 3457 3314 3479 η..-
3351 3457 3435 3468 ...ν

1887 3483 2008 3539 dem
2056 3501 2176 3540 cum
2240 3488 2487 3545 terminis
2531 3500 2581 3545 et
2638 3495 2960 3565 adjacentiis
3012 3499 3248 3554 illorum.
3296 3502 3363 3559 Et
3408 3506 3460 3559 in

166 3550 342 3607 ricis.
392 3550 569 3613 areis,
602 3552 931 3617 torculariis,
978 3552 1156 3654 aquis,
1201 3568 1464 3654 aquarum
1513 3557 1779 3621 ductibus,
1885 3574 2030 3645 Bago
2056 3578 2139 3630 vel
2177 3578 2229 3632 in
2262 3579 2424 3634 Serra
2464 3582 2607 3651 ipsos
2648 3550 2865 3641 mgnsos
2895 3602 3016 3642 cum
3065 3591 3181 3659 eius
3222 3592 3377 3647 alode
3411 3606 3466 3650 et

168 3643 307 3707 viis,
357 3642 699 3697 molendims
768 3657 890 3696 cum
933 3642 1045 3697 suis
1094 3643 1416 3712 caputaquis
1460 3652 1516 3698 et
1555 3647 1670 3698 suis
1699 3645 1781 3713 pi-

1887 3681 2007 3718 cum
2054 3665 2171 3733 ejus
2218 3669 2465 3724 decimis.
2509 3671 2574 3726 Et
2633 3675 2684 3728 in
2728 3679 2985 3733 comitatu
3028 3679 3461 3749 Rossolionensi.

164 3742 473 3795 SCalOfHS»
503 3731 707 3840 Tum"
738 3740 789 3786 ει
821 3732 1100 3840 “limum:
1137 3742 1191 3788 ει
1219 3747 1556 3840 (λιξδξξίξξιιιιιιιε
1593 3735 1785 3788 bemus
1888 3754 1968 3808 vel
2002 3755 2052 3808 in
2082 3731 2243 3810 Vvalle
2278 3758 2493 3828 Asperi,
2524 3761 2605 3816 vel
2636 3762 2688 3818 in
2717 3764 3007 3824 Palaldano
3039 3771 3185 3840 ipsos
3235 3731 3457 3833 mansos

162 3826 482 3896 apostolus
518 3823 713 3879 Petrus
734 3839 801 3880 ex
829 3825 1214 3880 collationibus
1252 3825 1488 3881 lidelium
1521 3828 1575 3881 in
1600 3842 1785 3883 cceno-

1887 3860 2009 3898 cum
2054 3844 2170 3913 ejus
2209 3847 2387 3912 alode,
2428 3864 2551 3905 cum
2602 3855 2850 3911 terminis
2888 3868 2944 3913 et
2978 3823 3295 3931 adjacenliis
3341 3869 3462 3922 illo-

156 3916 263 3971 bio
296 3914 514 3985 Campi
540 3915 779 3970 Rotundi
821 3915 1057 4018 retinere
1096 3916 1333 4018 videtur,
1360 3927 1549 3972 nostro
1570 3928 1788 3989 aposto—
1889 3947 2027 3986 rum.
2057 3933 2121 3987 Et
2146 3934 2198 3988 in
2231 3936 2475 3995 Miralias
2502 3940 2615 4011 ipsa
2644 3944 2769 3998 villa
2796 3962 2918 4002 cum
2941 3914 3307 4018 ejusalode-cvt
3338 3914 3461 4011 eam

158 4009 283 4065 lico
358 4010 764 4064 conﬁrmamus
808 4007 1114 4078 privilegio.
1180 4009 1541 4067 Concedtmus
1602 4013 1785 4083 itaque

1887 4026 2034 4095 ipsos
2072 4028 2339 4093 boscbos,
2395 4046 2517 4088 cum
2577 4038 2819 4094 terminis
2877 4052 2933 4096 et
2981 4043 3299 4112 adjacentiis
3344 4050 3462 4104 illo-

151 4102 464 4173 Ῥιπαίοιο
510 4100 1260 4174 τηοηθδιθτίθοθίοάθπηῑυοδ
1310 4101 1364 4155 in
1407 4102 1639 4158 οῖνευιιυ
1670 4104 1787 4172 eius
1889 4134 2049 4186 rum,
2122 4129 2176 4175 et
2228 4121 2344 4192 ipsa
2401 4125 2524 4179 villa
2581 4128 2648 4183 de
2713 4100 3105 4190 Avellanatello
3161 4100 3291 4193 cum,
3344 4100 3465 4209 ejus

156 4194 425 4249 habetur
470 4192 555 4246 vel
580 4192 777 4248 habere
806 4193 1161 4260 dignoscitur,
1207 4194 1533 4262 piseationes
1572 4210 1787 4265 quoque

154 4300 469 4353 aquarum
521 4284 698 4340 Tezen
739 4287 804 4339 de
845 4294 1055 4357 septem
1106 4300 1263 4341 casas
1300 4302 1474 4355 usque
1522 4287 1589 4341 ad
1638 4288 1785 4357 ipsos

1888 4303 2128 4361 lianense
2173 4308 2256 4362 vel
2293 4309 2345 4363 in
2393 4311 2515 4364 villa
2556 4312 2861 4379 Malleolas,
2891 4318 3034 4387 ipsos
3076 4338 3295 4379 mansos
3340 4340 3466 4381 cum

152 4378 441 4438 Kalkers.
476 4384 531 4429 et
554 4376 604 4431 in
630 4378 743 4432 rivo
776 4376 1280 4482 lorlqdeMullione
1313 4379 1554 4482 ιιξίιιξεῑη
1580 4379 1779 4436 Tezcr-
1885 4394 2002 4463 ejus
2077 4397 2272 4461 alode,
2336 4415 2458 4455 eum
2519 4405 2763 4461 terminis
2825 4376 3291 4482 et'adjacentiis'
3333 4376 3460 4473 illo:

150 4468 557 4525 l’arrochiam
590 4477 770 4521 autem
809 4469 876 4522 de
905 4468 1018 4537 ipsa
1048 4467 1219 4530 valle;
1249 4468 1536 4523 ecclesiam
1573 4471 1785 4527 Sancta:
1815 4494 1861 4551 ι)
1890 4501 2029 4541 γεω,
2080 4489 2145 4543 Et
2205 4492 2255 4543 in
2311 4493 2437 4547 vina
2500 4495 2760 4554 Torrilias
2817 4500 2962 4569 ipsas
3009 4467 3259 4571 'salinés;

149 4562 369 4617 Mariae
401 4574 537 4613 cum
572 4559 801 4614 decimis
841 4569 1002 4629 atque
1032 4559 1310 4630 primitiis,
1345 4560 1785 4620 etobiationibus

1887 4576 2031 4646 ipsas
2085 4580 2303 4634 vineas.
2363 4592 2417 4636 et
2467 4601 2590 4640 cum
2642 4587 2757 4652 ejus
2813 4591 2970 4650 alode
3032 4612 3154 4652 cum
3208 4604 3460 4657 terminis

155 4654 463 4709 ﬁdelium.
497 4650 702 4750 absque
744 4652 969 4705 tributo.
1016 4651 1337 4706 Parocliiam
1374 4664 1553 4709 autem
1595 4654 1784 4712 Sancti
1885 4675 1941 4721 et
1999 4669 2318 4737 adjacemiis
2373 4674 2606 4733 illorum.
2666 4650 2734 4736 Et
2787 4684 2840 4738 in
2894 4650 3153 4743 εοιηῑιέιίᾷ

147 4734 587 4816 Christopltori
626 4742 989 4855 Crescentfirii
1021 4759 1142 4845 cum
1188 4745 1305 4845 ipso
1343 4745 1522 4846 alode.
1567 4757 1623 4801 et
1659 4764 1782 4802 eum
1888 4770 2053 4818 ιθηειε
2082 4766 2227 4833 ipsos
2257 4782 2475 4824 mansos
2498 4772 2563 4827 de
2600 4773 2725 4828 vina
2764 4777 2932 4833 Sacas
2960 4785 3084 4837 el-m
3113 4781 3297 4839 (“ibes
3326 4787 3474 4855 ipsos

151 4840 287 4909 ipso
330 4834 681 4898 cimeterio,
718 4849 839 4889 cum
870 4832 1097 4887 decimis
1131 4843 1187 4888 et
1214 4835 1507 4902 primitiis.
1546 4847 1598 4893 et
1634 4840 1783 4893 obla-
1882 4832 2114 4910 mansos,
2145 4871 2269 4912 cum
2326 4874 2516 4917 eorum
2573 4865 2780 4924 ﬂbiles.
2826 4832 3296 4928 θιὲίιςῖξεῆζτζ

151 4932 358 4985 tiones
402 4924 659 4980 ﬁdelium
704 4927 911 4995 absque
943 4925 1167 5020 tributo;
1205 4926 1430 4980 Alodem
1464 4930 1607 4997 quod
1650 4932 1781 4986 dici-
1886 4938 2071 4994 vineas
2112 4956 2235 4997 eum
2267 4946 2515 5003 terminis
2546 4959 2599 5004 et
2625 4924 2995 5020 adjacentiis‘
3020 4924 3274 5011 illorum:

151 5032 252 5075 tur
295 5012 646 5076 Milandars,
684 5022 739 5067 et
767 5014 977 5069 alodcm
1013 5014 1079 5069 de
1126 5014 1441 5080 Frescanel.
1475 5026 1531 5071 el
1572 5019 1782 5075 alodcm
1883 5032 2142 5086 comitatu
2165 5032 2516 5094 Gerundense
2542 5012 2935 5111 ipsos'mansos
2974 5049 3052 5104 de
3072 5044 3340 5100 Flassano
3366 5062 3484 5105 cum

143 5116 219 5168 de
250 5104 597 5169 Paradella,
627 5112 680 5159 et
723 5108 789 5163 de
819 5106 1043 5169 Rescat,
1076 5117 1132 5161 et
1168 5108 1221 5160 in
1260 5104 1607 5174 Villa-longa,
1648 5113 1781 5167 etin

1887 5122 1999 5174 eius
2025 5124 2200 5174 alode.
2232 5140 2354 5174 cum
2383 5132 2631 5174 terminis
2657 5143 2704 5174 At
2738 5131 3097 5174 adimimus“:
3149 5131 3360 5174 illm-nm
3440 5138 3504 5174 [1'0

1813 3156 1854 3179 ﬂ

1816 3196 1857 3215 υ

1887 4211 2061 4277 alode,
2088 4224 2145 4268 et
2177 4231 2298 4269 eum
2333 4215 2447 4286 ejus
2478 4221 2722 4275 decimis.
2765 4223 2830 4277 Et
2871 4227 2921 4280 in
2962 4230 3222 4284 comitatu
3263 4230 3469 4287 Rosso-
