3984 5316
553 337 690 412 ista

1797 345 2160 401 BENEDICTI
2198 346 2305 402 VIII
2336 347 2535 406 PAP/E

3688 350 3777 406 161
3785 351 3812 405 5

549 477 674 517 cum
706 476 821 531 ejus
846 475 1188 527 .urnos,cum
1214 464 1462 519 terminis
1482 460 1870 531 etaiijacentiis
1902 460 2134 516 illorum.
2170 468 2211 523 Α
2241 463 2437 518 solatio
2468 464 2586 535 ejus
2622 464 2712 539 ub.
2756 478 3030 532 nunquam
3080 462 3287 529 laetitia,
3340 462 3435 517 sed
3475 477 3703 534 semper
3742 478 3815 519 cst

550 551 618 617 Et
643 554 698 607 in
725 553 987 609 comitatu
1018 553 1561 620 Bossolionense,vel
1587 554 1638 607 in
1671 552 1808 606 valle
1829 550 2134 605 conﬂuente

557 648 672 715 ipsa
701 646 825 702 villa
853 654 919 701 de
952 646 1078 714 pino
1108 662 1232 701 cum
1287 647 1403 716 ipsa
1451 644 1716 707 Ecclesia,
1745 651 1801 697 et
1849 657 1973 696 cum
2011 641 2135 711 ejus

549 736 727 801 alode,
755 745 952 793 etcum
983 734 1101 805 ejus
1135 736 1428 802 cimiterio,
1452 746 1509 791 et
1536 749 1658 789 cum
1683 732 1908 789 decimis
1935 740 1992 785 et
2023 731 2133 801 pri-

550 830 737 895 mitiis,
764 840 820 886 et
858 829 1163 887 oblationes
1195 827 1432 883 ﬁdelium
1489 841 1613 883 cum
1661 822 1908 879 terminis
1941 832 1996 877 et
2038 823 2131 877 ad-

545 920 796 988 jaceutiis
823 919 1067 979 illorum.
1088 919 1155 974 Et
1181 919 1235 974 in
1270 919 1396 973 villa
1430 916 1652 981 Saorra,
1684 924 1739 970 et
1767 916 1820 969 in
1849 913 1975 968 villa
1999 911 2132 966 Tro-

546 1011 699 1075 iano,
725 1019 782 1067 et
818 1010 871 1065 in
900 1010 1025 1067 villa
1056 1011 1275 1075 Vernet,
1308 1019 1364 1065 et
1405 1010 1458 1063 in
1489 1007 1616 1063 villa
1648 1003 1963 1069 Vliitel‘ano,
1993 1013 2047 1058 et
2075 1002 2127 1055 in

548 1101 843 1170 Ascajone,
865 1109 920 1157 et
940 1100 996 1156 in
1019 1099 1397 1165 Parcinianos,
1423 1109 1482 1155 et
1506 1100 1559 1153 in
1583 1096 1775 1162 Evulo,
1804 1105 1862 1151 et
1890 1095 1943 1150 in
1972 1094 2132 1148 Mari-

546 1207 776 1262 gnanos,
799 1200 856 1249 et
883 1191 936 1247 in
958 1190 1325 1263 CampeStres,
1359 1190 1506 1261 ipsos
1553 1201 1735 1244 masos
1767 1201 1891 1243 cum
1940 1199 2127 1240 eormn

547 1282 754 1348 alodes,
782 1292 982 1339 etcum
1006 1297 1200 1338 eorum
1237 1282 1428 1339 vineas
1455 1294 1579 1335 cum
1631 1276 1879 1333 terminis
1933 1283 1991 1331 et
2035 1275 2130 1329 ad-

544 1373 799 1440 jacentiis
841 1373 1075 1427 illorum.
1136 1373 1200 1427 Et
1252 1372 1306 1426 in
1362 1371 1669 1427 Massaneto
1721 1368 1836 1438 ipsa
1890 1365 2014 1420 villa
2064 1365 2130 1420 de

546 1464 829 1530 Novorics,
865 1474 921 1519 et
951 1463 1064 1534 ipsa
1098 1462 1221 1519 villa
1268 1464 1337 1517 de
1397 1457 1850 1526 Malaconjuncta,
1894 1464 1952 1510 et
2005 1470 2127 1509 cum

547 1558 692 1626 ipsas
718 1571 876 1612 casas
894 1557 960 1610 de
988 1553 1226 1624 Lavajol,
1260 1562 1316 1611 et
1345 1555 1400 1607 in
1432 1551 1622 1606 villare
1661 1549 1902 1613 Bellone,
1934 1554 1991 1600 et
2013 1545 2127 1614 ipsa

547 1649 671 1703 villa
703 1648 771 1704 de
786 1647 994 1703 Olibeta
1019 1662 1143 1702 cum
1168 1646 1286 1715 ejus
1304 1642 1533 1699 ecclesia
1550 1656 1672 1697 cum
1687 1639 1913 1695 decimis
1937 1646 1993 1692 et
2020 1638 2128 1708 pri-

548 1739 750 1805 mitiis,
775 1747 832 1794 et
858 1737 1164 1793 oblationes
1191 1735 1429 1790 ﬁdelium
1460 1748 1586 1789 cum
1611 1746 1800 1788 eorum
1831 1730 2035 1795 alodes,
2073 1736 2130 1785 et

2234 552 2438 618 ﬁctus;
2490 554 2799 623 veniatquc,
2854 554 2993 618 nisi,
3043 564 3103 608 ut
3155 555 3425 620 diximus,
3476 555 3812 623 ptenitnerit.

2234 658 2399 713 super
2447 644 2594 700 illum
2646 645 2907 714 quidquid
2951 645 3353 702 maledictionis
3378 646 3691 716 excogitari
3738 648 3813 700 vel

2235 736 2341 792 dici
2373 746 2571 806 potest.
2610 736 2668 793 Si
2692 739 2815 807 quis
2840 748 3018 793 autem
3042 738 3202 808 hujus
3229 740 3405 795 sancti
3451 740 3702 794 ctenobii
3730 742 3817 793 ad-

2226 825 2379 895 jutor
2417 829 2683 886 existens.
2728 829 2877 884 illum
2924 830 2976 885 in
3032 846 3139 899 quo
3179 832 3415 901 potuerit
3493 831 3727 901 elegerit
3768 840 3817 883 et

2235 920 2523 984 amaverit,
2542 922 2630 976 hic
2656 921 2746 976 Dei
2780 922 3168 991 omnipotentis
3191 930 3505 976 Interventn
3520 922 3814 992 apostolica

2232 1012 2471 1081 repletus
2493 1015 2869 1070 benedictione
2920 1030 3166 1071 crescere
3196 1031 3255 1069 se
3285 1017 3523 1086 gaudeat
3558 1016 3614 1069 in
3651 1017 3815 1070 virtu-

2234 1111 2342 1158 tem
2374 1105 2441 1159 de
2462 1105 2683 1170 virtute,
2712 1107 2891 1175 sitque
2914 1107 3029 1174 ejus
3071 1108 3246 1178 portio
3288 1110 3606 1177 paradisus,
3658 1110 3818 1164 here-

2232 1192 2374 1248 ditas
2406 1195 2547 1250 illius
2606 1197 2866 1253 Dominus
2920 1197 3190 1263 Christus,
3224 1213 3352 1268 pars
3401 1208 3456 1253 et
3517 1200 3821 1255 consolatio

2231 1279 2348 1348 ejus
2383 1281 2471 1334 ubi
2498 1296 2715 1352 semper
2745 1282 2997 1353 gaudium
3025 1293 3081 1339 et
3109 1284 3265 1338 dolor
3302 1295 3382 1338 est
3420 1285 3632 1339 nullus.
3659 1286 3817 1339 Inter-

2231 1370 2463 1427 dicimus
2483 1373 2646 1427 etiam
2680 1373 2920 1429 universi
2952 1374 3166 1445 generis
3188 1377 3580 1445 potestatibus,
3607 1386 3670 1430 nt
3693 1377 3815 1431 nulli

2230 1460 2394 1517 liceat
2416 1480 2482 1519 ex
2518 1464 2631 1533 jam
2655 1463 2801 1520 dicto
2828 1466 3158 1522 monasterio
3190 1466 3438 1535 accipere
3476 1468 3819 1536 pascunt-ias,

2231 1554 2312 1607 vel
2345 1554 2565 1625 exigere
2593 1543 2852 1626 tFaginas,
2893 1564 2987 1610 aut
3032 1556 3361 1627 distringere
3394 1555 3637 1627 placitos
3669 1555 3823 1612 ullius

2230 1644 2472 1701 hominis
2514 1647 2581 1700 ad
2608 1649 3002 1703 monasterium
3052 1648 3408 1717 pertinentis,
3442 1647 3823 1719 cujuscunque

2234 1734 2306 1788 sit
2329 1735 2521 1805 culpae,
2546 1738 2590 1791 si
2614 1737 2945 1805 supradictis
2964 1737 3614 1810 maledictionibus[non,
3645 1738 3714 1793 Ε.
3740 1738 3823 1811 P.}

545 1830 602 1885 in
630 1830 830 1901 Tapics
849 1845 973 1886 cum
997 1830 1143 1900 ipsos
1165 1829 1361 1884 boscos
1381 1842 1504 1883 cum
1537 1824 1784 1881 terminis
1809 1831 1866 1879 et
1884 1823 2134 1892 adjacen—
2165 1805 2207 1866 Β
2238 1832 2354 1878 vuit
2406 1824 2717 1892 subjarere;
2764 1840 2903 1895 quas
2938 1827 3078 1882 Deus
3102 1805 3536 1896 omnipotens-et
3573 1827 3653 1883 ab
3675 1805 3827 1897 adju;

547 1923 639 1979 tiis
656 1923 900 1979 illorum.
930 1919 1059 1976 Hazc
1087 1920 1253 1990 igitur
1273 1930 1611 1989 quaecunque
1630 1915 1889 1979 diximus,
1908 1913 1990 1969 vel
2013 1926 2136 1982 qua:

543 2030 651 2069 non
677 2013 916 2067 diximus
942 2011 1144 2081 praedia
1171 2009 1437 2079 acquisita
1460 2008 1543 2063 vel
1566 2004 1894 2077 acquirenda
1909 2004 1975 2059 ad
2004 2002 2135 2061 Satt-

541 2106 616 2163 cti
661 2104 805 2161 Petri
860 2103 1090 2175 apostoli
1139 2101 1452 2158 coenobium
1497 2097 1910 2169 Campirotundi
1967 2095 2131 2151 situm

541 2197 896 2268 pertinentia,
929 2194 1258 2251 auctoritate
1286 2193 1362 2248 illi
1397 2193 1688 2248 ﬁrmantur
1740 2206 1772 2246 a
1807 2189 1965 2245 nobis
2007 2203 2133 2261 apo-

542 2288 760 2346 stolica.
789 2287 1095 2343 Statuimus
1137 2294 1318 2340 autem
1370 2293 1453 2350 ut,
1477 2284 1695 2354 quando
1748 2282 1917 2337 abbas
1962 2281 2131 2352 ipsius

545 2379 867 2434 monasterii
887 2377 1109 2442 obierit,
1141 2389 1319 2446 neque
1350 2391 1382 2430 a
1422 2374 1662 2445 regibus,
1694 2387 1875 2443 neque
1907 2388 1937 2426 a
1967 2371 2131 2427 comi-

543 2471 709 2535 tibus,
739 2482 917 2539 neque
939 2483 970 2522 a
1005 2465 1367 2538 qualicunque
1413 2480 1645 2536 persona
1669 2478 1770 2535 pro
1816 2460 2129 2533 cupiditatis

539 2562 781 2636 pecuniae
801 2576 985 2627 causa,
1012 2575 1190 2631 neque
1206 2573 1305 2629 pro
1334 2558 1702 2628 qualicunque
1726 2554 1931 2610 favoris
1947 2552 2127 2608 inanis

539 2656 710 2726 gloria
743 2655 940 2711 ibidem
986 2653 1393 2709 constituantur
1441 2651 1698 2710 abbates;
1732 2647 1826 2702 sed
1857 2662 1886 2700 a
1914 2644 2126 2700 cunctis

541 2747 615 2815 ibi
648 2746 969 2818 degentibus
994 2745 1168 2800 servis
1200 2743 1296 2798 Dei
1325 2741 1617 2798 secundum
1645 2738 1813 2794 Deum
1855 2736 2006 2806 juxta
2035 2736 2122 2791 Be-

540 2839 742 2895 nedicti
799 2836 969 2908 patris
1010 2834 1255 2905 regulam
1306 2833 1577 2904 eligantur
1627 2829 1871 2885 abbates.
1924 2828 2123 2883 Damus

541 2943 761 3001 quoque
786 2927 1061 2984 licentiam
1090 2927 1261 2995 ipsius
1306 2924 1411 2979 loci
1456 2918 1992 2989 abbati,ubicunque
2037 2919 2122 2975 vel

545 3037 576 3077 ι
604 3021 967 3093 qualicunque
993 3017 1225 3075 voluerit
1255 3017 1508 3087 episcopo
1557 3027 1685 3070 suos
1710 3011 1941 3069 clericos
1971 3010 2118 3066 ordi-

540 3113 727 3180 nandi,
755 3128 788 3169 a
808 3112 1175 3183 qualicunque
1203 3110 1335 3166 sede
1367 3108 1415 3162 ei
1446 3105 1714 3178 placuerit
1745 3103 1985 3159 chrisma
2030 3116 2122 3157 ac-

539 3205 796 3278 cipiendi,
819 3211 877 3259 et
905 3210 963 3257 ut
987 3218 1017 3257 a
1041 3201 1188 3258 nullo
1216 3201 1490 3271 episcopo,
1517 3212 1616 3253 nec
1647 3197 1714 3251 ab
1752 3196 1841 3250 illo
1879 3195 1932 3248 in
1966 3192 2119 3262 cujus

538 3296 701 3351 situm
729 3304 812 3351 est
835 3291 1222 3348 monasterium
1244 3290 1545 3361 episcopio,
1571 3302 1670 3344 nec
1695 3285 1763 3342 ab
1796 3284 1906 3341 alio
1950 3285 2122 3355 possit

541 3383 1003 3449 excommunicari
1025 3382 1205 3451 aliqua
1230 3383 1295 3435 ad
1330 3380 1560 3435 eundem
1585 3378 1969 3434 monasterium
2000 3391 2122 3446 per-

544 3477 719 3533 tinens
758 3474 1009 3531 ecclesia.
1046 3472 1352 3528 Statuimus
1393 3472 1557 3525 etiam
1596 3477 1655 3523 ut
1694 3468 1817 3538 quis
1846 3466 2120 3538 paenitens

537 3587 568 3625 a
607 3568 886 3625 liminibus
913 3565 1168 3621 exclusus
1192 3562 1469 3627 Ecclesiae,
1497 3558 1735 3632 quandiu
1776 3559 1848 3615 ibi
1881 3558 2115 3624 steterit,

538 3661 739 3720 habeat
774 3659 1053 3717 licentiam
1082 3654 1415 3719 introeundi,
1440 3663 1495 3708 et
1520 3668 1682 3708 onme
1713 3652 1959 3706 divinmn
2000 3649 2115 3705 olli-

539 3756 685 3823 cium
716 3751 994 3808 audiendi.
1030 3748 1395 3805 Concedimus
1421 3759 1635 3815 quoque
1683 3742 1865 3799 abbati
1890 3741 1973 3799 vel
2006 3757 2115 3795 mo-

539 3846 730 3907 nachis
774 3853 831 3900 et
866 3841 1123 3898 omnibus
1149 3837 1362 3895 clericis
1394 3839 1461 3891 ad
1506 3834 1899 3890 monasterium
1947 3833 2117 3904 perti-

536 3939 792 3997 nentibus
842 3934 1160 3995 licentiam,
1204 3928 1602 3986 nisivolueriut
1666 3938 1966 3998 spontanee
2036 3924 2118 3979 vel

538 4032 736 4103 rogati,
765 4032 831 4084 ad
862 4025 1128 4101 synodum
1155 4039 1262 4080 non
1289 4020 1471 4077 eundi.
1502 4018 1905 4076 Conﬁrmamus
1931 4018 2114 4087 igitur,

535 4130 592 4178 et
618 4120 919 4183 stabilitatis
966 4117 1160 4172 amodo
1200 4123 1256 4168 ut
1290 4113 1468 4168 nullus
1499 4125 1614 4175 rex,
1642 4110 1817 4165 nullus
1846 4109 2115 4180 princeps,

537 4213 719 4269 nullus
744 4209 1010 4276 marchio,
1051 4205 1234 4262 nullus
1250 4218 1467 4267 comes,
1512 4201 1690 4256 nullus
1717 4198 1908 4269 judex,
1940 4200 2119 4253 nullus

546 4306 854 4375 episcopus,
908 4316 1083 4371 neque
1135 4298 1239 4354 ulla
1301 4311 1494 4368 magna
1545 4307 1821 4366 parvaque
1865 4309 2114 4363 persona,

535 4398 772 4467 aliquam
800 4397 905 4450 vim
939 4394 1023 4448 vel
1074 4392 1406 4448 invasionem
1439 4390 1490 4443 iu
1522 4389 1713 4444 eodem
1748 4387 1999 4442 cmnobio
2027 4392 2120 4439 aut

2239 1911 2446 1967 toribus
2491 1914 2659 1968 nostri
2713 1914 2981 1985 privilegii
3028 1929 3242 1986 semper
3287 1925 3621 1980 avertat,et
3667 1933 3826 1989 super

2235 2005 2575 2076 disrumpere
2611 2006 2891 2078 cupientes
2916 2019 3138 2062 severus
3166 2008 3404 2064 inducat.

2305 2098 2579 2168 Scriptum
2604 2115 2703 2170 per
2724 2112 2920 2155 manus
2951 2101 3224 2156 Benedicti
3279 2101 3476 2157 notarii
3525 2104 3824 2175 regionarii

2232 2196 2290 2242 et
2311 2188 2583 2243 scriniarii
2608 2198 2813 2246 sanctae
2833 2190 3092 2245 Romana:
3116 2190 3373 2248 Ecclesia:
3390 2232 3404 2255 ,
3430 2193 3484 2246 in
3517 2208 3714 2248 mense
3741 2194 3826 2247 Ja-

2233 2280 2448 2345 nuario,
2477 2282 2670 2338 indict.
2702 2283 2891 2353 quinta
2916 2282 3148 2337 decima.

2972 2412 3115 2470 XXI.

2230 2505 2512 2583 Benedicti
2551 2505 2698 2563 VIII
2731 2527 2880 2583 papa!
2919 2511 3060 2583 bulla
3106 2529 3209 2581 qua
3243 2510 3525 2583 ‘Farfensr
3589 2518 3824 2570 coenobio

2299 2578 2533 2632 consedit
2571 2578 2948 2635 monaStérium
2998 2578 3185 2637 Sancti
3230 2578 3507 2638 Laurentii
3548 2585 3606 2639 in
3652 2585 3827 2639 Macri

2298 2650 2547 2704 canticum
2575 2647 2928 2721 Campaniae.
3396 2672 3399 2673 '

2828 2742 3008 2810 (Anno
3037 2742 3218 2813 1017.)

2470 2831 2813 2904 [Μυηιτυιιι.
2846 2831 3040 2903 Scripl.
3070 2833 3198 2888 Ital.
3223 2835 3292 2901 Ιι,
3321 2851 3389 2899 ιι.
3415 2836 3568 2910 521.]

2294 2925 2636 2981 Bsusmcrus
2663 2928 2947 2996 episcopos
2967 2967 2979 2986 .
3015 2942 3205 2980 servus
3245 2944 3529 2983 servorum
3583 2929 3718 2991 Dei,
3748 2930 3824 2982 rii—

2224 3017 2366 3073 lecto
2396 3019 2447 3072 in
2475 3018 2692 3074 Christo
2722 3018 2830 3073 ﬁlio
2858 3018 3061 3073 lineam
3096 3019 3350 3089 religioso
3378 3021 3713 3090 presbytero
3770 3031 3823 3074 et

2225 3112 2492 3166 monacho
2514 3151 2528 3175 ,
2560 3120 2724 3179 atque
2747 3111 3010 3178 spirituali
3044 3112 3225 3166 abbati
3267 3112 3596 3166 venerabilis
3632 3128 3827 3167 mom-

2225 3201 2379 3255 sterii
2408 3200 2622 3256 Sancta:
2653 3200 2746 3255 Dei
2777 3199 3070 3255 Genitricis
3105 3215 3319 3270 semper
3358 3201 3592 3272 virginis
3640 3201 3827 3257 Mari:

2224 3291 2466 3347 Domina».
2491 3300 2710 3354 nostrae,
2740 3292 2827 3346 siti
2852 3307 2883 3346 a
2916 3292 3086 3349 latere
3121 3294 3334 3348 montis
3350 3294 3443 3362 qui
3474 3304 3828 3364 nuncupatur

2221 3383 2549 3447 Acutianus,
2574 3396 2739 3452 super
2772 3376 2991 3437 ﬂuvium
3016 3384 3108 3452 qui
3140 3385 3340 3439 dicitur
3365 3382 3655 3455 Pharpha,
3689 3387 3823 3439 tuis-

2222 3489 2327 3546 que
2361 3474 2765 3529 successoribus
2809 3475 3129 3541 abbatil-us,
3162 3486 3466 3549 vestraque
3501 3477 3670 3533 almae
3695 3494 3827 3534 con-

2220 3564 2516 3635 gregationi
2544 3562 2856 3634 perenniter
2874 3572 2929 3618 et
2960 3565 3012 3619 in
3047 3575 3387 3635 perpetuum.

2292 3654 2516 3721 Quoties
2554 3655 2644 3710 illa
2685 3669 2715 3708 a
2755 3655 2910 3711 nobis
2953 3656 3115 3711 tribui
3156 3668 3449 3727 sperantur
3468 3672 3595 3726 quae
3624 3659 3824 3713 rationi

2222 3746 2602 3803 incunctanter
2642 3749 3006 3811 conveniunt,
3039 3749 3222 3804 animo
3278 3765 3379 3805 nos
3428 3750 3592 3806 decet
3634 3752 3824 3806 libenti

2221 3838 2540 3899 concedere.
2570 3848 2624 3894 et
2644 3839 2943 3909 petentium
2967 3839 3250 3895 desideriis
3279 3855 3584 3911 congruum
3616 3843 3824 3910 imper-

2222 3930 2308 3984 tiri
2365 3929 2703 4001 suffragium.
2757 3932 2932 3999 Atque
2984 3931 3105 3985 ideo
3149 3931 3274 4000 quia
3324 3931 3545 4000 petistis
3586 3947 3618 3985 a
3667 3933 3823 3987 nobis

2218 4033 2490 4092 quatenus
2534 4020 2923 4090 omnipotentis
2966 4019 3178 4077 Domini
3209 4035 3418 4085 amore,
3451 4024 3822 4093 merccdequc

2219 4112 2413 4167 animai
2451 4120 2681 4176 nostrae,
2708 4111 3142 4166 concederemus
3156 4120 3212 4166 et
3238 4111 3703 4167 conﬁrmaremus
3723 4112 3819 4167 tibi

2223 4202 2435 4272 tuisque
2482 4203 2891 4258 successoribus
2947 4202 3001 4257 iu
3049 4211 3370 4272 perpetuum
3418 4204 3817 4259 monasterium

2221 4298 2364 4368 quod
2393 4308 2478 4352 est
2505 4297 2559 4352 in
2593 4296 2799 4351 honore
2822 4297 2996 4351 sancti
3028 4296 3285 4367 martyris
3306 4295 3485 4351 levita:
3507 4296 3819 4359 Laurentii,

2220 4389 2383 4443 situm
2432 4387 2485 4441 in
2536 4386 2697 4443 Macri
2745 4387 3004 4443 comitatu
3050 4386 3415 4458 Campaniae,
3470 4404 3601 4443 cum
3635 4390 3819 4451 casis,

534 4489 594 4544 in
634 4486 750 4542 suis
786 4484 1129 4555 pertinentiis
1163 4482 1345 4538 facere
1397 4486 1710 4551 praesumat.
1740 4476 1847 4533 Pro
1899 4493 2030 4546 quo,
2065 4484 2119 4530 et
2149 4492 2197 4553 ι)
2223 4476 2623 4542 hortis,vineis,
2644 4477 2828 4541 terris,
2849 4476 3074 4546 campis,
3101 4478 3292 4547 pratis,
3316 4478 3539 4546 pascuis
3559 4488 3620 4533 et
3642 4480 3819 4542 silvis,

532 4582 640 4649 sub
683 4578 855 4634 divini
882 4575 1073 4646 judicii
1121 4573 1484 4629 obtestatione
1534 4579 1592 4625 et
1627 4569 1993 4626 analbematis
2040 4569 2121 4623 in-

539 4669 891 4732 terdietione,
917 4665 1321 4736 promulgantes
1347 4661 1693 4726 decernimus
1719 4668 1779 4714 ut
1812 4659 1992 4735 nullus
2023 4674 2120 4713 un-

538 4778 700 4832 quam
748 4768 1062 4815 nestrorum
1105 4768 1481 4810 successorum
1539 4750 1853 4821 pontiﬁcum
1884 4791 1900 4815 ,
1945 4764 2120 4819 neque

534 4832 718 4924 aliqua
766 4866 984 4923 magna,
1009 4849 1150 4905 sicut
1181 4848 1439 4909 diximus,
1469 4856 1742 4914 parvaque
1766 4857 1999 4912 persona
2022 4857 2119 4896 aue

538 4947 662 5001 deat
682 4944 769 4999 vel
795 4950 1093 5014 prasumat
1123 4947 1312 4995 contra
1340 4937 1444 4991 hoc
1471 4943 1717 4989 nostrum
1758 4934 2116 5003 apostolicum

538 5035 881 5107 privilegium
917 5032 971 5086 in
1005 5030 1274 5100 aliquibus
1313 5040 1474 5098 agere
1503 5023 1741 5092 injuste,
1774 5039 1952 5093 neque
1995 5024 2117 5092 quis

2220 4568 2361 4623 sicut
2401 4566 2534 4621 ﬁnes
2580 4565 2808 4622 inferius
2856 4567 3134 4621 continere
3160 4566 3440 4633 videntur,
3486 4569 3756 4625 videlicet
3788 4587 3820 4623 a

2221 4657 2397 4726 prima
2437 4656 2607 4712 latere
2644 4657 2732 4711 via
2772 4672 2892 4726 quae
2937 4657 3083 4711 venit
3112 4675 3141 4711 a
3173 4656 3394 4713 fontana
3441 4657 3757 4727 Palumbaa;
3788 4677 3821 4714 ι

2219 4747 2457 4803 secundo
2492 4747 2659 4802 latere
2687 4747 2957 4816 rigagines
2991 4763 3110 4817 qua:
3149 4758 3379 4818 pergunt
3403 4741 3483 4802 'in
3527 4752 3681 4804 viam
3717 4767 3819 4821 pu-

2218 4838 2439 4905 blicam,
2463 4850 2519 4896 et
2548 4840 2617 4894 ad
2638 4839 2861 4894 Cerrum
2881 4838 3082 4894 Jannar
3105 4856 3222 4906 um;
3256 4857 3286 4894 a
3314 4841 3479 4897 tertio
3504 4842 3687 4898 latere
3714 4843 3817 4896 alia

2218 4930 2303 4984 via
2328 4931 2540 4999 publica
2570 4947 2693 5001 quae
2718 4932 2870 4987 ducit
2901 4934 2968 4985 ad
2992 4933 3247 4989 Balneum
3276 4934 3524 5003 Novum;
3559 4951 3593 4992 ι
3619 4950 3823 5008 quarto

2218 5021 2386 5076 latere
2411 5023 2514 5077 alia
2550 5023 2635 5078 via
2674 5031 2731 5076 et
2777 5023 3045 5093 rigagincs
3085 5041 3208 5093 quae
3254 5027 3460 5081 vadunt
3492 5030 3562 5083 ad
3596 5031 3818 5086 Acrite-
