3984 5316
153 283 285 349 ιδιτ

1384 288 1742 344 ΕΡίδΤΟΙιᾸζ
1781 288 1867 342 ET
1899 289 2239 346 DECRETA.

3275 293 3414 352 1618

147 416 348 461 fcinus.
403 409 475 461 lm
497 409 645 461 linati
679 417 858 463 autem
893 409 1141 476 precibus
1182 367 1409 469 vestris,
1442 423 1536 475 per
1567 403 1724 471 hujus
1755 408 1798 461 Α
1826 419 1988 457 unam
2013 404 2276 475 integrann
2301 414 2458 459 suam
2483 421 2535 459 ιιι
2560 397 2803 471 cardeto,
2827 417 2881 462 et
2913 408 2964 462 in
2987 408 3174 464 Finilia
3198 409 3414 465 clausu-

148 502 393 570 pra:cepti
443 503 634 555 seriem
684 503 1052 570 supradictum
1108 503 1496 556 monasterium
1544 499 1730 554 Sancti

145 589 417 643 Laurentii
465 591 520 644 in
569 590 835 660 integrum
881 607 1002 644 cum
1029 592 1278 646 omnibus
1304 590 1369 643 ad
1411 589 1538 642 illud
1567 589 1735 658 perti-

147 679 420 746 nentibus,
453 688 509 734 ut
547 681 795 749 superius
837 681 1054 751 legitur,
1095 697 1124 735 a
1179 681 1428 752 praesenti
1472 694 1541 734 xv
1594 680 1732 734 indi-

142 778 353 842 ctione,
383 786 437 832 et
467 791 636 847 usque
670 777 721 830 in
755 785 1071 848 perpetuum
1094 818 1106 840 ,
1147 791 1209 831 ea
1244 776 1491 830 videlicet
1523 776 1730 829 ratione

143 870 490 924 concedimus
513 870 859 924 delinemlum
885 871 1034 925 vobis
1054 911 1068 932 ,
1111 879 1168 924 ut
1199 883 1385 924 servos
1422 869 1514 922 Dei
1544 882 1731 922 mona-

141 963 276 1014 cbos
321 962 410 1030 qui
451 961 502 1015 in
555 963 742 1015 eodem
797 950 1122 1015 titoiiasterio
1163 970 1322 1022 sunt,
1355 962 1438 1014 vel
1473 976 1610 1030 quos
1638 976 1729 1031 ag-

142 1068 369 1123 gregare
409 1053 691 1122 potueritis
745 1055 844 1108 sub
885 1055 1132 1108 castitate
1161 1062 1215 1109 et
1262 1053 1520 1108 modestia
1565 1062 1729 1122 atque

143 1142 378 1212 regulari
411 1152 464 1196 et
511 1142 826 1197 monachica
864 1143 1176 1214 disciplina,
1213 1145 1304 1198 Dei
1333 1160 1454 1198 cum
1507 1145 1725 1208 timore,

142 1243 199 1286 ut
224 1233 388 1288 Pater
413 1234 678 1297 familias,
704 1234 970 1299 fovendo,
1007 1238 1391 1307 gubernando,
1449 1245 1609 1306 atque
1645 1252 1729 1292 re-

140 1327 341 1393 gendo,
363 1335 418 1379 et
439 1327 800 1396 diSpensaudo
819 1367 834 1395 ,
860 1329 942 1383 vel
974 1330 1025 1383 in
1061 1330 1282 1398 prml‘ata
1313 1331 1540 1385 ecclesia
1573 1329 1730 1384 lumi-

142 1419 422 1472 uariorum
449 1420 915 1485 concinnationcs,
943 1432 994 1476 et
1022 1424 1363 1490 quotidianas
1402 1423 1586 1476 Iaudes
1619 1423 1728 1478 Deo

140 1510 496 1580 onitiipotenti
547 1512 696 1566 omni
753 1522 991 1581 tempore
1035 1513 1239 1568 referre
1294 1514 1524 1570 faciatis.
1575 1514 1728 1568 Unde

140 1613 328 1657 nostra
363 1603 655 1673 apostolica
707 1606 1030 1659 auctoritate
1065 1607 1472 1670 constituimus,
1501 1616 1556 1660 et
1601 1621 1728 1660 con-

140 1696 423 1750 ﬁrmamus
500 1696 653 1750 vol-is
716 1706 776 1750 ut
844 1696 1023 1752 nullus
1083 1699 1396 1768 episcopus,
1450 1697 1724 1762 tnarcbio,

1836 511 1926 551 ras
1955 498 2088 552 duas
2116 513 2238 552 cum
2272 497 2471 561 vineis,
2501 506 2557 552 et
2585 501 2744 554 terris
2775 500 2912 555 infra
2939 517 2998 556 se
3025 503 3206 558 omnia
3239 503 3414 573 posita

1833 585 1887 639 iu
1912 587 2082 640 insula
2115 589 2348 658 majore;
2395 590 2503 643 imo
2533 597 2588 644 et
2619 591 2749 644 eccl.
2780 591 2839 646 S.
2873 591 3075 659 Marim,
3105 595 3416 665 pariterque

1831 677 1966 731 eccl.
1995 677 2051 731 S.
2088 677 2387 740 Laurentii,
2421 695 2542 734 cum
2583 682 2887 751 episcopio,
2912 691 2966 736 et
2994 698 3115 738 cum
3147 684 3318 751 cellis,
3360 693 3417 740 et

1833 769 2027 833 hortis,
2056 778 2219 838 atque
2247 771 2440 835 vincis,
2470 771 2751 827 clausuras
2781 773 3048 844 quinque;
3077 776 3129 830 in
3161 793 3266 831 una
3295 777 3430 846 qui--

1832 860 1952 923 dem
1974 870 2058 915 est
2076 862 2211 916 eccl.
2237 861 2296 917 S.
2329 862 2499 929 Petri,
2523 876 2577 919 ct
2605 862 2663 918 S.
2690 862 2928 932 Georgii,
2951 875 3008 919 et
3029 863 3332 932 Theodori;
3359 869 3430 922 itt-

1833 951 1932 1004 alia
1966 968 2091 1008 vero
2117 964 2198 1008 est
2220 954 2353 1009 eccl.
2401 955 2456 1008 S.
2495 956 2618 1017 Viti,
2651 956 2808 1010 sicuti
2837 973 2866 1010 a
2897 973 3077 1020 muro,
3109 968 3162 1014 et
3189 975 3219 1014 a
3253 958 3416 1014 ﬂuvio

1832 1043 2067 1107 Tiberis,
2102 1054 2264 1114 atque
2301 1045 2562 1102 limitibus
2589 1047 2986 1115 circumdatur;
3040 1053 3198 1105 tertia
3252 1067 3430 1121 super

1834 1135 2002 1201 ripam
2051 1134 2318 1201 lluminis;
2351 1147 2570 1206 quarta,
2607 1138 2758 1204 juxta
2801 1139 2858 1194 S.
2897 1141 3123 1197 Mariam
3163 1158 3332 1214 usque
3363 1145 3428 1197 in-

1833 1224 2151 1293 Trajanum;
2182 1229 2388 1295 quinta,
2414 1239 2564 1296 juxta
2596 1229 2654 1284 S.
2682 1231 3051 1298 Laurentium,
3088 1243 3142 1288 et
3169 1249 3338 1304 usque
3361 1236 3431 1288 iu-

1829 1320 2147 1388 praedictum
2178 1319 2469 1390 Trajanum
2493 1365 2507 1387 ,
2536 1340 2637 1380 nec
2675 1341 2779 1380 non
2828 1327 3128 1384 clausuram
3163 1331 3226 1385 de
3257 1331 3429 1385 vinea”

1834 1414 1884 1467 in
1919 1413 2036 1468 loco
2071 1417 2162 1484 qui
2208 1426 2435 1472 vocatur
2461 1418 2718 1484 Scaraio,
2758 1429 2811 1475 et
2844 1421 3001 1476 aliam
3041 1424 3238 1491 petiam
3294 1439 3416 1492 quae

1831 1505 2113 1574 appelatur
2139 1505 2424 1574 Clausura,
2454 1519 2508 1564 et
2540 1511 2712 1565 vineae
2738 1513 2935 1581 pctiam
2980 1530 3138 1567 unam
3173 1531 3224 1568 ιιι
3264 1524 3413 1570 turre

1830 1595 2122 1663 Cocuzina,
2157 1609 2209 1652 et
2240 1599 2397 1652 aliam
2429 1602 2480 1654 in
2507 1602 2765 1667 Monlon.,
2801 1619 2983 1657 verum
3016 1608 3180 1661 etiam
3209 1617 3263 1663 et
3295 1606 3414 1663 lun-

1830 1684 1955 1739 dum
1983 1701 2148 1740 unum
2183 1689 2235 1742 in
2277 1690 2572 1760 integrum,
2603 1694 2692 1762 qui
2739 1695 2935 1750 dicitur
2962 1695 3243 1764 Bacatum,
3289 1714 3410 1754 cum

137 1799 358 1848 comes,
394 1785 726 1848 vicecomes,
757 1785 869 1841 sive
895 1787 1193 1848 castaldus,
1227 1799 1320 1842 aut
1350 1789 1452 1843 alia
1474 1788 1726 1860 quaelibet

1834 1779 2126 1846 appendiee
2156 1795 2251 1834 sua
2287 1757 2412 1851 quae
2448 1757 2671 1839 vocatur
2706 1785 2976 1856 Scriptu'a
3000 1831 3013 1854 ,
3059 1789 3111 1843 in
3145 1805 3248 1858 qua
3287 1801 3413 1845 sunt

142 1892 338 1948 magna
367 1892 595 1947 persona
627 1877 708 1931 vel
735 1893 899 1947 parva
925 1895 1019 1934 vos
1052 1880 1132 1933 vel
1176 1892 1411 1935 vestrum
1462 1891 1728 1936 monaste-

140 1968 284 2021 rium
319 1969 382 2022 de
407 1968 518 2039 jam
548 1971 914 2041 snprascripto
940 1973 1216 2041 pnelibato
1254 1968 1584 2030 monasterio
1610 1989 1725 2028 mo-

141 2059 346 2114 testare
373 2071 465 2114 aut
485 2060 770 2117 disvestire
797 2065 1011 2118 audeat.
1039 2065 1103 2119 Et
1131 2067 1219 2134 qui
1254 2066 1431 2120 facere
1461 2068 1563 2122 boc
1591 2082 1728 2132 prae-

138 2153 464 2220 sumpserit,
495 2153 632 2207 sciat
674 2169 733 2208 se
780 2157 1107 2212 auctoritate
1152 2159 1360 2213 Domini
1410 2161 1579 2214 nostri
1601 2159 1726 2216 Jesu

147 2239 351 2295 Christi
380 2251 433 2296 et
459 2244 739 2298 beatorum
786 2248 1154 2317 apostolorum
1200 2249 1348 2306 Petri
1389 2262 1441 2306 et
1470 2251 1649 2316 Pauli,
1676 2263 1729 2307 et

141 2343 347 2397 nostra,
375 2334 740 2402 maledictum,
766 2348 820 2392 et
847 2343 1393 2408 excommunicatum,
1419 2352 1474 2398 et
1496 2346 1726 2399 anathe-

147 2424 494 2488 matizatum;
540 2427 756 2498 insuper
792 2431 1218 2500 compositurum
1259 2442 1476 2487 centum
1530 2449 1729 2491 aureos

153 2531 472 2582 mancosos,
505 2519 851 2575 medietatem
898 2538 1127 2578 camerae
1168 2534 1365 2596 nostra:
1391 2566 1405 2590 ,
1438 2534 1492 2579 et
1531 2527 1731 2581 medie-

140 2615 310 2660 ta-em
339 2623 477 2677 saepe
503 2609 643 2664 dicto
672 2623 845 2666 \‘CSll‘l.
876 2617 1222 2671 monasterio.
1251 2617 1496 2683 Quivero
1522 2618 1614 2688 pio
1650 2619 1730 2672 in-

144 2696 286 2748 tuitu
309 2708 489 2752 custos
511 2709 564 2754 et
584 2702 1018 2773 obedicnsatque
1039 2706 1356 2762 observator
1379 2707 1536 2775 hujus
1559 2709 1729 2763 nostri

141 2786 409 2856 privilegii
434 2791 728 2859 exstiterit,
756 2793 1146 2852 benedictionis
1168 2799 1395 2868 gratiam
1419 2808 1473 2861 et
1497 2801 1732 2856 caelestis

143 2877 522 2935 retributionis
567 2893 770 2938 aeterna
827 2887 1022 2956 gaudia
1049 2903 1077 2941 a
1104 2889 1253 2957 justo
1287 2890 1471 2960 judice
1504 2890 1732 2948 Domino

142 2967 261 3021 Deo
289 2979 472 3026 nostro
504 2975 762 3044 consequi
794 2987 1069 3033 mereatur
1090 2979 1144 3034 in
1171 2979 1364 3036 saecula
1385 2981 1728 3038 sreculorum.

140 3057 341 3112 Amen.

222 3150 496 3219 Scriptum
545 3169 642 3224 per
691 3171 882 3212 manus
922 3159 1064 3214 Petri
1107 3162 1302 3216 notarii
1345 3163 1637 3232 regionarii
1677 3172 1730 3220 et

137 3241 422 3296 scriniarii
447 3255 650 3300 sancite
689 3245 949 3304 Romana:
976 3251 1232 3306 Ecclesiae
1266 3253 1320 3307 in
1346 3253 1691 3309 menseJunii
1715 3296 1728 3322 ,

143 3331 448 3387 indictione
481 3350 570 3389 xv.
611 3335 746 3391 Data
787 3355 842 3393 ix
883 3339 1062 3394 kalen.
1095 3339 1239 3396 Junii
1288 3359 1382 3413 per
1419 3360 1612 3400 manus
1637 3345 1730 3400 Dei

141 3425 325 3492 gratia
357 3425 581 3484 Bosonis
610 3430 845 3501 episcopi
874 3445 930 3488 et
951 3434 1340 3491 bibliothecarii
1368 3447 1570 3493 sanctae
1601 3454 1730 3509 apo-

139 3516 355 3570 stolicae
380 3519 542 3574 sedis.

221 3607 366 3663 Bene
398 3610 593 3666 valete.

867 3730 1032 3804 xxu.

141 3814 463 3872 Benedictus
504 3817 647 3872 VIII
681 3818 928 3896 Ecclesiw
961 3822 1266 3896 Portuensis
1301 3825 1568 3896 privilegia
1607 3842 1729 3895 pos-

602 3892 959 3962 sessionesque
986 3892 1284 3961 conﬁrmat.

746 3976 926 4045 (Anno
957 3975 1139 4046 lOl7.)

453 4062 714 4135 [UGHELLI
736 4105 749 4129 ,
780 4064 942 4139 Italia
981 4084 1166 4134 sacra,
1202 4067 1254 4134 l,
1287 4068 1432 4141 116.]

224 4151 566 4208 BENEDICTUS
609 4155 894 4223 cpiscopus
915 4197 927 4218 ,
961 4170 1148 4211 servus
1185 4171 1466 4213 servorum
1498 4158 1621 4223 Dei,
1653 4175 1737 4212 re-

147 4243 453 4296 vereudiss.
513 4242 562 4296 in
614 4243 830 4298 Christo
876 4243 1138 4298 confratri
1197 4256 1382 4300 nostro
1430 4246 1739 4303 Bessum-ro

148 4332 327 4399 episc.
359 4342 560 4387 sanctae
585 4333 901 4390 Portuensis
935 4335 1189 4391 Ecclesia:
1209 4378 1222 4402 ,
1260 4336 1480 4406 suisque
1523 4353 1741 4392 succes-

149 4424 369 4479 soribus
402 4423 452 4476 in
479 4435 811 4494 perpetuum.

230 4512 454 4580 Quoties
484 4514 570 4567 illa
601 4533 627 4567 a
666 4517 817 4568 nobis
849 4517 1009 4570 tribui
1049 4527 1358 4585 sperantur,
1390 4536 1510 4589 qua:
1537 4521 1733 4574 rationi

155 4603 536 4657 incunctanter
589 4606 936 4666 conveniunt,
984 4608 1164 4660 animo
1218 4609 1316 4662 nos
1352 4609 1507 4664 decet
1547 4609 1733 4666 libenti

151 4694 477 4757 concedere,
504 4704 557 4748 et
581 4697 870 4763 petetrium
895 4696 1177 4750 desideriis
1205 4713 1502 4774 congruum
1534 4701 1733 4772 imper-

154 4784 246 4836 tiri
283 4783 617 4853 SIIITragitttn.
653 4787 818 4853 Igitur
843 4788 966 4856 quia
1001 4799 1174 4841 vestra
1214 4790 1430 4844 dilectio
1470 4796 1736 4862 apostola-

153 4885 271 4927 tum
305 4874 581 4926 humiliter
611 4879 903 4944 postulavit
966 4891 1228 4946 quatenus
1281 4882 1732 4950 concederemus,

149 4975 207 5020 et
244 4967 691 5023 conlirmarenms
727 4973 878 5026 vobis
907 4973 1207 5042 vestrisque
1246 4976 1653 5031 successoribus
1683 4978 1735 5030 in

150 5063 477 5123 perpetuum
509 5057 880 5129 episcopatum
920 5065 1285 5130 supradictum
1310 5079 1430 5116 cum
1463 5069 1737 5134 pertinen-

145 5143 657 5166 a::~.~..:n.:-.~':..sa'
811 5153 840 5166 II
1051 5162 1057 5166 .
1303 5155 1315 5166 ι
1378 5153 1388 5163 ⁸
1725 5159 1734 5166 ι

1830 1865 2080 1922 cisternm
2116 1870 2352 1939 antiqua:
2401 1873 2590 1944 positm
2632 1875 2784 1943 juxta
2830 1877 3078 1932 eamdem
3133 1880 3411 1935 civitatem

1832 1955 2202 2025 Portuensem,
2230 1963 2388 2016 sicuti
2423 1963 2612 2032 incipit
2635 1981 2661 2018 a
2687 1966 2862 2032 primo
2896 1967 3067 2023 latere
3099 1970 3168 2022 ab
3198 1970 3414 2032 arbore,

1830 2062 1950 2115 qua:
1975 2050 2174 2104 dicitur
2209 2052 2511 2119 'l‘amorice,
2539 2055 2790 2127 dirigitur
2832 2059 2882 2111 in
2913 2060 3266 2125 columnella,
3297 2076 3420 2130 quae

1833 2140 1884 2192 in
1917 2154 2051 2209 capo
2083 2151 2229 2196 stare
2258 2144 2470 2198 videtur
2513 2147 2761 2203 milliario
2806 2152 3044 2206 secundo
3083 2153 3319 2207 distante
3351 2153 3418 2207 ab

1830 2232 2016 2286 eadem
2050 2234 2290 2297 civitate,
2321 2243 2376 2290 et
2403 2237 2596 2292 deinde
2638 2249 2897 2310 pergente
2920 2251 3069 2297 recto
3103 2243 3298 2298 itinere
3325 2259 3422 2313 per

1833 2321 2121 2391 Salariam,
2147 2336 2204 2380 et
2231 2342 2400 2397 usque
2423 2329 2488 2382 ad
2521 2331 2777 2400 attegiam
2810 2333 3122 2402 piscatoria,
3148 2345 3203 2390 et
3223 2335 3420 2390 exinde

1833 2428 2111 2474 remeante
2140 2419 2206 2474 ad
2237 2435 2388 2476 mare
2415 2438 2512 2491 per
2540 2423 2787 2489 buccina,
2813 2434 2866 2480 et
2883 2426 3254 2483 circumeuntc
3273 2429 3421 2483 littus

1834 2506 2034 2569 maris,
2063 2522 2235 2576 usque
2281 2511 2346 2563 ad
2391 2509 2648 2565 Sanctam
2690 2512 3016 2584 Nympham,
3046 2525 3101 2571 et
3148 2533 3316 2586 usque
3353 2518 3422 2572 ad

1834 2597 2005 2652 facem
2054 2597 2342 2654 Miccinam
2374 2617 2496 2656 cum
2530 2601 2664 2658 locis
2705 2604 2797 2673 qui
2843 2605 3098 2662 dicuntur
3151 2607 3422 2662 Trunceta

1833 2703 2001 2756 usque
2027 2689 2093 2744 ad
2131 2691 2428 2757 balnearia,
2457 2701 2512 2747 et
2553 2710 2724 2764 usque
2763 2697 2828 2751 ad
2874 2696 3051 2752 locum
3091 2700 3181 2768 qui
3226 2699 3422 2754 Portus

1834 2780 2051 2851 Traiani
2078 2793 2325 2849 vocatur,
2355 2793 2411 2839 et
2439 2800 2610 2854 usque
2640 2788 2706 2842 ad
2737 2788 2992 2858 palatium
3021 2795 3164 2862 quod
3196 2802 3424 2849 vocatur

1836 2873 2134 2945 Prtegesta,
2166 2885 2221 2929 et
2249 2891 2421 2946 usque
2471 2878 2538 2933 ad
2583 2879 2859 2934 civitatem
2900 2881 3068 2951 ipsam
3123 2885 3420 2941 vetustissi-

1837 2983 1978 3023 mam
2012 2984 2131 3022 cum
2157 2968 2300 3023 Lacu
2326 2967 2568 3038 Trajani,
2599 2988 2699 3027 nec
2741 2989 2847 3028 non
2879 2985 2933 3030 et
2959 2978 3240 3032 castellum
3275 2978 3421 3033 aliud

1836 3057 2012 3113 minus
2041 3059 2092 3114 in
2118 3059 2388 3130 integrum
2422 3077 2543 3116 cum
2569 3064 2820 3121 omnibus
2852 3068 2918 3122 ad
2952 3067 3077 3122 illud
3106 3069 3424 3139 pertinenti-

1833 3151 1963 3214 bus,
1991 3161 2044 3204 et
2087 3151 2138 3205 in
2169 3152 2388 3207 civitate
2419 3153 2896 3222 Constantiniana,
2939 3159 3117 3213 omnia
3164 3176 3283 3229 qua:
3314 3161 3418 3217 ibi-

1833 3240 1952 3294 dem
2004 3257 2100 3310 per
2128 3241 2333 3296 dictum
2361 3245 2675 3314 episc0pum
2705 3246 2905 3303 habere
2931 3249 3288 3318 dignoscitur.
3316 3268 3419 3307 una

1831 3345 1952 3384 cum
1981 3332 2116 3387 eccl.
2147 3332 2253 3386 BD.
2294 3333 2438 3388 Petri
2470 3344 2524 3389 et
2560 3335 2712 3389 Pauli
2743 3338 3016 3394 destructa
3065 3356 3184 3396 cum
3218 3345 3427 3415 cryptis

1831 3427 1918 3478 ubi
1958 3427 2213 3483 animalia
2256 3429 2427 3499 ipsius
2475 3432 2611 3486 eccl.
2666 3448 2886 3488 manere
2928 3434 3199 3500 videntur,
3233 3446 3423 3491 exten-

1831 3517 2081 3574 dentibus
2113 3535 2170 3575 se
2197 3537 2367 3592 usque
2389 3522 2448 3575 S.
2474 3523 2717 3590 Mariam,
2743 3541 2863 3595 quae
2883 3527 3104 3596 ponitur
3126 3528 3178 3581 in
3201 3544 3422 3582 arvcum

1831 3607 2100 3674 Cisterna,
2132 3619 2185 3663 et
2207 3626 2376 3680 usque
2404 3613 2471 3667 ad
2500 3613 2745 3678 domum,
2770 3632 2889 3685 qua:
2911 3629 3136 3670 vocatur
3161 3617 3418 3672 Balneum

1837 3697 2088 3764 Veneris,
2120 3710 2177 3754 et
2206 3717 2375 3770 usque
2424 3705 2490 3758 ad
2529 3705 2674 3759 viam
2725 3705 2994 3775 publicam
3054 3708 3193 3762 intra
3245 3709 3422 3778 ipsum

1833 3789 2140 3855 castellum,
2169 3804 2333 3863 atque
2367 3805 2660 3850 cannetum
2690 3799 2756 3853 de
2789 3799 2900 3868 ipsa
2941 3799 3188 3863 civitate,
3214 3802 3424 3857 scilicet

1837 3890 2070 3935 monast.
2121 3882 2178 3938 S.
2237 3884 2461 3955 Agnetis
2505 3903 2626 3941 cum
2680 3889 2922 3957 salariis,
2972 3901 3022 3946 et
3056 3893 3259 3959 vineis,
3302 3909 3423 3963 qua:

1838 3967 1977 4021 infra
2007 3985 2064 4024 se
2111 3972 2312 4027 habere
2343 3974 2581 4041 videtur;
2631 3992 2794 4046 porro
2847 3988 2900 4033 et
2948 3979 3169 4034 fundum
3201 3982 3254 4036 in
3291 3984 3424 4038 inte-

1837 4074 2014 4126 grum,
2047 4062 2138 4131 qui
2169 4071 2395 4117 vocatur
2420 4064 2651 4131 Pallius,
2677 4082 2798 4122 cum
2829 4071 2994 4135 casis,
3026 4073 3220 4139 vineis,
3262 4077 3424 4132 terris

1837 4157 1891 4203 et
1931 4154 2148 4220 pascuis
2181 4155 2560 4212 extendentem
2597 4173 2657 4214 se
2697 4175 2868 4230 usque
2915 4164 2982 4217 ad
3031 4163 3248 4219 lui-num
3287 4165 3426 4221 anti-

1841 4257 2046 4310 quum,
2102 4245 2193 4312 qui
2241 4253 2326 4299 est
2386 4245 2524 4314 juris
2572 4252 2865 4320 supradicti
2911 4255 3212 4326 episcopii,
3267 4266 3320 4313 et
3368 4259 3422 4314 in

1841 4333 2028 4386 eodem
2071 4333 2237 4391 fundo
2284 4349 2692 4394 monumentum
2740 4344 3022 4414 antiquum
3048 4361 3169 4401 esse
3213 4348 3427 4405 videtur

1773 4445 1816 4501 ι)
1845 4425 2078 4495 positum
2109 4428 2194 4482 via
2223 4428 2522 4486 Portuense
2553 4433 2806 4490 milliario
2835 4439 2902 4492 ab
2926 4440 3061 4495 urbe
3089 4438 3260 4494 Roma
3309 4442 3428 4512 plus

1839 4516 1926 4571 vel
1970 4519 2150 4574 minus
2195 4520 2425 4576 decimo.
2464 4524 2705 4594 Itemque
2739 4527 2967 4584 insulam
2999 4533 3261 4588 minorem
3302 4551 3425 4590 cum

1836 4610 2038 4675 vineis,
2076 4621 2130 4666 et
2167 4613 2339 4677 casis,
2375 4631 2469 4670 seu
2515 4619 2704 4686 terris,
2740 4635 2860 4675 cum
2910 4623 3049 4688 loco,
3080 4625 3172 4692 qui
3202 4636 3433 4680 vocatur

1839 4698 2097 4766 Scaraio,
2137 4703 2224 4771 qui
2272 4702 2399 4758 olim
2459 4706 2562 4761 l‘uit
2618 4707 2812 4766 Portus
2862 4711 3083 4785 Trajanl
3120 4715 3436 4769 cohaerente

1837 4794 2012 4848 eidem
2038 4795 2202 4850 fundo
2230 4797 2456 4854 Baccani
2478 4842 2491 4864 ,
2519 4809 2574 4854 et
2599 4816 2720 4856 cum
2745 4791 3002 4865 omnibus
3031 4803 3097 4856 ad
3127 4816 3248 4853 eum
3270 4804 3448 4870 perti-

1841 4886 2126 4947 nentibus,
2178 4887 2494 4958 pariterque
2554 4898 2611 4943 et
2654 4889 2876 4943 fundum
2940 4896 2994 4948 in
3018 4891 3302 4956 (integrum
3364 4891 3459 4956 qui

1840 4988 2070 5031 vocatur
2094 4975 2400 5033 Judmorum
2421 5022 2435 5045 ,
2467 4991 2522 5036 et
2553 4980 2776 5033 fundum
2815 4983 2915 5048 qui
2964 4986 3192 5036 vocatur
3217 4973 3477 5030 (luamus

1841 5082 1961 5120 cum
2003 5069 2260 5124 omnibus
2295 5085 2486 5125 eorum
2533 5071 2960 5140 pertinentibus
2987 5115 3002 5140 ,
3045 5067 3281 5138 positum
3315 5065 3498 5129 iiuna
