3984 5316
550 272 734 367 ima

1800 309 2158 367 BENEDICTI
2205 308 2310 364 Vill
2350 306 2559 368 PAPE.

3677 297 3780 352 mo

578 430 833 492 Planura,
866 427 918 480 in
946 441 1052 495 qua
1081 424 1330 478 cisternae
1361 422 1612 479 videntur
1643 437 1764 478 esse
1800 424 1989 493 posita:
2015 420 2158 475 infra
2185 421 2231 479 Α
2261 417 2327 471 de
2348 417 2507 483 Albo,
2533 430 2657 471 eum
2683 413 2844 477 casis,
2869 420 2926 468 et
2948 409 3144 474 vineis,
3173 406 3365 471 hortis,
3398 405 3572 470 terris,
3597 411 3778 475 campis,

576 517 830 580 ﬂuvium;
865 523 919 569 ct
943 522 1166 577 terram,
1185 528 1303 582 qua:
1328 520 1554 568 vocatur
1580 511 1872 567 Arcionum
1892 530 1906 566 :
1926 524 2023 566 nec
2048 524 2157 564 non

580 617 639 663 et
683 606 1070 663 conﬁrmamus
1112 603 1268 660 venis
1297 607 1528 661 'curtem
1587 604 1642 658 in
1689 602 1989 672 integrum,
2039 615 2159 670 quae

582 700 782 756 dicitur
809 697 1059 763 Galeria,
1088 697 1141 752 in
1183 711 1289 766 qua
1320 705 1405 751 est
1434 696 1570 751 eccl.
1616 695 1675 751 S.
1703 694 1885 751 Mariae
1919 708 2040 750 cum
2067 706 2160 747 ca-

582 789 830 854 miuatis,
860 803 955 843 seu
996 785 1316 851 orticlineis,
1342 794 1504 853 atque
1525 784 1755 841 diversis
1787 781 2068 840 cubiculis.
2103 791 2162 839 et

587 880 838 937 omnibus
900 880 1014 935 suis
1062 877 1307 935 :ediliciis
1352 892 1473 948 quae
1519 875 1658 932 infra
1693 890 1752 932 se
1805 883 1861 931 et
1913 874 2061 930 circa
2101 888 2163 929 se

585 973 789 1029 habere
804 971 1156 1041 dignoscitur,
1170 985 1292 1024 cum
1317 968 1566 1026 omnibus
1588 967 1806 1032 finibus,
1822 966 2164 1032 terminis,“-

583 1061 913 1131 mitibusque
925 1060 1055 1125 suis,
1071 1059 1249 1126 terris,
1273 1058 1562 1122 casalibus,
1579 1056 1727 1113 silvis
1742 1065 1902 1126 atque
1911 1056 2167 1126 pantanis

585 1170 707 1209 cum
753 1162 945 1223 ponte,
975 1161 1031 1209 et
1073 1152 1246 1223 ipsum
1287 1152 1465 1207 vicum
1509 1166 1605 1220 qur
1640 1158 1868 1206 vocatur
1914 1147 2159 1214 Galeria,

585 1260 761 1315 usque
783 1245 852 1299 ad
890 1243 1087 1299 ﬂumen
1108 1283 1123 1309 ,
1150 1259 1256 1298 una
1285 1257 1407 1298 eum
1434 1241 1661 1311 campis,
1689 1240 1860 1311 pratis
1881 1280 1896 1304 ,
1923 1238 2160 1310 pascuis,

584 1334 844 1400 salit-etis,
871 1334 1157 1390 arboribus
1194 1332 1491 1388 fruetiferis
1511 1340 1566 1388 et
1586 1331 1937 1387 infruetiferis
1967 1330 2165 1386 diversi

587 1425 837 1497 generis,
871 1423 1075 1494 puteis,
1122 1421 1398 1487 fontibus,
1438 1422 1596 1485 rivis,
1637 1421 1794 1490 aquis
1834 1418 2167 1491 perennibus

587 1532 710 1571 cum
736 1514 868 1571 locis
892 1515 959 1570 ad
975 1513 1303 1585 aqnimolatn
1329 1512 1650 1576 faciendam,
1666 1512 1746 1567 vel
1772 1527 1894 1566 cum
1916 1508 2168 1564 omnibus

587 1610 654 1663 ad
689 1607 1004 1679 praedictam
1051 1615 1260 1663 curtem
1312 1622 1432 1676 qua:
1474 1615 1699 1660 vocatur
1745 1603 1959 1659 Galeria
2007 1601 2169 1672 perti-

588 1700 862 1755 nentibus.
894 1697 1174 1767 Simulque
1213 1707 1425 1767 pratum
1460 1697 1514 1753 in
1549 1696 1817 1766 integrum
1845 1694 2083 1760 cultum,
2113 1701 2171 1747 et

2256 506 2465 576 pratis,
2502 502 2751 575 pascuis,
2792 499 2976 564 silvis,
3015 495 3269 568 pantanis
3300 509 3367 549 ac
3412 492 3541 548 rivis
3587 492 3722 547 cultis
3744 503 3785 547 et

2258 596 2495 664 incultis,
2536 594 2724 650 vacuis
2762 589 3056 663 etvplenis,
3083 596 3141 644 et
3189 601 3313 642 cum
3343 584 3591 639 omnibus
3623 592 3784 636 turrem

2259 688 2583 762 generaliter
2606 688 2659 744 in
2690 687 2961 757 integrum
3000 679 3429 752 pertinentibus,
3463 676 3616 732 sicuti
3639 674 3788 729 amnes

2259 780 2377 847 ejus
2414 779 2702 850 designant
2746 790 2778 830 a
2815 775 2991 846 primo
3042 772 3212 826 latere
3274 768 3422 823 rivus
3475 765 3567 836 qui
3612 773 3791 819 vocatur

2259 870 2505 933 Galeria,
2534 877 2590 925 et
2617 884 2648 922 a
2670 865 2906 924 secundo
2936 864 3105 918 latere
3133 859 3327 919 ﬂuvius
3372 857 3464 928 qui
3497 862 3697 912 vocatur
3718 851 3788 904 'l‘i-

2260 962 2445 1028 beris,
2476 970 2531 1017 et
2573 975 2603 1015 a
2641 958 2807 1014 tertio
2839 956 3008 1012 latere
3044 949 3409 1025 pulveriuula,
3451 956 3510 1002 et
3557 961 3588 999 a
3636 956 3797 1013 quarto

2262 1054 2435 1110 latere
2472 1053 2645 1109 forma
2658 1064 2681 1117 ‘,
2710 1064 2831 1120 qua;
2862 1054 3090 1104 vocatur
3130 1043 3446 1107 Arcionnm.
3486 1035 3795 1093 Concedimus

2262 1145 2427 1201 etiam
2458 1143 2591 1215 ipsis
2618 1140 2927 1196 hominibus
2988 1137 3080 1208 qui
3123 1150 3229 1204 pro,
3261 1142 3507 1201 tempore
3549 1122 3793 1215 habitaturi

2264 1244 2392 1290 sunt
2431 1214 2493 1289 in
2537 1232 2796 1304 praedicta
2841 1237 3025 1288 turre.
3090 1226 3165 1280 ita
3206 1232 3270 1278 ut
3310 1220 3511 1277 nullius
3557 1214 3795 1287 potestati,

2267 1325 2465 1380 nullius
2508 1323 2698 1380 ditioni
2741 1321 2851 1376 sint
2893 1316 3127 1383 subditi,
3152 1323 3245 1369 aut
3277 1310 3441 1367 alicui
3480 1306 3677 1364 homini
3710 1319 3799 1358 ser-

2267 1417 2418 1471 viant
2471 1423 2565 1470 aut
2607 1418 2866 1467 honorem
2900 1408 3123 1471 faciant,
3155 1403 3257 1458 nisi
3309 1401 3567 1470 episcopo
3607 1394 3686 1463 qui
3713 1393 3798 1462 jam

2271 1508 2322 1563 in
2356 1507 2502 1563 dicto
2529 1501 2803 1575 episcopio
2850 1498 3049 1563 fuerit;
3095 1510 3194 1551 nec
3224 1506 3331 1546 non
3365 1498 3423 1545 et
3465 1484 3803 1543 confirmamus

2271 1596 2426 1652 vobis
2453 1592 2757 1662 vestrisque
2791 1584 3195 1646 successoribus
3227 1582 3279 1635 in
3313 1585 3627 1650 perpetuum
3654 1584 3803 1626 omnes

2271 1703 2395 1752 res,
2421 1696 2476 1741 et
2500 1684 2787 1741 facultates
2836 1679 3072 1743 mobiles
3099 1685 3154 1733 et
3180 1672 3487 1731 immobiles
3515 1669 3580 1724 de
3607 1666 3702 1721 illis
3734 1665 3804 1719 bo-

595 1791 925 1858 assolatum,
959 1791 1121 1847 situm
1181 1791 1236 1845 in
1279 1805 1472 1860 eampo
1523 1790 1613 1859 qui
1663 1756 1897 1845 ‘vocatur
1942 1785 2165 1853 Mernel,
2201 1767 2245 1827 Β
2274 1776 2508 1831 minibus
2570 1773 2660 1844 qui
2710 1772 2829 1829 sine
2873 1768 3084 1825 brerede
3113 1774 3209 1860 Aet
3256 1761 3500 1860 intestati
3547 1773 3618 1860 ac
3667 1756 3807 1810 subito

593 1881 950 1937 constitutum
980 1883 1067 1937 via
1098 1882 1401 1936 Portnense
1438 1880 1688 1935 milliario
1729 1878 1798 1934 ab
1833 1878 1965 1935 urbe
2001 1876 2173 1933 Roma

592 1975 713 2044 plus
741 1974 918 2030 minus
959 1974 1277 2030 duodecimo
1320 1973 1461 2029 sicut
1505 1970 1691 2027 amnes
1722 1970 1985 2041 incipiunt
2009 1983 2040 2023 a
2066 1976 2175 2023 tota

595 2075 768 2131 enrte,
797 2082 829 2122 a
886 2065 1064 2137 primo
1109 2065 1281 2121 latere
1327 2072 1479 2135 prata
1522 2063 1717 2120 Caraei
1784 2078 1905 2138 qua:
1949 2067 2178 2116 vocatur

597 2158 786 2225 Merui,
837 2170 893 2215 et
928 2160 1078 2214 vadit
1128 2175 1224 2231 per
1267 2167 1507 2215 montem
1564 2172 1724 2227 quem
1774 2156 1907 2211 olim
1950 2154 2179 2210 detinuit

595 2248 837 2305 Joannes
875 2249 943 2306 de
986 2248 1212 2304 Miccina
1236 2290 1252 2317 ,
1284 2257 1341 2305 et
1377 2248 1620 2304 haeredes
1657 2247 1916 2317 Stephani
1948 2244 2181 2300 Numen-

598 2337 851 2403 clatons,
879 2347 935 2394 et
988 2339 1191 2396 exinde
1237 2340 1451 2395 ducitur
1483 2353 1582 2408 per
1616 2337 1797 2394 casale
1862 2338 2005 2407 quod
2048 2336 2182 2391 olim

601 2428 834 2485 detinuit
875 2428 1114 2485 Joatmes
1165 2430 1232 2484 de
1290 2428 1502 2497 Sergio,
1530 2438 1585 2484 et
1616 2428 1812 2482 transit
1846 2426 2005 2482 aliam
2037 2425 2180 2480 viam

601 2520 938 2587 Carrariam,
961 2530 1018 2585 et
1043 2520 1188 2575 venit
1215 2520 1268 2574 in
1295 2519 1475 2574 casale
1512 2518 1654 2587 quod
1676 2518 1919 2572 detinent
1940 2514 2182 2570 baeredes

600 2614 820 2684 quidam
872 2612 1169 2668 Francouis
1217 2611 1644 2683 Transtiberim,
1690 2609 1831 2664 sicut
1876 2623 1973 2677 per
1998 2604 2183 2662 amnes

604 2717 939 2759 marmoreas
962 2701 1302 2773 designatur,
1325 2698 1519 2755 exinde
1543 2697 1692 2753 vadit
1716 2697 1769 2752 in
1797 2695 1978 2753 casale
1997 2710 2185 2750 mona-

605 2798 756 2854 sterii
788 2795 895 2852 SS.
913 2795 1123 2851 Cosmus
1145 2803 1200 2849 et
1224 2790 1495 2859 Damiani,
1523 2799 1579 2846 et
1602 2790 1777 2861 pergit
1802 2803 1900 2859 per
1921 2787 2183 2843 fossatum

608 2889 913 2957 antiquunm,
940 2886 1031 2954 qui
1056 2899 1223 2945 verno
1253 2894 1492 2952 tempore
1520 2881 1667 2937 ducit
1692 2895 1886 2950 aquam
1915 2878 1968 2933 in
2011 2877 2199 2932 rivum-

606 2975 698 3043 qui
727 2983 953 3028 vocatur
985 2970 1235 3037 Galeria,
1261 2980 1573 3041 pergentem
1606 2965 1673 3022 ad
1698 2966 1894 3022 molam
1923 2964 1991 3020 de
2016 2963 2149 3018 silva
2167 3003 2181 3027 ,

610 3075 665 3120 et
693 3053 1058 3120 revolventem
1083 3076 1179 3133 per
1198 3061 1341 3116 viam
1361 3061 1656 3116 carrariam
1673 3099 1686 3123 ,
1705 3071 1874 3127 usque
1903 3056 1967 3111 ad
1993 3054 2183 3112 vallem

609 3156 846 3212 mediam
868 3155 934 3211 de
957 3163 1138 3209 monte
1158 3152 1248 3224 qui
1275 3148 1749 3227 vocaturSunuel,
1776 3159 1833 3206 et
1876 3156 2186 3219 pergentem

613 3260 783 3317 usque
808 3244 876 3300 ad
905 3243 1070 3299 casile
1096 3242 1189 3312 qui
1233 3250 1338 3298 stat
1369 3242 1422 3297 in
1457 3239 1741 3296 lentiscino
1763 3279 1778 3303 ,
1821 3247 1876 3292 et
1925 3250 2096 3306 usque
2135 3235 2188 3289 in

614 3347 779 3409 caput
799 3338 866 3393 de
888 3336 1027 3392 valle
1054 3334 1464 3392 concludentem
1496 3342 1666 3389 totum
1706 3346 1986 3401 campum,
2022 3344 2193 3398 usque

618 3433 674 3486 in
697 3430 942 3500 pedicam
971 3444 1092 3498 quae
1113 3439 1339 3484 vocatur
1375 3426 1544 3492 Ticli,
1579 3436 1634 3482 et
1674 3425 1943 3481 Piscinam
1981 3422 2196 3479 Galiar-

618 3518 746 3572 dam
771 3514 1183 3571 concludentem
1214 3513 1382 3582 ipsam
1412 3512 1684 3582 pedicam,
1714 3510 1802 3565 ubi
1835 3517 1961 3564 sunt
1990 3508 2075 3562 fila
2102 3505 2194 3571 30,

620 3617 936 3682 pergentem
965 3610 1123 3677 juxta
1179 3605 1267 3660 ﬁla
1327 3621 1447 3676 qua:
1491 3614 1618 3661 sunt
1658 3602 1975 3659 monasterii
2019 3601 2070 3656 di
2101 3600 2197 3654 Mi.

620 3700 814 3765 randa,
842 3714 1014 3768 usque
1037 3699 1090 3753 in
1108 3707 1358 3768 stagnum
1388 3697 1583 3767 majus,
1612 3704 1667 3751 et
1694 3710 1793 3766 per
1821 3695 1992 3764 ripam
2020 3691 2199 3763 stagni

622 3794 680 3850 in
707 3791 1121 3861 Borduzariam,
1154 3800 1208 3848 et
1239 3808 1272 3847 a
1311 3792 1445 3862 pede
1477 3790 1689 3845 ﬁlorum
1727 3803 1897 3857 usque
1924 3787 1977 3842 in
2004 3786 2201 3841 Bacca—

622 3899 777 3948 num,
799 3892 855 3939 et
879 3898 1051 3953 usque
1073 3883 1126 3938 in
1152 3892 1294 3939 terra
1322 3883 1389 3951 de
1417 3880 1659 3952 praedicti
1681 3879 2012 3951 episcopi,et
2031 3891 2203 3945 usque

628 3976 683 4030 in
720 3973 950 4030 formam
1002 3989 1124 4044 quae
1162 3983 1389 4035 vocatur
1417 3972 1738 4034 Arcionum,
1778 3978 1834 4026 et
1885 3986 1982 4041 per
2031 3969 2201 4038 ipsam

627 4064 857 4143 formam
882 4080 1056 4135 usque
1080 4064 1137 4119 in
1157 4064 1337 4131 rivum,
1367 4062 1459 4132 qui
1483 4069 1709 4131 vocatur
1728 4060 1963 4124 Galeria,
1987 4068 2042 4115 et
2062 4058 2203 4113 ultra

629 4160 901 4227 Galeriam
932 4175 1028 4230 per
1055 4158 1284 4214 formam
1303 4200 1319 4224 ,
1351 4173 1523 4228 usque
1551 4157 1603 4212 in
1630 4157 1944 4226 praedictum
1975 4156 2205 4225 primum

632 4251 847 4321 aliinem
877 4251 943 4306 de
971 4259 1125 4320 prata
1153 4249 1371 4315 Caraei.
1398 4248 1541 4303 Intra
1573 4248 1670 4303 hos
1695 4263 1828 4303 vero
1868 4245 2021 4308 lines,
2059 4244 2206 4308 loca,

634 4351 690 4405 et
720 4340 976 4397 vocabula
1002 4348 1128 4395 sunt
1153 4340 1300 4403 haec,
1329 4335 1389 4393 S.
1418 4338 1720 4402 Caesarius,
1748 4336 1967 4397 Palinus
1987 4374 2000 4399 ,
2025 4332 2212 4389 Sorbi-

2275 1864 2632 1937 pmeocenpati
2654 1862 2860 1935 judicio
2884 1856 3078 1914 mortui
3107 1854 3329 1921 fuerint,
3350 1861 3406 1906 et
3429 1849 3645 1905 minime
3667 1861 3745 1915 per
3762 1858 3808 1897 se

2276 1935 2537 2016 ordinare
2558 1973 2625 2014 ex
2652 1966 2841 2012 eurum
2870 1948 3215 2007 facultatibus
3241 1954 3487 2015 possunt,
3517 1941 3568 1994 in
3588 1948 3686 1992 tota
3710 1935 3808 1987 Por-

2277 2059 2470 2105 tuense
2498 2047 2718 2102 civitate
2739 2084 2755 2110 ,
2787 2058 2883 2099 seu
2924 2041 2979 2096 in
3023 2034 3415 2095 Traustiberim
3434 2073 3450 2096 ,
3481 2030 3573 2093 vel
3596 2028 3647 2083 in
3678 2025 3813 2081 insula

2279 2141 2573 2216 Lycaonia,
2605 2140 2719 2197 sive
2766 2136 3072 2202 ubicunque
3103 2127 3265 2184 vestri
3301 2121 3564 2196 episc0pii
3589 2120 3698 2192 jura
3721 2132 3811 2171 esse

2280 2212 2547 2292 videntur.
2588 2231 2764 2302 ipsam
2803 2225 2862 2282 S.
2905 2230 3134 2279 matrem
3174 2215 3460 2275 ecclesiam
3508 2212 3815 2266 Portuenstut

2279 2299 2656 2385 constituimus
2676 2329 2839 2390 atque
2858 2315 3243 2372 confirmamus
3259 2307 3462 2393 habere
3486 2299 3818 2358 hmmditatem

2281 2419 2493 2474 illorum
2528 2414 2623 2485 qui
2657 2426 2754 2483 per
2783 2420 3023 2478 tempora
3053 2404 3106 2459 in
3146 2400 3258 2471 jam
3287 2389 3432 2485 dicto
3465 2389 3732 2485 episcopis
3747 2401 3816 2440 or-

2282 2509 2448 2567 dinati
2482 2482 2712 2571 fuerint,
2740 2498 3008 2575 quomodo
3041 2496 3120 2553 eis
3149 2482 3410 2564 placuerit
3468 2482 3734 2559 ordinandi
3776 2489 3818 2532 et

2281 2599 2603 2673 diSponeudi
2629 2598 2794 2652 habet
2821 2591 3117 2652 licentiam,
3150 2598 3209 2641 ut
3234 2585 3286 2639 in
3313 2591 3579 2636 aeternum
3615 2581 3815 2673 pereant.

2284 2694 2492 2751 scilicet
2518 2693 2571 2747 in
2609 2694 2870 2760 quantum
2897 2680 3173 2754 potuerint
3210 2688 3397 2730 eorum
3424 2681 3640 2736 semper
3662 2674 3815 2760 oraho-

2284 2786 2444 2851 nibus
2473 2782 2811 2851 adiuventur.
2844 2774 3068 2843 Insuper
3091 2765 3437 2826 concedimus
3470 2758 3625 2815 vobis
3642 2752 3817 2851 vestris:

2286 2893 2391 2948 que
2421 2842 2824 2930 successoribus
2852 2869 2906 2922 in
2929 2842 3271 2935 perpetuum,
3284 2873 3348 2911 ex
3372 2854 3499 2923 jure
3522 2849 3657 2906 sacri
3687 2842 3817 2900 nostri

2287 2967 2470 3041 patltllil
2503 2959 2884 3021 Lateraueusis
2910 2959 3051 3027 quod
3080 2953 3144 3024 as!
3175 2949 3444 3022 publicum
3471 2951 3705 3015 nostrum
3730 2950 3817 3005 per-

2290 3036 2458 3123 tinet,
2491 3067 2658 3113 totum
2690 3051 3063 3109 castaldanum
3103 3045 3156 3100 in
3185 3044 3452 3108 integrum
3484 3036 3817 3101 Portnensem.

2290 3152 2372 3207 vel
2401 3147 2662 3221 quidquid
2710 3159 2881 3214 usque
2929 3143 3190 3196 hactenus
3221 3132 3382 3189 vestri
3413 3126 3751 3185 castaldiones

2292 3248 2401 3296 tota
2421 3209 2715 3297 'Port-uensi
2744 3209 2992 3295 civitate,
3026 3230 3140 3286 sive
3165 3226 3231 3282 de
3261 3221 3431 3294 portis
3478 3220 3563 3273 vel
3619 3217 3678 3271 de
3711 3209 3821 3264 navi-

2293 3331 2414 3393 bus,
2446 3342 2545 3391 nec
2571 3342 2674 3384 non
2707 3326 2774 3381 de
2797 3333 2908 3379 tota
2938 3317 3283 3378 burdunaria,
3320 3311 3403 3367 vel
3425 3304 3681 3383 quidquid
3705 3312 3822 3393 extra

2294 3421 2375 3475 vel
2403 3388 2552 3481 infra
2600 3416 2903 3482 ubicunque
2934 3411 3039 3465 illis
3063 3404 3330 3483 pertinuit
3354 3401 3423 3456 de
3441 3398 3561 3466 jam
3591 3396 3722 3450 dicto
3746 3388 3820 3483 mi-

2297 3510 2541 3577 nisterio,
2586 3508 2739 3563 vobis
2800 3505 3100 3571 vestrisque
3153 3492 3563 3553 successoribus
3602 3480 3822 3577 periit?!"is

2297 3572 2630 3671 temporibus
2673 3597 2960 3651 tribuimus
3000 3586 3410 3663 possidendum,
3440 3584 3518 3636 ita
3546 3586 3610 3671 ut
3633 3572 3825 3671 qualem-

2299 3665 2514 3760 Cunque
2556 3687 2830 3746 hominem
2861 3684 3058 3739 ibidem
3101 3676 3432 3733 constituere
3465 3665 3731 3726 volueritis
3756 3673 3824 3712 ca-

2300 3755 2634 3840 staldumaut
2663 3774 3080 3838 mandatarium,
3104 3781 3296 3825 vestrae
3326 3763 3582 3837 potestati
3595 3755 3823 3815 consistal.

2301 3884 2356 3932 et
2376 3872 2637 3945 quidquid
2661 3886 2729 3926 ex
2747 3870 2861 3941 ipso
2882 3863 3184 3922 ministerio
3210 3856 3527 3929 acquisierit
3553 3851 3634 3907 vel
3651 3848 3825 3945 habere

2304 3941 2569 4036 potuerit,
2594 3962 2748 4018 vobis
2790 3957 3095 4026 vestrisque
3141 3947 3555 4007 successoribus
3581 3941 3825 4029 deferatur:

2305 4035 2566 4128 quidquid
2605 4053 2758 4109 vobis
2784 4047 3046 4122 placuerit
3090 4041 3288 4100 exinde
3334 4035 3601 4098 faciendi,
3624 4036 3825 4128 tamenet

2308 4115 2494 4208 nostro
2520 4146 2702 4204 comiti
2727 4143 2812 4200 vel
2831 4150 3133 4197 nostrorum
3158 4130 3568 4191 successoribus
3592 4115 3824 4212 placastis

2310 4205 2503 4300 derillo
2528 4236 2675 4309 quod
2704 4233 2772 4290 ad
2821 4241 3063 4288 nostrum
3099 4224 3360 4298 palatium
3390 4218 3620 4292 pertinet
3652 4205 3825 4309 ﬁdelita-

2315 4345 2418 4390 tem
2458 4307 2624 4402 jnret.
2649 4325 2756 4398 Ipsi
2810 4337 3044 4391 namque
3087 4317 3314 4373 comites
3350 4313 3443 4383 qui
3496 4307 3825 4402 per-temper:

636 4382 690 4405 ν.
727 4382 976 4397 πηνα...
1002 4382 1128 4395 .......
1154 4382 1300 4403 ...νη
1330 4382 1389 4393 η.
1422 4382 1720 4402 ...η-...μη
1750 4382 1770 4391 -
1790 4382 1966 4397 _-.,._-
1987 4382 2000 4399 ,
2027 4382 2183 4389 ﬂ---
2316 4382 2418 4390 ---η
2458 4382 2603 4402 ,μμ
2677 4382 2691 4398 ,
2957 4382 2972 4391 ,
3372 4382 3381 4383 ,

636 4432 841 4495 lianus,
871 4428 1173 4484 Pantanum
1199 4427 1370 4497 Maius
1394 4467 1410 4492 ,
1448 4426 1609 4482 Clusa
1639 4424 1841 4496 Vetus,
1872 4422 2209 4486 Medianum,
2244 4440 2289 4494 ι)
2315 4424 2510 4479 ibidem
2560 4417 2783 4481 fuerint,
2843 4411 2991 4469 nullo
3024 4408 3183 4465 modo
3234 4405 3396 4473 alium
3446 4396 3726 4497 castaldum
3767 4382 3824 4497 τξι

635 4521 941 4591 Buginosns
965 4520 1136 4581 Mons,
1166 4518 1568 4589 Canuaparius,
1600 4517 1753 4574 Celsa
1772 4557 1787 4582 ,
1810 4515 1992 4571 Limes
2017 4513 2209 4584 Major,

638 4607 971 4681 Stagnellum
1027 4607 1397 4683 maledictum,
1444 4606 1639 4672 Siocli,
1670 4606 1885 4662 Piscina
1928 4603 2210 4668 Galiarda,

638 4698 974 4767 Olibastrnm
992 4737 1009 4763 ,
1053 4695 1382 4764 Stagnellnm
1412 4694 1786 4768 Peregrinum,
1813 4709 1937 4750 cum
1964 4691 2215 4749 omnibus

635 4804 823 4846 eorum
859 4786 1273 4859 pertinentibus.
1306 4783 1417 4839 Nec
1449 4800 1554 4839 non
1596 4794 1651 4838 et
1691 4785 2075 4839 conﬁrmamus
2130 4794 2217 4834 vo-

637 4882 721 4939 bis
770 4884 1074 4950 vestrisque
1118 4876 1536 4952 successori‘bns,
1566 4875 1956 4945 perpetualiter
1984 4881 2217 4951 quatuor

639 4974 695 5028 in
720 4974 990 5041 integrum
1018 4968 1349 5045 principales
1374 4967 1592 5037 uncias,
1628 4982 1748 5035 qua:
1791 4975 1875 5034 est
1908 4966 2062 5020 tertia
2093 4980 2218 5034 pars

639 5067 706 5121 de
727 5070 838 5119 toto
854 5063 1060 5141 Stagno
1077 5062 1274 5131 Maiore
1286 5060 1708 5139 Portuensienm
1728 5059 1874 5133 omni
1899 5058 2215 5128 piscatione,

642 5156 944 5211 redditione
1007 5142 1069 5210 et
1111 5156 1328 5208 datioue
1376 5170 1504 5210 sua.
1554 5151 1640 5206 vel
1687 5167 1809 5205 cum
1854 5150 2105 5215 eiiinihus
2153 5150 2218 5201 ad

2314 4508 2711 4571 mandatarium
2759 4504 2995 4559 audeant
3053 4499 3308 4555 ordinare
3378 4492 3463 4547 vel
3527 4484 3822 4578 constiuttaﬁ‘.

2313 4613 2512 4676 Practer
2534 4601 2654 4656 illos
2678 4612 2813 4667 Quos
2839 4609 2935 4648 vos
2964 4591 3046 4648 vel
3077 4588 3241 4645 vestri
3271 4595 3616 4676 successores
3658 4569 3824 4676 ordini

2316 4659 2385 4750 iis
2405 4693 2509 4749 'vel
2547 4659 2894 4751 conslituitis;
2926 4683 3017 4752 qui
3047 4681 3089 4734 si
3122 4678 3366 4742 fecerint,
3397 4673 3484 4729 vel
3513 4671 3579 4725 de
3599 4666 3698 4736 jam
3717 4659 3825 4713 ditio

2315 4781 2664 4842 castaldatico
2692 4775 2893 4846 aliquid
2925 4771 3186 4828 violenter
3212 4763 3559 4823 abstulerint,
3590 4767 3664 4846 vet
3690 4755 3822 4846 quati

2319 4876 2476 4932 nobis
2514 4872 2668 4931 vobis
2731 4837 3038 4936 vestrisque
3071 4855 3477 4918 successoribus
3520 4837 3824 4936 tradita

2319 4969 2566 5037 frangere
2594 4970 2689 5021 aut
2712 4925 2984 5015 contraire
3016 4952 3300 5014 voluerint,
3335 4941 3686 5012 unusquisque
3711 4925 3822 5037 idib:

2321 5023 2780 5126 aurivpersolvat,
2832 5048 3172 5103 medietatem
3220 5050 3403 5097 vestro
3429 5023 3756 5105 episcopatui,
3785 5023 3823 5067 ιιι

2321 5124 2665 5207 medietatem
2692 5144 2746 5197 in
2778 5151 2964 5195 nostro
2993 5135 3211 5202 palatio,
3234 5140 3287 5187 et
3323 5130 3466 5185 nuod
3493 5126 3557 5180 ab
3581 5126 3654 5175 eis
3683 5130 3726 5169 tu
3756 5124 3822 5162 nos
