3984 5316
223 302 380 358 Ιὸἐι

1449 308 1804 366 ΕΡΙΒΤΟΙΛΕ
1839 309 1927 365 ΕΤ
1951 307 2290 366 DECRETA.

3365 295 3504 350 £612

217 408 589 449 successores
617 395 816 465 eligere
842 395 1117 452 volueritis
1140 398 1205 453 de
1231 398 1359 469 ipsis
1379 401 1689 457 hominibus
1736 404 1899 483 qni‘A
1932 404 2140 471 plebem
2171 401 2226 456 8.
2260 400 2441 456 Mariae
2475 399 2526 453 in
2553 396 2888 467 Apruniana,
2914 394 2999 449 vel
3024 405 3212 448 omnes
3240 388 3499 483 ecclesias

218 487 442 541 ibidem
468 488 663 541 tticrint
726 496 812 539 aut
845 488 1083 542 invenire
1106 490 1394 558 potuerint.
1422 490 1826 562 Vestrmitaque

217 579 584 648 religiositati
638 580 753 633 lure
801 581 979 633 omnia
1024 581 1074 634 in
1120 592 1434 650 perpetuum
1476 584 1823 639 concedimus

211 679 283 721 et
319 668 742 733 conﬁrmamus;
778 668 876 739 ipsi
907 686 1139 739 namque
1172 671 1276 726 duo
1302 672 1690 741 piscatores,et
1719 674 1824 730 duo

211 758 473 813 curiales
524 759 751 814 ulterius
799 761 1003 814 nullam
1062 762 1336 817 dationem
1394 779 1487 819 aut
1545 766 1821 819 servitium

211 850 478 915 faciant,
516 867 615 906 nec
658 852 724 911 ad
764 851 1021 920 placitum
1071 853 1462 925 distringantnr
1506 857 1573 911 ab
1617 856 1819 925 aliquo,

204 940 321 1007 qui
364 955 460 1008 pro
483 950 722 1009 tempore
755 943 805 994 in
854 943 965 1011 ipsa
1016 945 1236 1000 civitate
1263 944 1546 1000 Portucnsi
1583 947 1821 1002 domina-

206 1035 350 1080 tum
384 1030 656 1094 tenuerit;
693 1031 900 1086 scilicet
932 1042 1035 1087 tua:
1085 1044 1403 1104 tuorumque
1440 1052 1819 1093 successorum

209 1118 359 1172 illos
387 1120 756 1175 submittimns
787 1124 1061 1190 potestati.
1089 1123 1218 1179 Item
1246 1127 1631 1180 confirmamus
1668 1127 1820 1181 vobis

202 1212 539 1279 vestriSQue
590 1214 994 1269 successoribus
1024 1215 1203 1271 casale
1229 1232 1391 1271 unum
1435 1219 1489 1271 in
1526 1218 1814 1289 integrum,

197 1302 375 1368 quod
410 1310 634 1357 vocatur
662 1304 1022 1359 Genesianum
1045 1349 1059 1371 ,
1085 1317 1138 1361 et
1172 1307 1461 1362 Malianum
1491 1324 1612 1363 cum
1645 1294 1816 1363 insula

200 1392 443 1448 modica
478 1394 617 1448 ultra
650 1396 819 1448 rivum
856 1398 907 1451 in
940 1398 1057 1465 ipso
1082 1400 1201 1454 loco
1229 1402 1461 1470 positum
1485 1417 1607 1455 cum
1643 1402 1817 1456 omni—

144 1503 152 1507 ·
201 1482 321 1537 bus
359 1484 462 1537 sibi
496 1486 914 1552 pertinentibus,
948 1490 1179 1555 positum
1228 1490 1311 1543 via
1340 1491 1635 1546 Portucnse
1660 1490 1814 1557 juxta

201 1573 521 1629 Maliannm
555 1574 697 1646 juris
746 1582 1057 1635 monasterii
1112 1580 1171 1635 S.
1210 1583 1510 1649 Pancratii;
1556 1584 1718 1638 etiam
1762 1592 1814 1639 et

200 1662 618 1722 conﬁrmamus
647 1668 797 1723 vobis
844 1672 1147 1739 vestrisque
1175 1674 1581 1728 successoribus
1604 1675 1656 1729 in
1688 1690 1811 1743 per-

1928 496 2150 565 exiguas
2203 493 2283 547 vel
2332 507 2559 563 magnas
2589 488 2875 561 cujuslibet
2922 485 3177 549 nominis,
3208 497 3327 552 quae
3363 480 3500 535 infra

1921 584 2031 653 jam
2060 586 2233 640 dictos
2258 583 2442 638 aﬂines
2472 593 2597 638 sunt
2621 582 2699 635 vel
2727 596 2848 637 esse
2871 586 3116 650 possunt,
3146 577 3349 645 absque
3375 574 3497 635 illis,

1925 690 2060 743 quas
2080 676 2191 745 jam
2224 674 2458 728 diximus
2495 671 2885 727 Transtiberim
2928 670 3069 724 sitis.
3120 669 3327 722 Interea
3377 681 3499 721 san-

1925 763 2129 819 cientes
2172 762 2443 830 iubemus.
2471 761 2627 816 sicuti
2680 777 2709 813 a
2763 760 2962 814 nostris
3012 756 3501 827 praedecessoribns

1916 852 2126 921 jussum
2152 862 2262 917 est,
2297 862 2357 906 ut
2387 855 2439 906 in
2470 851 2689 906 ﬂumine
2717 851 2956 919 toto,qui
2981 848 3132 918 juxta
3161 848 3347 902 urbem
3370 847 3490 900 Pur-

1924 950 2163 997 tuensem
2192 943 2451 1006 decurrit,
2482 941 2659 996 nullus
2684 940 2876 994 audeat
2905 940 3226 1003 molendina,
3255 947 3346 992 aut
3371 954 3496 1007 pon-

1924 1036 2027 1083 tem
2057 1028 2489 1097 postjussioncm
2530 1036 2707 1091 tuam,
2739 1025 2823 1079 vel
2870 1038 3243 1078 successorum
3282 1032 3495 1076 tuorum

1920 1120 2319 1190 episcoporum,
2336 1118 2488 1186 juxta
2522 1120 2753 1185 priscam
2786 1115 3229 1173 consuetudinem
3257 1129 3498 1183 quoquo-

1921 1213 2082 1268 modo
2108 1212 2444 1273 constituere
2467 1252 2480 1273 ,
2513 1220 2567 1264 et
2596 1225 2716 1264 cum
2754 1208 2837 1263 vel
2866 1224 2896 1262 a
2925 1208 3110 1270 vobis,
3142 1204 3224 1261 vel
3248 1205 3317 1259 ab
3347 1204 3494 1268 aliis,

1918 1304 2113 1372 quibus
2150 1312 2327 1358 tamen
2360 1316 2455 1355 vos
2507 1300 2809 1355 faciendum
2842 1298 3209 1366 injunxcritis,
3236 1296 3493 1351 constitu-

1922 1403 2030 1445 tum
2085 1402 2179 1446 aut
2223 1392 2422 1446 factum
2472 1390 2655 1455 fuerit,
2709 1390 2822 1459 ipsa
2866 1390 3171 1444 molendina
3235 1387 3317 1441 vel
3362 1402 3495 1457 pons

1917 1493 2097 1537 vestro
2116 1483 2345 1537 arbitrio
2364 1482 2773 1551 dispensentur;
2800 1496 2896 1550 per
2916 1488 3130 1549 pontem
3153 1495 3277 1533 vero
3302 1478 3496 1532 civita»

1918 1575 1985 1628 tis
2011 1574 2196 1644 ipsius,
2233 1574 2276 1628 si
2302 1572 2476 1626 factus
2507 1572 2690 1635 fuerit,
2729 1586 2852 1624 cum
2893 1570 3132 1639 plaustro
3154 1577 3347 1623 onusto
3369 1568 3495 1621 vino

1915 1668 1996 1721 vel
2052 1667 2195 1721 victu
2252 1679 2410 1719 nemo
2460 1665 2656 1718 audeat
2724 1676 2897 1733 neque
2959 1664 3082 1718 hinc
3146 1662 3271 1718 illuc
3321 1675 3495 1731 neque

199 1766 449 1824 petuum
497 1767 663 1813 totam
713 1760 939 1816 insulam
990 1778 1110 1831 quae
1158 1774 1377 1819 vocatur
1416 1764 1717 1837 Lycaonia,
1760 1767 1812 1820 in
1846 1745 1889 1805 Β
1920 1759 2041 1813 inde
2072 1759 2175 1812 huc
2205 1758 2419 1827 penitus
2450 1766 2805 1811 transmeare.
2854 1755 3051 1810 lterum
3078 1757 3381 1811 sancientes
3399 1754 3491 1823 ju-

196 1860 320 1915 qua
377 1856 462 1902 est
494 1850 722 1905 ecclesia
766 1851 829 1906 B.
881 1850 984 1907 JoO
1019 1854 1309 1925 Baptistae,
1360 1866 1416 1911 et
1466 1856 1693 1911 ecclesia
1751 1856 1808 1912 8.

197 1938 503 1995 Adalberti
527 1957 649 1996 cum
680 1945 823 1999 casis
862 1956 917 1999 et
943 1948 1193 2001 oratoriis
1226 1947 1364 2002 infra
1411 1948 1597 2003 eadem
1634 1958 1809 2015 curte,

199 2044 339 2084 cunt
379 2030 587 2098 hortis,
618 2040 672 2087 et
716 2034 1031 2105 aquimolis,
1071 2046 1124 2091 et
1154 2038 1494 2107 pertinentiis
1522 2040 1634 2095 suis
1670 2039 1808 2095 infra

202 2122 360 2175 hanc
394 2121 581 2176 urbem
613 2123 836 2178 Romam
862 2126 1044 2189 sitam,
1071 2127 1228 2183 sicuti
1260 2130 1573 2184 extenditur
1602 2129 1669 2184 ab
1702 2146 1809 2186 uno

192 2212 399 2281 capite
427 2228 596 2282 usque
626 2215 679 2269 in
707 2214 851 2269 aliud
880 2227 1040 2287 caput
1066 2218 1233 2287 ipsius
1261 2221 1464 2281 insulse,
1494 2222 1579 2274 ubi
1607 2220 1804 2277 ﬂumen

194 2303 499 2359 dividitur.
550 2305 888 2365 Parimodo
935 2310 1279 2365 concedimus
1329 2322 1382 2366 et
1421 2311 1806 2367 confirmamus

194 2395 367 2449 vobis
408 2396 717 2466 vestrisque
744 2401 1146 2455 successoribus
1173 2402 1226 2455 in
1254 2414 1567 2471 perpetuum
1591 2420 1804 2459 omnem

190 2485 617 2541 ordinationem
696 2488 1094 2559 episcopalem,
1167 2501 1275 2546 tam
1343 2494 1407 2547 de
1474 2494 1804 2567 presbyteris

192 2593 372 2646 quam
422 2580 739 2637 diaconibus
767 2582 848 2637 vel
876 2583 1217 2651 diaconissis,
1244 2600 1336 2640 seu
1363 2586 1800 2652 subdiaconibus,

193 2668 463 2723 ecclesiis
522 2670 602 2724 vel
634 2671 918 2739 altaribus,
955 2689 1074 2743 qua:
1103 2676 1155 2729 in
1203 2684 1314 2729 tota
1345 2675 1674 2730 Transtiberi
1712 2692 1803 2730 ne-

190 2761 455 2815 cessaria
506 2760 689 2826 fuerit,
742 2764 1067 2828 faciendam,
1099 2767 1198 2819 nisi
1252 2767 1541 2821 cardinalis
1592 2769 1798 2837 presb.,

194 2851 279 2905 vel
309 2852 613 2906 cardinalis
654 2855 936 2919 diaconus,
987 2856 1065 2911 vel
1099 2858 1367 2918 subdiacu
1405 2859 1483 2909 vel
1516 2859 1798 2929 acolythus

190 2943 345 2995 sacri
381 2943 579 3012 palatii
626 2943 1006 3000 Lateranensis
1036 2945 1315 3001 elIiciatur.
1362 2948 1581 3003 Scilicet
1617 2949 1796 3002 omnia

189 3035 293 3089 tibi
357 3036 581 3105 tuisque
625 3040 1061 3104 successoribus,
1086 3039 1171 3094 vel
1216 3040 1414 3108 quibus
1453 3039 1721 3110 episcopis
1762 3056 1793 3094 a

190 3128 353 3184 vobis
382 3129 604 3184 invitati
660 3129 879 3196 fuerint,
917 3132 1225 3198 ordinandi,
1257 3132 1630 3197 benedicendi,
1660 3147 1793 3187 con-

187 3221 528 3277 secrandive
571 3225 916 3278 concedimus
968 3234 1324 3296 potestatem;
1350 3234 1404 3281 et
1446 3240 1512 3281 ne
1540 3226 1797 3297 parochia

186 3320 382 3366 vestra
422 3312 490 3367 ab
519 3312 701 3383 aliquo
735 3315 1060 3389 pervadatur
1089 3316 1340 3388 episcopo
1365 3358 1380 3383 ,
1431 3315 1656 3372 fecimus
1701 3330 1796 3384 per

185 3403 294 3458 hoc
345 3413 607 3458 nostrum
662 3406 998 3477 privilegium
1033 3409 1283 3466 intimare
1309 3452 1323 3475 ,
1357 3421 1565 3481 tuaeque
1610 3410 1793 3466 Eccle-

186 3493 289 3547 siae
337 3492 675 3550 conﬁrmare
723 3512 1000 3563 curamus,
1050 3500 1337 3566 incipiente
1378 3516 1590 3571 quoque
1616 3500 1792 3571 primo

189 3584 440 3637 termino
467 3599 497 3637 a
532 3583 706 3641 fracto
735 3595 926 3656 ponte,
956 3589 1044 3644 ubi
1084 3592 1225 3645 unda
1257 3592 1513 3646 dividitur
1545 3608 1642 3661 per
1670 3610 1791 3647 mn-

189 3689 342 3737 rum,
367 3673 621 3729 videlicet
642 3676 1066 3733 Transtiberinae
1088 3681 1254 3745 urbis,
1278 3697 1373 3751 per
1399 3680 1787 3752 Septimianam

189 3774 453 3830 portam,
484 3780 584 3834 per
622 3776 833 3837 portam
871 3768 927 3823 S.
962 3769 1265 3839 Pancratii,
1301 3789 1398 3842 per
1428 3774 1632 3829 silicem
1657 3792 1788 3832 vero

187 3855 370 3923 ipsius
398 3866 592 3925 portae,
623 3873 790 3927 usque
822 3860 890 3914 ad
929 3870 1146 3930 pontem
1176 3879 1536 3920 marmoreum
1577 3867 1668 3936 qui
1703 3876 1788 3922 est

187 3960 360 4014 super
389 3945 660 4001 Arronem
680 3988 695 4011 ,
725 3956 779 4002 et
810 3950 1039 4005 ducente
1066 3966 1161 4020 per
1187 3952 1355 4022 ipsam
1382 3954 1587 4011 silicem
1616 3972 1786 4027 usque

183 4035 256 4087 ad
282 4036 615 4104 paritorium
636 4079 650 4102 ,
682 4040 842 4107 inque
875 4041 1183 4097 revolvente
1216 4060 1311 4112 per
1336 4045 1582 4115 paludes,
1616 4062 1784 4117 usque

187 4127 241 4181 in
288 4145 467 4193 mare,
503 4129 733 4198 indeque
760 4134 1009 4188 veniente
1047 4150 1145 4203 per
1176 4151 1343 4201 mare,
1382 4152 1547 4206 usque
1574 4139 1639 4194 ad
1676 4140 1783 4195 duo

190 4219 453 4274 milliaria
485 4221 621 4275 ultra
652 4223 875 4291 Farum,
907 4236 959 4279 et
988 4242 1156 4295 usque
1186 4227 1237 4281 in
1266 4228 1467 4283 fontem
1500 4228 1777 4299 majorem,

185 4308 433 4379 indeque
481 4325 757 4368 remeante
796 4331 894 4384 per
941 4317 1177 4371 medimn
1209 4317 1405 4374 flumen
1437 4320 1609 4388 majus
1635 4323 1781 4375 venit

1913 1849 2101 1904 bemus
2173 1856 2231 1900 ut
2280 1848 2459 1903 nullus
2512 1848 2794 1917 presbyter
2829 1845 2910 1900 vel
2958 1845 3245 1917 cujuslibet
3284 1846 3492 1901 ordinis

1913 1941 2142 1997 clericus
2174 1941 2373 2011 aliquis
2422 1940 2487 1993 de
2537 1948 2648 1993 toto
2679 1937 2904 2011 praefato
2948 1936 3258 2008 episcopatu
3298 1942 3489 1992 audeat

1911 2030 1978 2085 ad
2022 2006 2282 2101 placitum
2354 2006 2920 2100 constringere,.aiit
2971 2006 3037 2082 ad
3092 2006 3491 2082 contentionem

1910 2123 2202 2178 ﬁniendam
2232 2121 2590 2194 compellere,
2621 2129 2714 2175 aut
2741 2121 2960 2190 aliquod
2992 2121 3270 2176 servitium
3304 2120 3373 2174 ab
3410 2120 3491 2174 eis

1912 2213 2217 2281 requirere;
2250 2209 2427 2283 potest
2453 2212 2737 2283 episcopus
2765 2210 3099 2275 Portuensis,
3130 2211 3180 2263 in
3212 2209 3363 2279 cujus
3389 2223 3487 2280 pa-

1909 2307 2091 2359 rochia
2124 2316 2270 2361 sunt.
2303 2305 2624 2375 Quicunque
2652 2320 2782 2360 vero
2808 2313 3183 2374 praesumptor,
3214 2305 3327 2359 sive
3356 2304 3484 2369 dux,

1907 2398 2021 2452 sive
2052 2412 2253 2461 comes,
2290 2398 2378 2454 vel
2423 2398 2751 2463 vicecomes,
2801 2405 2894 2451 aut
2926 2396 3311 2459 cubicularius,
3348 2397 3486 2451 vela

1908 2498 2091 2544 nostra
2119 2489 2415 2558 apostolica
2444 2490 2572 2545 sede
2613 2490 2834 2553 missus,
2867 2499 2960 2542 aut
2987 2489 3376 2559 qualiscunque
3409 2491 3487 2543 in-

1907 2581 2213 2635 terveniens
2258 2589 2497 2650 potestas
2521 2620 2536 2647 ,
2565 2596 2685 2650 qua:
2712 2580 2777 2635 de
2802 2581 2913 2649 ipsa
2944 2581 3162 2635 civitate
3190 2579 3487 2636 Portuense

1904 2671 2237 2726 dominatum
2272 2670 2538 2735 tenuerit,
2567 2671 2632 2725 de
2662 2686 2982 2741 quocunque
3031 2669 3230 2725 fuerint
3267 2671 3481 2735 ordine,

1902 2763 2155 2833 praedicta
2189 2763 2370 2818 omnia
2401 2762 2699 2817 immobilia
2740 2762 2889 2829 loca,
2922 2771 3012 2816 aut
3033 2763 3483 2833 przenominatum

1900 2853 2331 2920 castaldaticum,
2362 2853 2447 2909 vel
2470 2853 2604 2909 duos
2630 2854 2932 2923 piscatores
2964 2863 3019 2909 et
3064 2855 3198 2910 duos
3228 2855 3481 2922 curiales,

1900 2944 1982 2997 vel
2010 2958 2200 2999 omnes
2229 2945 2517 3014 praedictos
2541 2945 2768 3001 clericos
2795 2960 2823 2999 a
2851 2945 2973 3017 jure
2997 2956 3051 3000 et
3099 2954 3369 3016 potestate
3400 2955 3483 3000 at—

1901 3047 2005 3100 que
2050 3033 2255 3088 ditione
2299 3035 2507 3103 praefati
2555 3035 2793 3105 episcopi
2842 3035 3092 3101 auferre,
3126 3034 3207 3090 vel
3238 3035 3483 3091 minuere

1902 3130 2149 3195 voluerit,
2182 3129 2264 3184 vel
2316 3130 2630 3199 parochiam
2681 3130 2975 3201 infringere
3030 3129 3338 3195 tentaverit,
3387 3137 3483 3185 aut

1901 3222 2144 3276 homines
2180 3222 2231 3275 in
2261 3223 2515 3291 praedicta
2572 3230 2722 3277 turre
2774 3222 3099 3283 habitantes,
3141 3220 3224 3275 vel
3256 3221 3481 3278 ubicun-

1898 3328 2004 3378 que
2035 3312 2341 3381 proprietas
2370 3312 2606 3382 episcopi
2637 3313 2968 3367 mentionata
3001 3311 3182 3380 fuerit,
3218 3312 3283 3369 ad
3307 3311 3476 3383 publi-

1897 3420 2016 3458 cum
2059 3406 2341 3461 servitium
2390 3406 2757 3471 revocaverit,
2791 3406 2928 3461 sciat
2965 3420 3023 3461 se
3053 3404 3479 3476 compositurum

1894 3499 2150 3566 episc0po
2178 3498 2275 3566 ipsi
2300 3498 2390 3567 qui
2422 3513 2519 3569 pro
2554 3508 2793 3567 tempore
2821 3497 3007 3564 fuerit,
3049 3498 3165 3551 auri
3198 3499 3475 3569 purissimi

1895 3586 1985 3640 lib.
2019 3586 2108 3639 20.
2164 3587 2385 3656 Insuper
2425 3588 2760 3642 anathemati
2812 3589 3129 3658 subjaceat,
3175 3598 3476 3644 statuentes

1892 3675 2088 3744 quippe
2115 3675 2407 3744 apostolica
2432 3691 2687 3743 censura,
2718 3679 3041 3733 auctoritate
3086 3677 3126 3730 Β
3176 3678 3321 3733 Petri
3351 3694 3477 3749 apo-

1891 3766 2151 3821 stolorum
2181 3766 2463 3836 principis,
2495 3767 2595 3823 sub
2625 3767 2792 3823 divini
2819 3766 3005 3837 judicii
3032 3770 3393 3826 obtestatione
3419 3781 3476 3827 et

1893 3859 2256 3914 anathematis
2285 3859 2776 3923 interdictionibus,
2809 3868 2867 3915 ut
2907 3861 3084 3915 nullus
3114 3877 3346 3931 unquam
3378 3878 3474 3919 no-

1887 3960 2123 4006 strorum
2169 3967 2541 4007 successorum
2594 3954 2905 4022 pontificum
2927 3996 2943 4021 ,
2978 3956 3057 4009 vel
3087 3954 3189 4009 alia
3220 3957 3474 4023 quaelibet

1886 4059 2077 4114 magna
2117 4060 2390 4112 parvaque
2448 4062 2696 4114 persona,
2728 4061 2788 4101 ea
2846 4062 2965 4116 quae
3004 4063 3033 4102 a
3065 4047 3217 4102 nobis
3247 4049 3314 4103 ad
3354 4049 3471 4105 lauo

1885 4136 2006 4190 dem
2056 4138 2148 4191 Dei
2188 4153 2286 4206 pro
2321 4137 2616 4191 stabilitate
2650 4139 2734 4191 vel
2769 4150 3056 4210 augmento
3086 4142 3325 4212 przedicti
3364 4142 3469 4212 epi-

1884 4230 2055 4297 scopii
2081 4237 2283 4285 statuta
2304 4240 2451 4295 sunt,
2485 4229 2771 4300 refragari,
2802 4242 2895 4285 aut
2923 4233 2976 4287 in
3000 4249 3268 4303 quoquam
3297 4244 3472 4290 trans.

1882 4322 2053 4392 gredi,
2086 4330 2178 4376 aut.
2218 4323 2417 4393 aliquid
2462 4324 2656 4379 exinde
2703 4325 2950 4380 minuere
2998 4326 3227 4393 audeat;
3262 4326 3469 4383 scilicet

187 4417 365 4472 usque
388 4404 455 4458 ad
483 4421 690 4459 ramum
720 4408 877 4464 fracti
908 4410 1103 4478 pontis,
1136 4411 1226 4479 qui
1249 4419 1333 4465 est
1361 4410 1516 4478 juxta
1545 4412 1773 4470 Marmo-
1806 4430 1855 4489 ι)
1881 4412 2021 4467 sicut
2072 4413 2319 4481 superius
2343 4427 2373 4466 a
2404 4413 2558 4468 nobis
2591 4421 2853 4468 statutum
2888 4413 2970 4469 vel
3001 4429 3319 4471 concessum
3354 4424 3461 4479 est,

186 4502 391 4559 ratam,
425 4494 589 4564 inque
632 4497 699 4550 ad
747 4499 981 4552 medium
1014 4510 1231 4569 pontem
1280 4503 1337 4555 S.
1378 4502 1594 4572 Mariaa,
1629 4514 1685 4560 et
1710 4507 1778 4562 ad

188 4584 430 4639 tnedium
452 4597 671 4654 pontem
699 4589 787 4644 ubi
810 4588 978 4644 Judaei
1008 4591 1250 4669 habitare
1279 4592 1543 4659 videntur,
1565 4606 1621 4651 et
1640 4596 1778 4651 redit

187 4687 284 4740 per
323 4676 561 4730 medium
596 4689 809 4745 pontem
843 4682 1155 4748 praedictum
1184 4681 1414 4737 fraetum
1448 4686 1535 4741 ubi
1564 4686 1676 4755 jam
1711 4687 1775 4742 de

189 4763 331 4817 unda
360 4765 617 4831 diximus,
650 4771 739 4837 qui
767 4780 851 4827 est
878 4772 1082 4839 primus
1106 4772 1277 4828 aﬂinis
1305 4776 1505 4846 absque
1534 4779 1776 4834 Transti-

185 4852 399 4910 berinis
428 4860 711 4917 catholicis
756 4863 1006 4919 ecclesiis
1061 4866 1119 4919 S.
1177 4866 1386 4934 Mari-.12,
1425 4872 1675 4928 videlicet
1718 4876 1771 4929 in

188 4941 523 5003 Transtiberi
566 4948 624 5003 S.
669 4952 977 5024 Grisogoni,
1006 4966 1064 5012 et
1110 4956 1167 5011 S.
1201 4957 1444 5023 Caeciliae,
1479 4963 1561 5017 vel
1586 4978 1773 5018 mona-

187 5035 353 5088 sterio
380 5036 434 5089 S.
473 5038 783 5110 Pancratii,
814 5054 864 5099 et
900 5044 999 5099 SS.
1034 5048 1242 5103 Cosma:
1271 5063 1325 5105 et
1369 5051 1611 5109 Damiani
1640 5095 1655 5121 ,
1687 5065 1771 5110 ta-

187 5138 306 5218 men
337 5128 392 5181 in
421 5132 694 5197 praedictis
734 5137 986 5194 ecclesiis
1032 5151 1088 5195 et
1136 5145 1480 5200 monasteriis
1510 5148 1769 5218 quidquid

186 5214 376 5264 ibidem
400 5223 468 5264 ΩΙ)
493 5224 756 5264 ριιίερηιιέο
785 5244 1009 5264 nanan
1046 5233 1203 5264 ι’..η-ἱο
1238 5232 1467 5264 nuda...“
1487 5240 1766 5264 n--....--.--

1881 4505 1953 4559 ita
1986 4506 2311 4573 perennibus
2356 4521 2419 4561 ac
2451 4506 2723 4575 perpetuis
2756 4508 3088 4577 temporibus
3139 4507 3257 4562 sine
3284 4507 3465 4577 aliqua

1878 4599 2180 4654 minutione
2203 4601 2482 4669 permittat
2512 4601 2562 4654 in
2594 4608 2855 4655 :eternum
2885 4614 3219 4671 permanere.
3257 4600 3314 4655 Si
3345 4603 3467 4670 quis

1879 4702 2091 4753 autem,
2125 4694 2265 4761 quod
2299 4708 2403 4746 non
2450 4701 2733 4763 optamus,
2762 4694 3054 4748 temerario
3096 4708 3228 4746 ausu
3274 4703 3465 4748 contra

1877 4782 1979 4835 hoc
2005 4791 2244 4836 nostrum
2274 4784 2607 4853 privilegium
2638 4783 2844 4848 venire,
2878 4792 2971 4837 aut
3005 4784 3058 4837 in
3088 4798 3359 4851 quoquam
3389 4784 3468 4837 ire

1875 4876 2316 4944 praesumpserit,
2345 4884 2399 4928 et
2430 4877 2569 4930 sicut
2611 4875 2860 4944 superius
2913 4891 2942 4929 a
2997 4875 3153 4930 nobis
3199 4882 3467 4929 statutum

1874 4966 1997 5033 est,"
2046 4968 2119 5021 ita
2179 4966 2408 5022 ﬁrmiter
2461 4980 2780 5035 permanere
2834 4982 2944 5021 non
2994 4967 3262 5022 dimiserit
3307 4975 3363 5020 et
3414 4968 3468 5021 in

1873 5058 2125 5115 omnibus
2166 5076 2275 5115 non
2305 5059 2711 5123 observaverit;
2742 5059 2879 5111 sciat
2912 5075 2989 5125 se,
3023 5059 3125 5113 nisi
3154 5058 3469 5127 resipuerit,

1875 5152 2201 5209 auctoritate
2248 5150 2341 5204 Dei
2373 5149 2763 5219 omnipotentis
2787 5190 2801 5214 ,
2833 5161 2890 5205 et
2919 5152 2978 5204 Β.
3007 5150 3150 5204 Petri
3194 5152 3472 5217 apostolo-

2399 5257 2495 5264 η--σι
2525 5254 2700 5264 -g--n,_-
2771 5258 2856 5264 η..-
2900 5254 3003 5264 -;μ--
3031 5254 3303 5264 ..-α’-ωηιιι
