3984 5316
523 267 548 323 l
558 266 661 322 633

1681 269 2035 361 BENEDICTI
2079 269 2187 325 VIII
2211 266 2413 324 PANE

3624 270 3777 326 σεεμ

522 386 619 439 bus
673 383 986 446 exstiterit,
1035 382 1427 441 benedictionis
1494 384 1755 456 gratiam,
1824 387 2094 455 vitamque
2124 389 2169 445 Α
2201 386 2366 455 igitur
2394 383 2684 454 apostolica
2713 384 3041 440 auctoritate
3066 400 3353 440 censemus
3401 394 3462 439 ut
3503 385 3639 440 nulli
3691 370 3779 440 un.

519 484 775 530 aeternam
806 491 836 529 a
863 474 1012 544 justo
1046 475 1229 545 judice
1272 475 1501 532 Domino
1544 477 1655 532 Deo
1685 487 1894 544 nostro,
1922 488 1976 533 et
2027 478 2096 532 ab

517 580 768 622 omnibus
807 568 1012 622 sanctis
1050 567 1165 636 ejus
1207 567 1466 637 consequi
1494 576 1767 625 mereatur
1807 570 1861 623 in
1899 569 2093 624 saecula

516 658 858 713 saeculorum.
884 662 1077 713 Amen.

590 748 861 820 Scriptum
895 766 996 820 per
1028 767 1243 806 manum
1296 750 1514 823 Georgii
1561 754 1757 808 notarii
1803 752 2093 824 regionarii

518 850 681 911 atque
704 843 972 899 scriniarii
1002 843 1059 899 S.
1088 844 1397 914 apostolicae
1428 846 1590 911 sedis,
1617 847 1671 901 in
1715 860 1900 901 mense
1926 844 2092 909 Iulio,

518 934 809 991 indictione
841 953 877 990 I.

584 1026 776 1082 Iratum
828 1029 945 1085 Kal.
1000 1030 1228 1101 Augusti
1278 1045 1375 1099 per
1410 1045 1627 1084 manum
1678 1028 1885 1084 Domini
1916 1030 2090 1100 gratia

514 1116 741 1172 Basonis
784 1120 1056 1189 episcopi,
1101 1129 1156 1175 et
1201 1121 1598 1177 hibliothecarii
1626 1120 1683 1176 δ.
1714 1130 1889 1191 apost.
1925 1121 2088 1176 sedis.

516 1206 657 1262 Bene
683 1209 874 1265 valete.
892 1210 1246 1266 Decernimus
1270 1220 1537 1282 crgo,etc.
1568 1211 1623 1267 Si
1651 1212 2085 1301 qtta.igitur,etc.

513 1296 735 1354 Cunctis
761 1309 958 1365 autem,
982 1310 1087 1355 etc.
1114 1301 1308 1356 Amen.

1211 1392 1396 1448 XXIII.

511 1476 821 1554 Benedictus
863 1480 1000 1536 VIII
1038 1485 1245 1545 Amata,
1295 1486 1683 1554 archiepiscopo
1727 1485 2087 1547 Salernilano.

576 1550 725 1628 pallii
776 1569 927 1606 usum
976 1555 1233 1620 concedit,
1262 1566 1308 1609 et
1359 1550 1627 1626 privilegia
1686 1556 1936 1612 Ecclesia:
1974 1561 2088 1628 ejus

516 1664 519 1669 .
579 1623 871 1690 conﬁrmat.

932 1712 1170 1785 (Fragm.
1201 1746 1272 1755 —
1297 1716 1453 1770 Anno
1478 1716 1659 1789 IOI9.)

862 1805 1085 1878 [BARON.
1126 1808 1190 1861 ad
1239 1825 1327 1863 an.
1366 1810 1523 1875 I012,
1557 1827 1612 1864 η.
1653 1809 1732 1884 5.]

582 1932 595 1946 .
633 1932 647 1946 .
676 1930 692 1944 .
730 1930 746 1945 .
780 1930 793 1946 .
823 1932 837 1948 .
868 1894 1140 1963 Scriptum
1196 1911 1293 1966 per
1343 1913 1533 1953 manus
1588 1899 1846 1969 Stephani
1890 1900 2085 1955 notarii

509 1985 800 2056 regionarii
826 1995 880 2043 et
902 1987 1264 2043 scriniarii'S.
1299 1988 1363 2044 lt.
1403 1990 1492 2055 E.,
1534 2006 1721 2047 mense
1752 1991 2086 2059 Decembris,

511 2077 699 2133 indici.
726 2094 802 2133 tu.

587 2172 777 2226 Datum
807 2187 861 2226 vt
893 2171 1014 2227 Kal.
1038 2170 1278 2228 Januarii
1313 2189 1411 2245 per
1443 2189 1635 2229 manus
1668 2173 1944 2230 Benedicti
1975 2174 2087 2243 cpi-

507 2261 653 2333 scopi
703 2261 1017 2319 Portuensis
1057 2273 1114 2319 et
1162 2264 1555 2320 bibliutltecarii
1606 2265 1669 2321 S.
1725 2276 1899 2335 apost.
1942 2265 2082 2324 θεά..

507 2366 668 2415 anno,
696 2352 807 2407 Deo
835 2354 1087 2423 propitio,
1116 2370 1210 2409 vm
1236 2355 1581 2425 pontilicatus
1602 2356 1784 2410 domni
1812 2354 2084 2410 Benedicti

506 2442 837 2513 sanctissimi
872 2446 1046 2500 octavi
1070 2461 1239 2516 papae,
1270 2446 1568 2515 imperante
1598 2447 1814 2501 domino
1846 2447 2086 2516 piissimo

508 2534 835 2605 imperatore
881 2537 1020 2609 Aug.
1052 2537 1284 2595 Henrico
1316 2555 1457 2595 anno
1501 2555 1574 2607 vt,
1615 2539 1726 2596 ind.
1771 2555 1855 2607 ut,
1899 2552 2086 2594 mense

506 2626 838 2697 Decembris,
861 2630 950 2687 die
978 2646 1068 2689 xv.

1195 2722 1383 2781 XXIV.

499 2832 768 2893 Benedicti
800 2835 944 2891 VIII
977 2838 1305 2908 privilegium
1354 2854 1450 2908 pro
1486 2840 1802 2906 parthcnonc
1849 2837 1911 2894 S.
1966 2833 2081 2892 Ma-

1020 2910 1113 2962 ria:
1136 2919 1183 2963 cl
1220 2908 1281 2964 S.
1315 2908 1560 2963 Andreae.

1098 2999 1276 3064 (Anno
1302 2997 1487 3068 1027.0.)

889 3088 1104 3162 [Μλκεῃ
1132 3089 1361 3156 Concil.,
1390 3089 1530 3156 XIX,
1555 3090 1701 3163 330.]

571 3180 912 3237 Bsasmcrus
941 3183 1244 3253 cpiscOpus,
1287 3196 1475 3238 servus
1524 3198 1801 3238 servorum
1834 3182 1947 3249 Dei,
1980 3182 2085 3238 Cu-

496 3288 748 3335 maeans
778 3274 1073 3332 venerabili
1109 3274 1397 3330 abbatissa:
1439 3283 1700 3330 mternam
1746 3272 1799 3331 in
1859 3274 2085 3332 Domino

501 3366 755 3425 salutem.

496 3518 499 3525 ι
574 3456 842 3511 Convenit
894 3457 1190 3526 apostolico
1265 3457 1623 3512 moderamini
1679 3457 1766 3528 pia
1825 3459 2085 3530 religione

502 3546 832 3615 pollentibus
858 3547 1115 3602 benevola
1141 3549 1516 3616 compassibne
1562 3564 1870 3613 sucurrcre,
1898 3561 1949 3605 ct
1986 3566 2083 3618 po-

501 3638 770 3693 scentium
797 3637 994 3693 animis
1016 3638 1179 3693 alacri
1204 3638 1489 3694 devotione
1512 3640 1753 3712 praebere
1779 3656 2081 3697 assensum.

503 3731 577 3785 Ex
612 3732 712 3786 hoc
737 3733 882 3786 enim
927 3730 1060 3787 lucri
1098 3732 1436 3802 potissimum
1467 3734 1746 3803 prannium
1780 3735 1917 3805 apud
1952 3750 2083 3791 con-

488 3822 732 3881 -ditorem
759 3825 997 3879 onmium
1032 3824 1318 3879 Dominum
1364 3841 1759 3896 promerentur,
1789 3826 1833 3881 si
1864 3841 2086 3881 venera-

502 3912 631 3967 hilia
661 3914 776 3968 loca
805 3926 1114 3970 sanctorum
1157 3926 1458 3986 opportune
1486 3919 1733 3972 ordinata
1777 3921 1843 3972 ad
1896 3918 2085 3973 melio-

504 4017 617 4058 rem
645 4013 846 4059 statum
880 4004 1081 4059 fuerint
1108 4007 1386 4075 perducta.
1412 4004 1479 4059 Et
1508 4005 1628 4061 ideo
1654 4007 1778 4077 quia
1802 4007 2084 4078 postulatis

482 4111 532 4159 ,a
559 4098 714 4152 nobis
743 4106 1008 4167 quatenus
1052 4098 1346 4168 apostolica
1404 4099 1723 4154 auctoritate
1761 4100 2085 4155 concedere-

505 4203 625 4244 mus
654 4200 709 4244 et
732 4188 1180 4246 confirmaremus
1236 4192 1393 4247 vobis
1442 4199 1498 4246 et
1542 4191 1622 4247 eis
1680 4208 1800 4263 qua:
1846 4192 1999 4249 vobis
2028 4192 2083 4247 in

503 4291 820 4353 perpetuum
868 4283 1156 4339 succedere
1190 4283 1411 4349 debent,
1462 4285 1849 4339 monasterium
1887 4284 1940 4339 in
1989 4285 2085 4339 ho-

2196 493 2357 545 quam
2391 474 2697 530 mortalium
2730 473 2889 530 liceat
2920 486 3110 530 contra
3142 485 3384 530 tenorem
3421 476 3586 546 hujus
3616 478 3782 531 nostri

2197 568 2462 638 privilegii
2486 568 2769 639 insurgere
2797 569 3123 637 usurpando,
3154 568 3461 622 invadendo
3490 569 3786 637 aliquidde

2195 659 2625 731 possessionibus
2649 659 2959 714 monasterii
2990 659 3071 714 vel
3097 660 3162 713 de
3186 660 3348 714 relms
3369 660 3782 724 ecclesiasticis,

2195 750 2310 806 sive
2339 752 2403 805 de
2427 751 2528 805 hoc
2552 750 2693 821 quod
2720 750 2880 805 modo
2928 750 3090 807 habet
3139 750 3221 805 vel
3272 750 3590 805 habiturum
3622 760 3709 805 est
3736 753 3787 804 in

2195 851 2534 911 perpetuum,
2564 856 2656 895 seu
2676 841 3028 911 inquietando
3045 856 3139 895 vos
3162 850 3522 910 posterasque
3546 851 3785 894 vestras.

2195 932 2251 986 Si
2275 931 2576 1003 quis,quod
2601 948 2705 987 non
2722 942 2990 1003 Optamus,
3017 930 3229 987 nefario
3248 948 3381 986 ausu
3410 933 3515 986 hoc
3536 944 3788 986 nostrum

2193 1023 2535 1095 privilegium
2579 1023 2665 1092 pie
2693 1038 2723 1076 a
2768 1023 2921 1076 nobis
2970 1021 3367 1093 promulgatum
3402 1022 3456 1075 in
3508 1037 3788 1090 quoquam

2192 1112 2527 1185 perfringere
2557 1123 2651 1167 aut
2671 1126 2941 1167 evacuare
2972 1113 3285 1172 tcutaverit.
3315 1110 3452 1164 iram
3484 1111 3578 1165 Dei
3607 1112 3788 1164 incar-

2193 1213 2278 1260 rat
2307 1214 2359 1259 et
2386 1204 2649 1274 principis
2691 1202 3102 1272 apostolorum,‘
3126 1211 3287 1266 atque
3326 1217 3449 1255 cum
3497 1199 3643 1255 Juda
3678 1210 3788 1253 tia-

2191 1295 2367 1352 ditore
2397 1296 2605 1350 Domini
2658 1297 2710 1349 in
2761 1292 3001 1348 inferiori
3039 1294 3280 1366 gehenna
3329 1293 3645 1347 damnetur.
3686 1291 3786 1359 Qui

2190 1402 2319 1441 vero
2344 1388 2433 1456 pio
2483 1386 2673 1440 intuittt
2729 1395 2913 1440 custos
2942 1394 2995 1440 ct
3047 1386 3367 1441 observator
3395 1382 3561 1450 hujus
3614 1384 3787 1436 nostri

2191 1477 2457 1550 privilegii
2482 1477 2773 1541 exstiterit,
2802 1478 3028 1547 gratiam
3054 1475 3147 1530 Dei
3174 1485 3563 1546 consequatur,
3580 1484 3637 1528 et
3658 1491 3789 1543 apo-

2190 1570 2449 1626 stolorum
2482 1568 2741 1639 principis
2783 1568 3215 1623 benedictionem
3264 1577 3566 1632 mereatur,
3624 1577 3789 1635 atque

2190 1677 2312 1718 cum
2339 1661 2528 1718 electis
2566 1663 2618 1716 itt
2664 1661 2870 1716 caelesti
2920 1657 3267 1714 tabernaculo
3302 1660 3353 1712 in
3388 1669 3664 1713 aeternum
3700 1658 3788 1711 Le-

2116 1726 2162 1788 B
2192 1761 2349 1807 tetur.

2264 1842 2538 1911 Scriptum
2583 1858 2680 1913 per
2708 1857 2900 1897 manus
2932 1842 3189 1913 Stephani
3215 1839 3489 1896 scriniarii
3523 1839 3791 1894 Romana:

2264 1858 2538 1911 Scriptum
2583 1858 2680 1913 per
2708 1858 2900 1897 manus
2933 1858 3024 1897 ate
3068 1858 3189 1895 nam
3215 1858 3272 1896 sc

2188 1932 2443 1990 Ecclesiae
2471 1934 2524 1989 in
2556 1950 2741 1991 mense
2763 1934 2933 2006 Aprili
2964 1858 3157 1988 ingict.
3192 1950 3277 1987 tu.

2902 2022 3069 2080 XXV.

2190 2110 2527 2185 Pritilegium
2569 2114 2839 2171 Benedicti
2871 2134 3019 2186 papa:
3068 2116 3132 2169 de
3179 2115 3591 2187 conﬁrmatione
3620 2114 3793 2170 Baba-

2709 2187 2969 2256 bergensis
2990 2186 3237 2257 episcopi.

2776 2277 2958 2349 (Anno
2990 2277 3173 2340 meo.)

2578 2366 2792 2441 [MANSL
2826 2368 3025 2423 Concil.
3058 2367 3202 2432 XIX,
3233 2366 3385 2440 δελ]

2258 2458 2594 2516 Βεκωιοτυε
2620 2460 2924 2530 episc0pus,
2965 2475 3154 2514 servus
3184 2473 3468 2513 servorum
3525 2457 3653 2525 Dei,
3711 2460 3794 2513 di.

2185 2546 2483 2605 lectissime
2520 2550 2572 2604 in
2615 2550 2841 2605 Domino
2868 2548 2993 2604 Jesu
3031 2547 3250 2603 Christo
3277 2549 3387 2601 lilio
3433 2557 3544 2603 etc.
3579 2560 3793 2603 sancta

2187 2638 2610 2710 Baliebergcnsis
2648 2639 2900 2694 Ecclesia:
2954 2639 3244 2695 venerabili
3294 2639 3554 2710 episcopo
3599 2655 3794 2709 perpe-

2187 2738 2334 2785 tuam
2359 2729 2607 2788 salutem.

2257 2818 2700 2889 Quandocunque
2726 2828 2927 2875 nostra:
2967 2818 3277 2889 apostolicae
3312 2819 3792 2876 corroborationis

2186 2911 2287 2981 pia:
2314 2910 2624 2981 exposcitur
2644 2908 2981 2979 sull‘ragium,
3026 2909 3189 2966 celeri
3240 2909 3433 2965 ell'ectu
3478 2924 3568 2966 est
3624 2916 3787 2966 attri-

2188 3002 2485 3056 buendum.
2516 3000 2583 3055 Et
2607 3001 2651 3057 si
2679 3001 2733 3055 in
2762 3000 2845 3056 his
2876 3001 3189 3071 exposcitur
3216 3016 3338 3072 qua:
3364 3003 3569 3056 durare
3588 3017 3791 3071 perpe-

2114 3069 2159 3131 (ἶ
2193 3099 2285 3145 ιιιο
2313 3090 2582 3156 videntur,
2612 3089 2806 3146 litteris
2834 3099 2918 3146 est
2947 3069 3004 3146 et
3034 3069 3425 3156 adnotandum,
3459 3108 3529 3146 ne
3554 3069 3789 3162 prolixi-

2190 3191 2272 3236 tas
2303 3191 2602 3252 temporum
2652 3182 2883 3252 posteris
2913 3183 3015 3237 hoc
3052 3182 3242 3238 reddat
3271 3183 3497 3238 dubium
3556 3185 3649 3240 vel
3701 3187 3787 3239 in.

2187 3281 2420 3326 certum.
2484 3272 2824 3341 Quapropter
2877 3282 3062 3327 notum
3088 3284 3211 3327 esse
3264 3274 3515 3329 volumus
3568 3276 3786 3328 cunctis

2186 3373 2387 3420 sancta!
2405 3364 2657 3421 Ecclesia:
2682 3365 2828 3432 filiis,
2849 3375 2955 3420 tam
2988 3366 3344 3435 praesentibus
3363 3381 3531 3432 quam
3552 3366 3783 3432 laturis,

2185 3458 2421 3528 qualiter
2445 3459 2512 3512 de
2556 3457 2872 3527 episcopatu
2901 3472 3060 3526 queui
3099 3456 3609 3511 Christianissimus
3635 3458 3780 3511 Ilen-

2186 3551 2335 3604 rit-us
2377 3549 2671 3620 imperator
2699 3550 2765 3602 ad
2820 3550 3080 3603 honorem
3111 3548 3378 3619 principis
3405 3550 3784 3618 apostolorum

2188 3642 2335 3697 Petti
2360 3642 2634 3697 Babeberc
2655 3641 3003 3696 devotissime
3023 3642 3286 3712 przelecit,
3305 3650 3489 3695 actum
3513 3641 3571 3695 in
3591 3643 3785 3695 eadem

2186 3736 2416 3792 ecclesia
2450 3733 2604 3790 nobis
2632 3735 2992 3803 praesentibus
3029 3736 3117 3789 sit.
3150 3732 3365 3804 Szrpius
3400 3734 3552 3789 enim
3581 3735 3785 3788 obnixe

2185 3826 2361 3882 dictus
2390 3827 2705 3894 imperator,
2730 3824 2949 3879 fervens
3000 3825 3165 3879 nimio
3216 3839 3403 3880 amore
3431 3825 3784 3894 episcopatus

2185 3933 2345 3989 quem
2371 3926 2547 3972 tactus
2583 3917 2766 3972 divino
2816 3917 3048 3987 impulsu
3096 3916 3420 3987 perfecerat,
3474 3918 3782 3972 honoriﬁce

2186 4010 2252 4063 ad
2299 4004 2730 4063 conﬁrmandum
2780 4006 3077 4077 apostolica
3127 4006 3457 4061 auctoritate
3496 4006 3782 4060 Babeberc

2186 4098 2335 4153 adire
2365 4111 2464 4151 nos
2487 4098 2806 4166 deprecatus
2847 4106 2962 4162 est;
2997 4094 3151 4165 cujus
3194 4096 3613 4166 deprecationcs
3642 4097 3783 4153 assi-.

2186 4190 2323 4245 duas
2354 4199 2407 4246 et
2438 4190 2837 4244 indelicicntem
2888 4189 3205 4245 instantiam
3233 4192 3300 4245 de
3320 4189 3471 4260 justo
3500 4190 3778 4245 desiderio

2185 4279 2477 4350 procedere
2512 4289 2926 4350 cognoscentes,
2961 4278 3203 4349 iniquum
3242 4278 3613 4347 judicavimus
3641 4293 3783 4348 pra.

503 4388 636 4429 uore
666 4383 870 4428 sanctae
897 4373 1077 4428 Mariae
1102 4384 1157 4430 et
1200 4375 1258 4430 S.
1297 4376 1527 4431 Andreae
1558 4374 1717 4431 situm
1746 4376 1798 4429 in
1846 4374 1964 4432 loco
1992 4377 2082 4446 qui
2111 4408 2162 4470 Ι)
2187 4372 2417 4429 sentiam
2449 4382 2691 4426 nostram
2732 4371 2806 4426 illi
2846 4371 3132 4442 denegare,
3163 4379 3219 4425 et
3250 4371 3607 4425 inhumanam
3629 4370 3783 4424 calli.

500 4474 725 4521 vocatur
774 4466 967 4532 Gellia,
1012 4467 1064 4521 in
1087 4469 1347 4523 comitatu
1395 4467 1663 4534 Liubana,
1705 4483 1735 4521 a
1771 4467 1925 4523 bonae
1966 4483 2081 4524 me-

498 4554 689 4610 moriae
713 4553 950 4610 Aribone
973 4565 1027 4610 et
1053 4556 1217 4611 Adala
1250 4556 1476 4626 conjuge
1510 4572 1605 4612 sua
1636 4556 1929 4626 inemptum
1960 4566 2013 4611 et
2052 4574 2079 4610 a

499 4648 610 4702 tilio
633 4662 819 4702 eorum
846 4646 1085 4701 Aribone
1122 4647 1417 4702 venerabili
1449 4647 1677 4701 diacono
1704 4645 2003 4717 perfectum
2030 4656 2085 4701 et

498 4741 555 4795 in
583 4739 832 4795 libertate
861 4738 1197 4795 dilectissimi
1222 4732 1314 4794 lilii
1351 4739 1416 4793 Il.
1445 4740 1787 4809 imperatoris
1824 4726 2081 4794 commis-

496 4850 618 4889 smn
652 4851 666 4886 :
696 4834 937 4890 inclinati
971 4834 1219 4904 precibus
1242 4832 1455 4897 vestris,
1494 4843 1549 4885 et
1590 4832 1857 4901 prrccipue
1893 4832 2085 4901 depre-

480 4923 719 4995 catione
762 4925 893 4980 dicti
946 4925 1314 4995 imperatoris,
1375 4934 1431 4978 et
1476 4924 1782 4979 interventu
1841 4924 2080 4991 ejusdem

502 5013 757 5060 Arihmiis
806 5014 1130 5062 venerabilis
1186 5014 1396 5064 diaconi
1458 5013 1777 5064 perrecturis
1840 5012 2080 5066 eiusdem

2187 4465 2411 4520 ditatem
2437 4473 2625 4518 contra
2657 4462 3018 4519 venerabilem
3072 4462 3246 4516 locum
3282 4460 3581 4531 aliquando
3620 4476 3781 4515 occa-

2185 4557 2389 4612 sionem
2417 4570 2650 4611 sumere.

2258 4646 2516 4703 Venimus
2547 4644 2713 4716 igitur
2758 4642 3056 4710 Babeberc,
3081 4642 3174 4696 ubi
3217 4642 3286 4697 ab
3312 4641 3510 4696 eodem
3541 4656 3781 4709 nupera-

2185 4749 2302 4799 tore
2324 4739 2559 4809 suscepti
2582 4752 2792 4804 sumus,
2810 4745 2969 4806 prout
2994 4743 3199 4803 poterat
3216 4741 3264 4785 et
3295 4741 3535 4786 noverat
3555 4732 3776 4785 melius.

2185 4829 2484 4884 Ecclesiam
2515 4839 2697 4883 autem
2747 4841 2869 4881 cum
2906 4824 3053 4880 omni
3086 4822 3399 4892 integritate
3426 4821 3783 4889 episcopatus

2185 4925 2243 4982 S.
2280 4927 2346 4981 Β.
2374 4926 2437 4980 Ε.
2492 4924 2602 4991 cui,
2644 4922 2756 4977 Deo
2792 4929 3031 4980 auctore,
3081 4914 3456 4986 praesidemus,
3511 4921 3570 4967 et
3625 4910 3786 4965 nonis

2186 5017 2402 5066 obtulit.
2455 5013 2610 5066 Ouod
2683 5012 2957 5066 videntes.
3021 5023 3232 5066 aequum
3301 5003 3785 5059 consideravimus
