4014 6318
202 333 359 390 169.5

1457 327 1818 388 EPISTOLIE
1850 325 1936 378 ET
1969 321 2288 379 DECRETA
2303 361 2315 374 .

3333 309 3468 364 ΗΕΒ

199 447 255 498 ei
288 447 358 499 de
407 443 658 500 omnibus
705 458 822 514 quae
874 462 1014 501 nunc
1063 447 1224 502 habet
1265 448 1346 504 vel
1393 449 1676 501 habiturus
1710 454 1790 498 est
1820 448 1862 502 Α
1894 441 2135 501 omnino,
2172 435 2325 504 juxta
2367 430 2856 488 manifestationem
2909 426 3208 496 Magilp‘crti
3257 423 3468 480 albati."-

205 535 528 603 prazlibatus
557 537 859 605 cpiscOpus,
897 538 967 601 vi,
1000 538 1189 594 fraude
1217 549 1308 594 aut
1355 540 1536 606 iniqua
1582 540 1788 594 callidi-

207 635 330 677 tate
355 625 556 693 aliquid
589 626 870 691 abradere,
902 629 984 682 vel
1018 639 1070 682 te
1101 637 1326 699 tuosque
1351 644 1694 684 succeswrcs
1724 631 1790 684 tle

209 714 304 768 his
330 717 581 769 onmibus
625 716 928 785 inquietare
975 720 1155 789 aliquo
1205 722 1393 784 modo;
1445 721 1518 774 ita
1571 737 1703 776 sane
1735 732 1792 774 ιιι

204 805 440 872 singulis
475 807 775 876 quibusque
801 809 1181 865 iudictiouibus
1216 811 1318 866 sub
1343 814 1561 868 nomine
1587 815 1793 882 pensio-

206 895 302 948 nis
322 911 518 964 equmn
550 913 715 950 unum
746 898 923 953 album
955 901 1109 957 nobis
1133 904 1442 972 nostrisque
1465 907 1792 959 successori-

204 985 317 1040 bus
344 987 612 1055 persolvat
639 1004 760 1042 cum
786 991 915 1044 sella
951 994 1304 1050 conveniente
1332 994 1576 1050 Romano
1619 999 1795 1066 ponti-

209 1076 303 1130 ﬁci
357 1077 411 1129 Si
447 1077 606 1142 forte,
630 1081 774 1148 quod
801 1098 904 1135 non
928 1093 1195 1151 optamus,
1222 1085 1418 1154 aliquis
1447 1089 1715 1154 superbus
1741 1099 1796 1143 et

209 1185 482 1238 arrogans
508 1172 796 1227 temerario
826 1189 960 1227 ausu
1005 1185 1193 1229 contre
1238 1175 1388 1232 hanc
1412 1188 1608 1234 nostra:
1656 1196 1796 1248 prae-

205 1259 484 1326 ceptionis
529 1260 725 1313 seriem
770 1262 854 1330 pie
886 1278 914 1315 a
953 1264 1108 1320 nobis
1161 1266 1552 1337 promulgatam
1611 1269 1797 1323 venire

208 1359 312 1400 aut
343 1364 504 1418 agere
533 1355 842 1418 tentaverit,
887 1355 1023 1410 sciat
1054 1371 1112 1410 se
1155 1356 1362 1412 Domini
1391 1361 1556 1414 nostri
1586 1369 1641 1414 et
1671 1375 1798 1428 apo-

208 1437 481 1491 3tolorum
511 1442 771 1516 principis
795 1443 938 1498 Petri
969 1447 1053 1500 cui
1087 1447 1298 1502 oblatus
1322 1459 1404 1503 est
1444 1465 1471 1502 a
1498 1450 1610 1520 jam
1653 1451 1798 1505 dicto

209 1530 686 1602 (ihristianissimo
741 1537 1065 1605 imperatore
1116 1542 1459 1610 episcopatus
1509 1557 1629 1596 cum
1683 1545 1798 1598 suis

209 1623 584 1689 pertinentiis,
613 1636 664 1679 et
690 1626 842 1695 cujus
873 1629 1185 1702 suﬂ‘ragium
1213 1643 1268 1688 et
1290 1634 1552 1703 judicium
1579 1651 1676 1704 per
1701 1652 1798 1690 nos

212 1721 545 1782 nostrosque
593 1731 936 1777 successores
963 1733 1260 1792 exspectat,
1292 1727 1654 1781 anathematis
1685 1728 1800 1781 vin-

212 1805 344 1860 culo
373 1807 712 1877 innodatum,
744 1827 864 1866 cum
892 1814 1108 1870 diabolo
1137 1827 1187 1870 et
1217 1835 1337 1882 cum
1371 1821 1484 1889 ejus
1515 1823 1792 1877 atrocissi-

214 1895 324 1948 Inis
349 1899 581 1967 pompis,
627 1911 789 1970 atque
833 1903 1432 1963 cunf'Juda'traditore
1487 1910 1697 1965 Domini
1743 1921 1798 1966 et

214 1982 520 2066 salvatoris
551 1991 722 2046 nostri
766 2003 969 2049 mterno
1003 1997 1112 2064 igni
1145 2002 1621 2058 concremandum.

255 2078 392 2146 _Qui
425 2095 553 2135 vero
585 2083 674 2151 pio
699 2085 895 2140 intttitn
937 2099 1158 2142 curator
1194 2102 1248 2145 et
1291 2095 1608 2152 observator
1641 2095 1798 2166 hujus

213 2180 421 2224 nostra:
467 2174 760 2232 salutilera:
812 2183 1192 2250 praeceptionis
1235 2186 1524 2252 exstiterit,
1583 2189 1802 2244 benedi-

213 2264 419 2319 ctionis
470 2267 698 2336 gratiam
730 2279 783 2324 et
832 2271 1072 2328 caelestis
1125 2277 1495 2333 retributionis
1532 2280 1724 2349 gaudia
1767 2296 1796 2334 a

209 2352 520 2422 justissimo
540 2356 722 2423 judice
747 2361 974 2418 Domino
1004 2377 1386 2436 consequatur;

295 2445 568 2516 Scriptmu
601 2466 698 2518 per
725 2469 915 2510 manus
954 2454 1231 2527 Rapbouis
1266 2461 1465 2516 notarii
1507 2463 1799 2532 regionarii

217 2547 276 2592 ct
303 2541 572 2594 scviniarii
606 2541 666 2596 S.
699 2543 762 2596 [ἶ.
799 2545 858 2598 Ε.

923 2640 1108 2694 XXVI.

221 2721 533 2778 Benedictus
568 2725 714 2808 VIII.
759 2735 1063 2808 monasterii
1077 2734 1159 2808 AS.
1203 2733 1411 2804 Sophim
1459 2737 1805 2796 Beneventani

490 2803 838 2862 possessiones
866 2813 910 2855 et
932 2821 960 2871 μ
971 2805 1012 2854 ri
1020 2803 1201 2874 vilcgta
1226 2803 1520 2876 can/irruat.
1667 2829 1683 2854 ε

827 2894 1003 2965 (Auno
1036 2897 1215 2970 1022.)

616 2983 1250 3060 [Anecdotaﬂghelliuna.
1268 2992 1417 3065 489.]

298 3073 638 3134 BENEDICTUS
659 3079 941 3149 episc0pus
965 3098 1154 3138 servus
1193 3100 1470 3140 servorum
1510 3087 1624 3153 Dei,
1662 3087 1804 3143 Gne-

222 3182 390 3222 GORIO
422 3170 718 3224 venerabili
763 3173 942 3226 abbati
988 3177 1299 3230 monasterii
1333 3177 1388 3232 S.
1423 3176 1635 3245 SOphia:
1663 3181 1803 3248 quod

223 3269 513 3327 permanet
545 3260 684 3314 intra
744 3264 1014 3320 civitatem
1067 3265 1521 3334 llcnevcntanam,
1571 3279 1625 3324 et
1675 3271 1806 3326 urbe

225 3360 434 3432 vetere,
485 3362 540 3408 et
581 3364 703 3423 post
733 3363 783 3410 te
827 3359 878 3410 in
934 3358 1122 3412 eodem
1154 3360 1446 3415 venerabili
1481 3363 1806 3418 monasterio

227 3446 638 3510 successoribus
676 3448 780 3502 tuis
810 3449 862 3502 in
892 3460 1232 3521 perpetuum.

302 3536 568 3595 Convenit
621 3541 919 3609 apostolico
971 3543 1325 3599 tnodcramini
1403 3547 1490 3616 pia
1550 3546 1808 3619 religione

229 3631 560 3699 pollentibus
598 3637 940 3690 convenienti
987 3641 1360 3712 compassione
1390 3655 1729 3706 succurrere,
1755 3650 1810 3696 et

229 3727 580 3796 poscentibus
609 3729 773 3782 animi
810 3728 974 3783 alacri
1003 3730 1291 3786 devotione
1330 3731 1593 3801 impertiri
1617 3747 1805 3786 assen-

231 3831 374 3871 sum.
403 3817 478 3870 Ex
519 3819 620 3871 hoc
647 3821 787 3873 enim
824 3819 972 3874 lucro
1013 3822 1354 3891 potissimum
1384 3824 1524 3894 apud
1556 3825 1808 3878 condito-

234 3924 348 3963 rem
399 3910 639 3964 omnium
699 3911 982 3966 Dominum
1037 3914 1250 3968 veniam
1310 3929 1706 3982 promeremur,
1763 3916 1806 3970 si

235 4003 561 4056 venerabilia
613 4006 1074 4062 sanctorum-loca
1105 4017 1407 4076 opportune
1443 4008 1689 4062 ordinata
1741 4007 1808 4063 ad

235 4093 516 4146 meliorem
558 4094 760 4148 fuerint
804 4107 1002 4151 statum
1054 4099 1333 4166 perducta.
1367 4097 1535 4167 Igitur
1562 4099 1685 4166 quia
1719 4105 1808 4152 tua

237 4185 560 4256 religiositas
591 4196 777 4241 nostro
823 4188 1148 4256 apostolatui
1199 4187 1475 4244 humiliter
1519 4189 1812 4258 postulavit

236 4287 501 4346 quatenus
530 4279 948 4334 concederemus
979 4288 1033 4333 et
1073 4279 1524 4338 contirmaremus
1552 4280 1647 4334 tibi
1680 4281 1812 4335 tuis-

235 4385 340 4438 que
385 4371 794 4426 successoribus
836 4371 1151 4441 praadictum
1201 4373 1590 4428 monasterium
1620 4371 1676 4428 S.
1711 4371 1811 4426 So-

236 4460 377 4541 phiae
403 4475 526 4515 cum
549 4460 825 4526 Ecclesiis,
855 4462 1046 4527 curtis,
1075 4461 1212 4516 villis
1245 4471 1298 4516 et
1322 4462 1610 4538 casalibus,
1639 4463 1811 4517 vineis
1847 4466 1888 4520 D

236 4567 452 4622 quoque
511 4563 565 4608 et
618 4555 801 4618 terris,
855 4554 1030 4609 servis
1079 4564 1136 4609 et
1181 4554 1415 4618 ancillis,
1456 4556 1813 4626 omnibusque

239 4647 398 4702 rebus
422 4645 708 4702 mobilibus
727 4662 792 4701 ac
818 4647 1204 4712 immobilibus,
1221 4648 1519 4718 privilegiis
1531 4647 1674 4702 sedis
1688 4663 1812 4718 apo-

238 4741 439 4798 Stolicae
491 4755 554 4795 ac
607 4739 790 4794 infulis
833 4741 1140 4806 decoretur,
1199 4749 1256 4794 ut
1299 4741 1399 4795 sub
1430 4739 1816 4814 jurisdictione

237 4842 438 4886 sanctae
482 4831 626 4888 sedis
671 4832 996 4902 apostolicae,
1052 4819 1138 4886 cut
1192 4833 1416 4888 Domino
1460 4842 1686 4888 auctore
1721 4837 1814 4891 de-

239 4924 528 4988 seri/imus,
582 4923 838 4979 Ecclesia:
891 4925 1269 4988 constitutum,
1326 4926 1523 4981 nullius
1591 4927 1815 4982 alterius

239 5013 705 5070 iurisnictionibus
727 5015 1104 5077 submittatur;
1139 5015 1381 5070 inclinati
1407 5017 1660 5085 precibus
1686 5019 1811 5083 tuis,

241 5121 336 5174 per
363 5107 522 5174 hujus
547 5105 718 5160 nostri
756 5105 1035 5173 apostolici
1065 5107 1328 5176 privilegii
1361 5117 1599 5162 tenorem
1625 5123 1818 5165 conce-

242 5199 418 5252 dimus
445 5212 509 5250 ac
537 5196 922 5250 conﬁrmamus
949 5195 1041 5252 tibi
1075 5205 1129 5250 et
1169 5199 1576 5254 successoribus
1617 5200 1724 5254 tuis
1761 5201 1813 5252 in

242 5299 559 5360 perpetuum
610 5287 894 5356 praefatum
941 5291 1330 5343 monasterium
1375 5307 1498 5344 cum
1566 5292 1816 5345 omnibus

243 5383 404 5436 rebus
435 5383 548 5435 suis
574 5396 710 5449 quas
743 5395 888 5434 nunc
935 5380 1094 5434 habet
1123 5391 1215 5432 aut
1263 5379 1572 5434 habiturum
1622 5388 1709 5434 est
1760 5381 1815 5434 in

243 5485 584 5544 perpetuum,
614 5491 680 5528 ne
722 5473 772 5526 id
801 5473 1044 5528 videlicet
1092 5473 1248 5527 alicui
1281 5473 1430 5531 Patri
1467 5482 1558 5528 aut
1597 5473 1816 5528 domino

248 5541 611 5618 iiigltomano
642 5562 878 5633 pontifici
930 5563 1294 5631 Slllljllgulllm,
1343 5563 1438 5618 sed
1494 5577 1708 5630 semper
1749 5563 1816 5618 ab

245 5659 389 5711 omni
427 5657 741 5710 subactione
764 5667 817 5710 et
845 5656 1155 5711 conditione
1185 5656 1496 5712 Casinensis
1541 5666 1815 5712 monaste-

245 5749 311 5801 rii
346 5759 576 5812 maneat,
623 5763 784 5816 quam
817 5747 940 5802 fecit
972 5747 1106 5801 Urso
1134 5746 1300 5800 abbas
1437 5751 1651 5823 Sophim
1678 5755 1812 5808 liber

1895 532 2078 584 Sancti
2122 526 2396 582 Benedicti
2444 522 2756 580 Casinensis
2783 518 3122 581 monasterii,
3153 531 3314 586 quam
3347 515 3471 567 fecit.

1897 617 2031 673 llrso
2054 618 2221 671 abbas
2247 616 2304 669 S.
2339 615 2557 683 Sophia:
2601 613 2652 665 in
2697 610 2980 680 praesentia
3013 607 3314 676 principum
3343 602 3470 658 Jan-

1894 709 2074 778 dolphi
2123 724 2186 762 ac
2218 705 2514 775 l‘andolphi
2551 703 2665 764 lilii,
2707 701 2837 770 quin
2891 707 2945 754 et
2993 707 3365 766 magnatorum
3407 707 3470 744 ac

1887 801 2131 872 judicnut
2163 814 2386 862 eorum;
2425 811 2634 851 necnon
2663 803 2716 847 et
2739 791 2919 846 multis
2950 787 3286 858 postmodum
3317 784 3471 836 antis

1894 909 1954 949 se
1982 891 2350 948 manifestavit
2376 888 2616 944 Joannes
2657 884 2827 938 abbas
2867 881 3106 950 prieditti
3159 874 3471 929 monasterii

1895 983 2204 1037 Casincnsis
2231 980 2322 1034 tibi
2346 977 2610 1045 Gregorio
2639 973 2818 1028 abbati
2851 972 2906 1027 S.
2939 971 3183 1040 Sopltire;
3218 965 3474 1036 quemad-

1897 1075 2112 1128 modum
2142 1084 2196 1126 et
2219 1071 2547 1140 Magelpotus
2571 1067 2742 1122 abbas
2770 1064 3058 1134 praedictus
3091 1059 3231 1115 Urso
3257 1055 3472 1121 abbati;

1898 1171 2199 1217 statuentes
2247 1159 2600 1230 apostolicam
2643 1170 2932 1211 censuram
2965 1153 3066 1206 sub
3094 1148 3261 1202 divini
3285 1145 3472 1217 judirii

1898 1256 2269 1312 obtestatione
2331 1263 2387 1308 et
2453 1249 2814 1304 anathematis
2871 1240 3361 1303 interdictionilms,
3418 1249 3478 1290 ut

1899 1348 2031 1403 nulli
2077 1345 2512 1402 Christianorum
2581 1339 2916 1402 viventium,
2975 1335 3342 1404 cnjnsrunque
3406 1328 3478 1380 sit

1899 1439 2179 1509 dignitatis
2210 1437 2290 1491 vel
2330 1434 2602 1504 potentiae,
2660 1431 2819 1485 liccat
2863 1438 3052 1482 contra
3084 1427 3186 1479 hoc
3231 1429 3474 1475 nostrum

1902 1530 2258 1600 apostolicum
2289 1525 2628 1597 privilegium
2676 1521 2859 1575 venire
2897 1529 2988 1570 :mt
3042 1518 3344 1582 insurgere,
3393 1509 3475 1600 vel

1902 1599 1968 1676 de
1995 1623 2154 1676 rebus
2183 1628 2237 1673 et
2279 1614 2714 1688 possessionibus
2747 1609 2984 1680 ejusdem
3026 1603 3337 1660 monasterii
3382 1599 3479 1654 ali—

1904 1729 2010 1782 quo
2025 1713 2181 1766 modo
2210 1710 2296 1765 vel
2325 1708 2506 1777 aliquo
2530 1705 2744 1775 ingenio
2767 1701 2980 1756 auferre
3010 1699 3091 1754 vel
3115 1711 3398 1765 usurpare,
3423 1702 3480 1744 ιιι

1832 1783 1878 1841 Β
1901 1807 2166 1876 profecto,
2198 1804 2352 1872 juxta
2383 1801 2434 1855 id
2483 1799 2625 1868 quod
2672 1796 2972 1863 subjectum
3003 1793 3190 1852 eodem
3215 1788 3332 1848 loco
3358 1800 3480 1876 apo-

1900 1875 2105 1952 stolicre
2143 1889 2553 1948 constitutionis
2585 1895 2747 1954 atque
2783 1883 3051 1954 privilegii
3091 1877 3360 1937 consistit,
3395 1875 3481 1926 in-

1899 1999 2163 2042 concusse
2207 1981 2499 2038 dotandum
2569 1984 2880 2045 permaneat
2917 1991 2929 2025 :
2972 1980 3026 2024 ct
3078 1971 3236 2024 liteat
3282 1963 3482 2018 eisdem

1901 2073 2180 2130 monachis
2236 2073 2302 2127 de
2352 2073 2463 2141 ipsa
2512 2066 2932 2137 congregatione
2987 2060 3234 2114 abbatem
3272 2069 3485 2124 semper

1901 2167 2122 2236 eligere,
2148 2173 2326 2234 etnon
2347 2162 2416 2216 sit
2443 2161 2648 2213 licitum
2677 2156 2834 2210 alicui
2862 2154 3112 2222 episcopo
3137 2149 3242 2203 ibid
3281 2163 3331 2200 ιιι
3353 2145 3482 2236 mis-

1901 2233 2014 2311 sam
2049 2233 2230 2308 facere
2261 2260 2352 2304 aut
2380 2265 2599 2314 canere,
2645 2245 2925 2300 autetiam
2965 2241 3358 2295 ordinationem
3397 2233 3484 2286 fa-

1903 2362 2048 2410 cerc,
2073 2345 2174 2399 nisi
2197 2359 2356 2413 quem
2379 2341 2546 2396 abbas
2569 2338 2810 2407 ejusdem
2835 2333 3142 2388 monasterii
3171 2341 3492 2398 proxocavc-

1904 2439 1992 2493 rit.
2025 2436 2080 2490 Si
2132 2449 2252 2504 quae
2283 2432 2572 2488 temerario
2623 2444 2754 2484 ausu
2803 2419 2990 2481 contra
3046 2424 3185 2476 hanc
3244 2429 3484 2472 nostram

1905 2528 2260 2599 apostolicam
2314 2523 2729 2594 praeceptionem
2789 2518 2974 2570 venire
3039 2511 3345 2572 tcutavcrit,
3406 2505 3490 2561 vel

1903 2621 2267 2686 deﬁnitiones,
2289 2631 2424 2686 quas
2447 2613 2686 2686 praedicti
2709 2611 2934 2664 abbatcs
2966 2608 3104 2660 inter
3131 2621 3188 2655 se
3221 2603 3490 2662 fecerunt,

1905 2729 2121 2786 quoquo
2145 2712 2303 2766 modo
2331 2709 2514 2764 irritas
2541 2707 2723 2776 facere
2748 2699 2973 2756 voluerit
2999 2708 3088 2750 aut
3118 2691 3488 2786 contenderit;

1905 2804 1992 2860 vel
2018 2805 2180 2858 etiam
2232 2801 2280 2854 si
2313 2800 2494 2867 aliqua
2521 2810 2746 2866 persona
2801 2791 3076 2846 hominum
3130 2801 3215 2838 res
3263 2796 3389 2834 suas
3436 2795 3490 2831 tn

1905 2899 2096 2975 eodem
2125 2893 2455 2949 monasterio
2482 2889 2565 2944 vel
2596 2884 2842 2952 ecclesiis
2880 2882 2986 2936 illis
3017 2877 3274 2946 subjects
3297 2871 3494 2932 oﬂerrc

1911 2988 1992 3042 vel
2022 2963 2150 3040 dare
2179 2982 2499 3044 volucrit,et
2523 2979 2700 3045 aliqua
2717 2989 2947 3042 persona
2978 2970 3252 3025 hominum
3281 2963 3492 3017 subtra-

1910 3081 2040 3134 here
2068 3077 2194 3131 illud
2249 3071 2496 3134 voluerit,
2553 3068 2624 3122 sit
2677 3083 2707 3120 a
2751 3066 2856 3118 Deo
2895 3061 3080 3122 Patre,
3130 3067 3185 3109 et
3227 3053 3386 3114 Filio,
3437 3058 3494 3102 et

1909 3169 2112 3239 Spiritu
2159 3173 2348 3218 sancto
2399 3155 2896 3214 excommunicatus
2927 3157 2980 3204 ct
3011 3144 3340 3202 maledictns,
3373 3147 3430 3239 et
3461 3153 3494 3191 ιι

1904 3229 2062 3316 beato
2091 3259 2255 3312 Petro
2301 3263 2356 3310 et
2389 3251 2556 3306 Paulo
2586 3248 2844 3318 apostolis
2881 3241 3090 3296 Domini
3142 3235 3311 3291 nostri
3363 3229 3492 3286 Jesu

1906 3353 2105 3408 Christi
2138 3346 2631 3404 anathematizatus
2656 3349 2708 3394 et
2729 3338 3149 3394 condemnatus;
3178 3329 3229 3381 in
3257 3327 3344 3380 die
3367 3339 3495 3376 vero

1901 3442 2088 3510 judicii
2131 3457 2251 3495 cum
2288 3435 2504 3493 diabolo
2541 3442 2594 3488 et
2632 3430 2839 3502 angelis
2881 3424 2996 3492 ejus
3041 3419 3405 3492 pratcipitetur
3439 3415 3494 3467 in

1908 3535 2210 3605 gehennam
2260 3539 2520 3585 aeternam
2568 3527 2685 3579 sine
2741 3524 2844 3576 line
2894 3533 3138 3573 arsurus.
3195 3511 3297 3580 Qui
3365 3523 3494 3605 vero

1907 3601 2092 3681 custos
2116 3635 2170 3680 et
2213 3629 2522 3676 asset-valor
2581 3619 2632 3670 in
2680 3616 2930 3670 omnibus
2980 3610 3137 3678 hujus
3191 3601 3494 3675 apostolica:

1908 3715 2284 3788 praeceptionis
2309 3723 2506 3766 nostra:
2541 3707 2870 3764 salutaribus
2898 3700 3201 3756 constitutis
3225 3695 3490 3760 extiterit,

1908 3809 2054 3866 omni
2105 3805 2476 3862 benedictione
2505 3801 2776 3870 repleatur
2807 3811 2901 3866 per
2929 3796 3108 3849 omnia
3147 3789 3342 3844 stecula
3393 3800 3494 3840 sa:-

1910 3901 2173 3962 culorum.
2202 3899 2394 3952 Amen.
2671 3965 2674 3968 _

1983 3995 2252 4061 Scriptum
2281 4005 2378 4061 per
2418 4003 2634 4042 manum
2666 3981 2926 4052 Stephani
2973 3978 3169 4033 notarii
3199 3971 3492 4046 regionarii

1887 4066 1964 4140 ὀι
1988 4083 2255 4140 scriniarii
2281 4083 2338 4136 S.
2365 4081 2427 4134 ιι.
2454 4079 2517 4133 Ε.
2552 4079 2604 4133 in
2646 4090 2830 4131 mense
2860 4072 3016 4127 Mart.
3051 4070 3236 4124 indict.
3263 4082 3309 4120 v.

2605 4209 2815 4266 XXVII.

1911 4311 2072 4369 Bulla
2121 4310 2394 4364 Benedicti
2433 4305 2578 4360 VIII
2617 4321 2766 4372 papa:
2795 4319 2902 4367 qua
2933 4297 3283 4372 Pomposiana
3310 4309 3492 4349 mona-

1983 4383 2142 4437 sterio
2173 4392 2365 4435 cuncta
2393 4368 2665 4447 privilegia
2687 4368 2740 4427 et
2761 4373 2889 4442 jura
2918 4368 3215 4438 conﬁrmat.

2510 4497 2688 4567 (Anno
2727 4493 2908 4552 1022.)

2193 4605 2526 4688 [Melinum
2561 4613 2734 4681 Antiq.
2767 4610 2918 4674 Μαίη
2947 4608 3010 4673 ν,
3042 4605 3224 4678 1051.]

1987 4706 2327 4764 Βεςειιιετυε
2397 4708 2718 4777 episcopus,
2782 4719 2972 4759 servus
3033 4715 3314 4756 servorum
3374 4696 3488 4763 Dei,

1914 4803 2133 4861 Wmom
2179 4801 2474 4856 venerabili
2522 4800 2703 4854 abbati
2751 4793 3070 4851 monasterii
3125 4790 3338 4844 Sancta:
3394 4789 3486 4842 Dei

1917 4895 2196 4965 genitricis
2245 4893 2426 4948 Mariae
2449 4893 2679 4950 dominm
2710 4898 2928 4950 nostrai,
2963 4885 3050 4938 siti
3081 4885 3133 4938 in
3163 4882 3335 4936 insula
3369 4896 3489 4949 quzc

1917 4987 2117 5041 dicitur
2160 4986 2482 5054 Pomposia,
2536 4977 3047 5046 successoribusque
3100 4976 3210 5029 suis
3257 4974 3308 5028 in
3359 4987 3486 5042 per-

1918 5089 2041 5148 pctu
2050 5094 2137 5130 lli“
2147 5117 2159 5130 .

1985 5169 2253 5237 Quoniam
2305 5181 2517 5237 semper
2542 5173 2669 5220 sunt
2711 5159 3072 5222 concedenda,
3101 5172 3220 5226 quae
3252 5156 3486 5210 rationa-

1917 5265 2114 5320 bilibus
2133 5267 2434 5330 congruunt
2457 5255 2758 5316 desideriis,
2784 5259 2998 5322 oportet
3046 5257 3104 5302 ut
3127 5247 3484 5307 tlcv0tio,ete.

1916 5356 2081 5426 Igitur
2112 5355 2240 5423 quia
2269 5348 2557 5420 postulavit
2592 5359 2680 5399 tua
2715 5343 2973 5399 sanctitas
2995 5341 3232 5394 curvatis
3261 5337 3486 5409 genibus

1918 5457 2158 5499 nostram
2229 5443 2372 5512 piam
2455 5438 2780 5492 voluntatem
2876 5443 3143 5503 quatenus
3203 5429 3486 5498 praefatum

1918 5532 2550 5590 monasteriumSanctre
2575 5531 2665 5584 Dei
2691 5527 2987 5582 Gcnitricis
3011 5526 3242 5580 domina:
3267 5531 3482 5583 nostrae,

1918 5630 1970 5684 iu
2010 5627 2183 5682 insula
2219 5625 2575 5694 Pomposiana
2615 5623 2774 5676 sitmn
2798 5661 2812 5681 ,
2864 5618 3150 5689 privilegio
3191 5613 3487 5684 apostolico

1919 5721 2289 5784 roborarctur,
2320 5733 2388 5774 ne
2421 5717 2471 5773 id
2496 5715 2744 5769 videlicet
2773 5712 2931 5766 alicui
2961 5711 3260 5773 hominum,
3287 5716 3486 5776 prtetcr
