4014 6318
471 376 476 380 1
533 293 667 348 16ῗῖ
1795 293 2056 350 ΒΕΝΕῡΙε

2145 295 2158 349 Ι
2201 293 2308 351 Vlll
2337 297 2540 352 PAPE
3629 306 3728 362 l628

529 410 722 466 Donet
747 409 856 480 regi
880 407 1224 483 subjugatum
1247 423 1424 480 esset;
1457 413 1710 484 perillam
1732 420 2113 467 auctoritatem
2148 417 2190 471 A
2223 419 2584 484 apostolatum
2633 415 2970 486 respiciunt;
3029 424 3180 470 tanto
3225 415 3386 471 citius
3449 416 3733 488 pleniusqu»,

535 520 697 557 uuam
748 501 997 557 Christus
1047 504 1309 562 Dominus
1343 516 1528 561 noster
1582 505 1742 559 beato
1781 503 1942 559 Petro
1988 519 2117 573 apo-
2218 515 2420 576 quanto
2441 508 2762 576 oportunius
2786 508 2853 562 iis
2879 507 3123 578 indigere
3143 508 3533 576 eosnoseimus,
3559 510 3738 580 adipisci

536 601 801 653 stolarum
855 597 1085 668 principi
1152 608 1202 652 et
1256 609 1460 653 sanctae
1511 596 1768 652 Ecclesiae
1814 595 2120 651 rectoribus
2219 600 2417 653 debent
2489 607 2545 655 ut
2606 599 2751 655 nulla
2830 601 3161 655 indemnitas
3209 601 3596 656 venerabilibus
3637 603 3742 659 locis

539 692 838 757 concessit,
872 690 1257 745 consumimus
1288 697 1341 742 et
1378 689 1697 743 ordinamus
1750 695 1805 742 ut
1846 699 2120 754 nunquam
2219 690 2506 758 provenire
2558 691 2750 761 possit,
2795 691 2908 745 sub-
2943 692 3171 745 tuitioue
3208 691 3500 760 apostolica
3531 695 3741 762 receptis,

539 784 694 840 locus
719 784 837 854 ipse
863 793 955 837 aut
985 798 1072 836 res
1095 782 1161 835 ad
1194 782 1368 851 ipsum
1395 781 1748 852 pertinentes,
1780 787 1980 848 praeter
2011 777 2122 830 Deo
2220 798 2344 852 qua:
2401 792 2585 838 nostro
2637 784 2864 838 brachio
2895 793 3231 852 repugnante
3261 783 3365 838 non
3395 785 3744 840 submoveatur.

539 861 779 950 et'regi,
829 875 992 951 alicui
1030 873 1274 930 submitti
1318 871 1881 943 possintnmllusque
1915 879 2121 925 morta-
2221 871 2425 938 llatatm
2473 873 2706 942 denique
2761 883 3068 927 nostrarum
3117 873 3529 926 sollicitudinum
3580 889 3748 929 recom-

541 969 696 1032 lium,
731 977 926 1038 praeter
972 968 1134 1038 regia:
1178 967 1464 1036 potestatis
1511 965 1752 1032 culmen,
1796 964 1848 1018 iu
1894 961 2122 1034 praefato
2220 971 2571 1034 peusatOrem
2621 965 2910 1020 Dominum
2963 965 3256 1027 credimus,
3301 978 3460 1032 quem
3503 965 3551 1018 iu
3589 965 3742 1019 iisdem

540 1061 891 1126 monasterio,
925 1059 1100 1114 autin
1132 1058 1375 1112 cortibus
1414 1057 1500 1111 vel
1533 1057 1584 1111 in
1627 1054 1884 1120 castellis,
1920 1054 2034 1109 sive
2067 1053 2120 1107 in
2225 1057 2359 1110 locis
2423 1057 2605 1126 quiete
2668 1057 2874 1110 laudari
2929 1065 3198 1125 optamus.
3259 1053 3396 1109 Nam
3459 1062 3598 1110 tanto
3645 1056 3746 1110 inibi

540 1152 812 1222 plebibus,
846 1160 940 1204 aut
965 1150 1017 1202 in
1043 1149 1216 1213 cellis,
1247 1163 1340 1202 seu
1371 1149 1423 1201 in
1450 1147 1615 1211 villis,
1645 1146 1800 1215 aquis
1830 1160 2125 1215 aquarum-
2223 1149 2528 1218 degentium
2591 1148 2776 1204 laudes
2847 1157 2902 1203 et
2957 1162 3145 1218 preces
3191 1156 3355 1201 erunt
3410 1148 3752 1216 acceptabiles,

537 1260 645 1313 que
670 1242 1006 1304 decursibus,
1042 1239 1193 1308 ripis,
1221 1239 1456 1309 pascuis,
1483 1238 1658 1300 silvis,
1692 1235 2086 1306 piscatiouibus
2105 1276 2119 1297 ,
2223 1239 2429 1309 quanto
2460 1246 2674 1296 mentes
2703 1255 2890 1295 earum
2923 1241 2990 1294 ab
3011 1239 3162 1294 omni
3193 1238 3610 1309 perturbatione,
3635 1241 3758 1294 nobis

542 1334 852 1404 PalUdibUS.
879 1332 1239 1400 omnibusque
1269 1331 1429 1384 rebus
1461 1330 1754 1384 mobilibus
1785 1338 1841 1383 el
1873 1326 2125 1380 immobi-
2224 1332 2666 1403 suffragantibus,
2692 1342 2852 1388 erunt
2887 1333 3096 1387 alienas.
3135 1332 3304 1402 Igitur
3340 1331 3462 1399 quia
3493 1329 3758 1400 postulastis

543 1425 690 1480 libus
716 1425 784 1480 ad
809 1423 985 1494 ipsum
1009 1421 1426 1494 pertinentibus,
1456 1435 1556 1472 nec
1587 1433 1692 1472 non
1723 1417 1776 1472 in
1803 1418 1975 1472 servis
2001 1416 2118 1480 Dci,
2225 1441 2253 1476 ει
2307 1426 2461 1480 nobis
2515 1435 2782 1496 qnaienus
2835 1423 3226 1480 monasterium
3285 1423 3347 1477 δ,
3403 1422 3664 1478 Benedic“
3714 1425 3755 1477 in

542 1526 635 1570 aut
666 1515 720 1570 in
753 1514 972 1568 famulis
1000 1514 1283 1582 utriusque
1310 1527 1490 1573 sexus,
1519 1511 1632 1564 sive
1658 1511 1821 1564 etiam
1850 1509 1904 1562 in
1939 1509 2125 1563 liber's
2227 1527 2409 1573 ηιοηιε
2433 1517 2630 1573 Casino
2661 1519 2824 1573 είιιιιιι
2851 1558 2865 1581 ,
2899 1518 3053 1587 cuius
3097 1515 3314 1570 animus
3347 1516 3761 1570 consecrationem

546 1624 709 1678 super
741 1615 915 1662 terras
942 1605 1184 1673 ejusdem
1229 1603 1543 1658 monasterii
1594 1601 1977 1664 residentilms,
2019 1601 2120 1654 ali-
2229 1630 2409 1684 ηυρωι
2430 1627 2496 1667 εχ
2523 1613 2664 1668 ιιουο
2690 1611 2920 1682 piissimi
2955 1611 3172 1666 nemici
3202 1610 3545 1680 imperatoris
3572 1608 3762 1662 Romani

547 1716 710 1769 quam
737 1697 1161 1764 ordinationem,
1196 1697 1280 1752 vel
1309 1695 1718 1760 auctoritatem,
1750 1696 1863 1749 sive
1891 1703 2125 1764 potesta-

2170 1766 2198 1776 ,_
2231 1707 2600 1776 suscepimus,
2649 1715 2704 1760 et
2731 1720 2830 1774 per
2874 1719 2973 1759 nos
3018 1713 3073 1759 et
3124 1716 3470 1758 successores
3504 1710 3693 1755 nostros
3718 1701 3755 1755 i

544 1806 652 1853 tem
706 1805 802 1851 aut
844 1794 1279 1865 iurisdictionem
1349 1801 1567 1857 tenere,
1611 1790 1697 1844 vel
1758 1787 2125 1846 conversatio-
2160 1787 2198 1824 υ
2231 1807 2576 1870 ροτρειυαηι,
2602 1795 2750 1852 unua
2781 1795 3049 1865 ρι-εινίιειε
3074 1793 3388 1870 simoniaca
3417 1791 3765 1846 ίηιεηεηίαιιο

544 1903 668 1942 nem
713 1886 1106 1943 monachormn
1148 1883 1410 1954 impedire
1449 1895 1544 1937 seu
1587 1881 1892 1937 molestiam
1924 1878 2128 1934 inferre
2230 1868 2648 1952 consecrandis,
2697 1884 3071 1948 concedimus,
3105 1868 3188 1938 ἐι
3243 1881 3640 1944 conﬁrmamus,
3671 1895 3767 1935 cum

547 1985 864 2047 prmsumat,
903 1983 997 2029 aut
1041 1975 1096 2029 in
1137 1972 1408 2043 aliquibus
1445 1972 1582 2028 locis
1610 1970 1780 2042 ipsius
1809 1969 2127 2025 monasterii

2231 1979 2483 2037 oumibus
2500 1977 2773 2042 ecclesiis,
2799 1973 3173 2040 monasteriis,
3202 1973 3376 2038 cellis,
3417 1971 3657 2034 castellis.
3684 1981 3766 2026 etc.

551 2065 861 2123 districtum
883 2065 1084 2120 habere
1105 2063 1189 2119 vel
1209 2063 1476 2131 judicare,
1501 2079 1594 2118 seu
1619 2061 1838 2132 aliquod
1869 2061 2129 2132 placitum

2234 2072 2364 2126 l’ost
2390 2070 2602 2126 obitum
2629 2081 2758 2124 vero
2786 2075 2936 2121 tuum
2970 2079 3132 2120 nemo
3159 2063 3290 2120 inibi
3322 2063 3613 2119 constituat
3637 2062 3770 2116 abba-

547 2161 757 2230 absque
797 2158 1022 2213 licentia
1062 2156 1276 2212 abbatis
1315 2165 1519 2220 tenere,
1569 2155 1654 2210 vel
1696 2169 1784 2212 res
1814 2152 2132 2208 monasterii
2236 2172 2368 2225 [en].
2407 2163 2511 2216 nisi
2570 2175 2732 2232 quem
2780 2166 3100 2226 conventus;
3124 2166 3178 2212 ει
3224 2157 3480 2212 voluntas
3518 2153 3774 2210 communi;

555 2249 834 2314 invadere,
884 2257 980 2303 aut
1024 2247 1218 2317 quovis
1269 2246 1429 2300 modo
1476 2245 1737 2310 alienare,
1790 2253 1882 2298 aut
1915 2243 2129 2297 fodrun
2237 2252 2464 2307 (“mu-nm
2508 2267 2576 2308 εχ
2633 2253 2746 2322 ipsa
2792 2249 3214 2321 congregatione
3263 2247 3466 2320 ειοςῑις
3498 2247 3685 2300 eieci“;
3723 2245 3775 2299 ad

555 2343 642 2399 vel
673 2351 915 2413 paratas,
949 2355 1040 2396 seu
1073 2340 1282 2410 aliquas
1305 2338 1549 2410 publicas
1575 2336 1885 2392 ΐιιηοιίοηρε
1915 2337 2135 2406 exigere
2240 2361 2338 2400 nos
2389 2345 2472 2399 vel
2528 2357 2878 2399 successores
2920 2350 3136 2396 nostros
3186 2339 3585 2396 consecrandus
3641 2338 3777 2409 gratis

549 2435 634 2490 vel
661 2433 940 2503 requirere
981 2431 1201 2488 audeat.
1246 2431 1325 2485 Et
1367 2440 1479 2484 tam
1509 2444 1537 2484 a
1568 2437 1839 2498 potestate
1862 2425 2134 2495 archiepi-

2238 2446 2292 2492 et
2317 2438 2434 2492 sine
2459 2437 2634 2508 pretio
2657 2436 2872 2501 veniat;
2911 2435 3055 2504 quod
3082 2433 3128 2488 si
3157 2433 3380 2487 aliunde
3407 2431 3602 2497 veniat,
3633 2429 3704 2483 vel
3726 2431 3777 2483 ab

559 2539 846 2594 scoparum
897 2538 1061 2593 quam
1115 2521 1182 2576 ab
1228 2521 1481 2576 onmibus
1527 2520 1921 2584 subtrahimus,
1969 2517 2136 2588 regali
2241 2531 2350 2584 alio
2398 2531 2583 2602 θηριυο
2619 2528 3031 2598 archiepiscopo
3076 2525 3159 2581 vel
3208 2524 3471 2594 episcopo
3514 2523 3777 2577 consecrari

561 2615 939 2672 la'llummOdO
986 2614 1072 2670 vel
1110 2613 1379 2683 imperia“
1422 2612 1752 2667 ευδῐηίεεηιη
1806 2610 1994 2664 “nimii
2053 2608 2141 2664 νει
2242 2623 2514 2688 maluerit,
2551 2632 2678 2678 tunc
2701 2626 3052 2678 consecrator
3071 2627 3128 2673 et
3149 2627 3507 2674 consecratus
3535 2615 3778 2668 anathema

558 2703 1017 2762 defensioni.Nec
1037 2719 1144 2760 non
1166 2713 1222 2760 et
1243 2703 1629 2759 conﬁrmamus
1667 2701 1823 2756 vobis
1851 2700 2140 2771 piscariam
2243 2717 2374 2770 εμπ,
2430 2715 2495 2769 ις,
2537 2715 2680 2784 in!”
2707 2731 2728 2769 ε
2754 2713 2980 2782 Insuper
3024 2711 3191 2766 cnam
3247 2708 3548 2779 εροειοιίεει
3592 2723 3781 2762 censura

555 2813 717 2866 quam
757 2795 966 2852 Volana
1000 2810 1122 2850 cum
1155 2796 1271 2850 suis
1299 2794 1646 2864 pertinentiis
1695 2792 1878 2847 habet.
1916 2791 1973 2846 Si
2017 2793 2140 2862 quis

2245 2810 2346 2864 sub
2373 2808 2542 2863 divini
2562 2807 2752 2878 judicii
2774 2805 3140 2862 obtestatione
3177 2803 3532 2873 prohibemus
3558 2811 3609 2853 ut
3641 2798 3781 2852 nullus

556 2897 736 2944 autem
771 2930 786 2954 ,
847 2890 992 2958 quod
1057 2887 1282 2942 minimc
1345 2896 1643 2958 optamus,
1713 2885 2032 2946 inobediens
2088 2894 2141 2939 et

2246 2900 2534 2970 episcopus
2583 2905 2875 2968 prmsumat
2927 2897 2980 2951 in
3025 2894 3137 2964 jam
3188 2895 3334 2950 dicto
3379 2891 3690 2947 monasterio
3721 2888 3781 2940 vel

556 2990 899 3050 contemptor
944 2979 1106 3049 hujus
1153 2981 1324 3036 nostri
1373 2980 1640 3051 privilegii
1691 2979 1744 3033 in
1789 2986 1904 3032 toto
1957 2976 2041 3032 vel
2090 2976 2141 3031 in

2249 2991 2303 3046 in
2334 2990 2584 3045 ecclesiis
2625 2989 2728 3044 sibi
2769 2987 3032 3057 subjectis
3077 2977 3424 3041 sacerdOtetn
3466 2981 3783 3038 excommuni-

560 3088 715 3149 parte
780 3088 1034 3150 repertus
1102 3078 1306 3142 fuerit,
1371 3077 1456 3132 vel
1514 3077 1802 3132 occasione
1857 3073 2218 3172 CUJUSlibelC
2248 3099 2374 3138 care
2423 3082 2504 3136 Vel
2533 3083 2600 3137 ad
2643 3082 2908 3152 synodum
2956 3093 3274 3148 provocare.
3447 3076 3566 3147 quis
3607 3083 3779 3132 aulcm.

562 3187 811 3243 persona:
855 3180 1122 3227 attentare
1165 3172 1596 3242 praesumpserit.
1662 3169 1764 3225 nisi
1833 3168 2144 3238 resipuerit,
2182 3165 2218 3172 “
2251 3177 2396 3247 quod
2450 3191 2574 3229 nnn-
2613 3184 2892 3244 optamus,
2949 3170 3159 3226 nefario
3208 3185 3345 3225 ausu
3403 3165 3783 3239 pmimpseril,

573 3261 1044 3317 naledictionema
1067 3262 1247 3324 Patre,
1263 3273 1315 3315 et
1339 3261 1566 3324 Filio,ct
1583 3259 1786 3328 Spiritu
1811 3267 2002 3314 sancto
2025 3271 2149 3312 con-
2252 3271 2367 3324 hanc
2393 3284 2512 3338 qua.
2543 3281 2573 3320 ε
2605 3264 2762 3320 nobis
2795 3264 2859 3318 ad
2891 3261 3106 3317 [andem
3131 3262 3225 3317 Dei
3263 3275 3365 3330 pro
3399 3257 3677 3315 ambilitati;
3699 3255 3785 3324 jam

563 3361 844 3420 sequatur,
878 3360 933 3408 et
956 3367 1080 3408 cum
1120 3351 1332 3408 diabolo
1356 3351 1579 3420 ejusque
1606 3351 1768 3405 sociis
1795 3347 2148 3404 atrocissimis

2251 3360 2382 3414 dicti
2416 3357 2730 3414 monasterii
2763 3363 2967 3411 statuta
3001 3363 3151 3420 sunt,
3190 3351 3460 3424 refragari
3505 3358 3596 3404 aut
3622 3349 3667 3402 in
3690 3362 3787 3416 quo-

566 3444 744 3514 ptBllis
789 3453 843 3498 et
885 3452 1091 3498 aeterno
1128 3444 1376 3498 incendio
1411 3445 1719 3512 deputetur,
1768 3456 1866 3496 nec
1909 3454 2151 3494 resurre-

2253 3469 2466 3521 cuuque
2494 3451 2819 3521 transgredi,
2842 3451 2983 3505 sciat
3012 3464 3095 3514 se,
3125 3447 3228 3502 nisi
3262 3443 3576 3516 resipuerit,
3604 3440 3785 3496 anathe-

567 3537 750 3593 ctione
798 3536 1096 3592 electorum
1150 3535 1333 3590 futura
1391 3537 1590 3604 dignus
1641 3535 1970 3597 inveniatur,
2015 3541 2070 3587 et
2119 3548 2148 3585 a

2254 3547 2441 3614 matis,
2466 3543 2684 3598 vinculo
2733 3543 3073 3607 innodatum,
3103 3549 3156 3596 et
3183 3555 3213 3594 a
3246 3553 3416 3610 regno
3441 3539 3536 3594 Dei
3566 3535 3781 3597 alienum,-

567 3626 949 3682 communione
998 3637 1053 3682 et
1101 3635 1306 3682 sancta:
1361 3627 1555 3680 matris
1605 3625 1863 3680 Ecclesia:
1916 3623 2038 3679 sinu
2092 3630 2151 3678 et

2253 3646 2308 3692 et
2331 3653 2452 3690 cutn
2475 3635 2690 3690 diabolo
2732 3642 2788 3690 et
2830 3635 2948 3704 ejus
2991 3632 3350 3688 atrocissimis
3407 3630 3632 3702 pompis,
3663 3635 3787 3693 atque

566 3718 848 3774 consortio
878 3727 1192 3773 sanctorum
1224 3719 1295 3773 sit
1324 3718 1551 3772 alienus.

2253 3725 2390 3781 Iuda
2437 3726 2701 3780 traditore
2735 3724 2948 3778 Domini
2991 3723 3165 3778 nostri
3201 3722 3332 3778 Jesu
3363 3719 3570 3776 Christi
3595 3721 3644 3773 in
3670 3726 3788 3770 εισι·-

640 3810 913 3881 Scriptum
967 3827 1065 3881 per
1115 3828 1308 3866 manus
1361 3810 1623 3881 Stephani
1677 3809 1836 3880 primi
1878 3807 2150 3864 scriniarii
2254 3821 2338 3873 nis
2370 3818 2634 3873 incendiis
2659 3826 2713 3871 ει
2739 3816 3019 3886 suppliciis
3055 3817 3492 3871 concreniandns
3519 3816 3585 3870 sit
3613 3811 3783 3879 deputa-

571 3909 776 3956 sanctae
815 3901 1127 3972 apostolicae
1171 3901 1338 3966 sedis,
1391 3900 1445 3954 in
1490 3914 1676 3954 mense
1716 3896 1879 3964 Julio,
1915 3906 1970 3952 et
2007 3897 2150 3952 indi-

2256 3918 2363 3965 tus.
2394 3910 2462 3962 At
2483 3924 2610 3963 vero
2638 3909 2730 3977 qui
2758 3908 2848 3978 pio
2879 3907 3074 3960 intuitu
3106 3907 3441 3961 observator
3493 3915 3544 3960 et
3571 3902 3619 3957 in
3652 3899 3789 3955 omni-

2158 1766 2199 1824 Β

575 3995 755 4049 cum“?
782 4009 835 4049 νο
2197 4039 2200 4042 ~
2255 4002 2354 4056 bus
2410 3999 2725 4056 custodiens
2777 3998 3051 4052 exstiterit
3105 3997 3264 4064 hujus
3325 3997 3499 4051 nostri
3556 3987 3789 4063 apostolici

642 4087 792 4142 Bene
811 4086 1006 4144 valete.
2255 4093 2557 4160 constituti,
2587 4101 2641 4148 et
2663 4091 2727 4145 ad
2759 4090 2962 4146 cultum
2997 4089 3089 4144 Dei
3126 4089 3538 4159 respicientibus
3566 4084 3702 4156 (sic);
3727 4081 3790 4133 lte-

1245 4198 1477 4253 XXV’III.
2256 4184 2582 4239 uedictionis
2611 4181 2844 4253 gratiam
2869 4197 2898 4234 a
2927 4179 3444 4234 misericordissima
3471 4174 3682 4230 Domino
3705 4171 3788 4224 Deo

578 4289 844 4344 Benedicti
908 4287 1049 4344 VIII
1102 4307 1253 4360 papa?
1303 4290 1631 4359 privilegium
1683 4305 1777 4358 pro
1835 4298 2152 4341 monasterio
2256 4286 2464 4340 nostro,
2497 4291 2594 4345 per
2630 4273 3079 4329 intercessionem
3113 4272 3256 4326 beati
3288 4271 3432 4326 Petri
3461 4266 3790 4338 apostolorum

1157 4354 1432 4415 Casinemi
1464 4354 1561 4431 (5).
1684 4354 1694 4358 ⁷
2258 4367 2520 4438 principis
2561 4375 2616 4421 et
2652 4366 2712 4419 Β.
2741 4395 2742 4408 ι

2258 4367 2520 4438 principis
2561 4375 2616 4421 et
2652 4366 2712 4419 Β.
2741 4363 3072 4420 confessoris
3134 4361 3414 4416 Benedicti
3466 4354 3789 4426 multipliciter

1048 4451 1226 4521 (Auno
1263 4451 1420 4514 1225,
1453 4449 1576 4505 Julii
1615 4450 1691 4519 1.)
2190 4457 2235 4513 D
2261 4467 2633 4529 consequatur

2207 4457 2647 4529 Dconsequatur,
2701 4467 2755 4512 et
2813 4458 2937 4512 vita:
2984 4465 3204 4511 :eterme
3252 4453 3528 4524 particeps
3569 4465 3678 4507 esse
3710 4463 3792 4501 nte-

843 4542 1193 4614 [Mancanmh
1225 4543 1432 4597 Bullar.
1468 4541 1673 4603 Casin.,
1697 4540 1759 4605 ll,
1789 4542 1904 4611 75.]
2263 4558 2474 4605 reatur.

650 4654 989 4710 BENEDICTUS
1039 4656 1327 4723 episc0pus
1359 4695 1372 4718 ,
1441 4671 1632 4710 servus
1695 4670 1975 4709 servorum
2031 4653 2155 4719 Dei,
2337 4643 2612 4714 Scriptum
2665 4656 2764 4712 per
2819 4655 3040 4696 manum
3096 4637 3270 4708 Sergii
3327 4634 3596 4691 scriniarii
3647 4641 3692 4686 et
3727 4644 3794 4680 no-

582 4747 908 4801 charissimo
935 4744 1093 4800 nobis
1136 4745 1190 4800 in
1228 4745 1456 4800 Domino
1479 4745 1605 4801 Jesu
1635 4746 1852 4802 Christo
1887 4746 1996 4800 lilio
2021 4745 2160 4802 Teo-
2269 4738 2392 4793 tarii
2431 4736 2573 4792 sacri
2611 4734 2787 4791 n05ll‘i
2835 4733 3044 4806 palalii,
3079 4731 3334 4786 Kalendis
3360 4729 3514 4793 Julii.
3550 4723 3796 4780 ῖηιιίοιίοηθ

586 4851 756 4890 ΒΜ.υο
804 4836 1097 4891 venerabili
1147 4844 1202 4891 et
1250 4836 1505 4902 religioso
1556 4836 1738 4890 abbati
1800 4837 2160 4892 sacratissimi
2269 4837 2444 4885 sella-

587 4928 904 4983 monasterii
953 4929 1098 4983 beati
1132 4927 1408 4983 Benedicti
1449 4928 1775 4982 confessoris
1813 4927 2036 4992 Christi,
2071 4928 2162 4982 siti
2339 4923 2484 4977 Bene
2516 4920 2712 4975 valete.

587 5023 642 5074 in
698 5029 880 5074 monte
925 5021 1016 5090 qui
1072 5031 1297 5076 vocatur
1347 5021 1602 5075 Castrum
1649 5021 1830 5075 Casini
1860 5062 1873 5086 ,
1941 5036 2162 5091 sumque
2963 5027 3150 5083 XXIX.

587 5112 743 5168 almae
789 5114 1197 5185 congregationi
1229 5114 1281 5168 in
1313 5124 1659 5184 perpetumn,
1712 5115 1763 5168 in
1808 5113 2036 5170 Domino
2073 5129 2161 5168 sa-
2275 5131 2512 5201 ερξειοια
2547 5127 2818 5183 Benedicti
2858 5124 3001 5179 VIII
3031 5123 3278 5201 papa’nqd
3312 5119 3622 5201 Stephqpum
3648 5109 3795 5162 Am"

587 5205 776 5260 Ιυιεῐηο
2323 5187 2334 5201 ’
2503 5216 2688 5253 norum
2717 5199 3012 5267 episcopum
3031 5187 3140 5262 'pro
3179 5187 3610 5244 Clrmiurensibus.

663 5297 720 5352 Si
754 5299 922 5368 petita
951 5296 1245 5367 apostolica
1281 5296 1561 5367 suﬂ‘ragia,
1603 5295 1872 5350 universis
1895 5294 2158 5358 ecclesiis,
2773 5285 2950 5356 (Anno
2998 5279 3310 5336 {Ole-1024
3338 5279 3356 5348 )

590 5397 818 5458 cogente
863 5388 1166 5444 ministerio
1215 5403 1324 5456 quo
1368 5387 1581 5442 videtur
1622 5387 1857 5460 przevditi,
1900 5384 2167 5456 impertiri

1900 5384 2167 5456 impertiri
2667 5376 2894 5450 [Bullan
2930 5372 3197 5438 Cluniac.,
3229 5387 3348 5442 pag.
3385 5369 3459 5430 7.]

594 5480 873 5544 debemus,
902 5495 1022 5549 qua:
1062 5478 1370 5548 specialiter
1415 5477 1484 5534 ad
1533 5458 1779 5532 nostrum
1829 5475 2169 5530 solummodo
2350 5474 2686 5528 Bassam-rus
2707 5470 3006 5534 cpiscopus,
3038 5481 3226 5521 servus
3243 5477 3516 5520 servorum
3552 5457 3658 5521 Dei,
3685 5452 3793 5520 δι’

601 5689 626 5742 J
669 5620 766 5742 (Ἄ
805 5617 995 5674 Veram
1035 5619 1190 5674 bulla:
1228 5619 1385 5689 hujus
1429 5616 1746 5682 clausulam,
1787 5611 2167 5682 chronologica

635 5705 700 5742 u'
773 5726 787 5741 .

2228 5615 2383 5683 signa
2427 5607 2826 5673 continentem,
2869 5605 3024 5662 affert
3079 5602 3298 5659 Gattula
3340 5601 3470 5655 llist.
3511 5593 3676 5654 Casia.
3719 5585 3787 5642 56.

635 5705 787 5742 ure.
2513 5725 2515 5727 .
