4014 6318
268 290 288 341 1
323 281 413 335 32’)

1486 281 1842 339 EPlSTOL/E
1884 284 1972 338 ET
2009 282 2353 339 DECRETA.

3402 286 3534 341 1630

262 419 436 461 νωικο
496 402 864 456 Arvernorum
932 395 1340 465 religiosissimo
1420 397 1675 465 episcopo
1704 435 1720 461 ,
1795 396 1848 449 in
1879 403 1926 458 Α
1955 412 2170 465 euntque
2203 396 2291 449 ille
2315 394 2586 465 ligaverit,
2613 395 2907 464 apostolica
2934 404 2989 452 et
3010 405 3194 453 nostra
3211 398 3534 453 auctoritate

261 494 495 549 Domino
526 490 774 545 salutem.

336 582 500 637 Vobis
539 584 723 635 notum
764 587 849 632 est
885 577 1198 632 Cluniacum
1230 576 1614 629 monasterium
1645 585 1848 630 sancta:

259 674 525 727 Romana:
573 669 849 734 Ecclesia,
884 684 911 719 a
946 666 1233 720 fundatore
1280 663 1543 731 ejusdem,
1568 666 1634 718 ad
1663 664 1849 718 defen-

257 766 498 818 dendum
532 770 724 817 contra
754 757 1109 814 insatiabilem
1137 756 1484 825 cupiditatem
1511 755 1845 809 swculariuuu

256 870 385 909 esse
440 852 807 907 commissum.
848 847 1024 914 Unde,
1062 846 1287 915 iustitiae
1338 845 1521 914 regula
1579 844 1844 908 dictante,

258 946 547 1015 admoniti,
588 942 1013 1011 quotiescunque
1046 952 1356 1009 pressuram
1404 936 1572 990 isdem
1617 935 1765 989 locus
1814 950 1846 988 a

256 1049 444 1104 pravus
471 1028 775 1086 nominibus
808 1030 1033 1098 patitur,
1057 1036 1267 1082 scutum
1292 1032 1490 1080 nostra:
1516 1023 1845 1079 defensionis

258 1127 520 1183 debemus
568 1137 856 1195 opponere.
899 1121 955 1176 In
984 1118 1089 1191 qua
1118 1136 1176 1175 re
1208 1120 1551 1174 sanctitatem
1584 1126 1853 1181 vestram,

258 1220 332 1275 ad
360 1217 801 1286 confringendam
833 1215 1263 1270 cervicositatem
1288 1211 1464 1266 eidem
1487 1209 1732 1264 coenobio
1758 1225 1846 1265 res

257 1311 536 1381 delegatus
583 1322 772 1377 rapere
802 1305 1115 1365 volentium,
1149 1302 1465 1373 adjutricem
1500 1299 1667 1353 nostri
1725 1314 1845 1354 esse

255 1403 408 1458 omni
453 1401 627 1455 modis
665 1400 939 1463 volumus;
972 1407 1025 1453 ct
1067 1412 1171 1450 non
1233 1394 1402 1450 levem
1451 1392 1710 1462 lapillum,
1746 1393 1842 1449 scd

258 1494 616 1549 fortissimum
672 1487 1249 1547 excommunicationis
1296 1484 1537 1559 iacntem
1586 1501 1843 1556 regamus

256 1603 358 1641 vos
406 1587 457 1640 in
490 1600 584 1639 eos
632 1585 962 1656 intorquere,
1012 1585 1101 1653 qui
1150 1599 1286 1637 ausu
1340 1580 1572 1643 nefario,
1624 1577 1841 1631 Domini

262 1683 459 1737 timore
522 1679 859 1750 postposito,
923 1676 1015 1731 Dei
1083 1690 1269 1729 servos
1324 1672 1692 1727 scandalizare
1750 1678 1843 1723 aut

1954 486 2064 538 sint
2102 485 2282 554 ligati,
2339 493 2394 538 et
2424 500 2560 554 quos
2590 484 2902 551 absolverit,
2940 487 3059 543 sine
3095 498 3279 542 nostra
3325 490 3531 557 pariter

1952 576 2289 631 absolutione
2319 577 2500 632 soluti.
2542 577 2744 631 Damus
2773 579 2936 633 etiam
2971 579 3041 632 illi
3076 589 3398 648 potestatem
3434 597 3530 635 ora

1950 668 2170 721 diuandi
2201 669 2456 738 quidquid
2496 669 2641 739 juste
2684 671 2986 737 postulatus
3031 670 3195 725 fuerit
3243 673 3295 726 in
3342 684 3533 727 saneta

1950 758 2194 814 Ecclesia
2228 761 2503 825 ordinare,
2552 770 2927 815 verumtamen
2983 772 3033 816 te
3077 763 3321 831 juhcnte.
3386 760 3552 834 (Sine.

1948 849 2167 919 sigillo.)

2564 950 2576 959 '
2633 939 2824 997 XXXI.

1946 1050 2261 1104 Benedictus
2317 1049 2451 1105 VIII
2486 1054 2716 1106 concedit
2750 1064 2802 1106 ut
2859 1056 2913 1107 in
2957 1055 3177 1107 ecclesia
3218 1058 3530 1108 "commtet-ii

2020 1120 2384 1193 Riripollensis
2425 1133 2665 1193 edumtnr
2709 1124 2966 1185 Alleluia,
3006 1137 3054 1178 et
3099 1125 3323 1193 hymnus
3377 1144 3531 1192 unge-

2020 1192 2151 1263 licus
2182 1191 2535 1263 infestiritote
2563 1192 2866 1262 Ilypapnmi
2895 1195 3019 1259 (sire
3047 1198 3099 1247 in
3121 1191 3251 1263 [ἴδετο
3277 1191 3530 1263 puri/icu-

2016 1262 2170 1334 tionis
2231 1262 2394 1334 beato:
2446 1262 2694 1334 Muriw),
2738 1266 2944 1318 etiamsi
2996 1282 3056 1319 ea
3124 1262 3366 1318 inciderit
3414 1275 3533 1333 post

2018 1330 2487 1402 Septuagesimum.

2444 1444 2623 1514 (Anno
2674 1443 3029 1517 10124οΞ4).

2159 1556 2567 1628 [COCQUELINES,
2599 1555 2808 1610 Bullar.
2835 1557 3052 1611 Collect.
3084 1557 3122 1621 I,
3152 1557 3301 1627 318.]

2018 1667 2356 1721 BENEDICTUS
2413 1668 2729 1735 episcopus,
2794 1682 2984 1720 servus
3049 1682 3331 1721 servorum
3395 1665 3531 1730 Dei,

258 1775 610 1838 contristare,
660 1785 747 1826 res
790 1785 977 1825 eorum
1030 1768 1364 1830 auferendo,
1412 1780 1519 1819 non
1576 1770 1841 1818 metuunt.
1876 1770 1919 1828 Β
1949 1758 2313 1814 diiectissimis
2342 1758 2396 1811 in
2427 1756 2647 1811 Christo
2687 1758 2812 1812 filiis
2842 1759 2907 1812 ad
2957 1758 3304 1813 festivitatem
3347 1757 3523 1828 Hypa—

260 1868 538 1936 Prmcipue
570 1875 749 1920 autem
788 1864 890 1917 hoc
939 1862 1005 1915 ad
1065 1876 1303 1931 praesens
1349 1857 1531 1928 gladio
1580 1855 1844 1909 feriantur

260 1960 526 2013 Tetardus
555 1966 716 2025 atque
740 1953 1021 2010 Girbertus
1048 1952 1140 2007 filii
1174 1952 1459 2030 Stephani,
1487 1950 1581 2019 qui
1609 1948 1841 2011 alodem,

261 2064 424 2116 quem
478 2047 802 2101 Amblardus
856 2044 1299 2114 archiepiscopus
1366 2042 1585 2111 reliquit
1643 2039 1843 2096 Sancto

262 2138 446 2201 Petro,
475 2138 671 2205 injuste
695 2137 929 2190 retinent
955 2150 1018 2189 ac
1046 2135 1349 2202 possident.
1374 2132 1439 2186 lli
1464 2132 1646 2202 igitur,
1670 2130 1843 2183 donec

264 2229 491 2281 reddant
515 2223 626 2293 jam
656 2224 856 2277 dictum
888 2222 1283 2287 alodum,sicut
1330 2235 1394 2273 ex
1434 2228 1589 2288 parte
1631 2229 1839 2279 nostra,

262 2316 338 2370 ita
412 2331 478 2367 ex
557 2322 736 2369 vestra
782 2312 993 2370 vinculo
1046 2309 1622 2367 excommunicationis
1671 2308 1832 2362 inno«

263 2405 477 2475 dentur.

336 2495 477 2548 Bene
502 2493 699 2547 ‘valcte.

964 2581 1132 2635 XXX.

334 2695 639 2752 Benedictus
680 2696 821 2749 VIII
866 2714 999 2763 pupa
1049 2699 1115 2747 nd
1156 2695 1476 2750 l‘u'illelmmn
1531 2695 1767 2750 abbatem

702 2766 1003 2820 monasterii
1040 2766 1387 2819 Dirionensis.

771 2859 949 2929 (Anno
984 2857 1332 2929 10124021.)

575 2950 836 3022 [Primam
866 2950 1098 3013 Recueil,
1122 2961 1254 3014 etc.,
1288 2968 1340 3021 p.
1372 2950 1522 3023 273.]

335 3044 668 3098 Bcsemcros
689 3045 994 3113 cpiscopus,
1023 3058 1215 3098 servus
1244 3059 1525 3098 servorum
1554 3043 1836 3108 Dei,Wn.-

265 3150 438 3195 ιεωιο
478 3134 768 3188 venerabili
817 3111 998 3188 abbati
1026 3144 1078 3188 et
1129 3134 1181 3187 in
1213 3133 1430 3189 Christo
1459 3135 1655 3188 dilecto
1706 3134 1833 3200 lilio,
1866 3111 1909 3170 (ί

266 3228 491 3283 salutem
532 3227 906 3281 charissimam
948 3243 1071 3281 cum
1108 3227 1486 3281 benedictione
1515 3229 1836 3297 apostolica.

334 3319 532 3373 Audita
562 3319 836 3387 vigilantia
900 3319 1061 3373 studii
1094 3319 1196 3385 tui,
1225 3334 1330 3389 qua
1378 3320 1628 3390 iuvigilas
1679 3335 1841 3389 super

268 3411 404 3465 ﬁlios
429 3410 752 3465 commissos
780 3410 893 3471 tibi,
943 3409 1229 3464 referimus
1276 3409 1480 3479 gratias
1521 3411 1631 3465 Deo
1666 3412 1840 3465 omni-

265 3502 489 3570 potenti.
541 3500 779 3569 Denique
824 3501 1184 3569 comperimus
1234 3510 1284 3553 te
1327 3500 1534 3567 jamdiu
1590 3500 1841 3556 laborare

265 3590 611 3646 creberrimis
638 3599 851 3643 tuorum
902 3589 1136 3642 hostium
1167 3589 1585 3653 incursionibus,
1619 3602 1672 3643 et
1702 3604 1839 3658 pene

261 3680 373 3749 jam
420 3680 733 3735 destitutam
763 3678 1060 3733 Ecclesiam
1095 3687 1240 3732 tuam
1279 3696 1306 3731 a
1343 3679 1752 3747 diripientibus;
1784 3688 1840 3734 et

266 3770 571 3828 infortuniis
628 3773 770 3835 tuis,
818 3786 953 3840 quas
1008 3770 1306 3827 forinsecus
1359 3772 1585 3841 pateris,
1636 3773 1838 3827 condo-

266 3860 454 3917 lemus.
486 3860 729 3931 Namque
759 3877 855 3931 pro
893 3860 1298 3931 longanimitate
1346 3860 1639 3929 patientiae,
1672 3877 1833 3931 quam

251 3953 539 4030 .hucusque
563 3950 854 4005 exhibuisti
884 3950 1210 4004 adversariis
1259 3950 1512 4005 Ecclesia:
1540 3951 1835 4016 tuae,decet

264 4060 360 4099 nos
389 4044 643 4114 gaudere,
677 4050 732 4096 et
761 4041 1055 4097 bonitatem
1088 4053 1233 4097 tuam
1274 4043 1521 4111 laudare;
1554 4055 1831 4113 caeterum,

265 4139 523 4192 hactenus
573 4134 802 4190 sufﬁciat
852 4136 1168 4205 patientiam
1221 4136 1361 4191 hanc
1398 4138 1469 4191 ita
1519 4139 1832 4195 exhibuisse

266 4240 318 4282 ut
340 4231 554 4299 impune
567 4229 635 4282 ad
657 4228 879 4282 nihilum
904 4228 1214 4298 redigantur
1226 4231 1437 4299 penitus
1454 4247 1538 4287 res
1552 4233 1829 4299 Ecclesite,

265 4328 445 4388 etprae
472 4318 695 4387 penuria
726 4318 919 4387 inopia:
966 4318 1317 4373 labefactetur
1364 4321 1499 4375 ordo
1555 4322 1830 4391 religionis

1945 1849 2364 1927 panti_Domini
2407 1848 2460 1903 in
2511 1848 2759 1903 coenobio
2823 1848 3035 1903 Sancta:
3095 1848 3189 1903 Dei
3234 1847 3530 1904 Genitricis

1946 1941 2395 1997 convenientibus
2464 1940 2692 1996 salutem
2758 1950 2813 1996 et
2877 1941 3230 2011 apostolicam
3305 1940 3527 1995 benedi-

1944 2034 2201 2089 ctionem.

2014 2127 2279 2194 Quoniam
2308 2125 2485 2181 omnis
2509 2123 2828 2178 universalis
2858 2122 3111 2178 Ecclesia:
3133 2122 3309 2187 nobis,
3333 2136 3524 2192 quam-
3562 2166 3565 2171 .

1946 2218 2023 2271 vis
2056 2217 2360 2281 immeritis,
2393 2216 2683 2271 commissa
2717 2215 3012 2269 secundum
3050 2215 3219 2269 Deum
3250 2215 3523 2269 credimus

1946 2310 2058 2363 fore
2120 2310 2401 2379 regimina,
2455 2309 2659 2363 idcirco
2698 2306 2862 2375 jussit
2909 2322 3007 2363 nos
3066 2321 3517 2375 quorumcunque

1944 2403 2180 2459 lidelimn
2211 2403 2466 2458 convenit
2493 2416 2734 2455 annuere
2758 2400 2915 2463 votis,
2946 2408 3001 2455 et
3045 2398 3113 2453 ab
3145 2399 3269 2453 inde
3311 2398 3525 2453 cunctis

1941 2508 2199 2547 emanare
2227 2490 2550 2561 profectum,
2576 2489 2716 2543 unde
2743 2490 2909 2544 totius
2937 2496 3221 2555 aet-cptum
3249 2484 3524 2554 religionis

1943 2594 2155 2640 constat
2208 2584 2513 2638 exordium.
2567 2581 2907 2651 Quapropter
2960 2580 3349 2634 innotescimus
3405 2578 3527 2632 cha—

1944 2674 2088 2727 ritati
2158 2684 2354 2727 vestra:
2421 2671 2679 2739 quoniam
2734 2671 2920 2724 adiens
2993 2684 3091 2723 nos
3138 2668 3528 2723 dilectissinms

1943 2768 2085 2821 filius
2113 2775 2296 2821 noster
2320 2764 2497 2827 Oliba,
2527 2763 2762 2817 coenobii
2791 2762 3117 2831 Ripollensis
3169 2761 3359 2823 abbas,
3404 2760 3523 2813 zelo

1943 2859 2158 2925 divino,
2211 2866 2264 2913 et
2309 2857 2480 2910 beatae
2538 2854 2762 2924 virginis
2816 2853 2997 2908 Mariae
3047 2853 3239 2908 ductus
3303 2867 3519 2914 amore,

1941 2950 2258 3020 suppliciter
2287 2948 2442 3019 petiit
2472 2956 2548 3013 ut,
2582 2948 2625 3001 si
2675 2946 2930 3017 praedicta
2979 2946 3245 3001 festivitas
3275 2944 3526 2999 evenerit

1942 3054 2225 3114 postquam
2269 3043 2494 3097 dimissa
2546 3041 2712 3096 fuerit
2760 3042 3022 3105 Alleluia,
3070 3041 3158 3094 illa
3199 3041 3386 3095 eadem
3435 3041 3526 3095 die

1944 3147 2198 3192 cantetur
2224 3152 2345 3190 cum
2379 3134 2562 3191 Gloria
2591 3137 2646 3190 in
2678 3136 2894 3191 excelsis
2922 3136 3028 3190 Deo
3063 3137 3115 3190 in
3146 3135 3260 3191 solo
3298 3136 3522 3205 praefati.

1942 3229 2277 3283 monasterio
2324 3228 2425 3282 sibi
2473 3228 2694 3282 daretur
2754 3229 2992 3283 licentia.
3051 3229 3215 3298 Cujus
3273 3229 3524 3297 precibus

1940 3318 2098 3373 nobis
2152 3333 2393 3374 annuere
2432 3317 2618 3383 libuit,
2665 3319 3143 3388 concessimusque
3194 3319 3268 3372 illi
3326 3320 3522 3373 etsuis

1941 3408 1995 3460 in
2036 3417 2353 3477 perpetuum
2396 3408 2803 3464 successoribus
2844 3407 3096 3472 Alleluia,
3138 3408 3181 3462 si
3206 3407 3317 3478 jam
3361 3407 3525 3462 abstio

1942 3501 2085 3561 terit,
2108 3501 2365 3570 hymnum
2381 3516 2592 3569 quoque
2609 3500 2932 3571 angelicum,
2948 3517 3067 3555 cum
3090 3511 3175 3556 est
3196 3501 3519 3556 canendum.

1940 3592 2258 3659 Quicunque
2289 3591 2452 3660 igitur
2481 3592 2692 3661 gaudiis
2725 3590 2879 3659 hujus
2914 3592 3219 3646 festivitatis
3248 3592 3299 3644 iu
3328 3607 3518 3660 supra-

1939 3683 2143 3751 scripto
2167 3683 2283 3737 loco
2313 3682 2582 3738 studuerit
2609 3684 2904 3749 interesse,
2936 3685 3076 3738 sciat
3122 3701 3180 3739 se
3203 3685 3513 3738 donandum

1939 3788 2161 3827 munere
2184 3774 2535 3842 protectiouis
2557 3775 2773 3840 divinae,
2804 3785 2858 3831 et
2883 3786 3169 3846 augmento
3191 3776 3519 3831 benedictio-

1937 3862 2021 3916 nis
2081 3871 2298 3928 nostrze,
2353 3862 2647 3932 adjuvante
2691 3863 2818 3919 Jesu
2868 3863 3085 3920 Christo
3125 3865 3513 3935 benignissimo

1938 3952 2236 4008 Salvatore.
2826 4018 2829 4019 ν

2622 4047 2834 4102 XXXII.

2007 4135 2272 4190 Benedicti
2336 4136 2472 4191 VIII
2522 4155 2673 4207 papa:
2720 4138 2939 4218 epistola
2989 4138 3059 4191 ad
3105 4135 3444 4191 Gnillelmmn

2596 4220 2856 4262 εοηιιιεηι.

2424 4299 2612 4370 (Circa
2663 4315 2752 4353 an.
2809 4298 3007 4368 10M.)

265 4410 592 4473 monasticae,
639 4425 757 4478 quae
788 4410 915 4464 inibi
948 4410 1047 4464 sub
1078 4420 1128 4465 te
1153 4411 1453 4467 dinoscitur
1491 4416 1827 4484 praeponere.
1859 4447 1908 4506 υ
1935 4410 2214 4484 [Missum
2266 4412 2495 4466 Histoire
2540 4414 2605 4466 de
2663 4412 2901 4477 Nismes,
2953 4411 3225 4478 Preuves,
3278 4428 3331 4482 p.
3389 4412 3512 4482 20.)

267 4506 441 4560 llates
484 4515 658 4559 tecum
690 4504 856 4558 filium
893 4514 1137 4560 nostrum
1168 4505 1462 4576 Benignum
1497 4509 1825 4578 episcopum,

266 4598 462 4668 gratias
486 4596 615 4662 Deo,
652 4596 899 4649 effectum
922 4597 1264 4662 monachum,
1289 4613 1448 4666 quem
1481 4600 1831 4655 admouemus

266 4692 485 4744 honeste
513 4695 569 4743 et
612 4687 862 4756 religiose
902 4689 1238 4750 conversari,
1278 4688 1667 4755 professionem
1700 4691 1830 4745 obc-

266 4780 477 4834 dicntize
527 4778 768 4833 moribus
798 4788 851 4832 et
881 4792 1042 4848 opere
1072 4783 1350 4834 attendere
1374 4821 1390 4845 ,
1424 4780 1477 4833 in
1529 4795 1633 4849 qua
1674 4798 1830 4836 voca-

268 4874 408 4926 tione
447 4881 667 4926 vocatus
714 4882 817 4934 est,
878 4872 930 4925 in
981 4872 1095 4942 ipsa
1137 4886 1477 4941 permanere.
1508 4872 1711 4928 Deinde
1753 4875 1828 4929 illi

261 4964 506 5031 jubemus
543 4978 663 5017 cum
719 4965 864 5017 omni
908 4964 1134 5033 imperio
1175 4973 1233 5019 ut
1282 4965 1530 5021 inimicos
1574 4968 1827 5037 martyris

265 5053 487 5123 Benigni
558 5053 873 5119 insequatur
932 5055 1080 5107 omni
1132 5054 1354 5121 justitize
1407 5057 1521 5111 zelo
1579 5073 1643 5112 ac
1702 5074 1824 5112 cum

267 5146 440 5199 divina
469 5143 794 5199 auctoritate
820 5143 977 5197 feriat
1000 5159 1094 5198 eos
1115 5148 1462 5203 anathemate
1486 5164 1501 5203 :
1542 5151 1636 5204 tibi
1660 5152 1824 5206 etiam

263 5235 598 5304 praecipimus
647 5248 716 5287 ne
744 5232 977 5288 obsistas
1010 5233 1142 5287 ei.in
1172 5235 1298 5300 hoc,
1338 5239 1430 5291 sed
1481 5239 1555 5292 illi
1596 5244 1828 5295 auctori-

265 5335 420 5380 tatem
440 5338 758 5395 pervasores
786 5323 1153 5383 tuos.feriendi
1186 5329 1552 5392 concedimus,
1575 5332 1823 5399 jubemus

260 5427 310 5471 et
361 5418 721 5487 imperamus;
794 5417 866 5470 ita
925 5418 1019 5471 tibi
1081 5433 1176 5487 per
1222 5435 1408 5473 veram
1458 5421 1820 5477 obedientiam

263 5507 573 5561 mandamus
634 5522 702 5561 ne
750 5506 1010 5575 impedias
1059 5522 1179 5560 eum
1229 5523 1328 5562 nec
1372 5524 1493 5561 eum
1536 5510 1823 5577 prohibeas

261 5598 384 5666 quin
414 5596 560 5665 ipsos
589 5596 967 5650 malefactores
997 5596 1163 5650 divini
1184 5597 1329 5651 verbi
1346 5598 1523 5668 gladio
1547 5612 1817 5656 coerceat.

260 5688 332 5742 Ac
363 5687 405 5742 si
426 5678 489 5741 in
518 5700 582 5741 ro
615 5686 996 5742 corroboratur
1024 5695 1204 5742 nostra
1239 5689 1548 5756 auctoritas,
1581 5699 1635 5746 et
1661 5706 1819 5761 quos-

2005 4502 2340 4560 Beseotcrus
2404 4504 2726 4573 episcopus,
2791 4519 2980 4559 servus
3045 4520 3325 4560 scrvormn
3375 4504 3510 4568 Dei,

1932 4596 2245 4652 GUtLLsLuo
2301 4598 2519 4659 comiti,
2577 4613 2673 4651 nec
2716 4612 2820 4651 non
2870 4598 3029 4651 matri
3080 4613 3189 4651 sum
3240 4597 3512 4651 Adclaidze

1931 4688 2223 4740 comitissa:
2254 4696 2566 4757 perpetuam
2601 4686 2832 4741 salutem
2885 4695 2939 4741 et
2966 4686 3313 4756 apostolicam
3347 4687 3509 4740 bene-

1930 4778 2239 4833 dictionem.

2000 4869 2300 4924 luauditum
2370 4868 2579 4923 faetnus
2647 4866 2988 4938 nefandaque
3047 4868 3242 4936 injuria
3312 4869 3507 4923 vestris

1930 4962 2141 5016 videtur
2188 4963 2241 5015 in
2290 4962 2602 5028 regionibus
2645 4974 2794 5025 orta,
2840 4976 2911 5016 eo
2963 4962 3104 5030 quod
3155 4960 3506 5022 monasteria,

1928 5051 2147 5106 Patrum
2177 5052 2302 5106 olim
2337 5053 2570 5106 decretis
2615 5052 2859 5118 fundata,
2901 5054 3059 5108 modo
3097 5053 3507 5122 conspiciuntur

1928 5146 2193 5199 malorum
2250 5145 2608 5214 pravitatibus
2666 5145 2942 5199 hominum
3002 5160 3139 5213 pene
3208 5144 3503 5211 diss‘pata;

1929 5236 2068 5291 unde
2130 5253 2229 5307 ego
2297 5251 2529 5290 maerore
2590 5252 2877 5305 percussus
2938 5250 3180 5297 arcano,
3246 5236 3502 5303 stigmate

1927 5323 2218 5395 insignitus
2247 5326 2573 5395 apostolico,
2622 5342 2749 5380 cum
2808 5325 2967 5395 hujus
3003 5323 3311 5393 apostolica:
3359 5325 3507 5379 sedis

1925 5416 2263 5474 diversorum
2312 5421 2563 5476 ordinum
2611 5422 2784 5480 clero.
2841 5420 2926 5474 cui
2964 5435 3089 5488 ego,
3138 5420 3245 5474 Deo
3292 5420 3505 5487 dispen-

1924 5518 2099 5574 sante,
2149 5510 2419 5576 deservio,
2459 5527 2647 5566 omnes
2679 5512 2943 5576 homines,
2991 5512 3108 5565 illos
3161 5511 3367 5566 scilicet
3407 5512 3501 5579 qui

1924 5600 2068 5654 beati
2101 5599 2297 5673 Egidii
2326 5602 2534 5657 alodem
2562 5612 2765 5658 temere
2788 5618 2817 5655 a
2850 5603 3002 5656 vobis
3033 5602 3322 5670 exquirunt
3362 5601 3480 5654 acci

1922 5707 2085 5764 pere,
2136 5694 2253 5749 sine
2306 5694 2517 5750 abbatis
2570 5694 2711 5751 illius
2753 5696 2853 5750 loci
2903 5694 3207 5759 voluntate,
3276 5695 3499 5763 sineque
