3984 5316
477 329 606 384 1631

1700 318 2066 386 BENEDICTI
2102 331 2207 385 vni
2242 330 2441 385 rarus

3592 332 3724 389 [63!

471 455 734 495 consensu
766 442 1173 506 monachorum,
1213 452 1400 498 contra
1437 444 1496 501 S.
1526 445 1726 516 Aigidii
1756 449 2033 512 damnant,
2068 452 2114 507 A
2142 448 2212 501 sit
2236 448 2551 503 maledictns
2615 460 2668 503 et
2730 452 3261 516 excommunicatns;
3322 453 3583 506 similiter
3633 454 3726 522 qui

470 535 630 602 eique
654 535 1026 599 servientimu,
1053 551 1082 588 a
1111 548 1309 589 sancta:
1340 537 1525 591 matris
1554 538 1806 594 Ecclesiae
1838 540 2044 613 gremio

471 630 728 681 absentes
755 643 874 682 esse
918 629 1190 698 prrecipio.
1244 642 1299 684 et
1346 644 1465 682 cum
1496 630 1701 685 Datban
1739 643 1792 688 et
1820 633 2041 695 Altiron,

470 720 647 774 (litore
700 735 944 789 quoque,
1001 719 1169 775 Bahal
1227 731 1278 776 et
1338 721 1706 786 Bebelzebnd,
1764 738 1818 779 et
1858 742 2043 780 eorttm

473 812 761 877 similibus,
795 812 1231 867 maledictionem
1280 814 1383 870 illis
1433 824 1689 872 aeternam
1726 819 1944 887 iugero,
1991 831 2047 875 et

474 904 939 974 participationem
994 904 1100 959 illis
1158 917 1595 983 perseverantem
1646 912 1902 965 concedo.
1939 910 2048 966 Nec

474 1010 578 1047 non
609 1004 664 1048 et
706 994 825 1049 illos
859 996 1019 1049 simili
1070 999 1418 1053 damnatione
1467 1003 1878 1056 cxcommnnico
1933 1005 2047 1059 sive

472 1084 812 1149 condemno,
864 1086 953 1154 qui
1001 1086 1142 1141 male
1198 1088 1364 1155 ipsius
1433 1099 1664 1154 terram,
1716 1093 2045 1149 sanctissimi

475 1172 728 1228 videlicet
783 1173 1017 1239 Egidii,
1075 1177 1420 1244 invadentes,
1483 1179 1535 1232 in
1590 1196 1746 1234 usum
1798 1182 1931 1248 sibi,
1990 1199 2050 1237 se

473 1263 702 1327 sciente,
736 1265 1011 1332 proprium
1045 1267 1329 1321 vendicant
1376 1276 1431 1320 et
1479 1268 2048 1341 depraedanturyqnia

477 1370 504 1404 a
536 1354 689 1408 vobis
721 1355 1091 1423 potestatibus,
1122 1368 1266 1411 retro
1298 1359 1348 1410 in
1373 1359 1509 1412 actis
1552 1362 1906 1429 temporibus.
1940 1376 2047 1417 non

475 1456 823 1515 exceperunt.
859 1446 913 1499 Si
942 1463 1070 1501 vero
1103 1458 1323 1517 propter
1358 1451 1456 1501 hoc
1507 1452 1647 1518 quod
1697 1451 1794 1520 ipsi
1839 1452 2048 1507 alodem

475 1538 767 1605 supradicti
801 1537 927 1591 almi
975 1538 1175 1608 .digidii
1228 1540 1493 1596 malitiose
1546 1542 1829 1597 voluerunt
1877 1546 2053 1611 possio

476 1628 636 1691 dere,
666 1641 716 1681 et
758 1646 787 1682 λι
828 1632 980 1684 vobis
1018 1630 1421 1688 tttultifortttiter
1458 1637 1744 1705 cupierunt
1782 1636 2050 1705 accipere,

476 1717 733 1771 damnum
762 1718 870 1773 illis
908 1720 1275 1777 habitantibus
1315 1726 1599 1780 monachis
1630 1704 1846 1796 aliquod
1892 1742 2051 1781 vene-

480 1809 570 1873 rit,
608 1809 872 1879 duplicem
900 1813 1172 1882 excipiant
1225 1831 1437 1883 poenam
1472 1818 2052 1874 excommunicationis

482 1913 575 1952 seu
604 1898 1015 1964 maledictionis,
1055 1914 1107 1957 et
1151 1920 1421 1973 tamquam
1480 1922 1508 1959 a
1560 1909 1834 1963 consortio
1882 1908 2057 1979 Iudae,

485 1988 695 2043 Domini
737 1992 1030 2053 traditor's,
1074 1993 1293 2062 Caipha:
1345 1996 1580 2066 qudque,
1615 2010 1664 2054 et
1718 2002 1906 2065 Annae,
1949 2002 2057 2056 lle-

483 2082 620 2135 rodit
650 2098 886 2145 necnon,
927 2095 975 2138 et
1006 2086 1177 2141 Potitii
1230 2088 1413 2154 l’ilati,
1450 2092 1672 2162 collegio
1699 2094 1916 2149 valeant
1950 2096 2061 2151 dis-

483 2175 707 2239 sociari;
743 2177 1054 2242 angelorum
1090 2181 1269 2251 itaque
1317 2182 1777 2241 maledictionibns
1812 2199 2058 2255 pereant,

484 2275 538 2318 et
581 2270 1011 2324 conuunuionem
1046 2270 1260 2325 Satanm
1300 2275 1352 2327 in
1396 2277 1614 2330 interitu
1670 2281 1853 2333 carnis
1886 2281 2061 2349 porci-

488 2352 664 2423 piant;
687 2359 1091 2415 maledictiones
1119 2365 1388 2433 accipiant
1411 2366 1782 2432 desursum,et
1813 2370 2059 2439 abjacen-

489 2447 557 2500 tis
585 2449 765 2518 abyssi
800 2451 1200 2509 maledictiones
1224 2457 1472 2511 deorsum
1497 2459 1794 2529 accipiant;
1836 2462 2057 2517 maledi-

490 2539 723 2593 cliouent
772 2543 1078 2606 roefostem,
1134 2556 1188 2600 et
1242 2547 1672 2605 ntaledictioncm
1724 2562 2058 2610 terrestrem.

562 2629 885 2686 l’ra'scntem
942 2636 1369 2693 maledictioncm
1399 2644 1698 2713 percipiant
1730 2646 1778 2699 in
1817 2650 2061 2717 corpori-

488 2721 610 2784 bus,
640 2730 694 2777 et
726 2724 1144 2782 debilitationem
1179 2730 1230 2784 in
1256 2731 1560 2799 animabus,
1593 2745 1646 2789 et
1700 2737 2059 2804 perditionem

488 2818 545 2863 et
578 2813 960 2870 cruciationem
995 2819 1689 2889 recipiant;Maledicantur
1724 2840 1844 2881 cum
1899 2827 2064 2882 male-

492 2898 651 2955 dictis
678 2918 691 2967 ;
726 2901 1064 2974 flagellcutur
1113 2925 1234 2964 cum
1265 2912 1519 2983 ingratis;
1570 2928 1792 2984 pereant
1818 2933 1947 2973 cum
1978 2936 2066 2974 su-

492 2993 697 3060 perbis.
745 2995 869 3052 Sint
929 2999 1199 3057 maledicti
1245 3022 1365 3059 eum
1412 3005 1609 3062 Judmis
1642 3010 1732 3078 qui
1775 3010 2064 3069 Dominum

490 3082 543 3135 in
575 3099 735 3167 carne
765 3088 1011 3143 videntes
1032 3107 1137 3145 non
1161 3096 1547 3162 crediderunt,
1588 3100 1681 3154 sed
1728 3102 1899 3173 magis
1938 3119 2063 3158 cum
2092 3119 2137 3182 ρ

496 3175 816 3244 cruciﬁgere
861 3186 1224 3236 tcutaverunt.
1256 3182 1521 3242 Maledicti
1554 3189 1664 3243 sint
1691 3205 1814 3245 cum
1857 3193 2073 3250 lucreti-

496 3264 576 3317 cis
623 3267 713 3335 qui
748 3267 1042 3324 Ecclesiam
1082 3272 1175 3326 Dei
1209 3277 1495 3343 cupierunt
1523 3279 1881 3337 subvertere-
1908 3284 2074 3338 Male-

496 3352 626 3407 dieti
656 3356 766 3410 sint
794 3374 914 3411 cum
944 3362 1046 3415 illis
1075 3363 1165 3432 qui
1204 3380 1399 3420 nomen
1436 3369 1644 3423 Domini
1675 3371 2067 3442 blaspltemant.

498 3440 620 3496 Sint
667 3445 937 3502 maledicti
970 3466 1093 3504 cum
1129 3452 1234 3507 illis
1264 3456 1354 3523 qui
1387 3471 1446 3510 se
1474 3457 1540 3512 de
1569 3458 1659 3512 Dei
1700 3440 2070 3518 ntiscricordia

497 3533 804 3603 desperant.
837 3536 957 3595 Sint
984 3542 1253 3598 maledicti
1284 3560 1407 3602 cum
1440 3546 1547 3603 illis
1570 3550 1657 3618 qui
1684 3552 1919 3606 damnati
1949 3564 2072 3608 sunt

500 3625 554 3678 in
587 3626 818 3682 inferno.
866 3629 1132 3687 Maledicti
1173 3633 1283 3689 sint
1319 3651 1441 3691 cum
1472 3639 1653 3705 impiis
1696 3650 1752 3694 et
1776 3643 2075 3710 peccatori-

499 3714 633 3780 bus,
662 3718 705 3772 si
745 3736 849 3775 non
876 3724 1280 3780 emendaveriut
1308 3738 1364 3783 et
1405 3729 1698 3799 culpabiles
1728 3747 1788 3786 se
1815 3718 2074 3789 adversus

500 3805 561 3860 S.
602 3806 877 3880 [Egidium
928 3829 1034 3868 non
1106 3817 1454 3873 reddiderint.
1505 3819 1772 3877 Maledicti
1819 3824 1926 3877 sint
1979 3838 2076 3893 per

500 3912 734 3968 quatuor
770 3914 953 3974 partes
984 3907 1208 3975 mundi;
1241 3911 1295 3965 in
1348 3909 1570 3968 Oriente
1616 3914 1725 3969 sint
1757 3915 2070 3984 maledicti;

502 3992 556 4046 in
584 3991 876 4052 Occidente
902 3999 1169 4065 destituti,
1189 4003 1238 4055 in
1258 4008 1624 4073 septentrione
1646 4010 1755 4063 sint
1779 4012 2071 4077 interdicti,

501 4097 553 4139 et
608 4087 662 4141 in
720 4092 945 4165 meridie
1001 4098 1520 4176 excommunicando
1580 4101 1747 4153 exuti.
1811 4102 2075 4158 Maledicti

502 4175 612 4229 sint
650 4177 701 4230 in
743 4178 850 4244 die,
893 4180 1002 4235 sint
1040 4186 1492 4241 excommunicati
1538 4198 1591 4242 ct
1619 4190 1670 4242 in
1718 4201 1895 4246 nocte.
1934 4204 2074 4247 .ntra

501 4266 719 4323 dunmtn
762 4286 915 4326 suam
945 4273 1055 4328 sint
1085 4276 1379 4343 maledicti,
1422 4288 1475 4335 et
1518 4292 1672 4335 extra
1701 4284 1918 4339 donmm
1969 4287 2077 4341 sint

502 4362 976 4417 cxcmnmunicati.
1019 4363 1152 4419 Cum
1202 4368 1450 4423 steterint
1505 4372 1614 4426 sint
1659 4373 1969 4438 maledicti,
2023 4385 2077 4430 et

2149 538 2269 592 illos
2314 540 2650 606 portaverint
2687 543 2752 594 ad
2795 541 3147 609 sepulturam,
3189 552 3243 595 et
3285 543 3732 610 prmsumpserint

2153 627 2406 696 sepelire.
2438 627 2558 681 Sint
2598 629 2868 684 maledicti
2899 640 2949 683 et
2987 632 3441 685 exeommunieati
3472 633 3730 686 omnibus

2149 718 2642 783 maledictioniltus,
2675 720 2717 775 si
2769 737 2871 775 non
2902 723 3309 778 cmendaverint
3360 735 3416 778 et
3459 724 3527 777 ad
3566 726 3733 778 satis-

2149 808 2440 862 factionem
2468 825 2574 863 nou
2602 812 2868 865 venerint.
2900 811 3011 865 Hoc
3036 827 3133 881 pro
3156 820 3308 866 certo
3337 812 3624 867 sciendum
3648 820 3735 866 est

2149 901 2301 955 vobis
2329 901 2471 969 quod
2504 910 2625 971 post
2653 903 2861 956 obitum
2916 914 3032 957 llOSi
3045 919 3159 957 rum
3208 903 3387 957 nullus
3412 904 3732 973 cpiscopus,

2149 1006 2246 1046 nec
2281 993 2421 1047 ullus
2453 1007 2655 1054 comes,
2682 1008 2780 1047 nec
2817 993 2922 1047 ulla
2949 993 3224 1048 sreeularis
3258 1003 3501 1064 potestas
3532 995 3736 1047 audeat

2150 1091 2579 1152 praésunzptuose
2613 1083 3000 1137 monasterium
3026 1083 3167 1137 beati
3202 1081 3398 1152 .‘Egidii
3419 1083 3523 1136 sibi
3554 1083 3610 1136 in
3639 1083 3737 1134 do-

2152 1175 2378 1228 minium
2414 1189 2694 1242 usurpare.
2730 1173 2883 1240 Quod
2934 1174 2977 1228 si
3027 1174 3474 1242 przesumpserint
3518 1171 3735 1233 facere,

2152 1264 2404 1318 untnibus
2434 1279 2596 1333 supra
2645 1263 2839 1317 laxatis
2870 1261 3335 1316 maledictionibus
3371 1262 3635 1332 obligati,
3667 1259 3737 1315 ad

2152 1367 2375 1421 regnum
2409 1368 2682 1421 nunquam
2727 1352 2944 1405 valeant
2973 1353 3184 1405 intrare
3235 1351 3484 1415 cceleste,
3517 1350 3650 1420 quia
3683 1351 3737 1403 in

2154 1445 2392 1498 dominio
2453 1452 2508 1497 et
2571 1444 2771 1498 salario
2810 1444 2948 1497 beati
3001 1443 3145 1498 Petri
3199 1443 3370 1511 ipsum
3420 1440 3739 1496 emnobium

2153 1548 2277 1587 cum
2303 1534 2554 1588 omnibus
2584 1535 2745 1588 rebus
2776 1532 2875 1588 sibi
2906 1533 3297 1603 pertinentibus
3332 1533 3524 1586 beatus
3578 1530 3740 1600 Egi-

2155 1625 2276 1678 dius
2329 1623 2677 1679 contradidit.
2719 1624 3016 1693 Nullusque
3067 1638 3440 1679 successorum
3489 1635 3740 1677 meorum

2158 1715 2410 1784 cuiquam
2440 1714 2637 1768 audeat
2657 1714 2968 1769 venundare
2984 1729 3078 1768 seu
3106 1721 3464 1771 commutare.
3487 1713 3608 1768 sive
3637 1712 3749 1783 sub,

2164 1807 2392 1861 tuitione
2416 1806 2740 1876 cujusquam
2767 1806 3050 1876 potestatis
3086 1804 3373 1873 subjicere.

2234 1898 2507 1967 Scriptum
2556 1913 2654 1968 per
2690 1912 2910 1952 manum
2948 1896 3175 1953 Joannis
3220 1895 3469 1961 diaconi,
3529 1904 3744 1950 sancta

2162 1989 2422 2045 Rotnanae
2448 1990 2706 2046 Ecclesiae
2733 1989 3005 2046 scriniarii

2836 2079 3055 2136 XXXIII

2161 2170 2477 2227 Benedictus
2519 2171 2686 2235 VIII,
2724 2183 2922 2242 peteme
2968 2172 3196 2240 Rogerio
3239 2172 3425 2225 comite
3452 2168 3749 2224 ϐαναυσο-

2234 2245 2380 2297 neusi
2400 2253 2451 2313 et
2488 2244 2707 2313 conjuge
2728 2245 2841 2312 ejus
2868 2242 3184 2305 Adalltaide,
3210 2257 3289 2295 res
3319 2252 3365 2295 et
3383 2242 3511 2311 jura
3546 2256 3743 2293 mona-

2237 2314 2383 2368 sterii
2413 2312 2472 2369 S.
2510 2311 2707 2367 Hilarii
2732 2311 3027 2383 conﬁrmat.

2672 2404 2856 2472 (Anno
2882 2401 3237 2471 10124024.)

2167 2496 2375 2569 [Βεεςε,
2403 2498 2542 2552 Hist.
2573 2498 2663 2551 des
2687 2508 2875 2550 comm
2901 2496 2964 2550 de
2995 2494 3374 2555 Cat-cassantra.
3487 2492 3578 2558 81,
3604 2499 3750 2547 teste

2435 2568 2765 2617 Dneomcnv.
2794 2566 2943 2617 Tabl.
2973 2565 3208 2617 chronol.
3237 2564 3288 2617 l.
3319 2562 3388 2617 53
3430 2561 3470 2617 .l

2435 2568 2765 2631 Dnsomoav,
2794 2566 2836 2620 T
2838 2568 2943 2620 abl.
2973 2565 3208 2619 chronol.
3237 2564 3288 2630 l,
3319 2561 3470 2635 530.]

2828 2648 3065 2706 XXXIV.

2166 2746 2478 2802 Benedictus
2507 2745 2651 2801 VIII
2686 2744 2988 2880 monasttzii
3035 2743 3093 2796 S.
3154 2740 3335 2797 Saviui
3385 2743 3749 2809 possessiones

2805 2830 2899 2867 ron
2948 2823 3101 2866 rmal.

2805 2823 3101 2867 conﬁrmat.

2661 2906 2840 2977 (Anno
2871 2901 3220 2964 “HS-10!”

2459 2994 2741 3069 (Canum,
2776 2994 2940 3050 Italia
2971 3011 3142 3059 sacra,
3183 2993 3247 3060 ll,
3277 2992 3432 3067 207.]

2238 3090 2294 3146 ln
2324 3089 2542 3145 nomine
2562 3097 2763 3143 sanctae
2791 3098 2845 3142 et
2870 3086 3156 3142 individua:
3201 3085 3485 3140 Trinitatis
3506 3084 3746 3139 Butam-

2170 3195 2305 3239 crus
2342 3181 2536 3250 praesul
2572 3178 3039 3248 apostolictesedis
3063 3177 3315 3232 omnibus
3357 3177 3747 3231 universaliter

2171 3270 2367 3327 Christi
2395 3268 2613 3321 famulis
2633 3266 2988 3336 praesentibus
3009 3272 3065 3318 et
3091 3263 3308 3319 futuris.

2242 3360 2567 3431 Apostolica:
2579 3359 2725 3413 sedis
2745 3358 3018 3411 munimen
3038 3355 3473 3427 supplicantibus
3483 3363 3744 3426 praestare

2174 3467 2275 3506 nec
2298 3452 2452 3506 nobis
2478 3464 2661 3520 grave,
2676 3463 2776 3504 nec
2804 3448 2897 3501 ulli
2919 3446 3140 3503 omnino
3157 3445 3325 3501 videri
3343 3447 3506 3503 debet
3530 3446 3742 3509 inutile.

2174 3558 2295 3598 cum
2326 3557 2427 3598 nec
2448 3542 2622 3606 nobis,
2651 3540 2795 3610 quod
2831 3539 2925 3594 Dei
2967 3548 3052 3594 est
3103 3539 3324 3604 donum,
3356 3540 3622 3603 vendere,
3649 3554 3744 3595 nec

2175 3635 2268 3690 ulli
2295 3634 2378 3691 t‘as
2403 3635 2563 3690 debet
2590 3645 2709 3688 esse
2731 3641 3099 3688 contemnere.
3129 3627 3350 3685 Noverit
3376 3629 3546 3701 igitur
3565 3631 3747 3685 omnis

2178 3740 2281 3779 una
2314 3724 2502 3778 matris
2527 3722 2781 3777 Ecclesia:
2799 3730 2972 3775 cretus
3000 3719 3208 3774 instans
3233 3719 3317 3773 vel
3346 3718 3588 3785 iuturus,
3616 3736 3748 3789 quo-

2179 3814 2323 3868 niam
2353 3812 2647 3866 secundum
2674 3824 2865 3880 preces
2885 3809 3039 3863 nobis
3059 3807 3270 3863 oblatas
3298 3822 3327 3861 a
3357 3806 3527 3861 fratre
3571 3818 3628 3863 et
3658 3823 3747 3861 eo-

2178 3907 2433 3977 episcopo
2474 3911 2660 3957 nostro
2715 3901 2779 3955 D.
2819 3898 3111 3970 Sigefredo.
3148 3898 3379 3967 praesule
3418 3898 3750 3957 Placentina:

2177 3999 2340 4060 sedis,
2368 4006 2423 4051 et
2460 4008 2489 4049 η
2538 3992 2831 4049 venerabili
2860 3993 3162 4060 Wintperto
3189 3990 3384 4045 abbate
3429 3990 3764 4077 monasterii.

2179 4092 2236 4145 S.
2267 4086 2475 4153 Savini,
2506 4086 2649 4155 quod
2691 4098 2814 4138 nam
2840 4099 2870 4138 a
2907 4083 3159 4154 pontiﬁce
3185 4082 3239 4136 in
3286 4081 3372 4137 sui
3405 4081 3748 4151 episcopatus

2179 4179 2515 4249 subiectione
2556 4184 2931 4231 constructum
2981 4173 3214 4237 videtur,
3247 4173 3457 4233 damus.
3495 4172 3748 4228 concedi-

2180 4286 2322 4330 mus,
2350 4271 2455 4324 hoc
2478 4284 2582 4338 que
2622 4267 2895 4323 mediante
2924 4265 3140 4321 decreto
3183 4265 3455 4321 sancimus
3484 4263 3609 4319 sine
3646 4264 3749 4319 ulla

2179 4358 2534 4417 diminutione
2549 4355 2931 4412 inviolabiliter
2943 4353 3149 4409 servari
3166 4351 3392 4422 praefato
3414 4352 3750 4408 monasterio

500 4463 624 4502 cum
667 4454 905 4507 sederint
949 4456 1058 4509 sint
1108 4461 1581 4515 cxcontmuuieati.
1631 4462 1750 4517 Sint
1800 4448 2063 4521 maledicti

2177 4451 2436 4523 quidquid
2464 4449 2730 4521 imperiali
2772 4447 2857 4503 vel
2904 4446 3067 4517 regali
3112 4454 3403 4516 praecepto,
3436 4459 3651 4503 necnon
3696 4455 3752 4502 et

503 4553 628 4590 cum
666 4541 1136 4611 manducaverint,
1167 4548 1278 4601 sint
1322 4548 1593 4603 maledicti
1617 4565 1740 4603 cum
1791 4551 2070 4620 biberint;

502 4629 776 4685 maledicti
825 4634 954 4697 sint,
996 4621 1115 4690 cum
1161 4640 1468 4705 dormiant,
1521 4648 1576 4694 et
1624 4642 2073 4700 excommunicati

503 4734 627 4775 cum
658 4722 900 4793 vigilant.
939 4724 1203 4781 Maledicti
1234 4729 1341 4783 sint
1373 4745 1495 4784 cum
1532 4732 1734 4801 aliquid
1759 4745 2075 4803 operantur,

507 4820 565 4866 et
612 4819 1065 4873 excommunicati
1096 4817 1216 4874 cuin
1248 4822 1521 4890 paululum
1571 4828 1936 4894 requiescunt.
1969 4828 2079 4882 Ma-

506 4904 691 4960 ledic’ti
720 4909 831 4962 sint
850 4916 1025 4965 veruo‘
1040 4922 1300 4983 tempore,
1316 4920 1832 4974 etexcommunicati
1856 4929 2072 4987 aestate;

510 4998 785 5052 maledicti
813 5002 991 5055 sintin
1013 5013 1292 5073 autumno,
1322 5015 1377 5061 et
1410 5011 1860 5065 excommunicati
1892 5011 1943 5064 in
1971 5013 2081 5065 bic-

511 5104 618 5145 tne.
653 5090 920 5148 Maledicti
949 5097 1059 5150 sint
1087 5096 1138 5150 in
1159 5099 1407 5167 przesenti
1439 5109 1704 5168 tempore,
1732 5110 1786 5154 et
1815 5100 1867 5154 in
1898 5100 2077 5154 futuro

506 5180 706 5224 le‘llltl
769 5182 875 5224 sin!
932 5187 1379 5224 ργρηιηιηηηῖιυιιῖ
1461 5187 1833 5224 Dnccnccinnnc
1892 5204 2075 5224 Ληιοιιιη

2177 4541 2467 4615 episcopali
2497 4540 2737 4603 decreto,
2763 4538 3107 4607 fideliumque
3129 4536 3402 4592 oblatione
3427 4535 3613 4590 eidem
3641 4550 3751 4590 cat-

2179 4633 2340 4689 nobio
2365 4634 2544 4687 datum
2566 4643 2994 4699 concessumque
3023 4629 3255 4693 videtur,
3276 4642 3369 4684 seu
3385 4627 3754 4697 quodcunque

2173 4728 2319 4798 juste
2344 4735 2401 4780 et
2431 4723 2678 4795 legaliter
2699 4737 2872 4792 usque
2894 4722 2948 4776 in
2980 4735 3215 4790 praesens
3242 4722 3311 4774 ad
3339 4729 3555 4789 partem
3576 4735 3747 4789 saepe—

2178 4819 2274 4875 fati
2309 4816 2625 4875 monasterii
2647 4815 2969 4886 acquisitum
2997 4822 3114 4879 est,
3136 4812 3219 4867 vel
3251 4813 3302 4867 in
3331 4811 3518 4866 futuro
3542 4811 3757 4867 dederit

2180 4911 2454 4967 Dominus.
2488 4906 2641 4963 Nulla
2671 4923 2801 4977 ergo
2821 4906 3186 4974 cujuscunque
3208 4903 3599 4958 dominationis
3626 4918 3753 4973 per-

2180 5017 2331 5066 sona,
2360 5001 2559 5057 timore
2586 4999 2680 5054 Dei
2710 5006 2768 5054 et
2800 5005 3112 5054 sanctorum
3158 4993 3534 5064 apostolorum
3584 5009 3750 5049 vene-

2181 5094 2392 5148 ratione
2416 5091 2710 5156 relrenata,
2753 5088 3006 5145 videlicet
3050 5085 3413 5156 imperatoris,
3449 5087 3613 5157 regis,
3641 5085 3752 5155 epi-

2181 5191 2329 5224 αιτιιηῖ
2400 5190 2727 5224 ηιηιοηῑιῖιιηίε
2815 5188 3027 5224 nnnnitic
3069 5187 3148 5224 val
3197 5184 3480 5224 mnistclilml
3532 5186 3749 5224 ullas-in:
