3984 5316
496 339 638 402 ιῦῗὶὗ

1300 336 1659 395 BENEDICTI
1703 328 1811 390 VIII
1847 333 2049 390 PAPE
2087 322 2447 389 EPISTOLE
2483 328 2573 386 ET
2619 328 2955 386 DECRETA.

3630 323 3766 380 I636

1961 485 2094 562 DU
2117 485 2305 563 ΒΙΑ.

491 707 1003 783 Benedictus]!!!
1053 707 1287 783 Uuwatto
1351 705 1737 775 archiepiscopo
1804 700 2072 783 timebar—

558 780 701 850 geusi
750 780 970 850 pallium
1008 780 1200 840 mittit,
1236 781 1384 850 eique
1434 786 1480 830 et
1529 772 1915 850 successoribus
1962 772 2074 850 ejus

557 843 866 920 legationem
889 860 938 903 et
966 843 1458 920 arcltiepiscopalem
1480 854 1789 915 potestatem
1814 844 1869 896 in
1895 843 2075 895 omnia

564 918 723 991 regna
746 918 1194 991 septentrionalia.

1090 998 1265 1067 (Anno
1306 994 1484 1059 1022.)

672 1079 1066 1152 [ἰμιιιριεκιιιειιςν
1100 1077 1394 1147 IIamburg.
1424 1072 1663 1131 Urkuud.
1707 1071 1746 1136 I,
1784 1070 1897 1145 66.]

561 1172 922 1236 BENEDICTUS,
973 1158 1262 1240 episcopus
1319 1178 1364 1223 ξι
1413 1180 1602 1222 servus
1639 1176 1919 1219 servorum
1957 1158 2074 1230 Dei,

494 1265 935 1322 reverentissimo
974 1273 1030 1318 et
1079 1260 1425 1317 sanctissimo
1473 1258 1819 1321 Usswaano,
1875 1263 2076 1310 sanctae

492 1353 1014 1425 llammahurgensis
1048 1351 1306 1408 Ecclesiae
1337 1351 1626 1421 episcopo,
1662 1356 1957 1418 paternam
1988 1344 2072 1400 di~

489 1450 799 1505 lectionem.

565 1540 621 1600 Si
651 1549 897 1611 pastores
928 1538 1107 1592 ovium
1133 1536 1302 1592 solem
1333 1533 1561 1608 geluque
1588 1547 1683 1603 pro
1708 1532 1886 1602 gregis
1919 1531 2001 1586 sui
2023 1528 2058 1602 ll

489 1622 733 1685 Custodit:
762 1629 848 1682 die
878 1643 942 1682 ac
966 1636 1125 1681 nocte
1150 1625 1291 1680 ferre
1314 1622 1548 1679 contenti
1574 1630 1698 1711 supt
1722 1630 1776 1676 et
1798 1633 1855 1674 ut
1877 1636 1943 1675 ne
1969 1636 2074 1690 qua

491 1738 556 1778 ex
585 1723 671 1777 eis
700 1730 793 1776 aut
820 1720 1052 1799 errando
1082 1727 1292 1789 pereat,
1343 1724 1435 1771 aut
1464 1713 1654 1770 ferinis
1686 1715 1883 1768 laniata
1930 1727 2078 1768 mor-

492 1808 642 1869 sibus
671 1814 937 1883 ripiatur,
965 1811 1139 1867 oculis
1183 1824 1398 1879 semper
1446 1806 1797 1878 vigilantibus
1842 1805 2077 1860 circum-

494 1914 771 1975 spectant,
804 1912 1006 1972 quauto
1053 1903 1250 1956 sudore
1292 1906 1603 1970 quantaque
1653 1912 1785 1951 cura
1817 1896 2075 1951 debemus

496 2011 615 2051 esse
640 1994 947 2065 pervigiles,
974 2008 1072 2049 nos
1096 1993 1187 2063 qui
1216 1999 1464 2061 pastores
1488 1989 1792 2044 animarum
1820 1988 2072 2051 dicimur,
2108 1994 2151 2050 Β

2105 646 2147 699 Α
2180 619 3030 692 iniquojudiciodamnaverunt;
3060 621 3367 689 habeatque
3389 627 3609 689 partes!
3638 631 3767 671 c-

2180 713 2315 767 Juda
2349 714 2637 779 traditore,
2686 713 2779 781 qui
2822 727 2921 782 pro
2956 728 3139 767 amore
3166 711 3426 782 pecunia:
3466 709 3769 764 Domina.

2180 821 2336 860 suum
2379 804 2626 859 vendidit
2674 812 2838 873 atque
2879 804 3234 875 magistrum:
3287 802 3357 856 sit
3402 798 3769 855 anathemati-

2180 906 2337 951 zatns
2368 912 2397 950 a
2445 906 2654 965 septem
2698 895 3095 951 uuiversalihus
3129 893 3405 954 conciliis;
3448 892 3672 946 alienus
3698 889 3768 942 sit

2181 1003 2208 1040 ιι
2240 986 2515 1041 consortio
2540 985 2786 1040 omnium
2816 993 3128 1039 sanctorum
3159 997 3216 1040 et
3242 986 3310 1039 ab
3332 984 3481 1039 omni
3516 980 3765 1036 Ecclesia

2184 1077 2298 1141 Dei,
2334 1085 2410 1141 et,
2450 1076 2502 1129 in
2547 1076 2634 1129 die
2655 1073 2841 1144 judicii
2891 1088 3013 1128 cum
3062 1073 3275 1128 diabolo
3303 1073 3618 1134 damnatus,
3658 1078 3767 1121 non

2182 1169 2359 1223 videat
2386 1168 2612 1240 gloriam
2644 1168 2760 1222 Dei.
2797 1167 2992 1221 Amen.

2251 1259 2447 1315 Actum
2478 1260 2565 1313 die
2590 1256 2957 1328 apostolorum
2989 1252 3129 1311 Petri
3162 1265 3216 1310 ct
3244 1252 3419 1309 Pauli.

2251 1351 2364 1423 Ego
2382 1383 2387 1387 -
2408 1350 2595 1420 Puppo
2622 1346 2936 1418 patriarcha
2971 1342 3367 1418 Aquilegeusis.

2248 1437 2360 1515 Ego
2397 1440 2721 1511 Belligrinus
2745 1439 3187 1508 archiepiscopus
3220 1437 3540 1508 Nepesinus.

2172 1526 2175 1529 Α
2248 1534 2360 1604 Ego
2394 1533 2535 1588 Boso
2557 1532 2840 1601 episcopus
2870 1529 3224 1601 Tyburtinus.

2248 1624 2361 1690 Ego
2401 1623 2687 1679 Heiuricus
2711 1613 3073 1676 cancellarius
3101 1616 3285 1672 domui
3315 1612 3691 1687 imperatoris.

2251 1715 2363 1786 Ego
2404 1714 2709 1770 Everardus
2756 1712 3044 1782 episcopus
3082 1718 3139 1765 et
3174 1706 3535 1764 cancellarius
3574 1704 3766 1760 domui

2180 1806 2550 1875 imperatoris.

2250 1897 2364 1968 Ego
2407 1897 2523 1967 Ugo
2560 1894 2917 1951 cancellarius
2948 1892 3206 1949 Evcrardi
3241 1888 3692 1959 archicapellani.

2845 1999 3085 2055 XXXIX.

494 2089 861 2148 attendamus.
897 2097 952 2141 et
995 2092 1306 2155 susceptum
1355 2081 1590 2138 oﬂicium
1641 2080 1902 2137 exhibere
1949 2094 2077 2151 erga
2176 2095 2336 2151 Βηιια
2367 2093 2636 2150 Benedic“
2675 2110 2825 2163 para,
2872 2091 3010 2147 v1“
3055 2107 3158 2163 qua
3209 2089 3435 2146 ησηνίεο
3480 2089 3767 2163 suum,”

496 2182 798 2238 custodiam
842 2178 1245 2234 Dominicarum
1293 2176 1474 2231 ovium
1525 2189 1630 2229 non
1681 2186 1974 2233 cessemus,
2012 2185 2079 2227 ne

498 2273 553 2325 in
586 2272 671 2325 die
702 2270 868 2325 divini
901 2268 1170 2323 examinis
1199 2283 1297 2337 pro
1329 2274 1514 2321 nostra
1547 2264 1752 2319 desidia
1781 2270 1908 2316 ante
1932 2276 2079 2316 Sum-

501 2378 646 2418 tuum
673 2370 947 2432 pastorem
986 2356 1327 2430 negligentia
1372 2362 1557 2410 reatus
1598 2352 1898 2407 excruciet.
1943 2388 1958 2403 .
2001 2387 2017 2403 .
2062 2388 2076 2403 .

621 2488 634 2502 .
678 2465 746 2504 ne
776 2447 918 2517 quod
947 2447 1092 2500 ultus
1120 2461 1224 2499 non
1258 2444 1449 2505 fueris,
1480 2440 1783 2511 perpetrari
1820 2454 1923 2493 non
1957 2453 2082 2507 per-

501 2543 706 2597 mittas.
754 2539 837 2594 Sit
886 2540 938 2592 in
991 2546 1042 2591 te
1091 2546 1148 2590 et
1177 2536 1302 2589 boni
1354 2533 1589 2604 pastoris
1628 2530 1994 2595 dulcedo,.sit
2026 2537 2083 2583 et

493 2633 693 2705 judicis
736 2644 928 2687 severa
975 2626 1267 2693 districtio,
1297 2640 1463 2680 unum
1511 2622 1721 2679 sciiicet
1759 2620 1900 2692 quod
1934 2619 2081 2675 inno-

497 2734 687 2782 center
720 2723 966 2778 viventes
1007 2719 1211 2786 foveat,
1243 2719 1387 2774 aliud
1418 2719 1560 2788 quod
1590 2716 1862 2786 inquietos
1891 2714 2084 2768 ferien-

497 2817 597 2872 dos
624 2830 652 2868 a
675 2815 947 2884 pravitate
970 2818 1302 2880 compescat.
1333 2807 1523 2863 Viduis
1548 2824 1612 2863 ac
1639 2806 1857 2877 pupillis
1886 2804 2085 2874 injuste

498 2905 773 2978 oppressis
817 2904 1059 2960 defensio
1090 2911 1179 2956 tua
1211 2899 1515 2955 subveniat.
1560 2899 1725 2959 Ecce,
1772 2897 1943 2952 frater
1982 2893 2082 2949 Ita-

502 2997 742 3060 rissitue,
776 2995 917 3050 inter
965 2992 1129 3048 multa
1160 2992 1268 3045 alia
1297 2990 1399 3045 ista
1444 2997 1574 3045 sunt
1618 2987 1934 3053 sacerdotii,
1960 2986 2082 3042 ista

499 3098 627 3144 sunt
661 3087 843 3158 pallii;
875 3100 995 3156 qua:
1038 3084 1083 3139 si
1123 3083 1365 3139 studiose
1394 3082 1723 3146 servaveris,
1762 3079 1906 3150 quod
1950 3078 2083 3133 foris

499 3181 775 3250 accepisse
801 3176 1136 3239 ostenderis,
1168 3176 1314 3229 intus
1346 3172 1588 3228 habebis.

572 3270 922 3341 Legatiouem
938 3280 1152 3337 qunque
1163 3273 1219 3320 et
1232 3261 1745 3333 archiepiscopalem
1762 3268 2083 3331 potestatem

2245 2185 2277 2220 a
2302 2167 2363 2223 S.
2383 2159 2982 2219 Benedicto'restitutam
3007 2159 3117 2218 esse
3143 2172 3382 2226 testatur,
3411 2159 3765 2213 ntouasterio-

2246 2252 2347 2307 que
2377 2236 2650 2290 Casineusi
2677 2236 2863 2289 asserit
2894 2234 3034 2288 dona
3059 2234 3124 2287 ab
3151 2235 3457 2302 imperatore
3485 2229 3685 2283 delata.

2693 2325 2872 2397 (Anno
2905 2321 3255 2394 tots-loss.)

2360 2417 2572 2491 [Tos'rt,
2602 2416 2783 2473 Storia
2811 2416 2867 2470 di
2897 2415 3078 2470 Monte
3104 2413 3318 2479 Casino,
3355 2413 3398 2479 I,
3427 2409 3580 2482 25L]

2253 2511 2592 2566 Bsanntcrus
2615 2507 2903 2580 episcopus
2928 2520 3118 2561 servus
3146 2519 3427 2559 servorum
3460 2504 3578 2559 Dei.

2256 2604 2452 2679 bolum
2483 2601 2734 2656 volumus
2761 2613 2884 2654 esse
2924 2596 3175 2653 omnibus
3211 2595 3460 2650 fidelibus
3489 2592 3766 2648 Christia-

2185 2699 2304 2763 nis,
2349 2704 2462 2751 tam
2517 2694 2760 2766 praelatis
2801 2706 2963 2763 quam
3017 2688 3279 2754 subditis,
3329 2688 3454 2758 quia
3506 2687 3767 2742 dominus

2187 2788 2453 2845 Henricus
2489 2788 2805 2856 imperator,
2852 2782 3150 2853 spiritualis
3172 2789 3380 2849 1noster
3425 2778 3590 2841 ﬁlius,
3638 2791 3767 2846 per—

2187 2879 2328 2935 rexit
2376 2877 2444 2933 ad
2473 2874 2863 2932 monasterium
2893 2872 3083 2928 Sancti
3108 2868 3385 2927 Benedicti
3412 2866 3559 2937 quod
3595 2866 3766 2920 situm

2185 2981 2272 3028 cst
2301 2970 2353 3025 in
2392 2977 2579 3024 monte
2608 2967 2699 3039 qui
2728 2964 2927 3022 dicitur
2950 2962 3339 3027 Castrocasini,
3381 2960 3482 3015 ubi
3504 2958 3767 3014 sacratis-

2187 3065 2387 3121 simum
2433 3078 2635 3134 corpus
2672 3059 2917 3129 ejusdem
2956 3055 3283 3113 sanctissimi
3336 3052 3617 3108 Benedicti
3666 3051 3769 3105 bu-

2188 3166 2394 3213 matum
2440 3163 2551 3220 est;
2597 3162 2653 3209 et
2687 3152 2938 3222 quamvis
2981 3150 3270 3205 maximam
3312 3147 3458 3202 circa
3508 3144 3764 3200 eumdem

2189 3249 2371 3304 locum
2399 3246 2735 3303 devotionem
2758 3249 3063 3316 gereret,et
3076 3253 3350 3310 nunquam
3377 3236 3684 3292 terribilius
3702 3249 3768 3288 ac

506 3362 560 3416 in
600 3330 783 3415 omnia
831 3372 993 3427 regna
1035 3330 1509 3424 septentrionalia,
1537 3330 1810 3406 Dianoruiu
1851 3349 2082 3415 scilicet,
2112 3344 2157 3409 (ζ
2186 3337 2552 3394 venerabilius
2576 3334 2875 3391 oratorium
2921 3347 2980 3387 se
3017 3330 3220 3387 Vidisse
3254 3335 3555 3393 assereret,
3585 3336 3766 3382 tamen

504 3450 841 3514 Sueuorum,
874 3446 1275 3511 Norveuorum,
1302 3441 1736 3496 Ilislandicorum
1759 3449 1815 3494 et
1840 3439 2082 3493 omnium

502 3538 804 3596 insularum
838 3537 924 3592 bis
970 3535 1152 3605 regnis
1197 3523 1589 3602 adjacentium,
1623 3529 1719 3586 tibi
1751 3537 1805 3584 et
1832 3529 2085 3584 omnibus

502 3629 908 3688 successoribus
930 3628 1042 3682 tuis
1067 3635 1329 3697 perpetuo
1359 3622 1585 3679 tenenda
1612 3621 1983 3677 concedimus.

580 3724 637 3779 Si
665 3725 787 3794 quis
815 3726 930 3777 hrec
951 3718 1269 3789 infringere,
1295 3722 1384 3771 aut
1405 3720 1740 3788 permutare,
1765 3720 1853 3766 aut
1881 3711 2085 3766 violare

505 3818 558 3872 in
583 3825 695 3871 toto
719 3814 806 3870 vel
831 3815 884 3868 in
915 3823 1069 3884 parte
1094 3810 1456 3881 temptaverit,
1484 3809 1556 3863 sit
1582 3805 1973 3864 excommunic:
1999 3813 2087 3859 ωε

505 3908 558 3962 in
598 3913 950 3977 perpetuum,
983 3902 1086 3957 nisi
1120 3902 1425 3972 resipiscat,
1455 3906 1511 3955 et
1542 3896 1800 3952 Ecclesiae
1830 3894 2087 3949 Hauuna-

509 3996 763 4066 Irtrgeusi
791 3992 1112 4049 satisfaciat.

580 4086 712 4140 Data
741 4099 838 4156 per
863 4098 1081 4138 manum
1110 4080 1280 4146 Petri,
1310 4079 1622 4135 cancellarii
1665 4085 1866 4132 sanctae
1902 4076 2086 4131 Eccle-

508 4175 621 4251 siae,
660 4175 713 4231 in
742 4189 929 4230 mense
960 4172 1162 4242 Aprili,
1196 4171 1490 4225 indictione
1518 4169 1726 4239 quinta.

1072 4288 1077 4291 -
1151 4260 1432 4316 XXXVIII.

506 4423 510 4427 ⁴
819 4355 897 4410 De
926 4354 1174 4410 electione
1201 4352 1403 4407 abbatis
1431 4349 1754 4405 Casinensis.

578 4449 691 4518 Ego
734 4448 1073 4503 Bsanntcrus
1097 4486 1112 4511 ,
1163 4444 1444 4502 catholica:
1491 4444 1749 4498 Romanae
1790 4442 1934 4498 sedis
1973 4441 2085 4513 epi-

507 4556 719 4617 scopus.
758 4589 763 4592 .
800 4616 803 4617 ν
2059 4541 2064 4546 ·

578 4616 943 4688 Constitutum
974 4626 1466 4697 prtedccessoribus
1502 4626 1639 4680 meis
1668 4627 1772 4680 hoc
1817 4623 1980 4690 facio,
2026 4633 2086 4678 ut

2190 3428 2484 3484 dubietatis
2530 3425 2787 3496 scrupulo
2837 3425 3156 3480 movebatur
3207 3430 3523 3477 utrumnam
3574 3419 3766 3474 beatus

2189 3520 2513 3576 Benedictus
2527 3518 2888 3589 corporaliter
2910 3517 2964 3571 in
2990 3516 3181 3572 eodem
3201 3515 3489 3570 Casiuensi
3512 3512 3766 3569 ctenobio

2189 3615 2514 3684 quiesceret.
2548 3609 2668 3666 Prae
2694 3609 2883 3666 dolore
2911 3617 3091 3665 autem
3120 3623 3229 3678 quo
3258 3606 3592 3679 gravissime
3623 3605 3766 3660 Idem

2191 3703 2485 3772 imperator
2511 3700 2882 3775 cruciabatur,
2915 3713 3014 3754 nec
3031 3698 3188 3768 plene
3217 3696 3543 3761 dormienti,
3571 3711 3677 3752 nec
3700 3710 3766 3750 ex

2191 3796 2402 3865 integro
2459 3791 2702 3863 vigilanti
2769 3790 3147 3847 sanctissimus
3212 3789 3375 3844 Pater
3439 3788 3768 3844 Benedictus

2189 3884 2365 3940 eidem
2397 3881 2710 3952 imperatori
2746 3894 3043 3951 apparens,
3098 3879 3317 3935 ubinam
3361 3886 3651 3947 pateretur
3694 3877 3768 3931 in-

2188 3975 2377 4046 quirit.
2406 3973 2503 4029 Cui
2546 3973 2819 4043 langoretu
2867 3972 3113 4041 protinus
3152 3969 3453 4040 proﬁtenti,
3484 3967 3768 4023 sanctissi-

2189 4082 2313 4123 mus
2352 4064 2685 4122 Benedictus
2719 4063 2794 4118 ait
2822 4080 2836 4116 :
2873 4082 2891 4115 ι
2920 4061 3047 4117 Scio
3079 4060 3335 4131 quoniam
3368 4069 3421 4113 tu
3460 4073 3549 4114 me
3585 4059 3768 4113 hacte-

2190 4175 2292 4215 nus
2330 4159 2419 4213 hic
2445 4155 2699 4213 dubitasti
2729 4155 3049 4224 quiescere;
3099 4151 3192 4207 sed
3221 4165 3289 4206 ne
3308 4160 3490 4220 'super
3518 4151 3627 4204 hoc
3649 4163 3762 4202 am-

2189 4249 2331 4321 plius
2360 4248 2593 4314 dubites,
2618 4259 2907 4315 meumque
2937 4245 2989 4298 in
3022 4243 3141 4299 loco
3165 4243 3270 4298 isto
3294 4257 3400 4294 una
3423 4255 3550 4295 cum
3579 4253 3765 4294 sorore

2190 4354 2312 4395 mea
2337 4337 2641 4414 certissime
2666 4337 2949 4406 quiescere
2976 4332 3354 4406 corpusculum
3403 4331 3635 4397 credas,
3664 4328 3762 4382 hoc

2193 4433 2290 4489 tibi
2328 4432 2542 4505 signum
2584 4431 2732 4486 erit:
2763 4445 2886 4486 cum
2913 4430 3147 4499 primum
3193 4426 3352 4482 hodie
3377 4423 3689 4481 surrexeris
3714 4424 3762 4476 in

2191 4523 2471 4593 egestione
2488 4519 2666 4575 'uriute
2692 4528 2799 4574 tua:
2825 4531 2934 4575 tres
2953 4518 3169 4590 lapillos
3192 4533 3297 4572 non
3324 4531 3526 4585 parvos
3546 4528 3764 4582 egerere

2192 4616 2438 4678 habebis,
2466 4622 2523 4669 et
2543 4627 2608 4666 ex
2641 4620 2770 4667 tunc
2795 4612 2981 4667 dolore
3008 4612 3111 4666 isto
3133 4611 3372 4690 amplius
3401 4623 3510 4664 non
3551 4609 3765 4662 labora-

507 4736 782 4792 nunquam
807 4718 873 4773 de
897 4718 1310 4773 consecratione
1331 4716 1645 4771 Casinensis
1665 4716 1896 4779 abbatis,
1920 4684 2083 4784 quam
2116 4684 2164 4742 θ
2196 4708 2299 4767 bis,
2322 4704 2384 4759 'ét
2421 4704 2565 4759 scias
2589 4702 2715 4773 quia
2753 4715 2855 4773 ego
2901 4715 3018 4756 sum
3052 4684 3221 4756 frater
3257 4700 3605 4755 Benedictus.
3638 4718 3658 4750 ι
3705 4698 3766 4751 Et

508 4813 666 4867 hodie
692 4825 721 4864 a
753 4808 1106 4891 serenissitno
1142 4807 1253 4861 ﬁlio
1284 4815 1469 4887 nostro
1498 4805 1732 4861 Henrico
1760 4805 2086 4873 imperatore

510 4900 879 4970 suscepimus,
932 4899 1187 4968 pretium,
1227 4909 1325 4951 aut
1368 4910 1620 4961 censum,
1667 4903 1763 4950 aut
1811 4895 2084 4950 dationem

510 4991 791 5034 reallirnnt.
839 4997 934 5034 aut
975 4990 1225 5034 exigant:
1273 4987 1416 5034 uttml
1462 4986 1505 5034 si
1553 4984 1711 5034 aliter
1752 4984 2002 5034 fecerint.
2034 4994 2081 5034 et

2194 4799 2282 4853 bis
2308 4796 2470 4852 dictis
2506 4802 2704 4864 praesto
2749 4792 3037 4862 diSparuit.
3083 4791 3442 4862 Experrectns
3470 4789 3766 4859 imperator

2192 4885 2479 4944 confestim
2521 4883 2777 4951 surrexit,
2808 4897 2874 4937 ac
2890 4883 3044 4952 juxta
3069 4881 3331 4936 visionem
3361 4893 3527 4947 quam
3555 4878 3766 4931 viderat

2192 4980 2411 5034 sanitati
2459 4977 2705 5034 pristinae
2751 4976 2992 5031 redditus
3033 4975 3143 5029 Deo
3176 4981 3233 5027 et
3280 4971 3428 5027 Patri
3476 4969 3766 5026 Benedicto
