3984 5316
191 47 323 104 1637

1073 41 1257 98 0RDO
1293 39 1530 94 llliRUAl
1558 39 1719 106 ρυιε
1762 38 1825 92 l.\
1869 37 2001 94 llOC
2042 36 2231 93 ἸὈΜΟ
2268 36 2755 93 CONTINENTUR

3302 40 3320 91 l
3336 40 3438 93 6'58

189 165 321 217 sima
376 172 435 217 ut
462 164 526 217 de
562 171 794 216 meamet
817 177 1031 215 camera
1070 161 1215 213 illius
1248 161 1474 214 debetur
1508 170 1754 211 remune-
1786 161 1833 218 Α
1863 171 2054 209 servus
2082 170 2360 209 servorum
2395 155 2511 218 Dei,
2545 170 2649 209 una
2676 169 2797 209 cum
2829 154 3087 224 przelicto
3115 153 3441 222 imperatore

191 268 312 306 rare
337 252 589 307 medelas.
616 271 632 302 ι
671 252 737 305 Ει
766 252 879 305 haec
907 251 1094 304 dicens
1122 266 1242 303 cum
1286 247 1541 317 laerymis
1566 244 1759 315 gaudio

192 346 364 397 inustis
394 344 579 396 retulit
604 344 854 396 onmihus
884 357 1001 409 quae
1031 340 1263 393 videsset
1304 347 1465 406 atquc
1492 336 1756 398 audisset;

189 432 447 500 adjicieus
494 451 506 486 :
568 451 585 483 ι
620 433 772 486 Nunc
824 432 979 502 plane
1030 447 1126 501 pro
1172 441 1322 485 certo
1363 426 1586 498 cognovi
1630 442 1759 495 quo.

190 524 330 577 niam
361 539 487 578 vere
518 524 667 577 locus
696 525 795 577 iste
825 536 1044 577 sanctus
1071 531 1177 585 cst,
1202 533 1255 574 et
1291 520 1419 573 nulli
1454 518 1759 572 mortalium

187 617 272 661 est
316 609 540 662 ulterius
571 609 948 677 ambigendum
989 609 1244 677 quoniam
1276 608 1361 661 hic
1386 607 1761 660 sanctissimus

192 699 514 755 Benedictus
558 703 716 755 Pater
759 702 963 769 pariter
1014 716 1135 753 eum
1194 708 1378 754 sancta
1428 714 1612 752 sorore
1664 712 1759 749 sua

188 792 451 861 quiescat.
485 811 503 844 ›
533 793 611 846 Ad
662 792 819 845 [idem
867 792 1154 846 verborum
1202 802 1315 845 tres
1365 790 1484 843 illos
1530 788 1759 858 lapillus,

188 898 325 950 quos
365 884 465 935 sub
516 893 701 936 teuore
733 883 961 937 visionis
992 892 1119 935 ante
1160 880 1433 950 paululum
1467 889 1757 950 egesserat,

187 974 365 1039 palam
410 974 661 1027 omnibus
702 974 1041 1028 ostendebat.
1072 974 1371 1042 Imperator
1419 982 1597 1025 autem
1646 987 1763 1023 sur-

187 1079 318 1132 gens
361 1074 416 1119 et
457 1067 521 1119 ad
559 1081 756 1134 corpus
792 1073 936 1120 beati
971 1066 1245 1119 Benedicti
1292 1066 1628 1135 perveniens.
1663 1065 1761 1117 oh-

189 1156 313 1208 tulit
354 1156 511 1209 beato
544 1157 833 1211 Benedicto
865 1158 1273 1211 munera'hzec:
1316 1156 1545 1211 Tcxtum
1587 1156 1762 1208 Evan-

185 1247 311 1316 gelii
343 1248 407 1301 de
451 1247 581 1302 foris
612 1248 828 1317 quidem
861 1264 923 1302 ex
952 1264 1060 1302 uno
1088 1248 1255 1301 latere
1286 1248 1598 1317 adapertum
1630 1261 1763 1300 auro

186 1339 479 1408 purissimo
514 1355 577 1393 ac
612 1340 841 1410 gemmis
872 1339 1025 1393 valde
1054 1339 1328 1409 pretiosis,
1361 1339 1429 1393 ab
1464 1339 1606 1391 intus
1634 1352 1764 1391 vero

186 1430 493 1485 nneialibus
524 1432 719 1486 litteris
750 1440 914 1502 atque
946 1431 1133 1501 figuris
1177 1430 1357 1484 aureis
1401 1430 1627 1483 mirifice
1673 1429 1764 1483 de-

182 1530 451 1575 coratum.
483 1520 717 1576 Calicem
752 1536 975 1575 aureum
1010 1536 1134 1575 cum
1174 1529 1366 1589 pateua
1398 1534 1494 1574 sua
1538 1518 1765 1588 gemmis

183 1622 242 1665 et
290 1612 599 1680 margaritis
652 1626 714 1665 ac
758 1610 971 1665 smaltis
1017 1610 1239 1680 optimis
1293 1610 1595 1664 laboratum
1641 1623 1763 1662 eum

185 1702 458 1772 mappula,
507 1718 631 1757 cum
673 1702 870 1770 quibus
911 1700 1157 1763 offertur,
1212 1700 1477 1754 oloserica
1510 1714 1642 1753 auro
1681 1698 1764 1751 iu-

184 1808 331 1850 texta
378 1797 445 1850 de
485 1796 649 1865 pallio
692 1796 966 1864 diopistim
1000 1795 1318 1848 adornatam
1367 1792 1587 1854 ontimis
1629 1791 1767 1845 listis

180 1886 387 1951 aureis,
423 1896 480 1941 et
517 1886 758 1940 orarium
797 1895 853 1938 et
897 1884 1145 1955 mappula
1177 1894 1342 1951 atque
1388 1882 1662 1953 cingulum
1712 1891 1768 1936 et

182 1976 402 2041 stolam,
434 1976 644 2045 singula
695 1976 900 2029 intexta
946 1991 1071 2029 aurt
1125 1974 1394 2040 similiter,
1442 1983 1497 2029 et
1539 1972 1769 2043 pluviale

183 2070 463 2139 diasprum
488 2084 611 2124 cum
640 2068 786 2122 lixtis
817 2082 949 2121 auro
976 2066 1156 2127 textis.
1185 2082 1284 2122 nec
1309 2082 1412 2120 non
1443 2074 1499 2120 et
1529 2068 1765 2119 tunicam

182 2159 429 2227 ejusdem
487 2159 870 2229 subtegminis,
914 2159 1095 2212 aureis
1122 2159 1378 2227 operibus
1424 2165 1765 2212 exornatam.

183 2249 416 2304 Situlam
460 2262 675 2319 quoque
722 2257 774 2303 et
819 2264 1046 2317 cuppam
1101 2257 1440 2319 argenteam,
1497 2263 1620 2302 cum
1663 2261 1768 2315 qua

185 2340 384 2393 fratres
421 2338 473 2391 in
504 2337 892 2392 festivitatibus
929 2337 1188 2392 biberint.
1227 2337 1504 2391 Planetam
1537 2335 1769 2390 diarodi-

183 2449 310 2486 nam
343 2432 526 2488 aureis
548 2433 697 2486 lixtis
720 2440 967 2486 ornatam
996 2447 1101 2483 una
1131 2446 1252 2486 cum
1285 2431 1424 2496 alba,
1453 2439 1503 2483 et
1528 2429 1765 2500 cingulo,

180 2526 324 2579 stola
358 2534 518 2595 atque
565 2523 859 2594 manipulo.
914 2524 1213 2593 Recollegit
1262 2533 1445 2579 autem
1500 2538 1528 2576 a
1566 2522 1766 2576 Judmis

180 2617 278 2686 qui
336 2615 647 2674 retinelmnt
692 2615 751 2678 in
801 2615 1027 2692 pignere
1086 2628 1186 2690 pro
1230 2613 1540 2691 quingentis
1590 2612 1769 2671 aureis

174 2723 348 2770 n‘nam
375 2727 584 2771 veStem
623 2716 690 2770 de
728 2714 925 2769 altario
960 2715 1133 2768 sancti
1172 2712 1489 2775 Benedicti,
1519 2726 1638 2779 qua:
1668 2709 1772 2762 luit

178 2804 366 2860 Caroli
402 2808 565 2874 regis,
594 2821 694 2860 nec
723 2821 830 2861 non
861 2814 917 2861 et
952 2803 1176 2858 calicem
1201 2811 1516 2871 argenteum
1544 2798 1768 2853 Saxoni-

175 2915 309 2955 cum
342 2900 601 2970 majorem
636 2914 758 2954 cum
800 2909 995 2969 patena
1041 2911 1160 2962 sua,
1206 2910 1365 2965 quem
1398 2893 1765 2948 Theodoricus

178 2990 461 3044 Saxonum
512 3005 608 3045 rex
652 2991 814 3045 beato
862 2988 1153 3043 Benedicto
1190 2986 1317 3041 olim
1366 2985 1762 3040 transmiserat.

176 3081 385 3137 Nostra
414 3097 547 3138 vero
594 3082 835 3152 parvitas
881 3080 1241 3151 imperatoriae
1281 3078 1439 3133 saluti
1478 3086 1767 3147 congratu-

177 3175 331 3239 lans,
364 3174 645 3244 posuimus
673 3189 838 3245 super
882 3173 1055 3228 altare
1095 3172 1237 3227 beati
1272 3170 1546 3225 Benedicti
1584 3169 1765 3239 plane-

175 3273 299 3318 tam
327 3265 591 3335 optimam
628 3265 804 3319 veneti
854 3264 1054 3319 coloris
1096 3263 1243 3317 lixtis
1287 3258 1639 3317 nihilominus
1669 3275 1765 3313 au-

179 3356 298 3411 reis
345 3356 599 3411 decenter
645 3363 913 3419 ornatam,
964 3361 1019 3406 et
1068 3351 1263 3406 stolam
1313 3350 1576 3418 optimam
1636 3360 1770 3400 auro

176 3450 405 3502 bustam
447 3462 570 3502 cum
604 3445 880 3514 manipulo
926 3458 1045 3500 suo.
1094 3441 1358 3499 Similiter
1392 3449 1448 3495 et
1490 3438 1771 3509 Bclgrinus

175 3538 637 3608 archiepiscopus
683 3536 882 3593 obtulit
935 3535 1208 3605 plauetam
1259 3545 1583 3603 purpuream
1632 3529 1772 3599 opti-

176 3646 334 3683 mam
360 3631 540 3686 aureis
569 3631 718 3685 lixlis
771 3630 1039 3684 mensium
1069 3627 1351 3682 duodecim
1388 3625 1539 3695 signa
1572 3623 1773 3677 haben-

174 3723 354 3787 tibus,
411 3724 464 3777 in
519 3724 747 3777 circuitu
801 3724 1145 3784 adornatam,
1194 3718 1386 3773 stolam
1440 3730 1562 3771 cum
1603 3729 1769 3769 aureo

172 3811 410 3881 pluviali
452 3828 640 3866 unum.
681 3812 811 3877 Qua:
860 3810 1043 3866 omnia
1084 3808 1365 3879 posuimus
1395 3819 1557 3874 super
1598 3804 1771 3858 altare

169 3900 363 3955 sancti
408 3901 683 3957 Benedicti
716 3902 768 3955 iu
802 3911 1119 3971 perpetuum
1151 3899 1224 3953 ibi
1259 3897 1526 3952 habenda.

251 3992 599 4062 Quapropter
640 4008 739 4063 ego
782 3994 870 4061 qui
918 4008 1077 4062 supra
1107 3989 1431 4045 Benedictus
1458 3987 1765 4056 episc0pus,

293 4171 1927 4197 ___________________________._____.._

1862 262 2049 300 omnes
2076 246 2166 314 qui
2211 245 2521 299 Christiano
2550 245 2810 301 vocabulo
2856 253 3165 310 censentur,
3188 252 3444 300 obsecra-

1864 353 1983 391 mus
2027 351 2124 406 per
2175 337 2457 389 Dominum
2500 336 2714 390 Patrem
2772 335 3196 405 omnipotentem
3244 345 3301 391 et
3347 351 3445 405 per

1862 431 2045 484 Jesum
2104 430 2376 485 Christum
2443 430 2635 484 Filium
2693 430 2812 498 ejus
2868 432 3087 485 unicum
3157 430 3441 485 Dominum

1865 534 2128 585 nostrum,
2177 523 2265 591 qui
2301 537 2396 592 pro
2444 524 2618 577 salute
2673 524 2834 578 totius
2879 523 3059 577 mundi
3106 523 3274 587 nasci,
3307 525 3444 578 mori

1864 621 1916 665 et
1957 627 2239 683 resurgere
2287 613 2487 678 voluit,
2521 624 2575 668 et
2620 629 2715 684 per
2754 614 3013 684 Spiritum
3060 623 3327 677 sanctum,
3377 630 3444 668 ex

1865 712 2092 769 utroque
2125 703 2535 771 procedentem,
2585 713 2639 757 et
2681 719 2779 774 per
2824 704 3194 759 beatissimum
3226 704 3445 758 Petrum

1864 792 2228 861 apostolorum
2283 795 2606 863 principem,
2662 795 2753 863 qui
2803 795 2964 849 habet
3016 804 3334 864 potestatem
3384 795 3449 846 lio

1864 882 2021 951 gaudi
2050 892 2213 951 atque
2243 884 2508 949 solvendi,
2548 894 2601 937 ut
2649 884 2827 939 nullus
2866 899 3101 953 unquam
3138 886 3447 938 thesaurum

1863 984 1918 1027 et
1970 975 2151 1028 omnia
2203 990 2322 1043 quae
2358 976 2667 1044 'prtedictus
2718 976 3012 1046 imperator
3058 990 3155 1043 pro
3212 975 3450 1028 remedio

1866 1065 2057 1118 animze
2086 1080 2199 1119 sua:
2225 1064 2275 1117 iu
2302 1064 2613 1133 prmdictam
2641 1063 2927 1120 ecclesiam
2946 1072 3101 1117 antea
3133 1062 3448 1126 contulerit,

1865 1157 2102 1225 quolibet
2143 1157 2300 1210 modo
2336 1155 2415 1211 vel
2462 1156 2676 1227 ingenio
2720 1158 3063 1226 aliquatenus
3095 1154 3283 1210 tollere
3307 1170 3448 1225 prir-

1867 1256 2060 1302 sumat.
2123 1247 2179 1301 Si
2232 1248 2354 1317 quis
2404 1257 2617 1311 autem,
2670 1248 2811 1317 quod
2849 1262 2955 1300 non
2991 1256 3257 1316 optamus,
3311 1246 3451 1299 hanc

1866 1349 2103 1393 nostram
2171 1338 2615 1393 obstestattonem
2689 1339 2772 1395 vel
2842 1339 3275 1394 obsecrationem
3353 1354 3452 1408 pro

1868 1430 2037 1483 nihilo
2064 1429 2299 1492 duxerit,
2323 1438 2378 1483 et
2409 1429 2614 1499 aliquid
2643 1430 2707 1482 de
2731 1444 2793 1482 ca
2824 1444 2943 1497 quae
2971 1430 3222 1499 superius
3248 1429 3451 1497 scripta

1866 1531 2017 1583 sunt,
2043 1521 2109 1573 de
2146 1521 2405 1590 prmdicta
2451 1519 2680 1574 ecclesia
2714 1520 2955 1589 quolibet
3003 1520 3160 1574 modo
3188 1529 3239 1575 et
3286 1529 3454 1573 teme-

1868 1613 2012 1667 rario
2040 1628 2170 1666 ausu
2205 1611 2393 1666 tollere
2424 1612 2853 1681 praesumpserit,
2887 1611 3021 1666 sciat
3052 1626 3109 1667 se
3136 1612 3454 1665 anathema-

1869 1704 1938 1757 tis
1965 1702 2195 1757 vinculis
2240 1701 2581 1766 innodatum,
2626 1711 2682 1756 et
2706 1718 2735 1754 a
2766 1716 2931 1771 regno
2963 1700 3056 1756 Dei
3105 1699 3369 1764 alienum;
3400 1709 3454 1753 et

1867 1806 1987 1846 cum
2023 1791 2239 1846 diabolo
2267 1801 2321 1845 et
2354 1790 2469 1859 ejus
2500 1792 2854 1845 atrocissimis
2883 1791 3111 1861 pompis,
3143 1801 3304 1860 atque
3329 1805 3450 1845 cum

1866 1883 2001 1939 Juda
2050 1884 2307 1937 traditore
2356 1882 2566 1936 Domini
2614 1883 2782 1937 nostri
2818 1881 2944 1936 Jesu
2985 1880 3454 1947 Christi,a:ternis

1870 1976 2130 2031 incendiis
2165 1984 2220 2029 et
2262 1975 2543 2045 suppliciis
2582 1973 3008 2029 concremandus
3034 1973 3105 2027 sit
3142 1973 3451 2041 deputatus.

1868 2070 1938 2121 At
1964 2083 2091 2121 vero
2130 2067 2220 2135 qui
2274 2070 2361 2136 pio
2402 2068 2603 2121 intmtu
2643 2069 2961 2120 observator
3015 2073 3070 2120 ct.
3108 2064 3160 2118 iu
3202 2065 3453 2121 omnibus

1869 2161 2139 2216 exstiterit
2154 2159 2466 2214 custodiens
2489 2157 2648 2227 hujus
2664 2166 2836 2211 nostri
2853 2156 3131 2227 apostolici
3149 2156 3450 2217 constituti,

1869 2262 1923 2309 et
1961 2254 2026 2306 ad
2062 2253 2268 2306 cultum
2306 2250 2399 2304 Dei
2432 2247 2845 2318 respicientibus
2880 2248 3022 2318 (sic),
3062 2246 3453 2301 benedictionis

1868 2344 2099 2415 gratiam
2136 2357 2165 2394 a
2201 2339 2709 2395 misericordissimo
2744 2339 2972 2392 Domino
3023 2348 3208 2391 nostro
3248 2352 3343 2405 per
3375 2338 3453 2389 in-

1873 2434 2254 2490 tcrcessioucm
2315 2434 2457 2487 beati
2516 2430 2796 2487 Benedicti
2854 2428 3226 2499 multipliciter
3263 2443 3454 2482 consc-

1869 2539 2085 2600 quatur,
2129 2538 2184 2582 et
2230 2528 2353 2582 vitae
2406 2536 2623 2581 reternte
2678 2523 2950 2594 particeps
2997 2536 3118 2575 esse
3158 2529 3451 2575 mereatur.

1869 2622 1902 2679 Α
1916 2636 2047 2678 mea

1938 2716 2240 2772 interfuere
2271 2714 2397 2770 huic
2442 2714 2516 2768 rei
2567 2712 2751 2783 Puppe
2792 2706 3103 2780 patriarcha
3128 2703 3456 2776 Aquilegca-

1871 2814 1966 2873 sis,
2003 2808 2286 2879 Belgrinus
2323 2807 2767 2876 archiepiscopus
2814 2800 3311 2857 Coloniensis‘cum
3340 2812 3458 2852 om-

1876 2903 2032 2959 nibus
2078 2901 2190 2956 fcre
2223 2899 2491 2969 episcopis
2542 2908 2599 2952 et
2651 2894 2938 2951 abbatibus
2976 2891 3138 2946 totius
3184 2888 3368 2943 Galliae
3402 2894 3457 2939 ct

1874 2994 2054 3049 ltalitc.

2611 3122 2723 3178 XL.

1873 3239 2185 3295 Benedictus
2244 3236 2387 3292 VIII
2446 3234 2752 3289 monasterii
2801 3230 2861 3284 S.
2916 3227 3060 3283 Petri
3112 3222 3457 3278 Lna'oviensis

1942 3310 2211 3381 privilegia
2258 3326 2276 3358 ι
2305 3326 2356 3381 ᾳΔ
2377 3307 2584 3381 Joanne
2614 3320 2749 3372 papa
2776 3301 2800 3354 l
2822 3298 3162 3381 liquandum
3192 3310 3457 3381 concessq,

1944 3370 2159 3434 'totident
2220 3377 2426 3440 verbis,
2481 3370 2772 3428 interventu
2834 3370 3070 3422 Heinrici
3131 3370 3460 3433 imperatori:

1944 3458 2175 3503 renovat.
2209 3466 2229 3499 ι

2371 3557 2549 3629 (Anno
2583 3552 2938 3620 tete-i024.)

1982 3669 2259 3743 uiuum...
2288 3665 2484 3719 Annal.
2527 3662 2702 3718 ordin.
2742 3658 2797 3715 S.
2826 3657 3048 3721 Βεῖηεει.9
3074 3654 3164 3720 ιν,
3198 3650 3352 3722 256.]

1948 3801 1963 3817 .
2009 3802 2022 3814 .
2065 3801 2080 3817 .
2125 3800 2139 3817 .
2183 3761 2377 3814 Datum
2430 3758 2615 3812 Roma:
2661 3753 2842 3808 Idibus
2877 3749 3083 3805 mensis
3124 3745 3348 3816 Aprilis,
3378 3743 3461 3799 in«

1874 3854 2111 3909 dictione
2135 3851 2332 3921 prima.
2379 3889 2392 3902 .
2440 3889 2453 3902 .
2496 3886 2513 3902 .

1930 4142 3361 4179 MM

1206 4339 1714 4459 οιωο-
1770 4331 2435 4450 BERUM

740 4597 1017 4706 eum
1098 4596 1221 4685 IN
1300 4590 1538 4685 Hoc
1607 4581 1947 4681 TOMO
2019 4532 2935 4673 CONTINENTUR.

1673 4801 2056 4819 μ

241 4964 737 5028 BENEDICTUS
770 4968 828 5024 S.
874 4961 1208 5019 ANDRE/E
1252 4962 1687 5023 MONACHUS.

214 5062 292 5110 De
319 5056 586 5107 Benedicto
619 5072 679 5117 et,
703 5068 812 5126 ejus
836 5056 1069 5107 cbronico
1096 5059 1278 5107 notitia.
1744 5056 1775 5102 9

211 5123 500 5173 Cunomcmv.
1714 5117 1732 5165 1
1746 5117 1777 5165 0

211 5183 305 5270 κιῇ
334 5175 792 5270 'MII‘SERATORIA
847 5177 1221 5232 POTESTATE
1270 5180 1329 5230 ΙΝ
1378 5179 1545 5234 URBE
1592 5182 1773 5270 “0311':

141 5236 953 5316 ιιθεξέ’.ἱλὲξῇο.ηηη.ζ”ί-..η
1020 5302 1076 5316 ..
1135 5303 1586 5316 manu“-.-
1712 5242 1774 5293 δυ

486 5296 713 5316 ΑΠ’-εμ-
771 5300 953 5316 ..ιῇι
1020 5302 1076 5316 1ο
1135 5303 1599 5316 ,ηπηηησισιι-.-.

1879 4950 2082 5014 PARS
2110 4948 2361 5007 PRIMA
2403 4943 2734 5008 OPERUM
2770 4924 3407 5014 SYLVESIBLJI
3430 4977 3446 4992 .
3466 4914 3569 4984 DE

2106 4992 3327 5088 nise-lminis‘ifoIiﬁMMlCts‘.

1879 5130 2190 5201 nasutus
2228 5129 2310 5179 DE
2344 5127 2751 5181 NUMEROBUM
2790 5108 3175 5181 DIVISIONE.

1948 5196 2189 5247 Prrel’atio.

1945 5262 2057 5313 CAP.
2091 5254 2124 5316 Ιἶ
2147 5280 2207 5289 -
2245 5251 2322 5302 De
2348 5251 2586 5316 singulari
2611 5260 2833 5302 numero.

3526 5097 3589 5153 85

3535 5163 3601 5272 iis

3545 5283 3607 5316 GR
