4030 6212
461 781 1355 1032 amotus
1523 607 3326 1039 renuntiamus

1665 1336 1732 1419 N
1742 1334 2061 1421 ΟΤΙΤΙ
2074 1337 2132 1422 Α

202 1541 298 1606 (Ex
330 1540 674 1595 Prmfatione
707 1539 774 1592 Β.
812 1539 876 1593 Ρ.
913 1540 1048 1594 Ant.
1084 1537 1378 1623 Ballerini,
1477 1539 1566 1623 ..με
1590 1537 1648 1593 in
1672 1540 2382 1623 SyllogeMonumentorum
2403 1547 2484 1623 ad
2494 1551 2811 1623 mysterium
2838 1554 3210 1622 conceptionis
3231 1555 3599 1612 Immaculata:

1187 1611 1440 1678 Virginis
1467 1613 1719 1680 Deiparw
1749 1613 2163 1670 illustrandum.
2199 1617 2396 1672 Romae
2429 1611 2610 1690 1851'.)

273 1954 528 2006 Fuerunt
556 1950 650 2020 qui
684 1949 1036 2004 dubitarent
1063 1961 1136 2001 an
1161 1945 1422 2001 Isidorus
1452 1952 1654 2001 noster
1683 1947 1840 2003 idem
1881 1965 2015 2004 cum
2048 1967 2116 2005 eo
2149 1953 2453 2008 habendus
2495 1955 2589 2022 sit,
2642 1958 2741 2026 qui
2791 1958 2987 2013 medio
3047 1961 3262 2016 saaculo
3313 1981 3401 2017 xw
3449 1966 3594 2020 Con-

207 2040 780 2111 stantinopolitanam
814 2036 1021 2092 sedem
1053 2035 1310 2091 obtinuit
1337 2036 1448 2106 (a);
1481 2037 2020 2094 Thessalonicensis
2050 2046 2249 2096 autem
2279 2043 2470 2098 dictus
2502 2044 2634 2099 ideo
2667 2045 2867 2114 fuerit,
2903 2050 3059 2119 quod
3093 2051 3270 2121 hujus
3318 2054 3593 2108 Ecclesiae

203 2132 588 2203 episc0patum
619 2131 785 2202 prius
815 2129 1085 2202 gesserit.
1119 2131 1192 2182 At
1225 2129 1280 2180 1ο
1311 2132 1562 2194 constat,
1590 2129 1904 2197 Isidorum,
1939 2132 2039 2202 qui
2066 2132 2395 2203 imperante
2426 2136 2649 2190 Joanne
2681 2139 3080 2193 Cantacuzeno
3113 2141 3184 2194 ad
3221 2143 3597 2213 Byzantinam

203 2223 388 2277 sedem
421 2229 550 2292 post
579 2222 840 2292 ejectum
871 2221 1156 2274 Joannem
1189 2217 1459 2273 Calecam
1491 2224 1726 2274 evectus
1758 2227 1846 2275 est
1877 2222 1977 2292 (b),
2012 2239 2133 2276 non
2167 2223 2408 2292 quidem
2435 2226 2868 2282 Thessalonicae
2909 2230 3274 2300 episcopum,
3310 2233 3412 2287 sed
3472 2236 3599 2287 Mo-

203 2313 508 2367 nembasiae
541 2309 989 2381 metropolitam
1020 2309 1186 2379 prius
1217 2307 1473 2363 electum
1505 2309 1684 2364 fuisse
1720 2327 1732 2376 ;
1765 2315 1823 2364 2°
1854 2311 1947 2366 vix
1978 2312 2144 2367 reddi
2178 2313 2326 2368 ratio
2358 2322 2579 2385 posset,
2612 2334 2716 2372 cur
2748 2319 2877 2387 ejus
2921 2319 3137 2390 scripta
3186 2322 3246 2374 in
3300 2322 3603 2378 codicibus

206 2407 528 2456 constanter
560 2401 860 2455 Isidorum
892 2397 1508 2486 Thessalonicensem,
1537 2415 1846 2470 nunquam
1877 2401 2169 2458 Isidorum
2204 2405 2926 2477 Constantinopolitanum
2958 2409 3265 2479 praeﬁxum
3325 2412 3601 2477 habeant,

267 2491 398 2546 Hinc
429 2491 650 2546 eruditi
684 2487 1148 2560 probabiliorem
1179 2486 1346 2558 vulgo
1364 2487 1588 2542 ducunt
1618 2490 2021 2560 conjecturam
2053 2492 2260 2546 Leonis
2290 2493 2510 2560 Allatii,
2535 2497 2634 2564 qui
2658 2496 2867 2550 harum
2891 2498 3273 2553 homiliarum
3297 2507 3601 2556 auctorem

207 2598 312 2635 non
340 2582 513 2636 alium
556 2595 692 2635 esse
725 2579 1004 2650 opinatur
1032 2577 1103 2632 ab
1135 2594 1226 2645 eo,
1259 2578 1360 2646 qui
1393 2579 1979 2635 Thessalonicensem
2012 2581 2212 2636 sedem
2247 2585 2436 2638 tenuit
2466 2585 2792 2655 imperante
2826 2587 3096 2642 Manuele
3132 2589 3460 2661 Palmologo
3490 2608 3501 2643 :
3529 2592 3601 2645 de

209 2671 310 2723 hoc
339 2677 526 2725 autem
554 2669 715 2723 idem
749 2667 1001 2723 Allatius
1033 2668 1143 2721 ista
1171 2666 1353 2721 refert
1384 2683 1456 2722 ex
1486 2668 1774 2738 Synodico
1807 2669 1935 2740 ejus
1966 2671 2242 2726 Ecclesia)
2296 2672 2368 2726 ab
2419 2675 2679 2745 Eugenio
2726 2677 3160 2747 Nomophylace
3205 2679 3424 2749 scripto
3484 2681 3555 2750 (c)
3589 2697 3600 2732 :

211 2757 404 2811 Isidori
433 2760 590 2811 beatae
621 2756 1021 2812 recordationis
1049 2757 1377 2810 sanctissimi
1413 2756 1828 2826 Archiepiscopi
1875 2758 2385 2827 Thessalonicensis,
2431 2765 2529 2830 qui
2585 2767 2762 2818 instar
2813 2766 3096 2835 splendidi
3141 2767 3337 2821 sideris
3385 2784 3602 2836 gregem

207 2863 351 2904 suum
378 2849 516 2902 hunc
547 2848 853 2903 illustravit
883 2847 998 2900 suis
1029 2846 1367 2914 quotidianis
1397 2846 1662 2901 doctrinis
1692 2854 1744 2901 et
1793 2848 2288 2915 admonitionibus,
2331 2857 2382 2903 et
2431 2866 2594 2920 aqua?
2632 2860 2796 2921 atque
2847 2855 3016 2909 bonus
3063 2862 3112 2908 et
3155 2858 3371 2923 primus
3413 2865 3606 2926 pastor

206 2937 433 2991 Christus
455 2937 634 2992 modis
668 2936 917 2990 omnibus
946 2935 1104 2988 ovilis
1129 2951 1320 2989 curam
1349 2937 1517 3007 gessit
1549 2942 1598 2990 et
1630 2935 1818 3005 longas
1839 2939 2320 3007 peregrinationes
2349 2940 2636 3007 sustinuit,
2667 2945 2719 2993 et
2749 2941 3027 3009 quidquid
3073 2941 3325 2995 divinum
3357 2948 3405 2996 et
3435 2944 3606 2998 saluti

201 3027 530 3081 conducibile
557 3025 871 3094 videbatur,
911 3030 962 3078 et
989 3025 1323 3079 sermonibus
1344 3024 1556 3079 edocuit
1587 3031 1639 3078 et
1669 3026 1922 3095 operibus
1949 3026 2363 3093 demonstravit,
2398 3033 2448 3080 et
2499 3044 2620 3082 vere
2672 3027 2767 3096 iis,
2815 3031 2913 3097 qui
2961 3035 3086 3083 ante
3135 3046 3254 3084 eum
3302 3037 3353 3085 et
3400 3032 3605 3086 virtute

198 3122 240 3168 et
275 3117 522 3170 doctrina
554 3115 844 3184 conspicui
872 3116 1046 3183 fuere,
1079 3115 1238 3168 rebus
1270 3114 1520 3168 omnibus
1552 3119 1877 3184 exequatus
1907 3119 1983 3170 est
2008 3122 2281 3185 perpetua
2310 3119 2589 3177 memoria.

261 3205 337 3259 De
369 3205 585 3259 eodem
619 3202 823 3258 scribit
856 3201 1111 3257 Gottlieb
1161 3202 1620 3273 Christophorus
1670 3202 1874 3260 Harles
1918 3205 1993 3273 (d)
2029 3220 2041 3256 :
2075 3205 2314 3259 Isidorus
2367 3205 2850 3261 Thessalonicensis
2900 3209 3256 3278 metropolita
3313 3211 3461 3264 circa
3507 3226 3602 3265 an.

199 3295 319 3346 li—Ot
355 3294 567 3359 clarus,
604 3291 706 3362 qui
733 3292 1042 3346 celebratur
1071 3293 1129 3344 in
1181 3291 1400 3345 Triodio
1453 3293 1760 3348 Grecorum
1809 3294 2101 3348 Dominica
2149 3293 2498 3348 Orthodomias
2550 3296 2661 3349 sive
2701 3298 2890 3366 prima
2936 3297 3397 3367 Quadragesimee,
3448 3305 3501 3353 et
3548 3303 3607 3353 in

202 3385 466 3455 Synodico
500 3382 969 3438 Thessalonicensi
995 3382 1149 3452 apud
1177 3381 1464 3446 Allatium,
1500 3387 1609 3435 etc.
1645 3384 1712 3436 At
1740 3383 1938 3453 palam
1970 3389 2080 3450 est,
2105 3383 2287 3439 alium
2319 3401 2562 3455 prorsus
2595 3402 2722 3441 esse
2756 3403 2884 3442 esse
2915 3387 3208 3442 Isidorum
3238 3387 3609 3443 Thessaloni-

200 3491 458 3538 censem,
493 3473 679 3527 alium
710 3472 808 3543 qui
837 3472 901 3526 in
935 3475 1268 3527 Graecorum
1301 3476 1667 3525 memoratur
1697 3471 1954 3526 Triodio.
1991 3473 2094 3526 Hic
2120 3471 2282 3526 enim
2313 3473 2506 3542 primo
2525 3473 2768 3543 quidem
2798 3475 2859 3528 in
2892 3475 3019 3546 ipso
3044 3476 3278 3530 Triodio
3306 3477 3374 3546 (e)
3405 3477 3607 3548 appel-

193 3564 350 3616 tatur
381 3564 751 3617 sanctissimus
783 3568 832 3616 et
863 3562 1240 3617 celeberrimus
1264 3560 1623 3630 patriarcha;
1652 3559 1753 3630 qui
1785 3559 1993 3615 titulus
2023 3560 2527 3631 adpatriarcham
2563 3563 2973 3633 Byzantinum,
3006 3581 3124 3618 non
3157 3564 3231 3618 ad
3264 3565 3610 3636 episcopum

194 3650 642 3706 Thessalonices
672 3652 948 3722 pertinet.
985 3649 1205 3705 Deinde
1236 3666 1372 3703 vero
1405 3649 1652 3704 nomina
1673 3648 1964 3714 Gerasimi,
1995 3650 2177 3716 Isaiae,
2228 3651 2449 3719 Isidori,
2497 3652 2734 3717 Callisti,
2785 3653 3156 3721 Philothei...,
3209 3669 3462 3724 quorum
3511 3668 3607 3707 me

199 3742 380 3796 moria
411 3742 495 3796 ibi
529 3739 885 3806 celebratur,
913 3741 1127 3794 seriem
1159 3737 1474 3794 manifeste
1509 3737 1832 3808 prmferunt
1863 3738 2277 3809 episcoporum
2309 3740 2782 3810 Byzantinorum,
2816 3757 2937 3794 non
2979 3747 3176 3795 autem
3228 3741 3608 3796 Thessaloni-

202 3830 464 3886 censium
501 3830 599 3900 (f).

270 3925 408 3977 Cum
432 3924 643 3977 Graeco
673 3925 854 3986 textu,
888 3921 986 3992 qui
1018 3936 1176 3974 nunc
1207 3919 1465 3990 primum
1496 3919 1693 3974 editur
1724 3935 1793 3973 ex
1825 3919 2023 3974 codice
2056 3920 2236 3973 (ἶτωο.
2271 3919 2452 3974 Vatic.
2482 3935 2541 3973 n.
2575 3923 2698 3984 651,
2738 3919 2985 3974 latinam
3018 3919 3226 3974 Isidori
3279 3919 3613 3973 orationum

202 4015 565 4081 versionem,
598 4030 632 4066 a
660 4014 746 4068 Io.
776 4013 1046 4067 Matthzeo
1078 4010 1448 4082 CariOphylo,
1483 4010 1927 4081 archiepiscopo
1959 4009 2274 4079 Iconiensi,
2308 4009 2737 4077 elucubratam,
2770 4014 2829 4063 et
2861 4009 2934 4064 ab
2966 4009 3277 4081 Hippolyto
3333 4008 3615 4064 Maraccio

201 4104 519 4176 vulgatam,
554 4100 699 4158 dare
732 4101 1099 4157 maluissem.
1131 4103 1206 4154 At
1235 4117 1369 4154 cum
1401 4116 1530 4154 eam
1564 4099 1861 4154 interdum
1891 4099 2069 4170 paulo
2101 4099 2531 4166 obscuriorem,
2566 4100 2865 4155 interdum
2895 4099 3258 4167 liberiorem,
3319 4096 3618 4153 interdum

204 4193 368 4247 etiam
400 4193 486 4247 ab
517 4190 732 4245 Isidori
766 4189 1064 4245 sententia
1093 4188 1350 4244 alienam
1379 4187 1758 4251 adverterim,
1791 4187 1863 4242 ab
1896 4204 1963 4242 eo
1994 4188 2244 4243 consilio
2277 4187 2700 4244 discedendum
2731 4187 2949 4259 putavi.

271 4363 337 4428 to)
359 4361 506 4440 _Yid_.
543 4358 848 4440 llippquti
882 4355 1181 4440 Marraccii
1210 4354 1502 4411 monitum
1535 4355 1607 4410 ad
1669 4356 1862 4410 Lecto-
1972 4357 2189 4440 volxX‘,
2220 4359 2508 4440 pag.0498.

222 4427 328 4486 rem
355 4432 588 4487 Martiali
619 4427 831 4486 lsidori
866 4430 1194 4500 praeﬁxum.
1501 4497 1544 4500 μ
1607 4499 1611 4500 ί
1819 4497 1830 4500 Α
1992 4499 2004 4500 7
2045 4427 2329 4500 (e)_Prope
2363 4428 2540 4500 finem
2573 4427 2841 4500 Synocici
2860 4427 2934 4482 ad
2964 4427 3332 4500 Dominicam
3363 4428 3619 4500 primam

276 4504 366 4587 (eg-1
387 4503 544 4587 tigni.
584 4501 838 4557 Michael
866 4495 1169 4572 'Lequien,
1222 4501 1432 4554 Orient.
1487 4497 1685 4552 Christ.
1745 4497 1858 4554 vol.

2031 4495 2448 4587 uadt‘agésjmaa
2473 4515 2500 4586 ε’
2525 4495 2812 4587 Ἰσίδώρουῖ
2843 4501 2940 4587 tqu
2980 4497 3032 4552 ἐν
3067 4499 3307 4587 μακαρίᾳ
3349 4495 3417 4569 ’ξῇ
3466 4495 3622 4587 λέξει

210 4574 248 4640 l,
278 4567 383 4628 cal.
424 4577 556 4628 301.
986 4567 1004 4572 ”
1157 4567 1161 4568 ν
1264 4641 1294 4644 Α
1575 4639 1666 4644 --Δ
1977 4567 2272 4644 γενομένῳ
2303 4567 2604 4644 ἀγιωτάτου
2649 4567 2739 4624 καίὶ
2789 4567 3437 4643 ἀοιδίμουήπατριάρχόυ
3482 4568 3620 4621 αἰω-

261 4647 326 4714 (ς)
359 4648 438 4701 De
473 4647 806 4702 Simeonum
844 4643 1062 4713 scriptis
1085 4641 1365 4714 ,Diatriba,
1401 4656 1529 4714 pag.
1566 4639 1684 4714 1§7;
1747 4712 1754 4714 _
1805 4713 1834 4714 ρ

788 4661 806 4698 i
844 4643 1062 4713 scriptis
1085 4641 1365 4714 ,Diatriba,
1401 4656 1529 4714 pag.
1566 4639 1684 4714 1ἕ7ἒ
1747 4712 1754 4714 _
1805 4713 1834 4714 ﬂ
1976 4639 2064 4694 ulla
2094 4641 2128 4708 ἡ
2165 4639 2379 4712 μνήμή.

360 4718 436 4774 In
459 4715 670 4773 Addit.
704 4714 782 4772 ad
809 4708 988 4772 Graec.
1022 4713 1291 4770 Biblioth.
1313 4708 1553 4768 JofAlb.
1589 4711 1862 4768 Fabricii.
2055 4714 2123 4784 (f)
2156 4708 2321 4768 Cont.
2346 4708 2599 4769 Michael
2632 4715 2911 4786 Lequien,
2945 4714 2981 4770 l.
3016 4731 3065 4772 c.

541 5742 818 5798 l’nnoc.
871 5738 981 5797 Gn.
1029 5733 1340 5796 CXXXIX.

233 5929 329 5991 κο

124 5973 386 6171 AV
