4030 6212
397 354 468 419 11
1554 347 1848 424 [SIDORI
1891 351 2652 454 THESSALDNIQENSIS
3731 365 3804 437 12

1596 683 2566 882 ISIDORI

1081 1015 2192 1109 THESSALONICENSIS
2266 1021 3112 1112 ARCHIEPISCOPI

1731 1223 2278 1320 OBATION
2286 1223 2433 1318 ES

1050 1593 1283 1652 SERMO
1320 1593 1364 1648 Ι.

381 1719 440 1772 1η
465 1716 818 1772 nativitatem
841 1719 1044 1786 praeter
1073 1713 1291 1768 modum
1333 1711 1896 1786 omnem_puriss_inie_e
1937 1710 2038 1786 Dei

453 1789 592 1844 Geni
599 1789 750 1842 tricis
761 1793 815 1841 et
835 1780 1078 1841 Dominae
1098 1790 1294 1841 nostra
1313 1799 1523 1854 semper
1549 1780 1800 1853 Virginis
1820 1783 2030 1836 Maria.

739 1946 1018 2018 Benedic,
1051 1950 1243 2006 Pater.

449 2081 494 2135 Ι.
528 2083 754 2152 Moyses
813 2081 936 2151 ille,
987 2083 1082 2138 cui
1131 2087 1190 2138 et
1242 2097 1406 2138 mare
1465 2082 1641 2138 cessit
1669 2080 1710 2152 ί,
1770 2086 1828 2138 et
1874 2086 2032 2138 terra

379 2171 574 2226 i’ontes
603 2170 955 2226 mirabiliter
983 2172 1236 2244 prasbuit
1268 2174 1307 2239 ',
1339 2173 1459 2227 imo
1493 2178 1552 2227 et
1581 2171 1790 2228 cmlum
1831 2189 2028 2228 escam

380 2277 624 2331 prorsus
647 2278 862 2317 novam
895 2262 1214 2318 demittens
1245 2264 1444 2335 paruit
1474 2264 1516 2331 ⁸,
1539 2263 1866 2334 primordia
1894 2263 2030 2318 uni-

380 2349 532 2403 versi
550 2365 833 2405 enarrans
857 2351 967 2406 ait:
985 2354 1044 2406 In
1067 2354 1353 2422 principio
1377 2360 1522 2407 terra
1539 2358 1656 2406 erat
1669 2353 1962 2408 invisibilis
1978 2359 2028 2407 et

376 2439 762 2509 incomposita,
787 2446 839 2494 et
860 2442 1094 2496 tenebrae
1124 2448 1282 2496 erant
1302 2457 1466 2512 super
1485 2443 1736 2512 abyssum
1757 2441 1798 2510 ‘,
1831 2442 2027 2513 quoad

373 2540 562 2596 usque
595 2526 745 2582 lucis
775 2529 994 2584 creatio
1026 2529 1302 2586 tenebras
1323 2530 1532 2586 divisit.
1562 2532 1678 2602 Ego
1691 2547 1826 2586 vero
1845 2531 2022 2586 etiam

369 2620 506 2687 post
535 2622 704 2673 natos
726 2619 1018 2690 homines,
1043 2626 1101 2674 et
1121 2620 1445 2676 multorum
1475 2637 1767 2677 annorum
1789 2620 2020 2693 lapsum

371 2704 535 2760 aliud
559 2707 940 2764 tenebrarum
962 2726 1146 2783 genus
1165 2712 1422 2766 offusum
1444 2711 1724 2767 Universo
1743 2710 2019 2780 dixerim,

2060 1591 2118 1670 Α

2798 1592 3028 1648 ΛΟΓΟΣ
3069 1591 3136 1647 Α⁹

2143 1675 2242 1741 Εἷς
2281 1677 2394 1756 Δειςήν
2471 1675 2722 1756 γέννησιν
2809 1684 2910 1748 τῆς
2952 1681 3402 1756 ’πανυπεράγνου
3452 1682 3578 1756 ’καὶ
3666 1691 3804 1740 Θεο-

2213 1749 2496 1874 Βμὶήτιῖρο(
2562 1749 2653 1804 καὶ
2765 1751 3061 1823 Δεσποίνης
3182 1749 3343 1826 ἡμῶν
3441 1753 3799 1830 ἀειπαρθένου

2269 1839 2332 1896 αρ
2363 1841 2446 1884 ας.

2428 1927 2783 2015 Εὖλόγησον,
2814 1927 3008 2010 Πάτερ.

2211 2067 2288 2125 Δί.
2321 2069 2534 2138 Μωσῆς
2587 2065 2816 2140 ἐκεῖνος,
2852 2069 2898 2142 ᾧ
2928 2069 3169 2126 Θάλασσα
3222 2071 3321 2146 μὲν
3381 2071 3679 2149 ὑπεχώρει,
3729 2083 3802 2152 γῆ

2143 2153 2198 2213 δέ
2229 2156 2569 2234 παραδόξους
2602 2156 2934 2236 ἐλειτούργει
2976 2161 3182 2238 πηγὰς,
3231 2159 3378 2218 ἀλλὰ
3423 2163 3517 2218 καὶ
3571 2164 3838 2240 οὐρανὸς,

2137 2246 2290 2319 ξένην
2343 2248 2449 2303 εἶκε
2507 2245 2715 2304 δίαιταν
2785 2251 3180 2324 καταπέμπων,
3266 2252 3366 2321 τήν
3441 2257 3542 2308 τοῦ
3598 2256 3804 2318 παντὸς

2136 2337 2518 2414 ἀφηγούμενος
2576 2337 2800 2414 γένεσιν,
2893 2339 3156 2415 ’Δόρατος
3222 2341 3289 2411 ἧν
3343 2343 3378 2410 ἡ
3439 2344 3534 2416 γῆ,
3594 2343 3785 2420 φησὶν,

2137 2425 2188 2480 έν
2243 2425 2392 2502 ἀρχῇ
2449 2427 2541 2482 καὶ
2597 2427 3086 2499 ἀκατασκεύαστος,
3174 2430 3263 2484 ναὶ
3341 2431 3531 2494 σκότος
3600 2429 3785 2488 ἐπάνω

2133 2521 2233 2585 τῆς
2257 2510 2517 2586 ἀϐύσσου,
2569 2513 2675 2580 ἕως
2705 2519 2866 2586 ἡτοῦ
2919 2517 3102 2597 φωτός
3157 2519 3221 2574 τὸ
3281 2515 3473 2582 σκότος
3529 2519 3787 2596 ἀπέκρινε

2131 2603 2364 2682 γένεσις.
2406 2606 2552 2686 Ἐγὼ
2583 2603 2660 2678 δὶ,
2692 2606 2782 2663 καὶ
2837 2611 2943 2663 τῶν
2997 2608 3294 2685 ἀνθρώπων
3341 2609 3420 2672 εἰς
3482 2609 3598 2684 βίον
3651 2607 3792 2681 ἐλη-

2133 2693 2409 2767 λακότων,
2467 2697 2557 2752 καὶ
2615 2697 2679 2752 τὸ
2731 2697 2875 2754 πολὺ
2933 2699 3041 2754 τῶν
3095 2697 3230 2754 ἒτῶν
3313 2696 3788 2771 δεδαπανηκότων,

373 2793 562 2850 donec
617 2799 954 2868 purissimas
1014 2816 1082 2855 ac
1134 2799 1324 2856 beatas
1382 2800 1635 2874 Virginis
1711 2800 2014 2872 splendida

2134 2785 2388 2858 ἀορασίαν
2421 2783 2602 2858 ἃλλην
2659 2786 2824 2866 φαίην
2883 2787 2946 2844 ἄν
3007 2794 3105 2844 τοῦ
3159 2790 3355 2851 παντὸς
3411 2793 3788 2863 καταχεῖσθαι,

367 2885 642 2940 nativitas
673 2891 964 2943 terrarum
995 2890 1200 2945 orbem
1224 2890 1546 2946 irradiavit.
1575 2891 1754 2963 Cujus
1781 2891 2014 2963 quidem

2134 2875 2332 2952 μέχρις
2393 2875 2456 2928 οὗ
2508 2878 2608 2944 τῆς
2664 2863 2936 2950 πανάγνου
2980 2875 3069 2929 καὶ
3099 2876 3396 2963 ιμαιιαρίας
3445 2873 3721 2946 Παρθένου
3752 2880 3787 2946 ἡ

369 2972 468 3028 lux
500 2991 844 3046 quanquam
889 2994 958 3032 ex
1007 2979 1210 3032 infima
1260 2979 1370 3034 hac
1417 2981 1654 3050 regione
1710 2980 2018 3049 effulserit,

367 3069 670 3118 creaturas
700 3070 900 3119 tamen
943 3067 1250 3120 universas
1300 3083 1420 3120 non
1470 3072 1779 3120 terrestres
1817 3068 2014 3138 modo,

373 3150 477 3203 sed
509 3151 689 3204 etiam
749 3151 1016 3206 caelestes
1068 3169 1173 3207 suo
1223 3152 1452 3217 lumine
1500 3154 1766 3228 replevit.
1815 3155 2015 3224 Neque

374 3241 534 3294 enim
566 3246 667 3296 aut
699 3243 810 3310 sol,
864 3249 967 3298 aut
1014 3244 1308 3322 quapiam
1361 3245 1479 3301 alia
1507 3262 1536 3300 e
1568 3244 2018 3318 splendentibus

371 3328 628 3384 molibus
642 3331 1054 3402 jucundiores,
1081 3349 1187 3388 seu
1204 3332 1586 3406 copiosiores,
1618 3350 1721 3390 seu
1747 3334 2017 3390 utiliores

370 3433 634 3489 unquam
666 3420 864 3476 radios
896 3422 1228 3494 ejaculavit,
1261 3441 1439 3496 quam
1490 3441 1636 3498 opus
1668 3424 2016 3484 immacula-

364 3507 596 3562 tissima
641 3509 839 3566 emisit
885 3511 1075 3584 Virgo.
1131 3513 1282 3578 Quin
1332 3513 1450 3572 imo
1529 3519 1761 3575 tantum
1828 3514 2013 3586 abest,

363 3601 429 3650 ut
459 3601 517 3651 et
546 3598 632 3652 sol
677 3603 736 3653 et
794 3604 1086 3672 quotquot
1140 3601 1270 3657 alia:
1329 3607 1615 3664 creaturae
1672 3603 2015 3676 praecellere

361 3684 736 3756 videbantur,
797 3695 1116 3761 antequam
1191 3697 1536 3748 nasceretur
1614 3692 1808 3766 Virgo,
1866 3693 2015 3749 lucis

363 3773 590 3844 aliquid
614 3783 860 3848 possent
885 3779 1100 3835 animas
1123 3781 1357 3852 alierre,
1376 3786 1442 3838 ut
1463 3781 1662 3854 potius
1687 3783 2014 3854 essent,qui

359 3861 422 3916 in
445 3865 812 3921 teterrimam
844 3869 1173 3925 caecitatem
1197 3871 1326 3942 ipsa
1345 3876 1754 3930 creaturarum
1775 3871 2014 3928 illarum

359 3954 862 4026 contemplatione
879 3957 1480 4032 incurrerent,utpote
1494 3977 1642 4032 quos
1655 3966 2013 4033 prmpostere

361 4038 504 4095 deos
534 4048 832 4112 putarent,
891 4047 1192 4117 vitamque
1250 4049 1526 4119 viverent,
1605 4035 1757 4121 quea,
1838 4055 1904 4104 ut
1951 4049 2010 4104 in

2173 2965 2425 3036 ωταυγὴς
2481 2965 2558 3023 εἰς
2613 2970 2718 3036 γῆν
2775 2961 3044 3035 ἐξέλαμψε
3091 2959 3351 3036 πρόοδος·
3411 2965 3481 3030 ἧς
3517 2965 3552 3031 ἡ
3590 2968 3788 3037 φαῦσις

2173 2983 2425 3036 ωταυγης
2481 2983 2558 3023 εις
2613 2983 2718 3036 γην
2775 2983 3044 3035 εξεΑαμψε
3091 2983 3351 3036 προοοος·
3411 2983 3481 3030 ης
3517 2983 3552 3031 η
3590 2985 3788 3037 φαυσις

2131 2983 2370 3102 Ῐνέτειλε
2409 3050 2503 3119 μὲν
2535 3049 2594 3102 ἐκ
2623 3053 2730 3102 τῶν
2785 3051 2955 3118 κάτω,
3006 3049 3118 3104 ἂνω
3172 3047 3228 3104 δὲ
3274 3051 3366 3106 καὶ
3414 3051 3564 3106 κάτω
3603 3055 3789 3130 φωτὸς

2128 3136 2489 3210 πεπλήρωκεν
2545 3137 2752 3192 ἅπασαν
2816 3135 3014 3192 κιιτίσιν⁹
3073 3137 3165 3194 καὶ
3225 3139 3338 3205 οὔθ’
3422 3139 3592 3212 ἥλιος
3671 3141 3786 3201 οὔτ’

2128 3221 2268 3280 ἀλλο
2296 3213 2404 3280 ἑῶν
2455 3225 2667 3304 ὡραίων
2721 3223 2894 3297 οὐδὲν,
2952 3227 3167 3292 ἀκτῖνας
3215 3227 3408 3300 ἡδίους
3448 3232 3486 3303 ἥ
3531 3230 3780 3308 πλείους,

2126 3313 2162 3384 ἢ
2223 3311 2626 3389 διαυγεστέρας,
2681 3315 2717 3386 ἢ
2775 3317 2836 3371 τὸ
2922 3317 3206 3396 ὠφέλιμον
3261 3319 3454 3375 πλεῖον
3513 3319 3780 3397 ἐχούσας,

2128 3403 2303 3480 ἀφῆκε
2332 3410 2434 3473 τῆς
2465 3407 2874 3480 Παναχράντουο
2929 3405 3144 3478 μᾶλλον
3197 3405 3254 3462 δὲ
3300 3409 3389 3463 καὶ
3442 3408 3629 3481 ἥλιος,
3685 3411 3781 3470 καὶ

2125 3495 2232 3548 τῶν
2267 3489 2777 3569 δημιουργημάτων
2827 3494 2926 3550 ὅσα
2959 3500 3067 3550 τῶν
3121 3495 3308 3553 ἄλλων
3355 3500 3612 3575 προέχειν
3658 3498 3784 3555 ἐδό·

2126 3601 2230 3652 κει,
2261 3581 2390 3658 πρὶν
2430 3585 2590 3662 ιρῦναι
2641 3585 2742 3654 τήν
2797 3585 3086 3660 πάναγνον,
3145 3591 3406 3642 τοσοῦτον
3467 3587 3566 3643 οὐκ
3618 3589 3775 3668 εἶχον

2127 3675 2282 3746 ψυχῇ
2308 3692 2362 3726 τι
2410 3667 2744 3747 διαλάμπειν
2795 3672 3042 3753 φαιδρὸν,
3092 3673 3231 3731 ὥστε
3277 3675 3435 3746 εἷ’σίν,
3468 3674 3522 3732 d’i
3551 3677 3638 3732 καὶ
3675 3667 3777 3754 βα-

2128 3759 2362 3834 ρυτάτην
2422 3760 2730 3832 ὑπέστησαν
2783 3761 3090 3842 τύφλωσιν,
3165 3760 3568 3839 προσϐαλόντες
3627 3765 3777 3822 ἐκεί-

2122 3871 2258 3920 νοις,
2289 3845 2382 3904 ἆτε
2413 3847 2480 3920 δὴ
2512 3856 2692 3914 κακῶς
2723 3850 2902 3908 ἐκεῖνα
2959 3855 3113 3917 θεους
3175 3853 3464 3927 οἶήθέντες,
3511 3857 3604 3911 καί
3662 3861 3777 3932 ζωῇ

2126 3944 2358 4008 συνῆσαν
2388 3940 2618 3996 θανάτου
2677 3939 2932 4017 δεομένῃ,
2983 3941 3060 3998 ’ίν⁹
3113 3941 3337 4014 ἀληθῶς
3390 3945 3650 4017 ζήσωσιν,
3702 3947 3780 4011 ὡς

2122 4028 2212 4083 καὶ
2269 4029 2304 4097 ἡ
2363 4028 2770 4105 μεγαλόκροιτος
2827 4030 3051 4088 Παύλου
3136 4029 3512 4088 Κολασσαεῦσι
3604 4032 3778 4105 δηλοῖ

358 4143 559 4185 veram
583 4137 880 4188 veteretur
906 4135 1108 4206 vitam,
1141 4142 1330 4192 morte
1362 4119 1680 4210 indigebat,
1714 4139 2010 4210 quemad-

2134 4121 2304 4198 φωνὴ,
2364 4121 2431 4176 Ei
2489 4119 2582 4176 οὖν
2636 4121 2920 4176 ἀπεθάνετε
2976 4121 3070 4176 σὺν
3151 4125 3392 4196 Χριστῷ,
3469 4125 3772 4204 φάσκουσα,

359 4218 605 4276 modum
635 4221 1026 4280 celeberrima
1054 4242 1289 4296 quoque
1317 4226 1481 4281 Pauli
1521 4227 1594 4282 ad
1624 4228 2004 4286 Colossenses

357 4322 468 4362 vox
528 4309 837 4368 declarat:
887 4315 950 4369 Si
1005 4331 1139 4388 ergo
1188 4318 1394 4371 mortui
1452 4319 1580 4374 estis
1619 4333 1742 4372 cum
1800 4319 2012 4380 Christo

359 4396 428 4454 ab
487 4396 766 4454 elementis
816 4400 984 4476 hujus
1033 4406 1255 4478 mundi,
1315 4406 1453 4476 quid
1509 4405 1690 4468 adhuc
1746 4413 2012 4478 tanquam

355 4485 594 4540 viventes
615 4487 673 4539 in
693 4490 898 4544 mundo
933 4491 1226 4554 decernitis
1253 4493 1324 4553 5?
1366 4497 1548 4552 Porro
1577 4497 1852 4560 tenebras
1881 4497 2010 4558 illas

357 4575 416 4624 et
447 4572 863 4643 sepulcralem,
895 4583 962 4632 ut
989 4577 1072 4632 ita
1101 4579 1317 4648 dicam,
1349 4581 1527 4636 vitam
1559 4599 1590 4636 e
1622 4584 1818 4642 medio
1837 4585 2006 4657 Virgo

355 4675 647 4750 apparens
680 4663 936 4719 sustulit.
971 4668 1104 4738 Ipsa
1139 4669 1342 4741 :igitur
1386 4669 1691 4730 nubilibus
1748 4687 2004 4750 quoque,

355 4749 803 4823 splendidisque
834 4757 1120 4812 creaturis
1172 4756 1365 4814 lucem
1411 4760 1616 4830 utique
1667 4749 1894 4829 effudit,
1942 4767 2008 4816 ut

355 4839 458 4908 qui
517 4855 616 4895 eas
674 4843 1173 4915 contemplentur,
1233 4862 1435 4902 verum
1505 4847 1576 4902 de
1655 4848 1769 4902 illis
1850 4849 2003 4904 ferre

353 4925 588 4996 possint
609 4929 924 5000 judicium,
957 4949 1150 5004 neque
1195 4935 1450 5007 amplius
1501 4937 1718 4992 erroris
1768 4943 2002 4994 noctem

352 5015 680 5080 incurrant.

422 5109 494 5164 ΙΙ.
528 5111 705 5183 Atqui
737 5113 992 5185 (inquiet
1040 5116 1288 5173 fortasse
1339 5118 1658 5192 quispiam)
1713 5137 1846 5177 cum
1877 5121 2002 5178 haec

349 5205 623 5258 creatura
651 5202 726 5258 ad
775 5220 868 5260 res
924 5205 986 5261 in
1024 5205 1230 5263 ordine
1285 5209 1675 5266 continendas
1733 5213 2001 5269 conferre

345 5287 674 5356 plurimum
698 5299 918 5367 posset,
944 5297 1255 5368 oportebat
1273 5298 1500 5371 utique,
1521 5305 1589 5356 ut
1605 5317 1735 5372 qum
1770 5306 1998 5358 tantum

2115 4207 2222 4264 ἀπὸ
2261 4211 2370 4263 τῶν
2433 4210 2722 4284 στοιχείων
2777 4214 2874 4264 to?)
2928 4210 3162 4284 κόσμου,
3218 4209 3274 4266 τί
3322 4212 3398 4274 ὡς
3459 4217 3653 4280 ζῶντες
3711 4215 3768 4271 έν

2126 4298 2321 4376 κόσμῳ
2354 4295 2780 4375 δογματίζεσθες
2814 4299 2889 4356 Τὸ
2944 4296 3001 4353 δὲ
3049 4299 3239 4360 σκότος
3289 4299 3482 4370 ἐκεῖνο,
3531 4301 3620 4354 καὶ
3667 4304 3770 4372 τὴν

2118 4387 2400 4464 ταφόζωον
2433 4387 2510 4448 ὡς
2552 4387 2722 4441 εἰπεῖν
2778 4385 2998 4467 ὕπαρξιν
3059 4387 3119 4443 ἐκ
3177 4386 3349 4468 μέσου
3402 4387 3698 4462 πεποίηκεν
3731 4392 3769 4460 ἡ

2119 4475 2396 4552 Ιίαρθένος
2455 4480 2697 4554 φανεῖσα.
2758 4477 2970 4540 Οὐκοῦν
3029 4475 3164 4558 αὕτη
3223 4478 3314 4544 καὶ
3366 4483 3486 4550 τοῖς
3547 4486 3771 4553 σεμνοῖς

2121 4563 2386 4637 δήπουθεν
2441 4569 2548 4621 τῶν
2611 4567 2924 4641 κτισμάτων
2978 4569 3070 4622 καὶ
3123 4572 3410 4646 φωτεινοῖς
3470 4573 3588 4640 φῶς
3643 4566 3769 4624 ἐπέρ

2118 4677 2266 4742 χεεν,
2317 4655 2382 4711 ἵν’
2427 4657 2479 4710 οἱ
2523 4656 2891 4744 προσέχοντες
2935 4655 3168 4727 ulla“:
3227 4659 3355 4731 ὁρᾷ»)
3403 4653 3585 4731 ἔχοιεν
3643 4657 3770 4733 περὶ

2119 4737 2318 4814 αὐτῶν,
2380 4745 2466 4798 καὶ
2533 4737 2731 4816 μηκέτι
2786 4750 2854 4818 τῇ
2911 4751 3013 4814 τῆς
3070 4745 3286 4815 πλάνης
3343 4745 3491 4800 νυκτὶ
3547 4747 3770 4820 περιπί-

2113 4853 2320 4889 πτοιεν.

2185 5119 2260 5175 B'.
2294 5113 2445 5176 ’Ἐδει
2479 5115 2536 5174 δὲ
2577 5115 2678 5192 ἄρα
2715 5117 2862 5174 τοῦτ’
2910 5117 2971 5172 ἂὶν
3018 5135 3100 5177 τις
3157 5113 3436 5184 ζητήσειεν
3497 5107 3648 5182 ἴσως,
3698 5113 3764 5170 τὸ

2113 5209 2558 5266 λυσιτελέστατον
2613 5209 2830 5282 ποίημα
2885 5211 2954 5282 τῇ
3007 5207 3200 5281 πρώτῃ
3286 5207 3396 5260 τῶν
3452 5201 3762 5280 γενομένων

2111 5296 2513 5373 συνδιαλάμψαι
2592 5299 2832 5369 ποιήσει,
2915 5297 3009 5352 ἅτε
3066 5293 3133 5365 δὴ
3200 5294 3266 5350 τὰ
3337 5295 3560 5370 μέγιστα
3624 5291 3758 5370 ἔχον

347 5377 738 5436 emolumenti
793 5384 1050 5442 allatura
1101 5387 1286 5457 'foret,
1357 5405 1490 5444 cum
1550 5390 1744 5462 prima
1799 5407 2000 5448 rerum

2134 5395 2360 5462 ιοσμεῖν·
2397 5390 2485 5444 καὶ
2517 5388 2554 5462 ᾖ
2585 5387 2868 5444 συνέπεσον
2917 5388 2972 5442 οἱ
3019 5386 3282 5450 παθόντες
3327 5384 3490 5457 νόσῳ,
3537 5382 3763 5442 τοῦτους

354 5466 658 5524 creatione
689 5471 866 5527 simul
895 5475 1208 5548 illuceret;
1241 5479 1343 5550 qui
1371 5495 1506 5534 vero
1540 5479 1600 5535 in
1642 5480 1770 5553 ipso
1800 5497 2000 5538 rerum

2117 5477 2246 5554 μηδ’
2273 5476 2433 5554 ἔγγὺς
2463 5476 2708 5555 γενέσθαι
2730 5478 2830 5546 τήν
2863 5475 3088 5553 πρῷτην
3120 5473 3229 5547 ὲᾷν.

415 5643 434 5681 ί
467 5645 650 5704 Exod.
685 5666 799 5720 xxv,
830 5654 914 5706 21.
997 5655 1020 5689 ²
1049 5657 1229 5712 Exod.
1266 5677 1400 5729 xvn,
1437 5665 1458 5714 1
1495 5679 1660 5734 seqq.
1741 5664 1761 5698 ³
1791 5664 1970 5720 Exod.
2003 5681 2110 5732 1m,
2147 5663 2171 5716 1
2207 5679 2370 5733 seqq.
2451 5663 2470 5698 ⁴
2498 5663 2639 5720 Gen.
2675 5677 2716 5732 ι,
2749 5664 2804 5730 2,
2839 5677 2956 5719 sec.
2991 5661 3157 5716 LXX.
3234 5657 3258 5692 ⁵
3288 5655 3506 5713 Coloss.
3541 5672 3600 5724 ll,
3636 5657 3725 5712 20.

3575 5975 3588 5988 .
3623 5928 3720 5997 r1,
