4090 6208
289 414 364 478 15
1441 411 1733 474 ISIDOBI
1776 409 2529 476 THESSALONICENSIS
3621 419 3696 476 16

287 548 377 603 dis
407 548 686 603 Conditor
714 547 886 619 plane
941 547 1272 619 cogitasset.
1327 545 1700 613 Quaacunque
1753 542 1932 614 igitur

2058 543 2458 618 ιτροϋπάρξαντα
2515 541 2606 599 διὰ
2659 544 2860 614 ταύτης
2919 543 3144 613 ὑπέστηο
3203 546 3296 601 καὶ
3351 548 3416 614 ἦν
3477 545 3581 621 ἄρα
3631 546 3701 600 ei

288 643 424 692 ante
455 655 585 693 eam
617 637 875 702 fuerunt,
931 635 1120 706 ipsius
1171 632 1360 706 gratia
1415 631 1846 696 substiterunt;
1879 634 1938 684 et

287 725 510 782 idcirco
532 725 712 796 (quod
741 740 882 780 sane
906 722 1267 794 stupendum
1289 721 1399 792 est)
1429 737 1560 790 quaa
1575 719 1705 791 jam
1737 725 1938 774 creata

289 820 478 878 erant,
503 815 649 884 ipsa,
683 829 814 883 qua)
844 811 1038 866 adhuc
1069 816 1195 865 erat
1223 809 1500 872 creanda,
1524 812 1590 862 ut
1611 807 1934 864 conderen-

291 905 408 969 tur,
439 900 783 972 indigebant
809 917 822 966 ;
855 916 922 954 ac
953 915 1103 954 nova
1133 913 1370 969 prorsus
1401 896 1630 951 ratione
1654 896 1782 966 ipsa
1811 896 1937 950 sola

2043 630 2301 707 γεγονότα
2338 629 2658 708 παραδόξως
2685 639 2787 703 τῆς
2834 633 3202 707 γενησομένης
3258 635 3394 708 πρὸς
3441 637 3504 690 τὸ
3556 635 3700 713 γενέ-

2047 729 2168 782 σθαι
2201 717 2454 792 δεόμενα,
2485 721 2576 776 καὶ
2633 722 2773 795 μόνη
2831 725 3032 783 καινῶς
3091 721 3220 784 τοὺς
3274 723 3510 798 πατέρας
3565 745 3708 798 προ-

2044 805 2210 862 έτεκεο
2258 813 2521 865 τοσοῦτον
2553 812 2588 879 ἡ
2624 809 2892 884 Παρθένος
2946 815 3054 865 τῶν
3101 811 3196 866 τὸν
3253 813 3374 886 βίον
3435 811 3706 887 προειλη-

2047 896 2227 964 φότων
2257 895 2476 959 οὐδενὸς
2515 894 2738 968 ἐδεήθη.

293 1006 431 1046 suos
461 989 522 1042 in
553 993 924 1044 antecessum
953 987 1184 1059 peperit
1212 988 1509 1056 parentes.
1542 985 1704 1040 Adeo
1739 985 1976 1040 nemine
2011 1001 2236 1056 eorum,
2271 988 2488 1058 quibus
2531 988 2780 1061 contigit
2832 995 2970 1044 ante
3018 990 3207 1062 ipsam
3254 991 3470 1060 vivere,
3531 993 3702 1064 Virgo

290 1077 546 1148 indiguit
577 1076 589 1130 Ξ

361 1167 454 1220 Ιν.
515 1165 628 1219 Sed
681 1169 971 1235 praeterea
1027 1163 1264 1220 diversa
1322 1179 1557 1235 quoque
1625 1180 1659 1217 a
1715 1164 1946 1218 caeteris

295 1254 747 1324 quibuscunque
795 1253 1031 1324 penitus
1093 1253 1221 1323 ipsa
1273 1257 1380 1308 est.
1443 1251 1592 1316 Quid
1649 1256 1739 1306 est
1789 1251 1946 1306 enim

292 1345 450 1398 inter
479 1347 706 1396 creatas
739 1358 834 1396 res
865 1358 1093 1409 omnes,
1135 1341 1295 1412 quod
1326 1357 1510 1413 prOpe
1540 1340 1613 1395 ad
1645 1339 1948 1395 admiran-

292 1431 434 1484 dum
465 1431 577 1484 hoc
608 1430 751 1484 artis
783 1447 929 1500 opus
959 1429 1222 1500 accedat,
1273 1429 1446 1500 cujus
1492 1427 1944 1500 pulchritudine

294 1521 385 1574 vel
417 1521 545 1590 ipse
577 1525 782 1590 captus
813 1519 924 1574 fuit
967 1519 1269 1586 Conditor,
1323 1518 1479 1573 unde
1527 1523 1584 1571 et
1634 1517 1782 1572 illud
1834 1517 1947 1572 sibi

293 1609 560 1663 omnium
591 1607 926 1664 arctissima
956 1607 1312 1679 cognatione
1345 1605 1654 1661 devinxit?
1683 1606 1940 1675 Etenim,

294 1712 480 1751 orem
524 1697 684 1751 omni
745 1695 1136 1751 admiratione
1187 1692 1518 1766 majorem!
1569 1699 1634 1748 ut
1689 1694 1786 1749 illa
1835 1693 1946 1749 sibi

297 1791 488 1840 mater
519 1791 695 1856 esset,
737 1785 862 1857 ipse
923 1785 1250 1853 constituit,
1310 1783 1488 1840 veluti
1547 1788 1730 1852 ratus,
1791 1783 1949 1838 haud

2129 1163 2204 1218 Δ“.
2244 1165 2366 1220 Ἔτι
2399 1161 2458 1218 δὲ
2495 1163 2585 1218 καὶ
2632 1167 2770 1241 πρὸς
2805 1165 2978 1220 πάντα
3032 1164 3445 1241 παρήλλακταν
3496 1167 3548 1222 τί
3597 1167 3703 1244 γὰρ

2052 1255 2162 1306 τῶν
2193 1251 2505 1326 γενομένων
2549 1254 2775 1309 πώποτε
2830 1255 3028 1330 γένοιτ’
3081 1255 3142 1309 ἂν
3193 1253 3578 1330 παραπλήσιον
3628 1261 3706 1328 τῷ

2055 1338 2190 1412 ξένῳ
2227 1340 2406 1413 τούτῳ
2435 1343 2770 1420 τεχνήματι,
2813 1343 2876 1397 οὗ
2925 1346 3022 1397 τοῦ
3072 1341 3314 1404 κάλλους
3367 1344 3454 1398 καὶ
3491 1345 3518 1398 ὁ
3566 1341 3708 1398 πλά-

2057 1449 2187 1499 στης
2221 1429 2392 1499 ἑάλω,
2431 1429 2522 1484 καὶ
2573 1429 2651 1493 εἱς
2708 1431 2974 1506 μεγίστην
3031 1431 3206 1503 ἑαυτῷ
3256 1429 3509 1501 συνέδησε
3551 1436 3709 1487 τοῦτο

2057 1517 2418 1594 συγγένειαν;
2478 1519 2705 1596 Μητέρα
2762 1521 2864 1596 γὰρ
2920 1521 2985 1574 τὸ
3068 1518 3502 1594 παραδοξότατον
3559 1521 3711 1596 γενέ·

2058 1608 2177 1661 σθαι
2234 1607 2630 1681 παρεσκεύασεν
2722 1607 2936 1678 ἑαυτοῦ,
3033 1609 3214 1684 ὥσπερ
3293 1610 3396 1664 οὐκ
3453 1611 3706 1684 ἀποχρῆν

2057 1692 2244 1756 ἄλλως
2297 1694 2604 1770 ἡγούμενος
2693 1693 3022 1767 ἐνδείξασθαι
3099 1700 3200 1768 τὴν
3278 1704 3381 1767 τῆς
3435 1698 3710 1773 πανάγνου

2061 1783 2483 1858 μεγαλειότητα,
2534 1784 2580 1840 εἷ
2617 1785 2692 1858 μὴ
2743 1790 2812 1860 τῇ
2867 1787 3059 1861 πρώτῃ
3119 1791 3228 1842 τῶν
3281 1786 3344 1842 ἐκ
3397 1786 3712 1864 συγγενείας

299 1873 474 1928 aliter
497 1874 1004 1930 innocentissimae
1044 1873 1202 1928 illius
1250 1873 1756 1944 magniﬁcentiam
1806 1873 1945 1928 satis

2058 1872 2326 1928 οἲκειώσει
2387 1874 2662 1948 χρήσαιτο
2718 1875 2854 1949 πρὸς
2917 1876 3110 1945 αὐτὴν,
3169 1869 3319 1950 λέγω
3369 1873 3426 1930 δὲ
3483 1879 3552 1949 τῇ
3609 1881 3713 1946 τῆς

302 1962 535 2018 ostendi
565 1980 762 2034 posse,
796 1963 913 2018 nisi
944 1979 1181 2018 summa
1237 1962 1503 2017 omnium
1552 1961 1948 2029 necessitudo,

300 2057 576 2106 materna
607 2051 855 2120 scilicet,
887 2068 1003 2122 qua
1033 2051 1184 2106 nihil
1213 2051 1432 2106 arctius
1475 2051 1633 2104 inter
1678 2050 1952 2105 homines

295 2145 399 2196 aut
422 2140 831 2196 honorabilius
880 2155 1010 2196 esse
1060 2140 1354 2210 novimus,
1405 2139 1646 2195 sibimet
1694 2155 1830 2195 cum
1883 2155 1954 2195 ea

291 2231 716 2286 intercederet.

371 2320 534 2384 Quod
566 2337 700 2374 vero
731 2325 949 2376 nostra;
991 2337 1228 2391 quoque
1276 2320 1482 2374 formae
1529 2317 1630 2373 illa
1678 2318 1832 2374 facta
1878 2318 1956 2373 sit

291 2408 618 2480 particeps,
643 2409 700 2464 id
733 2426 873 2464 sane
899 2408 1061 2464 nulla
1084 2407 1198 2463 alia
1221 2408 1294 2462 de
1315 2424 1494 2463 causa
1514 2407 1736 2462 factum
1765 2407 1950 2462 fuisse

295 2496 568 2567 dixerim,
605 2514 782 2569 quam
816 2504 878 2552 ut
911 2499 1002 2564 iis,
1037 2498 1390 2568 quibuscum
1429 2513 1810 2552 communem
1843 2496 1952 2551 ha-

300 2585 432 2640 buit
477 2591 774 2654 naturam,
833 2589 1025 2643 forma
1083 2603 1318 2658 quoque
1386 2587 1716 2642 sanctitatis
1774 2591 1952 2656 atque

295 2674 624 2730 honestatis
650 2677 852 2731 fieret:
877 2682 942 2731 ut
973 2677 1128 2731 sicut
1156 2676 1542 2747 complantati
1574 2675 1711 2728 facti
1745 2690 1952 2728 sumus

294 2763 676 2818 similitudini
740 2761 763 2795 ⁷
820 2763 1007 2818 beatae
1060 2763 1222 2818 illius
1281 2763 1613 2832 divinaeque
1670 2761 1950 2832 imaginis

297 2849 492 2916 (liceat
525 2852 684 2906 enim
716 2851 860 2906 mihi
892 2851 1045 2904 bona
1075 2866 1209 2905 cum
1242 2850 1443 2904 eximii
1475 2849 1639 2903 Pauli
1666 2849 1837 2902 venia
1887 2849 1949 2902 in

296 2939 408 2992 hac
437 2955 501 2993 re
560 2939 738 2993 verba
797 2939 926 3009 ejus
981 2937 1316 3008 usurpare),
1375 2937 1458 2992 ita
1514 2942 1572 2992 et
1627 2936 1951 3008 gratiarum

295 3025 484 3096 ipsius
506 3026 826 3096 participes
847 3041 1114 3079 essemus
1135 3026 1228 3094 (4).
1246 3025 1413 3088 Quod
1439 3024 1641 3094 itaque
1667 3025 1952 3078 eximium

297 3114 411 3166 hoc
442 3128 620 3182 supra
641 3111 908 3166 ordinem
938 3116 1166 3166 natura;
1188 3128 1356 3182 opus,
1383 3110 1543 3182 quod
1565 3111 1952 3167 simulacrum

301 3202 414 3256 hoc
448 3217 601 3254 novo
645 3201 857 3256 decore
911 3199 1161 3272 fulgens,
1212 3217 1344 3271 quas
1395 3217 1464 3255 eo
1515 3216 1703 3271 usque
1752 3201 1952 3274 glorias

2059 1961 2290 2036 μητρὸς,
2329 1961 2399 2030 ἧς
2444 1959 2601 2017 οὐδὲν
2659 1961 2772 2018 οὔτ’
2834 1963 3158 2039 οἰκειότερον
3213 1965 3333 2020 κατ’
3391 1965 3707 2038 ἀνθρώπους

2061 2049 2158 2123 ’ἰσμ
2169 2069 2220 2104 εν
2255 2047 2378 2106 οὔτε
2417 2045 2883 2128 σεϐασμιώτερον.

2132 2304 2196 2359 Εἰ
2241 2301 2298 2359 δὲ
2345 2305 2432 2360 καὶ
2482 2306 2585 2374 τῆς
2637 2304 2807 2376 αὐτῆς
2860 2307 2998 2378 ⁴ἡμῖν
3059 2304 3286 2382 μετέσχε
3347 2314 3566 2385 μορφῆς
3617 2309 3706 2363 καὶ

2057 2397 2092 2464 ἠ
2143 2393 2434 2470 πάναγνος,
2493 2392 2564 2450 δι’
2621 2392 2794 2465 οὐδὲν,
2858 2395 3070 2469 ε’ἰποιμι
3131 2393 3214 2468 ἃν,
3275 2391 3456 2472 ἕτερον
3513 2395 3708 2467 ἀλλ’ἢ

2057 2484 2274 2544 πάντως
2336 2483 2411 2539 ’ἶν’
2469 2485 2740 2562 ἇγιασμός
2794 2485 2885 2540 καὶ
2943 2485 3232 2560 σεμνότης,
3291 2488 3377 2550 οἷς
3443 2488 3712 2542 κεκοινώ-

2056 2594 2210 2643 νηκε,
2273 2578 2563 2652 μορφωθῇ·
2629 2573 2724 2646 ’ίν’,
2810 2573 2993 2650 ὥσπερ
3073 2576 3345 2654 σῦμφυσοι
3401 2575 3706 2652 γεγόναμεν

2057 2665 2135 2733 τῷ
2175 2662 2491 2735 ὁμοιώματι
2546 2670 2646 2731 τῆς
2691 2663 2955 2737 μακαρίσς
3009 2664 3100 2718 καὶ
3157 2664 3302 2728 θείας
3363 2663 3571 2735 ἐκείνης
3631 2664 3704 2718 εἷ-

2055 2749 2216 2810 κόνος
2248 2752 2649 2824 (συγχωρήσειε
2687 2747 2735 2804 δ’
2773 2750 2834 2804 ἄν
2871 2771 2965 2824 μοι
2995 2751 3086 2804 καὶ
3137 2749 3352 2815 Παῦλος
3383 2753 3410 2806 ὁ
3453 2751 3702 2829 λαμπρὸς

2059 2837 2190 2912 ὑπὲρ
2221 2836 2417 2891 τούτου
2447 2841 2565 2900 τοῖς
2609 2836 2815 2892 ἐκείνου
2861 2839 3171 2912 χρήσασθαι
3234 2839 3515 2912 ῥήμασιν),
3561 2840 3704 2894 οὕτω

2053 2923 2146 2978 καὶ
2202 2929 2312 2980 τῶν
2381 2925 2623 3000 χαρίτων
2683 2928 3108 3001 κοινωνήσωμεν
3163 2928 3383 2996 ταύτης.
3442 2929 3545 2984 Καὶ
3573 2933 3704 3003 γοῦν

2054 3011 2118 3066 τὸ
2178 3013 2446 3088 ὑπερφυὲς
2509 3013 2662 3069 τουτὶ
2723 3014 3183 3092 μεγαλοῦργημα,
3230 3017 3293 3070 τὸ
3347 3018 3706 3091 καινοπρεπὲς

2059 3098 2302 3175 ἄγαλμα,
2335 3103 2370 3172 ἡ
2412 3101 2490 3164 εἷς
2516 3105 2677 3157 τοῦτο
2725 3101 2988 3180 ἐφθακυῖα
3045 3101 3228 3175 δόξης,
3284 3104 3360 3166 ὡς
3410 3105 3500 3160 καὶ
3551 3105 3710 3178 οἰκη-

2057 3191 2252 3264 τήριον
2295 3194 2411 3264 Θεῷ
2473 3199 2960 3269 χρυσουργηθῆναι
3025 3199 3330 3268 προσῆκον,
3389 3193 3473 3249 ὅτι
3529 3193 3715 3270 γεγένο

303 3289 614 3360 processit,
644 3295 712 3344 ut
742 3305 989 3345 aureum
1045 3293 1492 3345 construeretur
1539 3289 1656 3344 Deo
1704 3288 1945 3361 dignum

2058 3299 2212 3349 νηται
2255 3281 2694 3354 πανηγυρίζομεν
2751 3283 3014 3358 σήμερον,
3057 3282 3148 3338 καὶ
3201 3287 3310 3338 τῶν
3359 3282 3563 3353 ταύτης
3619 3305 3711 3356 γε·-

302 3377 728 3448 habitaculum,
759 3379 917 3450 quod
951 3379 1144 3450 Virgo,
1175 3378 1441 3450 inquam,
1500 3379 1814 3450 progenita
1844 3380 1950 3434 ho-

302 3466 514 3523 dierna
542 3465 636 3522 die
663 3467 860 3535 fuerit,
893 3467 1006 3523 hoc
1035 3472 1144 3534 est,
1186 3467 1344 3538 quod
1376 3467 1627 3524 salemni
1657 3473 1951 3524 conventu

295 3556 694 3625 celebramus,
733 3557 953 3612 festum
1013 3557 1244 3628 agimus
1301 3557 1522 3612 Natalis
1576 3557 1706 3630 ejus
1764 3557 1947 3628 diem,

292 3646 648 3718 praecelsum
679 3651 855 3717 atque
907 3651 1222 3718 augustum
1275 3645 1646 3718 mysterium,
1695 3646 1947 3720 Virginis

299 3736 692 3804 nativitatem,
727 3735 1002 3792 fidelibus
1032 3736 1311 3792 omnibus
1341 3737 1788 3792 annuntiantes.

371 3825 435 3878 V.
461 3825 708 3894 Jamque
737 3825 810 3879 ad
840 3825 952 3880 hoc
983 3825 1331 3896 mysterium
1363 3826 1628 3880 animum
1679 3825 1950 3882 adverta-

296 3929 450 3968 mus.
483 3912 629 3968 Cum
686 3913 963 3970 universa
1010 3915 1164 3970 Deus
1224 3919 1504 3986 creasset,
1547 3916 1950 3986 pronuntiavit

299 4001 556 4056 eavalde
605 4001 761 4057 bona
811 4020 938 4058 esse
988 4006 1086 4070 (5).
1148 4005 1459 4059 Hominem
1515 4022 1691 4075 porro
1748 4021 1948 4060 rerum

295 4089 510 4147 harum
542 4091 808 4146 omnium
839 4092 1253 4162 spectabilium
1286 4097 1344 4148 et
1372 4093 1946 4165 speciosissimarum

289 4179 623 4251 principem
655 4179 964 4235 constituit
991 4198 1004 4247 ;
1039 4198 1231 4252 neque
1264 4181 1376 4236 hoc
1406 4180 1622 4249 solum,
1657 4181 1761 4236 sed
1791 4199 1948 4254 pra;-

289 4273 450 4324 terea
501 4275 691 4325 morte
751 4274 808 4324 et
866 4270 1245 4341 corruptione
1297 4271 1666 4342 superiorem
1725 4271 1942 4342 effecit,

285 4357 534 4429 gloriam
569 4375 828 4430 quoque,
863 4378 893 4415 e
924 4377 1043 4432 qua
1071 4359 1349 4416 seductus
1392 4359 1669 4433 (Diaboli)
1724 4359 1945 4416 invidia

283 4445 525 4514 excidit,
558 4448 964 4518 aequalitatem
1000 4465 1215 4520 nempe
1264 4466 1400 4504 cum
1452 4451 1590 4518 Deo,
1653 4455 1944 4521 quantum

288 4551 472 4606 capax
501 4536 632 4608 ejus
663 4542 840 4604 esset,
875 4537 976 4608 qui
1009 4554 1038 4591 e
1072 4537 1216 4592 limo
1247 4538 1496 4592 eductus
1525 4539 1740 4606 fuerat,
1801 4555 1939 4594 con-

2057 3367 2288 3425 νεθλίων
2314 3371 2414 3440 τὴν
2465 3369 2691 3442 τελετὴν
2739 3371 3090 3446 ἑορτάζομεν,
3144 3374 3446 3448 μυστήριον
3492 3372 3705 3448 ὑψηλὸν

2055 3457 2148 3512 καὶ
2206 3455 2524 3531 σεϐάσμιον,
2590 3460 2653 3516 τὸ
2709 3467 2809 3530 τῆς
2867 3460 3136 3538 Παρθένου
3222 3461 3493 3538 γενέθλιον
3567 3469 3697 3517 πᾶσι

2056 3552 2272 3608 πιστοῖς
2300 3546 2791 3625 καταγγέλλοντες.

2126 3825 2202 3882 Ε’.
2258 3829 2560 3898 Σκοπῶμεν
2617 3823 2674 3880 δὲ
2738 3823 2865 3897 ἣδη’
2927 3826 2992 3882 τὰ
3031 3827 3320 3902 σύμπαντα
3373 3833 3700 3907 παραγαγὼν

2055 3914 2084 3968 ὁ
2141 3914 2293 3982 Θεὸς,
2344 3913 2426 3969 ὅτι
2475 3912 2620 3970 καλὰ
2680 3921 2799 3990 μεθ’
2858 3911 3172 3992 ὑπερϐολῆς
3229 3917 3522 3998 ψηφίζεται
3579 3919 3704 3996 περὶ

2054 4003 2255 4058 αὐτῶν·
2316 4007 2426 4059 τῶν
2479 4001 2537 4059 δὲ
2594 4003 2888 4080 ὁρωμένων
2946 4007 3155 4062 τούτων
3238 4007 3329 4063 καὶ
3385 4006 3700 4066 καλλίστων

2055 4092 2306 4148 ἁπάντων
2360 4093 2452 4148 τὸν
2511 4089 2794 4168 ἄνθρωπον
2882 4091 3124 4175 ἄρχοντα
3180 4098 3425 4168 καθιστᾷ⁶
3487 4097 3579 4152 καὶ
3637 4099 3699 4153 οὐ

2049 4183 2212 4234 τοῦτο
2247 4181 2430 4252 μόνον,
2463 4177 2612 4234 ἀλλὰ
2639 4180 2730 4235 καὶ
2773 4181 3004 4237 θανάτου
3051 4181 3283 4255 κρείττω
3329 4181 3420 4237 καὶ
3470 4184 3698 4260 φθορᾶς,

2050 4268 2139 4323 καὶ
2172 4265 2356 4340 δόξης,
2387 4269 2454 4338 ἧς
2488 4268 2756 4346 ἀπέτυχεν
2807 4271 3116 4350 φθονηθεὶς,
3164 4269 3548 4326 ἀπολαύσοντα
3595 4275 3695 4345 (6),

2051 4357 2182 4434 φησί
2213 4355 2270 4412 δὲ
2307 4359 2406 4428 τήν
2469 4359 2727 4429 ἶσοθεὶαν,
2779 4359 2876 4430 ὅση
2929 4364 3112 4432 γοϊκῷ
3167 4365 3463 4433 προσῆκεν,
3515 4359 3564 4414 εἲ
3616 4361 3695 4432 μὴ

2048 4454 2148 4517 τῆς
2221 4444 2473 4518 δοθείσης
2556 4447 2960 4520 ἇποπηδήσειεν
3031 4447 3278 4514 ἐντολῆς.
3357 4448 3536 4506 Ἀλλᾶ
3601 4455 3698 4506 τοῦ

2047 4533 2293 4592 πλάστου
2357 4537 2452 4610 μὶν
2509 4536 2668 4600 οὗτος
2754 4539 3178 4612 ἀποσκιρτήσας,
3255 4537 3334 4612 τῷ
3393 4536 3448 4594 δὲ
3506 4537 3696 4612 πλάνῳ

289 4630 704 4695 sequuturum,
741 4625 1038 4696 siquidem
1069 4626 1417 4697 impositum
1450 4625 1566 4680 sibi
1596 4627 1945 4682 mandatum

2058 4627 2154 4696 τήν
2187 4626 2465 4701 ὑποταγὴν
2518 4626 2849 4706 ἐγχειρίσας,
2900 4628 3130 4704 γυμνὸς,
3181 4626 3440 4696 ἐλεεινὸς,
3483 4625 3696 4701 «Expet-

289 4731 408 4768 non
430 4713 1015 4788 prmtergrederetur.
1042 4715 1255 4770 Verum
1278 4731 1462 4786 quum
1484 4715 1586 4770 ille
1604 4717 1942 4770 Creatorem

285 4822 456 4861 suum
491 4804 938 4876 derelinquens,
970 4805 1268 4861 seductori
1299 4821 1361 4860 se
1409 4805 1798 4878 subjecisset;
1830 4820 1944 4860 nu-

354 4929 378 4964 7
406 4933 572 4986 Rom.
607 4945 685 5000 vi,
717 4933 771 4987 5.

2054 4712 2258 4784 λωτος,
2316 4714 2512 4787 οἳμοιί
2580 4711 2894 4788 προῦκειτο,
2951 4722 3053 4786 τῆς
3103 4716 3370 4792 προτέρας
3428 4713 3700 4792 εὖγενεῖας

2051 4803 2233 4873 πάσης
2266 4803 2640 4883 ἀφῃρημένος·
2690 4803 2781 4858 καὶ
2829 4804 2900 4860 τὰ
2949 4801 3095 4860 καλὰ
3150 4805 3322 4860 πάντα
3372 4801 3551 4860 ἐκεῖνα
3606 4805 3698 4860 καὶ

1637 5057 1787 5118 Ant.
1820 5054 2112 5118 Balletini
2143 5057 2334 5117 nolze.

357 5219 432 5288 (4)
464 5217 630 5283 Quod
685 5218 852 5291 plura
903 5217 1062 5291 dicta
1109 5217 1182 5291 de
1231 5217 1484 5291 Deipara
1540 5217 1939 5291 reperiantur.

288 5303 418 5357 qua:
448 5288 705 5359 prorsus'
724 5289 830 5345 soli
863 5289 1096 5345 Christo
1127 5289 1378 5344 Domino
1403 5290 1716 5344 convenire
1741 5288 1940 5344 viden-

285 5363 385 5431 tur
427 5359 580 5431 nihil
629 5362 729 5415 ille
773 5361 1110 5430 mirabitur,
1161 5361 1264 5431 qui
1314 5360 1602 5416 universis
1663 5359 1936 5415 Ecclesia

282 5428 552 5500 Patribus
567 5431 718 5485 hanc
735 5435 962 5488 noverit
983 5428 1326 5488 constanter
1346 5433 1526 5487 fuisse
1555 5431 1933 5500 sententiam,

281 5499 712 5574 redemptionis
741 5519 889 5573 Opus
931 5521 1068 5559 eum
1102 5521 1280 5574 Opere
1312 5503 1630 5558 creationis
1657 5503 1740 5559 ita
1771 5499 1936 5559 com-4

275 5571 567 5644 parari,ut
590 5571 1091 5644 quemadmodum
1115 5571 1186 5628 ab
1205 5575 1430 5630 Adamo
1453 5579 1512 5629 et
1531 5575 1647 5630 Eva
1658 5575 1934 5630 universa

277 5642 953 5712 hominum—generatio
1010 5643 1210 5700 futura
1269 5650 1414 5712 erat,
1471 5646 1558 5700 sic
1610 5662 1644 5700 a
1701 5645 1932 5700 Christo

270 5715 526 5772 Domino
555 5720 613 5772 et
639 5713 910 5788 Deipara,
945 5715 1046 5788 qui
1087 5719 1402 5788 propterea
1453 5722 1511 5773 et
1557 5715 1690 5773 novi
1721 5713 1932 5771 Adami

2051 5221 2110 5270 et
2138 5231 2300 5270 novas
2331 5215 2444 5268 Eva
2469 5214 2816 5286 nominibus
2842 5215 3304 5286 compellantur,
3330 5233 3481 5272 nova
3509 5217 3701 5272 homi-

2049 5303 2205 5368 num
2224 5285 2527 5368 generatio
2558 5286 2882 5356 repetenda
2913 5285 3007 5340 sit.
3029 5286 3154 5350 Qua
3196 5287 3270 5342 de
3301 5303 3366 5343 re
3422 5290 3484 5343 in
3531 5290 3701 5342 Com—

2048 5364 2366 5416 mentario.

2117 5431 2194 5503 (5)
2225 5429 2368 5485 Gen.
2403 5444 2443 5496 ι,
2484 5429 2585 5503 Βιε
2643 5427 2908 5503 Ῡὶἀίιᾳαθ
2954 5429 3097 5486 Deus
3147 5437 3348 5486 cuncta
3398 5444 3519 5498 quae
3565 5428 3704 5492 fece-

2041 5497 2152 5564 rat,
2178 5497 2236 5555 ἐι
2265 5505 2425 5554 erant
2454 5497 2616 5552 valde
2647 5499 2815 5554 bona.

2040 5643 2070 5695 θ
2105 5575 2192 5695 £(6)
2249 5570 2388 5625 Cod.
2449 5569 2682 5624 inverso
2746 5571 2956 5629 ordine
3045 5568 3429 5627 ἀπολαύσονται
3495 5567 3703 5642 φθονη-

2073 5662 2096 5695 ε
2124 5661 2173 5703 ς.
