4090 6208
365 357 433 415 17
1271 343 1540 406 SERMO
1581 344 1667 406 IN
1712 344 2269 406 NATIVITATEM
2314 349 2387 407 B.
2434 348 2519 408 νβ
2554 348 2852 411 MARl/E.
3702 362 3776 419 18

368 488 486 544 λίαν
524 480 657 537 καλᾶ
682 478 817 533 κατὰ
873 478 978 546 τήν
1031 473 1323 531 ἄπταιστον
1372 481 1471 532 τοῦ
1516 479 1871 552 Δημιουργοῦ
1902 478 1977 547 ψῆ

2125 480 2257 546 dus,
2316 481 2694 550 miserabilis,
2754 484 3017 555 captivus
3091 487 3327 559 (eheu)!
3404 490 3776 562 pristinaque

382 597 477 653 φον
521 572 584 632 εἷς
632 568 927 644 κατήφειαν
990 564 1185 619 ὡσανεὶ
1249 568 1617 638 μετεποιήθη,
1672 565 1762 619 τὸν
1807 563 2005 618 οἰκεῖον

391 663 632 730 δεσπότην,
687 657 785 710 τὸν
862 656 1149 729 ἄνθρωπον
1234 654 1404 731 λέγω,
1465 654 2004 730 περιηγκωνισμένον

392 753 579 821 καθάπερ
634 745 921 819 ἑωρακότα
975 749 1056 815 τῷ
1106 740 1387 815 πολεμίην
1448 750 1518 820 γῆ
1576 745 1702 820 γὰρ,
1757 744 1847 798 καὶ
1909 742 2005 797 θά.

383 860 538 906 una,
595 836 686 891 καὶ
752 833 998 908 ἀστέρων
1079 831 1307 904 κύκλος,
1362 833 1453 888 καὶ
1515 833 1701 909 βουνοὶ
1756 833 1849 887 καὶ
1905 830 2005 886 ὅσα

370 935 448 985 τοῦ
483 929 712 983 Κτίστου
771 924 911 997 πρὸς
968 923 1120 977 αἶνον
1178 923 1206 975 6
1264 924 1555 1000 προφήτης
1607 921 1787 994 καλεῖ,
1842 923 2002 996 σιγήν

363 1018 545 1091 ἐπῄνει,
608 1018 682 1089 μὴ
741 1015 837 1069 τὸν
898 1013 1071 1085 ὕμνον
1129 1005 1571 1084 ἀναϐαλλόμενα,
1621 1012 1695 1071 ὡς
1725 1014 1824 1066 τοῦ
1855 1008 2003 1081 πλή-

358 1127 529 1179 κτρου,
585 1104 727 1180 φημῖ
790 1099 849 1157 δὲ
909 1102 1009 1170 τήν
1066 1100 1344 1175 γλῶτταν,
1398 1101 1498 1169 τὴν
1550 1104 1649 1155 τοῦ
1701 1098 2003 1173 ἀλλοτρίου

358 1195 562 1264 κιθάραν
613 1191 834 1261 κρούειν
894 1189 1245 1264 βιαζομένου·
1307 1186 1454 1242 ἀλλὰ
1510 1186 1598 1242 καὶ
1655 1187 1706 1241 oi.
1759 1193 1859 1256 τῆς
1907 1191 2003 1241 τοῦ

359 1281 479 1338 Θεοῦ
516 1280 670 1349 δόξης
719 1281 963 1352 κήρυκες
1012 1278 1233 1352 οὖρανοῖ
1296 1276 1512 1351 σχολὴν
1561 1276 1716 1351 ἦγον,
1770 1276 1859 1330 xuii
1907 1281 2002 1331 τοῦ

358 1379 549 1446 κροτεῖν
618 1369 706 1425 καὶ
797 1366 1106 1445 διηγεισθαι
1192 1369 1260 1423 τὰ
1339 1365 1571 1441 λαμπρά
1624 1367 1761 1443 πρὸς
1821 1365 2001 1436 λήθην

360 1469 496 1533 ἧκον·
550 1462 636 1516 καὶ
699 1460 897 1520 ἁπλῶς
952 1460 1090 1514 ἅπαν
1140 1458 1170 1512 6'
1226 1479 1280 1512 τι
1327 1457 1495 1513 καλὸν
1537 1460 1639 1528 τὴν
1684 1454 1823 1511 ἰδίαν
1855 1454 2000 1531 ὥραν

358 1557 589 1620 ἀπέθετο,
651 1556 728 1624 μὴ
793 1548 1001 1626 ἔχοντα
1057 1552 1086 1605 ὃ
1141 1572 1195 1605 τι
1251 1557 1484 1625 φανῆναι
1533 1548 1699 1618 καλὰ,
1729 1554 1826 1604 τοῦ
1857 1546 2003 1623 διερ-

357 1645 575 1717 μηνὲως,
607 1642 676 1697 δι’
707 1642 771 1696 εν
826 1641 1040 1711 ἐκείνης
1094 1639 1333 1710 ἤκουσαν
1392 1646 1497 1709 τῆς
1556 1646 1762 1717 φωνῆς,
1796 1638 1998 1713 ἑτέροις

354 1734 789 1811 προσεσχηκότος
818 1732 1032 1801 ἤθεσιν.

2117 587 2365 640 prorsus
2396 578 2608 626 exutus
2639 575 2951 630 nobilitate
2998 577 3273 647 jacebat;
3335 585 3513 651 atque
3572 583 3771 637 omnia

2118 659 2223 713 illa
2252 660 2407 715 bona
2436 677 2504 716 ac
2535 662 2702 718 valde
2732 664 2909 732 bona,
2944 683 3127 736 quum
3167 684 3339 723 suum
3372 670 3633 740 ipsorum
3662 670 3767 725 do-

2114 749 2366 818 minum,
2389 751 2717 822 hominem,
2742 754 3005 824 inquam,
3031 756 3241 812 vinctis
3273 759 3450 813 veluti
3482 764 3615 830 post
3643 766 3764 814 ter-

2113 854 2249 909 gum
2284 840 2580 908 manibus,
2614 842 2687 897 ab
2739 843 2980 899 inimico
3015 846 3394 917 subjugatum
3426 854 3760 915 cernerent,

2115 929 2441 984 secundum
2471 931 2597 985 falli
2628 934 2891 987 nesciam
2917 934 3152 990 Domini
3186 938 3565 1002 sententiam,
3590 939 3765 1010 lugu-

2111 1015 2280 1071 brem
2313 1019 2752 1088 quodammodo
2802 1021 3069 1076 habitum
3120 1031 3584 1096 assumpserant.
3618 1029 3765 1082 Nam

2113 1109 2290 1174 terra,
2325 1113 2381 1160 et
2411 1124 2597 1175 mare,
2657 1126 2725 1163 ac
2781 1109 3079 1164 stellarum
3113 1129 3350 1177 corona,
3386 1119 3443 1167 et
3473 1114 3677 1180 colles,
3709 1121 3767 1169 et

2113 1211 2480 1267 quaecunque
2514 1198 2630 1252 alia
2658 1200 2949 1270 Propheta
3008 1200 3082 1253 ad
3136 1199 3497 1256 laudandum
3529 1204 3768 1257 Creato-

2112 1300 2237 1338 rem
2270 1285 2479 1339 invitat
2507 1285 2550 1349 ⁸,
2580 1286 2704 1355 jam
2757 1289 3035 1354 silebant,
3068 1305 3259 1359 neque
3294 1291 3630 1346 referebant
3660 1293 3769 1363 hy-

2113 1390 2307 1437 mnos,
2341 1374 2513 1430 sicuti
2543 1376 3123 1449 plectrum,linguam
3154 1378 3471 1449 dico,quod
3498 1383 3766 1436 extranei

2112 1461 2402 1518 citharam
2435 1464 2672 1535 pulsare
2721 1482 2827 1536 per
2882 1467 3001 1520 vim
3051 1473 3312 1539 cogatur.
3347 1468 3458 1522 Sed
3500 1474 3558 1522 et
3610 1470 3768 1538 cmli,

2109 1570 2416 1623 prmcones
2448 1554 2533 1609 illi
2565 1555 2766 1627 gloriae
2798 1558 2901 1611 Dei
2933 1559 2973 1622 9,
3007 1558 3367 1629 languebant
3412 1560 3553 1625 otio,
3588 1565 3645 1614 et
3675 1560 3768 1613 di-

2109 1642 2243 1696 vina
2274 1644 2565 1715 magnalia
2605 1645 2905 1700 celebrare
2938 1652 3114 1716 atque
3148 1664 3423 1702 enarrare
3455 1647 3764 1702 oblivisce~

2110 1731 2347 1785 bantur.
2386 1738 2463 1787 Ac
2495 1734 2751 1805 denique
2774 1742 3146 1791 venustatem
3181 1753 3347 1791 suam
3375 1736 3531 1790 bona
3563 1736 3765 1790 omnia

362 1832 653 1889 exuerant,
688 1840 874 1895 quum
905 1839 1103 1886 causa,
1141 1838 1248 1877 cur
1276 1838 1337 1876 se
1368 1825 1598 1876 vetusta
1629 1821 1995 1887 exhiberent,
2017 1821 2144 1892 jam
2177 1821 2345 1875 nulla
2376 1822 2447 1876 iis
2480 1829 2658 1890 esset,
2692 1830 3007 1895 postquam
3044 1826 3337 1896 interpres
3368 1824 3491 1889 ille,
3524 1828 3767 1895 propter

362 1933 530 1985 quem
559 1914 699 1984 (Dei)
726 1929 928 1967 vocem
962 1928 1024 1966 se
1055 1911 1210 1966 bona
1237 1910 1705 1981 proclamantem
1736 1910 2047 1965 audierant
2074 1911 2173 1982 (‘7'),
2206 1910 2340 1964 aliis
2372 1912 2681 1967 affectibus
2714 1914 3102 1969 deserviebat.

1128 2003 1271 2052 πᾶσα
1354 2000 1388 2066 ἡ
1464 1998 1663 2071 τερπνή

1251 2086 1339 2142 καὶ
1427 2089 1543 2141 οἷον
1599 2088 1779 2159 νεκρά.
1839 2088 1989 2161 Ἐπεὶ

433 2002 489 2070 ζ’.
572 2001 779 2056 Ἒκειτο
860 1997 1038 2053 τοίνυν

355 2090 521 2159 ἐκείνη
580 2087 804 2157 ἂφωνος,
893 2086 1165 2157 άκαλλής,

352 2177 398 2234 δ’
440 2181 467 2233 6
522 2179 817 2253 παρασχὼν
877 2178 1055 2249 ἑαυτῷ
1110 2198 1166 2232 τε
1222 2178 1312 2231 καὶ
1371 2177 1545 2231 κτίσει
1574 2179 1645 2248 τῇ
1697 2174 1868 2249 λοιπῇ
1895 2183 1995 2247 τῆς

352 2274 616 2346 συμφορᾶς
644 2270 749 2336 τὴν
798 2266 1002 2335 αἰτίαν,
1052 2267 1112 2321 τὸ
1166 2267 1303 2340 μέγα
1350 2270 1513 2320 τοῦτο
1562 2262 1815 2338 πλάσμα,
1848 2268 1876 2320 6
1908 2265 2000 2320 ἄν·

344 2359 542 2432 θρωπος
600 2360 689 2427 ἦν,
752 2354 861 2411 ἔδει
924 2352 974 2409 δ’
1030 2353 1216 2417 ἐλέους
1280 2349 1565 2430 ὑπερϐολῇ
1638 2358 1735 2409 τοῦ
1789 2354 1998 2430 ἀγαθοῦ

347 2451 467 2501 Θεοῦ
512 2450 701 2500 τοῦτον
773 2443 1109 2507 ἐπανελθεῖν·
1166 2442 1222 2498 τί
1280 2444 1521 2518 γίνεται;
1580 2443 1670 2497 καὶ
1721 2443 1778 2497 τί
1835 2463 1996 2517 τερα-

344 2540 635 2608 τουργεῖται
691 2534 1035 2605 θαυμάσιον;
1089 2538 1198 2601 Γῆν
1255 2533 1492 2607 αἱρεῖται
1551 2538 1790 2599 πατῆσαι
1838 2532 1989 2593 Θεός·

347 2623 431 2677 καὶ
462 2625 488 2677 6
516 2627 703 2677 τοῦτον
768 2618 1164 2694 ὑποδεξάμενος
1223 2617 1504 2695 ἄνθρωπος
1560 2619 1860 2695 ἐρευνᾶται,
1899 2620 1993 2674 ἳνα

352 2711 439 2762 καὶ
468 2716 567 2777 τῆς
622 2706 864 2769 δουλείας
926 2706 1071 2781 λύσῃ
1128 2708 1190 2761 τὸ
1245 2706 1422 2781 γένος,
1455 2708 1545 2761 καὶ
1575 2709 1677 2776 τὴν
1708 2705 1989 2775 καΛλονήν

355 2799 772 2876 ἀναζωγραφήσῃ
827 2802 894 2870 τῇ
957 2797 1151 2852 κτίσει·
1209 2795 1412 2852 ἄλλοτε
1486 2795 1678 2851 ἄλλων
1753 2796 1990 2852 πολλῶν

345 2887 426 2941 καί
485 2886 737 2963 μεγάλων
795 2886 1186 2963 ἐπιφανέντων,
1247 2888 1366 2947 οἶος
1442 2887 1511 2955 ἦν
1584 2888 1612 2941 6
1669 2884 1992 2961 παραδόξων

346 2976 632 3052 αὐτουργὸς
694 2979 945 3044 Μωυσῆς
1000 2975 1307 3049 θεαμάτων,
1366 2975 1456 3029 καὶ
1517 2976 1545 3029 6
1600 2979 1698 3029 τοῦ
1758 2974 1989 3049 οὐρανοῦ

342 3066 592 3140 θυρωρὸς,
648 3066 727 3127 ὡς
815 3063 1007 3133 εἰπεῖν,
1068 3061 1282 3131 Ἠλίας,
1339 3062 1429 3119 καὶ
1496 3064 1525 3117 6
1582 3060 1763 3125 πολὺς
1815 3061 1988 3124 ἄλλος

342 3158 440 3207 τῶν
470 3161 675 3227 σεμνῶν
712 3153 929 3208 ἐκείνων
989 3150 1200 3226 ἀνδρῶν
1259 3154 1348 3206 καὶ
1405 3158 1704 3231 προφητῶν
1759 3150 1983 3223 κύκλος,

342 3240 651 3319 ἂντίῤῥοπος
683 3244 752 3312 ἦν
783 3240 962 3303 οὐδεὶς
991 3246 1086 3297 τοῦ
1119 3243 1479 3316 ζητουμένου.

1774 1996 1996 2067 ποίησις
2028 2001 2075 2065 Β
2183 2000 2267 2053 VI.
2304 2000 2521 2054 Omnes
2579 2002 2777 2071 itaque
2808 2009 3114 2071 creatura),
3151 2021 3281 2074 qua:
3314 2003 3387 2058 ad
3411 2002 3760 2074 jucundita-

2113 2091 2233 2140 tem
2265 2093 2473 2142 creata:
2505 2090 2758 2157 fuerant,
2792 2092 3081 2163 elingues,
3130 2092 3433 2163 squalidae,
3485 2108 3552 2145 ac
3580 2090 3759 2144 veluti

2112 2182 2359 2231 mortua)
2384 2177 2684 2248 jacebant.
2718 2181 2791 2233 At
2821 2181 3102 2250 quoniam
3131 2181 3329 2245 homo,
3354 2180 3452 2249 qui
3476 2184 3534 2231 et
3564 2178 3675 2232 sibi
3704 2184 3762 2231 et

2108 2266 2354 2336 reliquis
2402 2268 2680 2322 omnibus
2748 2269 3102 2324 calamitatis
3176 2275 3382 2325 auctor
3432 2268 3759 2334 exstiterat,

2109 2359 2227 2410 tam
2255 2356 2486 2427 insigne
2519 2362 2647 2411 erat
2697 2359 2793 2413 Dei
2842 2376 3011 2430 opus,
3049 2366 3107 2414 et
3136 2360 3490 2416 conveniens
3520 2362 3667 2425 erat,
3698 2363 3764 2413 ut

2106 2460 2349 2499 excessu
2399 2445 2823 2502 misericordiae
2883 2449 3151 2519 ejusdem
3210 2450 3625 2524 benignissimi
3656 2459 3755 2511 Dei

2102 2541 2478 2590 revocaretur
2504 2553 2518 2603 ;
2551 2536 2835 2607 quidnam
2866 2538 2978 2592 ﬁt?
3006 2545 3062 2593 et
3092 2541 3263 2609 quale
3294 2560 3536 2613 prorsus
3565 2545 3757 2599 admi-

2102 2622 2355 2677 randum
2387 2629 2657 2694 patratur
2684 2626 3018 2698 prodigium
3040 2627 3068 2681 ‘?
3098 2629 3253 2683 Deus
3286 2631 3411 2701 ipse
3443 2633 3503 2686 in
3533 2638 3753 2689 terram

2102 2714 2285 2784 pedes
2317 2714 2538 2769 inferre
2570 2715 2870 2770 decernit:
2907 2723 3084 2787 atque
3109 2719 3264 2774 inter
3291 2720 3565 2778 homines
3595 2725 3754 2793 quis-

2100 2803 2259 2872 piam
2290 2803 2633 2872 requiritur,
2656 2805 2756 2873 qui
2790 2805 2955 2858 illum
2987 2808 3261 2876 excipiat,
3286 2815 3349 2862 ut
3372 2827 3557 2879 genus
3580 2828 3754 2867 omne

2100 2906 2135 2944 a
2166 2890 2448 2944 servitute
2481 2890 2709 2954 liberet,
2762 2898 2819 2945 et
2861 2900 3163 2946 creaturas
3195 2897 3497 2952 universas
3524 2900 3595 2953 ad
3629 2902 3754 2969 pri—

2102 2977 2320 3031 stinam
2352 2976 2855 3049 pulchritudinem
2910 2979 3211 3035 reformet.
3248 2984 3390 3036 Nam
3441 3000 3575 3038 cum
3607 2986 3752 3041 alias

2100 3067 2198 3121 alii
2229 3083 2297 3121 ac
2328 3066 2526 3137 plures
2559 3066 2640 3121 illi
2693 3067 2935 3137 quidem
2986 3069 3304 3140 eximiique
3336 3075 3754 3144 apparuissent

2094 3156 2226 3225 viri,
2257 3156 2591 3226 cujusmodi
2652 3157 2893 3211 fuerunt
2950 3159 3312 3215 mirabilium
3344 3161 3745 3236 prodigiorum

2093 3249 2359 3315 patrator
2408 3244 2507 3298 ille
2558 3245 2805 3315 Moyses,
2854 3246 3105 3317 coelique
3156 3248 3274 3316 ille,
3307 3254 3371 3303 ut
3420 3250 3499 3304 ita
3529 3251 3743 3320 dicam,

333 3334 546 3404 janitor
573 3334 753 3399 Elias,
807 3350 876 3388 ac
934 3332 1166 3403 reliqua
1224 3333 1547 3404 insignium
1609 3333 1847 3387 illorum
1902 3334 2160 3388 virorum
2219 3350 2286 3388 ac
2338 3334 2763 3403 prophetarum
2795 3335 3005 3405 ingens
3036 3352 3297 3403 corona;
3339 3355 3513 3393 nemo
3547 3346 3743 3396 tamen

343 3423 597 3491 ipsorum
631 3422 707 3477 ad
738 3422 817 3491 id,
853 3421 1013 3492 quod
1045 3438 1194 3493 opus
1228 3427 1373 3487 erat,
1407 3421 1661 3477 idoneus
1690 3426 1962 3493 repertus
1994 3427 2101 3476 est.

406 3512 533 3583 Ὀψέ
583 3508 641 3565 δὲ
692 3511 780 3564 καὶ
844 3511 980 3582 μετὰ
1039 3507 1259 3578 πολλὴν
1318 3510 1489 3578 ἡλίου
1541 3506 1794 3585 περίοδον
1833 3511 1924 3564 καὶ
1953 3511 1982 3564 6

2158 3512 2296 3565 Sero
2328 3511 2589 3581 tandem,
2643 3519 2703 3568 et
2756 3520 2889 3584 post
2945 3514 3161 3569 multos
3208 3515 3347 3570 solis
3380 3520 3741 3574 recurrentis

345 3599 522 3658 καινὸς
579 3600 871 3673 ἅνθρωπος,
930 3599 993 3653 τὸ
1056 3598 1194 3673 μέγα
1269 3597 1360 3652 καὶ
1422 3597 1695 3675 ζωογόνον
1750 3596 1975 3668 ἀληθῶς

342 3693 621 3762 στοιχεῖον,
676 3690 709 3756 ἡ
760 3688 1015 3762 οὐράνιος
1072 3684 1288 3761 δρόσος,
1341 3687 1404 3741 τὸ
1460 3683 1715 3762 θεοδόγον
1766 3691 1973 3757 σκεῦος,

341 3776 687 3844 ἡκαλλίπαις
738 3775 1042 3849 ἐπιλάμπει
1097 3781 1178 3848 τῷ
1235 3776 1341 3850 βίῳ
1400 3778 1695 3850 Παρθενος·
1728 3777 1818 3830 καὶ
1851 3776 1971 3831 λύε-

341 3884 424 3916 ται
476 3866 562 3937 μὲν
621 3863 714 3919 δια
766 3869 973 3934 ταῦτης
1027 3871 1126 3933 τῆς
1177 3868 1460 3941 συμφορᾶς
1518 3863 1827 3937 ἄνθρωπος,
1883 3866 1974 3919 καὶ

335 3957 392 4009 τὸ
443 3962 650 4030 πρῶτον
708 3956 1011 4031 ἀναιρεῖται
1061 3955 1299 4029 αξίωμα,
1348 3955 1438 4010 καὶ
1493 3955 1793 4030 βασιλικῶς
1854 3955 1976 4011 ἑπι-

335 4046 549 4113 κάθηται
607 4044 911 4115 διαπαίζων
966 4045 1058 4099 τὸν
1114 4043 1345 4114 πλάνον,
1403 4046 1492 4100 καὶ
1554 4045 1710 4117 ἅπερ,
1752 4046 1826 4107 ὡς
1881 4047 1975 4099 ἂν-

334 4129 610 4207 δράποξον,
674 4136 799 4208 πρὶν
851 4134 1010 4189 εἷλκε
1066 4131 1260 4208 δεσμὰ,
1312 4132 1470 4191 αὐτὸν
1525 4131 1590 4203 δὴ
1635 4135 1851 4196 τούτοις
1881 4134 1970 4189 τὸν

332 4224 618 4295 Θηράσαντα
676 4218 1027 4299 περιϐάλλει·
1082 4226 1118 4293 ἡ
1181 4220 1239 4277 δὲ
1298 4223 1518 4293 ποίησις
1546 4229 1691 4278 πᾶσα
1718 4224 1816 4292 τὴν
1840 4222 1971 4278 ἐαυ-

331 4318 418 4378 τῆς
492 4310 858 4368 ἐπιδείκνυται
945 4311 1099 4374 αὖθις
1172 4312 1514 4385 εὐπρέπειαν,
1572 4313 1664 4368 καὶ
1719 4313 1819 4381 τὴν
1874 4317 1972 4367 τοῦ

340 4398 545 4453 κτίστου
590 4400 887 4474 ἡητορεύει
933 4399 1356 4474 μεγαλουργίαν
1419 4399 1503 4455 ὅτι
1551 4401 1642 4455 τὸν
1691 4398 1969 4473 ὓμνοπλό-

339 4505 424 4538 κον
472 4487 597 4560 εὗρε,
654 4492 751 4543 τὸν
815 4490 980 4567 σοφὸν
1020 4486 1353 4564 καταγγελὲα
1404 4492 1503 4557 τῆς
1562 4488 1616 4542 ἐν
1674 4490 1808 4562 αὐτῇ
1854 4488 1970 4543 ἐπι-

330 4579 549 4647 στήμης,
594 4579 694 4633 καὶ
751 4582 842 4631 νῦν
890 4578 1133 4650 ἀτεχνῶς
1189 4583 1306 4640 τοῖς
1366 4583 1729 4654 προφητικοῖς
1765 4578 1970 4633 ὑπείκει

330 4661 525 4739 λογοις,
584 4663 729 4741 πρὸς
775 4666 923 4720 αἶνον
981 4669 1075 4720 τοῦ
1132 4667 1339 4741 Κυρίου
1401 4663 1803 4739 διανισταμενη.
1866 4666 1968 4722 Καὶ

388 4793 534 4850 Psal.
562 4810 790 4860 chvm,
826 4792 851 4846 1
884 4770 1049 4863 seqq.
1129 4793 1150 4828 ⁸
1180 4792 1335 4848 Psal.
1374 4810 1529 4862 xvm,
1564 4795 1614 4849 1.

2084 3616 2255 3670 gyros
2285 3618 2470 3656 novus
2500 3602 2597 3657 ille
2630 3603 2806 3658 homo
2839 3604 2934 3675 (8),
2966 3621 3244 3675 magnum
3278 3622 3344 3660 ac
3388 3622 3522 3660 vere
3555 3609 3743 3662 viviti-

2085 3704 2223 3741 cans
2257 3688 2639 3756 elementum,
2673 3709 2768 3746 ros
2799 3692 3074 3759 cmlestis,
3104 3711 3200 3748 vas
3242 3695 3359 3749 Deo
3387 3696 3734 3766 excipiendo

2084 3793 2210 3847 par,
2242 3780 2662 3836 venustissima
2713 3798 2924 3851 nempe
2980 3781 3196 3852 puella,
3254 3784 3427 3854 Virgo
3469 3785 3528 3838 in
3555 3786 3732 3840 vitam

2085 3867 2343 3935 affulsit;
2378 3884 2485 3938 per
2514 3886 2694 3938 quam
2742 3871 2918 3923 homo
2960 3870 3201 3939 quidem
3247 3876 3305 3923 et
3330 3888 3363 3924 a
3393 3872 3729 3927 calamitate

2084 3953 2184 4009 illa
2215 3955 2519 4025 liberatur,
2553 3964 2612 4010 et
2641 3958 2955 4027 pristinam
2993 3959 3242 4013 resumit
3269 3959 3643 4031 dignitatem,
3676 3967 3735 4015 et

2084 4044 2462 4116 deceptorem
2493 4061 2666 4101 suum
2699 4045 2953 4101 irridens
2976 4047 3135 4119 regio
3166 4047 3296 4103 loco
3328 4050 3734 4114 constituitur,

2085 4140 2141 4188 et
2173 4134 2385 4190 iisdem
2445 4135 2711 4203 vinculis,
2772 4136 2986 4205 quibus
3033 4138 3118 4191 uti
3166 4140 3528 4209 mancipium
3560 4147 3735 4195 antea

2083 4224 2439 4279 constrictus
2456 4226 2831 4294 fuerat,nunc
2852 4226 3128 4280 eumdem
3152 4229 3541 4296 praedatorem
3565 4246 3734 4283 suum

2082 4313 2208 4380 ipse
2240 4313 2613 4383 constringit.
2668 4315 2963 4367 Creaturae
3016 4318 3213 4366 autem
3264 4330 3437 4368 suum
3464 4315 3725 4386 ipsarum

2081 4399 2356 4455 decorem
2384 4402 2599 4455 iterum
2631 4405 2930 4456 ostentant
2961 4417 3189 4470 omnes,
3217 4408 3276 4458 et
3315 4406 3606 4459 Creatoris
3640 4406 3729 4461 sui

2081 4488 2428 4557 eloquenter
2474 4488 2801 4558 pradicant
2848 4491 3370 4560 magniﬁcentiam.
3411 4495 3535 4548 Jam
3571 4495 3728 4548 enim

2081 4579 2980 4653 hymnologum,sapientemque
3002 4584 3355 4639 invenerunt
3375 4586 3532 4640 illius
3549 4588 3730 4639 scien-

2082 4668 2176 4729 tiae
2210 4670 2596 4740 interpretem
2626 4688 2756 4741 quas
2789 4688 2862 4727 ex
2892 4672 3037 4743 ipsis
3068 4675 3301 4742 emicat,
3337 4680 3395 4729 et
3424 4692 3583 4731 nunc
3614 4676 3731 4730 uti-

1638 4922 1786 4978 Ant.
1833 4918 2128 4980 Ballerini
2172 4926 2360 4980 notae.

386 5054 456 5122 (Ἰ)
502 5054 736 5108 Eximia
803 5052 980 5129 plane
1030 5051 1346 5121 sententia,
1411 5058 1728 5129 creaturas
1756 5069 1963 5129 omnes
1994 5062 2042 5126 1)
2077 5054 2550 5129 fuisset“?Nonne
2576 5056 2823 5127 proinde
2846 5063 2902 5112 et
2925 5058 3053 5129 ipsa
3078 5064 3477 5129 exspectasset
3502 5076 3717 5115 novum

328 5137 481 5178 nosse
511 5123 980 5195 quodammodo,
1003 5129 1317 5195 propterea
1340 5139 1401 5177 se
1431 5123 1617 5179 bonas
1639 5140 1673 5179 a
1694 5123 1812 5179 Deo
1837 5125 1962 5194 ipso

327 5194 767 5265 proclamatasse
800 5195 1002 5259 fuisse,
1030 5194 1188 5265 quod
1211 5194 1284 5248 ad
1309 5194 1704 5250 enarrandam
1735 5196 1963 5251 homini

318 5263 550 5331 gloriam
579 5267 876 5324 creatoris
907 5263 1134 5321 idonea;
1183 5264 1418 5334 forent;
1468 5266 1567 5336 qui
1621 5267 1756 5321 ﬁnis
1786 5267 1965 5322 simul

318 5352 379 5390 ac
409 5337 656 5409 deﬁciat,
695 5337 945 5393 inutiles
994 5337 1243 5393 evadant
1293 5354 1361 5392 ac
1412 5337 1685 5407 squalere
1725 5339 1961 5393 videan-

324 5413 428 5461 tur.

380 5482 451 5550 {8)
486 5482 798 5547 Quomodo
830 5496 1004 5534 novus
1052 5480 1211 5535 homo
1259 5484 1466 5535 exorta
1497 5481 1691 5551 Virgo,
1725 5482 1773 5535 si
1806 5480 1962 5536 Ada-

317 5552 522 5633 mitica;
553 5553 870 5633 vetustatis
900 5556 960 5605 et
988 5551 1115 5633 ipsa
1154 5552 1450 5633 particeps
1478 5552 1688 5633 fuisset
1713 5553 1740 5606 ?
1762 5554 1961 5607 Nonne

318 5624 463 5679 enim
499 5626 563 5679 in
594 5625 831 5693 eadem,
863 5640 931 5679 ac
960 5622 1201 5693 reliqui,
1222 5622 1562 5679 conditione
1584 5624 1712 5694 ipsa
1727 5639 1963 5695 quoque

2076 5125 2244 5179 illum
2294 5125 2617 5200 hominem,
2677 5125 3008 5199 novamque
3066 5125 3417 5195 creaturam,
3453 5146 3583 5199 quae
3617 5134 3723 5200 (uti

2075 5202 2385 5271 contextus
2432 5198 2670 5269 clamat)
2720 5200 2779 5254 in
2825 5198 3006 5271 lapsis
3057 5200 3194 5271 Adae
3246 5200 3383 5253 ﬁliis
3412 5198 3525 5271 nec
3557 5198 3722 5257 inve-

2073 5269 2368 5345 niebatur,
2398 5287 2506 5325 nec
2552 5271 2804 5345 inveniri
2850 5269 3098 5345 poterat,
3132 5270 3310 5345 digna
3340 5269 3566 5345 scilicet
3594 5291 3725 5345 quae

2074 5340 2532 5395 descendentem
2594 5358 2622 5394 e
2682 5340 2865 5396 cmlis’
2898 5343 3081 5394 Deum
3112 5341 3488 5411 exciperet?
3528 5340 3725 5403 Nexus

2075 5412 2274 5480 itaque
2334 5412 2767 5466 sententiarum
2824 5410 3158 5482 necessario
3214 5412 3491 5482 postulat.
3553 5425 3617 5472 ut
3663 5421 3718 5473 Β,

2076 5482 2244 5561 Virgo
2277 5482 2349 5535 ab
2382 5483 2641 5535 infausta
2670 5481 2846 5561 primi
2898 5482 3159 5561 parentis
3189 5481 3554 5561 haireditate,
3587 5508 3722 5561 pro-

2074 5558 2203 5622 pter
2232 5567 2407 5629 quam
2442 5568 2615 5629 nemo
2649 5551 2992 5629 excipiendo
3030 5554 3142 5609 Deo
3172 5558 3429 5611 venienti
3453 5551 3560 5629 par
3587 5551 3719 5615 esse

2072 5628 2320 5695 poterat,
2350 5622 2635 5678 immunis
2667 5622 3103 5694 pronuntietur.
