4090 6208
243 277 322 342 19
1406 274 1700 338 ISIDORI
1743 275 2501 348 THEISALONIGENSIS
3580 291 3663 352 20

246 431 360 487 que
417 409 688 469 invitanti
743 408 1046 482 prophetae
1102 406 1514 478 obsequuntur
1542 408 1617 464 ad
1654 408 1893 465 laudem

2016 410 2103 466 ἶνα
2130 415 2370 472 συνελὼν
2419 417 2578 490 ε’ἓπω,
2639 419 2672 487 ἡ
2729 423 2833 486 τῆς
2887 415 3238 491 ἀειπαρθένου
3267 417 3358 472 καὶ
3392 417 3658 476 Θεοτόκου

244 501 479 559 Domini
509 503 911 570 assurgentes.
945 499 1160 568 Atque,
1205 502 1274 553 ut
1318 513 1438 553 uno
1469 496 1645 552 verbo
1677 497 1894 566 dicam,

245 599 408 650 ortus
436 591 650 658 Marias,
695 605 932 661 semper
988 587 1247 660 Virginis
1295 603 1364 643 ac
1412 587 1516 643 Dei
1561 588 1898 658 Genitricis,

243 679 598 738 universalis
621 677 891 733 omnium
915 676 1410 750 regenerationis,
1434 675 1900 745 reformationis,

243 769 308 824 in
337 766 652 839 pristinam
683 769 1057 820 venustatem
1104 761 1520 833 restitutionis,
1554 779 1622 819 ac
1651 779 1900 819 renova-

243 858 425 914 tionis
477 855 642 928 origo
699 855 994 927 apparuit.
1027 854 1274 910 Tantam
1331 867 1547 924 nempe
1576 853 1902 923 gratiarum

2003 502 2214 577 Μαρίας
2269 505 2520 582 γέννησις
2575 505 2981 584 ἄναγεννήσεως
3041 513 3170 562 πᾶσι
3248 507 3338 562 καὶ
3395 508 3655 566 ἀναπλάι

2008 613 2142 655 σεως
2199 595 2291 649 καὶ
2349 597 2638 670 ὠραϊσμοῦ
2692 595 2783 650 vui
2850 597 3235 659 ἀνακαινίσεως
3265 597 3470 677 πέφηνε
3519 601 3657 674 πρόι⁸

2007 680 2174 752 ξενος.
2246 683 2536 740 Τοσούτων
2603 687 2638 755 ἡ
2705 693 2804 755 τῆς
2856 685 3133 760 Παρθένου
3202 683 3440 762 πρόοδος
3498 688 3657 762 γέμει

2006 771 2288 850 χαρίτωνί
2321 773 2510 837 Οὕτως
2551 777 2586 844 ἡ
2633 779 2744 830 τῶν
2789 773 3077 849 γενεθλίων
3105 775 3274 845 αὐτῆς
3305 774 3488 850 ἡμέρα
3517 797 3661 855 χαρά

2011 862 2218 935 μόσυνα
2270 863 2363 919 καὶ
2427 864 2678 934 νικητικὰ
2727 862 3038 919 διεσαλπισι
3080 865 3260 934 πῆσιε
3316 868 3590 923 Τοσοῦτον
3620 869 3655 936 ἡ

245 947 478 1019 copiam
509 951 672 1001 ortus
703 943 959 1017 Virginis
991 957 1194 998 secum
1224 940 1422 996 attulit
1451 942 1462 998 l
1493 941 1654 997 Adeo
1686 942 1902 998 natalis

247 1037 376 1110 ejus
404 1035 530 1091 dies
549 1032 830 1108 gaudium
854 1031 1284 1101 victoriamque
1310 1030 1592 1087 omnibus
1621 1031 1904 1086 solemni—

247 1132 339 1183 ter
358 1122 731 1181 annuntiavit
750 1121 763 1176 ι
793 1119 954 1176 Adeo
981 1119 1236 1175 sublime
1259 1119 1521 1192 mysticae
1543 1121 1904 1192 contempla-

244 1215 426 1271 tionis
447 1215 860 1284 argumentum
881 1225 1144 1282 prtesens
1159 1209 1445 1265 festivitas
1465 1208 1638 1264 nobis
1661 1207 1898 1280 objicit!

317 1303 436 1359 VII.
473 1303 686 1358 Verum
745 1299 1022 1371 quisnam
1071 1315 1180 1371 pro
1229 1297 1517 1372 dignitate
1569 1297 1761 1354 valeat
1802 1301 1906 1354 aut
2077 1309 2147 1358 Z'.

245 1399 447 1452 mente
479 1395 814 1466 concipere,
861 1396 965 1448 aut
1021 1392 1224 1466 lingua
1255 1407 1538 1447 enarrare
1570 1391 1690 1446 sive
1721 1391 1902 1447 decus

2007 956 2256 1026 παροῦσα
2321 955 2621 1030 πανήγυρις
2701 960 2968 1026 μυστικῆς
3034 953 3266 1028 θεωρίας
3331 955 3658 1025 προτίθησιν

2007 1039 2142 1116 ὕψος
2170 1043 2182 1098 l

2225 1300 2404 1360 Ἀλλὰ
2464 1323 2551 1366 τις
2615 1301 2675 1358 ἂν
2737 1301 3008 1382 ἶσχύσειεν
3073 1303 3108 1374 ἢ
3177 1303 3295 1358 κατ’
3361 1303 3510 1374 ἀξίαν
3574 1303 3663 1358 ἐν-

2006 1398 2225 1464 νοῆσαι,
2289 1395 2326 1464 ἢ
2395 1390 2655 1468 γλώττης
2719 1387 2878 1470 ἔργον
2949 1391 3529 1467 οἷκονομῆσαι,ἢτὴν
3574 1414 3660 1449 σει»

246 1503 363 1558 quo
394 1489 682 1540 creaturas
715 1498 925 1538 omnes
981 1498 1090 1554 per
1147 1482 1302 1537 hanc
1333 1482 1600 1537 omnium
1633 1470 1901 1554 reginam

2016 1483 2272 1556 μνότητα,
2338 1482 2404 1551 ἤν
2469 1486 2615 1537 πᾶσα
2665 1485 2700 1551 ἡ
2749 1481 2974 1553 ποίησις
3040 1479 3130 1537 διὰ
3187 1480 3387 1552 ταύτης
3444 1479 3510 1551 δὴ
3559 1489 3657 1551 τῆς

245 1573 696 1630 circumvestitaa
753 1570 1200 1642 splendescunt,
1260 1571 1380 1626 sive
1428 1571 1648 1642 regina)
1706 1571 1899 1642 ipsius

2016 1565 2412 1642 παμϐασιλίδος
2467 1568 2582 1646 ἔχει
2644 1568 2916 1646 λαμπρῶς
2971 1563 3512 1645 περιϐαλλομένη,ἢ
3555 1571 3653 1639 τήν

247 1662 774 1734 magnificentiam,
807 1666 1050 1732 prOpter
1073 1677 1254 1731 quam
1287 1661 1341 1715 ei
1372 1660 1578 1715 datum
1609 1665 1717 1729 est,
1749 1665 1815 1714 ut
1844 1663 1902 1714 et

2016 1661 2204 1729 ταύτης
2238 1658 2658 1735 μεγαλειότητα,
2715 1656 2787 1713 δι’
2834 1659 2899 1729 ἣν
2950 1659 3040 1714 καὶ
3095 1659 3221 1715 Θεὸν
3266 1657 3474 1714 ἔνοικον
3517 1657 3652 1732 αὐτῇ

247 1753 379 1824 ipsa
409 1753 594 1806 Deum
626 1751 688 1806 in
720 1766 784 1806 se
815 1749 1116 1820 exciperet
1160 1749 1576 1817 habitatorem,
1610 1755 1667 1804 et
1697 1749 1897 1804 omnia

2016 1753 2156 1824 τχεῖν
2213 1747 2499 1824 ἐξεγένετο,
2559 1749 2650 1804 καὶ
2707 1749 2878 1804 πάντα
2933 1747 3107 1806 ἐκεῖνα
3171 1754 3529 1826 προαγαγεῖν,
3585 1749 3651 1804 τὰ

247 1841 350 1896 illa
380 1839 690 1912 splendida
718 1856 786 1895 ac
815 1838 1116 1895 mirabilia
1159 1844 1285 1894 tum
1314 1839 1426 1894 sibi
1455 1845 1581 1894 tum
1610 1838 1894 1894 creaturis

2016 1857 2062 1894 Is
2090 1838 2228 1912 αὐτῇ
2258 1838 2348 1893 καὶ
2377 1841 2448 1912 τῇ
2485 1837 2652 1894 κτίσει
2695 1836 2924 1914 λαμπρὰ
2951 1837 3038 1893 καὶ
3071 1834 3363 1913 περίδοξας

247 1935 620 2002 compararet
643 1929 672 1984 ‘2

315 2022 461 2074 Cum
493 2019 678 2088 enim,
711 2034 828 2090 quo
858 2019 1046 2090 magis
1077 2033 1207 2073 sese
1235 2018 1368 2087 quis
1399 2018 1619 2089 expolit
1664 2023 1730 2072 ut
1777 2019 1896 2072 Deo

246 2107 456 2164 similis
488 2107 716 2174 evadat,
753 2123 820 2162 eo
852 2107 1143 2178 majorem
1174 2122 1309 2162 cum
1338 2108 1456 2161 Deo
1488 2107 1618 2178 ipso
1645 2107 1900 2179 conjun-

246 2199 531 2266 ctionem,
563 2202 623 2252 et
653 2199 1057 2252 consentanea
1103 2195 1260 2252 dona
1308 2195 1446 2251 inde
1476 2195 1898 2264 nanciscatur;

246 2304 350 2360 ego
383 2303 515 2342 vero
548 2285 826 2352 arbitror,
854 2285 1213 2356 Creatorem,
1237 2289 1303 2340 ut
1331 2285 1674 2341 hominibus
1705 2285 1900 2356 palam

244 2377 470 2432 faceret
527 2391 706 2448 quam
763 2373 979 2430 similis
1007 2375 1126 2430 Deo
1170 2379 1329 2429 esset
1359 2375 1552 2446 Virgo,
1584 2379 1901 2446 prepterea

2078 2017 2228 2074 Ἐπεὶ
2287 2019 2413 2094 γὰρ,
2462 2019 2693 2082 καθόσον
2748 2017 2810 2073 ἄν
2868 2039 2948 2080 τις
3004 2018 3191 2073 ἑαυτὸν
3259 2017 3460 2093 ἆποξέῃ
3519 2019 3657 2092 πρός

2007 2127 2070 2181 γε
2099 2107 2162 2162 τὸ
2187 2105 2418 2162 ἐοικέναι
2477 2111 2615 2179 Θεῷ,
2671 2109 2808 2162 κατὰ
2863 2113 3126 2164 τοσοῦτον
3183 2107 3274 2163 καὶ
3333 2106 3660 2182 συμπλοκῆς

2007 2194 2099 2251 καὶ
2160 2191 2352 2271 δώρων
2408 2193 2778 2267 καταλλήλων
2841 2195 3040 2253 ἐκεῖθεν
3091 2195 3373 2273 τυγχάνει,
3424 2195 3494 2251 ἵν’
3541 2196 3665 2252 ὅσον

2009 2289 2044 2356 ἡ
2078 2286 2344 2362 Παρθένος
2402 2292 2520 2360 Θεῷ
2575 2287 3031 2362 προσωμοίωται,
3086 2289 3256 2359 τοῦτ’,
3305 2290 3488 2362 οἶμαι,
3521 2286 3668 2360 δείξῃ

2007 2381 2124 2439 τοῖς
2176 2377 2480 2450 ἀνθρώποις
2550 2379 2578 2432 ὁ
2646 2375 2924 2448 Πλάστης,
2979 2375 3069 2433 διὰ
3111 2382 3275 2434 τοῦτο
3323 2379 3413 2433 καὶ
3464 2380 3501 2448 ἡ
3546 2379 3665 2450 ξένη

249 2467 417 2524 effeci
449 2484 532 2536 se,
587 2472 654 2522 ut
701 2481 850 2522 nova
906 2482 1152 2538 prorsus
1207 2481 1333 2521 eam
1389 2466 1546 2521 inter
1588 2482 1656 2522 a0
1714 2471 1904 2522 semet

2016 2467 2132 2540 μετ’
2161 2467 2327 2536 αὐτῆς
2377 2465 2542 2522 αὐτοῦ
2602 2463 2899 2542 διέλαμψεν
2949 2463 3165 2536 ἕνωσις,
3197 2467 3289 2522 καὶ
3319 2470 3354 2537 ἡ
3390 2464 3668 2542 δημιουρ-

247 2557 685 2630 conjunctionis
714 2555 866 2614 ratio
896 2555 1230 2626 refulgeret,
1262 2560 1321 2610 et
1349 2560 1636 2611 creatura)
1667 2555 1904 2612 uniVer-

2016 2556 2108 2630 γία
2157 2560 2300 2610 πᾶσα
2364 2556 2464 2624 τήν
2525 2555 2836 2632 ἱστουργίαν
2906 2553 2976 2610 δι’
3041 2554 3212 2626 αὐτῆς
3271 2551 3667 2631 περιϐέϐληται

249 2665 328 2703 sa)
359 2647 579 2702 eximia
609 2662 718 2718 per
747 2646 940 2718 ipsam
971 2645 1157 2717 gloria
1187 2644 1796 2703 circumvestirentur.

2016 2645 2111 2714 τὴν
2144 2649 2497 2719 σεμνοπρεπῆ
2509 2683 2523 2701 .

319 2736 587 2792 Profecto
651 2735 724 2789 de
795 2734 925 2805 ipsa
989 2733 1223 2788 videtur
1274 2733 1421 2787 mihi
1473 2734 1905 2804 prmnuntiasse

2085 2733 2216 2808 Περὶ
2259 2734 2486 2802 ταύτης,
2535 2729 2726 2808 ἔμοιγε
2773 2731 2942 2804 δοκεῖ,
2993 2735 3083 2788 καὶ
3114 2736 3142 2790 ὁ
3175 2739 3464 2812 προφήτης
3495 2733 3666 2791 Δαϐἰδ

246 2826 540 2900 propheta
605 2823 807 2892 David,
853 2823 956 2876 ubi
1013 2838 1149 2876 cum
1202 2821 1597 2876 admiratione
1649 2822 1904 2879 clamat:

2016 2823 2108 2877 σὺν
2203 2820 2436 2895 θαύματι
2537 2818 3032 2896 προδιεκωδώνισε,
3110 2822 3213 2887 Τίς
3283 2823 3338 2878 ἐν
3411 2822 3662 2902 νεφέλαις

248 2917 378 2981 Quis
409 2915 469 2970 in
498 2913 736 2968 nubibus
763 2911 1078 2982 wquabitur
1126 2911 1383 2979 Domino,
1428 2909 1628 2965 similis
1660 2912 1764 2965 erit
1797 2911 1907 2966 Deo

2018 2910 2366 2983 ἶσωθήσεται,
2419 2911 2661 2990 φάσκων,
2713 2910 2794 2984 τῷ
2853 2913 3054 2987 Κυρίῳ,
3115 2912 3516 2986 ὁμοιωθήσεται
3581 2919 3663 2988 τῷ

245 3007 307 3060 in
353 3004 482 3072 ﬁliis
540 3003 639 3056 Dei
660 3000 734 3071 (9)
759 3001 786 3054 ?
842 2997 1016 3054 Nulla
1072 2996 1234 3052 enim
1291 3002 1701 3052 creaturarum
1736 2997 1907 3054 beata

2016 3001 2200 3076 Κυρίῳ
2230 2999 2283 3056 ἐν
2315 2998 2456 3062 υἱοῖς
2487 3004 2661 3070 Θεοῦς
2719 2998 2855 3057 Θῦδὶ
2905 3003 3008 3076 γάρ
3047 3001 3186 3057 ἔστιν
3225 3001 3253 3057 ὀ
3300 3006 3406 3058 τῶν
3434 3005 3664 3078 γενομέο

248 3091 486 3163 Virgine
521 3087 795 3160 superior
824 3091 936 3152 est,
968 3085 1132 3141 nulla
1163 3101 1345 3156 supra
1371 3085 1622 3142 nubium
1652 3085 1907 3141 altitudi-

2016 3110 2119 3144 νων
2149 3091 2250 3159 τήν
2313 3089 2581 3164 μακαρίαν
2640 3089 2796 3166 ὕπερ,
2854 3089 2946 3145 καὶ
3007 3089 3138 3164 ὑπὲρ
3193 3091 3255 3147 τὸ
3285 3095 3394 3148 τῶν
3423 3091 3664 3170 νεφελῶν

251 3150 392 3236 nem
421 3177 497 3234 ad
544 3150 803 3232 divinam
833 3174 1290 3230 similitudinem
1339 3175 1584 3247 propius
1617 3176 1904 3231 ascendit;

2018 3180 2156 3254 ὕψος
2182 3150 2324 3253 πρὸς
2351 3150 2616 3252 ὁμοίωσιν
2646 3150 2949 3250 ἂναέέϐηκε
2997 3150 3160 3235 θείαν·
3193 3177 3322 3236 ἀλλ’
3353 3177 3466 3236 οὐδ’
3496 3150 3558 3236 δν
3589 3185 3668 3239 εἶν

252 3269 366 3326 Sed
394 3283 590 3339 neque
619 3267 682 3321 in
729 3269 1036 3338 posterum
1082 3279 1324 3334 prorsus
1375 3280 1450 3319 ex
1486 3264 1766 3320 omnibus
1796 3265 1907 3320 erit

2016 3269 2121 3324 τῶν
2155 3265 2426 3342 ἐσομένων
2486 3264 2657 3338 ἔσται,
2711 3273 2819 3324 τῶν
2877 3269 3125 3324 ἁπάντων
3179 3267 3378 3341 οὐδεὶς,
3409 3275 3670 3328 τοσοῦτος

254 3360 440 3427 ullus,
474 3357 577 3430 qui
608 3355 682 3410 ad
713 3353 1029 3410 sublimem
1075 3353 1220 3408 adeo
1253 3353 1670 3409 celsitudinem
1701 3370 1908 3425 prove-

259 3451 457 3505 hatur.
491 3448 626 3518 Ipsa
655 3444 815 3499 enim
847 3443 1175 3499 altissimus
1219 3459 1392 3498 mons
1439 3443 1541 3499 ille
1567 3448 1677 3511 est,
1709 3445 1770 3502 in
1799 3461 1908 3515 quo

259 3538 664 3608 beneplacitum
693 3540 772 3590 est
801 3536 913 3589 Deo
942 3533 1194 3588 habitare
1221 3535 1282 3588 in
1315 3549 1375 3588 eo
1406 3531 1472 3589 ¹⁰.
1501 3534 1648 3589 Ηίιιο
1679 3539 1736 3588 et
1766 3533 1911 3590 illud

257 3628 494 3694 merito,
524 3641 659 3680 mea
708 3623 950 3694 quidem
1007 3622 1318 3690 sententia,
1353 3621 1426 3678 de
1457 3623 1676 3695 Regina
1706 3628 1912 3680 nostra

257 3717 555 3791 quispiam
583 3713 818 3782 dixerit,
855 3711 1014 3784 quod
1042 3712 1114 3767 de
1146 3711 1396 3769 Domino
1425 3712 1745 3784 praelatus
1773 3730 1910 3785 pro-

255 3805 553 3864 nuntiavit
601 3802 916 3859 Habacuc:
963 3801 1195 3872 Operuit
1241 3802 1400 3858 castos
1439 3801 1616 3858 virtus
1663 3805 1800 3874 ejus,
1861 3809 1913 3858 et

254 3898 547 3968 sapientiae
595 3894 714 3964 ejus
736 3893 909 3962 plena
942 3897 1020 3946 est
1054 3897 1204 3947 terra
1235 3891 1366 3963 (10).
1401 3891 1568 3957 Quod
1597 3893 1667 3962 si,
1700 3904 1913 3964 quem...

258 3983 580 4043 admodum
613 3981 844 4036 divinus
876 3979 1262 4050 proclamavit
1299 3981 1504 4050 Lucas,
1536 3981 1682 4052 quod
1732 3982 1910 4037 homi-

255 4077 419 4131 nibus
448 4074 622 4129 attum
652 4076 751 4138 est,
782 4070 1122 4125 abominatio
1149 4076 1228 4124 est
1259 4076 1384 4126 ante
1417 4071 1584 4127 Deum
1615 4074 1659 4108 ¹¹
1682 4089 1704 4135 ς
1733 4079 1912 4142 quam

260 4163 581 4221 sublimem
604 4160 784 4232 igitur
807 4174 930 4214 non
953 4157 1144 4214 solum
1168 4175 1285 4231 pres
1307 4158 1652 4215 hominibus
1683 4161 1912 4216 univer-

259 4255 359 4322 sis,
393 4268 598 4309 verum
655 4250 856 4318 etiam,
910 4253 977 4304 ut
1034 4265 1138 4322 ego
1196 4248 1438 4320 quidem
1483 4249 1758 4322 dixerim,
1791 4267 1913 4322 prus

259 4342 485 4413 angelis
515 4339 856 4396 existimare
882 4343 1116 4410 oportet
1144 4337 1530 4395 altitudinem
1563 4338 1747 4407 illius,
1781 4355 1913 4412 qum

261 4435 447 4488 Deum
476 4429 539 4486 in
580 4433 772 4484 terras
828 4427 1114 4484 attraxit?
1168 4429 1456 4492 Quocirca
1504 4429 1642 4502 jure
1699 4431 1914 4486 merito

2017 3356 2466 3433 ὕψωθησόμενος·
2500 3358 2637 3429 αὕτη
2669 3357 2772 3434 γάρ
2817 3356 2930 3414 ἔστι
2977 3356 3040 3414 τὸ
3074 3360 3484 3435 μετεωρότατον
3517 3359 3666 3438 ὅρος,

2017 3449 2046 3504 ’ὀ
2079 3444 2370 3518 εὐδόκησεν
2431 3448 2460 3502 ὁ
2515 3446 2646 3510 Θεὸς
2698 3453 2967 3502 κατοικεῖν
3025 3447 3076 3504 έν
3133 3449 3302 3522 αὐτῷ.
3362 3451 3544 3506 Ἔνθεν
3574 3453 3666 3507 καὶ

2014 3537 2177 3592 τοῦτό
2207 3551 2289 3598 τις
2321 3533 2506 3606 ἀξίως,
2541 3536 2716 3610 οἶμαι,
2749 3542 3004 3612 προσιρεῖ
3050 3540 3120 3610 τῇ
3173 3535 3440 3612 βασιλίδι,
3472 3539 3500 3594 ’ὀ
3531 3539 3668 3615 πρὸς

2017 3627 2108 3681 τὸν
2178 3625 2455 3696 Δεσπότην
2524 3625 2554 3680 ὁ
2617 3623 2899 3687 θεσπέσιος
2963 3620 3306 3700 ’Λεϐακούψ
3367 3625 3662 3702 Ἑκάλυψεν

2019 3714 2288 3790 οὐρανοὺς
2335 3717 2372 3784 ἡ
2425 3713 2589 3787 ἀρετὴ
2659 3712 2853 3786 αὐτῆς,
2921 3713 3012 3769 καὶ
3074 3715 3176 3784 τῆς
3243 3713 3502 3778 συνέσεως
3567 3716 3667 3772 αὐ-

2017 3807 2120 3873 τῆς
2167 3801 2390 3878 πλήρης
2420 3804 2456 3873 ἠ
2485 3804 2578 3879 γῆ.
2630 3801 2696 3859 Εἰ
2747 3799 2826 3874 δι,
2875 3802 3116 3880 καθάπερ
3147 3802 3198 3859 ἐν
3240 3801 3605 3881 Εὐαγγελίοις
3637 3807 3666 3861 ὁ

2019 3895 2161 3956 θεῖος
2230 3891 2458 3966 ἦκήρυξι
2521 3897 2756 3962 Λουκᾶς,
2818 3891 2882 3948 τὺ
2950 3893 3002 3949 ἐν
3068 3893 3378 3968 ἂνθρώποις
3431 3895 3664 3970 ὑψηλὸν,

2024 3977 2305 4058 βδέλυγμα
2371 3979 2602 4035 ἇνώπιον
2660 3983 2758 4036 τοῦ
2813 3985 2948 4037 Θεοῦ
3005 3980 3174 4037 πόσον
3241 3979 3343 4058 ἄρα
3405 3982 3466 4038 τὸ
3535 3984 3667 4060 ὑπὲρ

2019 4071 2222 4134 πάντας
2275 4069 2618 4144 ἀνθρώπους,
2678 4069 2842 4146 φαίην
2901 4067 2946 4125 δ’
3005 4068 3066 4126 ἂν
3120 4063 3317 4147 ἔγωγε,
3366 4071 3456 4126 καὶ
3504 4071 3672 4150 ἀγγέ-

2023 4157 2176 4229 λους,
2211 4157 2423 4233 ὑψηλὸν
2480 4159 2608 4232 παρ’
2663 4159 2854 4230 αὐτῆς,
2914 4159 2943 4214 ὃ
2999 4160 3088 4214 καὶ
3145 4159 3270 4214 Θεὸν
3327 4159 3405 4223 εἷς
3441 4168 3546 4232 γῆν
3571 4181 3668 4216 κα-

2017 4250 2248 4324 τήγαγε,
2284 4246 2596 4322 λογίζεσθαι
2653 4251 2812 4324 χρήδ
2874 4249 2972 4303 Διᾶ
3031 4253 3200 4304 ταῦτα
3245 4249 3334 4302 καί
3379 4247 3528 4322 μάλα
3559 4250 3667 4304 σώ-

2022 4344 2128 4409 ζων
2176 4333 2238 4392 ἅν
2275 4358 2361 4400 τις
2411 4337 2475 4394 τὸ
2535 4334 2651 4394 δέον
2703 4337 2882 4394 ἐπάνω
2938 4339 3176 4410 πάντων,
3225 4341 3358 4394 Θεοῦ
3405 4341 3576 4409 πλὴν,
3605 4339 3668 4394 τὸ

2022 4425 2368 4502 ὑψηλότατον
2420 4431 2582 4484 τοῦτο
2641 4424 2886 4485 καλέσειε
2943 4429 3204 4505 γέννημα·
3267 4427 3314 4482 εί
3373 4425 3432 4482 δὲ
3485 4432 3668 4497 τοῦτο,

259 4520 560 4594 quispiam
580 4517 1074 4576 sublimissimam
1098 4517 1254 4575 hanc
1275 4523 1608 4576 creaturam
1635 4520 1907 4576 omnibus

2018 4517 2109 4572 καὶ
2165 4515 2318 4587 ἣκειν
2376 4516 2426 4588 ἐξ
2488 4519 2742 4593 οὐρανοῦ·
2802 4517 2918 4574 ἐπεὶ
2986 4518 3078 4574 καὶ
3135 4519 3171 4588 ἠ
3229 4513 3665 4590 θεολογικωτάτη

259 4611 738 4684 quibuscunque,
797 4609 915 4664 Deo
973 4605 1168 4662 solum
1227 4613 1492 4680 excepto,
1545 4609 1907 4682 superiorem

2021 4605 2111 4660 καὶ
2163 4603 2337 4661 πάντα
2391 4610 2738 4680 πιριηχοῦσα
2795 4603 2986 4684 φάσκει
3046 4606 3221 4683 φωνή·
3279 4605 3342 4662 Ὁ
3392 4602 3442 4676 ἐξ
3502 4604 3670 4681 οὐρα-

262 4698 662 4758 afﬁrmaverit.
693 4697 870 4768 Atqui
901 4695 1080 4751 simul
1112 4712 1180 4751 ac
1203 4697 1264 4752 id
1294 4701 1607 4767 statuatur,
1631 4699 1760 4770 jam
1792 4702 1852 4753 et
1880 4715 1907 4754 a

2023 4699 2118 4751 νοῦ
2150 4693 2451 4771 ἐρχόμενος
2477 4693 2658 4748 ἐπάνω
2687 4694 2903 4749 πάντων
2934 4691 3102 4752 ἐστίν.

261 4791 407 4849 οωιο
442 4805 576 4846 eam
605 4787 914 4843 advenisse
945 4785 1391 4842 decernendum
1422 4792 1532 4845 est.
1564 4789 2013 4860 Quaquaversus
2036 4787 2196 4844 enim
2217 4791 2457 4842 resonat
2480 4785 2722 4842 maximi
2744 4785 2908 4842 illius
2934 4783 3192 4856 theologi
3215 4801 3346 4854 vox,
3372 4785 3668 4857 inquiens:

271 4883 380 4946 Qui
405 4881 473 4936 de
503 4877 636 4935 calo
666 4878 836 4945 venit,
859 4892 1024 4946 super
1048 4891 1232 4932 omnes
1262 4881 1342 4932 est
1365 4877 1430 4932 ¹².

335 4979 378 5014 ¹⁰
402 4977 557 5034 Psal.
589 4992 726 5048 Lvn,
762 4974 849 5030 17.
929 4973 973 5010 ¹¹
1005 4975 1142 5030 Luc.
1175 4991 1286 5042 xvi,
1322 4977 1408 5030 15.
1487 4974 1534 5010 ¹³
1559 4977 1724 5032 Joan.
1759 4992 1840 5048 ιιι,
1877 4978 1964 5033 31.

1581 5077 1724 5139 Aut.
1769 5075 2068 5140 Ballerini
2113 5084 2304 5140 notae.

333 5183 565 5260 (9)Psal
619 5200 894 5260 nxxxvm,
954 5186 1008 5239 Ἶ.
1065 5179 1327 5260 Isidorus
1389 5177 1488 5260 hic
1507 5183 1743 5260 __magi_s
1781 5199 1917 5260 cum
2022 5177 2453 5260 __(_10)Habac.
2509 5201 2592 5254 ιιι,
2653 5187 2704 5240 3.
2759 5181 3022 5260 Isidorus
3071 5183 3170 5260 hic
3199 5201 3309 5260 nec
3339 5187 3515 5259 plane
3545 5203 3677 5243 cum

261 5250 738 5330 vulgataLatina
787 5250 966 5330 quam
994 5271 1175 5330 _cum_
1218 5255 1436 5330 Graeca
1465 5250 1604 5330 LXX
1638 5250 1913 5330 {editione
2021 5250 2279 5330 Vulgata
2323 5263 2530 5330 nostra
2580 5250 2926 5330 consentit,
2965 5270 3096 5330 quas
3156 5250 3388 5314 habet‘:
3449 5260 3677 5329 Operuit

262 5323 594 5400 consentit;
628 5329 753 5400 haec
785 5323 947 5384 enim
990 5325 1096 5400 ita,
1120 5326 1210 5400 bis
1251 5325 1470 5400 repetit
1495 5325 1556 5400 το
1595 5325 1700 5400 τίς
1735 5323 1833 5400 Τίς
1864 5323 1916 5400 ἐν
2025 5323 2180 5383 οωιᾱε
2227 5327 2414 5400 gloria
2463 5329 2616 5396 ejus:
2668 5334 2720 5400 et
2762 5323 3129 5400 laudis’ejus
3171 5330 3344 5400 plena
3372 5335 3461 5400 est,
3487 5323 3672 5400 “terra:

259 5397 509 5484 νεφέλαις
541 5389 893 5486 1ἔσω1(δἰςσίξται
927 5400 1024 5486 Οτῇ)
1055 5393 1282 5486 lippis);
1320 5389 1441 5486 :ani
1500 5394 1583 5486 τίς
1626 5395 1907 5470 ὁμοιωθή-

2024 5389 2401 5486 nequeucuin‘
2417 5389 2578 5486 LXX‘,
2612 5397 2966 5486 quiglegunt‘
2998 5389 3050 5452 :v
3072 5389 3376 5486 ’,Εκξλυψεγ
3410 5397 3672 5486 ούρανοὺς

264 5461 411 5528 σεται
436 5473 516 5544 τῷ
541 5461 739 5544 Κυρίῳ-
788 5467 840 5522 ἐν
864 5461 1034 5544 ὐίοῗς
1093 5461 1226 5544 Θεοῧ
1253 5461 1277 5536 ;⁷
1327 5471 1466 5544 Qum
1507 5461 1716 5544 tamen
1745 5461 1907 5544 repe-

2023 5471 2080 5544 ἡ-
2115 5461 2276 5544 ἆξετῆ
2320 5461 2690 5544 _(C0mp1ﬁt'-_
2719 5461 2968 5544 Weiss)
3010 5469 3224 5544 ⁸αὐτοῦ,
3274 5461 3362 5526 καὶ
3423 5461 3672 5530 αἰνέσεως

263 5545 394 5600 titio
425 5535 592 5597 abest
621 5535 798 5594 etiam
828 5539 900 5594 ab
946 5535 1362 5613 Complutensi
1384 5559 1452 5599 ac
1487 5535 1722 5612 Aldina,
1755 5535 1907 5598 et‘ab

266 5611 660 5668 Alexandrino
690 5609 913 5667 codice.

2024 5535 2188 5596 αὐτοῧ
2216 5535 2439 5614 πλήρης
2469 5535 2784 5612 (Complut.
2817 5535 3090 5615 ἐπλήσθη)
3113 5543 3150 5612 ἡ
3181 5535 3278 5611 γ’ῆ.

265 5611 660 5672 Alexandrino
690 5610 913 5667 codice.
