4030 6212
359 357 438 418 23

1529 357 1820 420 ISIDURl
1861 355 2628 424 THESSALONICENSIS

3693 383 3773 440 24

364 491 638 548 adducat.
670 492 871 563 Neque
905 493 1078 548 aliter
1099 508 1160 547 se
1191 509 1288 548 res
1309 491 1508 561 habet,
1533 493 1582 547 si
1604 492 1734 562 quis
1755 491 1992 546 homini:

2125 494 2328 581 χρυσὸν
2379 497 2782 574 συνεισήνεγκε,
2829 500 2927 569 τήν
2990 498 3049 556 δὲ
3099 509 3201 572 τῆς
3250 505 3454 580 τέχνης
3501 507 3775 581 ἐπιτηδει-

361 588 617 639 statuam
647 600 718 639 ex
746 600 890 640 auro
937 583 1278 652 efﬁnxerit;
1332 599 1528 656 neque
1585 581 1741 638 enim
1773 598 2004 652 aurum,

361 673 531 744 quasi
552 673 665 729 hoc
695 689 768 728 ex
794 673 1115 745 semetipso
1145 673 1448 741 hauriens,
1481 671 1727 744 praabet,
1755 671 1860 728 sed
1889 688 2010 728 me-

357 780 487 820 ram
516 767 661 822 artis
693 766 1051 822 industriam
1085 767 1212 839 ipse
1242 765 1488 822 confert.

430 855 524 910 IX.
579 855 745 920 Quod
805 872 942 911 vero
1018 855 1306 911 universis
1389 853 1862 925 quibuscunque,
1919 853 2007 908 uti

361 943 642 1013 diximus,
676 944 848 1016 Virgo
875 944 1045 1016 longe
1076 943 1398 1014 praecellat,
1432 959 1625 1013 neque
1664 943 1858 1014 imago
1887 941 2009 997 ulla

359 1031 473 1102 ipsi
507 1031 716 1086 similis
775 1031 1022 1102 reperiri
1081 1032 1142 1084 in
1197 1031 1576 1088 terrestribus
1623 1032 1834 1102 possit,
1866 1031 2008 1087 hinc

358 1119 498 1176 licet
528 1121 960 1192 dignoscamus.
1017 1121 1227 1176 Omnia
1284 1122 1446 1177 enim
1501 1139 1874 1195 quacunque
1903 1139 2006 1178 na-

357 1212 620 1276 scuntur,
652 1208 1073 1280 generantibus
1105 1226 1254 1282 opus
1303 1210 1564 1281 habent;
1597 1215 1657 1265 et
1686 1211 1779 1267 sin
1808 1211 2006 1266 minus

351 1295 424 1349 ad
450 1294 612 1350 aliud
643 1295 968 1368 quidpiam,
1001 1303 1160 1354 certe
1191 1299 1262 1354 iis
1292 1316 1440 1370 opus
1467 1299 1691 1355 habent
1715 1299 1790 1354 ad
1815 1299 2005 1372 ipsam

349 1385 816 1454 generationem,
875 1388 1378 1458 quemadmodum
1427 1393 1484 1446 et
1530 1389 1749 1461 plantas
1788 1395 1846 1444 et
1876 1389 2008 1444 ani-

353 1473 581 1529 mantia
610 1475 812 1530 omnia
839 1477 1154 1532 manifeste
1185 1477 1482 1533 evincunt.

427 1563 642 1618 Contra
671 1579 808 1619 vero
835 1566 1028 1634 Anna,
1060 1571 1252 1622 mater
1282 1567 1637 1638 veneranda,
1669 1584 1804 1624 cum
1833 1583 2007 1640 gene-

357 1657 536 1719 raret,
563 1651 645 1706 ti"
710 1683 816 1710 sua
836 1654 1158 1726 indigebat,
1179 1661 1246 1712 ut
1266 1663 1755 1730 regeneraretur;
1789 1663 1846 1713 et
1866 1674 2003 1714 eum

359 1742 421 1795 in
477 1746 642 1796 ute.-
703 1747 980 1815 ,:.sta.ret,
1056 1745 1186 1816 ipsa
1257 1762 1408 1802 nova
1463 1747 1719 1818 quadam
1774 1747 2004 1805 ratione

352 1831 414 1884 in
444 1835 612 1886 utero
643 1851 677 1903 τε
727 1832 1000 1889 .tabatur.
1059 1834 1260 1906 Neque
1321 1835 1450 1907 ipsa
1487 1836 1703 1907 solum,
1735 1853 1867 1909 quae
1898 1853 2006 1908 per

350 1936 558 1991 preces
587 1925 779 1977 mater
809 1922 861 1977 ei
892 1921 1023 1994 fuit,
1040 1923 1145 1978 sed
1166 1923 1436 1995 ejusdem
1460 1925 1636 1981 etiam
1659 1925 2003 1998 progenitor

351 2026 498 2080 opus
519 2011 745 2080 habuit,
762 2017 831 2067 ut
849 2011 1040 2084 ipsam
1061 2013 1240 2070 veluti
1261 2020 1516 2071 matrem
1536 2015 2000 2085 nancisceretur,

350 2097 426 2154 ad
454 2099 705 2156 solidam
733 2101 961 2157 scilicet
991 2103 1344 2174 ﬁrmamque
1375 2105 1794 2162 formationem
1837 2121 1996 2160 asse-

352 2188 674 2261 quendam,
697 2192 980 2262 quoniam
1003 2193 1195 2264 prima
1215 2193 1320 2249 illa
1337 2199 1530 2250 mater
1551 2195 1825 2267 (i3),cum
1842 2198 2000 2250 terra

350 2283 510 2332 esset
536 2294 605 2333 ac
634 2279 1026 2350 pulvis,ﬂux&e
1057 2287 1184 2338 erat
1214 2283 1664 2352 conditionis,ac
1689 2287 1998 2340 ventorum

344 2366 572 2436 impetu
601 2368 1134 2440 circumagebatur.
1164 2371 1365 2442 Neque
1392 2389 1602 2429 rursus
1630 2374 1817 2429 Adam
1865 2377 1996 2428 tan-

346 2456 676 2524 tummodo,
705 2457 808 2512 sed
839 2464 1117 2514 natorum
1175 2460 1247 2514 ab
1306 2477 1375 2516 ea
1429 2460 1640 2534 ingens
1681 2461 1996 2518 multitudo

344 2559 536 2615 usque
563 2545 637 2599 ad
662 2545 921 2616 puellam
952 2547 1106 2602 hanc
1127 2547 1392 2604 divinam
1425 2566 1562 2606 suas
1593 2551 1845 2622 quisque
1877 2567 1999 2607 ma-

345 2637 489 2700 tres,
522 2639 725 2704 utpote
755 2632 1168 2706 imperfectam
1195 2653 1262 2692 ac
1291 2637 1472 2694 veluti
1525 2655 1742 2696 caecam
1771 2640 1999 2710 prolem

346 2721 551 2778 enixas
583 2723 718 2794 (14),
749 2739 886 2778 cum
941 2727 1377 2796 repudiassent,
1437 2744 1816 2784 communem
1847 2730 1999 2785 hanc

344 2815 600 2866 matrem
616 2811 1121 2885 quarebant,quas
1144 2815 1218 2870 ad
1233 2816 1556 2887 perfectam
1574 2817 1825 2875 formam
1847 2818 1999 2892 proli

343 2898 746 2969 tribuendam,
779 2907 838 2956 et
883 2902 956 2957 ad
1003 2902 1199 2959 lucem
1247 2905 1709 2975 impertiendam
1740 2907 1996 2963 maxime

341 3003 450 3059 par
494 2988 667 3042 for-et.
723 2991 983 3042 Materno
1043 2990 1243 3059 itaque
1295 2997 1464 3046 utero
1516 2993 1900 3062 gestabantur
1929 3010 1996 3047 ac

2120 577 2291 652 ότητα
2327 584 2516 657 μόνην.

2187 837 2262 894 Θ’.
2303 838 2426 894 Ὃτι
2484 837 2552 906 δ’,
2610 841 2748 917 ᾗπερ
2809 838 3040 919 ἔφημεν,
3097 843 3309 899 πάντων
3345 865 3405 900 τε
3433 848 3468 916 ἡ
3501 849 3773 920 Παρθένος

2117 924 2298 982 ἐπάνω
2358 929 2450 983 καὶ
2517 932 2682 1006 γῆθεν
2751 929 2851 986 οὐκ
2913 929 3057 988 ἔστιν
3129 933 3303 1008 εὑρεῖν
3367 934 3577 1009 ἐμφερῆ
3633 940 3770 1013 πρὸς

2115 1015 2316 1088 ταύτην
2384 1017 2588 1090 εἰκόνα,
2655 1018 2810 1094 γνοίη
2877 1040 2962 1082 τις
3029 1020 3090 1076 ’ἄν
3160 1018 3384 1077 ἐνθένδε*
3453 1023 3621 1080 ἅπασι
3675 1027 3772 1099 μὲν

2116 1108 2220 1184 γὰρ
2268 1113 2388 1171 τοῖς
2439 1109 2797 1183 γεννωμένοις
2866 1109 3076 1187 ἀνάγκη
3143 1117 3252 1166 τῶν
3320 1114 3653 1188 γεννώντων,
3720 1117 3772 1170 εἷ’

2115 1197 2203 1252 καὶ
2269 1198 2343 1269 μή
2399 1199 2536 1274 πρὸς
2596 1195 2750 1254 οὐδὲν
2807 1197 2938 1262 ἴσως
3002 1199 3210 1276 ἓτερον,
3269 1199 3415 1256 ἀλλὰ
3471 1199 3541 1256 δι’
3597 1202 3766 1274 αὐτὴν

2117 1283 2386 1356 δήπουθεν
2432 1284 2640 1344 δεῖσθαι
2690 1279 2788 1358 τὴν
2839 1289 3105 1365 γέννησιν,
3159 1291 3234 1352 ὡς
3282 1289 3384 1366 ἄρα
3429 1293 3569 1371 φυτά
3596 1294 3769 1350 τεκαὶ

2117 1380 2228 1444 ζῶα
2254 1377 2422 1432 πάντα
2451 1379 2651 1451 τρανὴν
2681 1377 2940 1456 κηρύττει
2966 1379 3292 1454 μαρτυρίαν.

2187 1561 2357 1614 ’Ἄννα
2415 1555 2472 1612 δὲ
2517 1560 2552 1627 ἡ
2603 1552 2898 1631 σεϐάσμιος
2947 1559 3136 1634 μήτηρ
3194 1559 3618 1637 ἀναγεννηθῆναι
3661 1564 3765 1630 τῆς

2113 1642 2308 1708 παιδὸς
2354 1643 2527 1702 ἐδεῖτο
2575 1651 2832 1720 γεννῶσα,
2910 1648 2998 1702 καὶ
3053 1647 3144 1718 ἦν,
3207 1648 3289 1703 ’ὅτ’
3347 1647 3511 1718 ἐκύει,
3580 1650 3764 1704 καινόν

2113 1757 2232 1792 τινα
2270 1735 2687 1814 κυοφορουμένη
2745 1739 2969 1813 τρόπον.
3025 1737 3128 1794 Καὶ
3177 1736 3286 1812 οὐχ
3348 1741 3382 1807 ἡ
3447 1746 3768 1818 προσευχῆς

2114 1825 2250 1897 αὕτη
2287 1828 2471 1900 μήτηρ
2506 1825 2693 1900 μόνον,
2741 1825 2889 1882 ἀλλὰ
2945 1827 3035 1882 καὶ
3091 1831 3171 1900 τῷ
3225 1827 3530 1904 προπάτορι
3561 1829 3766 1899 ταύτης

2113 1913 2350 1987 ἐδέησεν,
2382 1917 2584 1991 ὅσαπερ
2634 1915 2798 1971 οἱονεὶ
2851 1917 3021 1990 μητρὶ
3079 1917 3410 1992 χρήσασθαι,
3442 1918 3575 1992 πρὸς
3608 1919 3765 1994 στερο

2109 2006 2207 2079 ῥάν
2237 2025 2297 2061 τε
2326 2001 2617 2060 διάπλασιν
2673 2006 2764 2062 καὶ
2817 2003 3232 2079 ἀμετάπτωτον,
3291 2007 3366 2069 ὡς
3411 2013 3512 2075 τῆς
3539 2007 3770 2081 πρώτης

2109 2091 2317 2166 ἐκείνης
2393 2097 2603 2171 μητρὸς
2676 2094 2959 2171 ἐρείψιμον
3035 2093 3272 2170 ἐχούσης
3323 2097 3422 2164 τὴν
3489 2095 3762 2165 σύστασιν,

2109 2181 2329 2260 ἐπείπερ
2388 2185 2454 2253 ἦν
2513 2189 2672 2260 χοῦς,
2729 2183 2820 2240 καὶ
2880 2183 3074 2258 βολαῖς
3139 2183 3458 2258 ἡττωμένην
3517 2184 3763 2257 πνευμάο

2105 2292 2236 2328 των“
2286 2274 2376 2328 καὶ
2429 2273 2490 2328 οὗ
2547 2273 2722 2346 Ἀδὰμ
2780 2272 2966 2346 μόνον,
3025 2271 3171 2329 ἀλλᾶ
3222 2273 3310 2328 καὶ
3365 2275 3393 2327 ὁ
3448 2272 3624 2337 πολὺς
3651 2279 3762 2329 τῶν

2107 2363 2159 2435 ἐξ
2204 2362 2406 2420 ἐκείνου
2453 2360 2729 2439 σύλλογος
2775 2370 2876 2432 τῆς
2929 2363 3073 2428 θείας
3123 2363 3254 2438 ἄχρι
3302 2361 3496 2426 παιδὸς
3534 2363 3762 2436 ταύτης,

2107 2454 2344 2528 καθάπερ
2432 2452 2634 2514 οἰκείας
2726 2449 2950 2514 ἕκαστος
3029 2447 3414 2524 ἐξωϐελικότες
3495 2453 3758 2526 μητέρας,

2107 2543 2182 2605 ὡς
2227 2540 2394 2612 ἀτελῆ
2440 2540 2747 2611 τικτούσας,
2791 2541 2882 2596 καὶ
2937 2542 3051 2596 οἷον
3097 2541 3270 2615 πηρά,
3317 2543 3417 2610 τὴν
3464 2541 3653 2608 καινὴν
3685 2537 3757 2610 δὴ

2104 2633 2308 2703 ταύτην
2372 2629 2597 2703 ἐζήτουν
2661 2631 2752 2686 καὶ
2793 2629 3390 2708 τελεσιουργικωτάτην
3431 2629 3523 2685 καὶ
3574 2649 3760 2709 φωτο-

2107 2722 2298 2782 δότιδα
2345 2723 2574 2799 μητέρα·
2628 2726 2746 2789 ὅθεν
2799 2721 3061 2779 ὦδίνοντό
3107 2743 3165 2778 τε
3210 2722 3300 2778 καὶ
3329 2719 3754 2800 διεμορφοῦντο·

2105 2815 2197 2870 καὶ
2222 2817 2336 2872 τότ’
2365 2814 2588 2886 ἀληθῶς
2617 2813 2903 2888 προῆλθον
2937 2814 3016 2872 εἷς
3065 2815 3198 2886 φῶς,
3249 2811 3328 2864 ὅτ’
3381 2811 3458 2869 εἰς
3489 2818 3594 2882 γῆν
3616 2810 3758 2882 αὕτη

2105 2902 2394 2979 προελθεῖν
2436 2901 2488 2971 ἐξ
2537 2901 2704 2969 αὐτῆς
2745 2897 2836 2954 καὶ
2885 2897 2975 2951 τὸν
3020 2895 3152 2968 ἐμὸν
3202 2893 3588 2969 ἐκαινούργησε
3633 2902 3764 2949 Σω-

2101 3011 2266 3065 τηρα.

337 3075 788 3143 formabantur;
822 3079 1065 3146 tumque
1101 3093 1305 3130 revera
1361 3079 1424 3132 in
1481 3077 1677 3132 lucem
1739 3079 1882 3132 editi
1937 3085 2096 3150 sunt,
2155 3079 2392 3150 quando
2452 3079 2581 3149 ipsa
2625 3092 2776 3132 novo
2807 3090 3010 3130 rerum
3042 3073 3249 3130 ordine
3281 3089 3484 3130 meum
3517 3091 3759 3148 quoque

339 3163 697 3218 Salvatorem
725 3178 795 3216 ex
825 3177 954 3216 sese
987 3163 1209 3218 mundo
1240 3163 1508 3234 protulit.

408 3260 556 3316 Hinc
585 3260 764 3316 etiam
795 3259 950 3315 ausit
967 3261 1096 3333 jam
1119 3261 1412 3333 quispiam
1433 3263 1717 3320 eximium
1738 3263 1888 3320 illud
1909 3264 1981 3320 de
2020 3271 2065 3336 ο

339 3367 410 3406 ea
437 3350 847 3422 pronuntiare,
879 3351 1040 3420 quod
1087 3351 1289 3424 lingua
1318 3355 1538 3410 tonitru
1567 3355 1798 3428 fragore
1827 3373 1988 3412 reso-

334 3455 486 3495 nans
536 3437 718 3494 dixit:
774 3440 1021 3496 Vidimus
1067 3442 1302 3510 gloriam
1363 3446 1480 3514 ejus
1527 3445 1688 3515 quasi
1747 3446 1986 3516 gloriam

334 3529 654 3602 unigenitaa
685 3529 788 3584 Dei
819 3530 1019 3585 Matris
1044 3547 1058 3597 ;
1087 3531 1256 3601 plena
1278 3535 1474 3601 gratiae
1493 3539 1548 3588 et
1574 3537 1820 3590 veritatis
1845 3535 2008 3615 (l5)._

405 3620 532 3672 Non
559 3618 600 3671 ii
634 3622 833 3672 autem
866 3617 1082 3688 solum,
1107 3621 1208 3690 qui
1230 3619 1371 3676 olim
1402 3627 1460 3676 et
1489 3627 1627 3678 ante
1657 3623 1846 3694 ipsam
1879 3641 1984 3680 ex-

329 3707 748 3763 stiterunthoc
765 3707 1124 3765 beneﬁcium
1149 3710 1341 3765 sortiti
1365 3717 1524 3780 sunt,
1548 3717 1614 3768 ut
1633 3728 1702 3768 ea
1725 3713 1976 3781 ratione,

329 3811 508 3867 quam
541 3796 824 3864 diximus,
845 3796 919 3852 ab
945 3797 1153 3854 eadem
1184 3798 1247 3854 in
1275 3799 1472 3856 lucem
1495 3800 1848 3869 ederentur;
1871 3802 1977 3858 sed

325 3887 601 3941 universo
634 3903 892 3957 quoque,
929 3888 1030 3958 qui
1079 3893 1212 3959 post
1261 3889 1450 3960 ipsam
1487 3889 1618 3959 fuit,
1652 3888 1976 3948 electorum

323 3973 544 4044 populo
576 3975 948 4045 regeneratio
973 3981 1032 4030 et
1062 3993 1198 4032 vera
1224 3977 1364 4045 vita,
1398 3994 1466 4034 ac
1497 3979 1780 4051 splendor
1825 3979 1974 4034 lucis

322 4076 430 4132 per
457 4060 649 4133 ipsam
679 4061 902 4117 tributa
922 4062 1184 4122 fuerunt.
1205 4065 1316 4120 Sed
1339 4069 1398 4121 et
1411 4067 1658 4138 insuper
1677 4067 1972 4138 ejusmodi

320 4149 614 4208 beneﬁcia
671 4153 977 4208 effundere
1034 4153 1445 4212 laudatissima
1501 4157 1671 4230 Virgo
1719 4158 1974 4214 cessabit

320 4257 651 4312 nunquam,
686 4257 995 4314 quousque
1024 4259 1276 4316 magnus
1305 4243 1408 4300 ille
1441 4251 1499 4300 et
1527 4247 1974 4317 novissimus,et

319 4330 752 4385 inaccessibilis
783 4331 1068 4403 splendor
1115 4333 1430 4401 effulserit,
1461 4334 1512 4390 is
1543 4335 1836 4404 videlicet,
1868 4338 1970 4407 qui

319 4416 758 4473 fecundissimae
817 4419 995 4491 hujus
1050 4427 1109 4475 et
1165 4421 1302 4478 ﬁliae
1362 4427 1422 4478 et
1474 4423 1680 4480 matris
1712 4429 1769 4480 et
1797 4425 1968 4497 virgi-

320 4505 414 4560 nis
445 4506 570 4578 ipse
601 4521 838 4578 quoque
867 4507 1056 4562 factus
1087 4514 1178 4564 est
1206 4510 1388 4569 filius.

391 4594 788 4660 Quamobrem
819 4595 908 4652 fas
931 4601 1041 4664 est,
1065 4597 1258 4654 verbis
1280 4599 1590 4670 paululum
1615 4601 1964 4673 immutatis,

320 4685 393 4739 de
425 4683 556 4755 ipsa
585 4685 994 4756 pronuntiare,
1049 4687 1204 4757 quod
1255 4687 1461 4742 beatus
1489 4688 1705 4745 Paulus
1737 4691 1808 4746 de
1835 4692 1962 4748 Sal-

315 4775 513 4827 vatore
533 4772 757 4843 inquit:
788 4773 920 4828 Vita
937 4780 1129 4829 nostra
1147 4775 1468 4832 abscondita
1489 4784 1608 4832 erat
1630 4794 1764 4833 eum
1797 4779 1956 4850 ipsa;

2167 3265 2352 3328 Ἔνθεν
2405 3283 2492 3318 τοι
2548 3263 2638 3318 καὶ
2697 3261 2833 3318 κατὰ
2885 3261 2985 3332 τὴν
3065 3260 3440 3340 βροντόφωνον
3502 3261 3764 3335 γλῶτταν

2097 3351 2412 3430 θαρῥήσειεν
2482 3351 2544 3408 ἄν
2609 3373 2694 3417 τις
2761 3350 3018 3426 λαμπρὸν
3067 3351 3385 3428 φθέγξασθαι
3443 3351 3533 3406 καὶ
3581 3356 3750 3407 τοῦτο

2092 3441 2218 3518 περὶ
2311 3443 2499 3512 αὐτῆςο
2597 3442 2966 3514 Ἐθεασάμεθα
3059 3441 3158 3509 τὴν
3291 3436 3446 3511 δόξαν
3549 3439 3740 3509 αὐτῆς,

2093 3527 2248 3604 δόξαν
2291 3531 2366 3594 ὡς
2411 3534 2736 3607 μονογενοῦς
2776 3529 2996 3606 Μητρὸς
3051 3532 3204 3583 Θεοῦ·
3281 3526 3502 3603 πλήρης
3576 3527 3748 3603 χάρι-

2086 3641 2179 3682 τος
2215 3622 2305 3677 καὶ
2344 3619 2629 3693 ἀληθείας.

2160 3709 2236 3768 Οὐ
2291 3716 2410 3774 τοῖς
2467 3709 2640 3766 πάλαι
2680 3708 2738 3765 δὲ
2779 3711 2940 3784 μόνον
2998 3708 3089 3762 καὶ
3146 3707 3253 3784 πρὸ
3300 3706 3466 3776 αὐτῆς
3494 3706 3529 3775 ἡ
3563 3704 3638 3766 εἰς
3667 3705 3732 3760 τὸ

2085 3803 2201 3879 φῶς
2246 3800 2374 3873 παρ’
2418 3799 2589 3868 αὐτῆς
2637 3797 2694 3852 δν
2737 3796 2948 3875 εἴρηται
2983 3796 3185 3872 τρόπον
3235 3793 3538 3870 δεδώρηται
3593 3793 3729 3868 πρό-

2086 3885 2235 3957 οδος,
2267 3887 2412 3943 ἀλλὰ
2467 3889 2558 3942 καὶ
2611 3887 2770 3942 παντὶ
2835 3891 2914 3960 τῷ
2965 3887 3058 3941 ἀπ’
3109 3884 3314 3954 ἐκείνης
3353 3884 3487 3960 ἱερῷ
3531 3884 3734 3953 συστή-

2085 3997 2214 4050 ματι
2269 3976 2618 4051 ἄναγέννησις
2662 3976 2750 4030 καὶ
2815 3977 2926 4046 ζωή
2977 3973 3215 4044 ἀληθὴς,
3264 3974 3350 4028 καὶ
3402 3972 3582 4050 φωτὸς
3638 3968 3726 4026 ἕλε

2081 4063 2315 4140 λαμψιςο
2381 4061 2462 4120 ἔτι
2526 4061 2582 4118 δὲ
2642 4065 2732 4120 καὶ
2799 4063 2940 4118 ἐσαεὶ
3000 4060 3295 4117 διατελέσει
3326 4055 3599 4128 ϐλύζουσα
3662 4062 3732 4114 τὰ

2077 4158 2300 4210 τοιαῦτα
2328 4155 2364 4224 ἡ
2395 4152 2809 4226 πολυύμνητος,
2865 4148 2972 4212 ἕως
3029 4148 3089 4204 ἂν
3148 4149 3212 4204 τὸ
3247 4149 3381 4224 μέγα
3417 4151 3507 4204 καί
3537 4147 3728 4204 τελευ-

2077 4248 2226 4298 ταῖον
2257 4239 2450 4299 ἄδυτον
2479 4239 2767 4315 ἐπιλάμψῃ
2818 4241 3037 4316 φέγγος,
3087 4240 3116 4292 ὅ
3158 4234 3224 4308 δὴ
3273 4243 3372 4306 τῆς
3412 4235 3724 4290 πολυτόκου

2076 4329 2278 4400 ταύτης
2342 4330 2434 4384 καὶ
2498 4333 2686 4400 τοῦτο,
2751 4327 2842 4382 καὶ
2910 4321 3127 4398 παιδὸς,
3195 4329 3286 4379 καὶ
3361 4323 3589 4399 μητρὸς,
3629 4321 3722 4378 καὶ

2078 4417 2342 4496 παρθένου
2372 4415 2572 4498 πέφυκε
2609 4416 2712 4488 κύη
2725 4437 2818 4491 μα.

2149 4604 2308 4668 Ὅθεν
2341 4603 2511 4658 εἰπεῖν
2573 4597 2740 4674 ἔξεστι
2779 4601 2904 4675 περὶ
2962 4599 3131 4668 αὐτῆς
3199 4598 3392 4675 μικρὸν
3457 4593 3722 4671 παρῳδή-

2075 4713 2292 4763 σαντας,
2362 4695 2391 4746 ὅ
2457 4692 2582 4767 περὶ
2645 4695 2742 4746 τοῦ
2809 4696 3068 4762 Σωτῆρος
3134 4690 3162 4741 ὁ
3233 4687 3494 4762 μακάριος
3535 4684 3722 4761 εἷ’ρηκε

2071 4779 2308 4842 Παῦλος·
2379 4781 2459 4836 δτι
2519 4780 2580 4836 Ἣ
2643 4779 2755 4848 ζωή
2813 4779 2973 4850 ἡμῶν
3047 4775 3343 4848 ἐκέκρυπτο
3413 4773 3505 4828 σὺν
3556 4775 3720 4848 αὐτῇ,

312 4865 371 4916 et
412 4860 639 4931 quando
687 4860 818 4932 ipsa
852 4863 1118 4932 apparuit
1171 4863 1299 4918 Vita
1343 4871 1552 4934 nostra,
1599 4873 1726 4923 tunc
1753 4873 1810 4922 et
1850 4884 1959 4924 nos

2109 4868 2158 4924 αἱ
2224 4871 2356 4928 Ὅτε
2419 4865 2554 4938 αῦτη
2623 4866 2991 4942 πεφανέρωται
3058 4865 3093 4932 ἡ
3167 4865 3294 4932 ζωὴ-
3337 4863 3516 4932 ἡμῶν,
3591 4861 3717 4916 τότε

311 4953 672 5023 apparuimus
698 4965 826 5008 cum
855 4950 978 5021 ipsa
1023 4954 1084 5006 in
1141 4953 1323 5021 gloria
1349 4953 1412 5011 ⁸⁸.
1443 4957 1736 5012 Praaterea
1764 4974 1958 5030 neque

387 5077 432 5114 ¹⁸
461 5077 684 5138 Coloss.
717 5092 798 5148 ιιι,
831 5077 884 5146 3,
914 5078 967 5131 4.

2069 4959 2156 5012 καὶ
2215 4961 2380 5034 ἡμεῖς
2435 4959 2526 5013 σὺν
2595 4956 2732 5030 αὐτῇ
2799 4953 3212 5031 ἐφανερώθημεν
3279 4951 3332 5005 ἐν
3401 4947 3531 5022 δόξῃ
3581 4951 3712 5006 κᾶν-

1629 5205 1780 5267 Ant.
1826 5207 2126 5270 Ballerini
2167 5214 2354 5271 notae.

2141 5371 2444 5453 (lbﬂoan.
2479 5387 2518 5436 ι,
2554 5371 2638 5453 Νι,
2696 5369 2950 5453 Adverte
2991 5369 3090 5453 hic
3120 5386 3352 5442 quoque
3385 5370 3708 5452 quamdam

378 5364 488 5452 {13)
528 5367 766 5450 Terram
823 5369 1107 5446 intellige,
1166 5384 1196 5423 e
1256 5385 1372 5440 qua
1425 5367 1610 5424 Adam
1665 5369 1952 5426 formatus
2141 5371 2638 5452 ς1ξ)·.ῐι)ειιι.ι,1λῐι2
2696 5369 2950 5452 Advorte
2991 5369 3090 5452 hic
3120 5386 3352 5442 quoque
3385 5387 3524 5452 quat

311 5442 419 5492 est.
477 5506 484 5513 _
706 5507 718 5513 _
1019 5441 1024 5446 ’
1525 5512 1529 5513 ν
2066 5441 2299 5511 originis
2328 5441 2772 5512 praerogativam
2806 5441 3116 5510 celebrari,
3140 5459 3270 5513 quae
3304 5443 3526 5497 nemini
3560 5459 3711 5512 prae-

381 5506 752 5595 (it)oVidesi‘s
782 5511 1023 5566 Mariam
1055 5529 1176 5568 non
1207 5512 1627 5595 computari
1659 5513 1822 5594 proie
1851 5513 1954 5595 illa
2065 5506 2418 5595 ter'ltiar‘iam
2456 5506 2790 5595 communis
2822 5514 3033 5595 sit,hac
3065 5506 3372 5586 propterea
3404 5506 3710 5582 unigénitae

309 5577 656 5706 imJierlEctta
685 5583 742 5632 et
791 5596 966 5646 caeca,
999 5599 1128 5650 qua:
1161 5577 1423 5640 novae-ac
1454 5577 1715 5640 melioris
1746 5585 1952 5638 matris
2061 5583 2520 5655 appellationem
2551 5583 2661 5656 ipsi
2694 5583 2988 5641 tribuerit.

309 5667 366 5704 in
413 5665 504 5706 126
549 5665 582 5706 a
613 5691 626 5705 .

305 5665 626 5722 indigebat.
