4090 6208
296 283 377 346 25

1280 268 1542 331 SERMO
1586 268 1668 329 IN
1714 265 2262 328 NATIVITATEM
2304 267 2376 326 B.
2425 267 2502 327 V.
2551 265 2845 327 MARLE.

3684 272 3765 332 26

312 415 502 471 ταῦθα
529 411 631 468 καὶ
662 410 725 465 τὸ
751 410 857 462 τυῦ
901 408 1106 479 σεμνοῦ
1137 397 1463 474 Ἀϐϐακοὺμ
1521 399 1622 455 οὐκ
1677 399 2003 468 ἀπεικότως,

2122 397 2419 454 immerito
2451 400 2844 472 quispiam,ut
2876 400 3017 455 mihi
3050 400 3289 472 quidem
3328 402 3578 473 videtur,
3611 421 3765 475 prae-

322 507 471 580 ὶμοὶ
532 504 688 570 δοκῶ,
776 495 1179 573 μεθαρμόσειεν
1258 492 1320 548 ἅν
1392 511 1496 556 τις·
1597 488 1856 561 Ἐξῆλθες
1934 489 2023 580 είς

346 578 606 668 ammplam
666 586 817 642 λαοῦ
901 606 1024 656 σου,
1109 587 1208 639 τοῦ
1285 585 1454 636 σῶσαι
1539 581 1666 640 τοὺς
1750 578 2010 655 χριστοός

358 707 449 741 σου
477 679 785 749 ἐλήλυθας.

413 767 571 828 Ἀλλὰ
603 764 681 835 δὴ
748 764 840 822 καὶ
871 766 901 818 ὁ
958 760 1234 837 Ζαχαρίας
1294 757 1489 836 ἔφησεν
1549 758 1578 812 ὁ
1633 757 2008 821 θεόπνευστος’

345 858 713 931 Ἐπεσκέψατο
778 858 929 927 ἡμᾶς
1005 848 1242 918 ἆνατολή
1343 848 1393 918 ἐξ
1483 845 1674 921 ὕψους,
1759 844 2013 920 ἐπιφᾶναι

322 954 433 1011 τοῖς
511 944 566 1000 ἒν
662 943 858 999 σκότει
942 941 1035 995 καὶ
1112 943 1236 1009 σκιᾷ
1329 940 1560 992 Θανάτου
1654 934 2010 1007 καθημένοις.

319 1036 457 1093 Emi
518 1035 634 1112 γὰρ
692 1034 949 1106 ἀτεχνῶς
1008 1029 1185 1084 ἐκεῖνα
1251 1026 1320 1081 τὰ
1376 1024 1572 1093 πάλαι,
1648 1025 1737 1079 καὶ
1815 1024 2012 1078 σκότου

323 1123 498 1199 μηδὲν
541 1111 911 1178 γᾶποὸἐοντα·
996 1116 1130 1193 ἅπερ
1189 1114 1398 1172 ἅπαντα
1473 1116 1562 1169 καὶ
1617 1111 1778 1168 ὣδινε
1833 1133 2012 1186 παρα-

322 1213 499 1282 δόξως
568 1213 606 1279 ἡ
672 1207 929 1283 μακαρία
984 1206 1091 1281 πρὸ
1148 1210 1246 1259 τοῦ
1304 1210 1557 1283 φανῆναι,
1597 1204 1736 1265 καθα
1767 1201 2013 1278 προὲφη-

333 1324 463 1376 μεν,
523 1301 622 1354 καὶ
686 1301 1038 1375 γεννηθεῖσα,
1116 1296 1252 1369 πρὸς
1306 1292 1487 1362 ἀληθῆ
1544 1291 1788 1365 γέννησιν
1845 1286 2015 1365 ἤγαγε

322 1392 415 1445 καὶ
454 1394 576 1465 φῶς
608 1385 805 1458 ὥσπερ
838 1384 942 1439 οὐκ
972 1381 1348 1456 ἀνασχομένη,
1413 1382 1490 1454 μή
1548 1378 1638 1434 καὶ
1688 1376 1881 1439 ἄλλοις
1934 1378 2009 1430 ὧν

322 1478 652 1546 ἐπλούτησε
692 1470 1049 1548 μεταδοῦναι,
1081 1470 1227 1545 λέγω
1266 1468 1323 1524 δὲ
1363 1471 1461 1539 τήν
1514 1469 1782 1546 φωτεινὴν
1840 1465 2011 1541 ὕπαρ-

325 1572 435 1639 ξιν,
470 1566 594 1622 οἶόν
628 1587 687 1620 τι
754 1562 1057 1618 κάλλιστον
1117 1561 1308 1635 μόρον,
1369 1560 1454 1618 οἷς
1508 1556 1569 1612 ἄν
1634 1557 2010 1626 κοινωνήσειε,

326 1657 430 1724 τὴν
461 1654 601 1727 παρ’
634 1651 831 1706 ἑαυτοῦ
864 1651 1143 1723 χορηγοῦν
1192 1646 1415 1720 ἀρετήν.
1484 1645 1754 1699 Ἐντεῦθεν
1809 1643 2009 1712 τοίνυν,

339 1743 619 1818 μυστικόν
673 1761 798 1795 τινα
850 1736 1039 1812 λόγον,
1071 1736 1133 1791 οὗ
1193 1733 1494 1797 γαλλίπαις
1526 1734 1710 1806 μόνον,
1742 1731 1887 1787 ἀλλᾶ
1919 1732 2008 1786 καὶ

329 1832 632 1892 πολύπαις
690 1833 904 1903 γέγονεν
965 1829 1001 1895 ἡ
1066 1822 1355 1899 Παρθένος,
1408 1818 1585 1897 Ἀχᾶϐ
1645 1821 1846 1876 ἐκείνου
1922 1821 2009 1875 καὶ

343 1919 565 1977 Γεδεὼν
661 1917 916 1993 κρείττων
1002 1918 1074 1989 τῇ
1185 1911 1515 1982 πολυτεκνίᾳ
1605 1909 2013 1988 γνωριζομένη-

346 2012 687 2085 Θαυμαστὸν
746 2007 800 2064 δὲ
853 2005 1039 2079 οὐδὲν,
1072 2006 1119 2062 εί
1176 2006 1374 2066 τόκους
1415 2003 1560 2059 οὕτω
1590 2004 1833 2073 καινοὺς,
1868 2003 2013 2059 οὓτω

332 2101 597 2163 πολλοὺς
656 2102 997 2155 καινοτοκεῖν
1059 2098 1089 2151 ὁ
1148 2093 1313 2170 λόγος
1361 2092 1594 2149 δείκνυσι
1651 2095 1751 2163 τήν
1809 2093 2016 2168 Παρθέ-

329 2215 449 2261 νον,
484 2192 573 2246 ὅτι
606 2191 730 2259 καὶ,
768 2188 835 2243 τὸ
876 2184 1219 2257 καινότατον,
1250 2183 1344 2239 τὸν
1400 2187 1509 2238 τῶν
1560 2182 1811 2238 ἁπάντων
1869 2177 2014 2238 ἔτεκε

336 2280 691 2356 δημιουργὸν
723 2278 818 2333 καί
849 2275 1034 2332 τοκέα.

2124 490 2277 544 senti
2309 491 2393 544 rei
2429 490 2576 545 illud
2592 496 2821 563 aptaret
2857 492 3171 546 venerandi
3204 491 3505 547 Habacuc:
3535 495 3769 566 Egressa

2120 595 2174 635 es
2206 582 2266 635 in
2292 582 2535 637 salutem
2567 581 2761 653 populi
2791 583 2905 651 tui;
2929 583 2998 637 ad
3023 582 3363 653 :sulvandum
3394 583 3619 639 christos
3649 591 3770 641 tuo:

2120 672 2322 726 venisti
2351 671 2367 742 (
2376 671 2484 741 16).

2195 760 2308 816 Sed
2338 766 2397 815 et
2422 761 2731 817 Zacharias
2764 778 2799 817 a
2854 762 2974 818 Deo
3034 763 3355 833 inspiratus
3414 764 3724 834 inquiebat
3753 782 3766 822 :

2135 851 2389 907 Visitavit
2421 868 2514 907 nos
2543 852 2727 909 oriens
2772 869 2842 909 ea:
2876 853 3016 920 αιιο,
3060 855 3383 910 illuminare
3430 856 3523 921 iis,
3570 855 3667 926 qui
3711 858 3772 910 in

2122 941 2357 996 tenebris
2388 948 2440 996 et
2467 943 2664 997 umbra
2684 944 2876 998 mortis
2905 943 3091 999 sedent
3108 942 3398 998 “.Umbra
3425 944 3572 998 enim
3592 944 3767 1015 plane

2122 1035 2291 1084 erant
2317 1030 2563 1101 antiqua
2594 1030 2717 1097 illa,
2753 1036 2812 1085 et
2840 1030 2989 1085 nihil
3032 1048 3067 1086 a
3124 1032 3385 1086 tenebris
3447 1031 3769 1087 distabant.

2120 1118 2258 1182 Quae
2283 1119 2523 1189 quidem
2554 1122 2753 1175 omnia
2798 1120 3049 1176 mirabili
3109 1121 3363 1192 quadam
3421 1121 3671 1187 ratione,
3706 1127 3772 1176 ut

2119 1207 2350 1279 praafati
2380 1209 2786 1276 sumus,beata
2816 1210 2986 1282 Virgo
3019 1210 3285 1282 gestabat
3315 1210 3376 1263 in
3409 1211 3770 1280 utero,prius

2121 1297 2301 1352 etiam
2334 1315 2512 1368 quam
2535 1298 2595 1352 in
2626 1298 2817 1355 lucem
2849 1300 2977 1370 ipsa
2998 1300 3608 1371 prodiret.Postquam
3635 1315 3769 1353 vero

2120 1386 2325 1457 genita
2350 1393 2458 1456 est,
2491 1404 2687 1443 veram
2708 1388 2779 1441 iis
2802 1389 3167 1444 nativitatem
3190 1377 3507 1458 veramqu‘é
3554 1388 3773 1459 imper-

2123 1474 2252 1528 tivit
2282 1474 2499 1543 lucem,
2533 1476 2692 1546 quod
2720 1476 2871 1531 ferre
2901 1494 3118 1547 nempe
3150 1477 3279 1547 ipsa
3310 1493 3429 1531 non
3456 1481 3673 1546 posset,
3708 1481 3772 1531 ut

2120 1564 2319 1618 caateri
2352 1580 2588 1635 quoque
2631 1582 2838 1620 omnes
2870 1565 2931 1619 in
2963 1572 3192 1637 partem
3242 1569 3770 1655 nqnwvoocarentur

2123 1668 2326 1708 eorum
2358 1654 2671 1721 bonorum,
2706 1672 2953 1726 quorum
2977 1656 3107 1727 ipsa
3129 1655 3289 1710 dives
3321 1641 3588 1737 οῇρῖξξῇεθ
3620 1660 3769 1723 erat,

2044 1773 2089 1838 Β
2121 1742 2501 1798 abundantiaa
2530 1745 2756 1801 scilicet
2781 1745 2943 1799 illius
2976 1745 3124 1801 lucis
3151 1716 3645 1833 (173’,°q‘:jmfn's“tar
3675 1762 3773 1816 0p-

2121 1831 2249 1885 timi
2283 1834 2571 1905 unguenti
2613 1851 2781 1889 suam
2814 1834 2919 1901 eis,
2954 1834 3168 1904 quibus
3215 1828 3394 1889 fuerit
3422 1828 3773 1904 "impertita,

2126 1919 2406 1975 virtutem
2440 1922 2772 1993 participat.
2810 1922 2955 1976 Hinc
2986 1938 3123 1977 vero
3158 1922 3333 1993 plane
3364 1921 3771 1992 consequitur,

2124 2010 2423 2080 spirituali
2484 2010 2741 2080 quadam
2799 2011 3029 2065 ratione
3060 2012 3360 2082 Virginem
3393 2011 3617 2065 sobolis
3650 2027 3771 2065 non

2130 2098 2306 2153 modo
2338 2098 2819 2170 praestantia,sed
2842 2099 3022 2153 etiam
3055 2099 3224 2169 copia
3275 2098 3567 2167 insignem
3591 2099 3772 2152 exsti-

2123 2188 2289 2253 tisse,
2306 2204 2372 2243 ac
2389 2188 2578 2243 multo
2601 2188 2863 2243 ﬁliorum
2898 2203 3148 2241 numero
3173 2186 3478 2241 Achabum
3504 2186 3672 2241 illum
3704 2203 3771 2242 ac

2125 2278 2460 2332 Gedeonem
2494 2278 2807 2333 manifeste
2858 2277 3085 2331 vicisse.
3150 2277 3264 2331 Nec
3317 2276 3536 2330 mirum
3586 2275 3771 2331 videri

343 2374 538 2441 debet,
567 2371 734 2444 quod
760 2370 997 2442 prolem
1026 2366 1170 2422 adeo
1202 2381 1430 2433 novam,
1464 2364 1733 2436 adeoque
1768 2364 2157 2435 multiplicem
2191 2386 2221 2423 e
2257 2370 2488 2441 Virgine
2539 2370 2911 2442 progenitam
2973 2386 3123 2423 nova
3179 2368 3283 2424 illa
3330 2368 3561 2422 ratione
3610 2366 3769 2422 dica-

339 2480 498 2532 mus,
524 2467 858 2534 postquam
890 2455 1074 2528 (quod
1102 2454 1361 2510 maxime
1393 2470 1609 2534 novum
1643 2455 1749 2524 est)
1778 2471 1978 2509 rerum
2011 2458 2278 2513 omnium
2311 2458 2680 2513 conditorem
2711 2475 2778 2513 ac
2809 2463 3117 2529 parentem
3151 2459 3278 2529 ipsa
3306 2458 3626 2529 generavit.

422 2553 477 2608 l'.
507 2532 698 2622 ’λξιον
730 2545 789 2602 δὲ
829 2545 938 2601 κάκ
995 2542 1173 2612 τίνων,
1234 2542 1324 2595 καὶ
1372 2537 1523 2602 ὅπως
1580 2532 1677 2615 ἔφυ
1727 2535 2006 2596 διαλαϐεῖν

349 2642 416 2694 τὸ
474 2640 669 2707 πάσης
720 2634 940 2705 ἡλικίας
1006 2629 1426 2709 νουνεχέστερον
1489 2628 1712 2708 βρέφος,
1795 2650 1859 2684 το
1910 2637 2012 2705 γῆς

357 2728 579 2796 ἁπάσης
609 2726 700 2781 καῖ
752 2722 978 2799 οὐρανοῦ
1037 2718 1374 2793 πλατύτερον
1426 2720 1693 2793 γέννημα,
1748 2721 1784 2787 ἡ
1848 2719 2009 2794 ὑπερ-

348 2819 490 2895 φυής
512 2814 604 2869 καὶ
639 2812 958 2890 ἆπόρῥητος
991 2807 1335 2883 Μητρόπαις.

412 2993 681 3067 Ἰωακεὶμ
734 2992 831 3045 καὶ
895 2993 1064 3047 νΑννα
1121 2984 1251 3049 δυὰς
1335 2986 1632 3061 ἐτύγχανον
1703 2982 1872 3040 πάλαι
1930 2988 2010 3056 τῷ

362 3084 456 3158 βίῳ
508 3080 859 3149 δικαιοτάτη⁸
922 3077 1096 3148 νόμου
1148 3096 1206 3129 τε
1273 3072 1511 3147 φύλακες
1597 3067 1838 3148 ἀκριϐεῖς
1919 3071 2009 3127 καὶ

354 3172 678 3251 φιλοσοφίαν
714 3168 1030 3247 φιλοῦντες,
1065 3162 1163 3234 ὅση
1197 3183 1255 3218 τε
1280 3163 1417 3232 ἦθος
1449 3161 1506 3216 εὖ
1568 3164 1862 3239 ζωγραφεῖ,
1919 3160 2009 3215 καὶ

357 3248 503 3316 οἶκον
541 3260 826 3335 ε’ίρηναῖον
860 3254 1042 3322 τίθησι
1099 3251 1188 3307 καί
1247 3250 1621 3306 ἀστασίαστον·
1690 3248 1898 3331 σφόδρα
1949 3270 2007 3304 τε

363 3345 715 3425 περίϐλεπτοι
743 3343 834 3400 διὰ
866 3347 1056 3410 ταῦτα,
1077 3340 1167 3396 καὶ
1195 3342 1259 3396 τὸ
1317 3340 1501 3414 περιὸν
1562 3339 1638 3401 εἰς
1696 3336 2005 3413 μετάδοσιν,

369 3443 450 3501 οἷς
480 3438 722 3507 ἐδέησεν,
775 3437 848 3489 ὧν
903 3432 1212 3503 ἐκέκτηντο·
1266 3431 1401 3501 ἦσαν
1458 3431 1562 3505 γὰρ
1613 3430 1704 3484 καὶ
1761 3428 2004 3484 πλούτου

372 3527 763 3603 μετειληφότες
784 3525 991 3599 βαθέος·
1025 3522 1189 3586 ’Ὀθεν
1219 3525 1329 3575 τῶν
1388 3521 1481 3594 μὲν
1542 3517 1728 3573 ἄλλων
1781 3514 2005 3581 ἕκαστος

362 3615 494 3688 ὑπὲρ
551 3615 743 3668 ἑαυτοῦ
780 3614 951 3684 μόνον
1009 3610 1076 3664 τὰ
1125 3606 1272 3684 δῶρα
1326 3613 1406 3681 τῷ
1464 3608 1651 3682 Κυρίῳ
1705 3615 2000 3683 προσῆγοψ

360 3703 503 3758 οὗτοι
535 3700 578 3757 δ’
611 3701 836 3778 ἀφθονίᾳ
872 3698 1019 3775 βίου,
1056 3696 1269 3771 μᾶλλον
1303 3695 1359 3752 δὲ
1404 3698 1634 3775 γνώμης
1702 3694 1999 3771 ἐλευθερίᾳ,

360 3793 600 3868 καὶπρὸς
652 3792 716 3845 τὸ
775 3789 935 3866 γένος
993 3786 1235 3864 φίλτρῳ,
1268 3785 1470 3841 ἐαυτῶν
1518 3806 1576 3840 τε
1607 3779 1759 3840 ἕνεκα
1784 3786 1873 3841 καὶ
1903 3791 2001 3841 τοῦ

357 3879 490 3935 λαοῦ
547 3880 741 3940 παντὸς
794 3875 1002 3946 διπλῆν
1058 3874 1342 3930 ἐποιοῦντο
1399 3877 1498 3944 τὴν
1554 3874 1882 3949 προσένεξιν·
1917 3871 2001 3929 διὸ

359 3971 444 4024 καὶ
471 3971 545 4033 εἰς
576 3964 1104 4043 πρώτουςιέτέλουν
1134 3971 1235 4035 τῆς
1292 3961 1599 4034 Ἰουδαϊκῆς
1640 3963 1847 4034 ἐκείνης
1909 3964 1995 4018 καὶ

360 4058 790 4134 βασιλικωτάτης
821 4055 1022 4134 φυλῆς.

427 4328 638 4388 Τοΰτοις
732 4323 826 4379 οὗν
882 4323 1071 4397 γάμου
1152 4321 1245 4394 μὲν
1298 4321 1364 4391 ἦν
1422 4317 1657 4374 ἐπιπολὺ
1718 4319 1995 4389 κοινωνία,

373 4412 555 4476 παιδὸς
611 4411 653 4467 δ’
709 4411 985 4485 εὖκληρία
1049 4412 1256 4484 προσῆν
1305 4406 1570 4483 οὐδαμοῦ·
1605 4412 1766 4464 τοῦτο
1799 4405 1855 4463 δὲ
1877 4407 1997 4463 λίαν

357 4502 567 4579 ἆνιάρόν
596 4499 790 4573 ἐδόκει,
821 4503 915 4557 καὶ
962 4502 1206 4565 πλῆττον
1240 4498 1303 4555 οὐ
1366 4498 1537 4572 μικρὰ
1591 4499 1688 4566 τήν
1748 4494 1991 4571 καρδίαν

349 4597 433 4645 καῖ
469 4612 602 4647 ποτε
662 4591 822 4664 γοῦν,
878 4594 981 4658 τῆς
1031 4587 1286 4663 μεγίστης
1342 4586 1470 4660 παρ’
1527 4583 1748 4646 ἐκείνοις
1803 4584 1996 4661 ἑορτῆς

356 4677 664 4750 ἐπιστάσης,
720 4679 814 4740 τὰς
875 4676 928 4731 ἐν
999 4676 1131 4752 ἱερῷ
1185 4674 1319 4730 κατᾶ
1376 4675 1439 4729 τὸ
1496 4673 1689 4734 εἰωθὸς
1748 4672 2000 4747 ἐκόμιζον

348 4770 677 4846 προσφοράς
715 4770 743 4822 ὁ
795 4764 852 4822 δὲ
911 4773 1013 4836 τῆς
1074 4764 1340 4841 ἱερατεῖας
1397 4764 1520 4818 τότε
1570 4757 1803 4836 Ῥουϐἱμ
1859 4764 1995 4837 πρὸς

346 4859 683 4939 λειτουργίαν
715 4858 892 4915 τελῶν
927 4855 1053 4912 οὔτε
1083 4852 1353 4931 λαμϐάνει
1380 4855 1448 4911 τὰ
1484 4852 1655 4930 δῶρα,
1704 4856 1794 4910 καὶ
1852 4854 1996 4911 ὀνεί-

412 4982 448 5018 ¹⁷
476 4982 628 5038 Luc.
672 4996 712 5049 ι,
747 4979 836 5047 18,
871 4979 960 5032 19.

2192 2550 2260 2604 Χ.
2310 2549 2494 2602 Porro
2546 2565 2740 2619 operas
2785 2548 3043 2619 pretium
3092 2547 3273 2601 fuerit
3318 2546 3466 2600 illud
3522 2546 3769 2616 inSUper

2119 2637 2511 2708 perpendere,
2540 2654 2569 2691 e
2604 2636 2818 2707 quibus
2851 2642 2909 2692 et
2935 2653 3051 2707 quo
3112 2641 3282 2708 pacto
3334 2640 3474 2690 nata
3526 2635 3603 2689 sit
3644 2634 3769 2690 hanc

2120 2725 2318 2780 infans
2351 2726 2510 2779 omni
2545 2730 2717 2780 aetate
2772 2725 3118 2796 sapientior,
3153 2724 3276 2777 haec
3334 2723 3569 2777 soboles
3611 2729 3767 2779 terra

2119 2813 2393 2868 universa
2427 2830 2493 2868 ac
2516 2814 2661 2867 caelo
2693 2812 3154 2882 amplior,supra
3174 2816 3450 2865 naturam
3482 2812 3764 2866 etineffa-

2121 2900 2323 2956 biliter
2362 2901 2532 2974 Virgo
2565 2902 2766 2955 Mater.

2189 2990 2451 3045 Joachim
2476 2996 2533 3043 et
2563 2992 2735 3044 Anna
2756 2989 3038 3061 conjuges
3070 2993 3241 3043 erant
3271 2987 3506 3058 qui,per
3525 3002 3765 3041 omnem

2121 3095 2261 3135 sane
2289 3079 2632 3134 diuturnam
2653 3079 2831 3134 vitam
2846 3075 3601 3149 justissimi,custodiendm
3619 3076 3765 3145 legis

2120 3169 2561 3236 studiosi,illam
2594 3167 2917 3239 diligebant
2946 3167 3468 3239 sapientiam,quaa
3488 3171 3545 3220 et
3568 3181 3762 3220 mores

2037 3284 2079 3352 Ο
2121 3258 2349 3329 egregie
2383 3256 2629 3329 efﬁngit,
2662 3272 2729 3311 ac
2760 3257 2999 3312 domum
3032 3256 3342 3327 pacificum
3375 3260 3552 3325 atque
3583 3253 3762 3308 dissi-

2118 3350 2232 3405 diis
2263 3350 2628 3405 inaccessam
2686 3354 2897 3415 servat,
2962 3347 3139 3403 Valde
3196 3353 3395 3402 autem
3454 3346 3758 3417 conspicui

2116 3445 2285 3495 erant
2314 3444 2439 3494 tum
2470 3438 2630 3493 hisce
2662 3437 2733 3493 de
2757 3438 3106 3504 causis,tum
3139 3436 3314 3491 etiam
3335 3434 3493 3506 quod
3524 3450 3760 3504 semper

2115 3535 2329 3601 praesto
2361 3529 2479 3583 illis
2506 3534 2682 3596 esset,
2699 3527 2857 3599 quod
2880 3527 2951 3581 iis
2975 3525 3406 3593 distribuerint,
3440 3525 3539 3595 qui
3570 3523 3755 3578 facul-

2115 3625 2301 3674 tatum
2334 3635 2574 3674 suarum
2605 3634 2715 3690 ope
2746 3617 3119 3687 indigerent;
3151 3632 3289 3670 nam
3325 3620 3384 3669 et
3415 3614 3756 3684 ingentibus

2113 3708 2437 3765 affluebant
2467 3707 2706 3762 divitiis.
2740 3705 2903 3760 Unde
2937 3721 3071 3760 cum
3102 3722 3208 3776 pro
3249 3722 3310 3758 se
3344 3701 3755 3757 tantummodo

2112 3814 2363 3853 munera
2390 3797 2641 3851 Domino
2675 3795 2871 3850 caeteri
2906 3794 3127 3864 quique
3185 3793 3488 3858 offerrent,
3522 3790 3581 3843 hi
3635 3807 3756 3859 pra)

2112 3886 2447 3941 divitiarum
2480 3885 2792 3955 copia,imo
2817 3882 3014 3953 potius
3043 3897 3164 3950 prze
3188 3878 3369 3934 animi
3401 3876 3753 3932 liberalitate

2112 3979 2169 4030 et
2194 3973 2479 4029 charitate
2514 3973 2575 4027 iu
2605 3969 2856 4044 gentiles
2887 3973 3175 4037 suos,tam
3207 3985 3312 4039 pro
3343 3984 3403 4021 se
3437 3983 3614 4037 quam
3644 3984 3750 4037 pro

2110 4065 2382 4121 universo
2394 4063 2614 4136 populo
2628 4060 2985 4132 duplicatam
3001 4057 3356 4115 exhibebant
3368 4057 3727 4112 oblationem
3739 4098 3751 4111 .

2108 4156 2395 4221 Quocirca
2416 4155 2572 4209 inter
2601 4153 2892 4224 primores
2923 4148 3428 4221 prmstautissimae
3467 4146 3629 4199 illius
3645 4146 3753 4198 tri-

2107 4245 2217 4300 bus
2246 4244 2407 4299 Judaa
2439 4243 2699 4312 insignes
2729 4239 3144 4295 censebantur.

2180 4335 2247 4387 Hi
2279 4334 2497 4401 itaque,
2517 4345 2857 4400 quanquam
2889 4325 3322 4396 connubiijure
3347 4324 3581 4396 jamdiu
3606 4339 3748 4377 con-

2098 4419 2505 4494 juncti,prolis
2528 4423 2728 4473 tamen
2753 4416 2962 4471 solatio
2986 4430 3230 4486 prorsus
3252 4413 3746 4479 destituebautur,

2106 4509 2265 4582 quod
2295 4506 2534 4579 quidem
2581 4504 2749 4560 valde
2810 4521 2981 4576 grave
3032 4501 3362 4566 videbatur,
3422 4518 3746 4572 eorumque

2107 4596 2286 4653 corda
2315 4594 2472 4650 haud
2502 4592 2739 4649 modica
2770 4591 3014 4646 tristitia
3039 4589 3354 4644 afﬁciebat.
3389 4592 3579 4659 Atque
3611 4588 3748 4643 inde

2108 4688 2286 4745 etiam
2307 4684 2627 4757 aliquando
2662 4683 3002 4754 contigit,ut
3027 4697 3161 4735 cum
3185 4679 3571 4735 celeberrima
3591 4679 3747 4733 festi-

2102 4780 2249 4833 vitas
2281 4774 2437 4847 apud
2459 4774 2592 4829 illos
2622 4776 3099 4845 ageretur,atque
3130 4769 3460 4825 oblationes
3491 4769 3562 4824 de
3582 4785 3746 4823 more

2104 4867 2178 4923 ad
2208 4864 2497 4937 templum
2528 4865 2904 4927 aﬂ‘errentur,
2936 4859 3151 4916 Rubim
3183 4857 3424 4929 quidam
3468 4856 3602 4928 (18),
3646 4857 3746 4926 qui

1696 5099 1842 5159 Ant.
1875 5095 2170 5161 Ballerini
2200 5099 2389 5157 notae.

406 5246 508 5317 (16)
542 5242 888 5317 Haba9,__1_1_1,
927 5239 1048 5317 _l3._
1080 5238 1288 5317 Utrum
1342 5235 1603 5317 Isidorus
1655 5234 1718 5288 τὸ
1775 5230 1987 5317 ἐλήλυ-

343 5306 421 5377 θαξ
457 5306 625 5387 q'uod
652 5329 688 5387 a
711 5312 861 5367 LXX
889 5309 1077 5387 abest,
1117 5309 1252 5387 ideo
1311 5308 1628 5387 addiderit,
1690 5306 1848 5387 quod
1908 5306 1989 5387 ita

340 5388 390 5443 in
413 5378 632 5444 Co'dice
663 5382 1237 5456 legeretLincertum
1260 5380 1467 5456 ;_quod
1498 5396 1635 5456 vero
1681 5378 1986 5456 scripserit

341 5457 588 5533 χριστούς
620 5450 749 5533 eo»;
769 5451 998 5533 conjici
1031 5457 1241 5533 potest.
1284 5450 1366 5533 ita
1398 5467 1533 5533 eum
1581 5450 1814 5520 legisse,
1848 5464 1984 5503 cum

342 5522 389 5585 ἕξ
410 5527 861 5587 Alexandrinus
886 5522 1081 5579 codex
1112 5523 1197 5576 ita
1228 5522 1463 5577 habeat.

400 5605 510 5675 (l7)
556 5599 703 5655 Vide
760 5599 1129 5652 constsntem
1198 5592 1352 5648 inter
1409 5610 1594 5667 genus
1653 5592 1982 5648 humanum

2098 5232 2333 5304 lapsum
2364 5248 2432 5304 ac
2462 5229 2777 5304 Deiparam
2809 5222 3175 5302 antithesim,
3207 5225 3273 5275 ut
3288 5220 3459 5304 ’11ωο-
3491 5236 3600 5304 ceu
3631 5221 3745 5304 vita

2098 5291 2288 5360 et‘lux
2318 5303 2450 5359 aliis
2470 5291 2651 5356 etiam
2676 5299 2815 5353 dein
2848 5291 3345 5351 communicanda
3370 5292 3741 5357 exhibeatur,

2094 5376 2243 5430 illud
2272 5392 2411 5430 vero
2444 5375 2507 5427 in
2538 5370 2802 5427 tenebris
2832 5372 2891 5421 et
2938 5367 3001 5420 in
3032 5362 3242 5418 umbra
3273 5365 3481 5420 mortis
3525 5366 3742 5421 sedens

2094 5452 2389 5502 cernatur.

2163 5516 2206 5586 (ί
2221 5519 2273 5583 8)
2304 5516 2586 5582 Isidorus,
2644 5518 2709 5569 ut
2738 5510 2986 5586 videtur,
3018 5508 3213 5563 Rubim
3241 5526 3377 5586 .seu
3409 5509 3593 5586 Ru_ben
3625 5509 3740 5586 erit

2092 5580 2358 5644 stimavit
2408 5580 2627 5642 nomen
2684 5582 2991 5656 proprium
3050 5580 3423 5648 sacerdotis,
3468 5580 3610 5636 dum
3641 5580 3739 5634 alii
