4030 6212
416 341 492 402 31

1562 333 1856 394 ISIDORI
1899 329 2684 395 THESSALONICENSIS

3754 342 3844 401 32

413 474 736 530 minentur.
773 472 917 524 Nam
951 486 1070 540 pra:
1107 468 1353 540 reliquis
1386 468 1686 537 omnibus,
1707 468 1805 538 qui
1841 467 1897 522 in
1921 473 2051 522 cata

2184 465 2312 530 τοὺς
2345 463 2577 532 λοιποὺς
2619 468 2818 542 μόνους
2873 468 3104 532 τούτους
3163 472 3354 547 ἁγίους
3410 473 3550 546 ὁμοῦ
3600 473 3694 526 καὶ
3753 471 3839 527 δι’

407 563 540 634 logo
575 567 914 616 sanctorum
947 564 1448 628 memorarentur,
1481 559 1590 613 hos
1649 556 2062 612 tantummodo

408 657 646 706 sanctos
704 649 884 705 simul
943 654 1003 702 et
1049 649 1234 717 justos
1290 647 1586 719 appellare
1618 646 2059 701 consuevimus.

411 743 560 796 Num
590 740 770 812 igitur
795 738 949 806 ideo,
983 736 1144 808 quod
1174 741 1488 808 postquam
1522 735 1632 789 sibi
1659 735 2065 805 creaturisque

413 829 706 885 universis
736 827 1142 884 necessarium
1172 824 1912 891 subministrarunt,aliam
1936 839 2068 894 pro-

407 921 524 974 lem
555 918 812 990 amplius
843 935 962 973 non
993 920 1348 990 genuerunt,
1383 913 1494 985 ipsi
1555 911 1662 968 soli
1713 912 2064 984 cognomine

395 1010 543 1078 justi
567 1008 815 1078 mystice
848 1003 1128 1076 appellati
1161 1007 1298 1058 sunt
1331 1003 1358 1056 ‘.’
1413 1001 1515 1056 Vel
1567 1001 1772 1072 utique
1826 1006 2068 1072 propter

405 1099 582 1153 istam
623 1111 880 1158 causam,
931 1092 1019 1147 vel
1081 1092 1259 1146 etiam
1317 1091 1568 1146 fortasse
1627 1096 1869 1162 propter
1913 1089 2067 1144 hanc

408 1186 589 1242 aliam
623 1183 852 1249 (merito
884 1179 1177 1250 quispiam
1211 1179 1626 1251 dixerit),quia
1644 1185 1702 1234 et
1731 1179 1842 1234 hoc
1859 1195 2066 1250 cogno-

407 1271 618 1328 minati
643 1276 804 1335 sunt,
837 1268 997 1338 quod
1028 1269 1335 1324 verissime
1394 1275 1584 1336 erant,
1620 1268 1782 1323 omni
1842 1267 2071 1322 scilicet

407 1361 640 1428 vii-tute,
676 1357 1180 1429 quemadmodum
1229 1375 1298 1412 ex
1331 1359 1594 1430 ipsorum
1626 1359 1820 1412 fructu
1870 1355 2066 1428 colligi

402 1452 623 1520 potest,
647 1447 1123 1519 praastantissimi
1149 1465 1164 1514 ;
1196 1447 1288 1502 vel
1319 1447 1576 1518 denique
1609 1447 1750 1517 quia
1779 1443 1905 1500 ﬁlia
1931 1461 2068 1516 spes

2171 554 2364 616 καίους
2420 553 2610 610 καλεῖν
2671 557 2961 631 εἰώθαμεν.
3023 560 3116 628 Μή
3149 579 3282 614 ποτε
3322 564 3480 634 γοῦν,
3513 561 3586 622 ὼς
3619 562 3685 615 τὸ
3720 559 3844 616 δέον

2175 644 2387 707 ἑαυτοῖς
2443 666 2502 700 τε
2557 647 2647 701 καὶ
2707 651 2776 721 τῇ
2833 646 3006 702 κτίσει
3088 644 3560 721 διανενεμηκότες,
3611 654 3701 722 τῷ
3765 652 3845 722 μὴ

2169 730 2340 788 παιδα
2373 731 2517 809 λέγω
2574 741 2748 791 τεκεῖν
2808 733 3020 811 ἓτερον,
3083 737 3240 810 μόνοι
3300 734 3502 792 δίκαιοι
3556 743 3852 810 μυστικῶς

2171 823 2700 898 προσηγορεύθησαν
2737 843 2751 894 ;
2783 827 2856 885 ’Ή
2906 825 3104 881 τούτου
3161 825 3341 882 τοίνυν
3395 825 3594 893 ἓνεκεν,
3648 828 3688 896 ἦ
3756 826 3856 883 καὶ

2175 907 2263 965 διὰ
2293 913 2464 983 ταῦτ’,
2494 911 2556 968 ἄν
2593 913 2730 977 ’ἰσως
2773 913 2914 970 εἶ’ποι
2971 935 3078 986 τις,
3137 915 3211 977 ὡς
3259 912 3296 984 ἤ
3351 919 3512 970 τοῦτο
3543 935 3854 984 προσωνο-

2176 1001 2478 1072 μάσθησαν,
2566 1002 2596 1056 ὅ
2639 1003 2730 1058 καὶ
2787 1002 3081 1078 ἐτύγχανον
3133 1003 3390 1080 ἐναργῶς,
3471 1000 3560 1058 διὰ
3648 1004 3851 1075 πάσης

2170 1083 2367 1158 ἀρετῆς
2402 1087 2458 1140 εὖ
2487 1088 2709 1156 ἣκοντες
2741 1085 2984 1160 δηλαδή,
3044 1086 3214 1153 δῆλον
3267 1085 3312 1142 δ’
3369 1088 3428 1142 ἐκ
3463 1093 3560 1142 τοῦ
3589 1093 3842 1162 καρποῦ,

2171 1172 2206 1242 ἤ
2263 1172 2346 1228 ὅτι
2402 1173 2530 1237 τοὺς
2585 1179 2912 1251 γεννήτορας
2970 1179 3005 1246 ἡ
3094 1175 3365 1246 καλλίστη
3425 1177 3674 1252 θυγάτηρ
3736 1183 3847 1246 τῆς

2172 1263 2446 1326 εὐτεκνίας
2481 1260 2846 1338 ἀμειϐομένη,
2903 1264 2939 1335 ἤ
3001 1267 3140 1339 μόνη
3202 1263 3449 1338 διέκοψεν
3499 1265 3726 1334 ἀληθὴς
3785 1264 3843 1320 ἐν

2171 1351 2480 1427 ἀνθρώποις
2566 1352 2910 1426 δικαιοσύνη,
2993 1363 3095 1426 τῆς
3182 1355 3443 1424 τοιαύτης
3551 1351 3840 1428 μετέδωκε

2169 1442 2562 1519 προσηγορίας.

2993 1377 3095 1426 της

397 1539 750 1602 ciosissima,
777 1553 908 1607 quae
938 1536 1061 1592 sola
1087 1537 1244 1591 inter
1270 1536 1544 1592 homines
1572 1542 1701 1590 orta
1731 1540 1820 1589 est
1839 1550 1968 1588 vera
1985 1535 2217 1604 justitia
2238 1535 2374 1606 (27),
2406 1535 2597 1591 vicem
2633 1537 2980 1607 parentibus
3011 1535 3263 1592 reddere
3282 1552 3389 1607 pro
3410 1533 3829 1608 generationis

389 1627 681 1682 beneficio
713 1625 940 1693 volens,
973 1625 1108 1680 illos
1137 1625 1558 1698 appellationis
1590 1626 1765 1696 hujus
1797 1623 2118 1695 participes
2149 1623 2365 1679 effecit.

463 1717 605 1770 XIV.
650 1716 770 1770 Hoc
797 1716 998 1786 itaque
1021 1713 1198 1770 modo
1223 1719 1280 1769 et
1307 1731 1378 1768 ex
1411 1712 1777 1785 hujusmodi,
1801 1717 1867 1766 ut
1895 1711 2048 1766 dixi-
2078 1719 2124 1781 Β

403 1823 557 1873 mus,
585 1805 951 1876 genitoribus
982 1804 1469 1860 venustissimum
1504 1807 1774 1857 exortum
1810 1807 1897 1854 est
1925 1817 2058 1872 ger-

403 1913 561 1963 men,
597 1894 754 1965 quod
779 1895 942 1949 suavi
975 1894 1156 1949 odore
1207 1911 1314 1948 suo
1339 1893 1680 1948 universum
1712 1890 2058 1946 exhilaravit

395 1989 688 2040 teri-arum
703 1983 1108 2054 orhem,atque
1123 1987 1334 2038 aestum
1352 1982 1626 2037 restinxit
1647 1979 2052 2051 cupiditatum,

405 2078 465 2128 et
485 2073 839 2128 alimentum
871 2089 1050 2144 supra
1071 2089 1312 2127 omnem
1343 2069 1709 2144 intelligendi
1729 2085 1796 2125 ac
1820 2067 2054 2123 dicendi

393 2163 510 2216 vim
532 2161 950 2218 suavissimum
1000 2162 1252 2233 praebuit
1284 2179 1297 2218 :
1333 2162 1595 2216 humana
1626 2158 1865 2216 scilicet
1893 2159 2052 2228 (pro-

395 2251 527 2323 diit)
557 2251 774 2322 proles,
805 2252 1064 2306 novitate
1095 2268 1201 2306 sua
1229 2251 1584 2322 percellens,
1634 2265 1702 2303 ac
1759 2245 2054 2317 stupenda

397 2356 644 2412 prorsus
687 2356 865 2410 :quaa
897 2339 1020 2393 sola
1067 2339 1336 2394 homines
1383 2356 1419 2394 a
1485 2340 1601 2392 Deo
1633 2334 2054 2391 miserabiliter

397 2435 660 2484 extorres
697 2429 830 2498 (28),
858 2445 1126 2499 quosque
1173 2445 1366 2498 neque
1415 2427 1650 2497 cmlum,
1683 2440 1879 2496 neque
1939 2422 2050 2488 sol,

397 2534 592 2588 neque
616 2517 735 2572 alia
791 2534 886 2571 res
947 2517 1069 2572 ulla
1122 2516 1392 2581 visibilis,
1425 2517 1544 2571 imo
1600 2531 1795 2586 neque
1844 2529 2052 2566 omnes

395 2607 574 2663 simul
597 2613 884 2662 creaturis
943 2607 1004 2661 in
1063 2607 1175 2661 hoc
1224 2606 1657 2678 conspirantes,
1714 2603 1810 2675 (ad
1839 2601 2048 2671 Deum)

392 2703 493 2752 aut
512 2696 795 2752 reducere
817 2702 918 2750 aut
943 2695 1152 2750 saltem
1173 2695 1480 2766 paululum
1506 2693 1800 2748 attrahere
1824 2689 2054 2761 potuis-

2228 1716 2326 1770 IA'.
2355 1709 2514 1770 Ἀλλ’
2548 1713 2724 1775 οὕτως
2754 1710 2862 1784 ἤδη
2895 1714 2985 1768 καὶ
3019 1713 3078 1769 ἐκ
3119 1721 3408 1780 τοιούτων,
3463 1712 3537 1774 ὡς
3571 1712 3600 1766 6
3645 1709 3842 1786 λόγος

2169 1795 2356 1873 ἔδειξε,
2384 1804 2630 1877 πατέρων
2684 1805 2718 1872 ἡ
2776 1802 3046 1874 καλλίστη
3109 1801 3422 1880 χεγέννηται
3484 1800 3734 1878 βλάστη,
3799 1804 3836 1871 ἡ

2164 1890 2264 1958 τήν
2353 1890 2682 1965 οἰκουμένην
2769 1891 3128 1968 εὐωδιάσασα,
3211 1896 3304 1950 καὶ
3376 1899 3472 1950 τοῦ
3535 1894 3835 1954 καύσωνος

2163 1978 2566 2033 κιτασκιάσασα
2594 1985 2701 2035 τῶν
2749 1984 2958 2049 παθῶν,
3016 1983 3106 2036 καὶ
3153 1984 3362 2060 τροφήν
3387 1979 3619 2052 ἡδίστην
3693 1983 3837 2056 ὑπὲρ

2163 2070 2291 2120 νοῦν
2348 2066 2589 2141 θρέψασα
2646 2069 2734 2124 καὶ
2813 2069 3152 2147 ἀπόρρητον,
3211 2072 3238 2125 6
3297 2091 3684 2146 καινοπρεπης
3747 2070 3842 2124 καὶ

2163 2151 2396 2226 ἐξαίσιος
2460 2154 2768 2232 ἄνθρωπος,
2829 2160 2888 2222 ὅς
2975 2157 3040 2228 δή
3131 2159 3298 2234 μόνος
3379 2161 3470 2215 τὸν
3531 2157 3842 2235 ἄνθρωπον

2161 2242 2413 2306 ἐλεεινῶς
2467 2251 2601 2302 Θεοῦ
2658 2245 3016 2323 χωρισθέντα,
3086 2248 3143 2304 ὅν
3204 2247 3328 2305 οὕτε
3387 2249 3654 2325 οὐρανὸς,
3714 2247 3845 2304 οὕτε

2161 2329 2351 2403 ἥλιος,
2383 2331 2504 2389 οὔτε
2560 2357 2612 2390 τι
2665 2342 2774 2392 τῶν
2831 2337 3143 2415 ὁρωμένων,
3205 2336 3318 2394 οὔτ’
3377 2338 3429 2393 εἷ’
3476 2360 3534 2413 γε
3572 2345 3732 2394 πᾶσα
3803 2343 3838 2408 ἠ

2161 2421 2336 2484 κτίσις
2367 2428 2698 2502 συνήρχετο,
2756 2429 2791 2498 ἤ
2847 2435 3195 2506 συναγαγεῖν,
3249 2427 3286 2499 ἤ
3321 2429 3514 2504 μικρόν
3545 2450 3601 2484 τι
3641 2433 3838 2505 ψυχα-

2159 2519 2410 2586 γωγῆσαι
2481 2512 2819 2587 δεδύνηνται,
2869 2520 3063 2572 τοῦτον
3122 2517 3256 2592 ὑπὲρ
3315 2516 3477 2594 λόγον
3538 2517 3618 2578 είς
3685 2516 3839 2591 μέλη

2162 2605 2298 2654 Θεοῦ
2358 2603 2686 2675 μετὲπλασε·
2747 2609 2856 2660 τῶν
2914 2607 3018 2681 γὰρ
3084 2605 3250 2662 αὐτοῦ
3334 2603 3516 2679 μελῶν
3576 2605 3836 2680 κεφαλὴν

2162 2685 2446 2752 ἐπεκάθισε
2469 2694 2561 2746 τὸν
2597 2692 2895 2764 Δεσπότην.

391 2791 550 2852 sent,
585 2785 719 2856 ipsa
757 2784 1042 2839 ineffabili
1073 2783 1252 2840 modo
1277 2782 1715 2838 transformavit
1745 2781 1806 2834 in
1847 2779 1949 2833 Dei
1984 2775 2274 2844 membra,
2307 2795 2442 2834 cum
2467 2781 2698 2838 scilicet
2717 2783 2919 2839 divino
2941 2785 3080 2840 huic
3101 2803 3168 2841 ac
3199 2786 3449 2857 mystico
3481 2785 3722 2856 corpori
3753 2801 3831 2840 ex

401 2873 745 2930 hominibus
787 2877 1067 2944 tanquam
1091 2872 1375 2927 membris
1414 2869 1844 2942 compingendo
1877 2867 2006 2937 ipsa
2039 2865 2358 2922 Dominum
2391 2873 2674 2941 tanquam
2705 2879 2881 2945 caput
2909 2875 3214 2945 imposuit.

467 2963 531 3018 Id
562 2979 698 3018 vero
729 2963 841 3016 hoc
872 2968 1044 3033 pacto
1070 2962 1209 3016 licet
1229 2959 1684 3032 perspicere.Ah
1708 2958 1876 3013 initio
1903 2959 2053 3012 Deus
2085 2952 2128 3019 C

394 3053 688 3108 Adamum
709 3069 741 3105 e
773 3056 932 3105 terra
950 3050 1252 3115 formavit,
1284 3055 1461 3119 atque
1518 3049 1698 3119 hujus
1750 3052 1915 3103 costa
1947 3049 2047 3103 Ad-

380 3141 590 3210 jutori‘i
619 3138 792 3210 (Evaa)
824 3143 1016 3192 mater
1043 3140 1154 3208 (29)
1205 3138 1360 3192 facta
1413 3143 1521 3192 est.
1559 3139 1880 3207 Postquam
1913 3154 2051 3192 vero

395 3227 546 3298 lapsi
579 3226 618 3281 ii
651 3231 810 3294 sunt,
844 3227 1021 3295 Deus,
1054 3231 1121 3280 ut
1164 3242 1379 3281 novum
1411 3225 1695 3281 conderet
1723 3226 2051 3295 hominem,

398 3331 600 3386 neque
625 3320 844 3370 terram
885 3315 1100 3370 iterum
1158 3316 1500 3387 assumpsit,
1540 3333 1679 3371 nam
1710 3321 1914 3371 contra
1944 3322 2055 3370 ter-

399 3422 524 3460 ram
553 3409 624 3459 ut
679 3405 859 3459 nimis
915 3403 1156 3459 labilem
1207 3403 1400 3460 stabat
1437 3405 1827 3478 prmscriptio,
1859 3421 2053 3476 neque

389 3493 730 3548 membrum
798 3491 1040 3562 aliquod
1097 3493 1355 3548 hominis
1395 3495 1529 3566 (30),
1590 3493 1675 3548 vel
1730 3495 2053 3551 universim

403 3581 628 3653 aliquid
685 3581 1075 3654 hujusmodi;
1121 3598 1261 3636 nam
1317 3582 1424 3653 (uti
1483 3583 1722 3654 quidem
1801 3584 2052 3658 videtur)

399 3670 525 3741 ipse
558 3685 792 3740 quoque
825 3669 931 3732 vir,
975 3673 1178 3740 utpote
1209 3674 1372 3725 costa
1400 3670 1772 3739 imminutus,
1803 3679 2049 3744 printer-

399 3758 678 3815 mittitur.
711 3760 924 3813 Verum
955 3759 1254 3815 enimvero
1285 3759 1591 3832 quidpiam
1621 3761 1868 3833 aliquid,
1893 3763 2051 3832 quod

394 3864 590 3918 neque
652 3865 682 3903 e
741 3853 902 3904 terra
948 3849 1140 3919 primo
1198 3853 1572 3921 compactum
1630 3857 1805 3918 esset,
1854 3869 2048 3924 neque

2235 2954 2302 3010 ⁸0
2334 2952 2400 3026 δή
2435 2955 2668 3012 συνιδεῖν
2699 2959 2874 3022 οὕτως
2939 2954 3131 3017 ἔνεστι.
3193 2959 3423 3013 Πλάττει
3455 2958 3551 3029 μὲν
3617 2955 3681 3012 ἐκ
3710 2963 3833 3033 γῆς

2166 3044 2194 3098 ὁ
2248 3046 2378 3106 Θεὸς
2434 3044 2486 3100 ἒν
2543 3046 2691 3122 ἀρχῇ
2750 3048 2843 3104 τὸν
2903 3046 3097 3122 Ἀδὰμ,
3144 3055 3244 3117 τῆς
3275 3045 3334 3102 δὲ
3393 3047 3598 3122 βοηθοῦ
3627 3049 3826 3124 μήτηρ

2166 3135 2200 3202 ἡ
2231 3135 2427 3188 τούτου
2458 3130 2774 3206 κατεϐληθη
2824 3135 3056 3209 πλευρά.
3117 3135 3266 3193 Ἐπεὶ
3307 3133 3354 3190 δ’
3385 3135 3828 3206 ἐκπεπτώκασιν,

2165 3219 2287 3276 οὔτε
2313 3225 2420 3298 γῆς
2467 3222 2626 3287 αὖθις
2677 3221 2873 3295 ἐδεήθη
2934 3225 3086 3292 Θεὸς,
3129 3224 3222 3280 ’ἱνα
3268 3224 3382 3280 νέον
3441 3225 3827 3302 ἀπεργάσηται

2163 3308 2467 3384 ἄνθρωπον·
2503 3313 2578 3374 ὡς
2633 3313 2735 3388 γὰρ
2789 3309 3068 3369 εῧπτωτον
3133 3315 3296 3369 οἱονεὶ
3344 3315 3436 3369 τὸν
3477 3319 3614 3390 χοῦν
3648 3335 3827 3390 παρε-

2163 3399 2432 3476 γράψατο,
2465 3397 2588 3457 οὔτε
2621 3399 2824 3474 μέλους
2875 3399 3088 3479 ἀνδρὸς,
3147 3404 3181 3472 ἤ
3235 3402 3369 3458 ὅλου
3400 3404 3676 3459 τοιούτου·
3743 3404 3823 3465 ὡς

2164 3486 2305 3545 ἔοικε
2333 3491 2458 3565 γὰρ,
2491 3491 2581 3546 ἃτε
2613 3488 2679 3560 δὴ
2711 3493 2810 3561 τὴν
2834 3491 3074 3567 πλευρὰν
3107 3490 3344 3563 ἒλλιπὴς
3377 3493 3404 3547 6
3457 3492 3616 3566 ἀνὴρ,
3657 3512 3815 3566 παρ-

2163 3584 2351 3657 ορᾶται
2397 3579 2487 3635 καὶ
2543 3581 2722 3646 οὗτος.
2784 3580 2938 3639 Ἀλλ’
2997 3583 3026 3637 6'
3089 3583 3218 3655 μήτ’
3275 3581 3336 3638 ἐκ
3414 3589 3519 3658 γῆς
3597 3586 3822 3656 πρῶτον

2162 3671 2412 3741 συνέστη,
2448 3672 2588 3742 μήτε
2641 3691 2694 3725 τι
2748 3674 2856 3725 τῶν
2919 3667 3103 3744 μελῶν
3169 3670 3470 3749 ἀφῄρηται,
3503 3669 3586 3738 εἴη
3620 3666 3669 3722 δ’
3701 3667 3822 3724 οὐδ’

2161 3760 2220 3817 ἄν
2257 3759 2333 3831 ἓν,
2368 3761 2469 3836 οὐχ
2503 3758 2558 3816 ἓν
2610 3782 2662 3816 τι
2692 3765 2800 3816 τῶν
2831 3760 3075 3818 ἁπάντων
3116 3763 3250 3838 πρὸς
3309 3762 3456 3817 ταῦτ’
3487 3759 3819 3831 οἰκειότερον

2159 3855 2194 3923 ἢ
2227 3855 2263 3922 ἡ
2296 3851 2589 3926 Παρθένοςο
2646 3849 2771 3906 οὔτε
2815 3853 2919 3926 γὰρ
2972 3851 3032 3906 ἐκ
3089 3860 3216 3928 γῆς,
3278 3853 3354 3914 ὡς
3412 3853 3602 3922 εἶπεῖν,
3630 3848 3704 3906 δι’
3754 3851 3816 3906 εν

397 3937 682 3992 membris
712 3937 1014 4006 deﬁceret,
1047 3937 1201 3994 nihil
1253 3954 1324 3994 ex
1359 3938 1642 3997 omnibus
1682 3943 1755 3998 ad
1788 3943 1843 3998 id
1877 3947 2051 4018 magi:

2167 3963 2326 4017 ›ημεν
2359 3940 2588 4015 τρόπον,
2621 3940 2711 3996 καὶ
2770 3940 2904 4016 ύπὶρ
2951 3941 3156 3998 ἅπασαν
3205 3942 3377 3998 κτίσιν
3437 3940 3803 4013 τελειοτάτη,

1754 4075 1900 4132 Ant.
1947 4071 2248 4134 Ballerini
2290 4074 2486 4131 notua.

388 4187 559 4241 titulo
617 4185 750 4242 festi

388 4204 559 4276 titulo
617 4204 750 4242 Iesu
788 4204 1128 4312 feragenai
1187 4204 1400 4260 legitur
1431 4206 1443 4244 :
1481 4204 1602 4246 ἰ’ων
1636 4204 1806 4266 αγῑων
1833 4204 1924 4248 καὶ
1954 4204 2034 4250 δι-

387 4277 553 4312 καιων
583 4268 783 4320 θεοπατ
823 4277 928 4332 ρων
958 4257 1220 4332 ,Ιωακείμ
1262 4259 1351 4312 καὶ
1414 4260 1620 4331 Ἀννην
1655 4282 1668 4319 :
1704 4265 2035 4323 Sanctorum

391 4337 445 4406 et
459 4333 738 4406 justgrum
766 4331 1054 4406 Joachi'mi
1073 4338 1126 4386 et
1151 4333 1326 4390 Anna:
1354 4333 1577 4388 Domini
1594 4341 2036 4406 progenitorum.

390 4402 458 4453 Et
491 4401 549 4453 in
571 4403 851 4475 'Ijropario
878 4404 959 4475 ad
1027 4404 1206 4460 finem
1264 4407 1572 4475 Vesperar.
1594 4401 1623 4462 ἐ
1655 4401 1776 4464 Τῶν
1811 4405 2035 4464 δικαίων

389 4488 537 4550 σουλ
593 4469 778 4550 Κύριε,
833 4473 930 4539 τήν
987 4469 1638 4550 μνήμην-ἑορτάζοντες,
1715 4476 1783 4533 δι’
1860 4481 2041 4537 αὐτῶν

392 4559 449 4592 σε
509 4535 897 4619 δυσωποῦμεν,
949 4535 1121 4619 σῶσρὐ
1169 4535 1546 4619 ’τὰς’-φυλὰς
1603 4535 1808 4619 ⁷ἦμῶν.
1863 4535 2044 4610 Justo-

385 4627 508 4693 rum
532 4617 804 4693 "tuorum
853 4617 1176 4693 memoriam
1225 4617 1570 4693 celebrantes,
1628 4617 1734 4688 per
1789 4625 1934 4693 ipsos
1993 4633 2042 4680 te

388 4682 672 4736 humiliter
727 4700 1036 4750 exoramus,
1093 4686 1245 4740 salva
1302 4689 1518 4742 animas
1554 4682 1824 4747 'ndstras:
1875 4695 2038 4750 Idem

385 4753 605 4831 passim
639 4754 892 4831 recurrit
920 4754 1364 4831 indimissoriis
1417 4757 1788 4831 liturgiarum
1821 4770 1880 4817 et
1907 4766 2035 4819 offic

389 4825 639 4889 ciorum,
668 4825 770 4881 ubi
799 4827 1168 4882 Joacliimum
1200 4836 1258 4883 et
1303 4831 1534 4885 Annam
1560 4825 2036 4892 antonomastico

375 4898 554 4968 justos
581 4897 908 4968 appellatos
939 4896 1134 4953 videre
1175 4905 1284 4954 est.

454 4969 566 5040 (27)
599 4967 1063 5044 Vigilantissimo
1091 4970 1269 5044 verbo
1311 4967 1558 5044 διέκοψεν
1588 4990 1734 5030 usus
1792 4983 1882 5032 est
1936 4980 2038 5034 Isi-

385 5039 758 5119 dorus,quod_
770 5039 1009 5119 scilicet
1047 5040 1118 5119 ad
1151 5043 1382 5119 rei_,qua
1413 5039 1487 5098 de
1515 5045 1728 5119 agitur,
1747 5050 2035 5119 originem

381 5118 558 5193 atque
583 5111 889 5193 exordium
913 5112 1190 5193 refertur.
1223 5111 1301 5193 Et
1321 5129 1462 5193 sane
1483 5111 1614 5193 nisi
1636 5111 1721 5174 ad,
1745 5111 2035 5193 originem

383 5185 578 5263 Maris;
605 5184 664 5263 id
691 5185 1089 5263 referasuqui
1134 5184 1308 5240 facile
1338 5186 1664 5263 admiserit,
1697 5196 1763 5263 ut
1792 5184 1905 5263 ipvsi
1933 5195 2036 5248 soli

369 5254 609 5324 justitia
629 5255 925 5312 tribuatur
945 5256 974 5311 ‘?
1006 5254 1219 5312 Verum
1253 5273 1364 5312 nec
1385 5257 1529 5312 illud
1552 5254 2032 5320 consideratione

379 5330 567 5407 vacat,
594 5328 752 5397 quod
770 5329 950 5384 Maria
968 5345 1089 5407 non
1111 5331 1273 5407 justa
1303 5329 1408 5407 sed
1419 5330 1649 5407 justitia
1671 5332 1800 5404 ipsa
1830 5335 2037 5407 appel-

375 5395 550 5478 latur.
575 5395 699 5478 quo
730 5415 944 5472 nempe
972 5395 1260 5472 innuitur,
1303 5395 1601 5478 justitiam
1633 5395 1720 5478 ita
1765 5395 2032 5478 Deiparai

378 5467 686 5524 inhaesisse
718 5467 1042 5547 sempermt
1071 5467 1381 5547 nunquam
1407 5475 1642 5530 Mariam
1663 5475 1776 5531 nisi
1795 5467 2032 5547 justitia

378 5544 1378 5620 isi-(ornatamreperias,autcogi_tare
1393 5544 1878 5620 possis.Denique
1895 5551 2032 5604 licet

376 5609 471 5665 hic
489 5628 694 5668 rursus
715 5609 1082 5686 perpendere
1107 5609 1262 5686 quod
1283 5609 1428 5672 alias
1449 5609 1861 5691 monui,quam
1881 5637 2026 5674 vane

849 4185 1400 4280 eragenidi‘legiti‘ir
1414 4190 1602 4280 'I‘TEJV
1636 4191 1806 4280 ἁγίων
1833 4194 1924 4280 καὶ
1954 4191 2034 4250 δι·
2067 4200 2113 4265 D
2219 4195 2686 4280 interpretentur
2713 4193 2954 4280 Patrum
2981 4197 3326 4279 sententias,
3356 4198 3485 4280 ιιιμὶ
3523 4198 3795 4280 proposi-

2149 4268 2343 4340 tiones
2365 4265 3056 4340 erclusivas_rigidissime
3105 4268 3192 4322 sic
3247 4265 3567 4340 accipiunt,
3600 4265 3666 4323 ut
3697 4285 3797 4323 eas

2150 4338 2226 4393 ad
2256 4353 2637 4392 communem
2671 4336 2960 4405 ﬁdelium,
2990 4355 3247 4408 quorum
3296 4336 3536 4396 auribus
3556 4336 3806 4396 insona-

2151 4407 2831 4483 bant,_sensun_i_exigere
2861 4407 3402 4483 negligantl‘lonne
3435 4413 3596 4467 enim
3627 4413 3810 4483 plane

2150 4480 2496 4556 blasphema
2526 4477 2980 4556 dicenda__esset
3012 4477 3136 4536 haec
3193 4482 3405 4537 Isidori
3455 4477 3808 4556 propositio,

2151 4569 2267 4624 qua
2283 4550 2376 4624 de;
2393 4567 2526 4605 sou
2563 4552 2743 4624 Maria
2766 4550 3004 4618 dicitur,
3037 4559 3304 4608 exortam
3325 4550 3505 4608 veram
3525 4550 3807 4624 justitiam

2147 4622 2330 4679 fuisse
2354 4622 2446 4696 f?A
2479 4622 2603 4696 pari
2631 4623 2811 4695 igitur
2867 4623 3110 4696 non_ad_
3171 4625 3364 4696 maria:
3411 4622 3804 4696 ignominiam

2149 4639 2330 4679 iuisse
2357 4639 2446 4678 '.'A
2475 4639 2603 4748 ἔδει
2631 4639 2811 4695 igitur
2867 4639 2988 4677 non
3037 4639 3110 4678 aa
3171 4639 3364 4678 alariae
3411 4641 3804 4696 ignominiam

2149 4694 2468 4766 pertrahen
2516 4711 2550 4748 a
2571 4699 2862 4766 suntquae
2890 4691 3182 4766 exclusive
3206 4694 3278 4748 de
3301 4695 3529 4749 Christo
3553 4695 3806 4750 Domino

2149 4763 2327 4820 etiam
2355 4765 2417 4819 in
2451 4765 2632 4820 sacris
2666 4763 2898 4818 Litteris
2945 4763 3226 4835 dicuntur
3255 4766 3302 4834 (1
3361 4770 3507 4820 Petr.
3540 4783 3606 4834 ii,
3658 4768 3750 4835 22)
3788 4783 3802 4820 :

2149 4838 2253 4901 Qui
2271 4842 2560 4907 peccatum
2589 4852 2700 4891 non
2723 4837 2878 4906 fecit,
2909 4850 3007 4890 nec
3037 4834 3295 4890 inventus
3326 4843 3402 4890 est
3434 4837 3594 4891 dolus
3621 4840 3682 4891 in
3714 4834 3808 4891 Ore

2148 4924 2285 4978 ejus.

2219 4980 2328 5049 (28)
2359 4981 2443 5033 En
2475 4978 2582 5033 tibi
2615 4995 2822 5034 rursus
2854 4979 3154 5050 Virginem
3187 4979 3501 5050 Deiparam
3523 4980 3701 5051 plane
3733 4979 3808 5035 ab

2147 5050 2220 5104 iis
2252 5052 2604 5124 sejunctam,
2639 5051 2738 5124 qui
2770 5067 2805 5124 a
2861 5051 2978 5124 Deo
3027 5055 3289 5124 extorres
3340 5050 3546 5122 utique
3579 5053 3654 5108 ob
3681 5053 3802 5124 pri-

2144 5121 2685 5193 mam‘originalem
2716 5121 2910 5176 labem
2928 5121 3364 5177 describuntur.

2217 5193 2324 5262 (29)
2357 5193 2519 5247 Sicut
2549 5193 2823 5264 superius
2844 5194 2994 5264 (cap.
3021 5195 3075 5256 9)
3107 5199 3327 5250 terram
3348 5200 3556 5250 auctor
3576 5195 3805 5264 dixerat

2143 5268 2456 5338 parentem
2502 5264 2667 5338 Adin,
2714 5263 2867 5338 quia
2913 5263 3008 5320 hic
3040 5281 3070 5320 e
3119 5272 3280 5322 terra
3309 5266 3639 5338 plasmatus
3669 5263 3795 5338 fuit,

2144 5334 2420 5390 eumdem
2443 5336 2504 5389 in
2535 5335 2778 5408 modum
2809 5334 2908 5408 hic
2929 5342 3154 5392 costam
3186 5334 3420 5400 Adaini,
3444 5344 3502 5392 et
3533 5353 3648 5408 qua
3674 5334 3792 5408 for-

2145 5411 2302 5478 mata
2336 5411 2424 5460 est
2453 5408 2586 5478 Eva,
2623 5405 2805 5474 ipsius
2837 5406 2965 5458 Eva:
2995 5408 3303 5478 (adjutorii
3340 5405 3567 5464 scilicet
3605 5422 3640 5459 a
3673 5405 3786 5458 Deo

2139 5476 2280 5529 Adaa
2309 5476 2554 5547 provisi)
2583 5481 2834 5528 matrem
2867 5476 3148 5547 appellat.

2211 5545 2324 5615 (30)
2342 5547 2561 5616 Nempe
2579 5547 2732 5601 sicut
2758 5545 3124 5606 conditafuit
3143 5553 3261 5606 Eva
3287 5569 3318 5606 e
3338 5547 3601 5606 membro
3616 5545 3754 5600 Adin
3769 5583 3781 5600 .
