4090 6208
284 409 368 467 33
412 416 417 419 τ
1241 370 1630 456 εΕιιΜοἹΝ
1679 388 1971 451 NATlVl'.

2087 386 2223 447 l‘EM
2265 386 2337 445 B.
2384 385 2458 445 V.
2505 383 2810 446 MARIIE.
3656 393 3734 450 34

290 540 477 592 τοῦτο
506 539 612 601 τῆς
641 532 749 590 νέας
802 521 1083 599 Λαμόάνει
1143 521 1512 596 δημιουργίας
1571 517 1817 596 ὄργανον,
1877 519 1966 573 ἳνα

2087 535 2593 591 accommodatum
2622 540 2837 608 praesto
2876 553 3004 593 esse
3026 540 3279 609 poterat,
3327 553 3502 608 quam
3539 538 3730 611 Virgo,

305 626 408 681 καὶ
446 624 579 697 μετὰ
628 619 888 694 λαμπρᾶς
943 622 1044 684 τῆς
1104 614 1424 689 προσθήκης
1478 611 1542 666 τὸ
1582 607 1788 666 δάνειον
1828 609 1969 664 ἀπο-

316 713 428 787 δῷ,
459 713 589 785 λέγω
617 706 670 763 δὲ
724 710 831 776 τὴν
889 705 1152 780 πλευράν·
1210 702 1302 757 καὶ
1360 699 1447 755 διὸ
1502 704 1666 755 τοῦτο
1720 703 1969 774 γεννᾶται

324 803 488 859 ovis:
541 795 744 869 Ἀδὰμ,
809 797 840 850 ὁ
895 793 1030 868 ἐμὸς
1076 792 1341 867 Χριστὸς,
1398 789 1462 845 οὗ
1518 788 1728 850 τέλειος
1778 789 1969 870 μόνον,

321 892 443 946 ἀλλᾶ
498 886 568 955 δή
626 886 726 941 καὶ
785 884 1114 959 ὑπερτελὴς,
1148 881 1295 955 παρὰ
1324 886 1425 950 τῆς
1468 878 1590 953 ἄρτι
1619 877 1970 953 γεννηθείσης

308 980 533 1045 τελείας,
568 977 707 1047 ζδσα
764 976 914 1053 φημὶ
968 976 1086 1030 κατ’
1132 970 1471 1047 ἀνθρώπους,
1528 966 1817 1033 θεόπαιδος
1876 966 1967 1022 καὶ

295 1070 531 1142 μητρὸς,
597 1065 745 1140 ἤπερ
803 1064 1048 1129 ἐντεῦθεν
1111 1061 1253 1138 μέλη
1319 1063 1455 1116 Θεοῦ
1503 1060 1655 1132 ἡμᾶς
1701 1056 1967 1132 ἀπειργά.

292 1181 442 1218 mo.

2078 641 2274 696 neque
2306 626 2488 692 enim,
2520 630 2588 679 ut
2617 625 2701 681 ita
2723 625 2938 695 dicam,
2973 631 3185 683 eterra
3214 627 3340 682 haec
3371 627 3503 698 fuit,
3528 645 3733 699 quem-

2078 715 2399 771 admodum
2434 714 2662 786 praafat‘i
2704 733 2930 781 sumus,
2963 722 3020 771 et
3057 735 3176 788 prae
3224 718 3501 773 omnibus
3569 735 3732 775 crea-

2082 805 2232 859 turis
2264 805 2696 875 perfectissima
2716 804 2847 860 fuit.
2883 806 3004 860 Hoc
3035 823 3171 879 ergo
3204 808 3356 863 Deus
3386 824 3551 863 nox-a3
3574 825 3734 863 crea-

2076 893 2256 948 tionis
2320 894 2785 949 instrumentum
2835 895 3102 963 assumit,
3162 913 3278 967 quo
3328 896 3479 952 illud
3526 898 3729 965 etiam,

2078 982 2239 1051 quod
2267 982 2408 1053 ipse
2460 988 2792 1054 acceperat,
2843 988 3069 1038 costam
3116 984 3411 1055 videlicet,
3472 986 3730 1041 maxime

2077 1085 2213 1124 cum
2242 1071 2466 1126 fmnore
2489 1070 2767 1126 redderet
2786 1072 3116 1143 (3i).Atque
3138 1073 3277 1127 hinc
3306 1090 3490 1129 novus
3512 1073 3723 1140 Adam,

2078 1158 2343 1214 Christus
2375 1177 2545 1215 meus
2575 1160 2839 1216 nascitur
2882 1178 3004 1215 non
3037 1160 3232 1216 solum
3263 1162 3579 1233 perfectus,
3623 1163 3726 1218 sed

281 1251 508 1324 oppido
538 1256 606 1305 et
624 1266 807 1321 super
832 1248 1132 1320 perfectus
1163 1263 1232 1302 ex
1266 1262 1356 1313 ea,
1390 1260 1522 1315 quin
1552 1241 1813 1315 perfecta
1835 1239 1953 1310 (32)
1982 1241 2195 1312 (quoad
2231 1248 2454 1304 scilicet
2492 1266 2599 1320 pro
2644 1250 2907 1305 humana
2946 1250 3288 1306 conditione
3332 1250 3491 1322 licet)
3520 1268 3730 1307 recens

279 1348 428 1397 nata
458 1346 581 1408 est,
612 1357 742 1410 quae
767 1339 870 1393 Dei
903 1336 1031 1392 ﬁlia
1052 1341 1142 1391 est
1171 1340 1231 1391 et
1258 1340 1471 1400 mater,
1503 1346 1749 1404 quasque
1782 1327 1996 1385 exinde
2024 1352 2134 1392 nos
2165 1340 2267 1393 Dei
2301 1340 2570 1395 membra
2596 1341 2814 1397 effecit,

359 1434 467 1488 Ib".
505 1431 656 1486 Εἶεν.
687 1432 897 1486 ’Ἅπασι
935 1428 1029 1500 μὲν
1060 1427 1155 1482 οὗν
1183 1429 1303 1487 τοῖς
1363 1422 1688 1499 γενομάνοις
1747 1418 1837 1472 καὶ
1899 1421 1962 1471 τὸ

280 1520 486 1575 λεῖπον
551 1518 887 1574 ἀκολουθεῖν
948 1516 1177 1590 ἀνάγκη,
1235 1516 1270 1584 ἡ
1331 1514 1508 1592 φθορὰ
1561 1504 1963 1581 δηλαδή,ἆ’νευ

288 1611 564 1685 μέντοιγε
591 1615 702 1663 τῶν
732 1606 1064 1679 ἀσωμάτων,
1113 1605 1195 1665 οἶς
1254 1604 1283 1657 ὁ
1341 1602 1598 1671 ΙΙλάστης
1654 1597 1961 1666 ὑποστήσας

289 1698 381 1752 καὶ
446 1718 656 1765 ταυτα,
718 1698 794 1769 μή
846 1695 983 1769 πρὸς
1042 1692 1201 1753 τέλος
1264 1693 1392 1766 ὁρᾷν
1450 1690 1768 1770 ἐχαρίσατο,
1825 1685 1957 1752 ’ἶν”ἧ

2145 1431 2259 1483 XV.
2296 1432 2429 1485 Haec
2460 1432 2748 1487 hactenus
2779 1431 2938 1487 dicta
2980 1433 3116 1488 sint.
3168 1435 3294 1488 Jam
3346 1450 3481 1489 vero
3528 1433 3732 1488 omnia

2073 1535 2444 1591 quascunque
2477 1521 2717 1577 condita
2748 1526 2906 1589 sunt,
2939 1522 3257 1577 defectioni
3316 1539 3421 1578 seu
3480 1540 3727 1593 corrup-

2072 1608 2217 1662 tioni
2250 1611 2586 1665 necessario
2628 1611 3051 1681 subjiciuntur,
3077 1612 3125 1666 si
3149 1613 3497 1684 incorporea
3530 1616 3730 1668 tamen

2073 1699 2358 1768 excipias,
2396 1700 2613 1770 quibus
2643 1702 2885 1755 Creator
2906 1701 2967 1755 in
3008 1701 3138 1773 ipsa
3156 1718 3363 1756 eorum
3388 1701 3730 1757 conditione

281 1786 716 1848 πολυποίκιλος
757 1785 927 1839 αὐτοῦ
987 1783 1151 1860 σοφία
1206 1784 1508 1851 κάντεῦθεν,
1564 1784 1741 1856 οἶμαι,
1803 1808 1965 1862 φανε-

2087 1787 2320 1858 largitus
2350 1793 2529 1857 est,ut
2550 1789 2782 1845 nullum
2804 1807 3070 1861 unquam
3108 1791 3289 1846 ﬁnem
3332 1792 3692 1861 attingerent
3719 1807 3732 1848 :

288 1880 483 1951 ρωθῇ,
552 1876 641 1930 ὅτι
686 1879 792 1928 τῶν
874 1873 980 1926 ὑπὸ
1029 1872 1230 1946 γένεσιν
1276 1866 1392 1925 ἔνια
1444 1870 1538 1943 μὲν
1590 1875 1792 1950 φθορὰν
1850 1877 1966 1932 ἐπι-

289 1962 597 2033 σπεύδειν,
652 1969 757 2018 τῶν
816 1959 860 2016 δ’
917 1957 1290 2044 ἁῦτῶνυὲτερα
1341 1957 1616 2032 διαμένειν
1664 1960 1966 2043 ἐδημιούρ-

284 2074 467 2129 γησεν
506 2050 776 2127 ἄφθαρτα.

363 2324 485 2390 Τὴν
547 2322 823 2396 παναγνυν
886 2317 965 2389 δὲ,
1001 2319 1046 2373 εἰ
1103 2318 1193 2373 καὶ
1238 2316 1430 2392 μηδενὶ
1461 2324 1570 2375 τῶν
1599 2324 1839 2396 γενητῶν
1868 2326 1967 2394 τὴν

297 2411 575 2481 τοιαύτην
634 2410 880 2487 ἀνάγκην
967 2405 1248 2487 διαφυγεῖν
1334 2408 1477 2478 ἐνῆν,
1550 2409 1711 2465 πόθεν
1769 2410 1829 2466 ἄν
1888 2428 1970 2476 τις

294 2502 488 2575 τούτῳ
548 2521 611 2574 γε
660 2498 992 2554 ὑποπίπτειν
1051 2502 1131 2570 τῷ
1197 2496 1354 2553 πάθει
1412 2495 1534 2569 δοίη
1597 2496 1845 2573 δικαίων,
1905 2505 1971 2572 ἧς

296 2589 635 2666 γενομένης,
738 2586 957 2658 ἀληθὴς
1050 2590 1208 2640 πᾶσιν
1306 2585 1605 2650 ἀνάπλασις
1698 2587 1971 2661 ἐπηνθησε

299 2680 394 2734 καὶ
431 2680 592 2748 ζωὴ,
621 2680 760 2751 ᾗπερ
801 2677 828 2731 ὁ
861 2675 1034 2750 λόγος
1069 2672 1235 2745 ἔδειξε
1287 2677 1464 2749 φθάσα
1500 2695 1513 2745 ;
1575 2678 1664 2739 Ὠς
1721 2679 1822 2753 γὰρ
1883 2681 1974 2734 οὐ.

300 2766 468 2830 δενὸς
527 2771 638 2823 τῶν
693 2767 788 2819 οὐκ
841 2763 1254 2837 ἐπαινουμένων
1314 2764 1618 2839 ἀνθρώποις
1707 2764 1972 2823 δέδεικται

301 2857 599 2924 κοινωνὸς,
658 2854 804 2911 ἀλλὰ
854 2854 949 2910 καὶ
1004 2854 1256 2930 ἀγγέλων
1313 2852 1583 2932 ἀγιωτὲρα
1639 2855 1802 2929 μόνη,
1880 2859 1972 2912 καὶ

305 2948 484 3019 μόνην
536 2946 712 3021 ἐχρῆν
769 2946 847 3018 μὴ
909 2949 1028 3006 τοῖς
1085 2941 1280 3006 ἄλλοις
1332 2951 1431 3014 τῆς
1479 2951 1667 3014 κοινῆς
1696 2952 1973 3002 κοινωνεῖν

302 3035 670 3109 δυσκληρίας⁶
760 3032 891 3089 ἀλλ’
952 3029 1060 3088 ἔδει
1132 3034 1203 3109 γ’,
1260 3032 1376 3088 ἐπεὶ
1425 3033 1733 3105 τηλικαύτη
1794 3034 1971 3111 γεγέν-

2077 1876 2235 1945 quod
2266 1877 2400 1931 ideo
2425 1877 2645 1935 factum
2668 1885 2904 1949 puto,ut
2934 1880 3071 1935 hinc
3094 1898 3327 1951 quoque
3347 1881 3728 1936 multiformis

2078 1964 2267 2036 ipsius
2311 1966 2674 2022 elucesceret
2734 1969 3046 2039 sapientia,
3098 1970 3239 2024 dum
3308 1986 3535 2039 eorum,
3596 1986 3728 2040 qua)

2076 2059 2272 2110 ortum
2304 2055 2661 2123 habuerunt,
2695 2057 2968 2127 quaedam
3000 2058 3075 2113 ad
3123 2060 3564 2130 corruptionem
3596 2076 3727 2129 pro-

2075 2148 2377 2216 perarent,
2409 2145 2681 2216 quasdam
2711 2162 2847 2200 vero
2877 2151 2947 2201 ut
2992 2152 3278 2218 perpetuo
3328 2148 3728 2203 consisterent

2077 2233 2559 2306 incorruptibilia
2581 2235 2866 2291 condidit.

2148 2324 2363 2378 Verum
2396 2324 2631 2379 etiamsi
2663 2323 2828 2379 nulla
2857 2342 2887 2379 e
2918 2325 3134 2381 creatis
3155 2326 3332 2381 rebus
3362 2325 3500 2381 huic
3527 2342 3586 2381 se
3620 2343 3732 2381 ne-

2078 2412 2340 2468 cessitati
2394 2413 2722 2470 subducere
2779 2419 3023 2486 posset;
3076 2416 3372 2487 quomodo
3434 2416 3729 2487 quispiam

2078 2504 2458 2569 concesserit,
2510 2504 2647 2560 huic
2688 2504 2845 2560 malo
2890 2505 3442 2561 innocentissimam
3493 2522 3728 2576 quoque

2078 2592 2391 2647 obnoxiam
2424 2594 2722 2648 exstitisse
2756 2593 3051 2666 Virginem
3082 2595 3218 2665 (33),
3252 2610 3370 2667 qua
3399 2594 3727 2656 exoriente,

2080 2680 2726 2752 quemadmodumjam
2767 2688 3069 2737 ostensum
3093 2688 3201 2752 est,
3225 2686 3378 2755 (vera
3406 2682 3727 2739 creationis

2077 2769 2461 2841 redingratio,
2513 2785 2581 2824 ac
2606 2786 2743 2823 vera
2770 2771 2887 2825 vita
2910 2771 3187 2826 omnibus
3225 2772 3486 2827 efﬂoruit
3504 2774 3532 2826 ‘2
3578 2774 3725 2827 Nam

2079 2858 2578 2929 quemadmodum
2599 2874 2842 2927 prorsus
2861 2875 3064 2912 exsors
3082 2875 3287 2913 eorum
3301 2860 3728 2928 omnium,quai

2080 2946 2142 3001 in
2172 2945 2517 3001 hominibus
2547 2962 2669 2999 non
2699 2950 3018 3000 censentur
3047 2944 3217 3000 laude
3251 2945 3429 3017 digna
3460 2945 3596 3016 (34),
3637 2951 3727 2999 at-

2081 3052 2195 3108 que
2222 3036 2469 3106 insuper
2488 3034 2617 3089 sola
2639 3033 2783 3105 ipsis
2803 3033 3032 3105 angelis
3055 3034 3315 3089 sanctior
3345 3034 3730 3106 apparuitgsic

306 3147 469 3194 νηται
507 3128 698 3199 μήτηρ
730 3123 902 3178 οἱονεὶ
932 3122 1185 3197 γενέσεως
1213 3122 1306 3212 καὶ
1353 3125 1527 3200 πηγή,
1590 3123 1660 3178 δι’
1717 3126 1774 3178 ὅν
1822 3123 1971 3199 εἷ’ρηο

2087 3124 2262 3180 etiam
2293 3124 2695 3196 oportebat,ut
2718 3122 2845 3178 sola
2864 3122 3201 3178 communis
3238 3123 3489 3194 reliquis
3536 3123 3732 3177 omni-

302 3236 387 3270 ται
438 3214 637 3289 λόγον,
705 3211 912 3288 γένεσιν
979 3212 1144 3284 μόνον
1199 3211 1281 3267 ἀεὶ
1330 3212 1392 3267 τὸ
1458 3213 1576 3267 κατ’
1634 3212 1801 3284 αὐτὴν
1881 3212 1971 3268 καὶ

302 3307 444 3360 εἶναι
476 3305 568 3358 καὶ
604 3303 987 3375 ὀνομάζεσθαι’
1032 3301 1169 3357 καθᾶ
1226 3303 1316 3357 καὶ
1365 3300 1611 3378 ἄγγελοι,
1672 3301 1744 3356 ὦν
1810 3304 1970 3378 ὑπερ-

307 3398 445 3471 τέρα
502 3391 845 3464 καθίσταται,
905 3390 1211 3468 γέγονότες,
1279 3391 1535 3455 ἀθάνατοι
1593 3390 1810 3465 μένουσι
1881 3395 1971 3448 καὶ

307 3485 525 3561 φθορὰς
552 3483 835 3555 ἀνώτεροι.

2082 3214 2194 3269 bus
2229 3213 2484 3270 miseria;
2511 3229 2720 3284 expers
2745 3217 2899 3267 esset
2932 3212 3083 3284 (35);
3120 3217 3297 3283 atque
3351 3212 3460 3268 hoc
3518 3212 3731 3268 saltem

2084 3304 2137 3359 ei
2170 3302 2591 3371 debebatur,ut
2622 3302 2905 3373 quoniam
2938 3302 3225 3374 singulari
3276 3319 3344 3358 ea
3390 3302 3733 3358 conditione

2082 3393 2392 3465 progenita
2420 3397 2529 3460 est,
2561 3396 2629 3446 ut
2651 3391 2830 3446 veluti
2862 3395 3053 3446 mater
3092 3408 3160 3446 ac
3203 3390 3338 3447 fons
3373 3394 3513 3463 (qua
3562 3408 3731 3463 supe-

2081 3484 2206 3538 rius
2230 3482 2487 3537 diximus
2518 3482 2771 3553 ratione)
2786 3482 3146 3537 exsistentiaa
3168 3482 3436 3538 omnium
3464 3483 3730 3549 esset,sic

309 3591 427 3646 psa
455 3574 520 3627 in
548 3572 1187 3644 perpetuum,quamvis
1215 3576 1433 3641 creata,
1464 3572 1811 3629 exsistentia
1831 3578 1890 3629 et
1910 3576 2067 3629 esset
2096 3578 2154 3627 et
2171 3572 2597 3644 prmdicaretnr
2620 3590 2633 3639 ;
2659 3587 2780 3626 non
2812 3586 2983 3627 secus
3005 3588 3072 3626 ac
3103 3571 3217 3643 ipsi
3249 3588 3485 3643 quoque
3508 3571 3729 3644 angeli,

308 3663 494 3735 iquos
521 3663 651 3734 ipsa
678 3661 1112 3734 superexcedit,
1148 3666 1463 3733 postquam
1510 3663 1695 3717 semel
1723 3662 1861 3719 facti
1893 3662 2437 3733 sunt,immortales
2480 3667 2854 3733 permanent,
2887 3665 2946 3716 et
2984 3663 3382 3734 corruptionis
3407 3663 3726 3718 immunes.

386 3753 479 3820 Ιξ.
515 3748 670 3807 Ἀλλ’
703 3750 733 3803 ὁ
764 3748 961 3824 λόγος,
995 3749 1080 3804 ὅτι
1114 3748 1222 3829 οὐχ
1264 3747 1463 3820 οὕτως,
1511 3747 1582 3805 ἵν’
1626 3749 1792 3820 ἡλίου
1860 3748 1971 3806 δια·
2010 3796 2017 3799 .

315 3838 519 3915 δειχθῇ
547 3840 981 3917 τηλαυγέστερον
1013 3841 1048 3909 ἠ
1071 3844 1174 3909 τῆς
1232 3841 1510 3914 Παρθένου
1570 3839 1964 3915 μελαλειότης·

314 3928 423 3996 ὅτι,
458 3936 560 4000 τῆς
590 3929 782 3985 ἐνύλω)
814 3928 1069 4004 λαχοῦσα
1103 3927 1322 4005 μοίρας,
1355 3926 1525 3999 δῆλον
1560 3926 1608 3984 δ’
1635 3931 1689 4001 ἒξ
1745 3931 1817 3985 ὧν
1874 3932 1966 3987 τὸν

2152 3754 2293 3807 XVI.
2330 3756 2397 3807 At
2426 3752 2597 3819 ratio,
2626 3768 2807 3821 quare
2839 3750 2966 3806 haac
2996 3767 3116 3805 non
3169 3751 3252 3806 ita
3303 3768 3364 3805 se
3418 3752 3731 3820 haberent,

2080 3840 2375 3913 ejusmodi
2406 3845 2516 3903 est,
2538 3844 2602 3894 ut
2632 3839 2753 3894 sole
2778 3838 3037 3894 lucidius
3086 3856 3145 3893 se
3206 3838 3417 3908 prodat
3479 3839 3729 3907 Virginis

2078 3931 2688 4005 magnificentia.Nam
2721 3946 3067 3999 corpoream
3095 3933 3370 3984 naturam
3409 3930 3615 3984 sortita
3645 3929 3727 4000 (id

1680 4036 1807 4093 Aut
1848 4030 2139 4094 Ballerini
2181 4035 2369 4091 notas.

388 4136 665 4208 (3l)Plus
700 4136 889 4193 semel
920 4136 1079 4208 apud
1127 4138 1329 4191 Patres
1387 4141 1514 4192 tum
1557 4139 1787 4194 Graecos
1846 4142 1972 4194 tum

328 4209 712 4281 Latinoshaac
744 4208 1046 4265 sententia
1082 4209 1355 4281 recurrit,
1387 4225 1601 4281 nempe
1631 4227 1738 4281 pro
1786 4217 1970 4279 costa,

325 4281 458 4354 Ades
488 4279 815 4354 subtracta,
848 4297 878 4335 e
935 4296 1073 4354 qua
1110 4279 1327 4335 mulier
1353 4285 1476 4354 est
1520 4279 1826 4348 aedificata,
1859 4282 1972 4354 ipsi

334 4351 463 4423 Adae
480 4351 727 4406 uberem
758 4352 971 4406 fretam
993 4350 1177 4423 fuisse
1225 4352 1685 4423 restitutionem,
1717 4370 1850 4408 cum
1882 4350 1974 4406 ⁷νὶ-

337 4422 532 4476 cissim
552 4438 623 4475 ex
648 4423 776 4479 sola
799 4422 1136 4478 substantia
1163 4423 1455 4488 mulieris,
1489 4425 1683 4479 Marias
1704 4424 1970 4493 videlice,

327 4508 514 4547 novus
545 4493 725 4548 Adam
747 4494 1082 4549 mdiﬁcatus
1106 4498 1213 4549 est.

393 4565 504 4633 (32)
544 4566 692 4619 Ecce
751 4566 858 4619 tibi
916 4565 1182 4631 Mariam,
1241 4571 1443 4621 natam
1478 4569 1806 4635 perfectam,
1840 4582 1973 4622 cum

318 4635 585 4706 reliquos
615 4653 831 4691 omnes
860 4636 1141 4709 superius
1172 4636 1323 4708 (cap.
1362 4639 1438 4709 ix)
1472 4643 1677 4692 auctor
1706 4637 1976 4692 traduce-

318 4714 408 4761 ret
436 4713 730 4780 tanquam
762 4707 1459 4780 prolemAimperfe’ctam.

386 4779 496 4849 (33)
527 4777 780 4834 Genties
806 4795 872 4852 ac
902 4777 1130 4834 millies
1157 4779 1317 4851 apud
1363 4782 1568 4836 Patres
1611 4780 1723 4835 hoc
1751 4779 1973 4852 princi-

322 4849 485 4920 pium
499 4857 789 4933 tanquam
804 4849 1219 4933 inco'ncussem
1236 4849 1977 4933 reperies,existim_andum

321 4936 436 4975 non
449 4922 918 4994 esse,Virginem
932 4922 1036 4977 Dei
1038 4938 1260 5048 Iparum
1273 4922 1517 4979 iismalis
1531 4922 1831 4979 obnoxiam
1845 4937 1973 4978 esse

329 4993 692 5048 notuisse.ad
709 5010 841 5048 auat
858 4992 1032 5048 denel
1062 4993 1216 5048 enda
1231 4993 1511 5048 divinitus
1527 5000 1808 5048 tanquam
1844 4992 1973 5047 Filii

329 4993 692 5065 potuisse,ad
709 4992 841 5065 qua,
858 4992 1216 5065 depellenda
1231 4993 1511 5050 divinitus
1527 5000 1808 5065 tanquam
1844 4992 1973 5047 Filii

336 5064 420 5137 sui
447 5066 817 5136 cooperatrix
832 5064 1257 5137 praidestinata
1275 5064 1665 5132 fuerat.Quod
1682 5070 1973 5137 quantum

336 5130 401 5185 in
414 5149 541 5209 rem
556 5130 1151 5209 'prmsentémfaciat,
1183 5136 1358 5192 facile
1390 5130 1641 5209 quisque
1670 5130 1966 5209 intelligit.

406 5201 518 5276 (33)
552 5201 655 5261 Xut
678 5208 860 5263 debes
888 5201 1188 5279 affirmare
1209 5201 1518 5279 peccat-um
1541 5201 1830 5279 originale
1852 5201 1972 5279 non

325 5289 462 5351 esse
512 5280 939 5336 recensendum
986 5278 1143 5351 inter
1199 5278 1288 5351 ea,
1340 5296 1471 5351 qum
1528 5281 1586 5334 in
1630 5278 1970 5333 hominibus

316 5344 493 5419 laude
520 5358 740 5419 carent,
775 5357 880 5406 aut
909 5357 1069 5405 certe
1098 5344 1398 5417 fateberis,
1433 5351 1527 5405 hic
1586 5350 1973 5405 disertissime

316 5417 624 5500 affirmari,
657 5417 896 5504 beatam
930 5423 1242 5504 Deiparam
1265 5428 1521 5504 peccato
1556 5421 1825 5503 originali
1868 5421 1973 5504 ob-

315 5492 550 5546 noxiam
586 5511 710 5549 non
742 5494 952 5550 fuisse.
989 5492 1093 5547 Hic
1124 5492 1318 5548 autem
1352 5494 1424 5550 ad
1473 5492 1713 5549 Mariam
1772 5498 1971 5562 aperte

317 5563 666 5620 translatum
703 5565 851 5620 illud
874 5565 1360 5634 cernimus,quod
1384 5565 1454 5620 de
1474 5566 1702 5620 Christo
1730 5564 1972 5619 Domino

316 5634 552 5705 scripsit
606 5638 936 5708 Apostolus
974 5636 1165 5707 (Hebr.
1211 5652 1289 5704 ιν,
1324 5638 1410 5708 15)
1439 5654 1451 5691 :
1486 5638 1603 5692 Non
1634 5638 1778 5691 enim
1811 5635 1973 5708 habe-

316 5655 552 5705 scnpsu
606 5655 653 5692 Α
702 5655 936 5692 οειοιιιε
974 5655 1165 5707 (near.
1211 5655 1289 5704 IV,
1324 5655 1410 5708 ιο)
1439 5655 1451 5691 :
1486 5655 1603 5692 ivon
1634 5655 1778 5691 enim
1811 5655 1973 5690 nave-

315 5720 428 5760 mus
436 5655 930 5779 ponttiﬁgemgui
957 5723 1067 5762 non
1092 5709 1267 5777 possit
1288 5708 1528 5779 compati
1556 5707 1974 5778 inﬁrmitatibus

318 5781 538 5849 nostris,
569 5785 849 5837 tentatum
871 5784 1056 5835 autem
1079 5794 1184 5849 per
1212 5780 1398 5835 omnia
1444 5794 1554 5850 pro
1608 5779 1974 5836 similitudine

2081 4139 2283 4207 absque
2306 4142 2551 4206 peccato.

2152 4209 2263 4281 (35)
2291 4209 2535 4263 Summa
2581 4207 2759 4279 hujus
2818 4207 3378 4281 argumentationis
3407 4211 3495 4281 est
3529 4224 3541 4271 ;
3575 4207 3733 4260 Nihil

2082 4277 2326 4335 omnino
2358 4296 2586 4345 eorum,
2639 4277 2771 4350 quae
2820 4277 2909 4350 in‘
2943 4279 3190 4350 reliquis
3223 4277 3562 4332 hominibus
3593 4283 3732 4332 sunt

2082 4351 2516 4421 vituperabilia,
2562 4351 2622 4403 in
2663 4349 2880 4421 lMaria
2927 4349 3543 4421 deprehensumtgest;
3595 4364 3732 4419 ergo

2085 4419 2267 4477 Maria
2342 4421 2616 4491 infaustaa
2679 4419 3020 4475 hominum’
3060 4420 3241 4491 sortis
3289 4419 3561 4491 pariceps
3606 4435 3733 4474 esse

2004 4464 2051 4527 Β
2084 4510 2203 4549 non
2236 4492 2460 4559 debuit,
2492 4490 2718 4546 scilicet
2746 4493 3137 4561 corruptionis,
3162 4490 3234 4545 de
3266 4464 3384 4561 qrua
3416 4464 3526 4545 hicr
3537 4507 3731 4546 sermo

2085 4570 2193 4620 est.
2228 4563 2390 4618 Idem
2418 4562 2870 4633 argumentandi
2902 4578 3087 4633 genus
3105 4568 3453 4633 usurpatum
3478 4562 3733 4617 vidimus

2084 4653 2118 4692 a
2147 4635 2462 4691 Paschasio
2488 4633 3123 4705 Ratberto(vid.Monit.
3158 4634 3233 4688 ad
3264 4633 3527 4689 Chartam
3558 4635 3735 4689 dona-

2086 4710 2249 4789 tioais
2275 4708 2479 4789 ligonis
2518 4705 2585 4788 de
2604 4707 2931 4789 Summo,n.
2953 4707 3006 4773 8,
3040 4720 3307 4789 sup.pag.
3463 4704 3545 4760 ita
3568 4720 3732 4777 argu-

2084 4783 2221 4835 ente
2252 4794 2265 4832 :
2299 4779 2490 4832 Maria
2518 4778 2780 4832 immunis
2806 4779 2918 4847 fuit
2947 4793 2981 4830 a
3002 4782 3230 4845 peccato
3262 4778 3515 4847 originis
3536 4793 3557 4840 ;
3605 4793 3734 4847 ergo

2083 4858 2134 4905 et
2163 4866 2199 4905 α
2218 4847 2400 4918 poenis
2436 4848 2677 4917 ejusdem
2699 4845 2937 4918 peccati,
2958 4853 3160 4917 partus
3189 4846 3402 4904 scilicet
3449 4845 3733 4903 doloribus

2083 4921 2347 4976 immunis
2377 4920 2509 4988 fuit.

2153 4993 2509 5061 Quanquam,
2536 5004 2677 5061 vero
2716 4990 2979 5047 Isidorus
3028 5006 3150 5045 non
3211 4990 3293 5045 ita
3345 4988 3626 5061 disputet,
3652 4988 3740 5061 _ut

2082 5055 2323 5118 demum
2342 5055 2685 5127 concludat,
2728 5062 3038 5133 Deiparam
3059 5062 3259 5133 reipsa
3289 5055 3458 5115 mori‘
3480 5073 3602 5111 non
3636 5055 3740 5110 de-

2082 5078 2323 5118 aemum
2346 5078 2685 5127 coneluuat,
2728 5078 3038 5133 ueiparam
3059 5078 3259 5185 reipsa
3289 5078 3438 5115 IIlOI‘l
3480 5078 3602 5111 non
3636 5078 3736 5110 ue-

2082 5133 2411 5209 buisse,_u_ti
2437 5149 2514 5209 _e_x
2545 5134 2819 5209 sequenti
2859 5148 3225 5209 paragrapw
3285 5133 3529 5209 apparet
3550 5143 3590 5207 ξ.
3617 5142 3736 5180 non

2082 5210 2281 5261 tamen
2310 5203 2790 5271 illudinﬁciatur,
2818 5203 2974 5275 quod
3021 5203 3117 5255 hic
3147 5203 3276 5255 loco
3318 5203 3592 5278 principii
3633 5213 3738 5322 po-

2083 5276 2298 5322 suit,th
2324 5293 2392 5322 na
2414 5276 2637 5322 scilicet.
2658 5276 2916 5322 abfuisse
2938 5273 3142 5322 omnia
3158 5284 3524 5322 quaecunque
3555 5286 3616 5322 1n
3683 5286 3738 5322 0-

2083 5276 2298 5337 suit,ab
2324 5293 2392 5331 ea
2414 5276 2637 5330 scilicet
2658 5276 2916 5330 abfuisse
2938 5276 3142 5328 omnia
3158 5284 3524 5339 quaecunque
3555 5276 3616 5323 in
3640 5276 3715 5324 ho

2082 5348 2343 5402 minibus
2358 5346 2678 5401 laudabilia
2700 5363 2819 5399 non
2839 5340 3304 5399 censentur.lmo
3328 5340 3557 5396 ratione
3575 5359 3602 5396 s
3617 5347 3741 5397 tum

2082 5418 2154 5473 ab
2182 5417 2561 5481 Isidoro,tum
2585 5417 2656 5469 ab
2679 5416 2813 5469 aliis
2836 5414 3107 5468 Patribus
3153 5413 3262 5468 hac
3309 5413 3619 5470 occasione
3649 5430 3744 5468 ex-

2085 5488 2449 5559 cogitatm,ut
2470 5501 2708 5559 causam
2736 5486 2956 5559 mortis
2976 5486 3161 5540 beatae
3188 5485 3440 5559 Virginis
3478 5486 3740 5557 aliquam

2084 5555 2722 5630 assignent,evide_nter
2753 5555 3560 5630 ostendunt,immunitatem
3581 5555 3745 5628 ejus-

2083 5625 2312 5687 demyab
2344 5626 2506 5708 omni
2542 5625 2718 5698 plane
2735 5633 2975 5700 peccato
3008 5627 3221 5685 iisdem
3252 5629 3594 5701 plenissime
3617 5625 3746 5697 per-

2091 5718 2325 5759 suasam
2357 5699 2560 5755 fuisse.
