4030 6212
466 383 544 446 39
1613 366 1708 427 ISl
1720 366 1900 428 DORI
1945 365 2048 424 ΤΗ
2059 359 2736 422 ESSALONICENSIS
3788 363 3876 422 40

537 512 824 573 Omnibus
849 510 1029 582 igitur
1054 503 1387 562 rationibus
1438 499 1768 574 perpensis,
1814 495 2104 553 laudatis-

2233 581 2254 582 Π
2288 490 2492 582 Πάσαις
2547 492 2729 582 τοίνυν
2786 491 2991 566 ψήφοις
3069 491 3343 568 ἄφθαρτος
3400 495 3436 562 ἡ
3495 492 3872 566 πανύμνητος,

469 606 620 661 sima
649 601 749 657 illa
778 616 900 656 non
930 596 1104 652 modo
1149 589 1642 663 incorruptibilis,
1693 603 1808 658 quo
1857 584 2116 640 diximus

466 693 664 761 modo,
696 685 1074 763 prmdicanda
1101 689 1210 750 est,
1251 681 1355 737 sed
1386 680 1630 750 insuper
1659 673 1944 749 angelicis
1975 689 2118 743 quo-

471 799 584 856 que
614 779 920 838 ordinibus
952 774 1152 846 hujus,
1188 787 1369 842 quam
1390 765 1798 832 meminimus,
1830 764 2107 818 incorru-

467 853 799 945 ptibilitatis
825 865 938 923 fuit
957 863 1204 929 auctrix,
1226 853 1728 932 quemadmodum
1751 857 2040 925 praeterea
2059 854 2119 904 et

468 939 645 1018 rebus
675 957 971 1022 omnibus,
1005 953 1074 1008 de
1107 949 1322 1021 quibus
1351 946 1576 1001 dictum
1609 947 1720 1010 est,
1780 939 2116 996 existentise

468 1067 646 1108 causa
672 1045 916 1104 exstitit.

539 1139 738 1195 XVIII.
775 1137 986 1188 Verum
1019 1144 1136 1200 quo
1167 1125 1409 1182 tandem
1438 1121 1734 1195 quispiam
1759 1118 2115 1186 nomine,ne

467 1227 612 1301 quid
641 1223 821 1279 nimis
851 1220 1007 1275 infra
1036 1216 1385 1290 dignitatem
1422 1213 1532 1269 fari
1582 1209 1872 1278 videatur,
1921 1223 2117 1263 sacra-

467 1295 766 1372 tissimum
787 1312 898 1365 hoc
927 1325 996 1363 ac
1039 1306 1218 1379 plane
1261 1301 1700 1376 dignissimum,
1757 1295 1916 1370 quod
1965 1297 2116 1350 Deus

469 1400 1134 1471 eﬂ‘ormaverit,germen
1147 1391 1506 1466 compellare
1523 1387 1749 1462 possit?
1765 1389 1879 1444 Aut
1901 1383 2117 1458 quibus

469 1515 601 1554 eam
655 1493 932 1550 laudibus
989 1487 1256 1558 undique
1296 1497 1672 1549 exornemus,
1705 1496 1739 1534 a
1771 1495 1888 1550 qua
1935 1475 2117 1531 tantis

467 1585 777 1644 beneﬁciis
807 1578 1091 1638 cumulati
1123 1591 1329 1632 sumus
1349 1573 1377 1628 ‘l
1407 1573 1463 1626 Si
1513 1571 1596 1626 ita
1646 1568 1834 1636 vobis,
1879 1566 2114 1635 fratres,

467 1673 974 1749 quemadmodum
1005 1672 1165 1724 certe
1196 1671 1256 1722 et
1282 1663 1452 1728 mihi,
1486 1661 1737 1728 videtur,
1794 1674 1898 1730 pro
1949 1671 2116 1711 acce-

463 1747 580 1840 ptis
611 1765 684 1821 ab
717 1780 785 1821 ea
811 1758 1120 1816 beneﬂciis
1163 1754 1343 1811 simul
1392 1768 1526 1808 cum
1579 1748 1802 1820 angelis
1850 1747 2009 1816 (nam
2058 1747 2117 1798 et

465 1837 703 1930 angelos
715 1851 952 1924 hymnis
967 1847 1346 1920 purissimam
1359 1843 1520 1898 illam
1537 1839 1837 1897 celebrare
1846 1837 1984 1892 mihi
1997 1851 2118 1890 cer-
2141 1869 2192 1936 Β

463 1953 594 2002 tum
617 1943 725 2015 est)
740 1942 1004 1998 divinum
1021 1937 1190 1993 illum
1205 1934 1483 1990 nuntium
1501 1931 1762 2002 Deiparae
1778 1931 2116 2000 repetamus

467 2038 605 2104 Ave,
635 2034 824 2104 gratia
846 2029 1021 2101 plena
1048 2025 1118 2092 ²⁰,
1137 2042 1244 2096 per
1273 2039 1453 2095 quam
1475 2019 1672 2077 omnis
1695 2023 1966 2074 creatura
1980 2030 2117 2088 gau-

465 2126 598 2189 det;
631 2123 889 2178 Dominus
919 2125 1117 2184 tecum,
1150 2113 1250 2184 qui
1282 2111 1389 2167 tibi
1440 2109 1630 2166 adfuit
1658 2113 1716 2163 et
1745 2113 1883 2163 ante
1912 2105 2114 2174 vitam,

464 2219 523 2270 et
553 2229 689 2268 cum
719 2210 918 2284 genita
949 2224 1034 2274 es,
1066 2211 1126 2260 et
1156 2208 1293 2260 ante
1347 2200 1786 2266 salutationem,
1837 2201 1896 2251 et
1923 2195 1980 2249 in
2014 2193 2116 2249 illa

464 2309 524 2358 et
551 2303 668 2357 alio
691 2299 868 2354 modo
891 2301 1024 2367 post
1047 2294 1209 2348 illam
1241 2291 1380 2363 (42).
1406 2292 1516 2344 Pro
1548 2285 1860 2342 beneflciis
1890 2287 2114 2349 autem,

465 2393 683 2464 quibus
714 2388 786 2444 ab
817 2404 887 2442 ea
917 2384 1086 2440 ditati
1119 2397 1349 2444 sumus,
1377 2377 1778 2448 nosmetipsos
1802 2375 1864 2428 in
1899 2389 1968 2429 ea
1989 2389 2118 2427 ser-

465 2497 672 2536 vemus
701 2477 981 2543 novitate,
1015 2487 1191 2545 quam
1220 2486 1326 2542 per
1353 2465 1867 2540 regenerationem
1917 2462 2114 2534 adepti

465 2583 704 2636 sumus;
739 2581 932 2636 neque
965 2562 1127 2620 enim
1158 2559 1275 2615 alia
1299 2574 1364 2612 re
1407 2556 1593 2628 magis
1624 2551 2119 2610 innocentissima

463 2659 569 2714 illa
597 2656 943 2713 delectatur.
994 2649 1161 2716 Quod
1190 2648 1420 2703 utinam
1471 2642 1706 2714 assequi
1754 2656 2116 2708 mereamur,

462 2747 742 2820 precibus
775 2737 1315 2799 intemeratissimaa
1347 2740 1524 2806 atque
1572 2730 1965 2788 immaculata;
2015 2727 2118 2783 Dei

465 2815 648 2904 li'ilizie,
673 2834 748 2890 ad
767 2832 1019 2906 gloriam
1042 2823 1472 2898 omnipotentis
1493 2827 1553 2878 et
1575 2825 1794 2877 sanctae
1817 2815 2120 2874 Trinitatis

464 2926 558 2982 cui
570 2924 760 2998 gloria
772 2905 1023 2978 debetur
1041 2919 1104 2972 in
1122 2915 1485 2987 sempiterna
1506 2911 1861 2967 saeculorum
1879 2905 2116 2963 szecula.

465 3017 678 3070 Amen.

1112 3129 1344 3184 SERMO
1383 3128 1454 3180 II.

2223 581 2284 635 ὅν
2315 580 2609 656 εἰρήκαμεν
2635 581 2856 652 τρόπον·
2889 579 2980 636 καὶ
3021 581 3085 636 σὺ
3127 584 3291 635 τοῦτο
3338 581 3532 653 μόνον,
3581 580 3727 637 ἀλλά
3779 580 3874 636 καὶ

2221 667 2541 746 ἀφθαρσίας,
2572 671 2638 740 ἤν
2672 672 2700 726 ὁ
2733 668 2901 745 λόγος
2929 667 3146 740 ἔδειξεν,
3204 669 3348 724 αίτία
3398 673 3478 742 τῷ
3530 675 3712 742 νοητῷ
3753 668 3880 748 φαί-

2222 779 2370 814 νεται
2429 756 2733 833 διακόσμῳ,
2777 761 2852 820 ὡς
2895 757 2985 814 καὶ
3038 758 3320 835 γενέσεως,
3379 759 3462 820 οἷς
3520 758 3654 832 ὑπὲρ
3708 763 3878 814 τοῦτο

2223 843 2488 902 δέδεικται
2518 853 2701 904 πᾶσιν.

2295 1125 2404 1182 1Π¹.
2464 1119 2642 1180 Ἀλλά
2697 1121 2749 1176 τί
2799 1119 2860 1176 ἄν
2927 1141 3010 1183 τις
3066 1121 3129 1176 τὸ
3189 1117 3642 1195 θεουργικώτατον
3695 1125 3867 1174 τοῦτο

2223 1215 2535 1292 προσειπὼν
2584 1211 2676 1268 καὶ
2731 1210 3344 1285 πλαστουργικώτατον,
3399 1208 3472 1268 ὡς
3513 1207 3704 1274 εἰπεῖν,
3746 1207 3876 1282 γέν-

2223 1327 2396 1380 νημα,
2432 1306 2509 1379 μὴ
2539 1301 2732 1378 πόῤῥω
2772 1303 2870 1356 τοῦ
2913 1299 3050 1374 πρὸς
3099 1296 3246 1368 ἀξίαν
3292 1294 3462 1367 δόξειε
3513 1294 3769 1372 φράζε-κη
3801 1297 3876 1350 "E

2223 1395 2341 1454 τίνα
2389 1395 2449 1450 ἅν
2507 1393 2600 1449 τὸν
2639 1389 2828 1446 σῒκότα
2881 1387 3169 1458 πλέξαντες
3225 1383 3564 1457 ἀποδοίημεν
3622 1380 3871 1439 ἔπαινον.

2224 1484 2342 1550 ὅθεν
2399 1486 2632 1539 τοσαῦτα
2683 1479 3168 1554 εὖηργετήθημεν;
3230 1473 3387 1533 Ἀλλ’
3460 1473 3510 1530 εἴ
3561 1475 3650 1529 καὶ
3712 1474 3870 1546 ὑμῖν,

2222 1575 2472 1654 ἀδελφοὶ,
2505 1573 2580 1638 ὥς
2606 1593 2669 1648 γε
2695 1569 2864 1646 κάμοὶ
2898 1565 3166 1638 συνδοκεῖ,
3202 1567 3330 1642 ὑπὲρ
3371 1567 3465 1639 μὲν
3505 1570 3612 1621 τῶν
3662 1563 3870 1634 ταύτης

2222 1653 2466 1742 χαρίτων
2517 1667 2676 1737 κοινῇ
2723 1661 2838 1734 μετ’
2897 1657 3170 1734 ἀγγέλων·
3221 1655 3480 1729 πείθομαι
3529 1655 3633 1730 γὰρ
3690 1653 3868 1708 κάκεί-

2219 1775 2342 1817 νους
2382 1755 2480 1822 τήν
2527 1753 2790 1826 πάναγνον
2849 1753 3154 1822 συνυμνεῖν·
3211 1746 3276 1801 τὸ
3331 1746 3474 1800 θεῖον
3536 1743 3706 1799 ἐκεῖνο
3757 1745 3868 1816 μή·

2220 1865 2366 1918 νυμα
2420 1846 2490 1916 τῇ
2547 1839 2794 1914 Θεοτόκῳ
2881 1836 3282 1914 προσείπωμεν·
3335 1839 3500 1908 Χαῖρε
3555 1851 3868 1908 κεχαριτω-

2226 1936 2386 2010 μένη,
2446 1932 2515 1990 δι’
2571 1937 2639 2003 ἧς
2697 1931 2878 2008 χαίρει
2937 1927 3367 1998 πᾶσαὴκτίσιςο
3401 1927 3429 1981 ὁ
3472 1925 3672 2000 Κύριος
3733 1925 3869 1996 μετὰ

2223 2031 2340 2096 σοῦ,
2400 2027 2460 2089 ὅς
2511 2045 2595 2078 σοι
2650 2029 2828 2097 παρῆν
2887 2020 2979 2076 καὶ
3033 2019 3140 2094 πρὸ
3225 2021 3320 2073 τοῦ
3379 2015 3524 2090 βίου,
3599 2015 3688 2070 καὶ
3745 2035 3870 2090 γεν-

2218 2116 2467 2191 νηθείσῃ,
2496 2114 2584 2169 καὶ
2617 2114 2722 2188 πρό
2780 2131 2843 2188 γε
2883 2114 2980 2165 τοῦ
3031 2109 3343 2181 ἀσπασμοῦ,
3405 2104 3495 2160 καὶ
3551 2105 3666 2159 κατ’
3723 2101 3869 2158 ἐκεῖ-

2219 2227 2310 2260 νον
2340 2203 2431 2275 δὴ,
2461 2203 2551 2259 καὶ
2587 2203 2702 2276 μετ’
2733 2201 2932 2256 ἐκεῖνον
2991 2194 3194 2274 τρόπον
3236 2192 3437 2270 ἕτερον.
3499 2194 3640 2250 ³Ανθ’
3689 2192 3762 2246 ὧν
3817 2187 3866 2245 δ’

2222 2292 2599 2366 ἀπελαύσαμεν
2631 2289 2848 2366 δωρεῶν
2880 2287 3103 2355 ἐκεῖθεν,
3134 2287 3282 2358 ἡμᾶς
3341 2281 3534 2344 αὐτοὺς
3585 2278 3870 2336 διασώσων

2225 2405 2345 2458 μεν,
2404 2381 2558 2444 οἵους
2619 2377 2708 2436 διὰ
2765 2386 2866 2448 τῆς
2921 2377 3320 2450 ἀναγεννήσεως
3403 2370 3735 2446 ἐνεούρησεν·
3797 2369 3868 2423 οὗ

2225 2471 2438 2545 μᾶλλον
2472 2469 2658 2527 οὐδενὶ
2687 2467 2794 2524 τῶν
2839 2465 3088 2522 ἁπάντων
3145 2466 3180 2532 ἡ
3233 2463 3504 2538 πάναγνος
3544 2461 3748 2535 χαίρει·
3803 2459 3869 2514 οὗ

2218 2562 2311 2633 καὶ
2341 2567 2530 2636 τυχεῖν
2561 2559 2920 2630 ἀξιωθείημεν
2970 2553 3149 2615 λιταῖς
3195 2559 3296 2622 τῆς
3345 2549 3729 2625 παναχράντου
3781 2545 3877 2602 καὶ

2225 2653 2534 2725 ἀμωμήτου
2573 2644 2871 2708 Θεόπαιδος
2921 2645 2996 2708 εἷς
3049 2641 3206 2717 δόξαν
3251 2647 3354 2711 τῆς
3402 2643 3728 2704 πανσθενοῦς
3774 2637 3870 2692 καὶ

2225 2743 2384 2818 ἁγίας
2413 2737 2670 2816 Τριάδος,
2767 2737 2961 2812 πρέπει
2992 2733 3120 2805 δόξα
3158 2733 3234 2795 εἷς
3284 2731 3616 2805 ἀπεράντους
3669 2727 3874 2790 αἶῶνας

2220 2835 2328 2886 τῶν
2357 2830 2588 2886 αἰώνων.
2625 2829 2798 2900 Ἀμήν
2811 2868 2824 2884 .

2864 3122 3094 3182 ΛΟΓΟΣ
3135 3120 3210 3178 B'.

457 3283 524 3336 1n
552 3283 855 3348 ingressum
896 3272 1420 3348 immaculatissima'
1448 3264 1708 3348 Domina?
1751 3269 1958 3348 nostra;
2009 3259 2114 3316 Dei

2230 3275 2316 3335 Εἰς
2373 3272 2472 3342 τὴν
2531 3270 2606 3330 εἰς
2671 3269 2740 3322 τὰ
2817 3267 2984 3340 ’Δγια
3054 3267 3161 3318 τῶν
3238 3259 3402 3334 ἀγίων
3477 3254 3689 3348 ε’ίσρδον
3764 3263 3871 3326 τῆς

2533 3341 2544 3348 .
2774 3344 2781 3348 .
2945 3338 2957 3348 ,
3186 3335 3199 3348 .
3266 3337 3294 3348 ...
3423 3337 3455 3348 Α
3853 3329 3871 3348 ι

531 3335 826 3408 ϐεῆἰενὶσίε
881 3352 931 3400 et
985 3359 1197 3414 semper
1251 3339 1483 3410 virginis
1549 3337 1741 3392 Maria;
1779 3337 1854 3390 ad
1909 3335 2114 3390 Sancta

527 3428 858 3479 sanctorum.

531 3576 575 3629 Ι.
607 3568 1118 3638 Quemadmodum
1141 3565 1189 3621 si
1213 3578 1440 3619 sacram
1464 3575 1735 3617 mensam
1757 3563 1897 3614 tunc
1919 3556 2110 3613 solum

461 3661 800 3720 adeundam
834 3658 966 3730 quis
999 3655 1411 3720 arbitraretur,
1447 3667 1581 3707 cum
1609 3666 1678 3705 ea
1707 3647 1932 3718 omnia,
1979 3662 2111 3716 qua:

460 3758 583 3810 tam
613 3748 852 3806 sublimi
883 3745 1168 3818 mysterio
1199 3744 1600 3799 consentanea
1628 3743 1787 3806 sunt,
1837 3739 2112 3792 accurate

461 3858 693 3899 servare
725 3838 836 3895 sibi
877 3835 1198 3902 videretur,
1260 3846 1590 3901 nunquam,
1639 3833 1706 3884 ut
1757 3826 1989 3898 opinor,
2038 3822 2114 3878 ad

461 3948 690 3988 cumam
722 3929 980 3984 divinam
1010 3923 1356 3981 accederet:
1381 3917 1705 3992 (quomodo
1729 3915 1889 3972 enim
1911 3915 2111 3982 homo,

460 4021 564 4090 qui
605 4033 801 4087 neque
851 4017 898 4069 si
947 4029 1128 4068 unam
1178 4016 1406 4066 tantum
1458 4008 1618 4063 diem
1665 4005 1874 4061 vixerit
1901 4003 1970 4074 ει,
2025 4001 2114 4057 uti

462 4123 632 4164 sacra
651 4103 892 4161 oracula
904 4103 1254 4172 loquuntur,
1279 4099 1406 4154 sine
1430 4096 1662 4152 macula
1682 4109 1810 4150 esse
1827 4091 2113 4160 creditur,

461 4195 926 4253 mundissimum
948 4189 1097 4245 illud
1109 4186 1486 4256 terrenisque
1505 4183 1784 4239 omnibus
1798 4180 2114 4236 sublimius

461 4295 753 4366 condigne
783 4291 1075 4362 attingere
1105 4299 1371 4356 unquam
1401 4280 1713 4337 videantur
1735 4280 1784 4350 τ)
1833 4279 1917 4334 ita
1954 4277 2114 4349 quis-

461 4386 597 4455 quis
610 4397 947 4438 sermonem
959 4378 1072 4434 sibi
1093 4373 1422 4448 praestituat
1441 4369 1779 4440 eﬂ'erre,qui
1799 4368 2117 4440 purissima

463 4472 580 4542 (43)
611 4469 712 4524 illa
759 4473 818 4523 et
874 4467 974 4522 Dei
1037 4463 1212 4519 Verbi
1274 4460 1570 4518 Genitrice
1627 4457 1959 4530 condignus
2017 4459 2114 4528 sit,

2293 3329 2728 3422 παναχράντουη
2761 3329 3054 3422 Δεσποίνης
3176 3329 3335 3406 ἡμῶν
3419 3329 3684 3386 Θεοτόκου
3776 3329 3873 3383 καὶ

2293 3409 2643 3490 ἀειπᾶῥθένου
2675 3409 2914 3486 Μαρίας.

2292 3568 2376 3627 Δ’.
2407 3563 2661 3640 Καθάπερ
2691 3568 2760 3638 τῇ
2817 3563 2938 3635 ἱερᾷ
2983 3555 3222 3633 τραπέζῃ
3273 3555 3320 3610 εἰ
3365 3554 3490 3610 τότε
3546 3555 3708 3628 μόνον
3755 3550 3870 3608 δεῖν

2220 3677 2304 3720 τις
2335 3653 2474 3729 ᾢετο
2504 3651 2804 3730 προσιέναι,
2853 3647 3016 3718 ἡνίκα
3067 3643 3126 3700 ἄν
3185 3644 3324 3720 πρὸς
3381 3641 3554 3698 ἐκεῖνο
3607 3643 3672 3697 τὸ
3729 3641 3872 3714 ὕψος

2221 3725 2408 3801 tot!)th
2465 3725 2708 3818 ἀκριϐῶς
2761 3738 3008 3814 συνορῴη
3066 3733 3134 3790 τά
3186 3730 3370 3788 δέοντα
3428 3731 3639 3802 σώζειν,
3709 3725 3871 3783 ούδὲ-

2221 3835 2344 3890 ποτ³
2377 3831 2438 3888 ἂν
2499 3815 2697 3906 ενγιον,
2764 3828 2950 3902 οἶμαι,
3006 3827 3102 3880 τοῦ
3151 3821 3296 3878 θείου
3352 3821 3566 3906 γένοιτο
3623 3815 3870 3874 δείπνου·

2221 3927 2330 3980 ποῦ
2365 3922 2469 3998 γὰρ
2496 3904 2804 3995 ἄνθρωπος,
2831 3915 2910 3985 ὃς,
2944 3909 3058 3970 οὐδ’
3113 3911 3160 3968 εἲ
3219 3909 3343 3986 μίαν
3397 3904 3680 3984 βεϐιωκὼς
3727 3907 3874 3980 aps.

2225 4034 2320 4090 ραν
2352 3992 2464 4084 sin,
2495 4010 2569 4071 ὡς
2595 3992 2663 4064 τὰ
2710 4005 2828 4072 θεῖά
2883 4025 3014 4082 φησι
3072 3999 3261 4077 λόγια,
3311 4000 3489 4075 ῥύπου
3533 3999 3710 4071 μένειν
3761 3992 3873 4066 ἔξω

2223 4101 2593 4171 πεπίστευται,
2649 4094 3015 4173 προσομιλεῖν
3071 4091 3132 4146 ἄν
3189 4110 3314 4146 τοτε
3364 4089 3500 4164 πρὸς
3557 4086 3704 4156 ἀξίαν
3759 4106 3866 4164 φα·-

2221 4192 2338 4262 νείη
2369 4196 2448 4264 τῷ
2511 4187 2876 4262 παναχράντῳ
2924 4180 3112 4255 ἐκείνῳ
3168 4178 3256 4236 καὶ
3301 4177 3615 4251 περιπεζίου
3663 4175 3871 4238 παντὸς

2223 4262 2515 4355 ἀνωτέρῳ;
2575 4276 2804 4338 οὕτωςὸ
2840 4275 2938 4343 τήν
2985 4269 3134 4339 ἀξίαν
3191 4265 3487 4322 ἀποδοῦναι
3543 4265 3728 4342 φωνήν
3792 4262 3869 4336 τῇ

2225 4369 2557 4444 παναμώμῳ
2618 4369 2792 4435 ζητῶν
2837 4359 2928 4418 καὶ
2978 4358 3148 4432 μητρὶ
3195 4359 3290 4410 τοῦ
3347 4356 3482 4409 Θεοῦ
3538 4350 3716 4426 Λόγου
3753 4356 3870 4407 τῶν

2225 4439 2688 4532 ἀλάλὲονίχθύων
2747 4448 2896 4508 οὐδὲν
2957 4449 3058 4524 ἄρα
3113 4444 3328 4502 διοίσει³
3381 4441 3504 4500 ἀλλ’
3552 4439 3734 4516 ὥσπερ
3791 4447 3879 4515 τῷ

464 4563 615 4620 nihil
647 4561 945 4618 enimvero
975 4575 1010 4614 a
1039 4556 1220 4613 mutis
1253 4554 1513 4626 piscibus
1545 4551 1763 4606 distare
1794 4549 2110 4606 videbitur.

2230 4549 2448 4626 γαληνῷ
2485 4528 2582 4600 τοῦ
2630 4547 2892 4616 Σωτῆρος
2939 4533 3353 4613 τεθαρρηκότες,
3399 4539 3501 4602 τῆς
3545 4528 3874 4607 ἀπορρήτου

532 4715 578 4750 ²⁰
609 4717 744 4770 Luc.
771 4729 810 4780 ι,
841 4715 931 4766 28.
1008 4711 1053 4745 ’ί
1085 4707 1190 4764 Job
1224 4723 1340 4772 xiv,
1373 4707 1428 4772 4,
1471 4719 1590 4759 sec.
1623 4701 1776 4757 LXX.

1806 4801 1952 4860 Ant.
1984 4797 2282 4862 Ballerini
2311 4803 2500 4859 notae.

464 4943 1029 5017 incomptibiliorem
1079 4937 1456 5017 angelis-eam
1490 4949 1620 5017 Iesse
1657 4933 2108 5017 existimandum,

465 5005 588 5093 quae
628 5005 1553 5093 angelorumAingoﬁuptibititqtis
1612 5009 1777 5073 atque
1831 5005 2113 5093 ﬁrmitatis

466 5077 690 5148 ἆυοίνὶω
703 5077 1014 5146 "exstiterit.
1046 5085 1174 5144 Non
1205 5077 1342 5148 ergo
1370 5077 1840 5148 Isidorussuam
1867 5080 2114 5148 senten-

469 5145 610 5220 tiam
636 5145 731 5218 'ita’
753 5162 1034 5223 coarctat,
1069 5160 1134 5210 ut
1162 5155 1227 5209 in
1258 5145 1458 5222 aliquo
1481 5145 1706 5223 angelis
1729 5145 1978 5223 cessisse
2001 5149 2114 5223 Μει-

467 5216 617 5291 111313
643 5216 964 5306 significet.
995 5216 1240 5306 Interim
1270 5216 1509 5306 cumex
1560 5216 1732 5306 dictis
1780 5216 1958 5306 plane
2007 5217 2112 5306 ab-

469 5287 871 5369 surdumusit,
911 5299 1138 5374 angelis
1195 5291 1477 5374 puritatis.
1525 5303 1824 5374 summum
1882 5287 2112 5370 adeptis

467 5391 642 5446 posse
673 5391 808 5430 eum
839 5360 1503 5446 purioarempraedicari.
1537 5360 1658 5440 qui,
1679 5373 1752 5412 ne
1777 5374 1932 5440 ,θέλω
1981 5360 2114 5444 {lni-

469 5429 604 5499 dem
654 5429 1057 5500 summitatem
1113 5429 1396 5512 attigerit,
1458 5429 1588 5504 qua}
1645 5430 1706 5512 in
1754 5429 2113 5512 immunitate

467 5515 679 5572 actuali
707 5530 742 5569 a
771 5521 1008 5584 peccato
1041 5501 1306 5584 constitit
1333 5526 1348 5575 ;
1380 5501 1634 5584 cumque
1666 5501 1915 5584 Deipara
1943 5504 2111 5584 Virgo

465 5603 590 5643 non
621 5568 800 5640 unius
831 5568 1071 5653 quidem
1103 5588 1204 5637 aut
1231 5568 1641 5653 alterius,_s-ed.
1681 5568 1944 5653 omnium
1999 5568 2114 5653 Pa-

465 5665 624 5714 trum
655 5644 952 5712 consensu
980 5660 1261 5722 tanquam
1319 5649 1546 5705 cunctis
1593 5645 1905 5722 virtutibus
1949 5644 2112 5713 puri-

461 5713 584 5788 tate
633 5725 1000 5785 antecellens
1049 5713 1426 5786 celebretur;
1482 5735 1551 5773 eo
1597 5717 1723 5788 ipse
1777 5713 2110 5770 universam

2221 4930 2497 4987 Ecclesia:
2527 4925 2906 4984 traditionem
2929 4917 3284 4978 omnimodae
3306 4913 3560 4988 Virginis
3585 4911 3876 4967 immuni-

2222 4985 2626 5074 taitiiaiquovis
2655 5001 2896 5070 peccato
2929 4985 3690 5074 suﬂ‘ragantemnbabemus.

2293 5053 2780 5146 (12")1Palam‘est,
2829 5053 3145 5146 auctorem
3200 5058 3536 5146 significare
3582 5053 3871 5146 volujisse,

2223 5125 2409 5202 ne‘dﬁi
2438 5125 2914 5214 nunquam'cu‘m
2946 5133 3124 5214 Maria
3169 5125 3294 5214 non
3324 5131 3509 5214 fuisse
3526 5145 3538 5183 :
3575 5125 3736 5198 quod
3767 5143 3876 5182 ex-

2221 5200 2493 5288 pressum
2523 5200 2692 5286 putat
2742 5212 2806 5266 in
2843 5203 3292 5288 illouEvange’li,
3347 5200 3612 5288 Dominus
3671 5205 3870 5254 tecum.

2222 5274 2296 5342 Ἀι
2323 5287 2449 5342 haec
2471 5274 2708 5356 quoque
2738 5277 3054 5356 sententia,
3085 5274 3328 5356 utialias
3359 5274 3636 5356 vidimus,
3669 5281 3874 5356 neces-

2223 5359 2379 5432 sario
2410 5333 2690 5432 postulat,
2723 5368 2810 5432 ne.
2853 5333 3054 5432 ipsum
3104 5348 3236 5432 vitae
3289 5346 3528 5432 initium
3583 5333 3644 5397 in
3687 5333 3872 5432 Maria

2222 5411 2549 5485 Ai'i’emﬁaa
2576 5411 2693 5481 Deo
2723 5411 3114 5480 existimetur.
3149 5419 3309 5476 Adeo
3331 5436 3392 5476 se
3412 5417 3630 5486 ubique
3656 5411 3872 5486 sponte

2220 5477 2836 5571 pr—od-it-Hascﬁatrum‘
2857 5477 3158 5571 mentibus
3187 5491 3302 5548 alte
3341 5489 3524 5571 infixa
3537 5477 3829 5571 Doctrina.
3851 5477 3865 5532 ι

2291 5549 2414 5640 (ὧδ’
2431 5549 2573 5624 Vide
2587 5549 2697 5623 mlo
2705 5549 2828 5622 rem
2855 5565 2919 5621 in
2938 5564 3202 5640 Ecclesia
3239 5567 3560 5640 receptum,
3674 5549 3877 5640 Elaris.

2219 5621 2688 5698 an‘tonemastice
2734 5621 2836 5706 τῆς
2887 5633 3254 5708 παναμώμου,
3308 5621 3456 5686 οπῖηί
3507 5621 3726 5678 macula
3775 5637 3876 5677 ca-

2219 5715 2414 5780 rentis,
2447 5712 2692 5768 nomine
2723 5710 3158 5782 indigitaretur.
