4030 6212
195 301 256 359 Η
1039 292 1298 360 8ΕΠΜΟ
1343 297 1422 359 IN
1469 293 1839 358 PRESEN'I

1965 293 2202 356 IONEM
2247 293 2318 353 Β.
2364 293 2440 356 ν.
2487 295 2788 359 ΜΛΒῘΛΕ.
3538 313 3618 374 42

188 429 457 503 γενόμεθα
516 425 733 497 διαίτης
791 425 1035 499 ἐκείνης,
1092 429 1182 484 καὶ
1236 426 1327 484 διὰ
1376 434 1543 485 τοῦτο
1596 428 1833 504 μάλιστα

1972 431 2187 520 Verum
2219 429 2370 520 sicut
2401 429 2624 485 ati‘abili
2656 433 2968 491 Salvatoris
2991 436 3355 513 benignitate
3384 449 3617 520 conﬁsi,

185 519 258 576 ’ἶν’
318 520 412 574 ’ὅτι
473 517 629 594 ῥῦπος
681 515 899 582 εἰδότες
976 522 1140 593 ἡμεῖς
1207 523 1277 594 τῇ
1363 519 1629 592 κοινωνίᾳ
1697 521 1864 576 καθα-

193 612 516 686 γνισθιῖῳεν,
547 609 638 662 τὸν
684 606 820 663 ’ἶσον
866 607 934 678 δὴ
995 612 1193 684 τρόπον
1243 609 1377 666 κάπὶ
1434 617 1534 681 τῆς
1593 608 1859 686 μακαρίας

199 698 476 774 λογιστέον
545 699 847 771 Παρθένου·
906 699 998 754 καὶ
1085 696 1173 754 διὰ
1227 704 1390 755 τοῦτο
1447 701 1614 774 ταύτῃ
1680 720 1860 775 προσ-

203 785 458 856 λαλητέον
484 785 565 848 εἷς
610 784 873 860 δύναμιν,
937 788 1013 851 ὡς
1071 786 1130 845 ἂν
1189 785 1258 844 δι’
1321 788 1397 843 ὧν
1457 789 1624 857 αὐτὴν
1684 809 1862 864 προσ-

209 881 487 949 ομνοῦμεν,
582 875 659 930 ὧν
735 877 1024 956 εἴργασται
1108 875 1432 953 παραδόξων
1525 878 1858 952 μεμνημένοι

202 969 555 1037 πραγμάτων,
643 967 920 1042 ἃγιασμὸν
984 967 1076 1022 καὶ
1151 964 1390 1038 κηλῖδος
1456 966 1859 1045 ἆποφερώμεθα

189 1051 472 1111 ἷκελυσιν.

247 1325 326 1382 3⁸.
358 1325 522 1380 Ἔστι
558 1323 654 1397 μὲν
679 1321 775 1378 οὖν
805 1321 924 1380 οὐδ’
956 1324 1015 1380 ἄν
1055 1320 1111 1379 ἵν
1164 1328 1273 1380 τῶν
1332 1327 1448 1380 κατ’
1508 1324 1698 1394 αὐτὴν,
1759 1321 1855 1377 οὗ·

181 1410 294 1483 δὶν,
330 1412 363 1468 ὅ
409 1416 487 1486 μή
529 1415 816 1490 μόρφωσιν
871 1412 1139 1484 ἐντίθησιν
1195 1414 1532 1488 ἁγιαστικήν,
1584 1414 1630 1485 ᾦ
1688 1411 1855 1486 λόγος

177 1509 348 1559 ταῦτα
377 1503 725 1581 λογίζεσθαι,
759 1503 981 1568 οὐδενὸς
1018 1503 1062 1560 δ’
1105 1507 1269 1575 ἧττον
1301 1505 1394 1560 καὶ
1428 1507 1463 1574 ἡ
1507 1504 1584 1567 εἷς
1636 1504 1702 1559 τὰ
1747 1507 1856 1558 τῶν

179 1596 352 1670 ἁγίων
375 1598 552 1671 ’Δγια
581 1591 822 1656 ε’ίσοδοςο
869 1593 900 1649 ὅ
957 1599 1036 1668 τῷ
1092 1600 1167 1667 νῷ
1224 1594 1526 1670 παραστάν,
1570 1593 1630 1648 ἐκ
1656 1593 1854 1648 τούτου

178 1684 230 1756 γ’
259 1682 442 1753 εὸθῦς,
503 1685 534 1737 ὅ
583 1683 834 1738 καλεῖται
903 1683 1208 1763 χαρίζεται,
1270 1685 1315 1756 ᾧ
1347 1682 1631 1759 προῦργου
1665 1703 1850 1757 περιε-

182 1771 394 1827 λίττειν
440 1769 595 1828 ἔνδον
659 1773 807 1829 αὐτό·
876 1773 1002 1846 περὶ
1057 1774 1118 1828 οὗ
1179 1773 1269 1828 καὶ
1327 1777 1417 1827 νῦν
1477 1775 1615 1845 ἡμῖν
1680 1772 1850 1826 εἰπεῖν

183 1861 276 1932 εἵη
307 1863 696 1935 κεκινημένοις
734 1861 826 1917 καὶ
884 1867 1012 1917 νοῦ-θ
1072 1863 1185 1936 ἅμα
1239 1863 1328 1917 καὶ
1385 1861 1637 1936 γλῶτταν
1695 1863 1848 1935 ἁγια-

185 1955 420 2021 σθῆνιιι,
477 1953 572 2006 καί
631 1973 683 2006 τι
734 1950 1094 2020 κατάλληλον
1147 1950 1467 2030 φθέγξασθαι
1525 1954 1594 2024 τῇ
1651 1949 1846 2005 τούτου

181 2039 582 2114 προσωνυμίᾳ,
617 2038 757 2095 ἆ).λᾶ
812 2043 888 2114 μὴ
949 2045 1031 2112 τῷ
1090 2039 1213 2114 ὕψει
1243 2041 1580 2095 παντάπασιν
1640 2037 1844 2110 ἀπᾷδον

176 2137 279 2198 τῆς
312 2130 728 2204 παναχρὰντου,
762 2131 805 2186 εἶ
859 2129 949 2185 καὶ
1008 2133 1105 2185 τοῦ
1143 2130 1279 2203 πρὸς
1337 2129 1504 2202 ἀξίαν,
1548 2128 1578 2183 6'
1635 2130 1845 2191 πάντως

177 2218 346 2288 ἔσται,
381 2215 616 2274 ἀποδεῖν
651 2214 895 2291 συμϐαίη
920 2224 1002 2292 τῷ
1035 2218 1208 2295 λόγῳ.

1978 518 2444 574 inenarrabilem
2475 520 2648 576 illum
2679 522 2875 578 cibum
2907 525 3308 600 degustamus,
3341 534 3520 606 idque
3551 518 3622 596 ea

1977 609 2232 664 maxime
2263 609 2334 665 de
2367 625 2566 678 causa,
2598 617 2662 665 ut
2700 628 2734 666 a
2791 615 3061 685 maculis,
3111 637 3364 691 quarum
3395 629 3618 684 conscii

1975 698 2145 753 nobis
2160 715 2500 770 sumus,per
2516 703 2998 760 communionem
3015 711 3436 783 emundemur;
3458 733 3619 773 eum-

1974 786 2110 844 dem
2142 789 2203 844 in
2234 790 2476 844 modum
2505 795 2562 844 et
2592 790 2662 844 de
2693 789 2866 848 beata
2888 793 3126 867 Virgine
3156 801 3616 864 existimandum

1974 882 2188 944 est;ac
2209 883 2518 950 propterea
2571 895 2766 935 sermo
2796 898 2901 952 pro
2952 885 3172 943 viribus
3217 889 3615 954 instituendus

1971 967 2042 1022 de
2075 968 2204 1038 ipsa
2233 973 2342 1040 est,
2375 975 2439 1024 ut
2469 986 2602 1025 cum
2637 970 2956 1040 mirabilia,
2983 992 3112 1045 quin
3131 979 3330 1050 gessit,
3357 998 3617 1041 comme-

1967 1059 2530 1132 moraverimus,per
2558 1061 2684 1116 haec
2713 1061 2944 1131 eadem,
2976 1072 3218 1138 prOpter
3249 1086 3380 1141 quas
3410 1072 3616 1131 laudes

1969 1147 2096 1219 ejus
2127 1148 2515 1218 celebramus,
2545 1151 2658 1222 ipsi
2686 1152 3224 1213 sanctificationem
3255 1164 3314 1214 et
3351 1163 3617 1220 macula-

1965 1253 2100 1292 rum
2123 1238 2490 1295 ablutionem
2523 1256 2986 1312 consequamur.

2037 1329 2106 1382 Il.
2139 1331 2428 1384 Caeterum
2452 1346 2584 1384 cum
2613 1346 2976 1402 eorum,quae
3008 1333 3082 1389 ad
3103 1335 3292 1406 ipsam
3323 1344 3610 1411 spectant,

1965 1418 2116 1473 nihil
2149 1418 2391 1473 omnino
2426 1419 2520 1485 sit,
2555 1419 2735 1489 quod,
2769 1421 2817 1474 si
2850 1428 3050 1477 mente
3082 1423 3397 1495 diligenter
3424 1429 3613 1486 volva-

1965 1513 2082 1576 tur,
2115 1509 2368 1564 formam
2430 1509 2948 1566 sanctiﬁcatricem
3005 1516 3437 1587 contemplanti
3490 1536 3612 1576 non

1965 1598 2195 1669 ingerat
2250 1599 2360 1669 (44)
2410 1615 2422 1651 :
2480 1603 2606 1653 tum
2656 1616 2792 1655 vero
2848 1601 3241 1659 nihilominus
3299 1605 3358 1661 id
3413 1607 3610 1679 ipsum

1964 1692 2205 1759 praestat
2231 1691 2289 1741 et
2345 1687 2645 1759 ingressus
2678 1689 2808 1760 ejus
2858 1691 2919 1744 in
2977 1692 3190 1748 Sancta
3246 1701 3606 1756 sanctorum.

1965 1777 2083 1831 Hoc
2110 1777 2403 1846 siquidem
2435 1778 2785 1848 mysterium
2817 1779 3015 1835 animo
3048 1781 3385 1852 obversans,
3417 1789 3611 1842 conti-

1961 1883 2080 1920 nuo
2096 1865 2341 1936 id,quod
2361 1867 2604 1921 nomine
2619 1869 3198 1942 praesefert,largitur
3214 1873 3286 1927 iis
3310 1877 3610 1947 omnibus,

1960 1956 2062 2026 qui
2094 1956 2240 2009 illud
2265 1955 2420 2008 idem
2449 1956 2711 2025 penitius
2753 1957 3204 2030 introspiciendi
3235 1962 3456 2019 fuerint
3493 1971 3612 2021 stu—

1959 2044 2128 2099 diosi.
2164 2044 2244 2098 De
2267 2060 2381 2114 quo
2414 2061 2548 2099 cum
2574 2045 3114 2124 impraesentiarum
3138 2067 3374 2121 quoque
3411 2053 3608 2110 dicere

1955 2133 2388 2205 aggrediamur,
2411 2133 2640 2188 utinam
2673 2134 2846 2190 nobis
2876 2137 3274 2208 contingat,ut
3295 2147 3492 2196 mente
3524 2143 3603 2196 si-

1954 2223 2079 2276 mul
2103 2223 2543 2277 sanctiﬁcemur
2573 2228 2631 2278 et
2661 2223 2880 2296 lingua,
2905 2230 2965 2281 et
2985 2226 3232 2297 aliquid.
3267 2229 3422 2300 quod
3445 2229 3603 2300 ejus-

182 2311 308 2366 dem
341 2312 624 2382 mysterii
648 2310 1114 2366 nomenclaturaa
1162 2309 1540 2382 respondeat,
1574 2316 1675 2365 aut
1732 2311 1943 2366 saltem
1977 2313 2134 2382 quod
2164 2313 2235 2367 ab
2268 2312 2836 2369 immaculatissimae
2879 2315 3039 2370 illius
3097 2318 3211 2389 (45)
3243 2318 3595 2376 celsitudine

179 2402 353 2456 nimis
389 2418 512 2456 non
549 2400 902 2469 abhorreat,
935 2401 1100 2456 effari
1130 2399 1430 2460 possimus
1466 2417 1478 2466 ;
1510 2401 1801 2470 quamvis,
1835 2401 1992 2471 quod
2024 2401 2354 2456 certissime
2379 2402 2499 2468 fiet,
2523 2402 2595 2457 ab
2629 2419 2696 2458 eo
2730 2404 2888 2474 quod
2919 2403 3177 2478 dignitas
3208 2407 3293 2462 rei
3315 2408 3592 2480 postulat,

178 2490 438 2545 futurum
473 2491 574 2557 sit,
609 2496 681 2545 ut
710 2505 908 2546 sermo
941 2489 1282 2561 longissime
1312 2488 1591 2544 abscedat
1622 2490 1632 2544 l

243 2578 317 2632 Γ.
345 2578 523 2651 ’Δγια
569 2575 760 2632 τοίνυν
814 2576 1012 2652 Ἀγίων
1071 2576 1194 2650 πρὶν
1229 2577 1322 2650 μὲν
1367 2576 1396 2630 ὁ
1451 2576 1583 2636 νεὼς
1617 2573 1838 2637 δικαίως

182 2665 377 2720 hinc:
411 2667 665 2739 ὂμνεῖιτο,
700 2667 762 2728 ὅς
820 2667 914 2720 καὶ
968 2661 1202 2721 κιϐωτὸν
1254 2660 1409 2743 ἔφερε
1464 2664 1556 2719 καὶ
1599 2662 1835 2737 πλάκας,

185 2757 273 2810 καὶ
333 2757 401 2810 τὰ
452 2756 621 2828 σιμνά
680 2756 862 2810 πάντα
913 2753 1090 2810 ἐκεῖνα
1146 2756 1385 2818 Μωσὲως
1463 2753 1697 2830 τρόπαια
1748 2755 1838 2810 καὶ

189 2846 473 2918 μαρτύρια,
533 2845 586 2899 ἒν
646 2845 694 2916 ᾧ
751 2845 840 2899 καὶ
903 2849 1023 2906 τοῖς
1087 2848 1406 2919 προσιοῦσιν
1459 2846 1495 2914 ἡ
1554 2844 1837 2917 κάθαρσις,

180 2933 269 2988 καὶ
325 2939 430 2989 τῶν
490 2932 673 2989 πάλαι
739 2939 1191 3010 θαυμαρτουγιῶν
1259 2931 1576 3009 παραδόξων
1630 2929 1836 2998 ἔκθεσίς

177 3042 230 3076 τε
283 3023 372 3078 καὶ
434 3021 771 3102 διασάφησις
831 3022 1089 3079 ἐτελεῖτο·
1149 3024 1239 3078 καὶ
1286 3027 1351 3093 ἦν
1402 3020 1562 3078 οὐδὲν
1618 3021 1840 3093 ἀληθῶς

173 3109 372 3184 ἓτερον,
401 3114 479 3166 ὧν
540 3120 652 3187 γῆς
708 3118 957 3188 περιεῖχε
1005 3110 1232 3186 κύκλος,
1290 3118 1389 3168 τοῦ
1437 3113 1582 3168 θείου
1619 3110 1834 3186 μᾶλλον

2017 2580 2113 2634 ΙΙΙ.
2136 2579 2329 2635 Sancti
2357 2580 2555 2652 itaque
2585 2563 2903 2638 sanctorum
2950 2584 3195 2640 nomine
3250 2584 3415 2656 prius
3464 2586 3597 2657 qui-

1948 2667 2082 2723 dem
2117 2670 2327 2724 merito
2361 2671 2686 2726 sacrarium
2710 2671 2857 2726 illud
2890 2672 3320 2744 celebrabatur,
3354 2674 3514 2746 quod
3542 2681 3602 2731 et

1946 2775 2143 2814 arcam
2175 2763 2234 2813 et
2261 2758 2450 2829 (legis)
2503 2759 2752 2827 tabulas,
2789 2765 2846 2814 et
2884 2762 3084 2816 omnia
3138 2763 3236 2818 illa
3264 2763 3602 2820 veneranda

1947 2848 2160 2918 Moysis
2177 2851 2399 2918 tropaea
2415 2863 2482 2901 ac
2498 2848 3393 2918 testimonia(46)eontinebat:in
3409 2867 3526 2920 quo
3543 2856 3601 2905 et

1947 2935 2290 2992 emundatio
2341 2937 2662 3007 parabatur
2710 2936 3152 3004 accedentibus,
3204 2954 3271 2993 ac
3314 2937 3493 2992 veluti
3525 2938 3599 2994 ob

1946 3024 2150 3080 oculos
2180 3025 2558 3096 ponebantur
2584 3031 2852 3098 et,prope
2886 3025 3600 3095 dixerim,enarrabantur

1946 3115 2295 3170 admiranda
2325 3115 2426 3171 illa
2455 3116 2742 3188 prodigia,
2765 3132 2895 3186 quas
2927 3115 3069 3170 olim
3093 3121 3431 3188 perpetrata
3466 3116 3598 3172 fue-

168 3199 367 3257 ἰκιίνου
396 3204 665 3276 τεμὲνους
713 3203 1032 3277 ἁγιαστικήν
1079 3200 1188 3274 ἓξιν
1237 3203 1273 3271 ἤ
1330 3201 1529 3272 κλῆσιν
1585 3200 1811 3278 αὒχοῦν.

1961 3206 2193 3272 autS—Et
2215 3205 2500 3277 profecto,
2557 3223 2628 3260 ex
2695 3205 2974 3260 omnibus
3002 3221 3132 3275 quae
3164 3210 3336 3260 terrm
3367 3205 3595 3262 ambitu

167 3293 660 3361 continebantur,
693 3294 782 3348 nil
812 3293 976 3350 aliud
1007 3295 1270 3367 reperire
1310 3299 1440 3349 erat
1468 3294 1627 3365 quod
1676 3311 1797 3365 prie
1831 3293 2028 3350 divino
2059 3293 2160 3351 illo
2219 3294 2476 3350 sacrario
2511 3294 2922 3350 sanctiﬁcandi
2946 3296 3022 3365 vi,
3056 3300 3158 3350 aut
3185 3298 3364 3351 sancti
3391 3295 3595 3368 appel-

170 3381 400 3438 latione
432 3383 679 3454 gloriari
711 3388 930 3455 posset.

227 3473 453 3542 Ὠσπερ
488 3467 551 3523 δὶ
601 3468 886 3546 λυχνιαῖον
949 3473 1045 3545 μὲν
1104 3475 1244 3547 φῶς,
1294 3468 1501 3548 σφόδρα
1559 3471 1821 3547 φωτεινὸν

155 3560 263 3614 καὶ
294 3555 698 3632 χρτ,στὸν,ἓως
752 3558 804 3614 ἄν
855 3560 919 3616 τὸ
977 3559 1358 3636 λιιτουργικὸν
1419 3561 1561 3634 ὁμοῦ
1589 3560 1680 3615 καί
1733 3559 1832 3634 ἄρ-

157 3669 258 3703 κον
304 3653 415 3716 τῆς
443 3645 654 3720 ἡμέρας
689 3649 1014 3705 καλύπτεται
1075 3654 1289 3717 σκεῦος,
1341 3654 1439 3705 τοῦ
1499 3647 1556 3704 δὶ
1591 3648 1830 3724 μεγάλου

155 3738 560 3811 προκῦῴαντος
613 3744 900 3814 φωστῆρος
949 3741 1173 3813 περιττή
1257 3759 1317 3794 τε
1401 3741 1435 3808 ἡ
1517 3738 1829 3817 φωτοποιὸς

153 3825 346 3895 ἐκείνη
407 3822 625 3897 δαπάνη
683 3827 772 3881 καὶ
839 3832 1036 3903 μικροῦ
1085 3827 1258 3904 λόγου
1315 3828 1528 3890 πάντως
1585 3827 1704 3898 ἀξία
1753 3833 1832 3900 τῷ

161 3914 517 3992 ὕπερπλήρει
602 3923 703 3986 τῆς
764 3916 1003 3986 ὴλιανῆς
1087 3917 1325 3980 ἀκτῖνος*
1411 3918 1584 3981 οὕτως
1665 3919 1831 3993 ’Ἅγια

165 4007 333 4079 ἁγίων
363 4007 393 4060 ὁ
426 4011 647 4081 χῶρος,
671 4005 730 4068 δς
784 4009 933 4062 τοῦτ’
984 4009 1207 4077 ἤκουεν,
1262 4006 1461 4070 ἐκεῖνος
1505 4011 1594 4062 νῦν
1626 4003 1826 4082 ἐκρύϐη

165 4116 220 4149 τε
245 4098 335 4150 καὶ
370 4104 583 4170 χρῆσιν
630 4093 813 4152 οὐδενὶ
868 4097 1126 4172 παρέχων
1178 4092 1416 4167 ἀπέσϐη,
1449 4095 1636 4172 ὅτιπερ
1667 4098 1832 4170 Ἅγια

167 4187 332 4258 ἁγίων
393 4181 584 4261 ἔτερος
674 4183 884 4240 ἐκείνου
973 4191 1166 4262 μακρῷ
1223 4183 1618 4263 παναγέστερος
1681 4185 1830 4246 οἶκος

163 4274 437 4352 ἆνηγέρθη
472 4295 538 4330 τε
565 4274 659 4329 καὶ
719 4273 1094 4350 ἀπήστραψεν,
1125 4277 1160 4346 ἡ
1205 4275 1500 4349 πάναγνος,
1539 4273 1706 4353 φημὶ,
1739 4275 1829 4330 καὶ

162 4362 492 4441 Ῡωτοειδεστ
501 4364 605 4436 ἀτη
643 4369 780 4419 Θεοῦ
807 4363 994 4443 νύμφη
1007 4408 1020 4423 .

2007 3475 2222 3528 Verum
2251 3472 2752 3544 quemadmodum
2777 3473 2982 3530 lumen
3013 3473 3273 3530 lucernae
3296 3475 3466 3530 valde
3489 3474 3596 3530 ful-

1939 3561 2142 3634 gidum
2175 3561 2414 3632 quidem
2447 3566 2624 3632 atque
2680 3561 2824 3617 utile
2857 3563 3252 3629 existimatur,
3287 3579 3596 3635 quousque

1940 3668 2041 3707 vas
2071 3651 2217 3706 illud
2245 3651 2558 3717 delitescit,
2593 3651 2751 3721 quod
2798 3651 2956 3707 diem
3015 3658 3258 3723 praestat
3302 3651 3482 3707 simul
3539 3657 3599 3707 et

1941 3741 2187 3796 inchoat
2219 3757 2472 3811 ;magno
2520 3746 2718 3795 autem
2772 3740 3056 3795 luminari
3115 3742 3440 3808 exoriente,
3467 3742 3596 3811 jam

1941 3835 2184 3902 propter
2212 3830 2364 3884 radii
2395 3829 2605 3883 solaris
2662 3828 3107 3882 exuberantiam
3162 3843 3598 3898 supervacanea

1939 3935 2184 3990 prorsus
2214 3933 2323 3971 nec
2383 3917 2580 3988 digna,
2640 3917 2811 3986 cujus
2867 3916 2958 3970 vel
3017 3915 3268 3970 minima
3306 3915 3598 3970 habeatur

1942 4007 2209 4077 ratio,est
2237 4005 2528 4076 lampadis
2551 4005 2822 4076 impensa
2846 4021 2858 4059 :
2893 4006 2976 4060 ita
3003 4005 3589 4077 Sanctasanctorum,

1943 4097 2108 4152 locus
2130 4097 2357 4152 scilicet
2383 4095 2483 4167 qui
2504 4095 2616 4151 hoc
2672 4096 2917 4151 nomine
2974 4096 3400 4168 appellabatur,
3433 4112 3594 4152 nunc

1943 4191 2000 4242 et
2029 4187 2100 4242 ab
2133 4186 2319 4242 oculis
2351 4185 2621 4242 sublatus
2654 4191 2746 4240 est
2775 4202 2844 4241 ac
2867 4185 3326 4256 deletus,utpote
3357 4185 3591 4240 nullum

1942 4276 2198 4347 cuipiam
2231 4275 2609 4331 commodum
2637 4274 2893 4345 amplius
2921 4272 3256 4342 conferens,
3275 4278 3592 4345 postquam

1940 4365 2060 4421 alia
2084 4366 2315 4433 domus,
2345 4379 2476 4434 quae
2532 4379 2665 4418 vere
2723 4363 2927 4418 Sancta
2972 4368 3287 4419 sanctorum
3319 4362 3593 4433 dicenda,

165 4455 364 4526 priori
431 4455 535 4511 illa
601 4455 784 4528 longe
853 4457 1113 4514 sanctior
1210 4457 1468 4515 excitata
1559 4460 1650 4512 est
1748 4461 1808 4512 et
1878 4454 2134 4525 refulsit,
2206 4452 2526 4525 purissima
2605 4450 2833 4508 scilicet
2907 4468 2974 4509 ac
3043 4452 3416 4510 lucidissima
3484 4452 3596 4510 Dei

166 4561 414 4615 sponsa.

224 4634 298 4689 «δ’.
342 4629 538 4689 Ἀλλᾶ
596 4630 668 4701 δή
729 4631 819 4688 καὶ
876 4632 943 4688 τὰ
997 4635 1188 4706 ποώην
1255 4638 1426 4712 ’Ἅγια
1481 4631 1669 4710 ἁγίων,
1730 4631 1835 4708 ἐγὼ

2013 4631 2106 4688 IV.
2139 4631 2414 4698 Quinimo
2445 4633 2646 4706 priora
2676 4629 2782 4687 illa
2840 4632 3045 4689 Sancta
3074 4637 3391 4691 sanctorum
3443 4633 3597 4691 hanc

1550 4767 1699 4824 Ant.
1730 4759 2031 4824 Balleriui
2054 4768 2240 4824 notae.

221 4903 329 4974 ξιι)
399 4903 477 4974 Et
531 4899 666 4974 haec
729 4900 1052 4974 propositio
1084 4899 1378 4974 Apostulat
1423 4906 1490 4956 ut
1539 4900 1706 4974 Virgo
1752 4899 1828 4974 ab
1860 4902 1901 4965 Ι)
1935 4901 2106 4974 θυεερ
2137 4903 2388 4974 patrata,
2424 4899 2754 4972 cujusmodi
2799 4905 2971 4957 erant
3017 4899 3295 4974 vasculum
3352 4909 3588 4974 marinae,

165 4971 432 5045 triginali
458 4973 606 5026 labe
631 4971 918 5045 immunis
943 4971 1830 5045 praediceturﬂuomodo'enim

163 5041 348 5125 lafiai
376 5041 856 5125 conceptionem
907 5041 1252 5125 recogitanti
1315 5044 1514 5098 animo
1556 5047 1829 5125 sanctum

164 5118 468 5193 quidpiam
497 5113 944 5182 obversaretur,
977 5116 1024 5169 si
1051 5113 1117 5170 in
1140 5120 1381 5186 peccato
1414 5119 1698 5185 concepta
1718 5113 1828 5168 lin-

164 5194 302 5228 tnlnl-
335 5191 366 5228 9

211 5194 360 5242 tur‘i

211 5202 302 5242 ιω-
335 5202 366 5242 ’τ

163 5202 450 5326 E1{55)En
479 5256 599 5311 tibi
663 5273 864 5312 rursus
923 5257 1164 5314 Mariam
1214 5258 1683 5314 antonomastice
1732 5257 1830 5323 τῆς

162 5329 585 5404 ῖι-.ιχράντ2υ,
667 5327 1216 5404 immaculatissimae,
1293 5330 1702 5404 appellatione
1741 5329 1828 5404 i_n-

159 5399 439 5504 :lieatﬁ'm.
473 5400 639 5456 Hinc
673 5399 979 5471 evincitur,
1002 5399 1410 5458 commune’id
1443 5401 1598 5456 inter
1629 5400 1832 5455 fideles

157 5490 352 5530 23.11356.

213 5549 328 5610 {66)
362 5542 762 5618 Testimonia
794 5544 1038 5618 scilicet,
1071 5563 1201 5618 qua)
1252 5544 1312 5601 in
1352 5549 1618 5618 mentem
1663 5561 1832 5618 revo-

161 5590 390 5691 Labant,
427 5635 507 5676 ac
540 5615 727 5673 veluti
753 5617 936 5674 oculis
981 5590 1344 5691 objiciebant
1373 5616 1663 5674 miracula
1692 5616 1834 5672 olim

489 5739 778 5800 Ριτιιοι..
823 5739 934 5802 Gn.
983 5736 1300 5803 CXXXIX.

1942 4968 2155 5026 tabulae
2182 4973 2333 5042 legis,
2373 4968 2532 5038 virga
2566 4973 2767 5037 Aaron,
2829 4976 2950 5042 ipsa
3006 4989 3156 5040 arca,
3208 4971 3266 5023 in
3299 4968 3588 5042 qua_haa_c

1943 5037 2419 5097 continebantur.
2454 5037 2577 5108 Qua
2631 5045 2702 5098 de
2762 5037 3060 5098 re'Exod.
3116 5037 3224 5107 xvi,
3268 5037 3334 5092 32
3366 5056 3378 5092 :
3416 5037 3588 5106 Imple

1941 5130 2131 5183 gomor
2160 5131 2228 5168 ea:
2258 5132 2316 5169 eo
2346 5115 2617 5183 (manna),
2651 5123 2703 5170 et
2735 5117 3080 5170 custodiatur
3133 5115 3189 5165 in
3235 5113 3465 5186 futuras.
3495 5121 3587 5160 re.

1944 5178 2027 5240 tro
2057 5178 2438 5259 generationes
2471 5203 2488 5240 :
2522 5178 2872 5241 utnnoverint
2923 5201 3144 5259 panem,
3173 5257 3181 5259 _
3206 5195 3315 5248 quo
3345 5178 3465 5259 a_l_ui
3494 5192 3586 5259 vos

1942 5259 2000 5330 in
2032 5251 2352 5330 solitudine,
2384 5259 2605 5327 quando
2639 5259 2825 5330 educti
2856 5251 2982 5330 est—is
3037 5254 3103 5330 de
3138 5257 3312 5330 terra
3339 5251 3587 5330 {Egi/pta

1942 5329 2011 5381 Et
2034 5329 2200 5383 Deut.
2237 5324 2490 5396 xxx1,~26
2527 5345 2539 5380 :
2576 5328 2788 5391 Tollite,
2815 5395 2822 5396 γ
2851 5325 3048 5396 librum
3079 5324 3242 5396 istum
3300 5327 3367 5396 et,
3401 5324 3595 5391 ponite

1943 5416 2066 5456 eum
2093 5402 2149 5453 in
2176 5401 2346 5453 latere
2377 5393 2519 5453 arcae
2544 5398 2766 5464 flecteris
2799 5393 3020 5447 Domini
3078 5394 3171 5448 Dei
3200 5393 3388 5460 vestri,
3437 5400 3499 5448 ut
3528 5396 3600 5450 sit

1943 5471 2024 5525 ibi
2051 5477 2246 5523 rontra
2289 5475 2339 5522 te
2378 5471 2437 5521 in
2495 5468 2885 5520 testimonium.
2956 5465 3025 5518 Et
3083 5466 3252 5519 Num.
3303 5482 3439 5534 xvu,
3484 5469 3596 5520 £0:

1947 5543 2109 5609 Refer
2140 5543 2360 5606 virgam
2393 5540 2583 5592 Aaron
2627 5537 2686 5590 in
2739 5536 3159 5609 tabernaculum
3188 5538 3510 5608 testimonii,
3542 5543 3605 5592 ut

1949 5606 2194 5668 servetur
2223 5611 2306 5665 ibi
2337 5611 2393 5663 in
2417 5611 2636 5678 signum
2667 5606 2951 5664 rebellium
2973 5609 3213 5680 ﬁliorum
3247 5612 3434 5666 Israel.

3244 5731 3282 5788 2
