4030 6212
444 366 522 425 43

1600 355 1894 418 ISIDOBI
1939 355 2693 419 THESSALONICENSIS

3772 366 3850 428 44

452 495 935 570 appellationem,
965 497 1034 550 ut
1051 509 1156 566 ego
1189 491 1431 564 quidem
1457 489 1732 561 arbitror,
1765 489 1895 546 ideo
1926 506 2081 547 rece-

2210 485 2433 561 νομίζω,
2502 486 2590 543 διὰ
2653 490 2802 546 τοῦτ’
2857 488 2988 566 ἔσχε
3076 492 3176 560 τήν
3260 495 3564 570 πρόσρησιν
3627 496 3855 570 ταύτην,

451 591 691 660 perunt,
741 584 900 657 quod
947 582 1150 640 sedem
1197 581 1624 653 posterioribus
1676 580 1836 637 hisce
1868 580 2098 636 Sanctis

457 683 800 733 sanctorum
838 673 1162 747 praebitura
1211 677 1400 741 erant,
1447 688 1578 744 qua)
1610 670 1702 726 sin
1734 671 1930 726 minus
1953 676 2101 726 tem-

453 783 596 838 pore
627 770 687 821 at
717 769 872 820 certe
907 762 1137 819 ratione
1165 761 1494 818 sanctitatis
1519 764 1576 814 et
1621 759 1926 827 dignitatis
1959 759 2098 827 illis,

451 861 741 927 quantum
762 870 872 910 nec
890 858 1088 910 mente
1110 851 1345 922 assequi
1377 848 1909 918 licet,antecellunt
1934 864 1946 902 :
1980 865 2099 904 non

452 963 623 1002 secus
653 963 866 1017 nempe
898 961 966 1000 ac
1010 944 1057 1000 si
1087 943 1217 1014 quis
1249 941 1391 996 solis
1448 940 1691 995 nomine
1739 955 1858 994 non
1890 939 2100 993 incon-

453 1053 596 1109 grue
627 1036 866 1108 globum
889 1038 1054 1089 vocet
1074 1036 1315 1104 propter
1331 1030 1524 1086 lucem
1550 1029 1802 1084 solarem
1815 1029 2098 1093 futuram,

451 1125 539 1182 vel
556 1126 605 1181 si
637 1125 847 1180 domus
896 1121 1190 1194 quaapiam
1237 1137 1370 1191 pro;
1390 1125 1480 1175 ter
1530 1135 1752 1192 regem,
1785 1119 1886 1190 qui
1943 1118 2006 1173 in
2033 1133 2102 1172 ea

447 1213 818 1270 habitaturus
841 1216 950 1280 est,
981 1211 1161 1266 etiam
1209 1208 1376 1281 prius
1431 1225 1608 1280 quam
1657 1207 1718 1263 id
1774 1208 2098 1280 contingat,

444 1306 602 1374 regia
629 1302 984 1375 appelletur.
1009 1303 1078 1356 Et
1095 1300 1596 1373 quemadmodum
1619 1298 1883 1369 luminis,
1915 1299 2099 1369 quod-

443 1397 569 1450 arte
601 1396 999 1465 comparatur,
1033 1391 1244 1463 exigua
1275 1390 1547 1462 qumdam
1582 1406 1715 1445 cum
1750 1405 1962 1462 magno
1996 1388 2098 1444 illo

447 1489 506 1540 et
535 1483 884 1539 inexhausto
933 1481 1160 1537 lumine
1209 1479 1535 1536 similitudo
1591 1478 1807 1547 effecit,
1838 1483 1906 1534 ut
1960 1478 2099 1534 huic

445 1590 680 1646 quoque
721 1573 929 1629 eadem
959 1571 1323 1627 tribueretur
1345 1569 1634 1644 (luminis)
1664 1569 2096 1640 denominatio,

443 1668 619 1735 atque
659 1663 854 1734 ipsum
910 1662 1024 1717 hoc
1088 1661 1331 1717 nomine
1389 1660 1522 1716 ideo
1565 1659 1921 1729 vocavimus,
1958 1659 2100 1730 quia

2207 578 2291 633 ὃτι
2348 579 2415 633 τὰ
2469 575 2694 653 δεύτερα
2751 577 2817 650 δὴ
2879 584 3048 636 ταῦτα
3102 583 3263 659 Ἅγια
3321 583 3512 658 ἁγίων,
3574 587 3607 641 ἅ
3656 587 3744 642 καὶ
3811 587 3856 643 εἷ

2202 672 2364 723 τοῦτο
2399 670 2509 742 (47)
2541 673 2620 742 τῷ
2650 671 2856 744 χρόνῳ,
2917 669 3044 726 ἀλλ’
3103 670 3179 734 εἷς
3243 673 3533 747 ἁγιότητος
3573 676 3662 730 καὶ
3697 674 3855 752 λόγον

2205 757 2376 829 ἀξίας,
2410 757 2525 814 οὐδ’
2585 754 2696 815 ἔστι
2756 760 3072 836 λογίσασθαι
3129 763 3192 817 τὸ
3258 759 3568 839 πρεσϐεῖον,
3631 766 3854 823 εἰσοικί-

2208 843 2666 923 σεσΘαιὲμελλεν·
2701 848 2880 925 ὥσπερ
2914 852 2973 906 ἄν
3036 849 3090 907 εἷ’
3149 873 3233 916 τις
3289 853 3379 909 τὸν
3435 851 3616 911 δίσκον
3653 854 3742 912 διὰ
3793 859 3854 914 τὸ

2212 936 2415 1011 μέλλον
2445 942 2558 1015 φῶς
2590 938 2749 1009 ἣλιον
2785 939 2885 995 οὐκ
2913 939 3217 1004 ἀπεικότως
3274 949 3586 1018 προσεῖπεν,
3628 945 3663 1015 ἢ
3698 947 3859 1022 βασί-

2209 1025 2330 1082 λεια
2361 1024 2448 1081 διὰ
2477 1028 2568 1082 τὸν
2607 1029 3035 1106 οἰκουργήσοντα
3095 1029 3344 1105 βασιλέα,
3392 1033 3481 1087 καὶ
3538 1034 3662 1109 πρὶν
3691 1041 3855 1094 τοῦτο

2204 1115 2467 1194 γενέσθαι·
2527 1117 2617 1173 καὶ
2674 1120 2936 1194 καθάπερ,
2992 1122 3173 1194 οἶμαι,
3234 1125 3314 1194 τῷ
3371 1128 3625 1197 τεχνητῷ
3674 1127 3860 1202 τούτῳ

2205 1208 2344 1280 φωτὶ
2375 1209 2409 1276 ἡ
2443 1206 2610 1282 μικρά
2635 1208 2771 1284 πρὸς
2800 1210 2862 1263 τὸ
2925 1208 3061 1284 μέγα
3112 1210 3202 1264 καὶ
3261 1208 3537 1266 ἀδάπανον
3569 1213 3862 1288 ὁμοιότης,

2204 1318 2328 1369 της,
2366 1299 2512 1352 τοῦθ’
2572 1300 2602 1353 8
2654 1303 2745 1354 νῦν
2803 1300 3300 1376 προσαγορεύεσθαι
3362 1301 3586 1376 δέδωκε,
3643 1305 3864 1362 κάκεῖνο

2204 1386 2465 1460 πρότερον
2491 1385 2810 1462 ἐγνωκότες,
2861 1389 2937 1453 εἷς
2990 1391 3250 1458 τοιαύτην
3307 1393 3394 1446 καὶ
3445 1397 3605 1449 τοῦτο
3663 1393 3863 1468 κεκλήι

2205 1496 2374 1550 καμεν
2402 1474 2733 1550 ἐπωνυμίαν·
2791 1478 2885 1533 τὸν
2944 1478 3061 1535 ἴσον
3119 1480 3221 1555 ἂρα
3249 1481 3451 1552 τρόπον
3478 1483 3547 1538 τὰ
3575 1484 3668 1538 νέα
3698 1487 3866 1561 ’Ἅγια

2203 1566 2390 1641 ἁγίων,
2440 1569 2475 1638 ἡ
2525 1572 2616 1623 νῦν
2672 1571 2822 1642 ἡμᾶς
2880 1571 3147 1647 ἁγιάσασα
3202 1570 3346 1648 λέγω
3393 1572 3555 1648 κόρη,
3588 1574 3655 1631 τὰ
3685 1573 3866 1632 πάλαι

2206 1660 2376 1734 ’Ἅγια
2407 1656 2572 1734 ἁγίων
2607 1659 2753 1714 οὕτω
2784 1665 3076 1737 φωνεῖσθαι
3107 1660 3396 1732 πεποίηκε.

446 1753 610 1824 prius
638 1752 788 1808 illud
812 1751 1194 1824 cognovimus
1224 1768 1238 1819 ;
1268 1749 1477 1807 eadem
1509 1767 1751 1822 prorsus
1782 1749 2015 1806 ratione
2038 1754 2104 1804 ut
2131 1753 2330 1805 vetera
2359 1748 2463 1805 illa
2484 1750 2691 1806 Sancta
2719 1759 3033 1808 sanctorum
3064 1753 3147 1808 sic
3195 1754 3663 1828 appellarentur,
3698 1773 3858 1814 nova

444 1843 572 1899 haec
640 1843 1047 1915 praestiterunt
1100 1843 1306 1898 Sancta
1353 1848 1691 1910 sanctorum,
1741 1840 1876 1907 ista,
1957 1840 2228 1912 inquam,
2288 1839 2507 1911 puella,
2549 1856 2680 1913 qua)
2719 1857 2878 1898 nunc
2933 1848 3153 1900 nostra)
3205 1846 3694 1903 sanctificationis
3778 1852 3872 1905 est

446 1932 698 1988 auctrix.

513 2024 578 2077 V.
637 2025 708 2080 Et
756 2038 898 2079 sane
943 2021 1275 2078 recentiora
1329 2021 1456 2076 hanc
1507 2020 1718 2076 Sancta
1744 2023 2081 2076 sanctorum

2266 2017 2344 2074 E‘.
2377 2017 2480 2075 Καὶ
2536 2017 2602 2088 ἦν
2646 2014 2918 2090 δήπουθεν
2977 2020 3044 2076 τὰ
3100 2021 3384 2101 πρόσφατα
3441 2025 3610 2100 "Avia
3673 2022 3864 2102 ἆγίων

445 2127 597 2168 nova
653 2112 910 2184 quadam
959 2111 1191 2168 ratione
1232 2110 1534 2167 veteribus
1593 2110 1709 2165 illis
1766 2115 1903 2166 sunt
1943 2109 2099 2165 antio

443 2203 878 2274 quiora.Neque
911 2202 1068 2258 enim
1093 2201 1197 2257 illa
1227 2201 1436 2257 sortita
1463 2201 1737 2270 fuissent,
1761 2205 1830 2257 ut
1856 2201 1968 2256 hoc
1999 2216 2101 2255 no-

441 2293 603 2347 mine
635 2296 1002 2360 vocarentur,
1036 2291 1153 2346 nisi
1183 2290 1254 2357 is,
1289 2291 1390 2361 qui
1450 2307 1484 2346 a
1537 2289 1710 2362 longe
1741 2306 1837 2345 res
1867 2290 2098 2346 futuras

439 2381 855 2453 prospiciebat,
887 2381 962 2437 ob
986 2381 1187 2436 oculos
1229 2380 1560 2452 posteriora
1613 2381 1738 2436 haec
1768 2379 2096 2449 habuisset,

431 2476 675 2544 propter
705 2487 836 2543 qua)
868 2469 982 2525 illis
1034 2486 1273 2541 quoque
1307 2474 1366 2544 et
1425 2469 1669 2535 exstrui,
1705 2474 1764 2525 et
1820 2469 2093 2524 sanctiﬁ-

435 2543 607 2616 candi
638 2560 690 2614 vi
720 2559 964 2632 pollere,
998 2565 1056 2615 et
1088 2576 1219 2631 quas
1267 2543 1404 2615 inde
1466 2564 1595 2614 orta
1635 2563 1724 2614 est
1771 2558 2090 2631 appellatio

433 2651 698 2724 contigit,
731 2667 850 2706 non
877 2667 1047 2706 secus
1079 2666 1147 2706 ac
1179 2650 1226 2704 si
1245 2650 1386 2705 urbs
1417 2650 1687 2722 quasdam
1719 2667 1751 2706 a
1784 2650 2090 2706 conditore

435 2755 542 2796 suo
564 2755 784 2796 nomen
805 2744 1084 2811 reportet.
1101 2738 1326 2794 Idcirco
1361 2739 1702 2804 enim,sicut
1723 2739 1946 2794 dictum
1979 2744 2088 2808 est,

437 2833 496 2884 et
525 2833 826 2885 exstructa
855 2829 959 2884 illa
987 2829 1252 2893 fuerunt,
1285 2833 1344 2883 et
1391 2829 1687 2900 appellata
1717 2834 1856 2884 sunt
1883 2830 2090 2884 Sancta

432 2925 763 2988 sanctorum,
799 2919 956 2989 quod
987 2917 1061 2974 ad
1104 2935 1235 2973 eam
1277 2918 1712 2988 excipiendam,
1769 2934 1900 2990 quas
1949 2919 2087 2990 jure

431 3009 644 3064 merito
674 3009 788 3064 hoc
806 3008 1050 3064 nomine
1073 3014 1276 3064 essent
1299 3008 1640 3064 exornanda
1662 3009 1800 3079 (48),
1823 3008 2084 3080 praedes-

434 3096 623 3151 tinata
651 3097 906 3151 fuerant.

506 3167 596 3224 VI.
622 3166 733 3222 Sed
755 3165 1532 3238 insuper,quemadmodum
1555 3167 1730 3236 Deus,
1760 3171 2081 3240 antequam

434 3256 740 3312 hominem
771 3256 1073 3326 conderet,
1106 3262 1350 3328 propter
1371 3257 1676 3312 hominem
1699 3257 1839 3313 fecit
1869 3258 2081 3314 coelum

2206 2109 2394 2162 καινόν
2455 2129 2573 2162 τινα
2614 2108 2817 2185 τρόπον
2871 2111 2978 2166 τῶν
3047 2108 3427 2189 πρεσϐυτέρων
3502 2114 3864 2192 ἀρχαιότερα·

2205 2194 2320 2252 ἐπεὶ
2376 2193 2629 2253 οὐδέποτ’
2683 2197 2742 2256 ἄν
2793 2201 2940 2255 τοῦτ’
2995 2201 3147 2277 εἶχον
3220 2201 3493 2275 κληθῆναι
3554 2201 3759 2278 ἐκεῖνα,
3815 2203 3864 2262 εἶ

2209 2287 2286 2360 μὴ
2315 2292 2432 2349 τοῖς
2459 2285 2526 2342 τὰ
2579 2287 2770 2365 πόρρω
2843 2287 3138 2364 βλέπουσιν
3193 2292 3502 2369 ὀφθαλμοῖς
3540 2294 3606 2349 τὰ
3655 2293 3864 2372 ὕστερα

2201 2378 2370 2430 ταῦτα
2397 2375 2668 2451 προύτὲοη
2738 2377 2844 2452 πρὸ
2903 2378 3224 2456 ὀφθαλμῶν,
3288 2378 3357 2436 δι’
3404 2380 3439 2436 ἄ
3494 2383 3583 2438 καὶ
3631 2383 3696 2438 τὸ
3757 2405 3862 2463 φαι-

2201 2470 2360 2533 νῆναι
2393 2465 2479 2520 καὶ
2522 2465 2760 2540 ἁγιάζειν
2820 2465 3064 2538 ἐκείνοις,
3109 2468 3199 2524 καὶ
3256 2471 3290 2540 ἡ
3351 2469 3587 2526 ἐντεῦθεν
3643 2492 3865 2548 προση-

2201 2552 2383 2630 γορία,
2417 2556 2656 2630 καθάπερ
2687 2555 2850 2620 πόλις
2915 2559 3016 2627 τὴν
3075 2556 3387 2633 ἐπωνυμίαν
3427 2561 3530 2615 ἀπὸ
3595 2565 3694 2616 τοῦ
3735 2561 3866 2617 κτί-

2203 2664 2391 2706 σαντος
2422 2643 2701 2719 εἰληφυῖα·
2737 2644 2826 2700 διὰ
2879 2651 3038 2703 τοῦτο
3095 2649 3222 2724 γὰρ,
3267 2650 3407 2726 ἥπερ
3468 2647 3707 2724 εἷ’ρηται,
3766 2652 3860 2706 καὶ

2199 2733 2592 2790 κατεσκεύαστο
2672 2737 2762 2791 καὶ
2849 2737 3080 2806 ἤκουσεν
3159 2741 3327 2815 “Αγια
3410 2738 3578 2816 ἁγίων
3656 2740 3864 2811 ἐκεῖνα,

2199 2823 2281 2878 ὅτι
2377 2819 2758 2881 διαναπαύσειν
2860 2828 3171 2903 προώριστο
3270 2829 3362 2883 τὸν
3466 2831 3616 2885 τοῦτ’
3692 2829 3865 2902 ἀξίως

2194 2910 2517 2971 ἀκούσοντα.

2263 3179 2325 3248 ζ’.
2356 3175 2579 3242 ’Ἄλλως
2645 3201 2704 3236 τε
2757 3178 2813 3236 δὲ
2867 3181 3100 3257 καθάπερ
3153 3181 3381 3257 οὐρανὸν
3442 3183 3533 3239 καὶ
3565 3189 3675 3260 γῆν
3748 3185 3848 3243 καὶ

2193 3264 2294 3321 ὅσα
2349 3271 2455 3324 τῶν
2513 3270 2831 3344 ὁρωμένων,
2889 3271 3019 3347 πρὶν
3077 3270 3357 3348 ἄνθρωπον
3421 3275 3575 3347 εἶναι,
3637 3272 3734 3331 διὰ
3759 3278 3858 3334 τὸν

436 3354 495 3405 et
524 3354 764 3418 terram,
797 3353 856 3404 et
887 3353 1178 3420 quotquot
1223 3353 1362 3404 sunt
1383 3365 1475 3403 res
1497 3347 1791 3403 visibiles:
1827 3349 1900 3404 ad
1925 3366 2081 3405 eum-

2210 3354 2477 3431 iivfipwnov
2515 3360 2812 3432 πεποίηκεν
2871 3363 2898 3417 ὁ
2955 3362 3106 3426 Θεόςο
3164 3365 3255 3419 τὸν
3308 3363 3469 3420 αὐτὸν
3502 3359 3607 3421 ἔδει
3639 3365 3860 3442 τρόπον

430 3438 568 3495 dem
595 3438 839 3496 modum
870 3437 1198 3510 oportebat,
1252 3443 1317 3494 ut
1371 3443 1611 3510 propter
1668 3455 1878 3494 novam
1931 3440 2083 3496 hanc

429 3534 762 3584 creaturam
811 3528 944 3598 (49),
993 3533 1234 3599 propter
1284 3527 1443 3583 hunc
1495 3528 1799 3584 hominem
1858 3530 2084 3601 angelis

429 3619 873 3691 praecellentem
902 3619 1003 3689 (sc.
1065 3617 1329 3688 Mariam)
1382 3617 1752 3674 domicilium
1784 3618 2080 3690 quoddam

427 3709 728 3780 prioribus
758 3706 1017 3763 nobilius
1067 3707 1443 3763 conderetur.
1476 3709 1810 3764 Exstruitur
1857 3709 2078 3780 itaque,

428 3805 488 3856 et
516 3797 1182 3872 appellationemillam,
1207 3815 1240 3854 a
1261 3799 1445 3854 sancti
1456 3803 1571 3854 tate
1585 3816 1798 3871 nempe
1819 3799 2077 3868 ductam,

427 3907 605 3962 quam
637 3889 803 3945 nulla
821 3906 916 3944 res
945 3889 1060 3945 alia
1091 3905 1160 3944 ex
1190 3889 1424 3960 iis,quaa
1446 3888 1617 3944 factm
1636 3889 1800 3961 prius
1821 3889 2075 3958 fuerant,

430 3980 642 4051 adepta
693 3986 838 4043 erat,
862 3985 1176 4050 propterea
1199 3979 1357 4050 quod
1378 3980 1543 4035 nulla
1569 3978 1726 4036 inter
1754 3981 1910 4037 mdes
1944 3982 2076 4055 (50),

429 4087 560 4143 qua
593 4069 847 4125 conditas
888 4069 1028 4124 olim
1081 4070 1337 4135 fuerant,
1372 4071 1864 4127 sanctiﬁcationis
1895 4073 2079 4129 ofﬁci-

425 4177 564 4217 nam
595 4160 704 4230 (51)
737 4160 800 4215 in
832 4176 893 4215 se
924 4159 1188 4230 recipere
1221 4164 1545 4228 meruerat,
1579 4160 1755 4227 hanc,
1807 4161 2074 4231 inquam,

417 4248 876 4321 appellationem
890 4253 1132 4321 propter
1143 4248 1444 4303 hominem
1455 4247 1612 4303 hunc
1626 4249 2078 4317 sanctissimum,

2193 3445 2282 3500 καὶ
2342 3442 2431 3502 διὰ
2482 3448 2545 3502 τὸ
2610 3450 2797 3506 καινὸν
2852 3448 3252 3528 δημιούργημα
3309 3458 3494 3525 τοῦτο,
3561 3454 3656 3510 τὸν
3720 3456 3866 3533 ὑπὲρ

2190 3534 2316 3597 νέας
2348 3536 2654 3611 ἃνθρωπον,
2686 3540 2932 3616 κρεῖττόν
2993 3563 3045 3596 τι
3102 3545 3212 3597 τῶν
3270 3545 3551 3619 προτέρων
3610 3543 3867 3619 οἰκητή-

2193 3643 2306 3699 ριον
2341 3622 2844 3705 δημιουργηθῆναι·
2908 3632 3117 3687 Γίνεται
3169 3634 3373 3689 τοίνυν⁹
3436 3625 3523 3688 καὶ
3565 3635 3632 3702 ἧς
3699 3635 3869 3692 ούδέν

2186 3736 2238 3770 τι
2267 3720 2374 3770 τῶν
2405 3719 2819 3796 προγεγονότων
2879 3721 3148 3797 τετύχηκε
3204 3725 3594 3799 προσηγορίας,
3626 3727 3738 3795 τήν
3807 3727 3864 3798 ἐξ

2188 3803 2496 3880 ἁγιωσύνης
2527 3804 2694 3884 λέγω,
2722 3807 2837 3863 ἐπεὶ
2872 3808 3048 3872 οὐδεὶς
3106 3813 3304 3874 ἱκανῶς
3361 3813 3480 3890 εἶχε
3522 3817 3626 3868 τῶν
3674 3813 3868 3871 πάλαι

2187 3890 2541 3970 ἔργαστήριον
2629 3896 2940 3971 ἁγιωσύνης
3021 3899 3447 3976 κεκληρωιιέναι,
3523 3903 3740 3976 ταύτης
3836 3906 3866 3961 ὁ

2188 3982 2331 4058 ἱερὸς
2361 3983 2564 4050 ἐκεῖνος
2591 3989 2852 4062 τυγχάνει
2883 3989 3050 4059 σηκὸς
3112 3988 3200 4046 διὰ
3236 3991 3326 4046 τὸν
3385 3992 3697 4067 ἁγιώτατον
3764 3993 3866 4050 ἄν-

2187 4073 2426 4146 θρωπον,
2475 4076 2539 4130 τὸ
2596 4079 2974 4156 πανάχραντον
3037 4083 3247 4152 σκεῦος,
3305 4082 3366 4136 τὸ
3422 4084 3866 4159 παναμώμητον

2187 4164 2369 4243 ἄγγος,
2402 4169 2464 4223 τὸ
2498 4168 2632 4245 μέγα
2660 4172 2748 4225 καὶ
2781 4170 3130 4241 ἀκηλίδωτὸν
3163 4173 3475 4248 κειμήλιον,
3523 4177 3622 4246 την
3674 4199 3868 4236 πανυ-

2182 4255 2454 4332 πὲραγνον
2482 4263 2578 4314 τοῦ
2617 4265 2755 4316 Θεοῦ
2788 4263 2972 4336 Λόγου
3005 4266 3240 4339 μητέρα.

421 4342 668 4410 propter
703 4354 803 4395 vas
860 4337 1006 4394 illud
1062 4355 1307 4410 prorsus
1357 4337 1832 4408 immaculatum,
1883 4356 2097 4400 urnam
2145 4348 2555 4422 purissimam,
2617 4350 2981 4408 ditissimum
3011 4337 3095 4410 ac
3139 4337 3602 4414 mundissimum
3654 4360 3862 4420 cime-

410 4429 588 4508 lium,
621 4439 1023 4511 undequaque
1053 4438 1609 4496 innocentissimam
1671 4441 1779 4513 (52)
1845 4442 1947 4497 Dei
2005 4444 2177 4501 Verbi
2242 4453 2516 4522 matrem,
2579 4468 2812 4510 sacrum
2851 4452 3001 4511 illud
3034 4455 3325 4529 templum
3392 4459 3672 4517 sortitum
3732 4467 3862 4527 est.

1770 4572 1914 4630 Ant.
1947 4571 2246 4636 Ballerini
2277 4584 2469 4640 notae.

514 4701 603 4791 ξιτ)
653 4699 765 4784 Ita.
791 4697 984 4791 ‘codex
1012 4715 1050 4791 :_
1075 4699 1716 4791 emendationemrqua
1767 4700 2072 4791 locu's‘iste
2101 4714 2146 4780 Ι)
2180 4711 2503 4791 creatione
2532 4710 2918 4791 intelligenda
2972 4715 3097 4791 hzec
3139 4721 3294 4772 sunt.
3355 4717 3618 4791 Aprima
3649 4719 3864 4791 igitur

417 4772 684 4847 indigere
716 4773 965 4847 videtur,
999 4773 1428 4847 sapientiorqu
1460 4772 1687 4847 judicio
1720 4778 2064 4845 permittere

416 4842 643 4972 fnalﬁi.‘
659 4845 927 4917 Suspicio
978 4842 1176 4900 subire
1207 4850 1430 4916 posset,
1465 4842 1772 4901 excidisse
1802 4849 2065 4919 particu-

440 4934 534 4972 am
575 4938 676 4972 im.

440 4934 855 5065 al(IAZSSHE‘juanto
895 4987 1109 5065 magis_
1139 4987 1285 5065 haec,
1341 4992 1399 5044 et
1454 4988 1569 5065 alia
1626 4988 1918 5060 ejusmodi
1956 5011 2062 5065 per

411 5061 696 5118 oratiOnis
720 5061 1059 5135 decursum,
1079 5061 1342 5135 Deiparaa
1367 5061 1739 5135 sanctitatem
1774 5061 2055 5135 exaltant,

2178 4781 2267 4862 sui
2325 4784 2624 4862 creatione
2674 4781 2854 4841 Maria
2910 4788 3265 4862 praadicatur
3319 4781 3598 4862 utiiopus
3650 4781 3859 4858 ﬁiadé

2176 4858 2478 4979 exlilmium,
2537 4861 2713 4928 atque
2767 4858 3050 4930 angelicis
3108 4859 3249 4929 ipsis
3305 4858 3612 4928 spiritibus
3678 4877 3863 4930 prus-

2173 4940 2238 4980 ce
2290 4941 2415 4982 ens.

2243 4997 2354 5085 (ὄρ)
2419 4997 2568 5054 Illud
2627 5016 2841 5074 nempe
2908 4995 3090 5061 οὐδείς
3147 4999 3324 5055 retuli
3414 4999 3487 5056 ad
3565 5017 3866 5074 sequens

2171 5087 2358 5138 σηκος.

411 5135 560 5190 adeo
590 5140 658 5191 ut
687 5134 835 5190 nihil
871 5133 1132 5207 sanctius
1166 5133 1226 5187 in
1275 5133 1486 5207 creatis
1536 5133 1851 5207 excogitari
1884 5133 2056 5207 posse

409 5207 703 5262 suadeant
735 5223 747 5272 ;
783 5224 851 5262 eo
883 5205 1117 5278 longius
1149 5205 1556 5278 suspicionem,
1571 5203 1741 5269 labis,
1776 5203 2056 5276 qua’nihil

405 5283 496 5331 est
517 5279 814 5334 sanctitati
839 5276 1149 5344 infensius,
1183 5277 1255 5332 ab
1289 5276 1496 5332 eadem
1529 5277 1781 5347 Deipara
1812 5279 2054 5335 sanctis-

407 5346 559 5402 sima
590 5367 891 5405 removere
921 5349 1161 5405 debent.

475 5418 584 5488 (49)
636 5421 800 5494 Quod
842 5421 1015 5494 Virgo
1062 5421 1314 5494 Deipara
1356 5419 1690 5494 appelletur
1734 5436 1878 5477 nova
1906 5439 2054 5481 crea-

405 5494 552 5554 tura,
608 5490 832 5560 pluries
879 5490 971 5545 id'
998 5493 1153 5564 apud
1173 5490 1410 5547 _Patres_
1435 5490 1723 5564 occurrit.
1757 5494 2050 5552 Orationis

403 5564 605 5646 autem
637 5563 1209 5646 consequentiaHhic
1255 5564 1431 5646 plane
1479 5563 1760 5646 postulat,
1806 5571 1871 5646 ut
1928 5585 2047 5646 con-

399 5633 541 5707 ditio
569 5639 835 5707 creaturae
873 5650 994 5690 non
1023 5635 1197 5690 aliter
1251 5633 1322 5691 de
1353 5633 1553 5704 Maria,
1607 5652 1674 5690 ac
1703 5635 1880 5707 paulo
1911 5645 2046 5694 ante

397 5705 470 5760 de
491 5703 683 5777 primo
704 5705 967 5778 homine,
1002 5707 1344 5780 accipiatur.
1371 5709 1450 5765 De
1477 5703 1670 5780 prima
1695 5703 1830 5779 ergo
1852 5710 2046 5767 Mariae

2239 5142 2350 5223 (fit)
2384 5147 2596 5223 Notum
2629 5149 2744 5223 est,
2769 5143 3015 5223 Mariam
3038 5161 3202 5223 saepe
3244 5160 3279 5200 a
3308 5144 3584 5223 Patribus
3616 5154 3865 5223 appel-

2165 5210 2291 5300 lari
2324 5210 2674 5300 ἐργαστήριον
2728 5216 3074 5300 (ofﬁcinam),
3131 5210 3470 5300 ’propterea
3519 5210 3733 5300 quod‘
3787 5227 3861 5285 in

2166 5286 2302 5369 sinu
2325 5286 2592 5369 ejusdem
2615 5286 2936 5367 purissimo
2964 5286 3119 5369 uenus
3145 5286 3600 5369 incarnationis
3670 5309 3864 5369 mys-

2163 5357 2399 5481 text-ium,
2425 5357 2589 5482 tunde
2613 5357 2804 5412 omnis
2826 5360 3221 5418 sanctificatio
3257 5367 3345 5418 est
3393 5369 3448 5418 et
3478 5363 3668 5433 salus,
3695 5357 3859 5439 ope-

2163 5441 2226 5480 ra
2255 5443 2322 5481 us
2355 5446 2416 5482 es
2451 5469 2463 5482 .

2159 5441 2322 5481 ratus
2355 5441 2463 5484 est.

2231 5499 2341 5580 (.52)
2368 5498 2507 5553 Vide
2559 5499 2820 5580 studium
2863 5503 3050 5580 plane
3108 5506 3412 5580 singulare
3461 5504 3860 5580 celebrandi

2157 5568 2413 5656 ρείρανέε
2435 5573 2749 5652 puritatem
2777 5592 2800 5639 ;
2821 5568 2955 5656 iri-de
2978 5568 3343 5656 brevissima
3360 5577 3675 5634 verborum
3733 5568 3860 5656 lie—.—

2156 5639 2321 5730 riodo
2346 5639 3079 5730 Deip‘ara‘mhpraedicatam
3095 5652 3181 5708 uti
3203 5651 3609 5730 πανάλραντοχ,
3642 5639 3856 5713 stiva}-

2157 5713 2845 5793 μώμητον,’ἀκηλίδῖι›τον,
2876 5722 3303 5801 πανυπέραγνον.
3337 5713 3407 5780 Εἴ
3434 5713 3625 5780 facilis
3689 5732 3852 5798 qui-
