  <div class='ocr_page' id='page_1' title='image "/cluster/home/n/w/nwhite01/storage/ocr_20150623/139/hvd.32044023361710/029.png"; bbox 0 0 4030 6212; ppageno 0'>
   <div class='ocr_carea' id='block_1_1' title="bbox 376 364 3779 442">
    <p class='ocr_par' dir='ltr' id='par_1_1' title="bbox 376 364 3779 442">
     <span class='ocr_line' id='line_1_1' title="bbox 376 364 3779 442; baseline -0.003 -4"><span class='ocrx_word' id='word_1_1' title='bbox 376 382 451 442; x_wconf 76' lang='grc'><strong>47</strong></span> <span class='ocrx_word' id='word_1_2' title='bbox 1530 373 1814 436; x_wconf 76' lang='lat' dir='ltr'>lSlDORI</span> <span class='ocrx_word' id='word_1_3' title='bbox 1857 364 2633 433; x_wconf 84' lang='lat' dir='ltr'>THESSALONICENSIS</span> <span class='ocrx_word' id='word_1_4' title='bbox 3702 379 3779 438; x_wconf 70' lang='grc' dir='ltr'>ιδ</span> 
     </span>
    </p>
   </div>
   <div class='ocr_carea' id='block_1_2' title="bbox 376 495 2010 586">
    <p class='ocr_par' dir='ltr' id='par_1_2' title="bbox 376 504 2010 586">
     <span class='ocr_line' id='line_1_2' title="bbox 376 504 2010 586; baseline -0.006 -17"><span class='ocrx_word' id='word_1_5' title='bbox 376 517 710 586; x_wconf 87' lang='lat' dir='ltr'>appareret,</span> <span class='ocrx_word' id='word_1_6' title='bbox 744 517 802 568; x_wconf 88' lang='lat' dir='ltr'>et</span> <span class='ocrx_word' id='word_1_7' title='bbox 822 511 1120 568; x_wconf 69' lang='lat' dir='ltr'>caelestem</span> <span class='ocrx_word' id='word_1_8' title='bbox 1173 510 1300 582; x_wconf 87' lang='lat' dir='ltr'>ejus</span> <span class='ocrx_word' id='word_1_9' title='bbox 1350 509 1636 580; x_wconf 76' lang='lat' dir='ltr'>originem</span> <span class='ocrx_word' id='word_1_10' title='bbox 1697 513 1754 564; x_wconf 92' lang='lat' dir='ltr'>et</span> <span class='ocrx_word' id='word_1_11' title='bbox 1801 504 2010 560; x_wconf 70' lang='lat' dir='ltr'>coelum</span> 
     </span>
    </p>
   </div>
   <div class='ocr_carea' id='block_1_3' title="bbox 2122 495 3786 586">
    <p class='ocr_par' dir='ltr' id='par_1_3' title="bbox 2127 495 3786 579">
     <span class='ocr_line' id='line_1_3' title="bbox 2127 495 3786 579; baseline 0.004 -25"><span class='ocrx_word' id='word_1_12' title='bbox 2127 499 2180 554; x_wconf 78' lang='grc' dir='ltr'>εἷ⁷</span> <span class='ocrx_word' id='word_1_13' title='bbox 2204 519 2262 574; x_wconf 88' lang='grc' dir='ltr'>γε</span> <span class='ocrx_word' id='word_1_14' title='bbox 2297 503 2371 572; x_wconf 79' lang='grc' dir='ltr'>μή</span> <span class='ocrx_word' id='word_1_15' title='bbox 2434 499 2642 573; x_wconf 82' lang='grc' dir='ltr'>τρόπος</span> <span class='ocrx_word' id='word_1_16' title='bbox 2698 498 2856 560; x_wconf 79' lang='grc' dir='ltr'>οὗτος</span> <span class='ocrx_word' id='word_1_17' title='bbox 2913 495 3354 574; x_wconf 63' lang='grc' dir='ltr'>ἐπραγματεύετο</span> <span class='ocrx_word' id='word_1_18' title='bbox 3408 505 3678 579; x_wconf 73' lang='grc' dir='ltr'>σωτήριός</span> <span class='ocrx_word' id='word_1_19' title='bbox 3727 527 3786 562; x_wconf 88' lang='grc' dir='ltr'>τε</span> 
     </span>
    </p>
   </div>
   <div class='ocr_carea' id='block_1_4' title="bbox 372 594 2023 675">
    <p class='ocr_par' dir='ltr' id='par_1_4' title="bbox 372 594 2023 675">
     <span class='ocr_line' id='line_1_4' title="bbox 372 594 2023 675; baseline -0.005 -18"><span class='ocrx_word' id='word_1_20' title='bbox 372 603 676 675; x_wconf 82' lang='lat' dir='ltr'>propriam</span> <span class='ocrx_word' id='word_1_21' title='bbox 709 601 973 675; x_wconf 85' lang='lat' dir='ltr'>ejusdem</span> <span class='ocrx_word' id='word_1_22' title='bbox 999 616 1126 656; x_wconf 83' lang='lat' dir='ltr'>esse</span> <span class='ocrx_word' id='word_1_23' title='bbox 1151 599 1580 671; x_wconf 86' lang='lat' dir='ltr'>sedem,utpote</span> <span class='ocrx_word' id='word_1_24' title='bbox 1605 614 1734 669; x_wconf 70' lang='lat' dir='ltr'>quas</span> <span class='ocrx_word' id='word_1_25' title='bbox 1761 594 2023 668; x_wconf 88' lang='lat' dir='ltr'>angelica</span> 
     </span>
    </p>
   </div>
   <div class='ocr_carea' id='block_1_5' title="bbox 373 687 2021 764">
    <p class='ocr_par' dir='ltr' id='par_1_5' title="bbox 373 687 2021 764">
     <span class='ocr_line' id='line_1_5' title="bbox 373 687 2021 764; baseline -0.005 -17"><span class='ocrx_word' id='word_1_26' title='bbox 373 691 712 748; x_wconf 88' lang='lat' dir='ltr'>conditione</span> <span class='ocrx_word' id='word_1_27' title='bbox 732 691 992 764; x_wconf 62' lang='lat' dir='ltr'>(54),imo</span> <span class='ocrx_word' id='word_1_28' title='bbox 1017 707 1196 762; x_wconf 83' lang='lat' dir='ltr'>supra</span> <span class='ocrx_word' id='word_1_29' title='bbox 1245 690 1572 762; x_wconf 84' lang='lat' dir='ltr'>angelicam</span> <span class='ocrx_word' id='word_1_30' title='bbox 1617 687 2021 742; x_wconf 79' lang='lat' dir='ltr'>conditionem</span> 
     </span>
    </p>
   </div>
   <div class='ocr_carea' id='block_1_6' title="bbox 374 775 2018 853">
    <p class='ocr_par' dir='ltr' id='par_1_6' title="bbox 374 775 2018 853">
     <span class='ocr_line' id='line_1_6' title="bbox 374 775 2018 853; baseline -0.005 -16"><span class='ocrx_word' id='word_1_31' title='bbox 374 787 572 839; x_wconf 87' lang='lat' dir='ltr'>creata</span> <span class='ocrx_word' id='word_1_32' title='bbox 589 781 812 837; x_wconf 86' lang='lat' dir='ltr'>sit.Nisi</span> <span class='ocrx_word' id='word_1_33' title='bbox 835 781 994 853; x_wconf 91' lang='lat' dir='ltr'>quod</span> <span class='ocrx_word' id='word_1_34' title='bbox 1020 780 1310 853; x_wconf 90' lang='lat' dir='ltr'>ejusmodi</span> <span class='ocrx_word' id='word_1_35' title='bbox 1331 796 1478 851; x_wconf 89' lang='lat' dir='ltr'>opus</span> <span class='ocrx_word' id='word_1_36' title='bbox 1501 782 1626 833; x_wconf 89' lang='lat' dir='ltr'>erat</span> <span class='ocrx_word' id='word_1_37' title='bbox 1668 775 2018 839; x_wconf 76' lang='lat' dir='ltr'>meonomia,</span> 
     </span>
    </p>
   </div>
   <div class='ocr_carea' id='block_1_7' title="bbox 374 863 2019 942">
    <p class='ocr_par' dir='ltr' id='par_1_7' title="bbox 374 863 2019 942">
     <span class='ocr_line' id='line_1_7' title="bbox 374 863 2019 942; baseline -0.006 -15"><span class='ocrx_word' id='word_1_38' title='bbox 374 888 505 942; x_wconf 83' lang='lat' dir='ltr'>quae</span> <span class='ocrx_word' id='word_1_39' title='bbox 539 870 714 926; x_wconf 88' lang='lat' dir='ltr'>simul</span> <span class='ocrx_word' id='word_1_40' title='bbox 738 869 1012 926; x_wconf 88' lang='lat' dir='ltr'>salutaris</span> <span class='ocrx_word' id='word_1_41' title='bbox 1052 871 1224 934; x_wconf 84' lang='lat' dir='ltr'>foret,</span> <span class='ocrx_word' id='word_1_42' title='bbox 1250 875 1308 924; x_wconf 91' lang='lat' dir='ltr'>et</span> <span class='ocrx_word' id='word_1_43' title='bbox 1330 869 1559 924; x_wconf 88' lang='lat' dir='ltr'>nullum</span> <span class='ocrx_word' id='word_1_44' title='bbox 1611 866 1779 921; x_wconf 89' lang='lat' dir='ltr'>vanis</span> <span class='ocrx_word' id='word_1_45' title='bbox 1809 863 2019 918; x_wconf 86' lang='lat' dir='ltr'>delira-</span> 
     </span>
    </p>
   </div>
   <div class='ocr_carea' id='block_1_8' title="bbox 369 951 2022 1029">
    <p class='ocr_par' dir='ltr' id='par_1_8' title="bbox 369 951 2022 1029">
     <span class='ocr_line' id='line_1_8' title="bbox 369 951 2022 1029; baseline -0.007 -12"><span class='ocrx_word' id='word_1_46' title='bbox 369 959 587 1017; x_wconf 78' lang='lat' dir='ltr'>mentis</span> <span class='ocrx_word' id='word_1_47' title='bbox 619 959 816 1016; x_wconf 89' lang='lat' dir='ltr'>locum</span> <span class='ocrx_word' id='word_1_48' title='bbox 843 959 1224 1029; x_wconf 84' lang='lat' dir='ltr'>relinqueret.</span> <span class='ocrx_word' id='word_1_49' title='bbox 1255 955 1489 1011; x_wconf 81' lang='lat' dir='ltr'>Etenim</span> <span class='ocrx_word' id='word_1_50' title='bbox 1523 954 1701 1008; x_wconf 91' lang='lat' dir='ltr'>etiam</span> <span class='ocrx_word' id='word_1_51' title='bbox 1755 951 2022 1007; x_wconf 84' lang='lat' dir='ltr'>Salvator</span> 
     </span>
    </p>
   </div>
   <div class='ocr_carea' id='block_1_9' title="bbox 367 1039 2013 1118">
    <p class='ocr_par' dir='ltr' id='par_1_9' title="bbox 367 1039 2013 1118">
     <span class='ocr_line' id='line_1_9' title="bbox 367 1039 2013 1118; baseline -0.007 -13"><span class='ocrx_word' id='word_1_52' title='bbox 367 1046 694 1104; x_wconf 84' lang='lat' dir='ltr'>humanam</span> <span class='ocrx_word' id='word_1_53' title='bbox 741 1053 1015 1105; x_wconf 83' lang='lat' dir='ltr'>naturam</span> <span class='ocrx_word' id='word_1_54' title='bbox 1054 1051 1294 1118; x_wconf 85' lang='lat' dir='ltr'>propter</span> <span class='ocrx_word' id='word_1_55' title='bbox 1323 1061 1416 1100; x_wconf 91' lang='lat' dir='ltr'>me</span> <span class='ocrx_word' id='word_1_56' title='bbox 1447 1058 1749 1100; x_wconf 86' lang='lat' dir='ltr'>assumere</span> <span class='ocrx_word' id='word_1_57' title='bbox 1782 1039 1968 1096; x_wconf 86' lang='lat' dir='ltr'>voluit</span> <span class='ocrx_word' id='word_1_58' title='bbox 1999 1056 2013 1108; x_wconf 89' lang='lat'>;</span> 
     </span>
    </p>
   </div>
   <div class='ocr_carea' id='block_1_10' title="bbox 370 1128 2018 1208">
    <p class='ocr_par' dir='ltr' id='par_1_10' title="bbox 370 1128 2018 1208">
     <span class='ocr_line' id='line_1_10' title="bbox 370 1128 2018 1208; baseline -0.006 -15"><span class='ocrx_word' id='word_1_59' title='bbox 370 1137 528 1193; x_wconf 84' lang='lat' dir='ltr'>haud</span> <span class='ocrx_word' id='word_1_60' title='bbox 561 1154 668 1208; x_wconf 90' lang='lat' dir='ltr'>par</span> <span class='ocrx_word' id='word_1_61' title='bbox 705 1142 902 1191; x_wconf 89' lang='lat' dir='ltr'>autem</span> <span class='ocrx_word' id='word_1_62' title='bbox 932 1135 1143 1190; x_wconf 85' lang='lat' dir='ltr'>fuisset</span> <span class='ocrx_word' id='word_1_63' title='bbox 1164 1132 1456 1206; x_wconf 89' lang='lat' dir='ltr'>ejusmodi</span> <span class='ocrx_word' id='word_1_64' title='bbox 1480 1133 1732 1188; x_wconf 86' lang='lat' dir='ltr'>formam</span> <span class='ocrx_word' id='word_1_65' title='bbox 1760 1132 1821 1186; x_wconf 91' lang='lat' dir='ltr'>in</span> <span class='ocrx_word' id='word_1_66' title='bbox 1857 1128 2018 1184; x_wconf 62' lang='lat' dir='ltr'>caelis</span> 
     </span>
    </p>
   </div>
   <div class='ocr_carea' id='block_1_11' title="bbox 365 1219 2012 1294">
    <p class='ocr_par' dir='ltr' id='par_1_11' title="bbox 365 1219 2012 1294">
     <span class='ocr_line' id='line_1_11' title="bbox 365 1219 2012 1294; baseline -0.005 -13"><span class='ocrx_word' id='word_1_67' title='bbox 365 1224 1256 1290; x_wconf 69' lang='lat' dir='ltr'>induere.Praeterea,adversus</span> <span class='ocrx_word' id='word_1_68' title='bbox 1279 1240 1380 1279; x_wconf 89' lang='lat' dir='ltr'>eos</span> <span class='ocrx_word' id='word_1_69' title='bbox 1413 1223 1512 1294; x_wconf 89' lang='lat' dir='ltr'>qui</span> <span class='ocrx_word' id='word_1_70' title='bbox 1537 1237 1712 1294; x_wconf 84' lang='lat' dir='ltr'>prave</span> <span class='ocrx_word' id='word_1_71' title='bbox 1771 1219 2012 1292; x_wconf 83' lang='lat' dir='ltr'>dogma-</span> 
     </span>
    </p>
   </div>
   <div class='ocr_carea' id='block_1_12' title="bbox 367 1308 2017 1386">
    <p class='ocr_par' dir='ltr' id='par_1_12' title="bbox 367 1308 2017 1386">
     <span class='ocr_line' id='line_1_12' title="bbox 367 1308 2017 1386; baseline -0.004 -17"><span class='ocrx_word' id='word_1_72' title='bbox 367 1314 600 1370; x_wconf 88' lang='lat' dir='ltr'>tizaturi</span> <span class='ocrx_word' id='word_1_73' title='bbox 633 1319 801 1370; x_wconf 90' lang='lat' dir='ltr'>erant</span> <span class='ocrx_word' id='word_1_74' title='bbox 821 1315 992 1371; x_wconf 90' lang='lat' dir='ltr'>illum</span> <span class='ocrx_word' id='word_1_75' title='bbox 1025 1331 1147 1370; x_wconf 93' lang='lat' dir='ltr'>non</span> <span class='ocrx_word' id='word_1_76' title='bbox 1166 1315 1362 1386; x_wconf 86' lang='lat' dir='ltr'>reipsa</span> <span class='ocrx_word' id='word_1_77' title='bbox 1381 1314 1604 1368; x_wconf 85' lang='lat' dir='ltr'>factum</span> <span class='ocrx_word' id='word_1_78' title='bbox 1627 1311 1808 1366; x_wconf 86' lang='lat' dir='ltr'>fuisse</span> <span class='ocrx_word' id='word_1_79' title='bbox 1832 1308 2017 1364; x_wconf 90' lang='lat' dir='ltr'>homi-</span> 
     </span>
    </p>
   </div>
   <div class='ocr_carea' id='block_1_13' title="bbox 367 1401 2016 1478">
    <p class='ocr_par' dir='ltr' id='par_1_13' title="bbox 367 1401 2016 1478">
     <span class='ocr_line' id='line_1_13' title="bbox 367 1401 2016 1478; baseline -0.004 -18"><span class='ocrx_word' id='word_1_80' title='bbox 367 1404 819 1472; x_wconf 90' lang='lat' dir='ltr'>nem,invictum</span> <span class='ocrx_word' id='word_1_81' title='bbox 845 1405 1160 1460; x_wconf 79' lang='lat' dir='ltr'>exhibebat</span> <span class='ocrx_word' id='word_1_82' title='bbox 1182 1401 1793 1478; x_wconf 86' lang='lat' dir='ltr'>argumentum,illam</span> <span class='ocrx_word' id='word_1_83' title='bbox 1816 1414 2016 1471; x_wconf 86' lang='lat' dir='ltr'>nerr-pe</span> 
     </span>
    </p>
   </div>
   <div class='ocr_carea' id='block_1_14' title="bbox 2133 585 3784 664">
    <p class='ocr_par' dir='ltr' id='par_1_14' title="bbox 2133 585 3784 664">
     <span class='ocr_line' id='line_1_14' title="bbox 2133 585 3784 664; baseline 0.004 -20"><span class='ocrx_word' id='word_1_84' title='bbox 2133 590 2274 663; x_wconf 79' lang='grc' dir='ltr'>ὁμοῦ</span> <span class='ocrx_word' id='word_1_85' title='bbox 2331 586 2419 642; x_wconf 85' lang='grc' dir='ltr'>καὶ</span> <span class='ocrx_word' id='word_1_86' title='bbox 2476 591 2645 642; x_wconf 82' lang='grc' dir='ltr'>κενῶν</span> <span class='ocrx_word' id='word_1_87' title='bbox 2703 585 2952 658; x_wconf 75' lang='grc' dir='ltr'>ἄληπτος</span> <span class='ocrx_word' id='word_1_88' title='bbox 3008 585 3370 664; x_wconf 80' lang='grc' dir='ltr'>ληρημάτων,</span> <span class='ocrx_word' id='word_1_89' title='bbox 3426 592 3510 649; x_wconf 75' lang='grc' dir='ltr'>ὅτι</span> <span class='ocrx_word' id='word_1_90' title='bbox 3561 596 3650 650; x_wconf 79' lang='grc' dir='ltr'>καὶ</span> <span class='ocrx_word' id='word_1_91' title='bbox 3695 595 3784 652; x_wconf 77' lang='grc' dir='ltr'>ἅν-</span> 
     </span>
    </p>
   </div>
   <div class='ocr_carea' id='block_1_15' title="bbox 2131 675 3788 755">
    <p class='ocr_par' dir='ltr' id='par_1_15' title="bbox 2131 675 3788 755">
     <span class='ocr_line' id='line_1_15' title="bbox 2131 675 3788 755; baseline 0.006 -22"><span class='ocrx_word' id='word_1_92' title='bbox 2131 689 2350 752; x_wconf 82' lang='grc' dir='ltr'>θρωπος</span> <span class='ocrx_word' id='word_1_93' title='bbox 2378 679 2406 733; x_wconf 86' lang='grc' dir='ltr'>ὁ</span> <span class='ocrx_word' id='word_1_94' title='bbox 2439 679 2639 753; x_wconf 78' lang='grc' dir='ltr'>Σωτὴρ</span> <span class='ocrx_word' id='word_1_95' title='bbox 2701 677 2879 734; x_wconf 67' lang='grc' dir='ltr'>εἵλετο</span> <span class='ocrx_word' id='word_1_96' title='bbox 2939 675 3008 732; x_wconf 88' lang='grc' dir='ltr'>δι’</span> <span class='ocrx_word' id='word_1_97' title='bbox 3040 677 3135 752; x_wconf 77' lang='grc' dir='ltr'>ἐμὶ</span> <span class='ocrx_word' id='word_1_98' title='bbox 3164 683 3431 755; x_wconf 71' lang='grc' dir='ltr'>γενέσθαι,</span> <span class='ocrx_word' id='word_1_99' title='bbox 3466 683 3578 739; x_wconf 78' lang='grc' dir='ltr'>ἅνω</span> <span class='ocrx_word' id='word_1_100' title='bbox 3611 682 3668 742; x_wconf 75' lang='grc' dir='ltr'>δὲ</span> <span class='ocrx_word' id='word_1_101' title='bbox 3689 687 3788 742; x_wconf 84' lang='grc' dir='ltr'>οὐκ</span> 
     </span>
    </p>
   </div>
   <div class='ocr_carea' id='block_1_16' title="bbox 2131 764 3784 850">
    <p class='ocr_par' dir='ltr' id='par_1_16' title="bbox 2131 764 3784 850">
     <span class='ocr_line' id='line_1_16' title="bbox 2131 764 3784 850; baseline 0.005 -28"><span class='ocrx_word' id='word_1_102' title='bbox 2131 767 2252 838; x_wconf 73' lang='grc' dir='ltr'>ἐνῆν</span> <span class='ocrx_word' id='word_1_103' title='bbox 2300 769 2400 838; x_wconf 80' lang='grc' dir='ltr'>τήν</span> <span class='ocrx_word' id='word_1_104' title='bbox 2472 767 2724 835; x_wconf 76' lang='grc' dir='ltr'>τοιαύτην</span> <span class='ocrx_word' id='word_1_105' title='bbox 2808 764 3170 833; x_wconf 69' lang='grc' dir='ltr'>ἀναλαϐέσθαι</span> <span class='ocrx_word' id='word_1_106' title='bbox 3253 775 3490 850; x_wconf 70' lang='grc' dir='ltr'>μορφήν*</span> <span class='ocrx_word' id='word_1_107' title='bbox 3559 776 3649 829; x_wconf 81' lang='grc' dir='ltr'>καὶ</span> <span class='ocrx_word' id='word_1_108' title='bbox 3699 778 3784 831; x_wconf 75' lang='grc' dir='ltr'>ὅτι</span> 
     </span>
    </p>
   </div>
   <div class='ocr_carea' id='block_1_17' title="bbox 2126 857 3781 936">
    <p class='ocr_par' dir='ltr' id='par_1_17' title="bbox 2126 857 3781 936">
     <span class='ocr_line' id='line_1_17' title="bbox 2126 857 3781 936; baseline 0.005 -24"><span class='ocrx_word' id='word_1_109' title='bbox 2126 863 2271 928; x_wconf 85' lang='grc' dir='ltr'>τοῖς,</span> <span class='ocrx_word' id='word_1_110' title='bbox 2307 858 2384 931; x_wconf 76' lang='grc' dir='ltr'>μή</span> <span class='ocrx_word' id='word_1_111' title='bbox 2419 859 2502 912; x_wconf 81' lang='grc' dir='ltr'>ὅτι</span> <span class='ocrx_word' id='word_1_112' title='bbox 2533 858 2678 912; x_wconf 78' lang='grc' dir='ltr'>τοῦτ’</span> <span class='ocrx_word' id='word_1_113' title='bbox 2709 857 2968 933; x_wconf 82' lang='grc' dir='ltr'>ἐγεγόνει,</span> <span class='ocrx_word' id='word_1_114' title='bbox 2998 863 3179 922; x_wconf 81' lang='grc' dir='ltr'>κακῶς</span> <span class='ocrx_word' id='word_1_115' title='bbox 3237 859 3646 936; x_wconf 84' lang='grc' dir='ltr'>δογματίσασιν,</span> <span class='ocrx_word' id='word_1_116' title='bbox 3680 865 3781 920; x_wconf 79' lang='grc' dir='ltr'>οὐκ</span> 
     </span>
    </p>
   </div>
   <div class='ocr_carea' id='block_1_18' title="bbox 2127 943 3780 1026">
    <p class='ocr_par' dir='ltr' id='par_1_18' title="bbox 2127 943 3780 1026">
     <span class='ocr_line' id='line_1_18' title="bbox 2127 943 3780 1026; baseline 0.005 -24"><span class='ocrx_word' id='word_1_117' title='bbox 2127 947 2322 1011; x_wconf 78' lang='grc' dir='ltr'>ὰσθενῆ</span> <span class='ocrx_word' id='word_1_118' title='bbox 2379 949 2478 1016; x_wconf 77' lang='grc' dir='ltr'>τήν</span> <span class='ocrx_word' id='word_1_119' title='bbox 2535 947 2802 1021; x_wconf 73' lang='grc' dir='ltr'>Παρθένον</span> <span class='ocrx_word' id='word_1_120' title='bbox 2862 948 3156 1018; x_wconf 86' lang='grc' dir='ltr'>πεποίηκεν</span> <span class='ocrx_word' id='word_1_121' title='bbox 3207 943 3463 1026; x_wconf 75' lang='grc' dir='ltr'>ἔλεγγον,</span> <span class='ocrx_word' id='word_1_122' title='bbox 3506 953 3540 1021; x_wconf 83' lang='grc' dir='ltr'>ἣ</span> <span class='ocrx_word' id='word_1_123' title='bbox 3589 957 3780 1010; x_wconf 74' lang='grc' dir='ltr'>τοῦτον</span> 
     </span>
    </p>
   </div>
   <div class='ocr_carea' id='block_1_19' title="bbox 2127 1032 3775 1120">
    <p class='ocr_par' dir='ltr' id='par_1_19' title="bbox 2127 1032 3775 1120">
     <span class='ocr_line' id='line_1_19' title="bbox 2127 1032 3775 1120; baseline 0.005 -30"><span class='ocrx_word' id='word_1_124' title='bbox 2127 1033 2292 1095; x_wconf 77' lang='grc' dir='ltr'>ἔτεκε.</span> <span class='ocrx_word' id='word_1_125' title='bbox 2318 1037 2504 1112; x_wconf 75' lang='grc' dir='ltr'>Σαφής</span> <span class='ocrx_word' id='word_1_126' title='bbox 2536 1033 2582 1090; x_wconf 85' lang='grc' dir='ltr'>δ’</span> <span class='ocrx_word' id='word_1_127' title='bbox 2613 1032 2748 1106; x_wconf 69' lang='grc' dir='ltr'>αὕτη</span> <span class='ocrx_word' id='word_1_128' title='bbox 2781 1035 2980 1107; x_wconf 83' lang='grc' dir='ltr'>πηλὸς,</span> <span class='ocrx_word' id='word_1_129' title='bbox 3016 1037 3092 1101; x_wconf 83' lang='grc' dir='ltr'>ὡς</span> <span class='ocrx_word' id='word_1_130' title='bbox 3112 1036 3172 1092; x_wconf 82' lang='grc' dir='ltr'>ὲκ</span> <span class='ocrx_word' id='word_1_131' title='bbox 3213 1040 3417 1113; x_wconf 69' lang='grc' dir='ltr'>γηὶνων</span> <span class='ocrx_word' id='word_1_132' title='bbox 3478 1045 3635 1120; x_wconf 65' lang='grc' dir='ltr'>φῦσα,</span> <span class='ocrx_word' id='word_1_133' title='bbox 3685 1042 3775 1098; x_wconf 78' lang='grc' dir='ltr'>καὶ</span> 
     </span>
    </p>
   </div>
   <div class='ocr_carea' id='block_1_20' title="bbox 2126 1125 3772 1207">
    <p class='ocr_par' dir='ltr' id='par_1_20' title="bbox 2126 1125 3772 1207">
     <span class='ocr_line' id='line_1_20' title="bbox 2126 1125 3772 1207; baseline 0.004 -27"><span class='ocrx_word' id='word_1_134' title='bbox 2126 1129 2223 1180; x_wconf 81' lang='grc' dir='ltr'>τοῦ</span> <span class='ocrx_word' id='word_1_135' title='bbox 2255 1125 2413 1200; x_wconf 86' lang='grc' dir='ltr'>χοὸς,</span> <span class='ocrx_word' id='word_1_136' title='bbox 2448 1125 2648 1180; x_wconf 84' lang='grc' dir='ltr'>οίκεῖον</span> <span class='ocrx_word' id='word_1_137' title='bbox 2680 1130 2812 1181; x_wconf 82' lang='grc' dir='ltr'>εἶναι</span> <span class='ocrx_word' id='word_1_138' title='bbox 2845 1127 2935 1180; x_wconf 80' lang='grc' dir='ltr'>καὶ</span> <span class='ocrx_word' id='word_1_139' title='bbox 2957 1127 3054 1195; x_wconf 81' lang='grc' dir='ltr'>τὴν</span> <span class='ocrx_word' id='word_1_140' title='bbox 3088 1127 3358 1200; x_wconf 84' lang='grc' dir='ltr'>Πάναγνον</span> <span class='ocrx_word' id='word_1_141' title='bbox 3399 1133 3612 1204; x_wconf 82' lang='grc' dir='ltr'>κύημα,</span> <span class='ocrx_word' id='word_1_142' title='bbox 3644 1151 3772 1207; x_wconf 86' lang='grc' dir='ltr'>τρα-</span> 
     </span>
    </p>
   </div>
   <div class='ocr_carea' id='block_1_21' title="bbox 2125 1211 3777 1294">
    <p class='ocr_par' dir='ltr' id='par_1_21' title="bbox 2125 1211 3777 1294">
     <span class='ocr_line' id='line_1_21' title="bbox 2125 1211 3777 1294; baseline 0.004 -24"><span class='ocrx_word' id='word_1_143' title='bbox 2125 1213 2322 1271; x_wconf 89' lang='grc' dir='ltr'>νότατα</span> <span class='ocrx_word' id='word_1_144' title='bbox 2367 1211 2866 1285; x_wconf 82' lang='grc' dir='ltr'>διακωδωνοῦντος,</span> <span class='ocrx_word' id='word_1_145' title='bbox 2927 1216 3095 1291; x_wconf 80' lang='grc' dir='ltr'>οὗπερ</span> <span class='ocrx_word' id='word_1_146' title='bbox 3151 1218 3348 1288; x_wconf 79' lang='grc' dir='ltr'>ἣκιστα</span> <span class='ocrx_word' id='word_1_147' title='bbox 3403 1220 3581 1290; x_wconf 78' lang='grc' dir='ltr'>πέπτη</span> <span class='ocrx_word' id='word_1_148' title='bbox 3642 1225 3777 1294; x_wconf 79' lang='lat'>(55),</span> 
     </span>
    </p>
   </div>
   <div class='ocr_carea' id='block_1_22' title="bbox 2125 1301 3774 1384">
    <p class='ocr_par' dir='ltr' id='par_1_22' title="bbox 2125 1301 3774 1384">
     <span class='ocr_line' id='line_1_22' title="bbox 2125 1301 3774 1384; baseline 0.005 -26"><span class='ocrx_word' id='word_1_149' title='bbox 2125 1301 2271 1359; x_wconf 78' lang='grc' dir='ltr'>ἀλλᾶ</span> <span class='ocrx_word' id='word_1_150' title='bbox 2299 1304 2432 1359; x_wconf 82' lang='grc' dir='ltr'>κατᾶ</span> <span class='ocrx_word' id='word_1_151' title='bbox 2476 1303 2604 1366; x_wconf 78' lang='grc' dir='ltr'>τοὺς</span> <span class='ocrx_word' id='word_1_152' title='bbox 2659 1306 2921 1384; x_wconf 69' lang='grc' dir='ltr'>ὁμοφυεῖς</span> <span class='ocrx_word' id='word_1_153' title='bbox 2978 1309 3098 1371; x_wconf 83' lang='grc' dir='ltr'>ταῖς</span> <span class='ocrx_word' id='word_1_154' title='bbox 3156 1307 3376 1380; x_wconf 74' lang='grc' dir='ltr'>ἐκεῖθεν,</span> <span class='ocrx_word' id='word_1_155' title='bbox 3412 1310 3487 1372; x_wconf 88' lang='grc' dir='ltr'>ὡς</span> <span class='ocrx_word' id='word_1_156' title='bbox 3546 1309 3774 1380; x_wconf 80' lang='grc' dir='ltr'>εἷπεῖνς,</span> 
     </span>
    </p>
   </div>
   <div class='ocr_carea' id='block_1_23' title="bbox 2128 1393 3308 1472">
    <p class='ocr_par' dir='ltr' id='par_1_23' title="bbox 2128 1393 3308 1472">
     <span class='ocr_line' id='line_1_23' title="bbox 2128 1393 3308 1472; baseline 0.003 -23"><span class='ocrx_word' id='word_1_157' title='bbox 2128 1395 2242 1450; x_wconf 81' lang='grc' dir='ltr'>εἶκε</span> <span class='ocrx_word' id='word_1_158' title='bbox 2271 1393 2461 1456; x_wconf 83' lang='grc' dir='ltr'>πὲδαις</span> <span class='ocrx_word' id='word_1_159' title='bbox 2489 1399 2607 1456; x_wconf 88' lang='grc' dir='ltr'>τοῖς</span> <span class='ocrx_word' id='word_1_160' title='bbox 2637 1395 2786 1450; x_wconf 86' lang='grc' dir='ltr'>κάτω</span> <span class='ocrx_word' id='word_1_161' title='bbox 2818 1401 3308 1472; x_wconf 82' lang='grc' dir='ltr'>προσγειτονοῦσα.</span> 
     </span>
    </p>
   </div>
   <div class='ocr_carea' id='block_1_24' title="bbox 368 1485 3769 1568">
    <p class='ocr_par' dir='ltr' id='par_1_24' title="bbox 368 1485 3769 1568">
     <span class='ocr_line' id='line_1_24' title="bbox 368 1485 3769 1568; baseline -0.001 -19"><span class='ocrx_word' id='word_1_162' title='bbox 368 1495 688 1565; x_wconf 75' lang='lat' dir='ltr'>Virginem,</span> <span class='ocrx_word' id='word_1_163' title='bbox 747 1513 878 1566; x_wconf 72' lang='lat' dir='ltr'>quae</span> <span class='ocrx_word' id='word_1_164' title='bbox 928 1511 1064 1550; x_wconf 93' lang='lat' dir='ltr'>eum</span> <span class='ocrx_word' id='word_1_165' title='bbox 1095 1495 1319 1568; x_wconf 81' lang='lat' dir='ltr'>genuit.</span> <span class='ocrx_word' id='word_1_166' title='bbox 1365 1493 1668 1549; x_wconf 85' lang='lat' dir='ltr'>Manifeste</span> <span class='ocrx_word' id='word_1_167' title='bbox 1707 1491 1866 1546; x_wconf 91' lang='lat' dir='ltr'>enim</span> <span class='ocrx_word' id='word_1_168' title='bbox 1924 1490 2051 1560; x_wconf 89' lang='lat' dir='ltr'>ipsa</span> <span class='ocrx_word' id='word_1_169' title='bbox 2098 1492 2332 1542; x_wconf 88' lang='lat' dir='ltr'>terrena</span> <span class='ocrx_word' id='word_1_170' title='bbox 2380 1485 2720 1558; x_wconf 87' lang='lat' dir='ltr'>apparebat,</span> <span class='ocrx_word' id='word_1_171' title='bbox 2779 1488 2996 1560; x_wconf 83' lang='lat' dir='ltr'>quippe</span> <span class='ocrx_word' id='word_1_172' title='bbox 3055 1504 3086 1542; x_wconf 89' lang='lat' dir='ltr'>e</span> <span class='ocrx_word' id='word_1_173' title='bbox 3136 1489 3386 1545; x_wconf 90' lang='lat' dir='ltr'>terrenis</span> <span class='ocrx_word' id='word_1_174' title='bbox 3423 1491 3769 1562; x_wconf 78' lang='lat' dir='ltr'>parentibus</span> 
     </span>
    </p>
   </div>
   <div class='ocr_carea' id='block_1_25' title="bbox 369 1577 3771 1655">
    <p class='ocr_par' dir='ltr' id='par_1_25' title="bbox 369 1577 3771 1655">
     <span class='ocr_line' id='line_1_25' title="bbox 369 1577 3771 1655; baseline 0.001 -17"><span class='ocrx_word' id='word_1_175' title='bbox 369 1588 427 1638; x_wconf 90' lang='lat' dir='ltr'>et</span> <span class='ocrx_word' id='word_1_176' title='bbox 458 1600 526 1638; x_wconf 82' lang='lat' dir='ltr'>ex</span> <span class='ocrx_word' id='word_1_177' title='bbox 555 1600 621 1639; x_wconf 93' lang='lat' dir='ltr'>eo</span> <span class='ocrx_word' id='word_1_178' title='bbox 644 1584 788 1639; x_wconf 92' lang='lat' dir='ltr'>limo</span> <span class='ocrx_word' id='word_1_179' title='bbox 813 1583 1145 1655; x_wconf 85' lang='lat' dir='ltr'>exorta,qui</span> <span class='ocrx_word' id='word_1_180' title='bbox 1179 1583 1269 1638; x_wconf 82' lang='lat' dir='ltr'>vel</span> <span class='ocrx_word' id='word_1_181' title='bbox 1293 1581 2012 1638; x_wconf 89' lang='lat' dir='ltr'>hancinnocentissimam</span> <span class='ocrx_word' id='word_1_182' title='bbox 2063 1583 2364 1634; x_wconf 88' lang='lat' dir='ltr'>terrenum</span> <span class='ocrx_word' id='word_1_183' title='bbox 2423 1577 2624 1633; x_wconf 78' lang='lat' dir='ltr'>fmtum</span> <span class='ocrx_word' id='word_1_184' title='bbox 2680 1594 2806 1633; x_wconf 88' lang='lat' dir='ltr'>esse</span> <span class='ocrx_word' id='word_1_185' title='bbox 2865 1577 3304 1636; x_wconf 83' lang='lat' dir='ltr'>evidentissime</span> <span class='ocrx_word' id='word_1_186' title='bbox 3344 1582 3771 1653; x_wconf 83' lang='lat' dir='ltr'>proclamabat.</span> 
     </span>
    </p>
   </div>
   <div class='ocr_carea' id='block_1_26' title="bbox 366 1667 3775 1746">
    <p class='ocr_par' dir='ltr' id='par_1_26' title="bbox 366 1667 3775 1746">
     <span class='ocr_line' id='line_1_26' title="bbox 366 1667 3775 1746; baseline 0.001 -20"><span class='ocrx_word' id='word_1_187' title='bbox 366 1674 409 1726; x_wconf 90' lang='lat' dir='ltr'><strong>E</strong></span> <span class='ocrx_word' id='word_1_188' title='bbox 441 1690 555 1745; x_wconf 91' lang='lat' dir='ltr'>quo</span> <span class='ocrx_word' id='word_1_189' title='bbox 588 1674 828 1745; x_wconf 90' lang='lat' dir='ltr'>quidem</span> <span class='ocrx_word' id='word_1_190' title='bbox 861 1673 1002 1730; x_wconf 89' lang='lat' dir='ltr'>limo</span> <span class='ocrx_word' id='word_1_191' title='bbox 1027 1674 1484 1745; x_wconf 89' lang='lat' dir='ltr'>haudquaquam</span> <span class='ocrx_word' id='word_1_192' title='bbox 1518 1670 1761 1728; x_wconf 86' lang='lat' dir='ltr'>evolavit</span> <span class='ocrx_word' id='word_1_193' title='bbox 1796 1688 1810 1737; x_wconf 87' lang='lat'><strong>;</strong></span> <span class='ocrx_word' id='word_1_194' title='bbox 1845 1669 1947 1725; x_wconf 89' lang='lat' dir='ltr'>sed</span> <span class='ocrx_word' id='word_1_195' title='bbox 1978 1686 2097 1725; x_wconf 91' lang='lat' dir='ltr'>non</span> <span class='ocrx_word' id='word_1_196' title='bbox 2130 1684 2299 1724; x_wconf 91' lang='lat' dir='ltr'>secus</span> <span class='ocrx_word' id='word_1_197' title='bbox 2328 1684 2396 1724; x_wconf 90' lang='lat' dir='ltr'>ac</span> <span class='ocrx_word' id='word_1_198' title='bbox 2427 1667 2624 1723; x_wconf 72' lang='lat' dir='ltr'>caateri</span> <span class='ocrx_word' id='word_1_199' title='bbox 2647 1667 2917 1738; x_wconf 88' lang='lat' dir='ltr'>ejusdem</span> <span class='ocrx_word' id='word_1_200' title='bbox 2947 1673 3174 1725; x_wconf 68' lang='lat' dir='ltr'>natura)</span> <span class='ocrx_word' id='word_1_201' title='bbox 3230 1669 3522 1741; x_wconf 87' lang='lat' dir='ltr'>homines,</span> <span class='ocrx_word' id='word_1_202' title='bbox 3587 1672 3775 1746; x_wconf 83' lang='lat' dir='ltr'>hisce,</span> 
     </span>
    </p>
   </div>
   <div class='ocr_carea' id='block_1_27' title="bbox 366 1757 2392 1836">
    <p class='ocr_par' dir='ltr' id='par_1_27' title="bbox 366 1757 2392 1836">
     <span class='ocr_line' id='line_1_27' title="bbox 366 1757 2392 1836; baseline -0.002 -17"><span class='ocrx_word' id='word_1_203' title='bbox 366 1767 431 1819; x_wconf 91' lang='lat' dir='ltr'>ut</span> <span class='ocrx_word' id='word_1_204' title='bbox 462 1763 544 1818; x_wconf 87' lang='lat' dir='ltr'>ita</span> <span class='ocrx_word' id='word_1_205' title='bbox 565 1761 781 1833; x_wconf 91' lang='lat' dir='ltr'>dicam,</span> <span class='ocrx_word' id='word_1_206' title='bbox 815 1764 1200 1836; x_wconf 90' lang='lat' dir='ltr'>compedibus</span> <span class='ocrx_word' id='word_1_207' title='bbox 1222 1765 1295 1820; x_wconf 91' lang='lat' dir='ltr'>ad</span> <span class='ocrx_word' id='word_1_208' title='bbox 1328 1762 1452 1819; x_wconf 85' lang='lat' dir='ltr'>haec</span> <span class='ocrx_word' id='word_1_209' title='bbox 1475 1763 1683 1818; x_wconf 82' lang='lat' dir='ltr'>infima</span> <span class='ocrx_word' id='word_1_210' title='bbox 1713 1761 2031 1817; x_wconf 89' lang='lat' dir='ltr'>constricta</span> <span class='ocrx_word' id='word_1_211' title='bbox 2061 1757 2392 1815; x_wconf 87' lang='lat' dir='ltr'>tenebatur.</span> 
     </span>
    </p>
   </div>
   <div class='ocr_carea' id='block_1_28' title="bbox 437 1844 2010 1928">
    <p class='ocr_par' dir='ltr' id='par_1_28' title="bbox 437 1850 2005 1925">
     <span class='ocr_line' id='line_1_28' title="bbox 437 1850 2005 1925; baseline -0.001 -18"><span class='ocrx_word' id='word_1_212' title='bbox 437 1852 531 1908; x_wconf 83' lang='lat' dir='ltr'>IX.</span> <span class='ocrx_word' id='word_1_213' title='bbox 565 1853 854 1918; x_wconf 90' lang='lat' dir='ltr'>Quoniam</span> <span class='ocrx_word' id='word_1_214' title='bbox 874 1854 1072 1925; x_wconf 90' lang='lat' dir='ltr'>itaque</span> <span class='ocrx_word' id='word_1_215' title='bbox 1089 1854 1250 1910; x_wconf 85' lang='lat' dir='ltr'>hisce</span> <span class='ocrx_word' id='word_1_216' title='bbox 1275 1853 1347 1908; x_wconf 91' lang='lat' dir='ltr'>de</span> <span class='ocrx_word' id='word_1_217' title='bbox 1370 1851 1562 1908; x_wconf 88' lang='lat' dir='ltr'>causis</span> <span class='ocrx_word' id='word_1_218' title='bbox 1593 1869 1711 1906; x_wconf 90' lang='lat' dir='ltr'>non</span> <span class='ocrx_word' id='word_1_219' title='bbox 1735 1850 2005 1922; x_wconf 86' lang='lat' dir='ltr'>expedie-</span> 
     </span>
    </p>
   </div>
   <div class='ocr_carea' id='block_1_29' title="bbox 2122 1844 3774 1928">
    <p class='ocr_par' dir='ltr' id='par_1_29' title="bbox 2182 1844 3774 1928">
     <span class='ocr_line' id='line_1_29' title="bbox 2182 1844 3774 1928; baseline 0.003 -25"><span class='ocrx_word' id='word_1_220' title='bbox 2182 1853 2254 1903; x_wconf 74' lang='grc' dir='ltr'>Θ¹⁸</span> <span class='ocrx_word' id='word_1_221' title='bbox 2290 1845 2468 1905; x_wconf 71' lang='lat' dir='ltr'>&quot;Emi</span> <span class='ocrx_word' id='word_1_222' title='bbox 2489 1844 2668 1901; x_wconf 90' lang='grc' dir='ltr'>τοίνυν</span> <span class='ocrx_word' id='word_1_223' title='bbox 2700 1845 2798 1902; x_wconf 80' lang='grc' dir='ltr'>οὐκ</span> <span class='ocrx_word' id='word_1_224' title='bbox 2845 1846 2910 1916; x_wconf 75' lang='grc' dir='ltr'>ἦν</span> <span class='ocrx_word' id='word_1_225' title='bbox 2983 1844 3072 1902; x_wconf 82' lang='grc' dir='ltr'>διὰ</span> <span class='ocrx_word' id='word_1_226' title='bbox 3111 1853 3277 1904; x_wconf 78' lang='grc' dir='ltr'>ταῦτα</span> <span class='ocrx_word' id='word_1_227' title='bbox 3333 1856 3434 1919; x_wconf 78' lang='grc' dir='ltr'>τῆς</span> <span class='ocrx_word' id='word_1_228' title='bbox 3490 1849 3622 1928; x_wconf 70' lang='grc' dir='ltr'>ύπὶρ</span> <span class='ocrx_word' id='word_1_229' title='bbox 3673 1858 3774 1926; x_wconf 83' lang='grc' dir='ltr'>γῆν</span> 
     </span>
    </p>
   </div>
   <div class='ocr_carea' id='block_1_30' title="bbox 364 1939 2017 2016">
    <p class='ocr_par' dir='ltr' id='par_1_30' title="bbox 364 1939 2017 2016">
     <span class='ocr_line' id='line_1_30' title="bbox 364 1939 2017 2016; baseline -0.002 -19"><span class='ocrx_word' id='word_1_230' title='bbox 364 1941 556 2010; x_wconf 85' lang='lat' dir='ltr'>bat,ut</span> <span class='ocrx_word' id='word_1_231' title='bbox 578 1942 747 2016; x_wconf 82' lang='lat' dir='ltr'>Virgo</span> <span class='ocrx_word' id='word_1_232' title='bbox 793 1942 1202 1999; x_wconf 87' lang='lat' dir='ltr'>sublimiorem</span> <span class='ocrx_word' id='word_1_233' title='bbox 1229 1943 1402 2015; x_wconf 88' lang='lat' dir='ltr'>longe</span> <span class='ocrx_word' id='word_1_234' title='bbox 1445 1959 1478 1997; x_wconf 93' lang='lat' dir='ltr'>a</span> <span class='ocrx_word' id='word_1_235' title='bbox 1509 1941 1682 1996; x_wconf 88' lang='lat' dir='ltr'>terris</span> <span class='ocrx_word' id='word_1_236' title='bbox 1722 1939 2017 1994; x_wconf 89' lang='lat' dir='ltr'>obtineret</span> 
     </span>
    </p>
   </div>
   <div class='ocr_carea' id='block_1_31' title="bbox 367 2026 2017 2104">
    <p class='ocr_par' dir='ltr' id='par_1_31' title="bbox 367 2026 2017 2104">
     <span class='ocr_line' id='line_1_31' title="bbox 367 2026 2017 2104; baseline -0.002 -18"><span class='ocrx_word' id='word_1_237' title='bbox 367 2029 714 2102; x_wconf 88' lang='lat' dir='ltr'>sedem,qua</span> <span class='ocrx_word' id='word_1_238' title='bbox 739 2032 788 2087; x_wconf 91' lang='lat' dir='ltr'>si</span> <span class='ocrx_word' id='word_1_239' title='bbox 811 2031 1112 2104; x_wconf 89' lang='lat' dir='ltr'>quispiam</span> <span class='ocrx_word' id='word_1_240' title='bbox 1142 2031 1680 2104; x_wconf 86' lang='lat' dir='ltr'>angelorum,certe</span> <span class='ocrx_word' id='word_1_241' title='bbox 1710 2028 1883 2084; x_wconf 89' lang='lat' dir='ltr'>beata</span> <span class='ocrx_word' id='word_1_242' title='bbox 1914 2026 2017 2083; x_wconf 91' lang='lat' dir='ltr'>illa</span> 
     </span>
    </p>
   </div>
   <div class='ocr_carea' id='block_1_32' title="bbox 367 2117 2015 2192">
    <p class='ocr_par' dir='ltr' id='par_1_32' title="bbox 367 2117 2015 2192">
     <span class='ocr_line' id='line_1_32' title="bbox 367 2117 2015 2192; baseline -0.001 -19"><span class='ocrx_word' id='word_1_243' title='bbox 367 2118 714 2191; x_wconf 89' lang='lat' dir='ltr'>dignissima</span> <span class='ocrx_word' id='word_1_244' title='bbox 744 2125 870 2176; x_wconf 88' lang='lat' dir='ltr'>erat</span> <span class='ocrx_word' id='word_1_245' title='bbox 889 2120 1000 2192; x_wconf 84' lang='lat'>(56)</span> <span class='ocrx_word' id='word_1_246' title='bbox 1021 2138 1034 2189; x_wconf 88' lang='lat'><strong>;</strong></span> <span class='ocrx_word' id='word_1_247' title='bbox 1057 2121 1262 2176; x_wconf 85' lang='lat' dir='ltr'>saltem</span> <span class='ocrx_word' id='word_1_248' title='bbox 1283 2125 1347 2174; x_wconf 94' lang='lat' dir='ltr'>ut</span> <span class='ocrx_word' id='word_1_249' title='bbox 1369 2118 1524 2174; x_wconf 70' lang='lat' dir='ltr'>mdes</span> <span class='ocrx_word' id='word_1_250' title='bbox 1555 2118 1646 2174; x_wconf 78' lang='lat' dir='ltr'>vel</span> <span class='ocrx_word' id='word_1_251' title='bbox 1680 2117 1824 2190; x_wconf 89' lang='lat' dir='ltr'>ipsis</span> <span class='ocrx_word' id='word_1_252' title='bbox 1856 2133 2015 2190; x_wconf 83' lang='lat' dir='ltr'>rega-</span> 
     </span>
    </p>
   </div>
   <div class='ocr_carea' id='block_1_33' title="bbox 367 2206 2013 2277">
    <p class='ocr_par' dir='ltr' id='par_1_33' title="bbox 367 2206 2013 2277">
     <span class='ocr_line' id='line_1_33' title="bbox 367 2206 2013 2277; baseline -0.002 -15"><span class='ocrx_word' id='word_1_253' title='bbox 367 2206 520 2262; x_wconf 87' lang='lat' dir='ltr'>libus</span> <span class='ocrx_word' id='word_1_254' title='bbox 550 2206 895 2277; x_wconf 88' lang='lat' dir='ltr'>nobiliores,</span> <span class='ocrx_word' id='word_1_255' title='bbox 934 2207 1216 2263; x_wconf 88' lang='lat' dir='ltr'>nimirum</span> <span class='ocrx_word' id='word_1_256' title='bbox 1240 2209 1446 2264; x_wconf 86' lang='lat' dir='ltr'>Sancta</span> <span class='ocrx_word' id='word_1_257' title='bbox 1475 2222 1809 2274; x_wconf 81' lang='lat' dir='ltr'>sanczorum,</span> <span class='ocrx_word' id='word_1_258' title='bbox 1845 2221 2013 2260; x_wconf 90' lang='lat' dir='ltr'>seor-</span> 
     </span>
    </p>
   </div>
   <div class='ocr_carea' id='block_1_34' title="bbox 367 2296 2014 2370">
    <p class='ocr_par' dir='ltr' id='par_1_34' title="bbox 367 2296 2014 2370">
     <span class='ocr_line' id='line_1_34' title="bbox 367 2296 2014 2370; baseline -0.001 -19"><span class='ocrx_word' id='word_1_259' title='bbox 367 2296 479 2351; x_wconf 90' lang='lat' dir='ltr'>sim</span> <span class='ocrx_word' id='word_1_260' title='bbox 512 2314 547 2351; x_wconf 90' lang='lat' dir='ltr'>a</span> <span class='ocrx_word' id='word_1_261' title='bbox 577 2298 830 2352; x_wconf 87' lang='lat' dir='ltr'>terrenis</span> <span class='ocrx_word' id='word_1_262' title='bbox 862 2303 920 2352; x_wconf 91' lang='lat' dir='ltr'>et</span> <span class='ocrx_word' id='word_1_263' title='bbox 949 2298 1214 2370; x_wconf 81' lang='lat' dir='ltr'>cognatis</span> <span class='ocrx_word' id='word_1_264' title='bbox 1244 2298 1715 2363; x_wconf 89' lang='lat' dir='ltr'>incoleret,Deus</span> <span class='ocrx_word' id='word_1_265' title='bbox 1745 2296 2014 2368; x_wconf 77' lang='lat' dir='ltr'>aaquissi-</span> 
     </span>
    </p>
   </div>
   <div class='ocr_carea' id='block_1_35' title="bbox 366 2383 2014 2458">
    <p class='ocr_par' dir='ltr' id='par_1_35' title="bbox 366 2383 2014 2458">
     <span class='ocr_line' id='line_1_35' title="bbox 366 2383 2014 2458; baseline -0.002 -16"><span class='ocrx_word' id='word_1_266' title='bbox 366 2401 531 2442; x_wconf 89' lang='lat' dir='ltr'>mum</span> <span class='ocrx_word' id='word_1_267' title='bbox 557 2383 860 2457; x_wconf 86' lang='lat' dir='ltr'>judicavit.</span> <span class='ocrx_word' id='word_1_268' title='bbox 893 2388 1084 2458; x_wconf 79' lang='lat' dir='ltr'>Atque</span> <span class='ocrx_word' id='word_1_269' title='bbox 1134 2388 1290 2443; x_wconf 89' lang='lat' dir='ltr'>intra</span> <span class='ocrx_word' id='word_1_270' title='bbox 1328 2387 1650 2443; x_wconf 88' lang='lat' dir='ltr'>sacrarium</span> <span class='ocrx_word' id='word_1_271' title='bbox 1680 2385 1828 2440; x_wconf 91' lang='lat' dir='ltr'>illud</span> <span class='ocrx_word' id='word_1_272' title='bbox 1868 2384 2014 2440; x_wconf 81' lang='lat' dir='ltr'>divi-</span> 
     </span>
    </p>
   </div>
   <div class='ocr_carea' id='block_1_36' title="bbox 366 2475 2012 2547">
    <p class='ocr_par' dir='ltr' id='par_1_36' title="bbox 366 2475 2012 2547">
     <span class='ocr_line' id='line_1_36' title="bbox 366 2475 2012 2547; baseline -0.001 -17"><span class='ocrx_word' id='word_1_273' title='bbox 366 2491 532 2541; x_wconf 90' lang='lat' dir='ltr'>num,</span> <span class='ocrx_word' id='word_1_274' title='bbox 556 2481 758 2547; x_wconf 88' lang='lat' dir='ltr'>utpote</span> <span class='ocrx_word' id='word_1_275' title='bbox 791 2475 902 2531; x_wconf 87' lang='lat' dir='ltr'>soli</span> <span class='ocrx_word' id='word_1_276' title='bbox 933 2475 1019 2530; x_wconf 92' lang='lat' dir='ltr'>illi</span> <span class='ocrx_word' id='word_1_277' title='bbox 1073 2476 1577 2532; x_wconf 82' lang='lat' dir='ltr'>innocentissimae</span> <span class='ocrx_word' id='word_1_278' title='bbox 1631 2475 2012 2542; x_wconf 86' lang='lat' dir='ltr'>conveniens,</span> 
     </span>
    </p>
   </div>
   <div class='ocr_carea' id='block_1_37' title="bbox 366 2565 2012 2638">
    <p class='ocr_par' dir='ltr' id='par_1_37' title="bbox 366 2565 2012 2638">
     <span class='ocr_line' id='line_1_37' title="bbox 366 2565 2012 2638; baseline 0 -19"><span class='ocrx_word' id='word_1_279' title='bbox 366 2569 610 2636; x_wconf 90' lang='lat' dir='ltr'>propter</span> <span class='ocrx_word' id='word_1_280' title='bbox 639 2581 816 2635; x_wconf 90' lang='lat' dir='ltr'>quam</span> <span class='ocrx_word' id='word_1_281' title='bbox 862 2570 920 2621; x_wconf 92' lang='lat' dir='ltr'>et</span> <span class='ocrx_word' id='word_1_282' title='bbox 958 2567 1150 2622; x_wconf 82' lang='lat' dir='ltr'>Sancti</span> <span class='ocrx_word' id='word_1_283' title='bbox 1177 2573 1488 2622; x_wconf 82' lang='lat' dir='ltr'>sanctorum</span> <span class='ocrx_word' id='word_1_284' title='bbox 1537 2565 2012 2638; x_wconf 88' lang='lat' dir='ltr'>appellationem,</span> 
     </span>
    </p>
   </div>
   <div class='ocr_carea' id='block_1_38' title="bbox 367 2655 2013 2729">
    <p class='ocr_par' dir='ltr' id='par_1_38' title="bbox 367 2655 2013 2729">
     <span class='ocr_line' id='line_1_38' title="bbox 367 2655 2013 2729; baseline 0.001 -20"><span class='ocrx_word' id='word_1_285' title='bbox 367 2659 428 2709; x_wconf 90' lang='lat' dir='ltr'>et</span> <span class='ocrx_word' id='word_1_286' title='bbox 455 2655 730 2710; x_wconf 87' lang='lat' dir='ltr'>virtutem</span> <span class='ocrx_word' id='word_1_287' title='bbox 763 2655 901 2710; x_wconf 88' lang='lat' dir='ltr'>huic</span> <span class='ocrx_word' id='word_1_288' title='bbox 940 2656 1169 2712; x_wconf 90' lang='lat' dir='ltr'>nomini</span> <span class='ocrx_word' id='word_1_289' title='bbox 1202 2672 1544 2729; x_wconf 83' lang='lat' dir='ltr'>congruam,</span> <span class='ocrx_word' id='word_1_290' title='bbox 1575 2655 1661 2710; x_wconf 89' lang='lat' dir='ltr'>uti</span> <span class='ocrx_word' id='word_1_291' title='bbox 1711 2661 2013 2711; x_wconf 91' lang='lat' dir='ltr'>ostensum</span> 
     </span>
    </p>
   </div>
   <div class='ocr_carea' id='block_1_39' title="bbox 359 2747 2012 2820">
    <p class='ocr_par' dir='ltr' id='par_1_39' title="bbox 359 2747 2012 2820">
     <span class='ocr_line' id='line_1_39' title="bbox 359 2747 2012 2820; baseline 0.001 -17"><span class='ocrx_word' id='word_1_292' title='bbox 359 2747 486 2819; x_wconf 85' lang='lat' dir='ltr'>jam</span> <span class='ocrx_word' id='word_1_293' title='bbox 518 2752 627 2816; x_wconf 89' lang='lat' dir='ltr'>est,</span> <span class='ocrx_word' id='word_1_294' title='bbox 660 2753 989 2820; x_wconf 87' lang='lat' dir='ltr'>acceperat,</span> <span class='ocrx_word' id='word_1_295' title='bbox 1022 2749 1339 2804; x_wconf 89' lang='lat' dir='ltr'>mansisset</span> <span class='ocrx_word' id='word_1_296' title='bbox 1399 2765 1467 2805; x_wconf 90' lang='lat' dir='ltr'>ea</span> <span class='ocrx_word' id='word_1_297' title='bbox 1524 2749 1749 2820; x_wconf 88' lang='lat' dir='ltr'>utique,</span> <span class='ocrx_word' id='word_1_298' title='bbox 1796 2755 1861 2803; x_wconf 91' lang='lat' dir='ltr'>ut</span> <span class='ocrx_word' id='word_1_299' title='bbox 1909 2765 2012 2820; x_wconf 85' lang='lat' dir='ltr'>ego</span> 
     </span>
    </p>
   </div>
   <div class='ocr_carea' id='block_1_40' title="bbox 365 2837 2014 2910">
    <p class='ocr_par' dir='ltr' id='par_1_40' title="bbox 365 2837 2014 2910">
     <span class='ocr_line' id='line_1_40' title="bbox 365 2837 2014 2910; baseline -0.001 -16"><span class='ocrx_word' id='word_1_300' title='bbox 365 2837 605 2910; x_wconf 88' lang='lat' dir='ltr'>quidem</span> <span class='ocrx_word' id='word_1_301' title='bbox 637 2837 994 2907; x_wconf 85' lang='lat' dir='ltr'>arbitror,ad</span> <span class='ocrx_word' id='word_1_302' title='bbox 1016 2839 1270 2894; x_wconf 90' lang='lat' dir='ltr'>alterum</span> <span class='ocrx_word' id='word_1_303' title='bbox 1288 2856 1476 2910; x_wconf 87' lang='lat' dir='ltr'>usque</span> <span class='ocrx_word' id='word_1_304' title='bbox 1505 2855 1571 2894; x_wconf 87' lang='lat' dir='ltr'>ac</span> <span class='ocrx_word' id='word_1_305' title='bbox 1596 2839 1832 2894; x_wconf 81' lang='lat' dir='ltr'>finalem</span> <span class='ocrx_word' id='word_1_306' title='bbox 1857 2839 1904 2910; x_wconf 91' lang='lat' dir='ltr'>ej</span> <span class='ocrx_word' id='word_1_307' title='bbox 1916 2855 2014 2893; x_wconf 89' lang='lat' dir='ltr'>us-</span> 
     </span>
    </p>
   </div>
   <div class='ocr_carea' id='block_1_41' title="bbox 365 2923 2017 2999">
    <p class='ocr_par' dir='ltr' id='par_1_41' title="bbox 365 2923 2017 2999">
     <span class='ocr_line' id='line_1_41' title="bbox 365 2923 2017 2999; baseline 0.001 -18"><span class='ocrx_word' id='word_1_308' title='bbox 365 2923 500 2982; x_wconf 89' lang='lat' dir='ltr'>dem</span> <span class='ocrx_word' id='word_1_309' title='bbox 533 2926 593 2982; x_wconf 88' lang='lat' dir='ltr'>in</span> <span class='ocrx_word' id='word_1_310' title='bbox 625 2927 802 2983; x_wconf 67' lang='lat' dir='ltr'>caelos</span> <span class='ocrx_word' id='word_1_311' title='bbox 825 2927 1178 2999; x_wconf 87' lang='lat' dir='ltr'>ingressum.</span> <span class='ocrx_word' id='word_1_312' title='bbox 1207 2930 1443 2995; x_wconf 87' lang='lat' dir='ltr'>Verum,</span> <span class='ocrx_word' id='word_1_313' title='bbox 1477 2933 1542 2982; x_wconf 92' lang='lat' dir='ltr'>ut</span> <span class='ocrx_word' id='word_1_314' title='bbox 1573 2932 1630 2982; x_wconf 91' lang='lat' dir='ltr'>et</span> <span class='ocrx_word' id='word_1_315' title='bbox 1660 2929 1811 2982; x_wconf 91' lang='lat' dir='ltr'>viam</span> <span class='ocrx_word' id='word_1_316' title='bbox 1844 2925 2017 2982; x_wconf 90' lang='lat' dir='ltr'>nobis</span> 
     </span>
    </p>
   </div>
   <div class='ocr_carea' id='block_1_42' title="bbox 365 3014 2013 3088">
    <p class='ocr_par' dir='ltr' id='par_1_42' title="bbox 365 3014 2013 3088">
     <span class='ocr_line' id='line_1_42' title="bbox 365 3014 2013 3088; baseline 0 -18"><span class='ocrx_word' id='word_1_317' title='bbox 365 3015 724 3084; x_wconf 83' lang='lat' dir='ltr'>ostenderet,</span> <span class='ocrx_word' id='word_1_318' title='bbox 757 3014 1129 3086; x_wconf 86' lang='lat' dir='ltr'>quam,juxta</span> <span class='ocrx_word' id='word_1_319' title='bbox 1145 3016 1326 3070; x_wconf 84' lang='lat' dir='ltr'>divini</span> <span class='ocrx_word' id='word_1_320' title='bbox 1357 3016 1524 3071; x_wconf 88' lang='lat' dir='ltr'>Pauli</span> <span class='ocrx_word' id='word_1_321' title='bbox 1556 3033 1776 3084; x_wconf 87' lang='lat' dir='ltr'>vocem,</span> <span class='ocrx_word' id='word_1_322' title='bbox 1807 3016 2013 3088; x_wconf 63' lang='lat' dir='ltr'>:initia-</span> 
     </span>
    </p>
   </div>
   <div class='ocr_carea' id='block_1_43' title="bbox 365 3102 2014 3172">
    <p class='ocr_par' dir='ltr' id='par_1_43' title="bbox 365 3102 2014 3172">
     <span class='ocr_line' id='line_1_43' title="bbox 365 3102 2014 3172; baseline 0.002 -16"><span class='ocrx_word' id='word_1_323' title='bbox 365 3102 443 3157; x_wconf 84' lang='lat' dir='ltr'>vit</span> <span class='ocrx_word' id='word_1_324' title='bbox 473 3103 530 3156; x_wconf 82' lang='lat' dir='ltr'>in</span> <span class='ocrx_word' id='word_1_325' title='bbox 563 3103 800 3158; x_wconf 80' lang='lat' dir='ltr'>introitu</span> <span class='ocrx_word' id='word_1_326' title='bbox 857 3104 1184 3158; x_wconf 85' lang='lat' dir='ltr'>Sanctorum</span> <span class='ocrx_word' id='word_1_327' title='bbox 1235 3104 1295 3158; x_wconf 91' lang='lat' dir='ltr'>in</span> <span class='ocrx_word' id='word_1_328' title='bbox 1329 3105 1571 3159; x_wconf 87' lang='lat' dir='ltr'>nomine</span> <span class='ocrx_word' id='word_1_329' title='bbox 1614 3103 1806 3159; x_wconf 74' lang='lat' dir='ltr'>.lesu“</span> <span class='ocrx_word' id='word_1_330' title='bbox 1841 3120 1853 3172; x_wconf 93' lang='lat'>;</span> <span class='ocrx_word' id='word_1_331' title='bbox 1890 3110 2014 3159; x_wconf 91' lang='lat' dir='ltr'>tum</span> 
     </span>
    </p>
   </div>
   <div class='ocr_carea' id='block_1_44' title="bbox 366 3189 2010 3264">
    <p class='ocr_par' dir='ltr' id='par_1_44' title="bbox 366 3189 2010 3264">
     <span class='ocr_line' id='line_1_44' title="bbox 366 3189 2010 3264; baseline 0.002 -19"><span class='ocrx_word' id='word_1_332' title='bbox 366 3189 543 3246; x_wconf 89' lang='lat' dir='ltr'>etiam</span> <span class='ocrx_word' id='word_1_333' title='bbox 574 3195 638 3245; x_wconf 93' lang='lat' dir='ltr'>ut</span> <span class='ocrx_word' id='word_1_334' title='bbox 671 3190 966 3262; x_wconf 87' lang='lat' dir='ltr'>reliquam</span> <span class='ocrx_word' id='word_1_335' title='bbox 1028 3207 1263 3262; x_wconf 90' lang='lat' dir='ltr'>quoque</span> <span class='ocrx_word' id='word_1_336' title='bbox 1322 3197 1541 3248; x_wconf 88' lang='lat' dir='ltr'>terram</span> <span class='ocrx_word' id='word_1_337' title='bbox 1590 3198 1765 3264; x_wconf 89' lang='lat' dir='ltr'>atque</span> <span class='ocrx_word' id='word_1_338' title='bbox 1812 3209 2010 3248; x_wconf 89' lang='lat' dir='ltr'>aerem</span> 
     </span>
    </p>
   </div>
   <div class='ocr_carea' id='block_1_45' title="bbox 363 3279 2012 3355">
    <p class='ocr_par' dir='ltr' id='par_1_45' title="bbox 363 3279 2012 3355">
     <span class='ocr_line' id='line_1_45' title="bbox 363 3279 2012 3355; baseline 0.002 -21"><span class='ocrx_word' id='word_1_339' title='bbox 363 3279 974 3352; x_wconf 66' lang='lat' dir='ltr'>praemandaret,quaa</span> <span class='ocrx_word' id='word_1_340' title='bbox 996 3282 1280 3337; x_wconf 90' lang='lat' dir='ltr'>Dominus</span> <span class='ocrx_word' id='word_1_341' title='bbox 1300 3281 1475 3353; x_wconf 88' lang='lat' dir='ltr'>paulo</span> <span class='ocrx_word' id='word_1_342' title='bbox 1507 3288 1640 3353; x_wconf 90' lang='lat' dir='ltr'>post</span> <span class='ocrx_word' id='word_1_343' title='bbox 1677 3282 1880 3353; x_wconf 91' lang='lat' dir='ltr'>utique</span> <span class='ocrx_word' id='word_1_344' title='bbox 1906 3300 2012 3355; x_wconf 90' lang='lat' dir='ltr'>per</span> 
     </span>
    </p>
   </div>
   <div class='ocr_carea' id='block_1_46' title="bbox 363 3369 2006 3442">
    <p class='ocr_par' dir='ltr' id='par_1_46' title="bbox 363 3369 2006 3442">
     <span class='ocr_line' id='line_1_46' title="bbox 363 3369 2006 3442; baseline 0.001 -18"><span class='ocrx_word' id='word_1_345' title='bbox 363 3369 554 3440; x_wconf 88' lang='lat' dir='ltr'>ipsam</span> <span class='ocrx_word' id='word_1_346' title='bbox 587 3370 908 3442; x_wconf 79' lang='lat' dir='ltr'>perfectius</span> <span class='ocrx_word' id='word_1_347' title='bbox 941 3370 1416 3427; x_wconf 80' lang='lat' dir='ltr'>sanctificaturus</span> <span class='ocrx_word' id='word_1_348' title='bbox 1449 3378 1573 3427; x_wconf 89' lang='lat' dir='ltr'>erat</span> <span class='ocrx_word' id='word_1_349' title='bbox 1603 3389 1616 3427; x_wconf 90' lang='lat'><strong>:</strong></span> <span class='ocrx_word' id='word_1_350' title='bbox 1651 3372 1777 3428; x_wconf 64' lang='lat' dir='ltr'>haec</span> <span class='ocrx_word' id='word_1_351' title='bbox 1828 3372 2006 3439; x_wconf 90' lang='lat' dir='ltr'>enim,</span> 
     </span>
    </p>
   </div>
   <div class='ocr_carea' id='block_1_47' title="bbox 364 3457 2011 3531">
    <p class='ocr_par' dir='ltr' id='par_1_47' title="bbox 364 3457 2011 3531">
     <span class='ocr_line' id='line_1_47' title="bbox 364 3457 2011 3531; baseline 0.002 -18"><span class='ocrx_word' id='word_1_352' title='bbox 364 3457 868 3528; x_wconf 89' lang='lat' dir='ltr'>quemadmodum</span> <span class='ocrx_word' id='word_1_353' title='bbox 901 3458 1184 3527; x_wconf 85' lang='lat' dir='ltr'>diximus,</span> <span class='ocrx_word' id='word_1_354' title='bbox 1222 3460 1419 3516; x_wconf 86' lang='lat' dir='ltr'>divina</span> <span class='ocrx_word' id='word_1_355' title='bbox 1448 3467 1534 3515; x_wconf 90' lang='lat' dir='ltr'>est</span> <span class='ocrx_word' id='word_1_356' title='bbox 1566 3461 1913 3531; x_wconf 83' lang='lat' dir='ltr'>ceconomia,</span> <span class='ocrx_word' id='word_1_357' title='bbox 1947 3467 2011 3516; x_wconf 92' lang='lat' dir='ltr'>ut</span> 
     </span>
    </p>
   </div>
   <div class='ocr_carea' id='block_1_48' title="bbox 364 3547 2008 3621">
    <p class='ocr_par' dir='ltr' id='par_1_48' title="bbox 364 3547 2008 3621">
     <span class='ocr_line' id='line_1_48' title="bbox 364 3547 2008 3621; baseline 0.002 -19"><span class='ocrx_word' id='word_1_358' title='bbox 364 3562 399 3602; x_wconf 90' lang='lat' dir='ltr'>a</span> <span class='ocrx_word' id='word_1_359' title='bbox 432 3547 898 3621; x_wconf 86' lang='lat' dir='ltr'>simplicioribus</span> <span class='ocrx_word' id='word_1_360' title='bbox 949 3549 1165 3619; x_wconf 90' lang='lat' dir='ltr'>gradus</span> <span class='ocrx_word' id='word_1_361' title='bbox 1197 3549 1298 3604; x_wconf 81' lang='lat' dir='ltr'>ﬂat</span> <span class='ocrx_word' id='word_1_362' title='bbox 1337 3550 1410 3604; x_wconf 89' lang='lat' dir='ltr'>ad</span> <span class='ocrx_word' id='word_1_363' title='bbox 1450 3551 1803 3621; x_wconf 81' lang='lat' dir='ltr'>perfectiora</span> <span class='ocrx_word' id='word_1_364' title='bbox 1834 3569 1848 3618; x_wconf 88' lang='lat'><strong>;</strong></span> <span class='ocrx_word' id='word_1_365' title='bbox 1880 3555 2008 3606; x_wconf 90' lang='lat' dir='ltr'>tum</span> 
     </span>
    </p>
   </div>
   <div class='ocr_carea' id='block_1_49' title="bbox 363 3635 2012 3709">
    <p class='ocr_par' dir='ltr' id='par_1_49' title="bbox 363 3635 2012 3709">
     <span class='ocr_line' id='line_1_49' title="bbox 363 3635 2012 3709; baseline 0.002 -18"><span class='ocrx_word' id='word_1_366' title='bbox 363 3635 622 3708; x_wconf 88' lang='lat' dir='ltr'>denique</span> <span class='ocrx_word' id='word_1_367' title='bbox 656 3642 721 3692; x_wconf 92' lang='lat' dir='ltr'>ut</span> <span class='ocrx_word' id='word_1_368' title='bbox 742 3636 1090 3709; x_wconf 89' lang='lat' dir='ltr'>obsignatus</span> <span class='ocrx_word' id='word_1_369' title='bbox 1151 3637 1245 3692; x_wconf 84' lang='lat' dir='ltr'>hic</span> <span class='ocrx_word' id='word_1_370' title='bbox 1302 3637 1454 3692; x_wconf 92' lang='lat' dir='ltr'>liber</span> <span class='ocrx_word' id='word_1_371' title='bbox 1507 3638 1620 3709; x_wconf 80' lang='lat'>(5‘7)</span> <span class='ocrx_word' id='word_1_372' title='bbox 1677 3639 2012 3694; x_wconf 88' lang='lat' dir='ltr'>traderetur</span> 
     </span>
    </p>
   </div>
   <div class='ocr_carea' id='block_1_50' title="bbox 361 3723 2008 3800">
    <p class='ocr_par' dir='ltr' id='par_1_50' title="bbox 361 3723 2008 3800">
     <span class='ocr_line' id='line_1_50' title="bbox 361 3723 2008 3800; baseline 0.002 -21"><span class='ocrx_word' id='word_1_373' title='bbox 361 3723 613 3797; x_wconf 83' lang='lat' dir='ltr'>Josepho</span> <span class='ocrx_word' id='word_1_374' title='bbox 637 3726 724 3781; x_wconf 90' lang='lat' dir='ltr'>illi</span> <span class='ocrx_word' id='word_1_375' title='bbox 759 3725 1092 3782; x_wconf 89' lang='lat' dir='ltr'>venerando</span> <span class='ocrx_word' id='word_1_376' title='bbox 1121 3727 1420 3782; x_wconf 89' lang='lat' dir='ltr'>aclibrum</span> <span class='ocrx_word' id='word_1_377' title='bbox 1438 3726 1672 3799; x_wconf 85' lang='lat' dir='ltr'>legendi</span> <span class='ocrx_word' id='word_1_378' title='bbox 1694 3729 2008 3800; x_wconf 85' lang='lat' dir='ltr'>gnaro,qui</span> 
     </span>
    </p>
   </div>
   <div class='ocr_carea' id='block_1_51' title="bbox 363 3814 2010 3890">
    <p class='ocr_par' dir='ltr' id='par_1_51' title="bbox 363 3814 2010 3890">
     <span class='ocr_line' id='line_1_51' title="bbox 363 3814 2010 3890; baseline 0.002 -21"><span class='ocrx_word' id='word_1_379' title='bbox 363 3814 424 3869; x_wconf 90' lang='lat' dir='ltr'>in</span> <span class='ocrx_word' id='word_1_380' title='bbox 455 3815 1055 3888; x_wconf 89' lang='lat' dir='ltr'>sacrispenetralibus</span> <span class='ocrx_word' id='word_1_381' title='bbox 1069 3817 1286 3872; x_wconf 84' lang='lat' dir='ltr'>morari</span> <span class='ocrx_word' id='word_1_382' title='bbox 1322 3834 1440 3872; x_wconf 91' lang='lat' dir='ltr'>non</span> <span class='ocrx_word' id='word_1_383' title='bbox 1472 3823 1788 3888; x_wconf 87' lang='lat' dir='ltr'>poterat,et</span> <span class='ocrx_word' id='word_1_384' title='bbox 1810 3819 2010 3890; x_wconf 89' lang='lat' dir='ltr'>mysti-</span> 
     </span>
    </p>
   </div>
   <div class='ocr_carea' id='block_1_52' title="bbox 362 3905 2009 3980">
    <p class='ocr_par' dir='ltr' id='par_1_52' title="bbox 362 3905 2009 3980">
     <span class='ocr_line' id='line_1_52' title="bbox 362 3905 2009 3980; baseline 0.002 -21"><span class='ocrx_word' id='word_1_385' title='bbox 362 3919 496 3960; x_wconf 90' lang='lat' dir='ltr'>cum</span> <span class='ocrx_word' id='word_1_386' title='bbox 528 3911 726 3961; x_wconf 89' lang='lat' dir='ltr'>tamen</span> <span class='ocrx_word' id='word_1_387' title='bbox 751 3905 902 3961; x_wconf 91' lang='lat' dir='ltr'>illud</span> <span class='ocrx_word' id='word_1_388' title='bbox 935 3910 992 3959; x_wconf 92' lang='lat' dir='ltr'>et</span> <span class='ocrx_word' id='word_1_389' title='bbox 1020 3905 1318 3961; x_wconf 82' lang='lat' dir='ltr'>ineffabile</span> <span class='ocrx_word' id='word_1_390' title='bbox 1335 3906 1610 3962; x_wconf 81' lang='lat' dir='ltr'>volumen</span> <span class='ocrx_word' id='word_1_391' title='bbox 1635 3907 2009 3980; x_wconf 87' lang='lat' dir='ltr'>interpretari</span> 
     </span>
    </p>
   </div>
   <div class='ocr_carea' id='block_1_53' title="bbox 362 3992 2006 4069">
    <p class='ocr_par' dir='ltr' id='par_1_53' title="bbox 362 3992 2006 4069">
     <span class='ocr_line' id='line_1_53' title="bbox 362 3992 2006 4069; baseline 0.004 -21"><span class='ocrx_word' id='word_1_392' title='bbox 362 3992 566 4049; x_wconf 87' lang='lat' dir='ltr'>debuit</span> <span class='ocrx_word' id='word_1_393' title='bbox 599 4015 615 4061; x_wconf 85' lang='lat'><strong>;</strong></span> <span class='ocrx_word' id='word_1_394' title='bbox 647 3995 806 4049; x_wconf 89' lang='lat' dir='ltr'>hisce</span> <span class='ocrx_word' id='word_1_395' title='bbox 832 3995 904 4049; x_wconf 95' lang='lat' dir='ltr'>de</span> <span class='ocrx_word' id='word_1_396' title='bbox 936 3996 1132 4050; x_wconf 88' lang='lat' dir='ltr'>causis</span> <span class='ocrx_word' id='word_1_397' title='bbox 1153 4001 1210 4050; x_wconf 91' lang='lat' dir='ltr'>et</span> <span class='ocrx_word' id='word_1_398' title='bbox 1230 4013 1260 4050; x_wconf 93' lang='lat' dir='ltr'>e</span> <span class='ocrx_word' id='word_1_399' title='bbox 1280 3996 1500 4068; x_wconf 90' lang='lat' dir='ltr'>templo</span> <span class='ocrx_word' id='word_1_400' title='bbox 1523 3996 1624 4052; x_wconf 88' lang='lat' dir='ltr'>illo</span> <span class='ocrx_word' id='word_1_401' title='bbox 1659 3997 1786 4068; x_wconf 89' lang='lat' dir='ltr'>ipsa</span> <span class='ocrx_word' id='word_1_402' title='bbox 1815 4014 2006 4069; x_wconf 86' lang='lat' dir='ltr'>egres-</span> 
     </span>
    </p>
   </div>
   <div class='ocr_carea' id='block_1_54' title="bbox 361 4084 2008 4156">
    <p class='ocr_par' dir='ltr' id='par_1_54' title="bbox 361 4084 2008 4156">
     <span class='ocr_line' id='line_1_54' title="bbox 361 4084 2008 4156; baseline 0.002 -19"><span class='ocrx_word' id='word_1_403' title='bbox 361 4097 427 4138; x_wconf 80' lang='lat' dir='ltr'>sa</span> <span class='ocrx_word' id='word_1_404' title='bbox 483 4087 592 4150; x_wconf 88' lang='lat' dir='ltr'>est,</span> <span class='ocrx_word' id='word_1_405' title='bbox 645 4088 700 4139; x_wconf 89' lang='lat' dir='ltr'>et</span> <span class='ocrx_word' id='word_1_406' title='bbox 758 4088 947 4139; x_wconf 90' lang='lat' dir='ltr'>semet</span> <span class='ocrx_word' id='word_1_407' title='bbox 1014 4084 1349 4139; x_wconf 88' lang='lat' dir='ltr'>Conditoris</span> <span class='ocrx_word' id='word_1_408' title='bbox 1390 4085 2008 4156; x_wconf 89' lang='lat' dir='ltr'>incomprehensibilis</span> 
     </span>
    </p>
   </div>
   <div class='ocr_carea' id='block_1_55' title="bbox 359 4171 2006 4246">
    <p class='ocr_par' dir='ltr' id='par_1_55' title="bbox 359 4171 2006 4246">
     <span class='ocr_line' id='line_1_55' title="bbox 359 4171 2006 4246; baseline 0.001 -18"><span class='ocrx_word' id='word_1_409' title='bbox 359 4171 583 4246; x_wconf 91' lang='lat' dir='ltr'>templo</span> <span class='ocrx_word' id='word_1_410' title='bbox 640 4174 696 4244; x_wconf 89' lang='grc' dir='ltr'>(ο</span> <span class='ocrx_word' id='word_1_411' title='bbox 754 4189 879 4228; x_wconf 91' lang='lat' dir='ltr'>rem</span> <span class='ocrx_word' id='word_1_412' title='bbox 939 4171 1111 4244; x_wconf 88' lang='lat' dir='ltr'>plane</span> <span class='ocrx_word' id='word_1_413' title='bbox 1159 4172 1646 4245; x_wconf 84' lang='lat' dir='ltr'>admirandam!)</span> <span class='ocrx_word' id='word_1_414' title='bbox 1712 4175 2006 4246; x_wconf 75' lang='lat' dir='ltr'>praestitit.</span> 
     </span>
    </p>
   </div>
   <div class='ocr_carea' id='block_1_56' title="bbox 2115 1933 3759 2016">
    <p class='ocr_par' dir='ltr' id='par_1_56' title="bbox 2115 1933 3759 2016">
     <span class='ocr_line' id='line_1_56' title="bbox 2115 1933 3759 2016; baseline 0.004 -25"><span class='ocrx_word' id='word_1_415' title='bbox 2115 1935 2302 1991; x_wconf 74' lang='grc' dir='ltr'>τυχεῖν</span> <span class='ocrx_word' id='word_1_416' title='bbox 2343 1933 2714 2010; x_wconf 71' lang='grc' dir='ltr'>κληρουχίας,</span> <span class='ocrx_word' id='word_1_417' title='bbox 2771 1939 2861 2007; x_wconf 72' lang='grc' dir='ltr'>ἧς,</span> <span class='ocrx_word' id='word_1_418' title='bbox 2921 1935 3070 2012; x_wconf 78' lang='grc' dir='ltr'>εἷ’περ</span> <span class='ocrx_word' id='word_1_419' title='bbox 3150 1959 3233 2000; x_wconf 86' lang='grc' dir='ltr'>τις</span> <span class='ocrx_word' id='word_1_420' title='bbox 3309 1943 3417 1995; x_wconf 83' lang='grc' dir='ltr'>τῶν</span> <span class='ocrx_word' id='word_1_421' title='bbox 3493 1939 3759 2016; x_wconf 71' lang='grc' dir='ltr'>ἀγγέλων,</span> 
     </span>
    </p>
   </div>
   <div class='ocr_carea' id='block_1_57' title="bbox 2117 2021 3768 2105">
    <p class='ocr_par' dir='ltr' id='par_1_57' title="bbox 2117 2021 3768 2105">
     <span class='ocr_line' id='line_1_57' title="bbox 2117 2021 3768 2105; baseline 0.004 -26"><span class='ocrx_word' id='word_1_422' title='bbox 2117 2027 2152 2097; x_wconf 75' lang='grc' dir='ltr'>ἡ</span> <span class='ocrx_word' id='word_1_423' title='bbox 2202 2026 2440 2100; x_wconf 88' lang='grc' dir='ltr'>μακαρία</span> <span class='ocrx_word' id='word_1_424' title='bbox 2496 2021 2836 2096; x_wconf 80' lang='grc' dir='ltr'>δικαιοτάτη,</span> <span class='ocrx_word' id='word_1_425' title='bbox 2895 2025 3002 2083; x_wconf 85' lang='grc' dir='ltr'>άπὸ</span> <span class='ocrx_word' id='word_1_426' title='bbox 3059 2048 3122 2103; x_wconf 88' lang='grc' dir='ltr'>γε</span> <span class='ocrx_word' id='word_1_427' title='bbox 3170 2031 3276 2084; x_wconf 79' lang='grc' dir='ltr'>τῶν</span> <span class='ocrx_word' id='word_1_428' title='bbox 3333 2030 3620 2105; x_wconf 87' lang='grc' dir='ltr'>περιγείων</span> <span class='ocrx_word' id='word_1_429' title='bbox 3675 2032 3768 2086; x_wconf 80' lang='grc' dir='ltr'>καὶ</span> 
     </span>
    </p>
   </div>
   <div class='ocr_carea' id='block_1_58' title="bbox 2121 2118 3767 2198">
    <p class='ocr_par' dir='ltr' id='par_1_58' title="bbox 2121 2118 3767 2198">
     <span class='ocr_line' id='line_1_58' title="bbox 2121 2118 3767 2198; baseline 0.004 -25"><span class='ocrx_word' id='word_1_430' title='bbox 2121 2123 2390 2195; x_wconf 79' lang='grc' dir='ltr'>συγγενῶν</span> <span class='ocrx_word' id='word_1_431' title='bbox 2434 2119 2501 2173; x_wconf 75' lang='grc' dir='ltr'>τὰ</span> <span class='ocrx_word' id='word_1_432' title='bbox 2554 2122 2663 2174; x_wconf 81' lang='grc' dir='ltr'>τῶν</span> <span class='ocrx_word' id='word_1_433' title='bbox 2705 2118 3011 2196; x_wconf 72' lang='grc' dir='ltr'>ἀνακτόρων</span> <span class='ocrx_word' id='word_1_434' title='bbox 3071 2120 3237 2176; x_wconf 83' lang='grc' dir='ltr'>οίκεῖν</span> <span class='ocrx_word' id='word_1_435' title='bbox 3293 2121 3606 2198; x_wconf 76' lang='grc' dir='ltr'>ὑψηλότερα</span> <span class='ocrx_word' id='word_1_436' title='bbox 3659 2126 3767 2194; x_wconf 81' lang='grc' dir='ltr'>τήν</span> 
     </span>
    </p>
   </div>
   <div class='ocr_carea' id='block_1_59' title="bbox 2117 2206 3772 2288">
    <p class='ocr_par' dir='ltr' id='par_1_59' title="bbox 2117 2206 3772 2288">
     <span class='ocr_line' id='line_1_59' title="bbox 2117 2206 3772 2288; baseline 0.005 -27"><span class='ocrx_word' id='word_1_437' title='bbox 2117 2206 2409 2282; x_wconf 70' lang='grc' dir='ltr'>Παρθένον,</span> <span class='ocrx_word' id='word_1_438' title='bbox 2454 2209 2520 2262; x_wconf 71' lang='grc' dir='ltr'>τὰ</span> <span class='ocrx_word' id='word_1_439' title='bbox 2575 2210 2747 2284; x_wconf 79' lang='grc' dir='ltr'>’Ἀγια</span> <span class='ocrx_word' id='word_1_440' title='bbox 2795 2214 2902 2265; x_wconf 83' lang='grc' dir='ltr'>τῶν</span> <span class='ocrx_word' id='word_1_441' title='bbox 2953 2208 3127 2285; x_wconf 80' lang='grc' dir='ltr'>ἁγίων</span> <span class='ocrx_word' id='word_1_442' title='bbox 3181 2210 3351 2288; x_wconf 77' lang='grc' dir='ltr'>φημὶ,</span> <span class='ocrx_word' id='word_1_443' title='bbox 3411 2213 3439 2266; x_wconf 82' lang='grc' dir='ltr'>ὁ</span> <span class='ocrx_word' id='word_1_444' title='bbox 3508 2217 3635 2276; x_wconf 79' lang='grc' dir='ltr'>Θεὸς</span> <span class='ocrx_word' id='word_1_445' title='bbox 3665 2211 3772 2269; x_wconf 80' lang='grc' dir='ltr'>ἐδι-</span> 
     </span>
    </p>
   </div>
   <div class='ocr_carea' id='block_1_60' title="bbox 2117 2295 3770 2376">
    <p class='ocr_par' dir='ltr' id='par_1_60' title="bbox 2117 2295 3770 2376">
     <span class='ocr_line' id='line_1_60' title="bbox 2117 2295 3770 2376; baseline 0.004 -24"><span class='ocrx_word' id='word_1_446' title='bbox 2117 2296 2367 2352; x_wconf 85' lang='grc' dir='ltr'>καίωσεν·</span> <span class='ocrx_word' id='word_1_447' title='bbox 2423 2295 2598 2371; x_wconf 84' lang='grc' dir='ltr'>ἔμεινε</span> <span class='ocrx_word' id='word_1_448' title='bbox 2628 2295 2674 2351; x_wconf 85' lang='grc' dir='ltr'>δ’</span> <span class='ocrx_word' id='word_1_449' title='bbox 2724 2296 2809 2366; x_wconf 75' lang='grc' dir='ltr'>ἂν,</span> <span class='ocrx_word' id='word_1_450' title='bbox 2869 2300 3048 2372; x_wconf 74' lang='grc' dir='ltr'>οἶμαι,</span> <span class='ocrx_word' id='word_1_451' title='bbox 3111 2299 3278 2376; x_wconf 75' lang='grc' dir='ltr'>μέχρι</span> <span class='ocrx_word' id='word_1_452' title='bbox 3321 2307 3422 2370; x_wconf 80' lang='grc' dir='ltr'>τῆς</span> <span class='ocrx_word' id='word_1_453' title='bbox 3461 2299 3642 2374; x_wconf 75' lang='grc' dir='ltr'>ἄλλης</span> <span class='ocrx_word' id='word_1_454' title='bbox 3677 2303 3770 2358; x_wconf 80' lang='grc' dir='ltr'>καὶ</span> 
     </span>
    </p>
   </div>
   <div class='ocr_carea' id='block_1_61' title="bbox 2116 2384 3770 2466">
    <p class='ocr_par' dir='ltr' id='par_1_61' title="bbox 2116 2384 3770 2466">
     <span class='ocr_line' id='line_1_61' title="bbox 2116 2384 3770 2466; baseline 0.003 -25"><span class='ocrx_word' id='word_1_455' title='bbox 2116 2384 2434 2448; x_wconf 71' lang='grc' dir='ltr'><strong>τελευταίας</strong></span> <span class='ocrx_word' id='word_1_456' title='bbox 2492 2387 2666 2456; x_wconf 79' lang='grc' dir='ltr'>αὐτὴς</span> <span class='ocrx_word' id='word_1_457' title='bbox 2722 2388 2858 2462; x_wconf 85' lang='grc' dir='ltr'>πρὸς</span> <span class='ocrx_word' id='word_1_458' title='bbox 2916 2388 3176 2463; x_wconf 73' lang='grc' dir='ltr'>οὐρανοὺς</span> <span class='ocrx_word' id='word_1_459' title='bbox 3232 2387 3448 2445; x_wconf 85' lang='grc' dir='ltr'>είσόδου</span> <span class='ocrx_word' id='word_1_460' title='bbox 3493 2396 3590 2446; x_wconf 78' lang='grc' dir='ltr'>τοῦ</span> <span class='ocrx_word' id='word_1_461' title='bbox 3624 2391 3770 2466; x_wconf 76' lang='grc' dir='ltr'>ἱεροῦ</span> 
     </span>
    </p>
   </div>
   <div class='ocr_carea' id='block_1_62' title="bbox 2119 2471 3772 2556">
    <p class='ocr_par' dir='ltr' id='par_1_62' title="bbox 2119 2471 3772 2556">
     <span class='ocr_line' id='line_1_62' title="bbox 2119 2471 3772 2556; baseline 0.004 -27"><span class='ocrx_word' id='word_1_462' title='bbox 2119 2471 2267 2530; x_wconf 76' lang='grc' dir='ltr'>ἔνδον</span> <span class='ocrx_word' id='word_1_463' title='bbox 2295 2476 2574 2550; x_wconf 69' lang='grc' dir='ltr'>τεμένους²</span> <span class='ocrx_word' id='word_1_464' title='bbox 2608 2471 2702 2530; x_wconf 79' lang='grc' dir='ltr'>ἅτε</span> <span class='ocrx_word' id='word_1_465' title='bbox 2733 2475 2800 2546; x_wconf 77' lang='grc' dir='ltr'>δὴ</span> <span class='ocrx_word' id='word_1_466' title='bbox 2837 2477 2978 2552; x_wconf 77' lang='grc' dir='ltr'>μόνῃ</span> <span class='ocrx_word' id='word_1_467' title='bbox 3026 2483 3095 2553; x_wconf 79' lang='grc' dir='ltr'>τῇ</span> <span class='ocrx_word' id='word_1_468' title='bbox 3147 2480 3412 2555; x_wconf 87' lang='grc' dir='ltr'>Πανάγνῳ</span> <span class='ocrx_word' id='word_1_469' title='bbox 3469 2480 3772 2556; x_wconf 75' lang='grc' dir='ltr'>πρέποντος</span> 
     </span>
    </p>
   </div>
   <div class='ocr_carea' id='block_1_63' title="bbox 2118 2562 3765 2640">
    <p class='ocr_par' dir='ltr' id='par_1_63' title="bbox 2118 2562 3765 2640">
     <span class='ocr_line' id='line_1_63' title="bbox 2118 2562 3765 2640; baseline 0.004 -22"><span class='ocrx_word' id='word_1_470' title='bbox 2118 2563 2344 2635; x_wconf 80' lang='grc' dir='ltr'>ἐκείνου,</span> <span class='ocrx_word' id='word_1_471' title='bbox 2407 2562 2477 2618; x_wconf 87' lang='grc' dir='ltr'>δι’</span> <span class='ocrx_word' id='word_1_472' title='bbox 2517 2566 2580 2634; x_wconf 76' lang='grc' dir='ltr'>ἣν</span> <span class='ocrx_word' id='word_1_473' title='bbox 2638 2565 2731 2620; x_wconf 78' lang='grc' dir='ltr'>καὶ</span> <span class='ocrx_word' id='word_1_474' title='bbox 2788 2563 2985 2635; x_wconf 81' lang='grc' dir='ltr'>κλῆσιν</span> <span class='ocrx_word' id='word_1_475' title='bbox 3016 2565 3243 2638; x_wconf 67' lang='grc' dir='ltr'>εἴληχεν</span> <span class='ocrx_word' id='word_1_476' title='bbox 3301 2568 3505 2640; x_wconf 77' lang='grc' dir='ltr'>ἐκείνην</span> <span class='ocrx_word' id='word_1_477' title='bbox 3536 2571 3623 2624; x_wconf 86' lang='grc' dir='ltr'>καὶ</span> <span class='ocrx_word' id='word_1_478' title='bbox 3665 2571 3765 2638; x_wconf 77' lang='grc' dir='ltr'>τὴν</span> 
     </span>
    </p>
   </div>
   <div class='ocr_carea' id='block_1_64' title="bbox 2119 2652 3768 2732">
    <p class='ocr_par' dir='ltr' id='par_1_64' title="bbox 2119 2652 3768 2732">
     <span class='ocr_line' id='line_1_64' title="bbox 2119 2652 3768 2732; baseline 0.002 -22"><span class='ocrx_word' id='word_1_479' title='bbox 2119 2653 2437 2730; x_wconf 75' lang='grc' dir='ltr'>φερώνυμον</span> <span class='ocrx_word' id='word_1_480' title='bbox 2471 2653 2762 2729; x_wconf 70' lang='grc' dir='ltr'>ἐνέργειαν,</span> <span class='ocrx_word' id='word_1_481' title='bbox 2796 2654 2936 2730; x_wconf 71' lang='grc' dir='ltr'>ᾗπερ</span> <span class='ocrx_word' id='word_1_482' title='bbox 2968 2658 2996 2710; x_wconf 85' lang='grc' dir='ltr'>ὁ</span> <span class='ocrx_word' id='word_1_483' title='bbox 3023 2655 3185 2732; x_wconf 81' lang='grc' dir='ltr'>λόγος</span> <span class='ocrx_word' id='word_1_484' title='bbox 3226 2652 3437 2730; x_wconf 80' lang='grc' dir='ltr'>ἔδειξεν.</span> <span class='ocrx_word' id='word_1_485' title='bbox 3474 2657 3631 2716; x_wconf 84' lang='grc' dir='ltr'>Ἀλλ’</span> <span class='ocrx_word' id='word_1_486' title='bbox 3686 2655 3768 2714; x_wconf 70' lang='grc' dir='ltr'>ἵνα</span> 
     </span>
    </p>
   </div>
   <div class='ocr_carea' id='block_1_65' title="bbox 2117 2740 3764 2818">
    <p class='ocr_par' dir='ltr' id='par_1_65' title="bbox 2117 2740 3764 2818">
     <span class='ocr_line' id='line_1_65' title="bbox 2117 2740 3764 2818; baseline 0.003 -21"><span class='ocrx_word' id='word_1_487' title='bbox 2117 2742 2208 2797; x_wconf 80' lang='grc' dir='ltr'>καὶ</span> <span class='ocrx_word' id='word_1_488' title='bbox 2241 2741 2366 2797; x_wconf 82' lang='grc' dir='ltr'>ὁδὸν</span> <span class='ocrx_word' id='word_1_489' title='bbox 2399 2744 2536 2817; x_wconf 78' lang='grc' dir='ltr'>ἡμῖν</span> <span class='ocrx_word' id='word_1_490' title='bbox 2571 2740 2852 2818; x_wconf 74' lang='grc' dir='ltr'>ὑποδείξῃ,</span> <span class='ocrx_word' id='word_1_491' title='bbox 2884 2745 2949 2814; x_wconf 72' lang='grc' dir='ltr'>ἦν</span> <span class='ocrx_word' id='word_1_492' title='bbox 2994 2744 3307 2802; x_wconf 70' lang='grc' dir='ltr'>ἐνεκαίνισεν</span> <span class='ocrx_word' id='word_1_493' title='bbox 3363 2747 3439 2809; x_wconf 80' lang='grc' dir='ltr'>είς</span> <span class='ocrx_word' id='word_1_494' title='bbox 3493 2748 3591 2816; x_wconf 75' lang='grc' dir='ltr'>τὴν</span> <span class='ocrx_word' id='word_1_495' title='bbox 3650 2746 3764 2802; x_wconf 76' lang='grc' dir='ltr'>ε’ίσο</span> 
     </span>
    </p>
   </div>
   <div class='ocr_carea' id='block_1_66' title="bbox 2121 2829 3768 2908">
    <p class='ocr_par' dir='ltr' id='par_1_66' title="bbox 2121 2829 3768 2908">
     <span class='ocr_line' id='line_1_66' title="bbox 2121 2829 3768 2908; baseline 0.004 -22"><span class='ocrx_word' id='word_1_496' title='bbox 2121 2829 2244 2886; x_wconf 87' lang='grc' dir='ltr'>οδον</span> <span class='ocrx_word' id='word_1_497' title='bbox 2313 2836 2420 2886; x_wconf 83' lang='grc' dir='ltr'>τῶν</span> <span class='ocrx_word' id='word_1_498' title='bbox 2489 2830 2686 2908; x_wconf 82' lang='grc' dir='ltr'>Ἀγίων</span> <span class='ocrx_word' id='word_1_499' title='bbox 2766 2830 2817 2887; x_wconf 82' lang='grc' dir='ltr'>ἐν</span> <span class='ocrx_word' id='word_1_500' title='bbox 2872 2837 2950 2905; x_wconf 81' lang='grc' dir='ltr'>τῷ</span> <span class='ocrx_word' id='word_1_501' title='bbox 2997 2835 3220 2907; x_wconf 85' lang='grc' dir='ltr'>ὀνόματι</span> <span class='ocrx_word' id='word_1_502' title='bbox 3286 2837 3484 2905; x_wconf 78' lang='grc' dir='ltr'>Ἰησοῦ.</span> <span class='ocrx_word' id='word_1_503' title='bbox 3545 2835 3768 2892; x_wconf 82' lang='grc' dir='ltr'>Παύλου</span> 
     </span>
    </p>
   </div>
   <div class='ocr_carea' id='block_1_67' title="bbox 2116 2913 3764 2996">
    <p class='ocr_par' dir='ltr' id='par_1_67' title="bbox 2116 2913 3764 2996">
     <span class='ocr_line' id='line_1_67' title="bbox 2116 2913 3764 2996; baseline 0.001 -23"><span class='ocrx_word' id='word_1_504' title='bbox 2116 2921 2279 2973; x_wconf 77' lang='grc' dir='ltr'>τοῦτο</span> <span class='ocrx_word' id='word_1_505' title='bbox 2308 2921 2405 2973; x_wconf 73' lang='grc' dir='ltr'>τοῦ</span> <span class='ocrx_word' id='word_1_506' title='bbox 2427 2918 2573 2982; x_wconf 80' lang='grc' dir='ltr'>θείου</span> <span class='ocrx_word' id='word_1_507' title='bbox 2605 2919 2782 2996; x_wconf 75' lang='grc' dir='ltr'>φωνὴ,</span> <span class='ocrx_word' id='word_1_508' title='bbox 2816 2913 2894 2973; x_wconf 72' lang='grc' dir='ltr'>ἔτι</span> <span class='ocrx_word' id='word_1_509' title='bbox 2925 2915 2981 2974; x_wconf 72' lang='grc' dir='ltr'>δὲ</span> <span class='ocrx_word' id='word_1_510' title='bbox 3012 2919 3098 2974; x_wconf 78' lang='grc' dir='ltr'>καὶ</span> <span class='ocrx_word' id='word_1_511' title='bbox 3138 2927 3242 2995; x_wconf 74' lang='grc' dir='ltr'>γῆν</span> <span class='ocrx_word' id='word_1_512' title='bbox 3276 2917 3456 2990; x_wconf 71' lang='grc' dir='ltr'>ἄλλην</span> <span class='ocrx_word' id='word_1_513' title='bbox 3497 2920 3585 2975; x_wconf 78' lang='grc' dir='ltr'>καὶ</span> <span class='ocrx_word' id='word_1_514' title='bbox 3633 2920 3764 2995; x_wconf 74' lang='grc' dir='ltr'>ἀέρα</span> 
     </span>
    </p>
   </div>
   <div class='ocr_carea' id='block_1_68' title="bbox 2119 3005 3764 3082">
    <p class='ocr_par' dir='ltr' id='par_1_68' title="bbox 2119 3005 3764 3082">
     <span class='ocr_line' id='line_1_68' title="bbox 2119 3005 3764 3082; baseline 0.002 -20"><span class='ocrx_word' id='word_1_515' title='bbox 2119 3007 2547 3082; x_wconf 69' lang='grc' dir='ltr'>αροκαθαγνίσῃ,</span> <span class='ocrx_word' id='word_1_516' title='bbox 2581 3007 2614 3062; x_wconf 74' lang='grc' dir='ltr'>ἃ</span> <span class='ocrx_word' id='word_1_517' title='bbox 2645 3005 2913 3078; x_wconf 74' lang='grc' dir='ltr'>δήπουθεν</span> <span class='ocrx_word' id='word_1_518' title='bbox 2977 3009 3113 3080; x_wconf 82' lang='grc' dir='ltr'>μετᾶ</span> <span class='ocrx_word' id='word_1_519' title='bbox 3153 3009 3346 3082; x_wconf 84' lang='grc' dir='ltr'>μικρὸν</span> <span class='ocrx_word' id='word_1_520' title='bbox 3399 3010 3428 3063; x_wconf 85' lang='grc' dir='ltr'>ὁ</span> <span class='ocrx_word' id='word_1_521' title='bbox 3486 3009 3764 3080; x_wconf 76' lang='grc' dir='ltr'>Δεσπότης</span> 
     </span>
    </p>
   </div>
   <div class='ocr_carea' id='block_1_69' title="bbox 2121 3093 3768 3175">
    <p class='ocr_par' dir='ltr' id='par_1_69' title="bbox 2121 3093 3768 3175">
     <span class='ocr_line' id='line_1_69' title="bbox 2121 3093 3768 3175; baseline 0.003 -24"><span class='ocrx_word' id='word_1_522' title='bbox 2121 3094 2190 3151; x_wconf 90' lang='grc' dir='ltr'>δι’</span> <span class='ocrx_word' id='word_1_523' title='bbox 2216 3096 2384 3167; x_wconf 77' lang='grc' dir='ltr'>αὐτῆς</span> <span class='ocrx_word' id='word_1_524' title='bbox 2417 3093 2621 3170; x_wconf 78' lang='grc' dir='ltr'>ἔμελλε</span> <span class='ocrx_word' id='word_1_525' title='bbox 2652 3094 2978 3171; x_wconf 82' lang='grc' dir='ltr'>τελεώτερον</span> <span class='ocrx_word' id='word_1_526' title='bbox 3010 3097 3276 3175; x_wconf 85' lang='grc' dir='ltr'>ἁγιάσειν,</span> <span class='ocrx_word' id='word_1_527' title='bbox 3300 3099 3460 3160; x_wconf 78' lang='grc' dir='ltr'>οὗτος</span> <span class='ocrx_word' id='word_1_528' title='bbox 3493 3096 3572 3172; x_wconf 82' lang='grc' dir='ltr'>δὶ,</span> <span class='ocrx_word' id='word_1_529' title='bbox 3625 3102 3768 3166; x_wconf 83' lang='grc' dir='ltr'>καθά</span> 
     </span>
    </p>
   </div>
   <div class='ocr_carea' id='block_1_70' title="bbox 2124 3183 3772 3266">
    <p class='ocr_par' dir='ltr' id='par_1_70' title="bbox 2124 3183 3772 3266">
     <span class='ocr_line' id='line_1_70' title="bbox 2124 3183 3772 3266; baseline 0.002 -24"><span class='ocrx_word' id='word_1_530' title='bbox 2124 3208 2218 3260; x_wconf 91' lang='grc' dir='ltr'>μοι</span> <span class='ocrx_word' id='word_1_531' title='bbox 2247 3185 2482 3263; x_wconf 69' lang='grc' dir='ltr'>εἴρηται,</span> <span class='ocrx_word' id='word_1_532' title='bbox 2515 3190 2657 3250; x_wconf 84' lang='grc' dir='ltr'>θεῖος</span> <span class='ocrx_word' id='word_1_533' title='bbox 2688 3183 2883 3261; x_wconf 80' lang='grc' dir='ltr'>νόμος,</span> <span class='ocrx_word' id='word_1_534' title='bbox 2916 3187 3020 3243; x_wconf 80' lang='grc' dir='ltr'>ἀπὸ</span> <span class='ocrx_word' id='word_1_535' title='bbox 3059 3192 3165 3244; x_wconf 82' lang='grc' dir='ltr'>τῶν</span> <span class='ocrx_word' id='word_1_536' title='bbox 3207 3186 3596 3265; x_wconf 68' lang='grc' dir='ltr'>ἁπλουστέρων</span> <span class='ocrx_word' id='word_1_537' title='bbox 3646 3210 3772 3266; x_wconf 85' lang='grc' dir='ltr'>χω-</span> 
     </span>
    </p>
   </div>
   <div class='ocr_carea' id='block_1_71' title="bbox 2122 3276 3771 3358">
    <p class='ocr_par' dir='ltr' id='par_1_71' title="bbox 2122 3276 3771 3358">
     <span class='ocr_line' id='line_1_71' title="bbox 2122 3276 3771 3358; baseline 0.002 -26"><span class='ocrx_word' id='word_1_538' title='bbox 2122 3283 2230 3352; x_wconf 86' lang='grc' dir='ltr'>ρεῖν</span> <span class='ocrx_word' id='word_1_539' title='bbox 2265 3277 2354 3332; x_wconf 74' lang='grc' dir='ltr'>ἐπὶ</span> <span class='ocrx_word' id='word_1_540' title='bbox 2392 3278 2458 3332; x_wconf 71' lang='grc' dir='ltr'>τὰ</span> <span class='ocrx_word' id='word_1_541' title='bbox 2508 3276 2831 3354; x_wconf 84' lang='grc' dir='ltr'>τελεώτερα,</span> <span class='ocrx_word' id='word_1_542' title='bbox 2885 3278 2977 3332; x_wconf 77' lang='grc' dir='ltr'>καὶ</span> <span class='ocrx_word' id='word_1_543' title='bbox 3031 3277 3097 3332; x_wconf 73' lang='grc' dir='ltr'>’ἶν’</span> <span class='ocrx_word' id='word_1_544' title='bbox 3161 3279 3388 3358; x_wconf 71' lang='grc' dir='ltr'>Ἰωσὴφ,</span> <span class='ocrx_word' id='word_1_545' title='bbox 3447 3283 3526 3351; x_wconf 78' lang='grc' dir='ltr'>τῷ</span> <span class='ocrx_word' id='word_1_546' title='bbox 3586 3283 3771 3354; x_wconf 80' lang='grc' dir='ltr'>σεμνῷ</span> 
     </span>
    </p>
   </div>
   <div class='ocr_carea' id='block_1_72' title="bbox 2124 3365 3764 3446">
    <p class='ocr_par' dir='ltr' id='par_1_72' title="bbox 2124 3365 3764 3446">
     <span class='ocr_line' id='line_1_72' title="bbox 2124 3365 3764 3446; baseline 0.001 -24"><span class='ocrx_word' id='word_1_547' title='bbox 2124 3365 2311 3440; x_wconf 72' lang='grc' dir='ltr'>ἐκείνῳ</span> <span class='ocrx_word' id='word_1_548' title='bbox 2335 3367 2424 3421; x_wconf 89' lang='grc' dir='ltr'>καί</span> <span class='ocrx_word' id='word_1_549' title='bbox 2463 3365 2538 3429; x_wconf 70' lang='grc' dir='ltr'>εἷς</span> <span class='ocrx_word' id='word_1_550' title='bbox 2585 3371 2774 3443; x_wconf 84' lang='grc' dir='ltr'>πεῖραν</span> <span class='ocrx_word' id='word_1_551' title='bbox 2838 3365 3026 3436; x_wconf 78' lang='grc' dir='ltr'>ἥκοντι</span> <span class='ocrx_word' id='word_1_552' title='bbox 3069 3368 3435 3443; x_wconf 79' lang='grc' dir='ltr'>γραμμάτων,</span> <span class='ocrx_word' id='word_1_553' title='bbox 3482 3369 3543 3422; x_wconf 86' lang='grc' dir='ltr'>τὸ</span> <span class='ocrx_word' id='word_1_554' title='bbox 3601 3367 3764 3446; x_wconf 76' lang='grc' dir='ltr'>ἐφρα-</span> 
     </span>
    </p>
   </div>
   <div class='ocr_carea' id='block_1_73' title="bbox 2120 3451 3770 3532">
    <p class='ocr_par' dir='ltr' id='par_1_73' title="bbox 2120 3451 3770 3532">
     <span class='ocr_line' id='line_1_73' title="bbox 2120 3451 3770 3532; baseline 0.001 -22"><span class='ocrx_word' id='word_1_555' title='bbox 2120 3457 2379 3530; x_wconf 82' lang='grc' dir='ltr'>γισμένον</span> <span class='ocrx_word' id='word_1_556' title='bbox 2413 3453 2478 3526; x_wconf 72' lang='grc' dir='ltr'>δὴ</span> <span class='ocrx_word' id='word_1_557' title='bbox 2510 3460 2670 3512; x_wconf 79' lang='grc' dir='ltr'>τοῦτο</span> <span class='ocrx_word' id='word_1_558' title='bbox 2700 3456 3105 3531; x_wconf 79' lang='grc' dir='ltr'>ἐγχειρισθῆναι</span> <span class='ocrx_word' id='word_1_559' title='bbox 3139 3451 3380 3532; x_wconf 75' lang='grc' dir='ltr'>βιϐλίον,</span> <span class='ocrx_word' id='word_1_560' title='bbox 3424 3457 3504 3527; x_wconf 81' lang='grc' dir='ltr'>ὃς,</span> <span class='ocrx_word' id='word_1_561' title='bbox 3539 3455 3649 3512; x_wconf 68' lang='grc' dir='ltr'>οὔτ’</span> <span class='ocrx_word' id='word_1_562' title='bbox 3700 3459 3770 3528; x_wconf 78' lang='grc' dir='ltr'>ἦν</span> 
     </span>
    </p>
   </div>
   <div class='ocr_carea' id='block_1_74' title="bbox 2122 3541 3768 3621">
    <p class='ocr_par' dir='ltr' id='par_1_74' title="bbox 2122 3541 3768 3621">
     <span class='ocr_line' id='line_1_74' title="bbox 2122 3541 3768 3621; baseline 0.002 -21"><span class='ocrx_word' id='word_1_563' title='bbox 2122 3547 2285 3608; x_wconf 88' lang='grc' dir='ltr'>κανὸς</span> <span class='ocrx_word' id='word_1_564' title='bbox 2317 3550 2436 3606; x_wconf 83' lang='grc' dir='ltr'>τοῖς</span> <span class='ocrx_word' id='word_1_565' title='bbox 2469 3541 2689 3606; x_wconf 75' lang='grc' dir='ltr'>ἀδύτοις</span> <span class='ocrx_word' id='word_1_566' title='bbox 2719 3541 3100 3621; x_wconf 77' lang='grc' dir='ltr'>ἐνδιατρίϐειν,</span> <span class='ocrx_word' id='word_1_567' title='bbox 3133 3545 3223 3600; x_wconf 83' lang='grc' dir='ltr'>καί</span> <span class='ocrx_word' id='word_1_568' title='bbox 3256 3546 3404 3620; x_wconf 75' lang='grc' dir='ltr'>εἶχεν</span> <span class='ocrx_word' id='word_1_569' title='bbox 3454 3544 3646 3611; x_wconf 76' lang='grc' dir='ltr'>ἄλλως</span> <span class='ocrx_word' id='word_1_570' title='bbox 3701 3547 3768 3603; x_wconf 84' lang='grc' dir='ltr'>τὸ</span> 
     </span>
    </p>
   </div>
   <div class='ocr_carea' id='block_1_75' title="bbox 2125 3631 3766 3711">
    <p class='ocr_par' dir='ltr' id='par_1_75' title="bbox 2125 3631 3766 3711">
     <span class='ocr_line' id='line_1_75' title="bbox 2125 3631 3766 3711; baseline 0.001 -21"><span class='ocrx_word' id='word_1_571' title='bbox 2125 3636 2382 3708; x_wconf 83' lang='grc' dir='ltr'>μυστικὸν</span> <span class='ocrx_word' id='word_1_572' title='bbox 2428 3635 2732 3710; x_wconf 78' lang='grc' dir='ltr'>ἐξηγεῖσθαι</span> <span class='ocrx_word' id='word_1_573' title='bbox 2788 3635 2878 3690; x_wconf 84' lang='grc' dir='ltr'>καὶ</span> <span class='ocrx_word' id='word_1_574' title='bbox 2919 3632 3226 3711; x_wconf 79' lang='grc' dir='ltr'>ἆπὸρῥητον</span> <span class='ocrx_word' id='word_1_575' title='bbox 3287 3634 3460 3690; x_wconf 84' lang='grc' dir='ltr'>ἐκεῖνο</span> <span class='ocrx_word' id='word_1_576' title='bbox 3522 3631 3766 3710; x_wconf 74' lang='grc' dir='ltr'>βιϐλίον’</span> 
     </span>
    </p>
   </div>
   <div class='ocr_carea' id='block_1_76' title="bbox 2121 3722 3766 3797">
    <p class='ocr_par' dir='ltr' id='par_1_76' title="bbox 2121 3722 3766 3797">
     <span class='ocr_line' id='line_1_76' title="bbox 2121 3722 3766 3797; baseline -0.001 -16"><span class='ocrx_word' id='word_1_577' title='bbox 2121 3723 2210 3781; x_wconf 69' lang='grc' dir='ltr'>διὰ</span> <span class='ocrx_word' id='word_1_578' title='bbox 2259 3729 2424 3780; x_wconf 78' lang='grc' dir='ltr'>ταῦτα</span> <span class='ocrx_word' id='word_1_579' title='bbox 2483 3724 2574 3778; x_wconf 77' lang='grc' dir='ltr'>καὶ</span> <span class='ocrx_word' id='word_1_580' title='bbox 2605 3727 2702 3778; x_wconf 73' lang='grc' dir='ltr'>τοῦ</span> <span class='ocrx_word' id='word_1_581' title='bbox 2733 3723 2836 3779; x_wconf 87' lang='grc' dir='ltr'>νεὼ</span> <span class='ocrx_word' id='word_1_582' title='bbox 2899 3725 2993 3797; x_wconf 75' lang='grc' dir='ltr'>μὶν</span> <span class='ocrx_word' id='word_1_583' title='bbox 3029 3723 3248 3795; x_wconf 80' lang='grc' dir='ltr'>ἐξῆλθεν</span> <span class='ocrx_word' id='word_1_584' title='bbox 3295 3723 3518 3796; x_wconf 82' lang='grc' dir='ltr'>ἐκείνου,</span> <span class='ocrx_word' id='word_1_585' title='bbox 3545 3725 3680 3793; x_wconf 70' lang='grc' dir='ltr'>ίναὸν</span> <span class='ocrx_word' id='word_1_586' title='bbox 3715 3722 3766 3780; x_wconf 87' lang='grc' dir='ltr'>δ’</span> 
     </span>
    </p>
   </div>
   <div class='ocr_carea' id='block_1_77' title="bbox 2119 3811 3767 3890">
    <p class='ocr_par' dir='ltr' id='par_1_77' title="bbox 2119 3811 3767 3890">
     <span class='ocr_line' id='line_1_77' title="bbox 2119 3811 3767 3890; baseline 0 -20"><span class='ocrx_word' id='word_1_587' title='bbox 2119 3817 2337 3883; x_wconf 73' lang='grc' dir='ltr'>ἑαυτήν,</span> <span class='ocrx_word' id='word_1_588' title='bbox 2365 3811 2411 3866; x_wconf 81' lang='grc' dir='ltr'><strong>ὢ</strong></span> <span class='ocrx_word' id='word_1_589' title='bbox 2437 3811 2582 3883; x_wconf 77' lang='grc' dir='ltr'>ξένον</span> <span class='ocrx_word' id='word_1_590' title='bbox 2610 3813 2790 3885; x_wconf 82' lang='grc' dir='ltr'>θαῦμα</span> <span class='ocrx_word' id='word_1_591' title='bbox 2826 3814 2838 3870; x_wconf 78' lang='grc' dir='ltr'>ί</span> <span class='ocrx_word' id='word_1_592' title='bbox 2899 3817 2996 3868; x_wconf 80' lang='grc' dir='ltr'>τοῦ</span> <span class='ocrx_word' id='word_1_593' title='bbox 3047 3812 3345 3888; x_wconf 75' lang='grc' dir='ltr'>άχωρήτου</span> <span class='ocrx_word' id='word_1_594' title='bbox 3404 3818 3767 3890; x_wconf 80' lang='grc' dir='ltr'>Δημιουργοῦ</span> 
     </span>
    </p>
   </div>
   <div class='ocr_carea' id='block_1_78' title="bbox 2119 3901 3764 3978">
    <p class='ocr_par' dir='ltr' id='par_1_78' title="bbox 2119 3901 3764 3978">
     <span class='ocr_line' id='line_1_78' title="bbox 2119 3901 3764 3978; baseline 0 -19"><span class='ocrx_word' id='word_1_595' title='bbox 2119 3902 2521 3960; x_wconf 60' lang='grc' dir='ltr'>κατεσκεύασεν</span> <span class='ocrx_word' id='word_1_596' title='bbox 2581 3902 2644 3956; x_wconf 83' lang='grc' dir='ltr'>ού</span> <span class='ocrx_word' id='word_1_597' title='bbox 2713 3902 2876 3977; x_wconf 86' lang='grc' dir='ltr'>χάριν</span> <span class='ocrx_word' id='word_1_598' title='bbox 2933 3901 3046 3977; x_wconf 79' lang='grc' dir='ltr'>οὐχ</span> <span class='ocrx_word' id='word_1_599' title='bbox 3091 3903 3256 3978; x_wconf 77' lang='grc' dir='ltr'>’Ἃγία</span> <span class='ocrx_word' id='word_1_600' title='bbox 3323 3903 3492 3978; x_wconf 77' lang='grc' dir='ltr'>ἁγίων</span> <span class='ocrx_word' id='word_1_601' title='bbox 3568 3905 3764 3976; x_wconf 83' lang='grc' dir='ltr'>μόνον,</span> 
     </span>
    </p>
   </div>
   <div class='ocr_carea' id='block_1_79' title="bbox 2117 3988 3767 4068">
    <p class='ocr_par' dir='ltr' id='par_1_79' title="bbox 2117 3988 3767 4068">
     <span class='ocr_line' id='line_1_79' title="bbox 2117 3988 3767 4068; baseline 0.001 -20"><span class='ocrx_word' id='word_1_602' title='bbox 2117 3991 2371 4048; x_wconf 72' lang='grc' dir='ltr'>ἀλλὰκαὶ</span> <span class='ocrx_word' id='word_1_603' title='bbox 2405 3989 2456 4046; x_wconf 80' lang='grc' dir='ltr'>εἷ’</span> <span class='ocrx_word' id='word_1_604' title='bbox 2511 4012 2566 4047; x_wconf 90' lang='grc' dir='ltr'>τι</span> <span class='ocrx_word' id='word_1_605' title='bbox 2612 3989 2821 4046; x_wconf 89' lang='grc' dir='ltr'>τούτων</span> <span class='ocrx_word' id='word_1_606' title='bbox 2875 3988 3059 4052; x_wconf 81' lang='grc' dir='ltr'>αίδοῦς</span> <span class='ocrx_word' id='word_1_607' title='bbox 3108 3993 3416 4068; x_wconf 76' lang='grc' dir='ltr'>ἀξιώτερον,</span> <span class='ocrx_word' id='word_1_608' title='bbox 3451 3997 3558 4048; x_wconf 81' lang='grc' dir='ltr'>τῶν</span> <span class='ocrx_word' id='word_1_609' title='bbox 3605 3992 3767 4049; x_wconf 81' lang='grc' dir='ltr'>εὐλό-</span> 
     </span>
    </p>
   </div>
   <div class='ocr_carea' id='block_1_80' title="bbox 2118 4079 3771 4158">
    <p class='ocr_par' dir='ltr' id='par_1_80' title="bbox 2118 4079 3771 4158">
     <span class='ocr_line' id='line_1_80' title="bbox 2118 4079 3771 4158; baseline 0.002 -22"><span class='ocrx_word' id='word_1_610' title='bbox 2118 4102 2228 4158; x_wconf 87' lang='grc' dir='ltr'>γων</span> <span class='ocrx_word' id='word_1_611' title='bbox 2260 4082 2319 4135; x_wconf 74' lang='grc' dir='ltr'>ἂν</span> <span class='ocrx_word' id='word_1_612' title='bbox 2353 4079 2436 4152; x_wconf 70' lang='grc' dir='ltr'>εἴη</span> <span class='ocrx_word' id='word_1_613' title='bbox 2468 4081 2530 4136; x_wconf 89' lang='grc' dir='ltr'>τό</span> <span class='ocrx_word' id='word_1_614' title='bbox 2563 4080 2918 4156; x_wconf 74' lang='grc' dir='ltr'>ἆνέκφραστον</span> <span class='ocrx_word' id='word_1_615' title='bbox 2951 4084 3112 4136; x_wconf 81' lang='grc' dir='ltr'>τοῦτο</span> <span class='ocrx_word' id='word_1_616' title='bbox 3148 4080 3335 4138; x_wconf 81' lang='grc' dir='ltr'>καλεῖν</span> <span class='ocrx_word' id='word_1_617' title='bbox 3394 4087 3528 4138; x_wconf 81' lang='grc' dir='ltr'>Θεοῦ</span> <span class='ocrx_word' id='word_1_618' title='bbox 3575 4103 3771 4140; x_wconf 89' lang='grc' dir='ltr'>κατοι-</span> 
     </span>
    </p>
   </div>
   <div class='ocr_carea' id='block_1_81' title="bbox 2119 4173 2411 4246">
    <p class='ocr_par' dir='ltr' id='par_1_81' title="bbox 2119 4173 2411 4246">
     <span class='ocr_line' id='line_1_81' title="bbox 2119 4173 2411 4246; baseline 0.007 -20"><span class='ocrx_word' id='word_1_619' title='bbox 2119 4173 2411 4246; x_wconf 69' lang='grc' dir='ltr'>κητ-ιςριον.</span> 
     </span>
    </p>
   </div>
   <div class='ocr_carea' id='block_1_82' title="bbox 361 4260 3775 4335">
    <p class='ocr_par' dir='ltr' id='par_1_82' title="bbox 361 4260 3775 4335">
     <span class='ocr_line' id='line_1_82' title="bbox 361 4260 3775 4335; baseline 0.002 -18"><span class='ocrx_word' id='word_1_620' title='bbox 361 4262 754 4327; x_wconf 86' lang='lat' dir='ltr'>Quamobrem</span> <span class='ocrx_word' id='word_1_621' title='bbox 785 4280 904 4320; x_wconf 90' lang='lat' dir='ltr'>non</span> <span class='ocrx_word' id='word_1_622' title='bbox 936 4263 1111 4320; x_wconf 91' lang='lat' dir='ltr'>modo</span> <span class='ocrx_word' id='word_1_623' title='bbox 1144 4261 1460 4335; x_wconf 87' lang='lat' dir='ltr'>appellatio</span> <span class='ocrx_word' id='word_1_624' title='bbox 1491 4263 1683 4320; x_wconf 85' lang='lat' dir='ltr'>Sancti</span> <span class='ocrx_word' id='word_1_625' title='bbox 1710 4271 2050 4335; x_wconf 85' lang='lat' dir='ltr'>sanctorum,</span> <span class='ocrx_word' id='word_1_626' title='bbox 2083 4261 2186 4319; x_wconf 87' lang='lat' dir='ltr'>sed</span> <span class='ocrx_word' id='word_1_627' title='bbox 2214 4267 2271 4316; x_wconf 93' lang='lat' dir='ltr'>et</span> <span class='ocrx_word' id='word_1_628' title='bbox 2300 4262 2347 4316; x_wconf 91' lang='lat' dir='ltr'>si</span> <span class='ocrx_word' id='word_1_629' title='bbox 2390 4277 2520 4332; x_wconf 69' lang='lat' dir='ltr'>qua)</span> <span class='ocrx_word' id='word_1_630' title='bbox 2568 4260 2683 4316; x_wconf 89' lang='lat' dir='ltr'>alia</span> <span class='ocrx_word' id='word_1_631' title='bbox 2733 4261 3110 4317; x_wconf 86' lang='lat' dir='ltr'>veneratione</span> <span class='ocrx_word' id='word_1_632' title='bbox 3149 4260 3383 4335; x_wconf 85' lang='lat' dir='ltr'>dignior</span> <span class='ocrx_word' id='word_1_633' title='bbox 3425 4273 3775 4326; x_wconf 85' lang='lat' dir='ltr'>occurreret</span> 
     </span>
    </p>
   </div>
   <div class='ocr_carea' id='block_1_83' title="bbox 433 4383 1012 4457">
    <p class='ocr_par' dir='ltr' id='par_1_83' title="bbox 433 4383 1012 4457">
     <span class='ocr_line' id='line_1_83' title="bbox 433 4383 1012 4457; baseline 0.005 -17"><span class='ocrx_word' id='word_1_634' title='bbox 433 4383 479 4418; x_wconf 88' lang='grc'>²⁴</span> <span class='ocrx_word' id='word_1_635' title='bbox 509 4384 686 4443; x_wconf 81' lang='lat' dir='ltr'>Hebr.</span> <span class='ocrx_word' id='word_1_636' title='bbox 710 4403 771 4457; x_wconf 73' lang='grc' dir='ltr'>ι,</span> <span class='ocrx_word' id='word_1_637' title='bbox 806 4389 890 4456; x_wconf 82' lang='grc'>19,</span> <span class='ocrx_word' id='word_1_638' title='bbox 921 4389 1012 4444; x_wconf 87' lang='lat'>20.</span> 
     </span>
    </p>
   </div>
   <div class='ocr_carea' id='block_1_84' title="bbox 1740 4488 2402 4552">
    <p class='ocr_par' dir='ltr' id='par_1_84' title="bbox 1740 4488 2402 4552">
     <span class='ocr_line' id='line_1_84' title="bbox 1740 4488 2402 4552; baseline -0.008 0"><span class='ocrx_word' id='word_1_639' title='bbox 1740 4493 1865 4552; x_wconf 83' lang='lat' dir='ltr'>Ant</span> <span class='ocrx_word' id='word_1_640' title='bbox 1893 4488 2189 4552; x_wconf 87' lang='lat' dir='ltr'>Bellerini</span> <span class='ocrx_word' id='word_1_641' title='bbox 2217 4492 2402 4551; x_wconf 58' lang='lat' dir='ltr'>notae.</span> 
     </span>
    </p>
   </div>
   <div class='ocr_carea' id='block_1_85' title="bbox 433 4619 2008 4696">
    <p class='ocr_par' dir='ltr' id='par_1_85' title="bbox 433 4619 2008 4696">
     <span class='ocr_line' id='line_1_85' title="bbox 433 4619 2008 4696; baseline 0.003 -22"><span class='ocrx_word' id='word_1_642' title='bbox 433 4621 542 4696; x_wconf 63' lang='grc'>(54)</span> <span class='ocrx_word' id='word_1_643' title='bbox 579 4621 706 4696; x_wconf 69' lang='lat' dir='ltr'>{am</span> <span class='ocrx_word' id='word_1_644' title='bbox 761 4619 908 4696; x_wconf 73' lang='lat' dir='ltr'>alias</span> <span class='ocrx_word' id='word_1_645' title='bbox 962 4625 1170 4678; x_wconf 89' lang='lat' dir='ltr'>auctor</span> <span class='ocrx_word' id='word_1_646' title='bbox 1217 4622 1618 4696; x_wconf 89' lang='lat' dir='ltr'>disputaverat</span> <span class='ocrx_word' id='word_1_647' title='bbox 1673 4625 1854 4696; x_wconf 91' lang='lat' dir='ltr'>(Orat.</span> <span class='ocrx_word' id='word_1_648' title='bbox 1915 4625 2008 4679; x_wconf 91' lang='lat' dir='ltr'>in-</span> 
     </span>
    </p>
   </div>
   <div class='ocr_carea' id='block_1_86' title="bbox 363 4691 2008 4768">
    <p class='ocr_par' dir='ltr' id='par_1_86' title="bbox 363 4691 2008 4768">
     <span class='ocr_line' id='line_1_86' title="bbox 363 4691 2008 4768; baseline 0.001 -20"><span class='ocrx_word' id='word_1_649' title='bbox 363 4692 546 4748; x_wconf 84' lang='lat' dir='ltr'>Nativ.</span> <span class='ocrx_word' id='word_1_650' title='bbox 586 4693 732 4760; x_wconf 91' lang='lat' dir='ltr'>Dei.,</span> <span class='ocrx_word' id='word_1_651' title='bbox 764 4691 884 4768; x_wconf 87' lang='lat'>§8,_</span> <span class='ocrx_word' id='word_1_652' title='bbox 903 4707 1030 4765; x_wconf 83' lang='lat' dir='ltr'>snp.</span> <span class='ocrx_word' id='word_1_653' title='bbox 1056 4709 1187 4768; x_wconf 88' lang='lat' dir='ltr'>pag.</span> <span class='ocrx_word' id='word_1_654' title='bbox 1216 4691 2008 4768; x_wconf 47' lang='lat' dir='ltr'>222‘),Virginem&#39;Deiparam</span> 
     </span>
    </p>
   </div>
   <div class='ocr_carea' id='block_1_87' title="bbox 361 4763 2084 4851">
    <p class='ocr_par' dir='ltr' id='par_1_87' title="bbox 361 4763 2084 4851">
     <span class='ocr_line' id='line_1_87' title="bbox 361 4763 2084 4851; baseline 0.001 -32"><span class='ocrx_word' id='word_1_655' title='bbox 361 4779 482 4851; x_wconf 56' lang='lat' dir='ltr'>non</span> <span class='ocrx_word' id='word_1_656' title='bbox 514 4780 544 4819; x_wconf 91' lang='lat' dir='ltr'>e</span> <span class='ocrx_word' id='word_1_657' title='bbox 576 4763 1458 4851; x_wconf 41' lang='lat' dir='ltr'>terra,‘;sed‘ecmlq;oril1ndam</span> <span class='ocrx_word' id='word_1_658' title='bbox 1484 4763 1656 4851; x_wconf 71' lang='lat' dir='ltr'>fateri</span> <span class='ocrx_word' id='word_1_659' title='bbox 1713 4763 2004 4851; x_wconf 73' lang='lat' dir='ltr'>oportere.</span> <span class='ocrx_word' id='word_1_660' title='bbox 2039 4787 2084 4851; x_wconf 82' lang='lat' dir='ltr'><strong>D</strong></span> 
     </span>
    </p>
   </div>
   <div class='ocr_carea' id='block_1_88' title="bbox 359 4835 2003 4904">
    <p class='ocr_par' dir='ltr' id='par_1_88' title="bbox 359 4835 2003 4904">
     <span class='ocr_line' id='line_1_88' title="bbox 359 4835 2003 4904; baseline 0.003 -15"><span class='ocrx_word' id='word_1_661' title='bbox 359 4836 524 4891; x_wconf 87' lang='lat' dir='ltr'>Nunc</span> <span class='ocrx_word' id='word_1_662' title='bbox 550 4852 688 4890; x_wconf 91' lang='lat' dir='ltr'>vero</span> <span class='ocrx_word' id='word_1_663' title='bbox 731 4835 1010 4891; x_wconf 88' lang='lat' dir='ltr'>disertius</span> <span class='ocrx_word' id='word_1_664' title='bbox 1062 4839 1340 4902; x_wconf 81' lang='lat' dir='ltr'>afﬁrmat,</span> <span class='ocrx_word' id='word_1_665' title='bbox 1385 4839 1654 4894; x_wconf 88' lang='lat' dir='ltr'>eamdem</span> <span class='ocrx_word' id='word_1_666' title='bbox 1687 4835 1804 4894; x_wconf 75' lang='lat' dir='ltr'>non</span> <span class='ocrx_word' id='word_1_667' title='bbox 1866 4839 2003 4904; x_wconf 89' lang='lat' dir='ltr'>alia,</span> 
     </span>
    </p>
   </div>
   <div class='ocr_carea' id='block_1_89' title="bbox 358 4906 2004 4983">
    <p class='ocr_par' dir='ltr' id='par_1_89' title="bbox 358 4906 2004 4983">
     <span class='ocr_line' id='line_1_89' title="bbox 358 4906 2004 4983; baseline 0 -21"><span class='ocrx_word' id='word_1_668' title='bbox 358 4913 536 4983; x_wconf 75' lang='lat' dir='ltr'>atque</span> <span class='ocrx_word' id='word_1_669' title='bbox 569 4906 835 4983; x_wconf 76' lang='lat' dir='ltr'>apgelos,</span> <span class='ocrx_word' id='word_1_670' title='bbox 868 4908 1209 4983; x_wconf 83' lang='lat' dir='ltr'>conditione</span> <span class='ocrx_word' id='word_1_671' title='bbox 1241 4910 1420 4964; x_wconf 87' lang='lat' dir='ltr'>fuisse</span> <span class='ocrx_word' id='word_1_672' title='bbox 1455 4917 1710 4965; x_wconf 90' lang='lat' dir='ltr'>creatam</span> <span class='ocrx_word' id='word_1_673' title='bbox 1744 4911 1880 4982; x_wconf 81' lang='grc' dir='ltr'>(κατ’</span> <span class='ocrx_word' id='word_1_674' title='bbox 1913 4909 2004 4983; x_wconf 69' lang='grc' dir='ltr'>ἁγ-</span> 
     </span>
    </p>
   </div>
   <div class='ocr_carea' id='block_1_90' title="bbox 355 4975 2003 5053">
    <p class='ocr_par' dir='ltr' id='par_1_90' title="bbox 355 4975 2003 5053">
     <span class='ocr_line' id='line_1_90' title="bbox 355 4975 2003 5053; baseline 0.004 -22"><span class='ocrx_word' id='word_1_675' title='bbox 355 4975 557 5050; x_wconf 76' lang='grc' dir='ltr'>γέλους</span> <span class='ocrx_word' id='word_1_676' title='bbox 599 4975 1148 5053; x_wconf 69' lang='grc' dir='ltr'>δῆμιουργηθείσῃς).</span> <span class='ocrx_word' id='word_1_677' title='bbox 1182 4983 1362 5036; x_wconf 87' lang='lat' dir='ltr'>Porro</span> <span class='ocrx_word' id='word_1_678' title='bbox 1390 4999 1482 5036; x_wconf 90' lang='lat' dir='ltr'>res</span> <span class='ocrx_word' id='word_1_679' title='bbox 1514 4983 1643 5052; x_wconf 88' lang='lat' dir='ltr'>ipsa</span> <span class='ocrx_word' id='word_1_680' title='bbox 1674 4975 2003 5037; x_wconf 50' lang='lat' dir='ltr'>et&#39;contei-</span> 
     </span>
    </p>
   </div>
   <div class='ocr_carea' id='block_1_91' title="bbox 356 5051 2003 5125">
    <p class='ocr_par' dir='ltr' id='par_1_91' title="bbox 356 5051 2003 5125">
     <span class='ocr_line' id='line_1_91' title="bbox 356 5051 2003 5125; baseline 0.002 -21"><span class='ocrx_word' id='word_1_681' title='bbox 356 5055 450 5125; x_wconf 89' lang='lat' dir='ltr'>t_us</span> <span class='ocrx_word' id='word_1_682' title='bbox 482 5058 684 5124; x_wconf 89' lang='lat' dir='ltr'>aperte</span> <span class='ocrx_word' id='word_1_683' title='bbox 717 5051 1060 5125; x_wconf 81' lang='lat' dir='ltr'>clamant,id</span> <span class='ocrx_word' id='word_1_684' title='bbox 1078 5051 1149 5106; x_wconf 88' lang='lat' dir='ltr'>de</span> <span class='ocrx_word' id='word_1_685' title='bbox 1172 5054 1432 5124; x_wconf 80' lang='lat' dir='ltr'>Deiparae</span> <span class='ocrx_word' id='word_1_686' title='bbox 1447 5051 1645 5107; x_wconf 77' lang='lat' dir='ltr'>anima</span> <span class='ocrx_word' id='word_1_687' title='bbox 1667 5054 2003 5125; x_wconf 87' lang='lat' dir='ltr'>intelligen-</span> 
     </span>
    </p>
   </div>
   <div class='ocr_carea' id='block_1_92' title="bbox 358 5121 2003 5195">
    <p class='ocr_par' dir='ltr' id='par_1_92' title="bbox 358 5121 2003 5195">
     <span class='ocr_line' id='line_1_92' title="bbox 358 5121 2003 5195; baseline 0.003 -20"><span class='ocrx_word' id='word_1_688' title='bbox 358 5121 692 5195; x_wconf 34' lang='lat' dir='ltr'>dum‘esse.</span> <span class='ocrx_word' id='word_1_689' title='bbox 731 5124 877 5190; x_wconf 72' lang='lat' dir='ltr'>Ergo</span> <span class='ocrx_word' id='word_1_690' title='bbox 905 5123 976 5176; x_wconf 88' lang='lat' dir='ltr'>ad</span> <span class='ocrx_word' id='word_1_691' title='bbox 1001 5121 1503 5195; x_wconf 45' lang='lat' dir='ltr'>animam&#39;Marim</span> <span class='ocrx_word' id='word_1_692' title='bbox 1536 5126 1812 5194; x_wconf 86' lang='lat' dir='ltr'>pertinet,</span> <span class='ocrx_word' id='word_1_693' title='bbox 1847 5121 2003 5195; x_wconf 72' lang='lat' dir='ltr'>quod</span> 
     </span>
    </p>
   </div>
   <div class='ocr_carea' id='block_1_93' title="bbox 358 5191 2006 5265">
    <p class='ocr_par' dir='ltr' id='par_1_93' title="bbox 358 5191 2006 5265">
     <span class='ocr_line' id='line_1_93' title="bbox 358 5191 2006 5265; baseline 0.002 -20"><span class='ocrx_word' id='word_1_694' title='bbox 358 5191 430 5246; x_wconf 91' lang='lat' dir='ltr'>de</span> <span class='ocrx_word' id='word_1_695' title='bbox 462 5195 690 5265; x_wconf 81' lang='lat' dir='ltr'>angelis</span> <span class='ocrx_word' id='word_1_696' title='bbox 710 5195 984 5265; x_wconf 88' lang='lat' dir='ltr'>traditur,</span> <span class='ocrx_word' id='word_1_697' title='bbox 1019 5194 1218 5249; x_wconf 79' lang='lat' dir='ltr'>divina</span> <span class='ocrx_word' id='word_1_698' title='bbox 1251 5195 1478 5248; x_wconf 86' lang='lat' dir='ltr'>scilicet</span> <span class='ocrx_word' id='word_1_699' title='bbox 1507 5191 1692 5265; x_wconf 67' lang='lat' dir='ltr'>gratia</span> <span class='ocrx_word' id='word_1_700' title='bbox 1726 5191 2006 5249; x_wconf 36' lang='lat' dir='ltr'>et&#39;cliari-</span> 
     </span>
    </p>
   </div>
   <div class='ocr_carea' id='block_1_94' title="bbox 356 5264 2005 5336">
    <p class='ocr_par' dir='ltr' id='par_1_94' title="bbox 356 5264 2005 5336">
     <span class='ocr_line' id='line_1_94' title="bbox 356 5264 2005 5336; baseline 0.004 -23"><span class='ocrx_word' id='word_1_701' title='bbox 356 5267 473 5314; x_wconf 89' lang='lat' dir='ltr'>tate</span> <span class='ocrx_word' id='word_1_702' title='bbox 497 5264 814 5320; x_wconf 60' lang='lat' dir='ltr'>eiornatos</span> <span class='ocrx_word' id='word_1_703' title='bbox 846 5264 1059 5336; x_wconf 79' lang='lat' dir='ltr'>divinis</span> <span class='ocrx_word' id='word_1_704' title='bbox 1090 5283 1118 5319; x_wconf 90' lang='lat' dir='ltr'>e</span> <span class='ocrx_word' id='word_1_705' title='bbox 1153 5266 1426 5320; x_wconf 87' lang='lat' dir='ltr'>manibus</span> <span class='ocrx_word' id='word_1_706' title='bbox 1459 5264 1768 5336; x_wconf 77' lang='lat' dir='ltr'>prodiisse.</span> <span class='ocrx_word' id='word_1_707' title='bbox 1796 5267 2005 5320; x_wconf 86' lang='lat' dir='ltr'>Discri-</span> 
     </span>
    </p>
   </div>
   <div class='ocr_carea' id='block_1_95' title="bbox 356 5335 2004 5408">
    <p class='ocr_par' dir='ltr' id='par_1_95' title="bbox 356 5335 2004 5408">
     <span class='ocr_line' id='line_1_95' title="bbox 356 5335 2004 5408; baseline 0.005 -24"><span class='ocrx_word' id='word_1_708' title='bbox 356 5347 686 5408; x_wconf 77' lang='lat' dir='ltr'>men_vero_._</span> <span class='ocrx_word' id='word_1_709' title='bbox 716 5336 872 5408; x_wconf 80' lang='lat' dir='ltr'>quod</span> <span class='ocrx_word' id='word_1_710' title='bbox 906 5335 1092 5408; x_wconf 14' lang='lat' dir='ltr'>veluti,</span> <span class='ocrx_word' id='word_1_711' title='bbox 1114 5354 1219 5392; x_wconf 89' lang='lat' dir='ltr'>sua</span> <span class='ocrx_word' id='word_1_712' title='bbox 1241 5337 1396 5408; x_wconf 82' lang='lat' dir='ltr'>dicta</span> <span class='ocrx_word' id='word_1_713' title='bbox 1449 5335 1750 5408; x_wconf 72' lang='lat' dir='ltr'>corrigens</span> <span class='ocrx_word' id='word_1_714' title='bbox 1799 5345 2004 5392; x_wconf 85' lang='lat' dir='ltr'>auctor</span> 
     </span>
    </p>
   </div>
   <div class='ocr_carea' id='block_1_96' title="bbox 357 5401 2000 5481">
    <p class='ocr_par' dir='ltr' id='par_1_96' title="bbox 357 5401 2000 5481">
     <span class='ocr_line' id='line_1_96' title="bbox 357 5401 2000 5481; baseline 0.005 -25"><span class='ocrx_word' id='word_1_715' title='bbox 357 5401 597 5481; x_wconf 34' lang='lat' dir='ltr'>subj-icit</span> <span class='ocrx_word' id='word_1_716' title='bbox 628 5403 686 5473; x_wconf 72' lang='grc' dir='ltr'>(ἤ</span> <span class='ocrx_word' id='word_1_717' title='bbox 719 5401 984 5481; x_wconf 67' lang='grc' dir='ltr'>δήπουθεν</span> <span class='ocrx_word' id='word_1_718' title='bbox 1012 5407 1142 5479; x_wconf 75' lang='grc' dir='ltr'>ὑπὲρ</span> <span class='ocrx_word' id='word_1_719' title='bbox 1190 5406 1466 5474; x_wconf 86' lang='grc' dir='ltr'>τούτους),</span> <span class='ocrx_word' id='word_1_720' title='bbox 1513 5401 1656 5478; x_wconf 71' lang='grc' dir='ltr'>(μιῘῇ</span> <span class='ocrx_word' id='word_1_721' title='bbox 1690 5410 1825 5464; x_wconf 86' lang='lat' dir='ltr'>huic</span> <span class='ocrx_word' id='word_1_722' title='bbox 1857 5427 2000 5464; x_wconf 91' lang='lat' dir='ltr'>sen-</span> 
     </span>
    </p>
   </div>
   <div class='ocr_carea' id='block_1_97' title="bbox 356 5477 2003 5546">
    <p class='ocr_par' dir='ltr' id='par_1_97' title="bbox 356 5477 2003 5546">
     <span class='ocr_line' id='line_1_97' title="bbox 356 5477 2003 5546; baseline 0.005 -20"><span class='ocrx_word' id='word_1_723' title='bbox 356 5477 553 5527; x_wconf 67' lang='lat' dir='ltr'>tentia:</span> <span class='ocrx_word' id='word_1_724' title='bbox 588 5479 1021 5546; x_wconf 86' lang='lat' dir='ltr'>repugnet,imo</span> <span class='ocrx_word' id='word_1_725' title='bbox 1053 5477 1182 5534; x_wconf 82' lang='lat' dir='ltr'>eam</span> <span class='ocrx_word' id='word_1_726' title='bbox 1207 5477 1604 5535; x_wconf 49' lang='lat' dir='ltr'>confii‘mathi</span> <span class='ocrx_word' id='word_1_727' title='bbox 1635 5483 1792 5535; x_wconf 91' lang='lat' dir='ltr'>enim</span> <span class='ocrx_word' id='word_1_728' title='bbox 1824 5481 2003 5535; x_wconf 85' lang='lat' dir='ltr'>Maria</span> 
     </span>
    </p>
   </div>
   <div class='ocr_carea' id='block_1_98' title="bbox 354 5545 2002 5624">
    <p class='ocr_par' dir='ltr' id='par_1_98' title="bbox 354 5545 2002 5624">
     <span class='ocr_line' id='line_1_98' title="bbox 354 5545 2002 5624; baseline 0.004 -26"><span class='ocrx_word' id='word_1_729' title='bbox 354 5560 474 5598; x_wconf 89' lang='lat' dir='ltr'>non</span> <span class='ocrx_word' id='word_1_730' title='bbox 505 5545 681 5600; x_wconf 88' lang='lat' dir='ltr'>modo</span> <span class='ocrx_word' id='word_1_731' title='bbox 713 5545 952 5624; x_wconf 39' lang='lat' dir='ltr'>p&#39;ar,_s_ed_</span> <span class='ocrx_word' id='word_1_732' title='bbox 980 5551 1176 5624; x_wconf 85' lang='lat' dir='ltr'>potior</span> <span class='ocrx_word' id='word_1_733' title='bbox 1197 5550 1421 5624; x_wconf 79' lang='lat' dir='ltr'>angelis</span> <span class='ocrx_word' id='word_1_734' title='bbox 1452 5558 1539 5607; x_wconf 90' lang='lat' dir='ltr'>est</span> <span class='ocrx_word' id='word_1_735' title='bbox 1562 5559 1758 5607; x_wconf 89' lang='lat' dir='ltr'>creata</span> <span class='ocrx_word' id='word_1_736' title='bbox 1793 5553 2002 5622; x_wconf 88' lang='lat' dir='ltr'>;plura</span> 
     </span>
    </p>
   </div>
   <div class='ocr_carea' id='block_1_99' title="bbox 355 5616 2001 5697">
    <p class='ocr_par' dir='ltr' id='par_1_99' title="bbox 355 5616 2001 5697">
     <span class='ocr_line' id='line_1_99' title="bbox 355 5616 2001 5697; baseline 0.004 -27"><span class='ocrx_word' id='word_1_737' title='bbox 355 5631 498 5697; x_wconf 78' lang='lat' dir='ltr'>ergo</span> <span class='ocrx_word' id='word_1_738' title='bbox 524 5633 644 5686; x_wconf 64' lang='lat' dir='ltr'>pra:</span> <span class='ocrx_word' id='word_1_739' title='bbox 682 5616 912 5697; x_wconf 70' lang='lat' dir='ltr'>angelis</span> <span class='ocrx_word' id='word_1_740' title='bbox 939 5616 1083 5697; x_wconf 78' lang='lat' dir='ltr'>ipsis</span> <span class='ocrx_word' id='word_1_741' title='bbox 1112 5616 1312 5691; x_wconf 68' lang='lat' dir='ltr'>gratiae</span> <span class='ocrx_word' id='word_1_742' title='bbox 1336 5639 1588 5697; x_wconf 86' lang='lat' dir='ltr'>munera</span> <span class='ocrx_word' id='word_1_743' title='bbox 1619 5625 1677 5678; x_wconf 90' lang='lat' dir='ltr'>in</span> <span class='ocrx_word' id='word_1_744' title='bbox 1728 5616 1854 5694; x_wconf 79' lang='lat' dir='ltr'>ipsa</span> <span class='ocrx_word' id='word_1_745' title='bbox 1895 5637 2001 5677; x_wconf 87' lang='lat' dir='ltr'>sua</span> 
     </span>
    </p>
   </div>
   <div class='ocr_carea' id='block_1_100' title="bbox 355 5687 1436 5766">
    <p class='ocr_par' dir='ltr' id='par_1_100' title="bbox 355 5687 1436 5766">
     <span class='ocr_line' id='line_1_100' title="bbox 355 5687 1436 5766; baseline 0.007 -24"><span class='ocrx_word' id='word_1_746' title='bbox 355 5687 643 5766; x_wconf 68' lang='lat' dir='ltr'>originea</span> <span class='ocrx_word' id='word_1_747' title='bbox 665 5689 861 5766; x_wconf 75' lang='lat' dir='ltr'>divina</span> <span class='ocrx_word' id='word_1_748' title='bbox 898 5687 1163 5766; x_wconf 74' lang='lat' dir='ltr'>bonitate</span> <span class='ocrx_word' id='word_1_749' title='bbox 1196 5695 1436 5766; x_wconf 71' lang='lat' dir='ltr'>recepit.</span> 
     </span>
    </p>
   </div>
   <div class='ocr_carea' id='block_1_101' title="bbox 426 5758 1585 5837">
    <p class='ocr_par' dir='ltr' id='par_1_101' title="bbox 426 5758 1585 5837">
     <span class='ocr_line' id='line_1_101' title="bbox 426 5758 1585 5837; baseline 0.005 -23"><span class='ocrx_word' id='word_1_750' title='bbox 426 5758 540 5835; x_wconf 81' lang='lat'>(55)</span> <span class='ocrx_word' id='word_1_751' title='bbox 572 5761 656 5818; x_wconf 86' lang='lat' dir='ltr'>Ita</span> <span class='ocrx_word' id='word_1_752' title='bbox 674 5760 877 5833; x_wconf 85' lang='lat' dir='ltr'>codex,</span> <span class='ocrx_word' id='word_1_753' title='bbox 909 5765 976 5820; x_wconf 88' lang='lat' dir='ltr'>ut</span> <span class='ocrx_word' id='word_1_754' title='bbox 1005 5760 1255 5832; x_wconf 85' lang='lat' dir='ltr'>videtur,</span> <span class='ocrx_word' id='word_1_755' title='bbox 1288 5758 1394 5837; x_wconf 69' lang='lat' dir='ltr'>pro</span> <span class='ocrx_word' id='word_1_756' title='bbox 1425 5762 1585 5836; x_wconf 80' lang='grc' dir='ltr'>ιπτη.</span> 
     </span>
    </p>
   </div>
   <div class='ocr_carea' id='block_1_102' title="bbox 2189 4620 3770 4698">
    <p class='ocr_par' dir='ltr' id='par_1_102' title="bbox 2189 4620 3770 4698">
     <span class='ocr_line' id='line_1_102' title="bbox 2189 4620 3770 4698; baseline 0.005 -21"><span class='ocrx_word' id='word_1_757' title='bbox 2189 4623 2429 4698; x_wconf 58' lang='grc' dir='ltr'>(ὅὸᾳΝοῐι</span> <span class='ocrx_word' id='word_1_758' title='bbox 2453 4621 2640 4698; x_wconf 75' lang='lat' dir='ltr'>semel</span> <span class='ocrx_word' id='word_1_759' title='bbox 2662 4620 2790 4698; x_wconf 80' lang='lat' dir='ltr'>jam</span> <span class='ocrx_word' id='word_1_760' title='bbox 2813 4620 3770 4698; x_wconf 68' lang='lat' dir='ltr'>advertimus,innocentiam,qum</span> 
     </span>
    </p>
   </div>
   <div class='ocr_carea' id='block_1_103' title="bbox 2121 4693 3769 4768">
    <p class='ocr_par' dir='ltr' id='par_1_103' title="bbox 2121 4693 3769 4768">
     <span class='ocr_line' id='line_1_103' title="bbox 2121 4693 3769 4768; baseline 0.005 -20"><span class='ocrx_word' id='word_1_761' title='bbox 2121 4693 2378 4768; x_wconf 82' lang='lat' dir='ltr'>trimulae</span> <span class='ocrx_word' id='word_1_762' title='bbox 2412 4693 2956 4768; x_wconf 74' lang='lat' dir='ltr'>infantitribuitur,</span> <span class='ocrx_word' id='word_1_763' title='bbox 2991 4695 3345 4768; x_wconf 82' lang='lat' dir='ltr'>singularem</span> <span class='ocrx_word' id='word_1_764' title='bbox 3385 4696 3587 4768; x_wconf 86' lang='lat' dir='ltr'>haberi</span> <span class='ocrx_word' id='word_1_765' title='bbox 3611 4693 3616 4694; x_wconf 13' lang='grc' dir='ltr'><em>γ</em></span> <span class='ocrx_word' id='word_1_766' title='bbox 3639 4693 3769 4758; x_wconf 76' lang='lat' dir='ltr'>non</span> 
     </span>
    </p>
   </div>
   <div class='ocr_carea' id='block_1_104' title="bbox 2119 4763 3767 4839">
    <p class='ocr_par' dir='ltr' id='par_1_104' title="bbox 2119 4763 3767 4839">
     <span class='ocr_line' id='line_1_104' title="bbox 2119 4763 3767 4839; baseline 0.005 -19"><span class='ocrx_word' id='word_1_767' title='bbox 2119 4765 2434 4837; x_wconf 85' lang='lat' dir='ltr'>posse,nisi</span> <span class='ocrx_word' id='word_1_768' title='bbox 2467 4763 3198 4839; x_wconf 11' lang='lat' dir='ltr'>adjiciaspprmrogativam</span> <span class='ocrx_word' id='word_1_769' title='bbox 3249 4766 3381 4839; x_wconf 88' lang='lat' dir='ltr'>aliis</span> <span class='ocrx_word' id='word_1_770' title='bbox 3428 4767 3767 4828; x_wconf 87' lang='lat' dir='ltr'>infantibus</span> 
     </span>
    </p>
   </div>
   <div class='ocr_carea' id='block_1_105' title="bbox 2117 4836 3768 4908">
    <p class='ocr_par' dir='ltr' id='par_1_105' title="bbox 2117 4836 3768 4908">
     <span class='ocr_line' id='line_1_105' title="bbox 2117 4836 3768 4908; baseline 0.004 -16"><span class='ocrx_word' id='word_1_771' title='bbox 2117 4836 2236 4892; x_wconf 84' lang='lat' dir='ltr'>non</span> <span class='ocrx_word' id='word_1_772' title='bbox 2258 4852 2660 4908; x_wconf 87' lang='lat' dir='ltr'>communem,</span> <span class='ocrx_word' id='word_1_773' title='bbox 2688 4836 3018 4893; x_wconf 77' lang='lat' dir='ltr'>absentiam</span> <span class='ocrx_word' id='word_1_774' title='bbox 3043 4838 3268 4895; x_wconf 90' lang='lat' dir='ltr'>scilicet</span> <span class='ocrx_word' id='word_1_775' title='bbox 3301 4838 3458 4894; x_wconf 89' lang='lat' dir='ltr'>illius</span> <span class='ocrx_word' id='word_1_776' title='bbox 3491 4839 3658 4908; x_wconf 88' lang='lat' dir='ltr'>labis,</span> <span class='ocrx_word' id='word_1_777' title='bbox 3689 4842 3768 4898; x_wconf 92' lang='lat' dir='ltr'>de</span> 
     </span>
    </p>
   </div>
   <div class='ocr_carea' id='block_1_106' title="bbox 2116 4907 3766 4985">
    <p class='ocr_par' dir='ltr' id='par_1_106' title="bbox 2116 4907 3766 4985">
     <span class='ocr_line' id='line_1_106' title="bbox 2116 4907 3766 4985; baseline 0.002 -21"><span class='ocrx_word' id='word_1_778' title='bbox 2116 4926 2232 4981; x_wconf 88' lang='lat' dir='ltr'>qua</span> <span class='ocrx_word' id='word_1_779' title='bbox 2264 4909 2322 4962; x_wconf 91' lang='lat' dir='ltr'>in</span> <span class='ocrx_word' id='word_1_780' title='bbox 2344 4907 2641 4985; x_wconf 66' lang='lat' dir='ltr'>lobilibro</span> <span class='ocrx_word' id='word_1_781' title='bbox 2693 4909 3019 4985; x_wconf 69' lang='lat' dir='ltr'>secundum</span> <span class='ocrx_word' id='word_1_782' title='bbox 3069 4911 3380 4985; x_wconf 78' lang='lat' dir='ltr'>lectionem</span> <span class='ocrx_word' id='word_1_783' title='bbox 3407 4911 3560 4985; x_wconf 72' lang='lat' dir='ltr'>LXX</span> <span class='ocrx_word' id='word_1_784' title='bbox 3609 4912 3766 4985; x_wconf 85' lang='lat' dir='ltr'>(cap.</span> 
     </span>
    </p>
   </div>
   <div class='ocr_carea' id='block_1_107' title="bbox 2115 4978 3774 5051">
    <p class='ocr_par' dir='ltr' id='par_1_107' title="bbox 2115 4978 3774 5051">
     <span class='ocr_line' id='line_1_107' title="bbox 2115 4978 3774 5051; baseline 0.002 -15"><span class='ocrx_word' id='word_1_785' title='bbox 2115 4978 2226 5049; x_wconf 71' lang='lat' dir='ltr'>iw,</span> <span class='ocrx_word' id='word_1_786' title='bbox 2258 4997 2311 5034; x_wconf 72' lang='grc' dir='ltr'>γ.</span> <span class='ocrx_word' id='word_1_787' title='bbox 2338 4982 2390 5049; x_wconf 71' lang='grc'>4)</span> <span class='ocrx_word' id='word_1_788' title='bbox 2421 4978 2634 5051; x_wconf 87' lang='lat' dir='ltr'>legitur</span> <span class='ocrx_word' id='word_1_789' title='bbox 2668 4995 2680 5032; x_wconf 88' lang='lat'><strong>:</strong></span> <span class='ocrx_word' id='word_1_790' title='bbox 2714 4982 2880 5035; x_wconf 87' lang='lat' dir='ltr'>Nemo</span> <span class='ocrx_word' id='word_1_791' title='bbox 2911 4983 3145 5036; x_wconf 86' lang='lat' dir='ltr'>mundus</span> <span class='ocrx_word' id='word_1_792' title='bbox 3201 4999 3235 5035; x_wconf 92' lang='lat' dir='ltr'>a</span> <span class='ocrx_word' id='word_1_793' title='bbox 3291 4984 3467 5049; x_wconf 81' lang='lat' dir='ltr'>sorde,</span> <span class='ocrx_word' id='word_1_794' title='bbox 3525 4978 3624 5038; x_wconf 77' lang='lat' dir='ltr'>nec</span> <span class='ocrx_word' id='word_1_795' title='bbox 3671 4978 3774 5040; x_wconf 68' lang='lat' dir='ltr'>in-</span> 
     </span>
    </p>
   </div>
   <div class='ocr_carea' id='block_1_108' title="bbox 2112 5052 3774 5122">
    <p class='ocr_par' dir='ltr' id='par_1_108' title="bbox 2112 5052 3774 5122">
     <span class='ocr_line' id='line_1_108' title="bbox 2112 5052 3774 5122; baseline 0.002 -14"><span class='ocrx_word' id='word_1_796' title='bbox 2112 5057 2258 5122; x_wconf 82' lang='lat' dir='ltr'>fans,</span> <span class='ocrx_word' id='word_1_797' title='bbox 2286 5053 2443 5121; x_wconf 83' lang='lat' dir='ltr'>cujus</span> <span class='ocrx_word' id='word_1_798' title='bbox 2474 5058 2549 5105; x_wconf 84' lang='lat' dir='ltr'>est</span> <span class='ocrx_word' id='word_1_799' title='bbox 2580 5053 2746 5105; x_wconf 84' lang='lat' dir='ltr'>unius</span> <span class='ocrx_word' id='word_1_800' title='bbox 2784 5052 2899 5105; x_wconf 85' lang='lat' dir='ltr'>diei</span> <span class='ocrx_word' id='word_1_801' title='bbox 2929 5054 3043 5105; x_wconf 82' lang='lat' dir='ltr'>vita</span> <span class='ocrx_word' id='word_1_802' title='bbox 3091 5069 3254 5122; x_wconf 85' lang='lat' dir='ltr'>super</span> <span class='ocrx_word' id='word_1_803' title='bbox 3313 5061 3541 5109; x_wconf 84' lang='lat' dir='ltr'>terram.</span> <span class='ocrx_word' id='word_1_804' title='bbox 3601 5056 3774 5120; x_wconf 89' lang='lat' dir='ltr'>Quod</span> 
     </span>
    </p>
   </div>
   <div class='ocr_carea' id='block_1_109' title="bbox 2116 5122 3778 5197">
    <p class='ocr_par' dir='ltr' id='par_1_109' title="bbox 2116 5122 3778 5197">
     <span class='ocr_line' id='line_1_109' title="bbox 2116 5122 3778 5197; baseline 0.002 -18"><span class='ocrx_word' id='word_1_805' title='bbox 2116 5141 2252 5196; x_wconf 86' lang='lat' dir='ltr'>ergo</span> <span class='ocrx_word' id='word_1_806' title='bbox 2276 5138 2535 5197; x_wconf 83' lang='lat' dir='ltr'>congrua</span> <span class='ocrx_word' id='word_1_807' title='bbox 2557 5122 2821 5197; x_wconf 58' lang='lat' dir='ltr'>Deiparge</span> <span class='ocrx_word' id='word_1_808' title='bbox 2855 5122 3291 5197; x_wconf 67' lang='lat' dir='ltr'>adhucinfanti</span> <span class='ocrx_word' id='word_1_809' title='bbox 3316 5126 3511 5197; x_wconf 87' lang='lat' dir='ltr'>sedes,</span> <span class='ocrx_word' id='word_1_810' title='bbox 3528 5135 3778 5197; x_wconf 86' lang='lat' dir='ltr'>propter</span> 
     </span>
    </p>
   </div>
   <div class='ocr_carea' id='block_1_110' title="bbox 2113 5191 3772 5265">
    <p class='ocr_par' dir='ltr' id='par_1_110' title="bbox 2113 5191 3772 5265">
     <span class='ocr_line' id='line_1_110' title="bbox 2113 5191 3772 5265; baseline 0.003 -15"><span class='ocrx_word' id='word_1_811' title='bbox 2113 5191 2645 5265; x_wconf 68' lang='lat' dir='ltr'>singularissimam</span> <span class='ocrx_word' id='word_1_812' title='bbox 2729 5191 3002 5265; x_wconf 80' lang='lat' dir='ltr'>ejusdem</span> <span class='ocrx_word' id='word_1_813' title='bbox 3030 5191 3506 5265; x_wconf 47' lang='lat' dir='ltr'>innocentiam,</span> <span class='ocrx_word' id='word_1_814' title='bbox 3529 5191 3772 5256; x_wconf 52' lang='lat' dir='ltr'>&#39;cmlum</span> 
     </span>
    </p>
   </div>
   <div class='ocr_carea' id='block_1_111' title="bbox 2113 5261 3770 5338">
    <p class='ocr_par' dir='ltr' id='par_1_111' title="bbox 2113 5261 3770 5338">
     <span class='ocr_line' id='line_1_111' title="bbox 2113 5261 3770 5338; baseline 0.004 -18"><span class='ocrx_word' id='word_1_815' title='bbox 2113 5261 2510 5338; x_wconf 15' lang='lat' dir='ltr'>potiusiquam</span> <span class='ocrx_word' id='word_1_816' title='bbox 2545 5270 2698 5338; x_wconf 80' lang='lat' dir='ltr'>terra</span> <span class='ocrx_word' id='word_1_817' title='bbox 2730 5261 3471 5338; x_wconf 74' lang='lat' dir='ltr'>dicatur.i_di_nnocentiam</span> <span class='ocrx_word' id='word_1_818' title='bbox 3501 5268 3770 5338; x_wconf 86' lang='lat' dir='ltr'>denotat,</span> 
     </span>
    </p>
   </div>
   <div class='ocr_carea' id='block_1_112' title="bbox 2113 5333 3767 5453">
    <p class='ocr_par' dir='ltr' id='par_1_112' title="bbox 2113 5333 3767 5453">
     <span class='ocr_line' id='line_1_112' title="bbox 2113 5333 3767 5453; baseline 0.004 -63"><span class='ocrx_word' id='word_1_819' title='bbox 2113 5333 2244 5406; x_wconf 67' lang='lat' dir='ltr'>quae</span> <span class='ocrx_word' id='word_1_820' title='bbox 2277 5333 2614 5414; x_wconf 23' lang='lat' dir='ltr'>ab’originis</span> <span class='ocrx_word' id='word_1_821' title='bbox 2646 5346 2880 5453; x_wconf 61' lang='lat' dir='ltr'>quoque</span> <span class='ocrx_word' id='word_1_822' title='bbox 2914 5333 3052 5387; x_wconf 87' lang='lat' dir='ltr'>vitio</span> <span class='ocrx_word' id='word_1_823' title='bbox 3081 5333 3303 5392; x_wconf 89' lang='lat' dir='ltr'>intacta</span> <span class='ocrx_word' id='word_1_824' title='bbox 3345 5333 3767 5408; x_wconf 54' lang='lat' dir='ltr'>permanserit;</span> 
     </span>
     <span class='ocr_line' id='line_1_113' title="bbox 2183 5405 3742 5453; baseline 0 0"><span class='ocrx_word' id='word_1_825' title='bbox 2183 5409 2292 5453; x_wconf 58' lang='grc' dir='ltr'>(ὅτι</span> <span class='ocrx_word' id='word_1_826' title='bbox 2329 5407 2544 5453; x_wconf 79' lang='lat' dir='ltr'>Virmm</span> <span class='ocrx_word' id='word_1_827' title='bbox 2579 5419 2660 5453; x_wconf 66' lang='lat' dir='ltr'>sc:</span> <span class='ocrx_word' id='word_1_828' title='bbox 2689 5409 2802 5453; x_wconf 77' lang='lat' dir='ltr'>lcet</span> <span class='ocrx_word' id='word_1_829' title='bbox 2833 5419 2898 5453; x_wconf 87' lang='lat' dir='ltr'>ac</span> <span class='ocrx_word' id='word_1_830' title='bbox 2958 5405 3013 5453; x_wconf 90' lang='lat' dir='ltr'>S.</span> <span class='ocrx_word' id='word_1_831' title='bbox 3057 5406 3306 5453; x_wconf 74' lang='lat' dir='ltr'>.lnsnnlm</span> <span class='ocrx_word' id='word_1_832' title='bbox 3355 5410 3486 5453; x_wconf 71' lang='grc' dir='ltr'>ρὶιις</span> <span class='ocrx_word' id='word_1_833' title='bbox 3520 5429 3742 5453; x_wconf 71' lang='lat' dir='ltr'>ennnm</span> 
     </span>
    </p>
   </div>
   <div class='ocr_carea' id='block_1_113' title="bbox 2183 5403 3767 5482">
    <p class='ocr_par' dir='ltr' id='par_1_113' title="bbox 2183 5403 3767 5482">
     <span class='ocr_line' id='line_1_114' title="bbox 2183 5403 3767 5482; baseline 0.022 -37"><span class='ocrx_word' id='word_1_834' title='bbox 2183 5409 2292 5475; x_wconf 72' lang='lat'>(57)</span> <span class='ocrx_word' id='word_1_835' title='bbox 2329 5403 2544 5482; x_wconf 68' lang='lat' dir='ltr'>Virgini</span> <span class='ocrx_word' id='word_1_836' title='bbox 2565 5403 2928 5482; x_wconf 34' lang='lat' dir='ltr'>scilicet-aq</span> <span class='ocrx_word' id='word_1_837' title='bbox 2958 5405 3013 5458; x_wconf 93' lang='lat' dir='ltr'>S.</span> <span class='ocrx_word' id='word_1_838' title='bbox 3040 5403 3486 5482; x_wconf 25' lang='lat' dir='ltr'>_._losepb0.,-ejl15</span> <span class='ocrx_word' id='word_1_839' title='bbox 3519 5429 3767 5482; x_wconf 63' lang='lat' dir='ltr'>SPODSO.</span> 
     </span>
    </p>
   </div>
   <div class='ocr_carea' id='block_1_114' title="bbox 2111 5473 3768 5554">
    <p class='ocr_par' dir='ltr' id='par_1_114' title="bbox 2111 5473 3768 5554">
     <span class='ocr_line' id='line_1_115' title="bbox 2111 5473 3768 5554; baseline 0.004 -23"><span class='ocrx_word' id='word_1_840' title='bbox 2111 5473 2582 5554; x_wconf 70' lang='lat' dir='ltr'>auctarapplicat</span> <span class='ocrx_word' id='word_1_841' title='bbox 2598 5488 2730 5525; x_wconf 89' lang='lat' dir='ltr'>cum</span> <span class='ocrx_word' id='word_1_842' title='bbox 2746 5473 2880 5554; x_wconf 80' lang='lat' dir='ltr'>aliis</span> <span class='ocrx_word' id='word_1_843' title='bbox 2894 5473 3352 5554; x_wconf 30' lang='lat' dir='ltr'>Patr-ibusfquod</span> <span class='ocrx_word' id='word_1_844' title='bbox 3372 5473 3527 5554; x_wconf 75' lang='lat' dir='ltr'>apud</span> <span class='ocrx_word' id='word_1_845' title='bbox 3553 5473 3768 5538; x_wconf 81' lang='lat' dir='ltr'>lsaiam</span> 
     </span>
    </p>
   </div>
   <div class='ocr_carea' id='block_1_115' title="bbox 2112 5547 3768 5618">
    <p class='ocr_par' dir='ltr' id='par_1_115' title="bbox 2112 5547 3768 5618">
     <span class='ocr_line' id='line_1_116' title="bbox 2112 5547 3768 5618; baseline 0.005 -17"><span class='ocrx_word' id='word_1_846' title='bbox 2112 5548 2692 5618; x_wconf 71' lang='lat' dir='ltr'>legitur(eap._xxlx,</span> <span class='ocrx_word' id='word_1_847' title='bbox 2755 5547 2880 5613; x_wconf 78' lang='lat' dir='ltr'>ii):</span> <span class='ocrx_word' id='word_1_848' title='bbox 2945 5549 3062 5604; x_wconf 80' lang='lat' dir='ltr'>Erit</span> <span class='ocrx_word' id='word_1_849' title='bbox 3127 5547 3276 5605; x_wconf 83' lang='lat' dir='ltr'>vobis</span> <span class='ocrx_word' id='word_1_850' title='bbox 3325 5547 3459 5607; x_wconf 77' lang='lat' dir='ltr'>visio</span> <span class='ocrx_word' id='word_1_851' title='bbox 3519 5555 3768 5610; x_wconf 79' lang='lat' dir='ltr'>omnium</span> 
     </span>
    </p>
   </div>
   <div class='ocr_carea' id='block_1_116' title="bbox 2109 5616 3770 5690">
    <p class='ocr_par' dir='ltr' id='par_1_116' title="bbox 2109 5616 3770 5690">
     <span class='ocr_line' id='line_1_117' title="bbox 2109 5616 3770 5690; baseline 0.007 -19"><span class='ocrx_word' id='word_1_852' title='bbox 2109 5616 2248 5690; x_wconf 74' lang='lat' dir='ltr'>sicut</span> <span class='ocrx_word' id='word_1_853' title='bbox 2277 5617 2443 5690; x_wconf 77' lang='lat' dir='ltr'>verba</span> <span class='ocrx_word' id='word_1_854' title='bbox 2475 5616 2604 5669; x_wconf 82' lang='lat' dir='ltr'>libri</span> <span class='ocrx_word' id='word_1_855' title='bbox 2633 5618 2862 5686; x_wconf 84' lang='lat' dir='ltr'>signati,</span> <span class='ocrx_word' id='word_1_856' title='bbox 2895 5636 3054 5690; x_wconf 87' lang='lat' dir='ltr'>quem</span> <span class='ocrx_word' id='word_1_857' title='bbox 3086 5639 3207 5678; x_wconf 88' lang='lat' dir='ltr'>cum</span> <span class='ocrx_word' id='word_1_858' title='bbox 3260 5624 3509 5677; x_wconf 77' lang='lat' dir='ltr'>dederint</span> <span class='ocrx_word' id='word_1_859' title='bbox 3567 5627 3770 5682; x_wconf 83' lang='lat' dir='ltr'>scienti</span> 
     </span>
    </p>
   </div>
   <div class='ocr_carea' id='block_1_117' title="bbox 2111 5689 3768 5765">
    <p class='ocr_par' dir='ltr' id='par_1_117' title="bbox 2111 5689 3768 5765">
     <span class='ocr_line' id='line_1_118' title="bbox 2111 5689 3768 5765; baseline 0.006 -21"><span class='ocrx_word' id='word_1_860' title='bbox 2111 5689 2350 5755; x_wconf 78' lang='lat' dir='ltr'>litteras,</span> <span class='ocrx_word' id='word_1_861' title='bbox 2381 5689 2564 5765; x_wconf 74' lang='lat' dir='ltr'>dicent</span> <span class='ocrx_word' id='word_1_862' title='bbox 2595 5703 2613 5742; x_wconf 91' lang='lat'><strong><em>:</em></strong></span> <span class='ocrx_word' id='word_1_863' title='bbox 2646 5691 2786 5760; x_wconf 82' lang='lat' dir='ltr'>Lege</span> <span class='ocrx_word' id='word_1_864' title='bbox 2843 5689 3010 5749; x_wconf 77' lang='lat' dir='ltr'>istum</span> <span class='ocrx_word' id='word_1_865' title='bbox 3046 5712 3068 5760; x_wconf 84' lang='lat'><strong><em>;</em></strong></span> <span class='ocrx_word' id='word_1_866' title='bbox 3099 5701 3151 5751; x_wconf 79' lang='lat' dir='ltr'>et</span> <span class='ocrx_word' id='word_1_867' title='bbox 3197 5693 3547 5765; x_wconf 77' lang='lat' dir='ltr'>respondebit</span> <span class='ocrx_word' id='word_1_868' title='bbox 3577 5713 3594 5752; x_wconf 92' lang='lat'><strong><em>:</em></strong></span> <span class='ocrx_word' id='word_1_869' title='bbox 3645 5699 3768 5754; x_wconf 87' lang='lat' dir='ltr'>Non</span> 
     </span>
    </p>
   </div>
   <div class='ocr_carea' id='block_1_118' title="bbox 2103 5761 2937 5832">
    <p class='ocr_par' dir='ltr' id='par_1_118' title="bbox 2103 5761 2937 5832">
     <span class='ocr_line' id='line_1_119' title="bbox 2103 5761 2937 5832; baseline 0.005 -14"><span class='ocrx_word' id='word_1_870' title='bbox 2103 5776 2346 5832; x_wconf 74' lang='lat' dir='ltr'>possum,</span> <span class='ocrx_word' id='word_1_871' title='bbox 2379 5761 2632 5830; x_wconf 83' lang='lat' dir='ltr'>signatus</span> <span class='ocrx_word' id='word_1_872' title='bbox 2661 5769 2743 5818; x_wconf 81' lang='lat' dir='ltr'>est</span> <span class='ocrx_word' id='word_1_873' title='bbox 2774 5765 2937 5823; x_wconf 81' lang='lat' dir='ltr'>enim.</span> 
     </span>
    </p>
   </div>
  </div>
