4090 6208
356 305 442 364 ιθ

1210 297 1474 359 SERMO
1519 298 1610 359 IN
1653 293 2397 358 PRZESENTATIONEM
2443 295 2514 357 B.
2560 295 2635 356 ν.
2682 293 2983 358 MARIIE.
3726 309 3808 370 βο

367 437 592 496 merito
624 434 786 490 inter
814 429 1062 488 nomina
1087 435 1454 502 censeretur,
1488 448 1618 504 qua:
1650 431 1880 505 aptiora
1910 429 1984 487 ad
2040 429 2340 486 ineﬂ‘abile
2399 430 2511 486 hoc
2561 428 2663 485 Dei
2716 428 3079 488 domicilium
3137 429 3568 505 designandum
3606 439 3802 501 videri

380 528 621 584 debent.

1827 610 1850 628 )I

457 618 509 674 Γ.
544 616 695 668 Aemi)
728 609 786 667 δέ
820 631 918 682 μοι
949 610 1039 665 καὶ
1078 613 1263 678 τοῦτο,
1296 610 1370 672 ὡς
1405 609 1468 664 οὐ
1511 614 1612 678 τῆς
1657 607 1783 680 ῗ¹σης
1823 610 1881 664 ἄν
1931 607 2022 664 ένει

2218 613 2292 666 Χ.
2335 609 2484 665 Illud
2534 610 2782 680 insuper
2828 627 3175 682 persuasum
3223 613 3435 684 habeo,
3497 634 3798 679 summum

385 711 592 784 φορεῖτο
630 702 893 764 Bromia;
936 702 966 756 6
1013 702 1149 770 ἅπαξ
1198 701 1264 754 τὲ
1315 697 1482 754 ἄδυτα
1530 698 1713 754 εἶσιὼν
1773 701 2040 778 ἱεράρχης

383 795 570 862 ἐκεῖνα,
607 799 713 862 τῆς
766 813 825 848 τε
873 785 1283 865 παμϐασιλίδος
1326 795 1444 852 τοῖς
1493 788 1719 851 οἷ’κείοις
1760 789 2040 864 παρούσης

361 881 699 956 βασιλείοις,
732 881 823 936 καὶ
877 881 968 936 ὅτε
1013 881 1089 952 μη
1140 880 1286 934 τοῦτ’
1333 877 1595 955 ἐγίγνετοο
1647 876 1794 933 ἀλλὰ
1841 875 2040 951 πολλῷ

353 974 687 1046 κρείττονος
748 968 822 1024 δι’
898 969 1072 1025 έκεῖνο
1162 966 1477 1048 μετειλήφει
1558 967 1788 1042 θεωρίας
1845 968 1880 1038 ἢ
1938 973 2038 1036 τῆς

347 1062 675 1132 Δεσποίνης
706 1061 982 1131 ἀπούσης·
1003 1059 1159 1117 Ἐπεὶ
1190 1060 1294 1135 γὰρ
1352 1058 1569 1114 πάντων
1611 1057 1912 1134 ἀνθρώπων
1944 1057 2036 1112 καὶ

343 1152 648 1227 ἱεραρχῶν
712 1149 769 1221 ἐξ
819 1148 1060 1226 ἀνάγκης
1109 1147 1476 1222 πλησιεστέρα
1533 1151 1670 1220 Θεῷ,
1732 1145 1846 1203 οὐδ’
1909 1146 2034 1202 ὅσον

344 1242 536 1298 εἷπεῑν
588 1239 822 1310 ἔνεστιν,
881 1241 917 1309 ἠ
979 1238 1273 1314 Ηαρθένος,
1331 1237 1612 1314 ἀναλόγως
1675 1238 1768 1293 καὶ
1821 1238 2036 1293 πάντων

346 1331 622 1388 ἒπὲκεινα
681 1331 975 1405 θεαμάτων
1027 1327 1086 1383 ἄν
1175 1327 1403 1403 ὑψηλῶν
1491 1327 1783 1404 ἐτύγχανεν
1843 1328 2032 1401 εὑμοι-

348 1426 549 1496 ροῦσα·
587 1423 651 1484 ὃς
682 1417 730 1474 δ’
783 1419 966 1491 ἐκείνῃ
998 1421 1185 1490 συνῆν,
1244 1416 1596 1487 τηλικούτων
1649 1411 2034 1491 ἆπολαϐοόσῃ,

350 1509 607 1585 βελτίων
669 1508 733 1565 ἄν
789 1509 857 1577 ἧν
917 1508 1112 1563 ἑαυτοῦ
1188 1508 1430 1575 πάντως,
1514 1505 1752 1581 καθάπερ
1838 1505 2034 1584 φώτων

351 1600 492 1675 ὑπὲρ
558 1598 841 1673 βασιλέως
895 1600 1271 1673 προκειμένων
1322 1597 1714 1676 φωτεινότερον
1774 1597 1831 1652 οἱ
1889 1616 2032 1671 παρ-

347 1692 504 1752 όντες
540 1691 770 1761 ὁρῶσιν.

347 1807 620 1864 prorsus
651 1807 714 1845 se
746 1789 878 1860 ipso
911 1788 1106 1860 aptior
1136 1785 1380 1843 evadere
1413 1785 1639 1856 debuit,
1672 1801 1794 1842 non
1824 1800 1994 1842 secus
2034 1800 2101 1840 ac

352 1885 510 1951 quot
547 1885 882 1952 praesentes
912 1878 1149 1946 adsunt,
1184 1878 1404 1934 clarius
1434 1877 1652 1934 vident.

435 1970 558 2025 IA'.
590 1966 741 2024 ’Δλλ’
775 1966 1047 2040 ὑμνητέον
1080 1968 1274 2042 μικρὸν
1305 1963 1504 2021 ἄνωθεν
1551 1966 1620 2021 τὰ
1664 1963 1789 2040 περί
1840 1962 2030 2036 αὐτὴν,

353 2059 425 2113 ἵν’
454 2058 567 2114 ἀπὸ
601 2064 702 2127 τῆς
750 2058 899 2120 θείας
950 2057 1116 2126 αὐτῆς
1168 2056 1219 2110 έν
1273 2057 1380 2131 βίῳ
1415 2053 1657 2132 προόδου
1703 2055 1778 2117 εἷς
1808 2055 1907 2124 τήν
1957 2053 2033 2114 εἷς

345 2146 420 2204 τὰ
451 2149 629 2221 Ἀγια
659 2149 768 2201 τῶν
814 2147 990 2224 ἁγίων
1045 2142 1256 2201 εἴσοδον
1309 2145 1626 2211 ἀκολούθως
1659 2146 1687 2201 6
1717 2142 1885 2220 λόγος
1932 2142 2029 2211 τὴν

345 2239 642 2313 Πάναγνον
676 2240 818 2314 φέρῃ
832 2279 844 2292 .

421 2500 697 2551 Γεννᾶται
729 2494 915 2550 τοίνυν
942 2494 1005 2549 τὸ
1055 2493 1442 2568 διαυγέστατον
1469 2496 1636 2548 τοῦτο
1689 2490 1918 2563 κάλλος,
1967 2493 2029 2548 τὸ

358 2587 814 2641 Θεοπτικώτατον
899 2581 1182 2660 ἔσοπτρον,
1271 2583 1336 2638 τὸ
1403 2579 1771 2638 Θεοιδέστατον
1826 2581 2030 2637 κάτοπ-

357 2696 520 2751 τρον,
580 2677 618 2743 ἡ
667 2671 993 2746 θεολαμπής
1039 2671 1234 2746 αἲγλη,
1285 2674 1321 2742 ἡ
1354 2673 1649 2747 θεοτερπής
1691 2669 2027 2745 λαμπηδὼν,

359 2766 395 2833 ἡ
433 2764 756 2836 θεοπρεπὴς
805 2759 1032 2836 ἀγλαία,
1074 2763 1108 2830 ἡ
1141 2761 1444 2839 θεόνυμφος
1492 2761 1581 2815 καὶ
1638 2761 1856 2822 Θεόπαις
1909 2762 2026 2818 Μα-

346 2855 463 2928 ρία,
499 2852 572 2910 ἐκ
624 2851 840 2928 στείρας
895 2853 991 2925 μὲν
1032 2851 1122 2906 καὶ
1170 2850 1370 2924 ἀγόνου
1420 2850 1668 2927 γαστρὸς,
1715 2847 2028 2905 πολυτόκου

349 2940 404 2999 δί
471 2946 676 3019 ψυχῆς
733 2944 960 3015 καρπῶν
1021 2941 1340 3017 θεαρέστων,
1415 2940 1504 2994 καὶ
1583 2938 1732 3013 μάλα
1791 2939 2027 3016 γονίμου

354 3030 728 3109 γεννημάτων
795 3030 1010 3100 ἐνθέων,
1069 3029 1161 3086 καὶ
1210 3029 1294 3094 οἷς
1351 3026 1580 3108 ἔντρυφᾷ
1637 3029 1766 3092 Θεὸς
1853 3045 2030 3087 τικτο’

358 3143 573 3196 μένοις.

429 3304 546 3359 ῙΒ“.
591 3297 743 3356 Ἔδει
790 3298 892 3376 γὰρ
942 3300 1247 3374 ἡγήσασθαι
1302 3302 1466 3355 τοῦτο
1509 3298 1804 3368 κάνταῦθα,
1853 3301 1928 3364 ὡς
1967 3298 2026 3357 ἄν

364 3392 474 3449 ἀπὸ
515 3395 716 3467 μικροῦ
743 3389 1042 3463 Θαύματος,
1071 3390 1170 3458 τήν
1215 3386 1541 3444 παιδοτόκον
1593 3390 1736 3469 φημὶ
1790 3389 2024 3467 στείραν,

366 3482 429 3536 τί)
487 3481 632 3556 μέγα
676 3483 766 3535 καὶ
823 3476 1280 3554 παραδοξότατον,
1315 3479 1344 3535 6
1373 3482 1472 3544 τῆς
1519 3479 1792 3555 Παρθένου
1835 3501 2025 3536 καινο-

370 3569 648 3644 τομηθείη
706 3571 887 3640 τόκος,
948 3567 1036 3623 ἵνα
1097 3570 1183 3624 καὶ
1237 3573 1366 3632 παῖς
1419 3571 1554 3625 κατὰ
1615 3571 1823 3646 μητρὸς
1882 3568 2023 3626 οὕτω

2153 701 2542 768 sacerdotem,
2576 702 2676 773 qui
2708 702 2893 756 semel
2933 719 3040 773 per
3088 720 3309 760 annum
3361 707 3421 761 in
3471 725 3639 766 sacra
3694 712 3799 769 illa

2151 791 2481 864 penetralia
2511 791 2722 862 pedem
2766 791 3077 859 inferebat,
3130 793 3288 848 haud
3337 797 3466 868 pari
3514 815 3797 858 mensura

2152 880 2368 936 divinis
2385 880 2714 936 visionibus
2736 882 3111 937 consuevisse
3127 881 3264 953 frui,
3298 886 3535 955 quando
3557 905 3662 944 sua
3684 890 3789 947 illa

2149 971 2308 1043 regia
2321 987 2582 1042 prmsens
2598 969 2942 1024 versabatur
2955 971 3212 1026 omnium
3223 975 3540 1046 Regina,ac
3552 980 3790 1048 quando

2147 1058 2286 1114 inde
2301 1059 2430 1131 ipsa
2442 1058 2672 1126 aberat;
2692 1058 2794 1113 sed
2809 1058 2982 1131 longe
2994 1058 3236 1115 uberius
3249 1061 3792 1135 dominapreesente

2147 1165 2326 1219 quam
2340 1148 2545 1204 eadem
2559 1146 3172 1215 absente,cuelestibus
3184 1152 3640 1210 revelationibus
3653 1155 3795 1212 dita-

2145 1243 2272 1294 tum
2291 1237 2494 1293 fuisse.
2519 1238 2664 1294 Cum
2683 1237 2842 1292 enim
2867 1237 3038 1310 Virgo
3062 1255 3182 1309 prae
3203 1240 3481 1297 omnibus
3503 1243 3678 1314 plane
3695 1245 3796 1301 ho-

2145 1327 2431 1395 minibus,
2454 1343 2521 1383 ac
2542 1327 2792 1399 proinde
2812 1343 2932 1399 prae
2957 1330 3206 1385 summis
3225 1346 3460 1402 quoque
3473 1334 3794 1390 sacerdoti-

2143 1418 2569 1489 bus,quantum
2585 1432 2777 1488 neque
2796 1417 2989 1472 verbis
3013 1417 3210 1489 eloqui
3233 1419 3320 1474 fas
3337 1423 3696 1495 est,propius
3720 1424 3794 1479 ad

2145 1508 2328 1562 Deum
2351 1505 2662 1562 accederet
2685 1523 2697 1572 ;
2721 1523 2842 1578 prae
2865 1506 3143 1561 omnibus
3165 1516 3597 1580 consequenter
3613 1513 3794 1569 etiam

2145 1593 2503 1650 sublimibus
2542 1593 2868 1650 visionibus
2899 1593 3207 1650 fruebatur
3233 1597 3365 1668 (58).
3408 1599 3592 1654 Porro
3624 1600 3791 1670 quis-

2143 1685 2278 1756 quis
2305 1683 2598 1757 ejusmodi
2628 1683 2956 1738 visionibus
2985 1684 3204 1739 fruenti
3253 1702 3518 1757 prmsens
3565 1687 3796 1759 aderat,

2152 1781 2388 1855 quando
2434 1781 2756 1839 luminoria
2802 1799 2910 1854 pro
2955 1798 3090 1855 rege
3134 1784 3559 1857 accenduntur,
3610 1792 3789 1860 quot-

2213 1963 2308 2018 ΧΙ.
2343 1963 2554 2017 Verum
2612 1961 2868 2033 pretium
2920 1978 3114 2034 operas
3162 1963 3344 2019 fuerit
3400 1981 3489 2031 ea,
3539 1980 3670 2036 quae
3722 1967 3796 2022 ad

2143 2050 2335 2121 ipsam
2365 2050 2724 2121 (Deiparam)
2757 2056 3045 2123 spectant,
3079 2052 3254 2124 paulo
3277 2052 3454 2108 altius
3485 2060 3792 2126 repetere;

2143 2139 2292 2194 adeo
2325 2143 2411 2206 ut,
2443 2139 2680 2194 initium
2725 2139 2948 2194 ducens
2981 2156 3014 2194 a
3045 2141 3236 2212 primo
3285 2143 3794 2199 innocentissimus

2142 2229 2302 2283 illius
2335 2229 2397 2283 in
2446 2228 2598 2284 hanc
2648 2229 2826 2284 vitam
2883 2230 3153 2302 ingressu
3197 2230 3418 2302 divino,
3471 2248 3666 2287 sermo
3725 2251 3796 2291 ex

2055 2287 2103 2352 Β
2146 2317 2355 2372 ordine
2387 2333 2516 2373 eam
2548 2317 2621 2372 ad
2652 2318 2966 2374 introitum
2996 2318 3059 2374 in
3094 2320 3308 2376 Sancta
3327 2326 3667 2378 sanctorum
3691 2322 3792 2378 de-

2141 2406 2338 2463 ducat.

2213 2497 2539 2554 Generatur
2577 2497 2778 2570 itaque
2831 2497 3212 2570 pulchritudo
3266 2500 3393 2556 haac
3427 2500 3792 2560 divinissime

2140 2587 2459 2659 splendens
2491 2588 2622 2659 (59),
2657 2588 3108 2661 expressissima
3135 2591 3240 2645 Dei
3264 2590 3460 2664 imago
3486 2592 3796 2663 speculum

2139 2678 2242 2733 Dei
2276 2679 2534 2750 speciem
2559 2678 2632 2734 ad
2653 2679 2848 2734 vivum
2879 2679 3166 2748 referens,
3200 2680 3484 2752 splendor
3503 2681 3786 2740 divinitus

2140 2768 2425 2836 emicans,
2451 2766 2632 2839 jubar
2661 2768 2778 2822 Deo
2810 2768 3239 2840 gratissimum,
3271 2775 3549 2826 venustas
3592 2773 3778 2828 Deum

2140 2855 2494 2922 condecens,
2519 2856 2620 2910 Dei
2640 2873 2877 2927 sponsa,
2903 2863 2960 2911 et
2991 2858 3092 2911 Dei
3115 2857 3238 2911 ﬁlia
3260 2860 3474 2927 Maria;
3501 2876 3572 2914 ex
3593 2869 3780 2917 matre

2140 2945 2327 3002 sterili
2361 2945 2602 3017 quidem
2633 2950 2803 3001 utero
2835 2951 2893 3001 et
2931 2945 3288 3017 infecunda,
3335 2962 3538 3003 verum
3591 2949 3787 3020 quoad

2139 3036 2401 3092 animam
2423 3035 2720 3091 fructuum
2743 3035 2862 3090 Deo
2875 3035 3240 3109 placentium
3258 3035 3788 3108 fcecundissima,et

2138 3126 2472 3198 germinum
2532 3125 2885 3196 divinorum,
2945 3141 3199 3198 quorum
3257 3130 3433 3199 partu
3474 3125 3788 3184 deliciatur

2139 3217 2313 3282 Deus,
2347 3214 2733 3271 feracissima.

2207 3305 2329 3362 XII.
2361 3305 2552 3360 Etiam
2584 3305 2679 3360 hic
2711 3321 2908 3376 porro,
2940 3321 3070 3361 eam
3102 3305 3320 3361 servari
3347 3305 3592 3363 decebat
3620 3324 3785 3364 asco-

2137 3394 2424 3462 nomiam,
2447 3399 2512 3449 ut
2534 3411 2564 3449 e
2587 3394 2804 3450 minori
2825 3395 3134 3463 miraculo,
3161 3395 3380 3452 sterilis
3395 3395 3667 3454 videlicet
3687 3415 3786 3472 pa-

2135 3483 2368 3549 rientis,
2429 3499 2709 3556 magnum
2778 3483 2926 3539 illud
2987 3489 3162 3556 atque
3251 3501 3490 3541 sensum
3543 3503 3784 3544 omnem

2137 3571 2567 3628 transcendens
2588 3574 2926 3648 generantis
2939 3574 3192 3647 Virginis
3214 3591 3429 3631 novum
3451 3575 3785 3649 prodigium

367 3657 655 3734 λαμπρᾶς,
716 3657 859 3714 οὕτω
919 3661 1353 3735 θαυματουργοῦ,
1404 3658 1539 3738 Ῠέρῃ
1588 3659 1655 3714 τὰ
1682 3660 2020 3735 ενικητήριαο

2140 3663 2496 3728 initiaretur,
2525 3681 2640 3737 quo
2672 3681 2885 3737 nempe
2916 3670 3169 3721 matrem
3211 3682 3448 3738 quoque
3480 3670 3602 3723 tam
3635 3667 3781 3723 insi-

354 3750 526 3807 ’Δννα
553 3749 676 3822 γὰρ,
712 3751 746 3819 ἡ
783 3749 917 3821 μετὰ
953 3746 1133 3823 βραχὺ
1165 3745 1530 3811 καλλίπαιδος
1569 3750 1754 3826 μήτηρ
1809 3747 2014 3820 ἐκείνη,

358 3839 449 3895 καὶ
481 3838 740 3911 Ἰωακεὶμ
772 3838 800 3892 6
832 3837 1152 3910 θαυμάσιος,
1213 3837 1275 3891 τὸ
1325 3835 1608 3901 θεόλεκτον
1662 3838 1750 3893 καὶ
1807 3835 2017 3894 δικαιόσι

348 3948 514 3984 τατον
573 3931 791 4002 ζεῦγος,
852 3924 1031 3982 τᾶλλα
1098 3928 1193 4001 μὶν
1248 3924 1463 3982 πάντων
1523 3926 1600 3989 εἷς
1663 3925 2014 4002 ε·ῗ›δαιμονίαν

2127 3770 2325 3827 gnem,
2358 3758 2600 3824 tamque
2659 3752 2876 3809 claram
2924 3754 3231 3810 miraculis
3282 3754 3406 3810 ﬁlia
3449 3760 3778 3828 superaret.

2129 3843 2239 3900 Illa
2269 3842 2561 3914 siquidem
2594 3845 2780 3911 Anna,
2815 3859 2945 3913 qua)
2999 3842 3215 3898 deinde
3267 3843 3549 3914 speciosae
3598 3845 3779 3915 hujus

2133 3931 2347 4003 puellae
2380 3936 2570 3987 mater
2617 3931 2819 4000 evasit,
2869 3935 2927 3986 et
2972 3929 3359 3986 admirandus
3408 3931 3780 4020 Joachimus’

1713 4058 1857 4118 Ant.
1890 4057 2185 4122 Ballerini
2215 4063 2404 4122 notae.

425 4196 539 4266 (58)
591 4193 853 4266 Levioris
909 4190 1207 4266 momenti
1244 4188 1429 4266 videri
1486 4193 1826 4266 potuerunt,
1881 4208 2012 4266 qum

361 4260 564 4322 auctor
593 4265 779 4320 habet
800 4265 872 4319 de
913 4267 1117 4319 sancta
1149 4261 1403 4333 Virgine,
1436 4260 1658 4333 crebris
1691 4260 2013 4319 visionibus

363 4336 1062 4405 cmlestibus,divinisque
1085 4331 1545 4405 revelationibus
1572 4333 2014 4403 perfruente.At

367 4426 480 4464 non
508 4410 656 4465 levis
691 4403 1273 4480 profecto—momenti
1306 4410 1396 4460 est
1443 4403 1732 4473 doctrina,
1767 4406 1860 4461 cui
1915 4406 2015 4480 illa

363 4479 1346 4554 quodammodosuperstruuntur,
1397 4493 1697 4547 quamque
1728 4493 1763 4531 a
1792 4479 2013 4533 sanctis

357 4549 634 4608 Ecclesiae
647 4552 808 4606 Patri
821 4549 927 4606 bus
942 4566 1045 4604 seu
1067 4549 1459 4620 praestitutam
1474 4563 1580 4602 seu
1593 4555 2012 4620 prmsumptam

353 4626 616 4696 reperire
650 4629 764 4696 est,
799 4622 899 4696 ubi
931 4619 1312 4696 dequapiam
1353 4619 1742 4696 praerogativa
1795 4619 2011 4696 Virgini

357 4690 715 4752 vindicanda
745 4695 958 4758 agitur.
992 4690 1271 4758 Quaenam
1292 4708 1425 4745 vero
1457 4707 1526 4746 ea
1559 4695 1647 4745 est
1695 4690 2014 4748 doctrina?

356 4769 648 4824 Nimirum
681 4762 917 4822 nullum
951 4764 1184 4820 cceleste
1236 4762 1479 4836 donum,
1530 4762 1761 4836 nullum
1809 4764 2012 4836 gratiae

357 4856 574 4896 munus
605 4837 1101 4910 tamqprzeclarum
1127 4841 1363 4910 tamque
1388 4834 1677 4910 e_ximium_
1696 4834 2012 4910 excogitari

359 4929 550 4984 posse,
585 4905 1539 4984 quod:eminentissimauuadam
1571 4907 1796 4984 ratione
1819 4905 2012 4984 Maria

361 4977 640 5039 collatum
669 4980 999 5037 existimari
1031 4996 1152 5034 non
1183 4977 1414 5033 debeat.
1449 4978 1588 5043 Quae
1631 4978 1868 5048 quidem
1902 4978 2010 5033 do-

2123 4197 2356 4248 tantum
2390 4208 2509 4247 non
2530 4191 2605 4248 ad
2627 4191 2981 4263 quisquilias
3014 4191 3492 4263 rejiciant.Suam
3508 4191 3776 4263 ipsorum

2124 4265 2351 4320 scilicet
2383 4261 2679 4319 inscitiam
2703 4261 3039 4318 luculenter
3067 4261 3346 4332 produnt,
3380 4278 3516 4318 cum
3532 4261 3776 4320 subtili-

2123 4335 2346 4391 tatibus
2378 4335 2744 4390 scholasticis
2786 4333 2935 4388 illud
2977 4333 3310 4404 argumenti
3345 4349 3534 4404 genus
3565 4350 3777 4392 accen-

2123 4411 2277 4474 sent,
2309 4405 2466 4478 quod
2499 4405 2655 4478 apud
2687 4410 2921 4460 sanctos
2952 4404 3227 4478 Ecclesiae
3259 4406 3462 4478 Patres
3493 4409 3775 4478 receptis-

2123 4475 2342 4533 simum
2371 4475 2552 4531 fuisse
2585 4476 2879 4548 ignorant,
2913 4481 3014 4530 aut
3057 4475 3456 4548 dissimulant.
3509 4475 3675 4544 Quod
3723 4479 3774 4536 si

2123 4548 2392 4621 ejusdem
2422 4547 2756 4621 argumenti
2773 4547 2903 4621 vim
2935 4563 3003 4621 ac
3035 4547 3355 4621 robur__vix
3403 4553 3505 4604 aut
3552 4566 3628 4605 ne
3678 4551 3771 4606 vix

2123 4619 2364 4693 quidem
2417 4619 2618 4676 revera
2672 4619 3124 4693 ipsigsentiunt,
3176 4619 3330 4693 nihil
3377 4637 3519 4693 sane
3563 4638 3770 4693 aequus

2121 4691 2321 4749 rerum
2355 4693 2679 4748 aestimator
2705 4691 2984 4765 ambiget,
3015 4691 3073 4765 i_d
3098 4707 3218 4747 non
3249 4692 3335 4747 rei
3366 4692 3477 4765 ipsi
3503 4691 3778 4765 Patribus

2123 4765 2320 4819 minus
2369 4770 2690 4836 perspecta:
2749 4763 3171 4836 deputandum
3215 4763 3521 4836 essefsed
3572 4765 3767 4836 verius

2123 4836 2320 4892 hebeti
2353 4833 2601 4890 istorum
2634 4833 2842 4897 menti,
2877 4835 3000 4905 qui,
3033 4833 3178 4905 quid
3209 4835 3320 4889 sibi
3379 4837 3475 4891 Dei
3516 4835 3770 4892 Genitrim

2122 4908 2283 4978 velit,
2317 4907 2527 4978 quidve
2563 4906 2872 4962 tremenda
2896 4905 3027 4962 haec
3075 4905 3328 4978 dignitas
3373 4907 3584 4978 merito
3632 4923 3775 4976 pos-

2124 4976 2293 5043 tulet,
2326 4976 2400 5034 ne
2430 4978 2830 5049 remotissime
2854 4978 3096 5048 quidem
3129 4976 3478 5049 suspicando
3509 4993 3680 5046 pares
3708 4992 3771 5032 se

364 5056 547 5110 ctrina
579 5070 764 5126 quam
794 5053 911 5109 late
941 5056 1158 5126 pateat,
1196 5041 1490 5126 quibusve
1526 5041 1890 5126 argumentis
1942 5067 2012 5105 ex
2043 5041 2090 5107 Β
2121 5041 2420 5126 exstitisse
2450 5051 2647 5126 palam
2679 5041 2925 5126 faciunt.

369 5126 502 5196 ipsis
531 5121 672 5182 ﬁdei
706 5132 926 5181 nostra;
943 5121 1268 5194 principiis
1301 5137 1412 5196 per
1457 5122 1660 5196 P_atre_s
1711 5121 2009 5196 firmetur,

369 5191 773 5254 commentarii
806 5191 1004 5268 potius
1037 5191 1216 5268 quam
1248 5191 1469 5268 netulaa
1483 5191 1665 5246 fuerit
1693 5191 2010 5250 disserere.

368 5269 509 5325 Illud
541 5269 787 5324 interim
810 5267 1268 5340 perpenderene
1292 5267 1628 5340 praetereas,
1649 5269 2013 5340 quantopere

363 5340 400 5394 ii
423 5348 479 5395 et
508 5334 977 5412 decipiant-urget
1003 5337 1322 5412 decipiant,
1358 5335 1457 5412 qui
1493 5351 1627 5412 cum
1662 5334 1744 5412 _de
1771 5334 2012 5412 sanctas

363 5413 610 5485 Virginis
647 5405 978 5485 privilegiis
1031 5425 1097 5485 ac
1138 5405 1455 5478 'speciatim
1501 5405 1577 5485 de
1622 5405 1890 5477 ejusdem
1940 5407 2012 5485 ab

363 5481 628 5557 originali
652 5481 803 5557 vitio
837 5481 1213 5557 immunitate
1262 5494 1457 5557 sermo
1498 5483 1604 5541 est,
1667 5483 2016 5557 argumenta

363 5550 643 5628 theologis
675 5555 918 5628 usitata,
954 5557 1012 5606 et
1043 5568 1076 5628 ιι
1106 5550 1379 5628 decentia
1424 5565 1528 5628 seu
1582 5550 2013 5628 convenientia,

2192 5122 2306 5199 (5}?)
2327 5115 2579 5199 Inspice,
2604 5122 2796 5199 qualis
2819 5120 2994 5199 asuis
3013 5119 3205 5199 ipsius
3232 5115 3572 5197 primordiis
3589 5116 3770 5199 Maria

2123 5194 2310 5267 oculis
2342 5193 2560 5267 nostris
2591 5193 2961 5267 e_xhibeatur.
2995 5194 3084 5244 An
3116 5204 3250 5267 vero
3281 5193 3595 5267 animatae;
3645 5193 3769 5260 pri-

2123 5266 2326 5322 mitiva
2363 5265 2495 5320 labe
2528 5263 2775 5319 deformi
2808 5276 3134 5334 consonum
3153 5258 3353 5334 fuerit,
3378 5258 3770 5334 ut‘divinaap-

2124 5337 2381 5409 pelletur
2410 5334 2790 5409 pulchritudo
2816 5333 2844 5387 ‘?
2874 5349 2948 5386 an
2991 5330 3129 5409 Adae
3179 5328 3769 5409 ter_re_ni__imagi_nein

2123 5400 2349 5479 gerenti
2371 5400 2664 5479 congruit,
2689 5410 2753 5459 ut
2776 5402 3231 5479 expressissima
3247 5401 3350 5456 Dei
3381 5400 3770 5479 dicaturima-

2125 5472 2247 5559 go“?
2279 5494 2353 5559 an
2399 5472 2658 5559 tenebris
2718 5472 2942 5555 peccati
3000 5472 3312 5559 obvolutae,
3374 5480 3440 5558 ut
3495 5476 3777 5559 splendor

2125 5545 2413 5604 habeatur
2441 5545 2721 5601 divinitus
2763 5545 3074 5600 emicans?
3131 5562 3207 5600 an
3258 5546 3376 5600 Deo
3427 5545 3647 5614 invisas,
3709 5553 3773 5602 ut

364 5631 424 5683 ut
453 5615 643 5701 aiunt,
677 5627 879 5699 ducta,
906 5615 1075 5698 parvi
1106 5622 1254 5680 adeo
1305 5621 1565 5695 pendere
1605 5620 1897 5693 videntur,
1950 5626 2018 5678 ut
2116 5620 2296 5695 jubar
2326 5620 2444 5676 Deo
2474 5616 2876 5694 gratissimum
2909 5622 2965 5676 et
2995 5617 3096 5675 Dei
3131 5615 3250 5675 filia
3271 5617 3614 5676 nominetur
3637 5618 3664 5673 ?
