4030 6212
307 437 316 446 .
341 358 414 418 81
1523 349 1816 411 ISIDORI
1859 347 2617 414 TIIESSALONICENSIS
3681 357 3762 418 52

307 484 314 488 ’
341 509 450 568 par
479 489 760 548 divinitus
792 489 1045 547 electum
1075 505 1142 544 ac
1167 483 1592 559 justissimum,
1624 483 1734 540 etsi
1785 483 1980 556 quoad

2103 481 2374 558 ἰκράτουνο
2409 482 2546 560 πρὸς
2584 480 2642 540 δὲ
2671 505 2735 561 γε
2763 481 3117 541 παιδοποιίαις
3145 485 3394 557 πενήτων
3437 484 3754 564 ἠλέγχοντο

346 587 560 640 caetera
585 597 792 639 omnes
823 579 1114 636 felicitate
1161 575 1488 644 vincerent,
1533 573 1728 646 quoad
1775 573 1996 628 liberos

351 678 554 730 tamen
583 669 906 745 gignendos
935 664 1238 738 quibusvis
1279 663 1480 737 egenis
1502 663 1862 719 infeliciores
1892 680 2002 719 no-

357 763 656 819 tabantur.
692 759 838 814 Hinc
867 771 1003 812 vero
1035 754 1416 827 quotidianus
1449 770 1519 808 ex
1543 753 1844 826 justorum
1865 753 2002 810 illo-

353 869 488 909 rum
521 848 708 906 oculis
732 846 1130 917 lacrymarum
1154 843 1346 899 imber
1369 841 1830 908 deﬂuebat,hinc
1853 842 2000 898 assi-

350 941 482 996 duae
514 936 904 1008 erumpebant
933 934 1267 1007 purissimae
1297 949 1525 1005 preces,
1555 932 1696 988 hinc
1725 932 1832 988 illa
1860 949 2000 1004 quo-

349 1046 484 1101 que,
536 1025 730 1100 qualis
779 1041 816 1082 a
851 1024 972 1081 Deo
1027 1039 1334 1094 nunquam
1392 1021 1738 1094 despicitur,
1792 1021 1896 1078 sed
1937 1023 2002 1080 in

2105 568 2544 649 δυστυχέστεροι·
2597 569 2738 638 ἔνθεν
2795 595 2884 631 τοι
2939 575 3028 630 καὶ
3087 573 3332 650 ῥεύματα
3376 576 3472 650 μὶν
3532 576 3758 654 ἀπέῤῥει

2108 660 2354 738 δακρύων
2388 663 2656 739 ὁσημέραι
2713 669 2823 720 τῶν
2881 661 3104 720 δικαίων
3157 663 3459 739 ὀφθαλμῶν
3513 665 3752 737 ὶκείνων,

2110 753 2286 828 συχνὴ
2319 749 2366 807 δ’
2413 753 2746 827 ἀνεπέμπετο
2803 749 2985 824 δέησις
3027 751 3316 819 θολώσεως
3365 751 3618 830 ἄμικτος,
3663 757 3756 813 καὶ

2112 841 2227 897 οἲαν
2267 839 2390 897 οὕτε
2441 842 2572 906 Θεὸς
2605 848 2840 919 παρορᾷ,
2883 844 2974 900 καὶ
3023 843 3098 908 ὡς
3147 844 3326 919 ὀσμὴν
3375 841 3604 908 εὐωδίας
3653 847 3756 922 ὁρᾷ

2110 929 2412 1008 ἐπαγγελία
2443 926 2784 1006 συμϐολαίου
2823 933 3022 998 παντὸς
3071 932 3381 1010 πιστοτέρα,
3428 936 3490 992 τὸ
3543 937 3753 1012 τεχθη-

2113 1019 2340 1096 σόμενον
2373 1019 2684 1078 ἀντιδώσειν
2716 1027 2796 1097 τῷ
2827 1019 3110 1082 δεδωκότι.

351 1117 598 1176 odorem
631 1114 936 1174 suavitatis
965 1113 1320 1183 admittitur,
1360 1113 1696 1186 promissio,
1749 1129 2107 1188 quocunque
2139 1113 2256 1171 alio
2286 1119 2458 1188 pacto
2505 1114 2754 1184 ﬁrmior,
2803 1116 3055 1190 prolem,
3105 1115 3156 1174 si
3212 1133 3345 1190 qua
3389 1123 3758 1192 nasceretur,

348 1223 413 1265 se
441 1206 690 1264 donanti
722 1205 946 1263 donum
976 1202 1335 1260 reddituros.

425 1297 575 1353 XIII.
609 1296 652 1351 Ο
680 1310 816 1350 vere
843 1293 1038 1366 justas
1087 1309 1318 1366 preces,
1351 1309 1482 1364 quas
1530 1291 1840 1349 velocitate
1895 1308 2001 1349 sua

349 1402 591 1444 omnem
621 1400 955 1458 pennarum
983 1381 1242 1441 volatum
1285 1387 1640 1455 superantes
1686 1387 2003 1456 penetrant

350 1477 549 1546 cmlos,
581 1475 656 1532 ad
685 1477 874 1532 Deum
903 1472 1278 1531 conﬁdenter
1305 1471 1620 1542 accedunt,
1653 1477 1712 1527 et
1751 1473 1824 1527 ab
1850 1473 2000 1545 ipso,

352 1583 485 1638 quae
501 1564 830 1638 postulant,
858 1579 994 1620 cum
1035 1559 1249 1635 gaudio
1272 1560 1608 1633 reportant!
1633 1560 1676 1616 Ο
1699 1560 1878 1616 corda
1901 1559 2006 1616 illa

2183 1295 2282 1352 II“.
2315 1291 2478 1352 Ἀλλ’
2535 1291 2580 1348 ὥ
2638 1291 2849 1357 δικαίας
2886 1291 3081 1373 εύχῆς,
3138 1292 3334 1369 πτερὸν
3394 1294 3535 1351 ἅπαν
3591 1292 3752 1372 ἦλεγ-

2113 1383 2324 1460 χούσης
2379 1387 2461 1457 τῷ
2511 1383 2698 1460 τάχει,
2759 1383 2893 1458 ὑπὲρ
2972 1383 3230 1459 οὐρανοὺς
3303 1382 3580 1454 ἆνιούσης,
3641 1389 3758 1460 Θιῷ

2112 1474 2452 1549 προσιούσης
2485 1471 2847 1550 Θαρῥούντως.
2904 1471 2998 1528 καὶ
3054 1477 3184 1548 παρ’
3227 1471 3394 1530 αὖτοῦ
3449 1471 3759 1550 προσδεχο-

2120 1563 2286 1637 μένης
2317 1560 2497 1634 ἡδέως
2529 1564 2542 1621 l
2574 1564 2639 1618 Ὠ
2681 1559 2918 1641 καρδιῶν
2968 1561 3208 1634 ἐκείνων,
3266 1568 3476 1638 μεστῶν
3522 1563 3756 1640 καθαρό-

349 1655 630 1729 puritatis
675 1652 869 1726 plena,
925 1669 1057 1724 qua:
1082 1655 1398 1725 pr0pterea
1425 1650 1612 1706 Deum
1670 1649 1892 1721 vident,
1947 1655 1990 1705 e1

2111 1673 2300 1725 τητος,
2361 1653 2450 1708 καὶ
2507 1650 2597 1708 διὰ
2651 1656 2812 1710 τοῦτο
2881 1652 3008 1709 Θεὸν
3095 1651 3502 1728 ὀπτριζομὲνων
3564 1654 3754 1710 κάκεῖ-

353 1726 492 1802 inde
513 1743 751 1800 felicem
777 1741 1116 1798 ardentium
1131 1745 1398 1797 votorum
1421 1739 1642 1796 exitum
1660 1737 1990 1795 inveniunt!

2109 1754 2196 1808 θεν
2251 1739 2686 1821 ἀντιδεχομένων
2751 1743 2852 1814 τὴν
2941 1745 3053 1798 τῶν
3137 1726 3354 1818 θερμῶν
3435 1741 3749 1818 ἔξαλμάτων

353 1835 398 1890 Ο
426 1851 578 1907 pura
607 1831 766 1888 labia
794 1836 1035 1905 propter
1063 1832 1250 1886 Deum
1269 1835 1451 1901 mota,
1483 1846 1552 1886 ac
1572 1828 1752 1885 veluti
1786 1829 1860 1885 ad
1892 1829 2004 1886 hoc

353 1923 611 1994 condita,
641 1927 708 1980 ut
739 1923 1105 1996 praeﬁnitum
1143 1920 1493 1993 mysterium
1520 1919 1593 1976 ad
1624 1936 1830 1976 eorum
1851 1920 2002 1992 peti-

353 2015 579 2070 tionem
613 2011 998 2086 impleretur!
1033 2012 1076 2068 Ο
1109 2011 1336 2067 animas
1368 2010 1496 2066 sine
1545 2009 1798 2077 macula,
1858 2025 2004 2080 quas

353 2105 510 2161 Deus
532 2102 978 2175 acceptissimas
1007 2100 1233 2169 habuit,
1266 2100 1414 2157 adeo
1445 2105 1510 2156 ut
1539 2100 1602 2156 in
1655 2116 1860 2156 eorum
1905 2115 2003 2156 co-

353 2192 636 2265 gnatione
664 2189 894 2248 censeri
920 2188 1209 2246 voluerit!

429 2280 923 2356 Splendidissima
952 2279 1072 2335 voti
1098 2281 1400 2350 compotes
1427 2278 1598 2347 fiunt,
1631 2293 1700 2334 ac
1756 2279 2007 2352 gignunt

354 2375 636 2444 fructum,
671 2371 1184 2428 mirabilissimum
1215 2369 1387 2424 illum
1418 2386 1581 2436 sane,
1608 2370 1710 2440 qui
1738 2369 2002 2442 pulchri-

357 2463 498 2520 tudo
526 2467 586 2519 et
612 2461 792 2518 decor
822 2461 1003 2517 totius
1035 2459 1196 2516 orbis
1221 2464 1515 2516 terrarum
1546 2460 1677 2531 (60),
1711 2464 1770 2515 et
1795 2458 2002 2532 mysti-

357 2567 495 2611 cum
526 2551 878 2609 alimentum
907 2548 1088 2607 melle
1121 2565 1302 2622 supra
1333 2565 1512 2622 quam
1543 2547 1794 2623 intelligi
1818 2547 2007 2621 possit

359 2645 612 2718 dulcius,
646 2643 1052 2718 spectaculum
1080 2660 1204 2716 prae
1234 2642 1440 2716 quavis
1481 2641 1693 2699 arbore
1722 2641 2005 2700 umbrosa

354 2752 654 2805 recreans,
685 2740 864 2809 atque
896 2750 1136 2791 omnem
1165 2732 1857 2790 suaveolentissimorum
1888 2733 2001 2791 ﬂo-

353 2844 487 2886 rum
517 2825 769 2900 gratiam
799 2840 1182 2898 exsuperans,
1215 2822 1509 2896 apparuit.

421 2927 495 2982 Et
522 2941 666 2984 sane
687 2923 954 2994 decebat,
979 2928 1046 2979 ut
1064 2922 1150 2979 illi
1173 2922 1274 2994 qui
1300 2927 1466 2978 tanta
1483 2919 1666 2980 animi
1691 2921 2004 2979 nobilitate

352 3014 738 3089 prestabant,
771 3013 872 3085 qui
903 3011 980 3069 ad
1024 3017 1252 3068 tantam
1295 3012 1540 3084 justitim
1589 3011 2005 3069 celsitudinem

2110 1832 2443 1908 περαίωσινι
2474 1833 2544 1888 ’Ὢ
2576 1829 2813 1908 χειλέων
2844 1833 3046 1911 ἁγνῶν,
3079 1829 3170 1888 διὰ
3207 1833 3337 1890 Θεὸν
3393 1833 3752 1910 κινουμένων,

2109 1921 2201 1978 καὶ
2231 1921 2464 1998 ὡσπερεὶ
2512 1919 2602 1978 διὰ
2648 1919 2810 1978 τοῦτο
2851 1923 3264 1996 πεποιημένων,
3297 1921 3389 1980 ’ίνα
3415 1925 3480 1980 τὸ
3510 1943 3756 2001 προωρι-

2111 2008 2308 2086 σμένον
2335 2013 2635 2088 μυστήριον
2657 2011 2866 2071 τούτων
2888 2011 3222 2088 αἰτουμένων
3256 2009 3390 2090 ἐκϐῇ
3417 2016 3430 2071 ί
3470 2017 3539 2071 ’Ὠ
3561 2017 3756 2095 ψυχῶν

2110 2102 2384 2177 ἆμώμων,
2419 2097 2480 2166 ἃς
2515 2103 2868 2180 ὑπερηγάσθη
2901 2103 3054 2174 Θεὸς,
3107 2103 3200 2160 καὶ
3247 2101 3484 2162 τελέσειν
3533 2103 3613 2170 εἷς
3657 2107 3758 2176 τὴν

2107 2189 2317 2248 τούτων
2351 2192 2608 2270 ἠγάπησε
2637 2192 2949 2270 συγγένειαν
2977 2194 2990 2252 ί

2179 2284 2526 2359 Τυγχάνουσι
2586 2282 2734 2356 μάλα
2791 2287 3100 2359 περιφανῶς
3151 2289 3254 2355 τῆς
3320 2281 3608 2359 αῗτήσεως,
3664 2287 3756 2342 καὶ

2108 2371 2352 2428 τίκτουσι
2393 2372 2620 2448 καρπὸν,
2667 2375 2863 2430 τοῦτον
2913 2369 2980 2442 δὴ
3011 2373 3102 2429 τὸν
3157 2374 3490 2451 καινότερον,
3549 2374 3609 2438 ὅς
3654 2383 3756 2446 τῆς

2111 2461 2440 2536 οἰκουμένης
2498 2459 2712 2535 ἇπάσης
2794 2460 3046 2533 καλλονή
3123 2463 3214 2519 καὶ
3300 2462 3590 2537 σεμνότης,
3658 2465 3750 2521 καὶ

2107 2551 2284 2628 τροφή
2333 2553 2590 2625 μυστικὴ,
2639 2547 2865 2626 μέλιτος
2915 2551 3049 2630 ὑπὲρ
3105 2551 3224 2608 νοῦν
3271 2551 3594 2628 γλυκυτέρα,
3651 2553 3743 2609 καὶ

2108 2638 2402 2697 κατασκίου
2449 2637 2668 2716 δένδρου
2715 2641 2917 2706 παντὸς
2967 2642 3502 2722 ψυχαγωγικώτερον
3550 2643 3746 2718 θέαμα,

2105 2731 2197 2786 καὶ
2253 2728 2456 2795 ἀνθέων
2514 2733 2686 2786 πᾶσάν
2745 2728 3126 2789 εὐωδεστάτων
3204 2731 3354 2789 κάτω
3411 2733 3584 2799 τεθεὶς
3650 2732 3750 2791 πὲ-

2107 2841 2242 2900 (ρηνε
2272 2821 2456 2900 χάριν.

2177 2907 2322 2967 Ἔδει
2377 2909 2480 2987 γὰρ
2524 2911 2652 2985 μήτ’
2715 2906 2974 2985 ἒκείνους,
3029 2911 3206 2976 οὓτως
3254 2909 3492 2992 ιύγενεῖς
3518 2913 3619 2985 τὴν
3648 2916 3756 2990 ψυ-

2108 3000 2217 3076 χῆν
2273 3000 2562 3076 γεγονότας
2615 2999 2790 3064 οὕτως
2845 3001 2924 3065 εἷς
2989 3001 3153 3078 ἃκρον
3211 2998 3566 3075 δικαιοσύνης
3622 3003 3760 3076 ἔλη-

349 3087 612 3176 provecti
640 3103 898 3171 fuerant,
933 3099 1034 3172 qui
1061 3105 1225 3156 tanto
1255 3099 1452 3156 studio
1500 3101 1604 3156 Dei
1647 3099 1990 3172 obsequium

2114 3087 2374 3158 λακότας,
2401 3089 2544 3145 οὕτω
2573 3090 2776 3154 παντὸς
2815 3095 2924 3146 τῶν
2975 3090 3065 3148 ὑπ’
3113 3089 3338 3168 οὐρανὸν
3384 3093 3512 3148 Θεὸν
3565 3113 3759 3170 προτι-

353 3189 654 3256 omnibus,
687 3205 818 3259 qua:
877 3188 984 3244 sub
1033 3187 1180 3244 crelo
1228 3191 1388 3254 sunt,
1436 3188 1842 3259 praetulerant,
1899 3191 2001 3262 qui

353 3284 618 3338 mentem
649 3277 847 3334 divino
874 3277 1099 3334 lumine
1131 3276 1277 3332 adeo
1309 3276 1662 3332 illastratam
1694 3277 1996 3351 gerebant,

354 3383 476 3426 non
498 3367 676 3425 aliam
697 3367 962 3440 profecto
985 3383 1164 3438 quam
1181 3365 1354 3422 istam
1369 3365 1726 3422 sortirentur
1737 3366 1998 3439 prolem;

357 3462 416 3514 et
443 3474 651 3515 rursus
698 3455 990 3530 (decebat)
1039 3461 1104 3512 ut
1141 3456 1315 3512 beata
1361 3455 1487 3525 illa,
1541 3456 1710 3529 cujus
1766 3456 1995 3528 laudes,

357 3561 492 3602 cum
522 3543 635 3618 ipsi
664 3559 838 3618 pares
868 3541 1080 3599 afferre
1128 3559 1250 3598 non
1289 3543 1497 3614 possit,
1529 3542 1717 3599 oratio
1747 3550 1996 3616 praeter-

355 3635 559 3704 mittit,
591 3650 714 3692 non
745 3632 914 3703 alios,
947 3649 1127 3705 quam
1157 3633 1322 3702 istos,
1347 3636 1622 3705 parentes
1659 3632 1993 3693 sortiretur.

349 3724 668 3799 Oportebat
697 3725 966 3797 insuper,
997 3727 1066 3779 ut
1093 3721 1167 3779 ad
1196 3738 1577 3796 congressum
1607 3721 1802 3792 illum,
1832 3723 1992 3780 unde

345 3815 600 3890 Virginis
631 3813 940 3886 conceptio
970 3813 1282 3886 processit,
1314 3829 1436 3870 non
1465 3813 1628 3870 aliud
1658 3813 1987 3886 quidpiam,

341 3921 522 3978 quam
553 3919 908 3977 congressus
927 3919 1064 3959 cum
1087 3904 1228 3972 Deo,
1252 3901 1586 3975 impelleret
1602 3908 1780 3976 atque
1801 3903 1986 3961 addu-

269 3989 277 3997 ⁷
337 3999 550 4060 ceret;
609 3997 695 4059 ut,
751 3991 1254 4064 quemadmodum
1312 3999 1779 4049 consentaneum
1837 3999 1985 4064 erat,

335 4081 662 4155 purissima
690 4081 794 4139 illa
821 4081 934 4156 (61)
965 4081 1094 4138 sola
1125 4081 1305 4138 etiam
1335 4082 1742 4154 prOpheticam
1765 4083 1920 4140 illud
1941 4083 1988 4120 ³⁸

408 4215 458 4254 ³⁵
485 4213 642 4273 Psal.
671 4230 726 4272 ε..

2113 3179 2320 3248 θέντας,
2365 3180 2510 3236 οὓτω
2567 3178 2901 3256 θεολαμπεῑς
2945 3181 3038 3237 τὸν
3072 3185 3222 3252 νοῦν,
3273 3179 3454 3254 ἄλλης
3485 3183 3521 3254 ἢ
3551 3183 3760 3256 ταύτης

2109 3277 2454 3354 χρηματίσαι
2511 3279 2768 3356 πατέρας,
2857 3283 2998 3354 μήτε
3059 3281 3162 3350 τὴν
3217 3279 3508 3357 μακαρίαν,
3567 3282 3636 3352 ἧς
3689 3280 3756 3338 τὸ

2108 3368 2306 3441 σεμνὸν
2351 3367 2450 3422 οὐκ
2495 3362 2642 3444 ἔχων
2696 3367 2820 3424 ὅσον
2879 3369 3052 3425 εἰπεῖν
3109 3371 3138 3425 ὸ
3195 3368 3363 3449 λόγος
3421 3367 3502 3442 ἐᾷ,
3554 3369 3752 3448 ἐτέρων

2103 3454 2278 3514 παῖδα
2327 3456 2473 3535 παρὰ
2525 3457 2756 3522 τούτους
2810 3459 3108 3536 γεγονέναι·
3179 3453 3258 3514 ἔτι
3333 3455 3392 3514 δὲ
3451 3461 3615 3534 μήτε·
3647 3467 3750 3532 τῆς

2105 3545 2326 3621 ὁμιλίας
2370 3544 2581 3620 ἐκείνης
2632 3544 2670 3619 ἤ
2727 3553 2797 3623 τῇ
2855 3546 3108 3624 Παρθένῳ
3159 3545 3492 3625 συλλήψεως
3548 3548 3747 3625 αἴτιον,

2102 3636 2244 3694 ἄλλο
2299 3660 2353 3695 τι
2409 3637 2445 3708 ἥ
2504 3642 2636 3694 Θεοῦ
2707 3636 2932 3713 ὁμιλίαν
3017 3639 3347 3715 πρωταίτιον
3429 3640 3566 3696 εἶναι
3651 3642 3745 3696 καὶ

2099 3727 2538 3806 προηγούμενον,
2591 3729 2684 3801 ἶν’,
2769 3728 2847 3794 ὡς
2918 3728 3035 3785 οἶόν
3106 3749 3168 3786 τε
3239 3729 3332 3802 ἦν,
3387 3731 3423 3800 ἡ
3474 3731 3744 3809 πᾶναγνος

2100 3816 2225 3898 ἔχοι
2285 3819 2426 3892 μόνη
2489 3817 2580 3874 καὶ
2641 3818 2704 3875 τὸ
2761 3819 3103 3896 προφητικὸν
3181 3817 3354 3875 ἐκεῖνο
3440 3815 3747 3899 διαφυγεῖν,

2095 3909 2208 3983 καὶ,
2319 3907 2434 3965 Οὐκ
2559 3905 2611 3965 ἐι
2749 3906 3004 3984 ἆνομίαις
3141 3907 3504 3991 συνελήφθην,
3645 3909 3750 3967 οὐκ

2095 3995 2147 4052 ἐν
2196 3997 2488 4073 ἁμαρτίαις
2544 3997 2797 4071 ἐκίσσησέ
2888 4019 2956 4072 με
3042 3999 3215 4074 μόνην
3266 4001 3302 4070 ἠ
3365 4001 3552 4076 μήτηρ
3611 4013 3746 4075 μου,

2092 4084 2218 4161 περὶ
2276 4086 2470 4156 ἑαυτῆς
2535 4087 2782 4166 φάσκειν,
2840 4083 3028 4162 ἐκείνῳ
3101 4089 3194 4146 καὶ
3266 4087 3464 4148 τούτου
3535 4107 3746 4164 συμπι-

1681 4314 1830 4377 Ant.
1865 4313 2160 4379 Ballerini
2187 4322 2376 4380 notae.

434 4448 527 4512 60)
555 4445 722 4504 Conf.

411 4451 722 4522 (60)Conf.
760 4462 902 4574 cquae
960 4451 1030 4502 de
1088 4451 1200 4501 hac
1258 4451 1559 4501 sententia
1609 4451 1867 4504 diximus
1925 4451 1984 4505 in

337 4515 691 4593 Prmfatione
722 4533 756 4573 a
833 4518 1232 4593 fragmentum
1261 4517 1547 4574 orationis
1571 4519 1798 4593 Georgii
1818 4520 1984 4577 Nico-

337 4591 685 4658 mediensis,
719 4604 849 4660 sup.
879 4604 1011 4660 pag.
1035 4590 1161 4660 7149.

403 4663 517 4736 (61)
575 4659 899 4736 Auctorem
955 4659 1244 4736 habemus
1297 4659 1558 4736 diserte
1597 4664 1976 4736 proﬁtentem

331 4731 551 4808 sanctas
574 4731 1286 4808 Virginisimmunitatem
1319 4732 1390 4787 ab
1418 4731 1689 4805 originali
1714 4753 1972 4808 peccaro,

330 4809 456 4864 Duo
487 4805 584 4863 hic
614 4803 1103 4878 animadvertam.
1135 4807 1191 4858 1ο
1219 4804 1440 4878 Auctor
1477 4803 1877 4878 nequaquam,
1907 4813 1975 4864 ut

334 4896 490 4952 saepe
521 4878 670 4934 alias
700 4877 910 4952 tumin
933 4877 1044 4932 hac
1073 4875 1294 4952 tumin
1325 4875 1458 4932 aliis
1504 4875 1770 4952 homiliis
1802 4880 1974 4948 solet,

331 4947 460 5008 huic
491 4968 553 5008 sc
585 4967 656 5007 ex
685 4948 1102 5020 opinione_sua
1149 4947 1447 5020 afﬁrmare
1499 4949 1582 5004 ait
1614 4967 1628 5017 ;
1672 4951 1774 5006 sed
1823 4947 1978 5007 nihil

328 5024 612 5080 haesitans
635 5018 933 5094 tan—quam,
953 5018 1039 5094 de
1047 5019 1345 5074 sententia
1363 5020 1640 5094 omnibus
1673 5021 1978 5094 explorata

328 5097 484 5153 eade
516 5113 580 5153 re
605 5091 880 5158 disserit;
911 5093 972 5146 2°
1001 5091 1236 5146 Certum
1268 5106 1396 5147 esse
1427 5092 1622 5158 debet,
1647 5091 1972 5163 auctorem,

325 5185 460 5224 curn
487 5165 915 5232 innocentiam,
951 5163 1292 5234 puritatem,
1323 5179 1391 5219 ac
1423 5165 1801 5222 sanctitatem
1840 5167 1976 5222 Dei-

325 5256 486 5310 parm
515 5241 649 5297 aliis
670 5233 982 5310 verborum
1013 5233 1284 5310 formulis
1334 5235 1748 5310 celebratums
1797 5242 1973 5310 esset,

326 5306 424 5364 Eas
456 5311 788 5367 locutiones
814 5306 1126 5381 vigilanter
1169 5307 1466 5381 selegisse,
1514 5325 1660 5380 quas
1712 5306 1970 5381 aptiores

323 5381 496 5452 duxit
513 5381 591 5452 ad
609 5379 1385 5452 puritatem,innocentiam,
1409 5394 1475 5434 ac
1502 5379 1873 5436 sanctitatem
1898 5381 1970 5436 ab

323 5450 628 5522 original?
653 5467 913 5524 quoque
946 5451 1086 5506 vitio
1145 5450 1427 5524 intactam
1452 5452 1967 5524 _signiﬁcandam:

324 5521 578 5594 cumque
601 5521 1023 5594 ambigendum
1045 5538 1166 5576 non
1196 5521 1568 5594 sit,eamdem
1594 5523 1972 5590 ﬁdelibus,ad

324 5592 1274 5667 quos—Isidorusverbaiaciebat,
1323 5593 1394 5650 de
1454 5602 1672 5652 sanctae
1716 5596 1969 5667 Virginis

324 5663 583 5737 puritate
605 5663 964 5737 sententiam
985 5664 1528 5737 inhmsisse,rursus
1547 5669 1622 5722 du
1633 5663 1968 5722 bitare'non

809 4462 902 4502 uae
960 4445 1030 4502 de
1088 4444 1200 4501 hac
1258 4444 1559 4501 sententia
1609 4445 1867 4504 diximus
1925 4447 2062 4518 inD

2094 4449 2266 4523 plebe
2299 4453 2556 4523 acceptae
2587 4448 2832 4518 fuerint,
2865 4453 2924 4506 et
2953 4449 3444 4508 communiterab
3465 4451 3744 4510 omnibus

2093 4521 2472 4597 adeamdem
2499 4521 3005 4597 hanc__puritatem
3055 4523 3128 4580 ab
3181 4523 3744 4597 originaliiquoque

2089 4594 2584 4679 vitioimmunem
2603 4594 2971 4679 eﬂ‘erendam
2992 4594 3745 4679 usurparentur.(}n_"m‘h_rec

2088 4667 2576 4724 manifestissima
2594 4683 2703 4738 per
2719 4683 2781 4723 se
2795 4668 2934 4733 sint,
2951 4683 3118 4737 aeque
3141 4665 3453 4738 indubium
3469 4666 3741 4738 illudque

2085 4739 2498 4811 gravissimum
2521 4736 2668 4811 inde
2689 4739 2946 4811 proﬂuit
2969 4736 3458 4811 __consectari_um.
3483 4736 3736 4811 Easdem

2088 4806 2271 4876 enim,
2304 4827 2450 4882 quas
2483 4809 2554 4866 ab
2586 4806 2814 4865 Isidoro
2844 4808 3142 4882 adhibitae
3172 4806 3494 4882 cernimus,
3527 4807 3740 4882 verbo-

2085 4899 2219 4938 rum
2250 4876 2558 4958 formulas,
2593 4881 3098 4958 e_asde_m_flgura_s,
3138 4877 3494 4958 easdemque
3524 4876 3734 4958 imagi-

2085 4970 2194 5026 nes
2226 4953 2300 5009 ad
2333 4947 2584 5026 Virginis
2614 4947 2976 5009 beatissinim
3007 4947 3364 5026 singularem
3408 4947 3730 5026 puritatem

2085 5018 2508 5101 celebrandam
2530 5031 2846 5101 usurpatas
2867 5018 3198 5101 reperi-mus
3212 5018 3530 5101 nonmon
3551 5036 3585 5075 a
3597 5019 3732 5074 reli-

2085 5098 2220 5168 quis
2249 5097 2575 5154 universim
2596 5089 2890 5168 Patribusi.
2916 5089 3020 5168 sed
3047 5091 3112 5168 in
3144 5089 3560 5168 ecclesiasticis
3583 5107 3734 5168 _quo-

2083 5161 2200 5240 que
2229 5187 2296 5224 ac
2325 5168 2612 5242 liturgicis
2641 5167 2810 5242 libris
2839 5162 3250 5242 Ecclesiarurn
3267 5161 3537 5242 omnium
3571 5161 3730 5220 Grai-

2083 5234 2186 5328 (ἶςῐξ,
2221 5234 2502 5328 Syriacas,
2523 5238 2796 5328 Coptiqze,
2830 5234 3198 5328 Armenicaa.‘
3213 5235 3356 5328 Qu‘is
3377 5252 3562 5328 porro
3609 5253 3732 5320 non

2081 5307 2277 5373 vid'etf
2293 5312 2436 5382 quid
2466 5307 2677 5382 Sponte
2703 5308 2842 5363 hinc
2873 5307 3324 5382 consequatur?
3359 5307 3546 5380 )Eque
3569 5307 3732 5364 enim

2081 5399 2114 5438 a
2143 5382 2262 5437 veri
2293 5379 2632 5453 specie—duo
2663 5379 3092 5453 hmcprorsusj
3113 5379 3459 5453 abhorrent,
3491 5396 3728 5452 nempe,

2080 5450 2412 5534 aut‘l’atres
2443 5451 2700 5534 reliquos
2731 5450 3173 5534 aliterqui-dem
3197 5451 3269 5534 de
3305 5451 3555 5534 Virginis
3584 5450 3729 5534 edn-

2079 5524 2349 5595 ceptione
2379 5523 2656 5588 sensisse,
2678 5523 3176 5593 exquisitissimas
3209 5529 3412 5580 tamen
3439 5523 3726 5580 formulas

2079 5593 2168 5668 ad“
2183 5593 2455 5668 ejusdem
2483 5611 2720 5667 quoque
2749 5596 3168 5668 Conceptionis
3196 5597 3516 5668 puritatem
3547 5595 3727 5668 signi-

2079 5665 2371 5742 ficandam
2401 5665 2650 5742 idoneas
2677 5665 3022 5742 usurpasse,
3053 5673 3156 5724 aut
3182 5665 3512 5742 _(siquidem
3566 5665 3726 5739 quis-

313 5735 482 5810 licet,
507 5737 654 5811 quin
675 5736 886 5795 eodem
905 5751 1080 5794 sensu
1097 5735 1427 5794 locutiones
1452 5738 1617 5797 illisa
1637 5736 1970 5796 Christiana
2075 5738 2236 5812 piam
2267 5738 2624 5799 centendere
2655 5735 2951 5816 velit,‘eas
2980 5735 3270 5798 formulas
3290 5735 3435 5796 'non
3485 5755 3554 5796 eo
3583 5735 3725 5812 spe-
