4090 6208
385 395 463 454 55
1546 372 1845 436 ISIDORI
1889 375 1991 433 ΤΗ
2004 373 2658 437 ESSALONICENSIS
3727 376 3809 435 56

386 521 673 583 maternis
738 515 1020 573 uberibus
1086 511 1397 584 indigeret.
1465 509 1607 564 Nam
1676 507 1830 561 sicut
1893 522 2027 561 cum

2162 526 2301 579 γετο,
2333 507 2469 561 κατὰ
2532 508 2594 562 τὸ
2634 505 2750 562 ἴσον
2819 503 2992 560 ἐκεῖνο
3037 506 3242 579 Θαῦμα,
3299 503 3564 583 ὑπερφυεῖ
3599 525 3706 560 τινι
3748 504 3809 560 ἄν

387 613 639 671 triennis
697 612 759 666 in
819 623 985 664 sacro
1043 603 1146 660 illo
1201 602 1429 658 ambitu
1484 597 1846 663 versabatur,
1883 597 2040 651 haud

2162 595 2462 669 ἐστηρίζετο
2492 597 2580 651 καὶ
2613 596 2838 674 ἀρρήτῳ
2867 596 3080 672 τρόπῳ.

385 706 647 760 humana
675 699 944 756 alebatur
974 709 1201 761 mensa,
1259 691 1361 746 sed
1414 705 1632 744 arcana
1686 686 1940 756 quadam
1999 686 2226 742 ratione
2288 687 2591 743 ccelestem
2646 687 2867 756 cibum,
2923 688 3143 758 quippe
3189 703 3322 758 quas
3355 687 3801 759 supercmlestis

387 797 564 859 esset,
607 787 980 860 accipiebat;
1024 785 1105 838 ita
1151 779 1444 852 siquidem
1511 777 1585 832 ad
1652 774 2040 830 inhabitanda
2104 792 2271 830 sacra
2338 775 2513 847 adyta
2569 777 2824 833 adducta
2885 776 3118 844 fuisset,
3189 793 3322 832 cum
3391 777 3586 833 adhuc
3655 778 3807 833 lacte

386 883 712 956 indigebat,
766 877 942 934 modo
998 874 1255 948 quodam
1319 867 1755 942 supernaturali
1823 872 1999 937 atque
2068 866 2356 922 ineﬂ’abili
2426 868 2582 924 haud
2651 867 2929 923 dissimili
2990 868 3281 925 miraculo
3341 871 3605 926 enutrita
3641 871 3810 926 fuis-

393 979 578 1118 δθξξν.
613 1059 712 1116 Vel
743 1073 879 1130 ergo
913 1057 993 1112 ita
1023 1055 1240 1108 factum
1275 1055 1363 1105 est
1384 1053 1628 1121 propter
1649 1047 1780 1101 illas
1811 1061 2039 1113 causas,

394 1169 540 1224 quas
570 1149 714 1215 dixi,
746 1146 834 1201 vel
857 1144 1035 1200 etiam
1063 1141 1201 1212 quia
1223 1155 1459 1210 aequum
1491 1142 1638 1200 erat,
1671 1140 1735 1190 ut
1764 1139 2042 1206 parentes

393 1255 632 1312 quoque
656 1236 865 1292 saltem
897 1233 970 1289 ad
1001 1232 1174 1286 breve
1197 1235 1432 1300 tempus
1455 1224 1714 1312 infantili
1736 1226 2043 1279 venustate

393 1311 550 1394 tilias,
611 1339 740 1396 quas
798 1321 974 1394 paulo
1032 1322 1166 1390 post
1223 1317 1340 1370 Deo
1400 1311 1730 1369 dedicanda
1758 1316 1904 1377 erat,
1934 1326 2044 1365 nec

391 1414 549 1471 ultra
591 1409 954 1468 charissimis
1001 1404 1370 1480 genitoribus
1410 1401 1852 1474 conspicienda,
1881 1401 2044 1455 frue-

391 1508 636 1568 rentur;
693 1517 724 1555 e
783 1515 901 1570 qua
956 1513 1090 1552 cum
1141 1493 1465 1550 maximum
1497 1492 1735 1547 haurire
1767 1489 2043 1546 solatium

390 1593 621 1659 liceret,
654 1607 774 1661 pra)
807 1589 918 1642 hoc
950 1592 1150 1640 tamen
1183 1599 1498 1638 mmrorem
1542 1579 1887 1652 privationis
1920 1577 2043 1632 ele—

391 1683 625 1752 gerunt,
657 1677 795 1733 licet
825 1677 1015 1747 ipsam
1037 1689 1144 1729 ceu
1167 1671 1475 1743 praemium
1499 1669 1767 1724 laborum
1801 1666 2042 1722 illorum

395 1786 462 1824 ac
485 1767 809 1824 multarum
829 1765 1226 1834 lacrymarum
1249 1759 1614 1830 recepissent
1637 1775 1651 1824 ;
1678 1773 1782 1828 pro
1806 1755 2041 1826 quibus,

396 1863 463 1914 ut
514 1857 659 1913 mihi
715 1855 956 1926 quidem
990 1852 1239 1917 videtur,
1291 1864 1504 1918 nempe
1557 1863 1661 1917 pro
1712 1845 1892 1900 tantis
1925 1843 2042 1898 illis

395 1946 700 2002 laboribus
750 1944 989 2014 dignam
1043 1941 1197 1994 hanc
1253 1938 1408 1992 Deus
1438 1937 1623 1990 vicem
1676 1933 2042 1988 reddendam

390 2034 700 2108 judicavit,
722 2038 787 2087 ut
808 2030 882 2086 ad
911 2028 1236 2085 triennium
1269 2031 1389 2081 tam
1418 2024 1649 2080 eximiae
1684 2023 1814 2078 ﬁliae
1845 2022 2043 2094 gratiis

389 2123 890 2196 jucundarentur.

465 2214 764 2279 Quantum
798 2209 957 2264 enim
979 2207 1299 2278 VOIUptatis
1324 2206 1534 2260 afferre
1564 2202 1912 2276 parentibus
1943 2201 2044 2258 alii

393 2302 501 2359 ﬁlii
530 2306 664 2357 utut
695 2295 1119 2370 speciosissimi
1150 2295 1347 2350 valent
1375 2311 1482 2365 per
1501 2294 1826 2348 multorum
1857 2308 2046 2346 anno-

391 2406 525 2445 rum
557 2387 914 2453 convictum,
958 2383 1327 2440 tantumdem
1376 2383 1618 2438 triennii
1651 2382 1838 2454 spatio
1870 2381 2045 2435 inno~

394 2478 740 2535 centissima
811 2474 911 2530 illa
992 2473 1258 2545 praebere
1343 2472 1553 2543 potuit,
1614 2471 1730 2525 imo
1790 2471 2045 2525 dixerim

391 2571 756 2641 voluptatem
807 2582 875 2620 eo
929 2563 1265 2619 uberiorem
1315 2567 1492 2634 atque
1537 2561 2045 2628 excellentiorem,

396 2676 511 2732 quo
545 2655 908 2712 eminentius
941 2654 1274 2724 cuicunque
1305 2652 1457 2723 proli
1490 2653 1619 2722 ipsa
1648 2649 2044 2721 praecellebat.

393 2748 737 2818 Principum
759 2745 920 2799 enim
938 2742 1354 2797 retributiones
1372 2740 1700 2812 magnificae
1723 2756 1864 2794 sane
1887 2745 2044 2801 sunt,

395 2845 454 2894 et
473 2837 853 2910 largientium
879 2832 1317 2906 magniﬁcentiae
1340 2830 1926 2904 respondentes.Cum
1944 2848 2050 2887 au-

393 2932 506 2984 tem
522 2927 671 2999 justi
692 2925 777 2980 illi
799 2928 1076 2979 essentac
1086 2922 1233 2992 justi
1253 2919 1788 2988 vocarentur,haud
1805 2937 2048 2975 consen-

396 3021 638 3072 taneum
670 3013 900 3076 fuisset,
929 3017 992 3066 ut
1023 3027 1296 3065 normam
1329 3014 1719 3080 cognomento
1753 3008 2046 3080 signiﬁca-

394 3109 520 3158 tam
550 3098 1175 3173 praatergrederentur.
1213 3098 1602 3168 Quapropter,
1644 3113 1777 3150 cum
1821 3097 2048 3167 justam

2226 1045 2330 1103 IE'.
2392 1043 2549 1102 Ἀλλ’
2587 1045 2623 1115 ἢ
2664 1047 2827 1122 χάριν
2865 1046 2940 1100 ὧν
2991 1043 3205 1119 εἴρηταί
3260 1067 3378 1119 μοι,
3423 1048 3570 1102 τοῦτ’
3620 1047 3811 1122 ἐγεγό-

2149 1153 2251 1204 νει,
2319 1134 2353 1204 ἢ
2424 1133 2506 1190 ὅτι
2581 1133 2673 1190 καί
2735 1137 2872 1211 πρὸς
2942 1135 3124 1210 βραχὺ
3197 1135 3464 1212 βρεφικῆς
3532 1137 3598 1206 ἦν
3662 1137 3811 1200 είκός

2149 1227 2266 1284 τοῖς
2338 1227 2554 1278 τοκεῦσι
2626 1223 2724 1279 κᾶν
2798 1221 3110 1279 ἀπολαῦσαι
3189 1225 3421 1303 χάριτος
3493 1226 3652 1300 παρὰ,
3705 1233 3812 1296 τῆς

2151 1309 2373 1381 παιδὸς,
2431 1316 2465 1383 ἢ
2529 1314 2646 1387 μετ’
2703 1312 2889 1389 ὀλίγον
2947 1311 3239 1384 ἐκποίητος
3281 1313 3377 1386 μὶν
3417 1307 3651 1386 ἔμελλεν
3691 1311 3810 1370 ἔσε-

2153 1411 2272 1462 σθαι
2331 1406 2468 1474 Θεῷ,
2526 1407 2641 1464 τοῖς
2700 1399 2758 1456 δὶ
2815 1401 3099 1477 φιΛτάτοις
3156 1401 3376 1462 τούτοις
3424 1401 3658 1478 ἃόρατος
3698 1425 3810 1458 πα-

2149 1488 2358 1562 τράσινο
2429 1491 2562 1566 ὑπὲρ
2627 1494 2717 1560 ἧς,
2785 1492 2900 1546 ἐνὸν
2941 1495 3167 1570 τρυφᾷν,
3210 1491 3428 1547 εἳλοντο
3465 1495 3808 1548 κακοπαθεῖ-

2153 1582 2294 1651 σθαι,
2361 1579 2450 1634 καὶ
2515 1585 2624 1635 τῶν
2685 1580 2945 1654 καμάτων
3014 1579 3230 1636 ἐκείνων
3285 1583 3378 1635 καὶ
3443 1579 3810 1656 πολυρῥύτων

2153 1665 2400 1742 δακρύων
2457 1669 2657 1740 ταύτην
2710 1665 2909 1725 ἔλαϐον
2966 1666 3221 1734 ἔπαθλον·
3271 1671 3366 1738 ὧν,
3407 1665 3595 1747 ἔμοιγε
3634 1668 3811 1744 δοκεῖ,

2151 1764 2257 1812 τῶν
2312 1759 2583 1814 τοσούτων
2648 1758 2883 1832 ἐκείνων,
2941 1759 3110 1834 λέγω,
3169 1759 3372 1829 πόνων,
3428 1759 3630 1829 ταύτην
3677 1762 3814 1824 Θεὸς

2155 1849 2302 1919 ἂξίαν
2342 1845 2539 1923 διέγνω
2596 1850 2694 1918 τὴν
2754 1845 3020 1923 ἀμοιϐὴν,
3060 1849 3160 1918 τὴν
3213 1848 3348 1928 ἄχρι
3387 1851 3627 1924 τριετίας
3667 1851 3814 1905 ἀπό·-

2153 1932 2342 1990 λαυσιν
2381 1942 2490 1992 τῶν
2526 1944 2625 2008 τῆς
2667 1934 3065 2012 λαμποοτάτης
3109 1938 3352 2012 χαρίτων
3391 1935 3609 2000 παιδός.

2225 2199 2397 2266 Ὅσην
2436 2196 2542 2272 γὰρ
2580 2190 2769 2271 ἔχουσι
2798 2199 2905 2250 τῶν
2936 2194 3148 2252 παίδων
3179 2195 3353 2254 ἅλλοῖ
3385 2197 3476 2254 καὶ
3515 2198 3812 2257 κάλλιστοι

2153 2280 2356 2352 ἡδονὴν
2419 2290 2538 2347 τοῖς
2595 2285 2857 2359 πατράσιν
2917 2285 3143 2340 ἐνθεῖναι
3201 2285 3308 2342 ἀπό
3365 2307 3431 2362 γε
3481 2295 3583 2358 τῆς
3624 2290 3820 2346 συνοί-

2154 2393 2252 2427 κου
2292 2370 2609 2442 πολυετίας,
2675 2373 2877 2444 ταύτην
2921 2375 3068 2450 εἶχεν
3108 2377 3143 2444 ἡ
3188 2376 3455 2451 πάναγνος
3494 2383 3815 2442 καταθεῖναι

2153 2466 2222 2536 τῇ
2263 2463 2468 2536 τριετίᾷ
2510 2463 2693 2539 ’φαίην
2736 2461 2784 2518 δ’
2832 2460 2892 2517 ἃν
2946 2463 3037 2518 καὶ
3085 2461 3472 2540 δαψιλεστέραν
3504 2466 3594 2521 καὶ
3629 2467 3809 2540 μείζω

2156 2551 2268 2623 ὅσῳ
2324 2551 2414 2606 καὶ
2469 2552 2734 2628 γεννητῶν
2797 2552 3103 2628 ὑπέρκειται
3159 2554 3390 2609 πάντων·
3425 2555 3479 2609 αἱ
3524 2555 3629 2631 γὰρ
3657 2555 3810 2631 παρᾶ

2154 2645 2261 2694 τῶν
2334 2641 2604 2716 μεγίστων
2649 2638 2944 2703 ἀντιδόσεις
2996 2641 3282 2716 φιλότιμοι
3330 2643 3421 2698 καὶ
3467 2647 3547 2715 τῷ
3593 2645 3810 2719 μεγέθει

2158 2734 2263 2784 τῶν
2333 2730 2723 2808 χορηγούντων
2789 2729 3156 2802 κατάλληλον
3228 2728 3472 2794 δικαίους
3532 2730 3591 2787 δὶ
3650 2731 3813 2796 ὂντας

2146 2817 2395 2883 ’ἐκείνους
2449 2820 2540 2874 καὶ
2590 2818 2968 2894 καλουμένους
3023 2820 3127 2876 οὐκ
3180 2822 3248 2891 ἦν
3308 2819 3367 2876 ἂν
3423 2825 3532 2876 τῶν
3573 2819 3816 2877 ἀκολού-

2158 2921 2264 2974 θων
2332 2910 2432 2978 τὴν
2501 2909 2741 2982 στάθμην
2813 2906 3110 2984 ὑπερϐῆναι
3177 2917 3278 2980 τῆς
3345 2910 3682 2984 ἐπωνυμίας⁸
3725 2909 3820 2967 διὰ

2157 3003 2324 3054 ταῦτα
2377 3001 2439 3053 τὸ
2507 3003 2604 3054 τοῦ
2664 2994 2818 3062 ἔτους
2887 2996 3098 3055 δίκαιον
3163 3000 3359 3075 μὲτρον
3421 2998 3816 3079 ἀπειληφότες,

2161 3093 2323 3143 τοῦτο
2367 3085 2422 3143 δὲ
2459 3089 2526 3156 ἦν
2565 3091 2600 3157 ὴ
2639 3088 2866 3162 τριετία,
2931 3090 3008 3163 μὴ
3074 3086 3346 3145 διαπεσεῖν
3384 3087 3442 3146 εὖ
3481 3093 3820 3162 πεποιήκασι

398 3189 686 3263 temporis
741 3202 1086 3242 mensuram
1152 3185 1403 3240 assecuti
1481 3185 1734 3240 fuissent
1789 3185 2046 3256 (aaquum

2162 3179 2251 3234 καὶ
2290 3180 2390 3248 τὴν
2424 3175 2748 3254 ἐπαγγελίαν
2761 3221 2774 3236 .

400 3285 600 3339 autem
632 3276 886 3349 spatium
916 3274 1238 3330 triennium
1273 3279 1417 3344 erat,
1466 3279 1622 3330 recte
1673 3273 1744 3330 de
1793 3274 2050 3345 promis-

401 3370 567 3426 sione
600 3362 906 3438 implenda
935 3367 1308 3420 curaverunt.

468 3457 620 3514 XVI.
654 3455 946 3522 Quoniam
977 3470 1112 3509 vero
1170 3453 1327 3510 fama
1373 3454 1590 3526 reginae
1639 3470 1706 3510 ac
1757 3454 1859 3509 Dei
1909 3453 2048 3508 filias

399 3548 572 3622 paulo
604 3551 737 3620 post
787 3561 891 3616 per
943 3545 1092 3600 ﬁnes
1146 3543 1434 3599 universae
1467 3548 1637 3599 terrae
1667 3548 2051 3616 pervagatura

401 3643 549 3704 erat,
575 3634 898 3692 Jerusalem
919 3639 1057 3690 ante
1079 3633 1222 3689 alias
1245 3650 1452 3688 omnes
1472 3634 1746 3706 regiones
1767 3649 2047 3688 coronam

399 3726 759 3784 laudationis
792 3731 1009 3792 texere,
1041 3730 1098 3780 et
1127 3740 1361 3778 sacrum
1393 3723 1610 3796 Virgini
1641 3725 1928 3796 hymnum
1959 3741 2050 3780 ca-

404 3835 568 3887 nere,
603 3833 670 3873 ac
701 3817 981 3872 decenter
1012 3813 1303 3870 modulari
1334 3819 1650 3885 properat;
1692 3814 1871 3884 idque
1913 3813 2049 3885 jure

405 3905 800 3978 optimo.Nam
831 3906 890 3958 et
935 3904 1116 3958 Jesum
1163 3917 1360 3969 meum,
1389 3901 1588 3972 inquit
1617 3901 1683 3970 ³⁷,
1716 3901 1960 3957 tulerunt
1991 3904 2049 3956 in

400 3996 702 4050 Jerusalem
753 4000 816 4046 ut
865 3995 1116 4047 sisterent
1164 4007 1284 4045 eum
1333 3991 1604 4053 Domino;
1636 3992 1806 4062 cujus
1845 3991 2047 4063 utique

401 4082 773 4138 characteres
805 4085 996 4135 mater
1025 4078 1086 4134 in
1117 4079 1436 4150 semetipsa
1462 4078 1833 4149 praaferebat,

470 4263 768 4333 Quotquot
794 4277 929 4334 ergo
962 4276 992 4316 e
1023 4256 1417 4315 nobilioribus
1447 4257 1656 4315 urbem
1690 4258 1854 4314 illam
1888 4260 2046 4314 inco-

403 4352 625 4416 lebant,
659 4357 718 4406 et
745 4352 875 4418 viri,
909 4356 967 4406 et
994 4349 1299 4417 mulieres,
1334 4354 1392 4403 et
1420 4348 1634 4420 puellm
1665 4349 1940 4421 virgines,
1965 4349 2048 4404 illi

405 4441 645 4510 quidem
676 4440 895 4494 intuitu
927 4441 1132 4510 patris,
1165 4440 1292 4493 istm
1343 4440 1404 4493 in
1444 4440 1691 4512 gratiam
1722 4440 2046 4511 genitricis,

2230 3452 2318 3521 Ιζ“.
2386 3449 2534 3507 Ἐπεὶ
2600 3447 2658 3504 δὲ
2726 3451 2862 3522 μετὰ
2928 3452 3121 3526 μικρὸν
3175 3457 3286 3509 τῶν
3326 3459 3426 3524 τῆς
3466 3453 3808 3528 οἰκουμένης

2157 3535 2507 3610 ἐπιϐήσεσθαι
2544 3541 2790 3614 περάτων
2855 3541 2884 3594 ὁ
2947 3547 3046 3610 τῆς
3119 3539 3402 3616 βασιλίδος
3459 3545 3548 3598 καὶ
3591 3544 3815 3600 Θεόπαιο

2158 3627 2249 3692 δος
2303 3627 2504 3702 ἔμελλε
2558 3629 2774 3704 κρότος,
2834 3630 3022 3707 φθάνει
3080 3631 3146 3686 τὰ
3205 3631 3564 3706 Ἰεροσόλυμα
3624 3632 3816 3704 πάσης

2155 3727 2257 3795 γῆς
2323 3717 2503 3788 ἄλλης
2568 3717 2967 3793 προ-πλέξαντες
3033 3721 3133 3790 τὴν
3201 3721 3498 3799 εὐφημίαν,
3565 3722 3654 3777 καὶ
3715 3725 3816 3780 τὸν

2157 3808 2300 3883 ἱερὸν
2360 3803 2528 3880 ὕμνον
2598 3808 2890 3880 ἐπᾲσαντες
2953 3813 3025 3884 τῇ
3093 3811 3374 3884 Παρθένῳ,
3434 3810 3524 3867 καὶ
3593 3817 3816 3886 σεμνῶς

2156 3899 2540 3972 τερετίσαντες’
2615 3896 2706 3952 καὶ
2801 3900 2963 3952 τοῦτο
3063 3895 3311 3961 εἰκότωςο
3391 3899 3476 3956 δτι
3551 3899 3642 3954 καὶ
3717 3903 3816 3958 τὸν

2159 3988 2289 4061 ἐμὸν
2367 3990 2576 4058 Ἰησοῦν
2671 3986 2962 4060 ἀνήγαγον,
3042 3985 3230 4060 φησὶν,
3306 3987 3381 4050 είς
3456 3988 3824 4064 Ἱεροσόλυμα

2158 4086 2500 4155 παραστῆναι
2549 4077 2760 4153 Κυρίῳ,
2827 4076 2888 4131 οὗ
2954 4076 3084 4138 τοὺς
3148 4084 3502 4155 χαρακτῆρας
3546 4081 3582 4149 ἡ
3627 4081 3822 4158 μήτηρ

2160 4169 2211 4226 ἐν
2255 4171 2422 4244 ἑαυτῇ
2463 4168 2773 4246 προέφαινε.

2233 4259 2337 4314 Καὶ
2376 4261 2503 4332 γοῦν
2547 4256 2666 4311 ὅσοι
2721 4259 2830 4311 τῶν
2888 4255 3148 4330 ἐκκρίτων
3189 4256 3288 4326 τὴν
3326 4255 3491 4312 πόλιν
3536 4257 3823 4325 οἰκοῦντες

2161 4347 2368 4417 ἐκείνην
2436 4346 2754 4420 ἐτυγχανον,
2819 4341 3025 4420 ἀνδρῶν
3105 4365 3162 4400 τε
3226 4347 3317 4401 καὶ
3385 4343 3652 4404 δυναικῶν
3718 4352 3814 4406 καὶ

2159 4435 2414 4492 νεανίδων
2458 4433 2758 4509 παρθένων,
2789 4435 2852 4488 τὸ
2887 4435 2981 4507 μὲν
3009 4436 3102 4490 τὸν
3133 4435 3359 4512 πατέρα,
3391 4438 3453 4492 τὸ
3494 4434 3551 4493 δὲ
3591 4437 3680 4493 διὰ
3709 4441 3816 4509 τὴν

401 4528 647 4598 reliqum
678 4543 812 4581 vero
863 4533 1102 4598 propter
1148 4527 1620 4584 laudatissimam
1668 4529 1947 4601 puellam,
1989 4531 2046 4585 in

2164 4527 2392 4603 μητέρα,
2424 4525 2486 4581 τὸ
2521 4523 2712 4580 λοιπὸν
2747 4521 2804 4578 δὲ
2853 4520 2942 4578 διὰ
2968 4525 3069 4594 τὴν
3101 4526 3471 4597 πανῦμνητον,
3505 4527 3604 4596 τήν
3637 4527 3714 4589 εἷς
3746 4531 3816 4584 τὸ

400 4631 589 4673 unum
620 4614 1036 4671 convenientes
1062 4613 1137 4669 ad
1158 4613 1443 4685 templum
1467 4617 1881 4689 ascenderunt,
1913 4635 2048 4674 cum

475 4741 518 4776 ’τ
550 4739 684 4796 Luc.
715 4756 771 4806 ιι,
800 4739 888 4795 22.

2157 4617 2302 4692 ἱερὸν
2344 4611 2505 4690 ᾔεσαν
2572 4612 2940 4684 συνελθόντες,
3011 4612 3145 4687 μετὰ
3211 4610 3516 4690 λαμπάδων
3577 4613 3817 4684 ἐνταῦθα

1721 4843 1868 4902 Ant.
1927 4841 2225 4904 Ballerini
2287 4845 2476 4904 notae.

403 4974 826 5035 Nicomediensis
855 4974 915 5026 in
936 4971 1362 5046 poriceptionem
1393 4972 1640 5046 Deiparw
1688 4975 1852 5046 (Bibl.
1887 4975 2047 5031 Conc.

400 5047 845 5120 vol.VI.pag.8f2)
865 5043 1114 5120 sollicite
1128 5043 1412 5120 lectorem
1435 5043 1803 5120 admoneret,
1826 5054 2050 5104 veteres

403 5124 464 5179 in
487 5114 843 5179 celebrando
862 5115 1279 5190 Conceptionis
1296 5114 1444 5172 festo
1462 5118 1610 5190 nihil
1629 5119 1700 5174 ad
1719 5121 2050 5190 conceptio-

401 5212 538 5250 nem
561 5195 752 5265 ipsam
773 5187 1195 5265 respexissejd
1212 5187 1404 5258 ipsum
1423 5189 1497 5243 ad
1516 5189 1766 5265 invisum
1783 5187 2049 5265 puri—tatis

399 5260 945 5324 vocabulumsicubi
969 5260 2048 5334 tigeri_posset,expungendum'impulit.

399 5335 602 5389 Eadem
613 5337 786 5405 plane
801 5349 980 5390 causa
994 5332 1236 5405 invisam
1249 5332 1461 5387 homini
1478 5332 2050 5390 etTecitimmaculatae

401 5403 774 5478 vocabulum;
795 5413 971 5478 atque
990 5403 1210 5478 idcirco
1231 5421 1364 5459 cum
1389 5405 1602 5461 Graeca:
1626 5423 1794 5462 voces
1817 5405 2051 5478 ἄμωμος

405 5483 506 5532 aut
528 5476 872 5544 πανάμωμος
897 5476 966 5531 de
990 5476 1168 5531 Maria
1188 5483 1484 5544 usurpata:
1508 5476 1907 5542 occurrerent,
1927 5476 2047 5534 non

406 5547 788 5622 immaculata,
807 5553 906 5601 aut
918 5547 1082 5614 plane
1098 5547 1473 5622 imrnaeulata,
1494 5566 1628 5621 quae.
1644 5551 1900 5622 cujusvis
1923 5568 2048 5606 rea-

409 5625 500 5674 tus
537 5617 867 5674 absentiam
910 5620 1230 5689 generatim
1283 5617 1567 5689 indicarii,
1617 5617 1732 5676 sed'
1768 5623 2052 5678 vocabula

407 5689 714 5764 praaelegit
728 5688 1220 5758 irreprehensibilis
1239 5695 1339 5743 aut
1344 5691 1516 5760 plane
1534 5688 2046 5765 irreprehensibilis,

2159 4993 2290 5054 quae
2309 4975 2633 5054 scilicetad
2654 4973 3204 5054 absentiamreatus
3221 4992 3333 5054 per
3354 4980 3816 5054 actusproprios

2159 5046 2382 5104 inducti
2407 5047 2858 5121 signiﬁcandam
2880 5046 3472 5121 aptiusadbibentur.
3507 5046 3580 5106 A't
3607 5046 3819 5111 rursus

2160 5137 2454 5192 quaenam,
2468 5119 2699 5190 quasso,
2725 5119 2852 5192 laus
2875 5119 3026 5192 foret
3045 5119 3238 5174 Mariae
3267 5127 3369 5177 aut
3389 5125 3692 5179 nascentis
3712 5132 3822 5182 aut

2160 5189 2351 5248 adhuc
2377 5189 2640 5258 infantis,
2664 5191 2822 5262 quod
2853 5189 3019 5245 nullo
3049 5207 3156 5262 per
3183 5197 3349 5249 actus
3382 5211 3519 5250 suos
3549 5202 3718 5253 reatu
3749 5214 3817 5254 se

2159 5263 2488 5336 polluerit?
2522 5261 2788 5317 Ηωοοίῐιε
2821 5267 2939 5336 tam
2962 5261 3247 5334 prfeclara
3277 5266 3472 5322 Maria:
3505 5276 3677 5324 erant
3707 5286 3822 5326 en-

2159 5335 2525 5412 comiakqum
2549 5339 2888 5412 sanctorum
2921 5335 3160 5412 Patrum
3193 5336 3500 5412 sapientiae
3532 5357 3640 5412 ope
3675 5340 3822 5412 ista-

2160 5424 2292 5462 rum
2316 5423 2344 5462 e
2368 5404 2564 5462 Grarco
2584 5404 2920 5460 versionum
2941 5404 3386 5464 tribuerentur?
3404 5404 3823 5469 Adeo.scilicet

2160 5479 2414 5554 ineptire
2467 5477 2555 5554 vel
2604 5475 2800 5554 magni
2848 5475 3220 5554 viriusolent,
3253 5479 3353 5554 ubi
3404 5483 3599 5554 potius
3630 5500 3818 5554 quam

2160 5548 2408 5624 veritati,
2442 5548 2681 5624 privatis
2741 5548 3102 5624 praajudiciis
3152 5548 3482 5624 studiisque
3515 5548 3817 5614 deservire

2161 5621 2425 5677 animum
2443 5618 2756 5676 inducunt
2776 5619 2788 5676 ί
