4030 6212
232 403 314 462 5⁵1
1057 397 1325 460 8ΕῆΜο
1369 399 1459 460 ΙΝ
1501 395 1889 458 PMSENT

2008 393 2262 456 [ONEM
2305 393 2375 454 B.
2422 391 2495 455 ν.
2545 393 2848 456 ΜΛΒῙΕ.
3589 405 3673 466 δε

236 535 354 602 τήν
412 533 684 606 πάναγνον
739 527 997 605 ἄγοντες,
1033 531 1122 585 καὶ
1160 530 1326 604 μέλος
1385 530 1518 604 ύπὶρ
1577 527 1779 599 ταύτης
1819 525 1893 582 ιτε

2022 527 2394 600 lampadibus
2413 530 2966 588 innocentissimam
2989 532 3130 590 illuc
3161 534 3544 605 deducentes,
3590 557 3659 598 ac

243 625 488 702 γλώττης
513 621 605 676 καὶ
664 621 790 693 μετ’
850 619 1188 699 ἐύφροσύνης
1246 619 1459 693 ᾅσματα
1509 617 1781 696 φέροντες,
1839 617 1910 672 τὰ

256 713 431 770 εῗκὸτα
468 715 529 783 τῇ
595 710 901 783 θεονύμφῳ
959 710 1176 772 πάντως
1236 707 1714 783 διαπραττόμενοι.
1779 704 1910 782 Περὶ

263 806 350 864 ὧν,
384 801 474 874 μοὶ
503 797 680 871 δοκῶ,
706 797 801 853 διὰ
830 803 997 853 τοῦτο
1029 799 1121 853 καὶ
1177 799 1270 854 τὸν
1324 798 1668 874 μακαρισμὸν
1717 816 1909 872 προει-

254 888 696 968 ρῆσθαιέκεῖνον.
733 887 1021 963 Μακάριος
1055 888 1084 942 6
1135 889 1288 957 Ααὸς,
1349 889 1378 944 6
1435 886 1721 964 γινώσκων
1777 885 1912 941 ἀλα-

247 979 478 1054 λαγμόνο
515 979 614 1034 καὶ
639 983 761 1039 τοῖς
795 977 1124 1053 προοιμίοις
1180 975 1246 1047 δὴ
1304 977 1523 1040 τούτοις
1577 977 1640 1031 τὸ
1701 974 1907 1049 μέλλον

243 1068 734 1142 διασημαίνοντες,
787 1066 875 1122 ὅτι
932 1065 1026 1122 καὶ
1082 1066 1251 1121 πάντα
1306 1065 1500 1141 κρύψει
1561 1066 1764 1140 πυρσὸν
1847 1064 1909 1119 τὸ

239 1165 340 1228 τῆς
409 1156 683 1235 ἐμψύχου
740 1157 947 1226 ταύτης
1007 1153 1295 1229 λαμπάδος
1341 1159 1459 1233 φῶς
1531 1155 1906 1229 ἀπαπράψον,

247 1249 343 1303 καὶ
370 1247 642 1320 ᾀσμάτων
699 1244 836 1315 αὕτη
888 1242 1094 1315 πλήσει
1149 1244 1332 1319 ψυχὰς
1373 1243 1576 1314 ταύτην
1633 1243 1908 1317 ύμνούσας

249 1339 341 1392 καὶ
369 1336 441 1391 τὰ
475 1338 725 1409 σωτήρια
758 1331 1137 1409 μελῳδούσας.

312 1427 494 1499 Οἶμαι
527 1424 610 1495 δί,
640 1424 734 1480 καὶ
765 1425 794 1479 6
823 1424 1022 1494 νοητὸς
1063 1421 1205 1485 ἅπας
1259 1423 1387 1478 τότε
1443 1419 1743 1496 διάκοσμος
1790 1427 1910 1484 τοῖς

244 1508 805 1590 λαμπαδοφόροιςᾶν
859 1511 1085 1573 ἐκείνοις
1117 1509 1206 1566 καὶ
1264 1506 1462 1584 συνῇδε
1515 1510 1606 1564 καὶ
1665 1508 1906 1586 συνεφώ-

237 1611 381 1674 τιζε,
446 1604 541 1658 καὶ
612 1596 925 1670 συνεϐαδιζε
992 1605 1108 1661 τοῖς
1173 1603 1554 1675 προπομποῖς,
1613 1593 1739 1654 ὅσον
1808 1605 1909 1668 τῆς

240 1693 639 1769 προαγομένης
711 1689 1014 1751 δεικνύντες
1073 1689 1134 1744 τὸ
1185 1683 1348 1752 σέϐας
1392 1693 1512 1751 τοῖς
1565 1691 1647 1760 τῷ
1699 1686 1906 1762 σαρκίῳ

237 1782 446 1856 τούτῳ,
508 1780 681 1837 οἱονεί
733 1800 840 1835 τινι
871 1776 1041 1857 νέφει,
1099 1779 1198 1849 τὴν
1231 1777 1430 1854 αἴγλην
1458 1783 1558 1846 τῆς
1625 1772 1907 1851 παμϐασι-

2015 617 2287 674 modulos
2319 617 2390 673 de
2414 619 2541 690 ipsa
2572 624 2630 674 et
2659 621 2891 678 cantica
2917 638 3050 678 cum
3073 624 3277 681 laetitia
3297 635 3660 698 prementes.

2016 707 2216 765 ofﬁcia
2246 707 2491 774 scilicet,
2518 725 2648 779 quas
2682 711 2782 765 Dei
2818 727 3049 783 sponsas
3083 713 3354 786 dignitati
3409 735 3662 776 consen-

2016 802 2195 854 tanea
2226 803 2414 863 erant,
2447 796 2792 868 plenissime
2827 800 2910 855 illi
2935 801 3302 858 exhibentes.
3339 807 3409 860 Et
3437 807 3661 864 idcirco

2012 887 2083 943 de
2115 887 2207 942 his
2238 885 2496 942 arbitror
2526 890 2981 958 praenuntiatam
3016 890 3181 946 illam
3212 892 3665 965 beatitudinem;

2009 979 2211 1033 Beatus
2233 977 2478 1046 populus
2498 977 2596 1047 qui
2615 977 2717 1030 scit
2736 979 3131 1047 jubilationem
3157 981 3226 1034 ".
3257 983 3480 1047 Quibus
3512 1002 3655 1042 sane

2013 1065 2319 1138 prmludiis
2344 1065 2607 1120 futurum
2630 1066 3064 1137 significabant,
3085 1075 3150 1124 ut
3174 1070 3355 1142 hujus
3385 1073 3662 1130 animatas

2013 1157 2312 1228 lampadis
2334 1156 2811 1228 jubarei‘fulgens
2842 1158 3105 1230 reliquas
3137 1176 3342 1216 omnes
3373 1163 3532 1219 faces
3552 1165 3658 1220 ob-

2013 1245 2372 1311 tenebraret,
2407 1262 2623 1316 easque
2654 1247 2886 1302 animas
2911 1247 3100 1318 jubilo
3124 1249 3476 1320 cumularet,
3521 1268 3655 1324 quas

2014 1351 2144 1391 eam
2178 1334 2550 1391 celebrarent
2570 1335 2829 1407 hymnis,
2858 1353 2926 1392 ac
2965 1338 3254 1395 salutaria
3284 1346 3586 1396 canerent.

2086 1427 2382 1480 Praeterea
2412 1425 2758 1498 angelorum
2782 1443 3016 1498 quoque
3067 1429 3377 1486 universos
3414 1430 3658 1486 ordines

2013 1533 2148 1572 cum
2181 1517 2275 1584 iis,
2309 1517 2410 1588 qui
2441 1515 2748 1588 lampades
2791 1517 3080 1587 ferebant,
3126 1535 3264 1575 suos
3314 1526 3455 1592 puto
3517 1537 3657 1578 con-

2007 1605 2280 1677 junxisse
2321 1611 2530 1662 cantus
2580 1623 2835 1677 suosque
2881 1607 3245 1679 splendores,
3279 1615 3337 1664 et
3367 1611 3658 1666 comitan-

2013 1695 2168 1750 tibus
2198 1695 2363 1752 illam
2396 1696 2587 1752 socios
2617 1713 2745 1752 sese
2777 1696 3098 1766 addidisse,
3127 1697 3400 1754 videlicet
3442 1705 3510 1755 ut
3548 1700 3658 1757 ho-

2009 1784 2292 1852 minibus,
2325 1786 2426 1856 qui
2458 1786 2568 1842 hac
2597 1802 2774 1843 carne
2801 1786 3057 1858 quodam
3098 1788 3269 1860 quasi
3326 1788 3652 1863 intersepta

239 1869 403 1934 λίδος
457 1873 591 1944 δρᾷν
650 1867 1162 1948 διαφραττομένοις,
1242 1867 1288 1922 si
1363 1868 1439 1940 μή
1496 1867 1602 1968 καὶ*
1634 1867 1893 1943 ἀγγέΛους

2010 1872 2133 1930 velo
2188 1874 2684 1946 impediebantur,
2754 1893 2829 1932 ne
2914 1875 3293 1948 splendorem
3349 1879 3650 1950 prmeelsaa

240 1962 457 2039 ἀγνοεῖν
508 1963 568 2016 τὸ
626 1962 928 2035 μυςτήριον
991 1961 1153 2015 τοῦτο
1210 1957 1521 2032 προώριστο
1574 1954 1641 2012 δι’
1698 1955 1902 2012 οἰκονο-

243 2053 465 2126 μίαν,ῆ
501 2073 567 2125 με
619 2048 870 2120 διέσωσε,
928 2051 1018 2104 καὶ
1076 2052 1178 2118 τῆς
1233 2046 1606 2123 αἰσχρουργοῦ
1654 2045 1744 2102 καὶ
1798 2067 1896 2102 τυ-

232 2149 497 2219 ραννικῆς
525 2142 819 2222 ἀφήρπασε
842 2140 1056 2216 χειρός.

2010 1963 2228 2036 reginae
2260 1965 2478 2019 intueri
2511 1969 2772 2036 possent,
2820 1965 2934 2037 ipsi
2984 1967 3386 2036 ostenderent,
3428 1974 3651 2040 quanta

2007 2051 2119 2118 illi,
2151 2069 2284 2124 qua:
2308 2051 2728 2123 deducebatur,
2751 2054 3083 2110 reverentia
3111 2055 3429 2112 deberetur
3458 2072 3473 2112 :
3532 2057 3648 2112 nisi

2005 2139 2154 2196 forte
2185 2146 2244 2196 et
2271 2140 2420 2197 illud
2451 2141 2770 2198 dicendum
2799 2143 3012 2212 sit,hoc
3043 2143 3391 2214 mysterium
3423 2144 3647 2216 angelis

227 2242 370 2292 tunc
395 2235 846 2306 incompertum
891 2247 1023 2288 eam
1045 2246 1308 2287 servasse
1326 2228 1783 2303 providentiam,
1810 2246 1942 2300 qua:
1985 2246 2082 2286 me
2110 2230 2337 2288 salvum
2395 2231 2554 2301 fecit,
2615 2237 2792 2302 atque
2839 2247 2874 2287 a
2928 2231 3184 2289 fcediﬁca
3221 2249 3289 2289 ac
3337 2233 3648 2306 tyrannica

231 2323 502 2395 (diaboli)
535 2328 831 2396 potestate
857 2321 1096 2394 eripuit.

304 2416 405 2471 IZ'.
440 2415 535 2468 Ἐν
595 2416 679 2484 τῷ
733 2415 846 2483 ναῷ
897 2409 1104 2479 τοίνυν,
1159 2410 1300 2485 ᾗπερ
1360 2406 1618 2483 εἴρηταιη
1671 2408 1892 2484 φέρουσι

235 2505 296 2558 16
331 2501 638 2577 ἱερώτατον
673 2497 926 2575 ἔμψυχον
954 2501 1141 2560 σκεῦος
1196 2497 1390 2568 ἰκεῖνο,
1446 2497 1512 2552 τὸ
1567 2495 1891 2566 Θεοποίητον

241 2594 406 2669 ἄγγος
447 2596 560 2646 τῶν
601 2593 935 2666 θεουργικῶν
966 2586 1361 2662 λαμπηδόνών,
1390 2587 1454 2642 τὸ
1509 2586 1891 2660 πολυτίμητον

235 2682 328 2737 καὶ
359 2687 511 2745 θεῖον
543 2680 839 2753 ἀνάθημα,
874 2679 937 2734 οὗ
961 2682 1107 2734 πᾶσα
1147 2679 1184 2748 ἡ
1241 2675 1460 2748 ποίησις
1514 2674 1694 2746 ἤττων
1751 2677 1894 2750 ὀμοῦ

237 2772 378 2848 πρὸς
446 2769 615 2846 λόγον
675 2768 848 2838 ἀξίας.
917 2769 979 2825 Ὀ
1034 2765 1080 2822 δ’
1137 2765 1424 2842 ἀρχιερεὺς
1481 2761 1588 2822 ἀπό
1668 2786 1728 2842 γε
1781 2770 1891 2822 τῶν

236 2861 534 2936 ὁρωμένων
597 2859 746 2930 τότε,
801 2859 885 2914 ὅτι
942 2855 1112 2913 πλέον
1167 2856 1341 2912 ἐκεῖνα
1396 2853 1433 2926 ἤ
1494 2853 1767 2912 ἐδείκνυτο
1823 2857 1893 2911 τὰ

231 2952 489 3020 εἰωθότα,
537 2949 630 3005 καὶ
673 2947 818 3014 θείας
871 2942 1023 3003 ἔνδον
1085 2943 1242 3002 αὑτὸν
1299 2947 1722 3017 συναισθήσεως,
1782 2945 1892 3023 ἐγὼ

227 3041 462 3115 νομίζω,
529 3037 986 3114 περιλαμψάσης,
1047 3033 1386 3111 ὑψηλότερον
1467 3039 1576 3090 τῶν
1657 3034 1891 3111 φθασάν-

230 3129 477 3203 των,ἱτι
525 3127 587 3184 δὲ
643 3129 736 3183 καὶ
799 3133 909 3183 τῶν
959 3125 1252 3199 ἰςομὲνων,
1310 3125 1410 3196 τὴν
1469 3123 1747 3180 έπέλευσιν
1805 3123 1893 3179 αἶ-

235 3221 501 3293 σθόμενος
535 3225 640 3288 τῆς
674 3217 1014 3295 θεονύμφου,
1047 3212 1199 3271 ούδὶν
1240 3213 1330 3286 ἦν,
1378 3213 1408 3269 6'
1443 3217 1542 3270 τοῦ
1597 3215 1750 3289 ἱεροῦ
1812 3215 1888 3287 μὴ

2075 2411 2242 2467 XVII.
2291 2414 2370 2468 Eo
2412 2412 2609 2486 igitur,
2656 2429 2772 2484 quo
2812 2413 3092 2481 diximus,
3144 2413 3323 2469 modo
3370 2413 3649 2470 sacratis-

2003 2502 2216 2558 simum
2249 2501 2392 2558 illud
2409 2501 2736 2559 animatum
2751 2501 3429 2568 vasculum,deitlcorum
3457 2503 3647 2576 splen-

2002 2590 2215 2646 dorum
2247 2593 2684 2664 receptaculum
2718 2609 2752 2648 a
2781 2593 2899 2647 Deo
2949 2598 3376 2658 constructum,
3430 2609 3646 2649 urnam

2002 2681 2174 2736 aDeo
2205 2680 2536 2737 confectam
2559 2680 2695 2754 (£3),
2728 2682 2955 2738 honore
3015 2681 3429 2754 dignissimum
3469 2697 3536 2738 ac
3561 2681 3646 2738 di-

2001 2770 2202 2826 vinum
2233 2769 2746 2840 donarium,cuius
2777 2769 3046 2842 dignitati
3072 2771 3418 2826 enarrandas
3448 2771 3647 2827 omnis

2003 2860 2226 2931 pariter
2255 2863 2526 2914 creatura
2546 2857 2740 2929 impar
2764 2856 3079 2926 invenitur,
3114 2858 3188 2912 ad
3210 2859 3499 2929 templum
3544 2858 3646 2914 ad-

2004 2947 2247 3004 ducunt.
2307 2947 2450 3002 Cum
2508 2951 2709 3002 autem
2757 2961 3021 3002 summus
3077 2945 3352 3001 sacerdos
3397 2949 3525 3001 tum
3577 2962 3648 3002 ex

2002 3036 2096 3104 iis,
2119 3053 2249 3107 qum
2273 3041 2414 3092 tunc
2463 3034 2882 3101 cernebantur,
2944 3039 3146 3106 utpote
3194 3050 3324 3105 quae
3376 3033 3466 3088 vel
3515 3033 3646 3106 ipsa

2001 3125 2258 3183 novitate
2289 3126 2485 3198 majus
2526 3124 2832 3197 quidpiam
2891 3123 3239 3190 innuebant,
3288 3127 3414 3180 tum
3462 3124 3644 3180 etiam

2003 3216 2201 3273 divina
2228 3216 2388 3272 intus
2408 3215 2559 3285 luce,
2584 3221 2648 3272 ut
2683 3222 2846 3289 puto,
2877 3221 3140 3271 mentem
3181 3213 3367 3286 ipsius
3391 3213 3647 3286 splendi-

226 3313 294 3383 τῇ
333 3283 627 3383 ’Παρθένω
685 3283 908 3380 ἀνέῳξε,
955 3283 1046 3360 καὶ
1105 3303 1272 3360 οἰκεῖν
1317 3283 1503 3372 ⁷αὐτὴν
1563 3283 1888 3376 οἰκειότερον

2008 3306 2136 3364 dius
2166 3323 2345 3379 quam
2376 3283 2554 3363 antea
2577 3305 2668 3362 vel
2683 3283 2904 3378 {postea
2939 3283 3348 3374 collustrante,
3371 3283 3644 3360 animad-

231 3402 459 3465 δαν-τοῦ,
493 3396 548 3453 εῗ
599 3418 653 3452 τι
709 3397 798 3451 καὶ
859 3389 1081 3465 ἄϐατον,
1141 3391 1512 3468 διεψηφίζετο-
1551 3394 1646 3448 Ἐκ
1676 3389 1734 3448 δὶ
1761 3392 1892 3447 τού-

234 3511 332 3546 του
355 3486 532 3557 δῆλον
573 3487 651 3550 ὡς
711 3486 802 3542 καὶ
857 3490 1037 3561 χαρᾶς
1089 3483 1149 3540 ἄν
1210 3483 1278 3553 ἦν
1337 3477 1592 3554 ἔμπλεως
1645 3483 1886 3552 πάντως,

242 3583 494 3652 προορῶν
532 3576 720 3651 ὥσπερ
774 3576 875 3644 τὴν
931 3571 1425 3649 περιελευσομένην
1478 3571 1545 3628 τὰ
1601 3573 1889 3647 σὺμπαντα

228 3669 410 3743 χαρὰν
469 3664 561 3720 διὰ
615 3671 716 3734 τῆς
764 3661 1187 3738 ἐπιδημησάσης
1243 3660 1366 3737 ἄρτι
1423 3661 1504 3733 τῷ
1543 3665 1648 3733 νεῷ
1692 3660 1882 3737 κόρης.

1999 3397 2269 3453 vertisset
2291 3397 2420 3470 jam
2437 3397 2746 3453 advenisse
2779 3396 2880 3452 Dei
2897 3412 3178 3467 sponsam
3197 3410 3212 3463 ;
3233 3393 3404 3450 nulla
3435 3393 3642 3467 templi

1999 3505 2135 3561 pars
2163 3488 2295 3555 fuit,
2352 3504 2530 3560 quam
2582 3487 2805 3560 Virgini
2854 3487 3116 3559 perviam
3137 3502 3258 3542 non
3309 3487 3551 3554 faceret,
3584 3489 3642 3540 et

1996 3577 2216 3645 locum,
2249 3577 2297 3633 si
2321 3577 2454 3649 quis
2478 3582 2605 3633 erat
2646 3577 2709 3632 in
2757 3591 2935 3646 quem
2975 3573 3194 3630 inferre
3233 3574 3447 3645 pedem
3504 3573 3640 3629 aliis

1996 3665 2086 3722 fas
2117 3683 2237 3722 non
2271 3671 2444 3735 esset,
2475 3667 2632 3722 hunc
2663 3665 2749 3720 illi
2781 3664 2976 3736 potius
3006 3680 3184 3736 quam
3231 3661 3344 3718 sibi
3370 3661 3445 3718 ad
3476 3660 3640 3718 inha-

220 3758 542 3814 bitandam
572 3755 936 3829 designabat.
972 3757 1016 3811 E
1046 3754 1260 3826 quibus
1290 3753 1486 3825 palam
1509 3769 1650 3810 sane
1676 3754 2030 3825 ostenditur,
2062 3774 2240 3829 quam
2272 3757 2497 3830 ingenti
2548 3757 2674 3829 ipse
2736 3756 2942 3812 Iustitia
2990 3760 3278 3827 praeterea
3317 3753 3636 3825 perfunde-

220 3859 420 3919 retur,
444 3853 605 3923 quasi
634 3851 1029 3924 prassentiens
1063 3848 1357 3918 videlicet,
1390 3854 1677 3921 quantum
1709 3847 1908 3922 gaudii
1937 3849 2232 3906 universis
2255 3853 2564 3918 pararetur
2592 3863 2697 3918 per
2728 3861 2858 3900 eam
2888 3843 3172 3915 puellam,
3198 3858 3328 3914 quae
3351 3841 3527 3897 modo
3561 3839 3638 3895 ad

221 3942 720 4001 commorandum
749 3943 813 3999 in
832 3939 1057 4012 templo
1086 3940 1424 3996 advenerat.

300 4033 415 4088 ιε’.
450 4030 550 4084 Καὶ
578 4031 724 4084 τοῦτ’
757 4027 818 4084 ἄν
855 4029 1195 4106 προσεφώνει
1254 4031 1324 4101 τῇ
1382 4027 1667 4102 πανάγνῳ,
1725 4028 1756 4082 6'
1792 4027 1884 4082 καὶ

235 4123 268 4189 ἡ
309 4118 515 4182 ἄδολος
565 4117 780 4190 πληθύς
845 4113 1032 4174 ἔπειτα
1077 4118 1215 4192 πρὸς
1270 4117 1361 4172 τὸν
1421 4115 1676 4187 Κτίστηνο
1718 4115 1891 4174 Εύλό-

235 4211 450 4285 γημὲνη
508 4211 545 4278 ἡ
613 4208 890 4283 ἐρχομένη
960 4206 1179 4282 βασιλὶς
1236 4205 1289 4260 ἐν
1359 4205 1588 4278 ὀνόματι
1651 4205 1888 4281 Κμρίοω

239 4301 446 4373 Εἶρῆνη
511 4299 565 4352 ἐν
625 4297 840 4373 οὐρανῷ
899 4296 989 4351 καὶ
1040 4293 1164 4367 δόξα
1217 4293 1270 4350 έν
1346 4295 1619 4370 ὑψίστοις.
1712 4293 1890 4353 Ἀλλὰ

251 4389 336 4442 καὶ
363 4391 458 4456 τὴν
494 4387 802 4462 χαροποιὸν
864 4382 930 4456 δή
985 4384 1186 4455 ταύτην
1246 4381 1307 4438 ἄν
1363 4389 1626 4459 προσεῖπε
1683 4387 1891 4463 φωνὴν,

246 4477 313 4547 ἦν
363 4480 390 4533 ὁ
449 4479 677 4555 βλέπων
735 4475 1005 4554 Σοφονίας
1062 4475 1485 4554 προεφθέγξατο·
1536 4479 1713 4550 Χαῖρε
1765 4471 1893 4553 oeci-

248 4565 363 4644 δρα,
417 4569 651 4645 θύγατερ
712 4566 875 4635 Σιὼν,
935 4561 1004 4620 δι’
1069 4565 1134 4633 ἧς
1183 4564 1213 4618 ’ὀ
1265 4562 1504 4634 Κτίστης
1537 4565 1628 4620 καὶ
1658 4567 1749 4617 νῦν
1802 4564 1896 4636 μὲν

2058 4024 2252 4081 XVIII.
2281 4025 2531 4096 Insuper
2555 4020 2934 4090 crediderim,
2957 4020 3031 4078 ad
3063 4018 3327 4093 puellam
3376 4017 3629 4090 purissi-

1988 4132 2146 4172 mam
2178 4113 2239 4170 id
2282 4113 2448 4169 illum
2497 4111 2872 4180 inclamasse,
2926 4109 3084 4182 quod
3139 4108 3420 4181 deinceps
3454 4107 3633 4165 etiam

1989 4206 2276 4262 innocens
2308 4203 2674 4276 (puerorum)
2723 4201 2897 4258 turba
2931 4200 3002 4257 ad
3033 4201 3371 4254 Creatorem
3405 4215 3418 4252 :
3472 4201 3636 4252 Bene—

1991 4296 2140 4350 dicta
2168 4311 2288 4366 qua,0
2317 4295 2468 4352 venit
2483 4292 2677 4363 regina
2700 4291 2760 4346 in
2789 4293 3011 4346 nomine
3042 4288 3256 4342 Domini
3281 4287 3328 4321 ²⁹
3358 4304 3375 4341 :
3405 4285 3526 4340 Pax
3571 4288 3630 4340 in

1991 4385 2120 4441 cado
2150 4391 2201 4439 et
2231 4382 2416 4452 gloria
2445 4384 2501 4436 in
2533 4379 2819 4436 altissimis
2851 4379 2914 4432 ³ο.
2950 4377 3101 4444 Quin
3151 4381 3210 4432 et
3267 4375 3425 4431 illam
3485 4391 3631 4432 sane

1990 4475 2357 4531 latissimam
2376 4475 2638 4544 (utputo)
2666 4487 2864 4526 vocem
2898 4469 3146 4536 addidit,
3180 4485 3298 4542 qua
3325 4467 3469 4524 olim
3492 4485 3633 4524 usus

1993 4571 2083 4622 est
2112 4564 2404 4637 prapheta
2424 4562 2752 4635 Sophonias
2777 4563 3022 4619 :thare
3043 4559 3346 4628 valde,ﬁlia
3357 4559 3630 4631 Sion(65),

234 4663 439 4736 χαίρει,
463 4660 522 4713 οὶ
551 4657 643 4712 τὸν
691 4653 1080 4730 λαμπρότατον
1129 4655 1284 4708 οἶκον
1337 4651 1688 4728 περικαλλῶς
1738 4654 1882 4728 ὁρῶν

2008 4657 2065 4712 ie
2098 4671 2215 4728 qua
2244 4654 2486 4709 Creator
2522 4657 2582 4708 et
2617 4668 2776 4708 nunc
2824 4649 3066 4723 quidem
3115 4647 3353 4721 gaudet,
3414 4652 3469 4703 te
3507 4647 3634 4718 jam

235 4719 536 4821 ξψούμένον
576 4744 688 4816 ἤδη
745 4719 864 4799 καὶ.
895 4719 1484 4819 συναρμολογούμενον
1538 4744 1676 4818 πρὸς
1724 4719 1882 4814 οέκη-

2008 4719 2242 4804 :ernens
2271 4742 2814 4816 splendidissimam
2843 4719 2956 4797 sibi
3005 4719 3238 4797 domum
3294 4737 3639 4795 felicissime

237 4861 308 4894 σιν
359 4841 576 4896 tunc?
639 4839 942 4913 χαρήσεται
993 4831 1041 4890 δ’
1095 4834 1506 4911 ἐναργέστατον,
1563 4835 1654 4890 ’ὅτε
1707 4834 1880 4907 τοῦθ’,

232 4929 522 5005 ὃτιχαῖρει
577 4929 650 5000 τῇ
705 4931 775 5001 σῇ
830 4926 1165 4995 συνοικήσει,
1227 4919 1507 4995 δεικνύων,
1563 4925 1662 4994 τήν
1701 4923 1878 4999 χαράν

235 5035 309 5071 σοι
339 5017 404 5074 δι’
452 5018 694 5096 ἀγγέλου
761 5016 1012 5090 μηνύσει,
1043 5011 1116 5070 δι’
1164 5015 1232 5086 ἣν
1290 5015 1380 5070 καὶ
1427 5013 1547 5077 νόες
1616 5012 1882 5090 ἀγαλλιά-

1990 4849 2320 4907 assurgere,
2349 4837 2408 4888 et
2454 4832 2528 4888 ad
2567 4831 3024 4888 inhabitandum
3071 4835 3205 4903 apte
3247 4825 3632 4892 concinnari;

1988 4923 2268 5002 gaudebit
2307 4938 2442 4978 vero
2481 4921 2910 4988 vehementius,
2945 4919 3182 4992 quando
3220 4916 3377 4974 adid
3431 4914 3633 5002 palam

1986 5001 2346 5081 faciendum,
2390 5011 2796 5085 gratissimum
2827 5010 3054 5066 scilicet
3075 5008 3186 5064 sibi
3214 5021 3342 5063 esse
3372 5005 3510 5059 inte
3540 5001 3632 5055 in-

299 5176 507 5234 ”Psal.
539 5189 810 5242 unm],
846 5175 930 5229 15.
1006 5171 1053 5207 ³⁸
1079 5172 1246 5240 Jean,
1277 5187 1381 5242 xu,
1410 5172 1496 5227 13.
1572 5169 1622 5206 ⁸ο
1651 5171 1786 5230 Luc.
1820 5186 1880 5240 ιι,
1916 5171 2002 5227 14.

1577 5355 1724 5413 Ant.
1760 5349 2056 5413 Ballerini
2099 5355 2285 5414 notas.

286 5521 391 5588 (64)
421 5521 568 5576 Ecce
589 5514 1144 5588 frequentissimum
1168 5512 1321 5588 illud
1334 5512 1496 5588 apud
1514 5513 1715 5588 Patres
1739 5528 1866 5588 _en_-

228 5582 620 5662 comiiim,quo
648 5582 1014 5665 Déipara_uti
1035 5602 1070 5640 a
1100 5586 1216 5665 Deo
1237 5582 1530 5665 aedificata
1563 5582 1870 5665 singulari-

1977 5510 2185 5564 Johan.
2212 5507 2574 5564 Eubmensis.
2600 5509 2627 5574 §
2658 5505 3035 5628 2.3,sup..paﬁ.
3078 5499 3200 5563 103,
3234 5500 3360 5582 μο4.

2052 5581 2164 5628 (65)
2191 5579 2368 5628 Sonh.
2413 5594 2493 5628 ιιι-
2534 5576 2730 5628 13.810
2764 5590 2950 5628 versno
3025 5571 3122 5628 XX
3153 5570 3312 5628 edita
3343 5589 3360 5628 ε

2052 5581 2164 5651 (65)
2191 5579 2368 5651 Seph.
2413 5594 2499 5651 iu,
2529 5570 2730 5651 l3:Sic
2764 5570 2950 5651 versio
3153 5570 3312 5628 edita
3343 5572 3413 5628 ab
3449 5572 3620 5651 Aldo:

229 5644 725 5739 terﬁcelebiatur,
759 5644 1053 5739 'quodque
1107 5655 1188 5739 ad
1238 5656 1527 5739 ejusdem.
1578 5644 1869 5739 originem

2008 5644 2155 5739 ςαῗρέ
2203 5644 2430 5739 σρβδρα,
2481 5644 2710 5723 θύγατερ
2788 5645 2950 5702 Σιών.
3022 5644 3302 5720 Vulgatus
3379 5649 3621 5706 noster:

228 5741 471 5807 προσίοι-ο
502 5735 661 5794 alias
703 5727 832 5804 jam
885 5727 1436 5793 animadvertimus.
1489 5727 1656 5786 Conf.
1715 5731 1866 5785 orat.

1981 5712 2175 5785 Lauda
2199 5712 2322 5798 ﬁlia
2346 5712 2508 5781 'Sion.
