4090 6208
365 391 441 450 59
1522 379 1815 441 ISIDORI
1858 375 2616 440 THESSALONICENSIS
3699 383 3788 442 60

356 523 947 595 'nabitare,gaudium
978 520 1083 576 tibi
1105 535 1212 592 per
1250 517 1525 587 angelum
1583 516 1961 574 denuntiabit
1993 533 2007 572 :

2143 534 2304 570 ιόνται
2357 511 2446 567 καὶ
2505 513 2788 588 ἄνθρωποι
2843 515 3222 588 σκιρτήσουσι,
3280 514 3372 572 καὶ
3429 521 3574 575 πᾶσα
3623 517 3781 595 λαμ-

359 622 608 690 .propter
648 613 806 685 quod
846 617 906 668 et
960 609 1152 682 angeli
1211 606 1593 675 laetabuntur,
1642 613 1701 664 et
1755 607 2016 664 homines

368 705 772 768 exsultabunt,
791 709 850 758 et
870 701 1157 756 universas
1187 702 1474 755 creaturas
1519 697 1885 754 hilaritatem
1915 714 2017 754 ex-

366 795 696 870 plicabunt.

350 894 356 900 ‘
437 884 691 940 Ulterius
726 897 858 953 quas
899 884 1106 953 postea
1145 878 1220 935 ad
1251 877 1611 934 Salvatorem
1641 878 1828 934 Deum
1857 877 2019 934 ulnis

369 975 494 1032 suis
554 977 860 1044 receptum
903 972 1113 1026 atratus
1165 975 1256 1025 est
1299 969 1560 1038 Sim'eon,
1597 968 1723 1025 haac
1770 985 1912 1026 sane
1961 973 2019 1025 et

365 1062 678 1119 hierarcha
739 1062 1051 1133 Deiparam
1134 1059 1434 1132 excipiens
1515 1059 2017 1132 opportunissime

367 1153 517 1208 dixit
549 1169 563 1207 :
596 1155 752 1209 Nunc
781 1153 1040 1206 viderunt
1061 1150 1210 1205 oculi
1239 1151 1346 1204 mei
1390 1149 1657 1219 salutare,
1717 1150 1865 1220 quod
1909 1166 2020 1220 pa-

365 1248 550 1298 ratum
582 1247 660 1296 est
691 1247 823 1296 ante
849 1241 1052 1310 faciem
1083 1241 1327 1294 omnium
1350 1237 1709 1309 populorum,
1736 1238 1918 1294 lumen
1947 1239 2022 1292 ad

368 1331 761 1389 reuelationem
785 1331 1122 1403 gentiu-m,et.
1148 1330 1386 1400 gloriam
1394 1330 1576 1399 plebis
1598 1336 1707 1382 tuae
1745 1328 1918 1384 Israel
1947 1327 2016 1383 3‘.

367 1421 591 1488 Quibus
624 1427 684 1476 et
712 1420 861 1476 illud
893 1418 1321 1492 adjecit,vquod
1341 1418 1576 1474 divinus
1605 1419 1754 1474 Isaia
1777 1423 2022 1490 propter

369 1512 689 1567 Dominum
722 1510 954 1565 dixerat
983 1510 1140 1582 (66):
1202 1510 1388 1576 Nunc,
1451 1524 1484 1563 ο
1541 1506 1761 1579 puella,
1800 1523 1908 1579 per
1962 1513 2019 1563 te

359 1601 567 1656 videbit
627 1599 806 1656 omnis
863 1616 992 1654 caro
1049 1599 1296 1654 salutare
1352 1598 1467 1653 Dei.
1497 1596 1813 1670 Ingredere
1843 1597 2023 1668 igitur

365 1690 736 1748 conﬁdenter
768 1690 831 1744 in
856 1688 1150 1761 templum
1168 1692 1436 1744 sanctum
1458 1693 1662 1757 tuum;
1694 1703 1830 1743 vere
1860 1687 2020 1742 enim

360 1784 530 1835 tuum
568 1779 766 1852 potius
803 1794 982 1850 quam
1014 1777 1261 1835 alterius
1301 1777 1624 1849 cujuslibet
1651 1782 1743 1833 est
1772 1777 1886 1833 hoc
1915 1775 2023 1832 do-

2126 607 2335 682 πρυνθή
2346 624 2495 658 σεται
2518 603 2714 665 κτίσις,

2201 874 2324 930 Ἕτι
2355 870 2412 928 δὲ
2443 871 2533 928 καὶ
2565 873 2686 928 οἷον
2723 871 2752 926 6
2792 870 3059 950 θεοδόχος
3102 877 3330 949 Συμεὼν
3376 874 3594 953 ὕστερον
3644 881 3797 957 πρὸς

2128 965 2220 1018 τὸν
2271 966 2527 1038 Σωτῆρα.
2567 966 2819 1018 τοιοῦτον
2864 965 3134 1029 κᾶνταῦθα
3172 965 3261 1020 καὶ
3314 967 3342 1021 6
3414 969 3511 1036 τὴν
3583 972 3795 1025 Θεοτό-

2127 1073 2222 1108 κον
2295 1048 2703 1130 ὑποδεχόμενος
2775 1053 3040 1128 ἱεράρχης
3106 1055 3243 1111 κατᾶ
3318 1058 3503 1131 καιρὸν
3569 1058 3790 1132 εἴρηκεν

2129 1141 2213 1198 ἄν·
2272 1147 2383 1199 Νῦν
2439 1140 2586 1198 εἶδον
2645 1144 2699 1198 οἳ
2777 1143 3056 1221 ὀφθαλμοί
3127 1167 3226 1219 μον
3284 1148 3346 1202 τὸ
3397 1151 3691 1224 σωτήριον,
3765 1148 3799 1205 ὅ

2125 1232 2455 1307 ἡτοίμασται
2547 1233 2684 1288 κατὰ
2758 1234 3056 1308 πρόσωπον
3145 1237 3352 1292 κὰντων
3429 1242 3536 1294 τῶν
3611 1238 3796 1312 λαῶν,

2130 1327 2245 1400 φῶς
2276 1323 2353 1385 εἷς
2396 1321 2742 1396 ἀποκάλυψιν
2784 1321 2971 1390 ἐθνῶν,
3027 1325 3117 1379 καὶ
3158 1323 3311 1396 δόξαν
3366 1327 3502 1382 λαοῦ
3535 1327 3792 1403 Ἰσραήλ⁸

2132 1412 2225 1466 σύν
2255 1413 2435 1486 τούτῷ
2472 1433 2529 1467 τε
2553 1412 2643 1466 καὶ
2681 1413 2745 1467 τὸ
2772 1412 2920 1487 παρᾶ
2946 1419 3046 1468 τοῦ
3099 1414 3246 1470 θείου
3293 1417 3518 1472 Ἦσαῗου
3563 1415 3654 1472 διά
3690 1419 3793 1474 τὸν

2131 1502 2431 1572 Δεσπότηψ
2506 1505 2600 1557 νῦν
2672 1497 2886 1576 ὄψεται,
2935 1501 3098 1577 κόρη,
3176 1509 3322 1560 πᾶσα
3357 1506 3482 1580 σὰρξ
3548 1504 3637 1562 διὰ
3687 1512 3794 1563 σοῦ

2128 1593 2191 1648 τὸ
2272 1594 2543 1667 σωτήριον
2615 1595 2718 1648 τοῦ
2792 1597 2947 1648 Θεοῦ·
3017 1593 3224 1651 εἴτελθε
3295 1593 3388 1650 οὗν
3443 1596 3795 1672 θαρρούντως

2131 1677 2208 1743 εἷς
2244 1680 2370 1734 ναὸν
2426 1679 2576 1756 ἅγιόν
2629 1700 2748 1750 σου,
2804 1683 2970 1737 τοῦτο
3014 1678 3081 1751 δὴ
3143 1683 3205 1738 τὸ
3254 1682 3347 1738 σὸν
3395 1685 3528 1755 ὑπὲρ
3574 1686 3794 1748 πάντας

2129 1769 2363 1842 ἀληθῶς
2459 1773 2834 1848 καταγώγιον,
2931 1773 3024 1828 καὶ
3131 1773 3399 1842 ἐπιλάθου
3466 1780 3563 1832 τοῦ
3630 1777 3794 1834 οἴκου

365 1867 739 1938 micilium,et
768 1869 1087 1925 obliviscere
1115 1868 1342 1923 domum
1361 1871 1548 1938 patris
1575 1870 1679 1936 ιω,
1721 1867 1857 1937 quia
1883 1880 2021 1924 con-

2143 1865 2229 1917 τοῦ
2279 1860 2487 1936 πατρός
2547 1882 2667 1935 σου,
2711 1861 2795 1918 ’ὁτι
2866 1863 2894 1919 6
2943 1861 3201 1939 βασιλεὺς
3266 1869 3364 1921 τοῦ
3411 1869 3506 1922 σοῦ
3545 1866 3796 1931 κάλλους

364 1959 616 2028 cupiscet
647 1974 751 2013 rex
779 1957 1258 2029 qulchritudinem
1284 1963 1438 2012 tuam
1466 1955 1532 2008 ³³.

445 2047 514 2102 Et
542 2064 702 2103 nunc
736 2063 842 2120 ego
875 2046 1119 2118 quidem
1149 2061 1359 2102 omnes
1388 2045 1570 2117 hujus
1603 2044 1810 2118 templi
1829 2049 2030 2118 portas

365 2137 473 2193 tibi
497 2135 605 2193 soli
629 2137 920 2208 aperio,et
951 2140 1017 2191 ut
1045 2134 1233 2191 libere
1279 2135 1442 2191 intus
1474 2151 1643 2191 sacra
1700 2135 2032 2207 penetralia

364 2227 578 2302 pedem
594 2227 959 2297 inferas,quo
977 2226 1579 2297 libeat,permitto.Tu
1600 2241 1739 2280 vero
1756 2226 1862 2281 uni
1879 2242 2030 2282 con-

371 2317 546 2371 ditori
583 2322 682 2371 tuo
705 2316 903 2370 cordis
938 2314 1022 2368 tui
1053 2319 1256 2385 portas
1307 2313 1624 2377 reserabis,
1658 2314 2028 2385 efficiesque,

370 2408 437 2461 ut
457 2405 647 2459 libere
678 2403 899 2458 morari
931 2403 1090 2458 intra
1118 2407 1176 2458 te
1207 2403 1414 2474 possit,
1435 2403 1497 2457 in
1530 2419 1647 2473 qua
1682 2403 1808 2458 sola
1856 2404 2027 2460 inha-

374 2493 564 2549 bitare
586 2493 812 2562 statuit,
874 2497 933 2547 et
977 2507 1158 2564 quam
1187 2508 1258 2548 ex
1309 2491 1585 2549 omnibus
1616 2491 1856 2549 ﬁliabus
1889 2493 2030 2549 Sion

374 2583 488 2640 sibi
520 2583 758 2655 delegit.

444 2672 610 2739 Quod
640 2672 688 2728 si
722 2677 780 2728 et
810 2688 1030 2729 novum
1051 2671 1232 2728 modo
1263 2671 1319 2727 ei
1351 2672 1594 2729 omnino
1641 2676 1861 2745 praeter
1900 2689 2029 2729 mo-

373 2779 500 2821 rem
532 2762 842 2830 accidit,ut
864 2767 1143 2844 reseratae
1167 2778 1377 2818 omnes
1393 2762 1501 2818 tibi
1538 2767 1783 2836 pateant
1821 2761 2030 2836 templi

367 2853 572 2926 janum
599 2870 614 2920 ;
647 2857 709 2908 at
738 2869 896 2908 nunc
915 2853 1140 2924 pariter
1168 2853 1362 2925 majus
1412 2851 1638 2924 aliquid
1670 2851 1743 2908 de
1788 2857 1844 2908 te
1873 2852 2028 2909 Deus

376 2942 441 2999 in
472 2943 636 2999 caelis
667 2943 948 3014 disponit,
985 2947 1042 2997 et
1098 2942 1367 2998 cmlestes
1421 2942 1530 2996 tibi
1589 2947 1789 3014 portas
1837 2942 2028 2998 attolli

373 3030 566 3102 jubet,
591 3036 658 3086 ut
686 3031 760 3085 ad
803 3031 977 3085 illum
1007 3031 1202 3102 ipsum
1249 3031 1747 3097 inaccessibilem,
1785 3032 2028 3087 nemine

372 3120 481 3175 tibi
518 3120 866 3184 obsistente,
901 3119 1184 3174 accedere
1228 3135 1534 3191 properes,
1581 3120 2026 3190 pulchritudine

373 3214 478 3266 tua
503 3208 884 3279 efﬁcias(67),
918 3213 986 3263 ut
1015 3208 1076 3262 in
1125 3209 1300 3262 terris
1359 3225 1487 3263 sese
1537 3208 2021 3280 conspiciendum

2135 1948 2376 2025 ἇπιθυμή
2385 1972 2484 2008 σει.

2206 2040 2311 2097 Καὶ
2342 2045 2431 2095 νῦν
2460 2037 2571 2117 ἐγὼ
2608 2041 2704 2116 μὶν
2735 2039 2831 2103 τὰς
2873 2044 2971 2096 τοῦ
2993 2044 3100 2098 νεὼ
3148 2040 3309 2099 τοῦδε
3349 2043 3488 2121 μόνῃ
3542 2067 3626 2100 σοι
3682 2044 3796 2103 πύ-

2137 2125 2239 2192 λας
2269 2129 2558 2208 ἀνοίγνυμι
2603 2130 2800 2201 πάσας,
2845 2131 2936 2186 καὶ
2973 2134 3092 2206 μετ’
3145 2131 3452 2207 ἐλευθερίας
3501 2140 3607 2190 τῶν
3654 2132 3790 2190 ἀδύ-

2135 2222 2243 2273 τῶν
2272 2214 2425 2275 ἔνδον
2467 2225 2690 2295 χωρεῖν,
2749 2219 2877 2274 ὅποι
2929 2220 3142 2296 βούλει,
3200 2228 3544 2299 παραχιιυριῗιῐι⁸
3615 2225 3677 2281 σὺ
3729 2222 3793 2280 δὲ

2139 2311 2292 2384 μόνῳ
2351 2314 2431 2383 τῷ
2491 2309 2707 2385 πλάστῃ
2754 2311 2852 2374 τάς
2897 2309 3072 2373 πύλας
3109 2319 3208 2382 τῆς
3261 2316 3361 2386 σῇς
3424 2313 3783 2378 ἀναπετάσεις

2133 2397 2380 2477 καρδίας,
2453 2400 2545 2454 καὶ
2606 2396 2757 2455 ἔνδον
2825 2399 3137 2476 ἐλευθερίως
3187 2401 3410 2456 ἐνοικεῖν
3457 2423 3546 2456 σοι
3597 2425 3787 2478 παρα-

2135 2487 2506 2558 σκευάσεις,ἐν
2599 2495 2869 2546 κατοικεῖν
2923 2489 3204 2566 ᾑρετίσατο
3247 2491 3406 2566 μόνῃ,
3447 2489 3539 2546 καί
3587 2491 3654 2562 ἦν
3709 2491 3777 2548 ἐκ

2129 2584 2238 2635 τῶν
2263 2580 2573 2654 θυγατέρων
2611 2579 2757 2634 Σιὼν
2781 2578 3111 2650 ὲξελὲξὲατο.

2213 2673 2346 2738 Νῦν,
2379 2668 2547 2724 εἶκαὶ
2597 2668 2743 2739 ξένον
2798 2669 2888 2724 καὶ
2931 2670 3077 2744 παρὰ
3120 2671 3182 2726 τὸ
3229 2670 3444 2742 είωθὸς,
3493 2666 3576 2726 ὅτι
3622 2669 3783 2727 κλει-

2135 2757 2228 2823 δὸς
2297 2757 2552 2836 ἒλευθέρα
2614 2764 2712 2815 τοῦ
2771 2761 2919 2836 ἱεροῦ
2984 2767 3130 2816 πᾶσα
3203 2761 3516 2826 καθίσταται
3601 2762 3786 2835 πύλη,

2133 2846 2282 2905 ἀλλὰ
2299 2868 2352 2904 τι
2382 2853 2567 2924 μεῖζον
2592 2849 2721 2924 ὑπὲρ
2742 2853 2837 2904 σοῦ
2858 2849 2947 2904 καὶ
2984 2853 3074 2905 νῦν
3125 2848 3236 2905 ἄνω
3279 2852 3408 2914 Θεὸς
3460 2849 3786 2922 διατίθεται,

2132 2939 2224 2994 καὶ
2265 2938 2361 3002 τὰς
2408 2939 2691 3012 οὐρανίους
2728 2937 2898 3014 αἶ’ρειν
2933 2961 3027 2996 σπι
3081 2941 3404 3015 προστάττει
3449 2939 3652 3015 πύλας,
3693 2941 3787 2997 ἵνα

2132 3029 2376 3102 πρὸςτὸν
2417 3028 2583 3103 μόνον
2628 3029 2789 3084 αὑτὸν
2839 3026 3058 3101 ἄϐατον,
3115 3029 3349 3104 μηδενός
3387 3053 3470 3088 σοι
3516 3052 3789 3108 προσιστα

2137 3118 2326 3191 μὲνοτ,
2352 3119 2580 3196 φθάσῃς,
2604 3117 2694 3173 καὶ
2715 3118 2862 3174 κάτω
2906 3119 3095 3193 πείσῃς
3140 3118 3230 3176 διὰ
3256 3122 3356 3190 τὴν
3409 3123 3507 3190 σὴν
3555 3119 3788 3196 ἀγλαΐαν

2131 3211 2324 3262 τοῦτον
2349 3214 2605 3282 φανῆναι,
2645 3209 2738 3263 καί
2778 3208 2910 3284 ὑπὲρ
2948 3207 3107 3278 ἣλιον
3153 3209 3470 3285 λαμπρῦναι
3523 3212 3622 3281 τὴν
3657 3217 3785 3286 γῆν,

374 3300 502 3371 ipse
533 3297 826 3364 exhibeat,
854 3304 910 3353 et
942 3297 1071 3354 luce
1105 3314 1213 3353 sua
1242 3296 1587 3353 universum
1634 3298 1839 3356 orbem
1897 3318 2019 3373 prm

2143 3300 2218 3353 ξῦν
2272 3297 2368 3372 μὲν
2418 3302 2687 3353 κατοικεῖν
2737 3319 2793 3353 σε
2844 3298 2895 3353 ἐν
2947 3297 3084 3374 οἴκῳ
3135 3301 3362 3377 Κυτρίου
3430 3301 3506 3362 εἰς
3568 3301 3783 3376 μακρό-

377 3388 510 3444 luce
541 3387 720 3442 solari
751 3386 1068 3445 illuminet.
1109 3388 1252 3444 Ecce
1285 3387 1530 3444 domum
1559 3388 1814 3460 Domini,
1871 3389 2030 3448 intra

377 3493 554 3550 quam
571 3477 757 3534 semel
773 3482 999 3533 tantum
1013 3478 1074 3533 in
1087 3494 1242 3534 anno
1261 3494 1494 3534 summo
1513 3477 1803 3534 sacerdoti
1814 3479 2028 3554 pedem

376 3568 598 3624 inferre
623 3584 730 3640 per
751 3567 942 3640 legem
983 3568 1143 3636 licet,
1179 3567 1284 3622 tibi
1334 3567 1526 3635 trado,
1549 3573 1616 3624 ut
1628 3569 1800 3640 juxta
1817 3570 2029 3626 Psaltis

376 3674 583 3714 vocem
607 3660 669 3712 in
700 3675 764 3713 ea
793 3658 1068 3714 inhabiles
1098 3659 1158 3713 in
1185 3657 1589 3727 longitudinem
1611 3658 1824 3714 dierum
1843 3658 1909 3714 ⁸³.
1945 3662 2031 3717 Tu

377 3762 516 3801 vero
547 3761 670 3801 non
717 3745 905 3801 multo
955 3750 1088 3817 post
1132 3745 1294 3802 intus
1337 3746 1720 3819 temetipsam
1750 3763 2030 3821 magnum

377 3835 731 3893 Pontiﬁcem
774 3835 1074 3892 Christum
1120 3835 1389 3902 habebis,
1420 3836 1739 3908 ipsumque
1769 3837 1842 3892 ad
1881 3837 2033 3894 mul—

2134 3405 2274 3458 τητα
2302 3387 2545 3464 ἡμερῶν,
2593 3387 2886 3462 ψαλμικῶς
2947 3389 3138 3461 εἰπεῖν,
3181 3387 3461 3464 ἐνδίδωμι,
3521 3388 3643 3446 ἔνθα
3680 3395 3785 3447 τοῦ

2139 3476 2381 3533 ἐνιαυτοῦ
2442 3477 2578 3552 ἅπαξ
2646 3477 2862 3534 εἰσιέναι
2935 3480 3029 3534 τὸν
3114 3477 3374 3555 ἀρχιερέα
3472 3482 3779 3554 νομίζεται·

2136 3567 2200 3622 σὺ
2222 3563 2279 3622 δὶ
2299 3568 2416 3642 μετ’
2456 3565 2650 3644 ὀλίγον
2683 3568 2777 3624 τὸν
2835 3568 3003 3648 μέγαν
3043 3570 3302 3648 ἀρχιερέα
3357 3571 3588 3645 Χριστὸν
3622 3568 3780 3626 ἔνδον

2134 3653 2272 3728 ἔξεις
2301 3663 2520 3729 σαυτῆς,
2569 3657 2660 3712 καὶ
2714 3662 2906 3714 τοῦτον
2971 3659 3258 3734 βαστάσεις
3312 3657 3624 3737 παραπολύ.
3665 3661 3781 3717 Ἶθι

2134 3746 2338 3818 τοίνυν,
2380 3746 2425 3802 ὧ
2478 3747 2728 3826 θύγατερ,
2776 3750 2854 3813 είς
2890 3750 2957 3805 τὰ
2994 3771 3102 3806 των
3142 3750 3313 3826 ἁγίων
3361 3754 3548 3826 Ἅγια,
3583 3752 3619 3820 ἡ
3661 3754 3778 3806 τῶν

2137 3837 2304 3914 ἁγίων
2352 3837 2602 3893 ἁπάντων
2652 3839 2952 3915 ἁγιώτατον
2995 3837 3389 3914 ὑποδεξομένη,
3423 3840 3514 3898 καὶ
3557 3839 3622 3895 τὸ
3671 3845 3785 3898 πᾶν

385 3931 509 3981 tum
552 3927 837 3998 temporis
859 3926 1254 3999 gestabis.Abi
1276 3927 1476 4000 igitur,
1511 3944 1544 3982 ο
1575 3926 1798 3996 ﬁlia,in
1820 3927 2027 3986 Sancta

2143 3928 2452 4002 άγιάσουσα’
2475 3928 2717 4004 πρόσιθι,
2753 3929 2997 4006 βασιλὶς,
3026 3932 3094 3986 τὰ
3127 3929 3356 4009 λαμπρά
3386 3928 3454 4002 δὴ
3484 3935 3653 3987 ταῦτα
3687 3929 3790 3986 καὶ

383 4019 750 4080 sanctorum,
770 4033 900 4086 quas
926 4021 1267 4072 sanctorum
1299 4016 1566 4072 omnium
1589 4017 2027 4074 sanctissimum

2143 4017 2204 4072 τὰ
2231 4017 2479 4092 βασίλεια
2510 4015 2809 4094 δεχομένη,
2841 4022 2876 4090 ἡ
2914 4021 3005 4076 τὸν
3051 4025 3148 4076 τοῦ
3186 4021 3382 4083 παντὸς
3427 4019 3656 4096 βασιλέα
3685 4021 3790 4096 βα-

383 4119 447 4160 es
474 4108 812 4175 exceptura,
864 4109 923 4158 et
970 4105 1345 4160 sanctitatem
1392 4105 1670 4160 omnibus
1728 4105 2027 4179 largitura.

2143 4107 2362 4170 σιλικᾶς
2397 4112 2517 4173 τοῖς
2551 4111 2604 4166 ἰν
2633 4114 2706 4184 γῇ
2772 4116 3074 4188 παρασχεῖν
3121 4110 3352 4187 χάριτας
3400 4111 3790 4168 ἁναπείσουσα.

382 4193 634 4264 Accede,
692 4193 976 4267 Reginaet
1024 4193 1177 4250 hanc
1236 4209 1377 4250 sane
1437 4193 1812 4266 splendidam
1869 4209 1939 4250 ac
1995 4197 2220 4270 regiam
2264 4199 2468 4258 sedem
2516 4205 2580 4258 tu
2634 4200 2856 4274 accipe,
2914 4217 3047 4260 uuas
3097 4205 3312 4276 Regem
3371 4203 3796 4260 universorum

449 4325 491 4360 δι
526 4325 662 4384 Luc.
697 4341 755 4394 ιι,
791 4326 970 4383 30-33.
1048 4323 1095 4361 ⁸³
1125 4323 1281 4384 Psal.
1305 4341 1450 4392 XLIV,
1490 4325 1572 4402 11,
1604 4326 1690 4380 l2.
1765 4325 1812 4361 ⁸³
1839 4324 1997 4383 Psal.
2027 4339 2166 4392 χχιι,
2195 4325 2248 4381 6.

1738 4457 1886 4518 Ant.
1917 4455 2214 4519 Ballerini
2239 4458 2428 4517 notae.

455 4585 567 4668 (οδ)
610 4588 727 4668 Isa.
806 4603 888 4668 xi,
938 4590 991 4657 5,
1054 4603 1194 4668 sec:
1231 4588 1418 4668 L_XX_;
1465 4586 1584 4668 _Ka_‘t
1640 4582 1830 4668 ἕψεται
1889 4596 2027 4668 natea

2143 4664 2157 4668 _
2215 4591 2484 4668 andreas
2513 4592 2810 4668 Cretensis
2841 4593 2933 4668 (in_
2972 4593 3158 4668 Natio.
3199 4595 3352 4666 Deip.
3408 4595 3564 4668 apud
3624 4597 3802 4654 Com-

387 4654 512 4730 σὰρξ
569 4656 632 4710 τὸ
686 4654 1108 4730 σωτήριον’τοῦ
1163 4661 1318 4730 Θεοῦ.
1375 4659 1655 4730 Vulgatus
1687 4654 1864 4730 juxta
1918 4666 2034 4720 He-

385 4729 652 4806 braicum
663 4729 1069 4806 _textum_legit
1092 4747 1105 4784 ε
1127 4731 1190 4784 Et
1211 4729 1420 4806 videbit
1441 4729 1616 4784 omnis
1636 4729 1766 4787 caro
1786 4736 2028 4806 pariter,

387 4801 536 4880 quod
565 4817 623 4856 os
651 4803 878 4880 Domini
904 4802 1144 4880 locutum
1175 4807 1272 4880 est.
1330 4801 1515 4857 Lucas
1564 4806 1764 4859 tamen
1787 4801 1925 4876 ’(m,
1976 4801 2029 4880 6)

388 4873 602 4928 Grmcm
627 4873 881 4928 versioni
915 4875 1290 4945 suffragatur.

456 4947 570 5012 (67)
603 4946 902 5017 Frequens
934 4945 1090 5016 apud
1140 4946 1345 5017 Patres
1397 4945 1658 5000 occurrit
1715 4949 2028 5016 sententia,

387 5022 606 5074 sanctm
640 5015 894 5090 Virginis
953 5015 1460 5090 pulchritudinem
1512 5017 1797 5090 eercisse,
1845 5025 1913 5076 ut
1958 5015 2032 5077 ad

388 5090 577 5162 ipsam
602 5091 662 5145 in
695 5087 880 5145 terras
911 5087 1014 5162 Dei
1046 5087 1299 5162 verbum
1349 5087 1754 5162 descenderet.
1786 5087 1919 5160 ’Sic,
1969 5099 2035 5148 ut

386 5160 680 5218 nonnulla
710 5160 1353 5225 eorumlocainnuam,
1407 5163 1614 5214 auctor
1663 5161 1923 5218 homilim
1975 5164 2033 5220 in

388 5234 632 5305 Annunt.
695 5236 942 5305 Deiparw
995 5233 1150 5288 inter
1192 5232 1398 5305 Opera
1430 5230 1829 5305 Chrys‘ostomi
1864 5236 2031 5304 (tom.

389 5304 481 5368 XI,
517 5322 648 5375 pag.
699 5302 824 5374 840,
868 5305 1009 5363 edit.
1072 5302 1283 5370 Paris.,
1332 5303 1546 5375 4728):
1597 5303 1781 5375 Supra
1824 5302 2034 5362 omnem

391 5373 695 5448 creaturam
755 5385 954 5448 ornata
1009 5393 1082 5444 es,
1141 5391 1306 5448 super
1357 5373 1514 5448 caelos
1577 5374 1852 5446 decorata,
1906 5378 2035 5448 plus

391 5459 556 5512 quam
583 5447 662 5500 sol
681 5447 886 5517 fulges.
918 5465 1088 5520 supra
1118 5447 1338 5516 angelos
1377 5446 1627 5501 exaltata
1670 5464 1742 5516 es,
1773 5465 1884 5504 non
1907 5446 1924 5448 “
1943 5467 2032 5506 as-

391 5522 611 5582 sumpta
642 5532 692 5570 es
723 5520 781 5571 in
823 5520 998 5583 ccelos,
1052 5520 1145 5575 sed
1188 5522 1245 5572 in
1291 5520 1451 5573 terris
1507 5535 1728 5575 manens
1773 5521 2037 5578 cwlestem

393 5585 681 5662 Dominum
711 5603 773 5662 ac
804 5591 998 5662 Regem
1029 5589 1274 5662 omnium
1303 5590 1454 5662 adte
1478 5593 1763 5646 attruxisti
1793 5589 2037 5662 (ἀλλ’ἐπὶ

394 5661 494 5732 τῆς
529 5723 545 5732 ι
583 5662 686 5732 γῆς
760 5656 1014 5732 ἰσταμένη
1092 5660 1182 5712 τὸν
1219 5727 1232 5732 _
1271 5657 1526 5732 οὐράνιον
1606 5656 1880 5732 Δεσπότην
1945 5663 2035 5717 καὶ

396 5723 652 5801 βασιλέα
717 5731 825 5785 τῶν
885 5723 1134 5783 ἆπάντῶν
1215 5723 1499 5784 ἐπεσπάσω
1563 5733 1701 5808 πρὸς
1777 5723 2034 5809 ἑαυτήν).

2141 4664 2309 4720 befis.
2370 4669 2526 4720 auct.
2571 4665 2680 4720 vol.
2741 4668 2785 4732 Ι,
2845 4664 2958 4721 col.
3014 4664 3394 4738 1324-13232
3445 4664 3616 4738 Cujus
3665 4673 3800 4726 ani-

2140 4752 2242 4791 mw
2272 4738 2493 4806 quidem
2521 4743 2816 4812 venustans
2841 4753 3011 4809 usque
3040 4738 3179 4793 adeo
3210 4740 3267 4792 in
3299 4741 3619 4812 immensum
3643 4759 3799 4812 pro-

2140 4812 2526 4882 vecta_est,_ut
2545 4807 2804 4865 Christus
2833 4807 2967 4880 ipse.
3003 4810 3379 4882 immensailla
3403 4807 3796 4882 pulchritudo,

2143 4878 2260 4948 ejus
2290 4879 2558 4953 desiderio
2589 4878 2878 4953 exarserit,
2919 4881 3321 4953 secundamque
3363 4878 3431 4938 ei-
3458 4887 3596 4953 ἄρεα
3639 4878 3800 4938 nati;

2142 4950 2619 5027 vitatemelegerlt
2659 4953 2782 5027 (ᾛς
2808 4951 2871 5006 τὸ
2897 4952 2991 5023 μὲν
3022 4958 3123 5020 τῆς
3145 4950 3344 5027 uti—xi]:
3384 4950 3587 5027 κάλλος
3629 4954 3796 5027 ἀπειέ

2180 5022 2333 5098 άκις.
2368 5019 2606 5098 ἀπείρως
2665 5019 2766 5098 ἐἷς
2815 5019 3088 5098 τοσοῦτον
3123 5019 3426 5098 Δἔξηίιρηται,
3480 5025 3630 5098 ὅπως
3701 5026 3800 5082 καὶ

2196 5091 2373 5167 ριστὸν
2424 5091 2585 5149 αὐτὸν
2630 5094 2692 5150 τὸ
2744 5095 2775 5150 ἀ
2825 5097 2856 5164 ή
2911 5115 3032 5150 ανον
3070 5091 3307 5158 κάλλος
3354 5091 3432 5159 εἷς
3502 5096 3797 5170 ἐπιθυμίαν

2196 5185 2239 5218 »υ
2269 5163 2471 5222 ταύτης
2494 5165 2734 5222 κάλλους
2758 5116 3047 5222 ἐλθέίν...).
3087 5170 3150 5222 Id
3181 5169 3408 5222 centies
3458 5175 3517 5222 et
3574 5173 3634 5222 in
3685 5173 3797 5222 Me-

2142 5163 2239 5220 του
2269 5163 2471 5234 ταύτης
2494 5165 2734 5228 κάλλους
2758 5163 3047 5233 adsim“).
3087 5170 3150 5224 Id
3181 5169 3408 5225 centies
3458 5175 3517 5226 et
3574 5173 3635 5226 in
3667 5163 3804 5227 ’Με-

2143 5237 2655 5312 n_mis_Graecorum
2688 5239 2919 5312 legitur.
2956 5240 3047 5295 Sic
3077 5241 3150 5295 ad
3179 5241 3340 5296 diem
3366 5245 3434 5297 29
3458 5243 3625 5298 Febr.
3673 5243 3801 5300 Ode

2145 5309 2237 5383 ζ’ζ
2283 5309 2437 5383 Cum,
2465 5315 2514 5383 te
2563 5309 2772 5380 utpote
2802 5312 3122 5383 pulchrum,
3172 5320 3365 5382 utpote
3423 5323 3727 5379 venustam,
3770 5333 3802 5371 ο

2143 5379 2390 5456 cujusvis
2419 5381 2560 5456 tabis
2583 5379 3080 5454 penitus—exspers,
3109 5379 3412 5440 dilexisset
3454 5388 3608 5441 Iesus
3660 5387 3805 5456 pul-

2145 5451 2747 5531 chritudinisdonator,
2772 5471 2840 5510 ea:
2871 5451 3238 5531 te—secundum
3263 5451 3681 5531 carnemqnatus
3699 5466 3802 5531 est,

2145 5529 2195 5578 et
2217 5529 2449 5592 propter
2477 5525 2799 5592 immensam
2817 5529 3081 5592 pietatem
3103 5545 3257 5583 suam
3306 5545 3390 5582 me
3439 5530 3508 5584 ad
3537 5525 3806 5587 deitatem

2146 5589 2342 5672 evehit:
2369 5589 2442 5653 ὣς
2465 5591 2664 5672 καλὴν,
2687 5595 2761 5657 ὡς
2792 5589 2992 5672 ιὲἶραίαν
3018 5601 3264 5668 ποθήσας
3295 5619 3350 5652 σε
3378 5601 3406 5652 ὁ
3438 5597 3806 5666 παλλοποιὸς

2146 5666 2906 5748 ξΙησοῦς,“παναμώμητε,’ὲκ
2957 5674 3052 5748 σοῦ
3105 5666 3262 5748 σαρκὶ
3309 5673 3644 5748 γεγέννηται,
3704 5675 3803 5729 καὶ

2144 5737 2261 5792 θεοῖ
2286 5754 2353 5811 με
2370 5734 2442 5792 δι’
2458 5734 2643 5795 οἶκτον
2653 5734 3013 5817 ’ἀμέτρητονλ
