4030 6212
168 331 225 392 61
1030 327 1294 390 BERMO
1337 329 1419 390 ΙΝ
1464 328 2209 392 PB/ESENTATIONEM
2255 329 2324 389 B.
2370 329 2445 393 ν.
2491 330 2790 393 ΜΑΒΙᾸΞ.
3510 334 3590 395 62

169 466 227 525 ad
245 465 432 540 regias
461 464 704 539 gratias
736 464 1126 523 terrestribus
1146 465 1308 538 large
1342 464 1774 539 impertiendas
1803 466 2200 542 permovebis.

231 558 330 614 19'.
357 553 598 617 Τούτοις
649 555 749 610 οὖν
811 558 846 624 ἦ
893 553 1126 618 Θεόπαις
1159 554 1350 632 λόγοις
1382 555 1702 629 ὑποσχοῦσα
1727 558 1827 627 τήν

2014 557 2165 613 ΧΙΧ.
2199 558 2298 613 His
2328 557 2528 629 itaque
2559 559 2733 616 dictis
2766 575 2971 617 aurem
3002 561 3309 637 porrigens
3340 565 3442 622 Dei
3471 565 3596 622 tilia

173 648 353 716 ἀκοὴ-ι,
410 645 495 699 καὶ
559 645 768 699 ὡσανεὶ
812 645 1145 719 πειθομένην
1203 646 1398 715 ἑαυτήν
1449 650 1832 722 παρασχοῦσα,

177 741 282 793 τῶν
327 735 552 812 εὐγενῶν
614 731 881 789 νεανίδων
945 733 1184 805 ἐκείνων,
1248 735 1306 790 αἳ
1346 736 1545 806 ταύτην
1607 735 1835 810 λαμπα-

178 824 461 904 δουχοῦσαι
531 823 924 899 περιίσταντο,
1000 827 1181 900 ἡρέμα
1249 822 1532 894 διαστᾶσα,
1586 825 1676 881 καὶ
1727 826 1832 896 ὅλη

184 919 426 996 χαρίεσσα
491 917 687 988 σεμνῷ
745 921 973 996 φανεῖσα
1016 917 1105 972 καὶ
1160 919 1406 992 σχήματι
1473 915 1564 973 καὶ
1629 917 1838 993 φρονή-

173 1029 311 1080 ματι,
371 1005 670 1079 πρόσεισιν
747 1007 998 1080 ἁσμένως
1053 1010 1132 1079 τῷ
1187 1006 1445 1082 ἱεράρχῃ,
1519 1009 1835 1081 περιχαρῶς

164 1095 584 1171 προσλαλοῦσα,
637 1096 734 1152 καὶ
790 1097 1111 1170 κινήμασιν,
1161 1097 1244 1159 οἷς
1295 1097 1438 1172 εἶχε,
1487 1096 1574 1151 καὶ
1637 1092 1836 1169 ψελλί-

163 1207 319 1260 σμασι
372 1189 450 1259 τῇ
501 1185 712 1242 τούτου
770 1187 943 1263 ψήφῳ
1009 1182 1246 1258 συνᾴδειν
1313 1183 1686 1242 ὑποδεικνῦσα·
1745 1183 1836 1239 καὶ

165 1279 271 1333 ἆντὶ
309 1281 426 1332 τῶν
482 1278 742 1352 πατέρων
813 1274 905 1332 καῖ
987 1279 1086 1346 τῆς
1151 1277 1266 1332 κατ’
1342 1277 1491 1332 οἶκον
1549 1276 1836 1351 θεραπείας

170 1365 344 1436 ἄλλης
373 1368 484 1437 τήν
516 1366 598 1428 εἰς
627 1367 698 1421 τὰ
728 1368 896 1441 Ἀγια
942 1370 1054 1422 τῶν
1103 1364 1270 1440 ἁγίων
1303 1364 1519 1438 οἳκησιν
1569 1367 1837 1440 αἱρεῖσθαι

169 1454 470 1528 apati-Spw:
526 1453 890 1529 ἐμφαίνουσα·
948 1453 1062 1525 καὶ,
1118 1451 1537 1527 Εἶσελεόσομαι,
1578 1453 1721 1508 εἶπεν
1775 1451 1835 1508 ἄν

170 1545 223 1598 τὸ
259 1547 365 1597 τοῦ
397 1543 555 1598 Θείου
596 1538 786 1612 Δαϐιδ,
819 1543 956 1617 πρὸς
999 1543 1062 1598 τὸ
1109 1543 1494 1617 θυσιαστήριον
1553 1546 1650 1598 τοῦ
1681 1546 1836 1604 Θεοῦ,

170 1635 302 1708 πρὸς
336 1634 435 1690 τὸν
459 1636 598 1689 Θεὸν
620 1635 713 1690 τὸν
738 1631 1094 1711 εὐφραίνοντα
1113 1635 1212 1704 τήν
1243 1632 1473 1705 νεότητὰ
1496 1653 1625 1705 μου·
1659 1631 1742 1688 ὅτι
1771 1631 1834 1688 σὺ

155 1721 382 1793 ήίλπές
418 1744 531 1797 μου
599 1723 709 1779 ἀπὸ
768 1726 988 1796 μαστῶν
1041 1729 1142 1793 τῆς
1185 1723 1396 1800 μητρός
1433 1767 1438 1770 -
1471 1742 1598 1797 μου·
1643 1720 1733 1778 ἐπὶ
1783 1721 1840 1776 σὶ

156 1813 544 1892 ἐπερῥὶφηνέκ
571 1816 809 1891 μήτρας,
859 1813 968 1870 ἀπὸ
999 1814 1232 1891 γαστρὸς
1275 1814 1486 1890 μητρός
1540 1834 1664 1889 μου,
1704 1813 1838 1876 Θεός

164 1926 271 1977 μου
303 1905 354 1960 εἴ
379 1905 475 1962 σύ.

247 1995 336 2052 K'.
372 1995 482 2050 Λιᾶ
505 1997 663 2050 τοῦτο
720 1994 811 2050 καὶ
844 1992 1060 2050 εἳσεισιν
1111 1994 1186 2058 εἷς
1225 1995 1293 2050 τὰ
1339 1992 1508 2050 ἄδυτα
1542 1994 1682 2070 μόνη
1735 1995 1832 2050 τοῦ

161 2085 317 2160 ἱεροῦ
369 2083 750 2141 καταλιποῦσα
813 2087 1146 2161 γεννήτορας
1203 2084 1293 2140 καὶ
1352 2085 1609 2160 πατρῴας
1655 2083 1830 2148 ἑστίας

164 2179 480 2247 συνήθειαν,
512 2175 581 2244 ἧς
620 2173 732 2230 οὐδ’
792 2175 868 2237 εἰς
916 2179 1216 2256 φρονοῦσαν
1277 2174 1500 2246 ἡλικίαν
1547 2174 1836 2241 τελοῦντες

166 2263 442 2340 ὑπεριδεῖν
490 2263 710 2344 ἔχουσι,
760 2264 885 2341 τρία
940 2264 1076 2321 οῦσα
1124 2265 1215 2320 καὶ
1261 2270 1430 2321 ταῦτα
1477 2268 1511 2336 ἡ
1568 2266 1835 2342 πάναγνος

162 2350 276 2424 ἔτη,
315 2354 370 2409 ἐν
400 2355 453 2426 ᾧ
484 2361 590 2424 τῆς
635 2353 860 2423 ἡλικίας
903 2352 1120 2425 δηλαδή
1151 2354 1354 2425 ταύτης
1403 2352 1502 2410 οὐκ
1530 2353 1590 2410 ἂν
1645 2355 1834 2418 ἱκανὸς

168 2444 335 2499 εἰπεῖν
359 2441 448 2513 εἴη
507 2447 607 2498 τοῦ
659 2442 935 2516 θαύματος
998 2443 1096 2512 τήν
1138 2439 1476 2519 ὑπερϐολὴν,
1505 2445 1551 2499 εἳ
1599 2464 1684 2507 τις
1734 2442 1834 2500 λο-

168 2532 403 2609 γίσαιτο,
448 2531 583 2588 οἴων
614 2527 705 2588 ἆτε
756 2529 824 2602 δή
901 2533 1100 2612 βρέφος
1185 2531 1442 2609 δεομένη,
1500 2535 1594 2591 οἶα
1649 2532 1833 2605 ἠλλά-

171 2623 317 2692 ξατο.

239 2801 445 2857 Ἐκεῖσε
502 2804 662 2877 γοῦν,
721 2799 1091 2877 εὖαγγελικῶς
1144 2799 1336 2874 εἰπεῖν,
1390 2802 1586 2873 ηὔξανε
1623 2803 1715 2857 καὶ
1769 2803 1831 2858 τὸ

171 2888 380 2945 παιδίον
461 2893 659 2960 τοῦτο,
717 2889 812 2945 καὶ
892 2888 1245 2967 ἐκραταιοῦτο
1308 2891 1600 2966 πνεύματι,
1680 2890 1834 2964 πλη-

176 2982 433 3055 ρούμενον
509 2980 728 3058 σογίας,
787 2977 879 3035 καὶ
943 2980 1106 3056 χάρις
1193 2985 1326 3036 Θεοῦ
1395 2981 1462 3051 ἦν
1504 2979 1589 3037 ἐπ’
1659 2983 1829 3055 αὐτῷ’

175 3068 232 3138 ἦ,
271 3069 363 3124 ’ἕνα
404 3069 500 3125 καὶ
539 3074 710 3125 τοῦτο
767 3071 1090 3146 προσθείην,
1165 3070 1469 3147 προέκοπτε
1539 3071 1699 3150 σοφίᾳ
1741 3071 1832 3128 καὶ

167 3158 358 3231 ἡλικίᾳ
385 3161 478 3214 καὶ
517 3159 708 3234 χάριτι
755 3161 901 3234 παρὰ
949 3165 1069 3233 Θεῷ
1094 3160 1184 3216 καὶ
1233 3160 1563 3236 ἀνθρώποις·
1595 3160 1720 3238 περὶ
1771 3161 1833 3217 οὗ

169 3251 334 3325 μόνον
350 3255 656 3329 προσφυῶς
678 3245 829 3326 ἔχειν
861 3252 984 3306 εἶπέ
1011 3271 1096 3316 τις
1127 3253 1207 3322 ἄν,
1260 3249 1330 3322 ἤν
1362 3251 1550 3328 εἳρηκε
1580 3253 1765 3329 φωνὴν
1804 3253 1832 3308 ὁ

167 3345 364 3417 Σωτὴρ
403 3341 656 3417 ὕστερον·
688 3343 883 3418 ’Ἄφετε
935 3341 1004 3396 τὰ
1040 3339 1233 3397 παιδία
1267 3339 1525 3424 ἔρχεσθαι
1552 3344 1690 3418 πρός
1743 3365 1832 3418 με,

163 3433 249 3487 καὶ
278 3435 356 3507 μή
381 3431 636 3488 κωλύετε
675 3432 834 3488 αὐτὼ
865 3436 975 3488 τῶν
1003 3432 1104 3508 γὰρ
1125 3434 1391 3490 τοιούτων
1424 3433 1568 3491 ἐστὶν
1597 3435 1632 3505 ἡ
1669 3435 1832 3512 βασι-

163 3521 222 3579 λε
234 3524 287 3578 ἔτι
315 3528 432 3578 τῶν
457 3523 724 3598 οὐρανῶν.

239 3609 541 3669 ΚΑ¹.ἘΞει
571 3610 625 3668 δὶ
645 3615 750 3689 ἄρα
781 3612 874 3670 καὶ
903 3614 967 3669 τὸ
999 3620 1096 3684 τῆς
1119 3612 1334 3672 εἰσόδου
1353 3619 1516 3671 τοῦτο
1546 3613 1727 3671 καινὸν
1744 3614 1832 3671 ἐπὶ

157 3705 224 3776 τῇ
251 3701 516 3776 Παρθένῳ
537 3702 806 3777 γενέσθαι,
829 3701 919 3758 ’ἱνα
941 3702 1240 3760 ἄκόλουθον
1269 3702 1349 3777 εἵη
1373 3708 1442 3779 τῇ
1464 3725 1520 3760 τε
1540 3702 1831 3781 παραδόξῳ

163 3793 373 3860 ταῦτης
407 3791 490 3853 εἷς
524 3791 642 3866 βίον
676 3790 900 3869 προόδῳ
956 3794 1046 3848 καὶ
1084 3799 1202 3858 τοῖς
1259 3791 1336 3850 ἔτι
1393 3792 1828 3871 παραδοξότερον

153 3879 452 3954 ἐσομένοις
486 3880 646 3956 αὐτῇ,
681 3882 758 3945 ὡς
810 3882 871 3938 ἄν
905 3882 998 3939 ἀπ’
1036 3885 1213 3960 ἀρχῆς
1253 3885 1537 3959 θαυμαστά
1570 3884 1664 3958 μὶν
1696 3884 1734 3962 ᾖ
1763 3886 1829 3940 τὰ

162 3977 280 4026 κατ’
303 3971 487 4039 αὐτὴν
520 3970 654 4046 ἄχρι
684 3973 776 4028 καὶ
819 3971 1071 4050 πέρατος,
1101 3974 1169 4031 τὰ
1223 3971 1270 4030 δ’
1299 3972 1520 4031 ἐπιόιτα
1563 3995 1672 4032 των
1721 3975 1827 4051 πρὸ

163 4060 340 4114 αὐτῶν
370 4057 720 4135 ὁψηλότερτυ

225 4242 331 4299 Καὶ
361 4239 469 4318 γὰρ
522 4239 847 4318 γεγέννηται
901 4242 998 4316 μὶν
1056 4241 1368 4320 καινότερον
1421 4242 1457 4313 ἢ
1505 4241 1642 4299 κατᾶ
1697 4244 1824 4308 τοὺς

160 4330 390 4394 λοιποὺς
445 4338 558 4389 τῶν
620 4334 944 4407 ἀνθρώπων·
1013 4331 1212 4390 τούτου
1262 4330 1322 4388 δὲ
1393 4332 1824 4409 θαυμαστότερον

163 4428 258 4481 καὶ
287 4429 364 4500 μή
391 4429 526 4482 κατὰ
583 4426 684 4488 τὰς
721 4421 895 4486 ἃλλας
953 4421 1272 4498 παρθένους,
1304 4423 1388 4480 ὅτι
1445 4443 1548 4498 περ
1603 4424 1821 4498 τριετής

1945 667 2013 707 ac
2038 650 2198 705 velut
2225 650 2656 722 obsequentem
2678 669 2740 708 se
2772 653 3116 723 exhibens,e
3148 656 3448 714 nobilibus
3471 657 3596 714 illis

1944 743 2320 824 puellis,quaa
2339 743 2644 813 lampades
2663 748 2935 800 tenentes
2963 761 3090 800 eam
3110 746 3594 808 circumstabant,

1944 831 2106 886 lente
2125 831 2489 904 digrediens,
2525 837 2584 887 et
2600 837 2723 888 tota
2741 835 2996 906 gratiosa
3017 851 3252 908 gravem
3276 839 3598 908 praiferens

1948 926 2004 976 et
2034 921 2302 977 habitum
2335 927 2394 976 et
2425 925 3051 996 sensum,cum'gaudio
3075 925 3197 981 adit
3229 928 3593 998 pontiﬁcem,

1946 1011 2154 1066 hilaris
2185 1027 2318 1066 eum
2351 1011 2769 1083 alloquitur,et
2796 1015 3043 1071 nutibus
3061 1016 3598 1089 verbisque,prouti

1944 1105 2196 1173 poterat.
2230 1100 2623 1169 infantilibus,
2655 1104 2929 1158 assentiri
2979 1121 3041 1160 se
3097 1105 3259 1160 illius
3288 1106 3598 1162 sententia:

1948 1191 2230 1261 declarat,
2260 1207 2442 1263 seque
2473 1193 2821 1264 parentibus
2851 1209 2919 1249 ao
2975 1195 3318 1250 domesticis
3355 1197 3600 1268 reliquis

1946 1279 2274 1337 commodis
2304 1281 2583 1352 prmferre
2633 1299 2862 1338 moram
2894 1283 2956 1338 in
2995 1284 3226 1339 Sanctis
3257 1290 3598 1341 sanctorum

1947 1373 2221 1443 prompte
2253 1369 2566 1442 signiﬁcat,
2602 1377 2662 1426 et
2690 1372 2897 1443 utique
2947 1371 3093 1428 illud
3149 1373 3333 1428 divini
3370 1374 3600 1430 Duvidis

1946 1475 2263 1532 usurpans,
2300 1461 2563 1526 Introibo,
2599 1460 2812 1532 inquit,
2845 1463 2918 1516 ad
2947 1462 3122 1518 altare
3149 1465 3270 1531 Dei,
3301 1464 3375 1518 ad
3429 1465 3599 1519 Deum

1947 1549 2046 1617 qui
2103 1546 2349 1617 latiﬁcat
2392 1548 2744 1618 juventutem
2788 1565 2965 1604 meam
3017 1548 3086 1619 3‘,
3145 1552 3406 1620 quoniam
3439 1557 3498 1605 tu
3547 1566 3599 1606 es

1948 1651 2066 1706 spes
2089 1653 2208 1692 mea
2237 1638 2304 1691 ab
2335 1637 2793 1694 uberibusmatris
2821 1654 2958 1696 mea?
2989 1656 3003 1706 ;
3035 1640 3095 1694 in
3127 1645 3179 1694 te
3201 1640 3458 1710 projecta
3475 1657 3594 1696 sum

1947 1741 2016 1782 ea:
2047 1733 2220 1797 utero,
2252 1728 2318 1783 de
2346 1732 2534 1783 ventre
2557 1730 2754 1784 matris
2781 1743 2919 1786 mea?
2955 1729 3094 1785 Deus
3123 1745 3271 1786 meus
3300 1745 3354 1785 es
3385 1736 3444 1785 tu
3464 1729 3530 1790 ³⁵.

2013 1993 2131 2051 XX.
2157 1995 2497 2068 Ingreditur
2529 1996 2776 2069 proinde
2808 1996 2934 2054 sola
2963 1997 3027 2053 in
3074 1996 3273 2070 templi
3304 1997 3500 2072 adyta,
3532 2015 3600 2056 ac

1942 2090 2218 2158 parentes
2241 2091 2300 2141 et
2327 2092 2589 2158 paternas
2618 2086 2830 2142 domus
2852 2087 3366 2154 consuetudinem,
3419 2105 3448 2143 e
3481 2104 3599 2158 qua

1944 2192 2095 2248 aagre
2143 2176 2308 2231 avelli
2362 2193 2422 2232 se
2474 2176 2677 2232 sinunt
2727 2175 2818 2233 vel
2871 2177 2972 2248 qui
3023 2177 3152 2248 jam
3208 2182 3444 2234 matura
3476 2178 3598 2234 sint

1945 2271 2137 2332 aetate,
2172 2266 2367 2322 adhuc
2419 2267 2665 2322 trimula
2740 2265 3232 2323 innocentissima
3287 2267 3596 2339 relinquit,

1944 2357 2116 2429 cujus
2151 2373 2294 2412 sane
2325 2357 2517 2412 astatis
2538 2356 2688 2412 ratio
2715 2356 2763 2411 si
2794 2355 3105 2422 habeatur,
3137 2356 3229 2412 vix
3260 2356 3426 2412 effari
3449 2357 3606 2428 quis-

1943 2445 2104 2518 piam
2135 2446 2356 2518 poterit
2381 2445 2655 2502 miraculi
2710 2445 3204 2519 magnitudinem,
3237 2445 3339 2518 qui
3386 2462 3602 2520 nempe

1943 2535 2346 2607 perpenderit,
2373 2535 2588 2607 quibus
2626 2534 2804 2592 rebus
2835 2540 3037 2608 utpote
3066 2535 3260 2591 infans
3287 2534 3601 2608 indigeret,

1944 2629 2004 2680 et
2031 2624 2330 2696 quodnam
2347 2625 2478 2680 vita)
2497 2641 2682 2698 genus
2707 2624 3100 2682 nihilominus
3131 2623 3243 2681 sibi
3261 2640 3598 2697 assumpse-

1939 2714 2043 2769 rit.

2018 2803 2144 2859 Illic
2163 2804 2364 2874 igitur,
2396 2809 2462 2859 ut
2490 2804 2685 2860 verbis
2723 2808 2860 2859 utar
2889 2803 3259 2875 evangelicis,
3291 2804 3419 2860 haec
3450 2822 3596 2877 quo-

1945 2908 2059 2964 que
2097 2892 2296 2965 puella
2320 2893 2610 2956 crescebat,
2645 2897 2697 2947 et
2723 2893 3146 2962 conforlabatur
3171 2892 3461 2963 spiritu,et
3490 2895 3595 2949 im-

1936 2983 2200 3054 plebatur
2218 2984 2514 3054 sapientia,
2547 2988 2600 3036 et
2643 2983 2827 3053 gratia
2862 2980 2964 3038 Dei
2995 2990 3114 3036 erat
3142 2983 3202 3036 in
3231 2982 3332 3037 illa
3361 2981 3429 3037 ³⁵.
3463 2983 3597 3050 Seu,

1944 3077 2011 3129 ut
2062 3073 2178 3129 ista
2227 3089 2464 3145 quoque
2522 3072 2824 3145 adjiciam,
2875 3073 3200 3142 proﬁciebat
3246 3075 3524 3144 sapientia
3551 3080 3604 3129 et

1941 3169 2102 3219 aetate
2157 3169 2210 3218 et
2255 3164 2444 3232 gratia
2490 3163 2641 3234 apud
2692 3164 2867 3218 Deum
2911 3169 2962 3217 et
3010 3162 3254 3218 homines
3291 3161 3359 3220 ³⁷.
3407 3163 3490 3219 Ac
3538 3163 3602 3220 in

1946 3251 2136 3324 ipsam
2152 3252 2338 3308 solam
2367 3258 2501 3324 apte
2520 3251 2812 3324 quadrare
2845 3251 3144 3323 quispiam
3174 3251 3389 3308 dixerit
3406 3269 3595 3312 voces.

1865 3321 1908 3389 θ·
1950 3321 2099 3418 quas
2130 3321 2424 3416 deinceps
2460 3321 2726 3398 Salvator
2780 3321 3029 3415 protulit
3061 3359 3074 3398 :
3108 3342 3285 3399 Sinite
3331 3343 3596 3413 parvulos

1943 3434 2130 3491 venire
2159 3436 2231 3490 ad
2258 3451 2361 3497 me.
2421 3439 2472 3489 et
2531 3450 2600 3488 ne
2645 3433 3055 3504 prohibueritis
3108 3448 3195 3490 eos
3224 3450 3246 3490 :
3294 3433 3488 3490 talium
3517 3439 3596 3491 est

1942 3527 2087 3582 enim
2116 3540 2345 3596 regnum
2375 3523 2628 3580 caelorum
2645 3521 2715 3577 ³⁸.

2012 3614 2151 3672 XXI.
2186 3616 2368 3670 Porro
2401 3614 2580 3670 etiam
2615 3612 2878 3670 insolens
2900 3613 3012 3669 iste
3060 3612 3316 3684 Virginis
3347 3612 3408 3669 in
3442 3616 3596 3669 tem-

1886 3757 1890 3760 .
1940 3706 2106 3780 plum
2129 3705 2433 3779 ingressus
2455 3721 2698 3776 prorsus
2721 3705 3080 3761 conveniens
3111 3708 3329 3770 erat,ut
3348 3720 3596 3776 respon-

1940 3796 2108 3852 deret
2139 3811 2274 3851 cum
2307 3793 2645 3850 admirabili
2669 3794 2938 3865 ejusdem
2969 3793 3030 3848 in
3061 3793 3238 3848 vitam
3269 3793 3586 3863 ingressui,

1939 3891 2065 3942 tum
2093 3885 2185 3954 iis,
2221 3901 2350 3956 quae
2381 3883 2578 3939 adhuc
2607 3882 3051 3939 admirabiliora
3105 3882 3306 3937 futura
3356 3881 3427 3935 de
3460 3881 3590 3952 ipsa

1939 3979 2145 4043 erant;
2179 3974 2326 4030 adeo
2359 3978 2426 4029 ut
2453 3973 2527 4028 ab
2557 3973 2728 4028 initio
2761 3972 2836 4028 ad
2867 3972 3047 4027 ﬁnem
3070 3987 3261 4042 usque
3292 3970 3495 4027 omnia
3526 3971 3588 4028 in

1937 4083 2007 4122 ea
2040 4063 2310 4121 miranda
2339 4066 2538 4118 essent
2559 4061 3040 4136 (68),posteriora
3070 4065 3262 4118 autem
3281 4059 3583 4135 prioribus

1934 4172 2125 4228 usque
2157 4153 2506 4210 sublimiora
2533 4152 2748 4208 forent.

2005 4248 2076 4302 Et
2095 4261 2238 4302 sane
2270 4243 2556 4317 singulari
2596 4261 2838 4317 prorsus
2869 4242 3097 4299 ratione
3153 4258 3220 4297 ac
3249 4244 3466 4311 praeter
3493 4256 3584 4295 re-

1932 4335 2235 4407 liquorum
2261 4334 2573 4390 hominum
2605 4332 3094 4390 consuetudinem
3123 4330 3252 4404 ipsa
3276 4330 3588 4403 progenita

1933 4425 2066 4482 fuit.
2100 4423 2255 4479 Illud
2282 4438 2417 4477 vero
2448 4421 2662 4493 majori
2692 4421 3083 4478 admiratione
3143 4419 3410 4495 dignum,
3462 4425 3520 4478 et
3549 4436 3584 4480 a

235 4529 288 4564 ⁸⁶
313 4529 469 4586 Psal.
491 4545 638 4596 xw,
670 4529 726 4582 4.
755 4524 803 4560 ³⁵
831 4524 986 4580 Psal.
1019 4541 1137 4590 nl,
1172 4527 1260 4595 10,
1288 4526 1374 4581 11.
1405 4525 1450 4560 ³⁸
1484 4525 1621 4582 Luc.
1653 4542 1713 4594 ιι,
1749 4527 1819 4579 40

1946 4524 2094 4580 Ibid.
2119 4525 2208 4579 52.
2241 4522 2289 4558 ³⁸
2308 4525 2482 4580 Marc.
2511 4539 2573 4592 x,
2608 4523 2694 4578 14.

1536 4626 1682 4685 Ant.
1716 4623 2010 4685 Ballerini
2044 4629 2232 4684 notae.

231 4741 338 4808 ξοδ)
376 4738 440 4792 Si
471 4752 508 4790 a
549 4732 868 4808 Francich
895 4731 1251 4808 Combeiisio
1297 4730 1638 4808 sgisciteris,
1685 4731 1828 4803 quid
1863 4733 1906 4798 D
1934 4748 2136 4804 gnum.
2159 4730 2366 4786 Plures
2389 4729 2911 4808 scilicetinvenies
2938 4729 3021 4808 ita
3049 4735 3250 4808 mente
3281 4747 3584 4808 compara-

169 4803 400 4866 demnm
433 4809 662 4863 mirum
694 4807 752 4859 in
769 4805 1094 4875 primordiis
1114 4803 1308 4859 Marias
1325 4805 1528 4859 Patres
1545 4820 1826 4875 suspexe-

163 4885 272 4937 rint
301 4900 372 4937 ac
407 4878 684 4935 venerati
717 4877 960 4943 fuerint,
990 4881 1259 4947 prompte
1287 4875 1527 4947 reponit
1546 4875 1630 4947 (in
1651 4877 1818 4931 Praef.

163 4957 228 5010 ad
249 4957 390 5011 Orat
419 4951 664 5021 Georgii
696 4948 819 5004 Nic.
878 4948 940 5004 in
1000 4947 1494 5021 Concept._l)_eip.
1553 4947 1819 5021 Biblioth.

165 5028 419 5081 Concion.
455 5017 691 5086 volfvn,
731 5037 862 5092 pag.
923 5021 1012 5087 82,
1067 5035 1174 5074 non
1199 5017 1382 5074 aliud
1429 5017 1664 5092 antiqua
1690 5019 1819 5074 reli-

158 5100 308 5165 gione
336 5095 642 5152 colendum
671 5091 760 5147 eos
790 5091 1102 5165 suscepisse,
1158 5107 1325 5161 quam
1354 5091 1503 5165 quod
1556 5097 1824 5160 concepta

159 5162 398 5233 emtum,
441 5168 750 5234 divinaque
805 5163 1074 5218 miraculo
1133 5179 1202 5217 ex
1247 5162 1527 5217 sterilibus
1575 5168 1824 5288 susce‘pta

159 5243 394 5288 Γρῑτκιτη
420 5237 620 5288 fuerit.
649 5235 829 5288 Atqui
863 5233 1136 5288 sunerius
1157 5237 1204 5288 (ε
1235 5235 1326 5288 13)
1375 5233 1652 5288 vidimus.
1744 5234 1820 5288 si-

159 5243 394 5313 [δείματα
416 5237 620 5307 fuerit.
649 5233 829 5313 Atqui
863 5233 1204 5313 superius_(_§_
1375 5233 1652 5313 vidimus.
1715 5233 1792 5313 lsi

153 5305 385 5374 dorum.
417 5305 590 5366 inter
620 5305 772 5363 mira
804 5305 944 5378 quas
968 5305 1044 5360 ad
1064 5305 1245 5378 initia
1279 5305 1475 5378 Mariae
1497 5306 1818 5378 pertinent,

155 5387 288 5443 illud
347 5380 742 5457 potissimum
801 5377 1205 5457 recensuisse,
1251 5377 1408 5449 quod
1465 5377 1589 5432 sola
1636 5378 1705 5457 de
1759 5393 1820 5432 se

153 5449 461 5514 enuntiare
498 5451 932 5526 potueritzjn
988 5451 1386 5526 peccatis__non
1431 5449 1678 5526 concepit
1732 5465 1820 5526 me

149 5540 308 5584 aster
339 5519 519 5590 mea}
551 5531 613 5580 et
665 5523 726 5578 id
780 5520 853 5577 ad
889 5537 958 5577 ea
995 5519 1310 5592 ’magnalia
1365 5521 1686 5592 pertinere,
1745 5520 1818 5576 de

153 5603 348 5670 quibus
387 5603 570 5671 Virgo
602 5594 822 5652 occinit
843 5593 1005 5666 (Luc.
1043 5591 1195 5664 1,49)
1225 5609 1238 5647 :
1267 5591 1416 5648 Fecit
1443 5593 1585 5648 mihi
1615 5609 1820 5663 magna

167 5674 250 5740 qui
274 5683 469 5742 potens
495 5677 604 5726 est.

229 5735 333 5800 Sed
365 5751 426 5801 et
459 5739 629 5798 aliud
689 5738 786 5795 hic
841 5737 1107 5796 occurrit
1157 5736 1668 5795 animadversione
1725 5735 1818 5792 di-

1936 4802 2047 4872 tos,
2079 4809 2146 4859 ut
2178 4808 2396 4859 sancta)
2422 4803 2674 4874 Virginis
2712 4803 3150 4858 immunitatem
3199 4802 3271 4858 ab
3294 4802 3588 4858 heredita-

1933 4877 2024 4929 rio
2052 4876 2192 4930 Adae
2214 4879 2456 4947 peccato
2486 4874 2760 4947 ihabeant
2789 4891 2900 4931 ceu
2930 4875 3288 4947 prodigium,
3315 4875 3584 4947 omnium

1931 4945 2449 5018 maximum,quod
2480 4946 2541 5001 in
2565 4947 2772 5002 matris
2804 4945 3206 5018 sum’grati'am
3237 4946 3435 5018 divina
3467 4945 3580 5018 vir-

1933 5023 2028 5091 tus
2058 5035 2126 5074 ac
2171 5016 2412 5091 largitas
2465 5019 2912 5091 perpetraverit.
3074 5032 3352 5091 conversg
3401 5016 3581 5091 babes

1931 5090 2062 5146 heic
2091 5087 2405 5157 Isidorum,
2438 5087 2846 5214 quifportenta
2893 5087 2966 5144 ad
2999 5089 3284 5159 originem
3315 5087 3579 5210 Deigaraa

1931 5161 2260 5214 spectantia
2288 5161 2461 5214 longe
2487 5160 2549 5214 in
2579 5162 2772 5214 eriora
2800 5161 2874 5214 iis
2907 5159 3388 5214 nroclamat.aum
3452 5173 3579 5210 ein-

1931 5161 2260 5234 spectantia
2288 5157 2772 5233 longe‘inferiora
2800 5161 2874 5216 iis
2906 5157 3388 5234 proc_lamat,quw
3411 5157 3581 5234 dein-

1931 5229 2067 5305 ceps
2101 5229 2421 5289 subsecuta
2445 5237 2605 5305 sunt.
2629 5234 2754 5287 Duo
2785 5229 3057 5305 concludi
3112 5229 3250 5305 hinc
3281 5233 3532 5305 possunt
3563 5243 3578 5282 :

1876 5351 1878 5353 ›
1933 5298 2465 5361 “immunitatem
2498 5304 2762 5374 Deiparaa
2785 5321 2820 5358 ο.
2857 5302 3136 5374 primaevo
3168 5298 3272 5354 illo
3312 5303 3481 5353 reatu
3514 5315 3585 5374 ex

1931 5384 2271 5433 sanctorum
2330 5379 2573 5432 Patrum
2607 5372 2824 5430 _mente
2886 5372 3031 5427 adeo
3097 5386 3297 5426 rerum
3354 5373 3585 5429 naturis

1930 5453 2390 5504 consentaneam
2423 5461 2573 5507 esse,
2607 5451 2674 5500 ut
2712 5446 2820 5516 vix
2851 5449 2953 5500 aut
3005 5448 3164 5516 certe
3195 5443 3414 5516 minus
3462 5462 3583 5516 prae

1928 5519 2176 5588 reliquis
2203 5518 2332 5587 ejus
2355 5515 2755 5588 praerogativis
2786 5515 2912 5570 haec
2945 5515 3093 5571 mira
3113 5515 3304 5572 videri
3327 5515 3540 5573 debeat
3566 5533 3581 5576 :

1927 5594 1986 5646 2°
2016 5587 2154 5646 hinc
2181 5589 2331 5645 forte
2357 5587 2482 5659 peti
2521 5587 2815 5659 rationem
2845 5603 3042 5658 posse,
3074 5605 3180 5645 cur
3229 5590 3433 5646 Patres
3465 5590 3586 5645 alia

1875 5716 1883 5724 ,
1927 5679 2048 5735 prae
2081 5662 2190 5717 isto
2217 5658 2468 5734 Virginis
2491 5658 2760 5735 prodigia
2786 5660 2977 5717 fusius
3008 5661 3310 5720 celebrare
3336 5677 3584 5720 consue-

1927 5734 2138 5791 verint.
