4030 6212
472 366 550 428 63
1625 349 1914 411 ISIDORI
1959 345 2739 413 THESSALONICENSIS

3809 361 3904 420 64

483 506 830 558 caterarum
848 497 1137 569 virginum
1162 507 1274 548 usu
1298 484 1919 558 alienissimum,quod
1937 485 2130 541 adhuc

2270 479 2558 556 πεδήμησε
2583 487 2663 555 τῷ
2717 487 2840 556 νεῷ.
2880 483 2944 542 Ἥ
3001 481 3059 540 δὶ
3116 483 3206 540 καὶ
3263 486 3338 546 εἷς
3383 483 3450 540 τὰ
3480 483 3646 542 ἄδυτα
3676 486 3904 555 εἴσοδος

480 589 816 647 trimulaad
848 581 1303 642 inhabitandam
1362 580 1423 633 in
1480 577 1700 650 templo
1749 574 2132 632 concesserit.

478 683 786 755 Ingressus
815 692 950 730 vero
983 675 1045 726 in
1076 672 1206 743 ipsa
1237 684 1474 742 quoque
1525 666 1773 724 sacrarii
1831 665 2134 722 inaccessa

479 761 1136 843 penetralia,quodnam
1155 759 1337 825 aliud,
1370 773 1599 829 quaso,
1631 759 1976 828 portentum
2007 769 2131 810 non

2245 577 2400 628 ποῖον
2460 573 2524 627 οὐ
2579 573 2727 628 κάτω
2783 574 2964 644 τίθησι
3022 577 3251 648 θαῦμας
3316 575 3496 631 Πάντα
3557 579 3651 650 μὲν
3681 580 3910 645 πάντως

2241 659 2443 735 τᾶλλα,
2496 662 2678 736 μόνων
2709 661 2766 720 δὲ
2796 660 2930 739 δίχα
2982 668 3089 720 τῶν
3140 666 3268 740 παρ’
3325 666 3521 736 ἑαυτῆς
3561 665 3774 744 ἐφεξῆς,
3823 673 3914 727 ὦν

2241 753 2556 826 ἡττώμενον
2589 753 2690 808 οὐκ
2719 749 2950 809 αἲδεῖται
2979 755 3080 824 τήν
3108 754 3295 823 ἧτταν.

477 855 730 912 vicerit?
759 855 1008 907 Prorsus
1040 849 1272 920 reliqua
1301 847 1526 916 omnia,
1557 845 1651 900 his
1680 851 1880 900 tamen
1911 843 2106 898 solum
2137 844 2421 914 exceptis,
2464 860 2596 916 qua
2646 843 2926 917 deinceps
2958 851 3201 917 peracta
3231 846 3292 902 in
3323 847 3453 920 ipsa
3477 855 3651 919 sunt,
3685 852 3917 922 quibus

489 963 628 1001 cum
663 944 997 999 inveniatur
1027 941 1293 1008 inferius,
1317 939 1539 1012 primas
1571 937 1795 994 eisdem
1825 935 2036 992 cedere
2067 933 2226 990 haud
2250 939 2504 990 veretur.

548 1036 713 1092 XXII.
751 1035 1168 1090 Verumtamen
1200 1029 1546 1100 neutiquam
1579 1045 1613 1084 a
1641 1043 1800 1098 vero,
1833 1042 1965 1082 mea
1994 1024 2129 1096 qui-

476 1123 612 1180 dem
642 1123 942 1195 opinione,
981 1120 1080 1174 ille
1125 1118 1456 1185 abluderet,
1486 1116 1585 1188 qui
1644 1117 1755 1172 hoc
1804 1120 1864 1170 et
1914 1113 2129 1169 funda-

478 1219 746 1269 mentum
780 1216 837 1266 et
867 1209 1128 1266 radicem
1147 1207 1721 1276 sublimiorum,qua
1752 1203 1968 1260 deinde
1990 1219 2131 1260 con-

475 1307 677 1358 secuta
707 1305 865 1368 sunt,
915 1298 1262 1372 appellaret.
1305 1296 1463 1352 Nihil
1521 1295 1703 1365 enim,
1764 1293 1882 1349 sive
1939 1294 2001 1348 in
2060 1291 2132 1347 iis

475 1408 606 1464 qua
638 1391 714 1446 ad
745 1393 933 1462 ipsam
965 1391 1256 1461 spectant,
1285 1386 1404 1440 sive
1458 1386 1518 1440 in
1576 1383 1823 1455 reliquis
1855 1380 2133 1438 omnibus

476 1481 672 1552 majus
703 1479 964 1552 reperire
995 1482 1105 1545 est,
1140 1493 1319 1548 quam
1352 1475 1508 1548 quod
1543 1476 1698 1530 Deus
1730 1490 1801 1528 ex
1851 1472 1983 1544 ipsa
2010 1470 2130 1527 for-

478 1586 637 1626 mam
665 1574 927 1624 nostram
955 1565 1343 1638 assumpserit
1381 1566 1454 1620 At
1473 1581 1608 1619 vero
1631 1568 1699 1620 ut
1727 1561 1787 1618 id
1817 1561 1893 1617 ad
1918 1559 2135 1616 idonea

478 1658 769 1726 evaderet,
802 1657 938 1713 inde
966 1655 1457 1712 innocentissima
1488 1653 1704 1725 adepta
1735 1655 1842 1708 est.

553 1750 696 1803 Cum
729 1748 891 1802 enim
927 1745 1347 1802 sacratissima
1369 1743 1449 1799 illi
1475 1743 1536 1798 in
1572 1740 1774 1814 templi
1799 1739 2136 1796 recessibus

488 1839 746 1913 degenti,
780 1839 928 1894 nihil
963 1857 1030 1894 ex
1061 1837 1342 1894 humanis
1374 1836 1434 1891 in
1467 1835 2039 1901 oculosincurreret,
2062 1831 2136 1887 ad

483 1928 642 2000 quod
675 1934 863 1984 semet
893 1928 1042 1983 forte
1066 1927 1394 1999 effingeret,
1415 1925 1518 1981 sed
1549 1926 1735 1980 Deum
1769 1923 1961 1979 solum
1979 1922 2137 1994 jugi-

478 2023 569 2074 ter
598 2018 785 2074 menti
819 2017 1231 2073 obversantem
1253 2015 1523 2080 haberet,
1557 2015 1742 2070 Deum
1769 2011 1962 2068 solum
1985 2011 2137 2067 allo-

482 2112 786 2179 queretur,
817 2113 868 2162 et
906 2108 1190 2162 meditatio
1241 2105 1425 2163 cordis
1483 2120 1624 2175 ejus,
1683 2108 1750 2159 ut
1792 2118 1927 2160 cum
1960 2100 2141 2157 David

479 2197 770 2270 prOpheta
800 2196 1010 2268 loquar
1033 2195 1100 2262 3’,
1154 2196 1213 2249 in
1244 2200 1536 2266 conspectu
1576 2193 1678 2247 Dei
1724 2208 1932 2262 semper
1961 2195 2141 2260 esset,

484 2301 552 2342 ac
576 2287 703 2342 sola
723 2286 855 2340 cibo
888 2285 1169 2340 divinitus
1199 2289 1403 2356 parato
1452 2282 1714 2338 aleretur
1741 2300 1754 2350 ;
1789 2280 2036 2353 proinde
2069 2279 2143 2335 ad

485 2373 589 2429 Dei
605 2373 1058 2428 similitudinem
1082 2372 1474 2427 excellentius
1508 2369 1964 2442 quibuscunque
1987 2368 2142 2432 aliis,

489 2466 547 2518 et
583 2462 927 2517 hominibus
958 2461 1186 2516 scilicet
1207 2465 1266 2515 et
1281 2459 1788 2532 angelis,formam
1812 2457 2019 2513 induta
2035 2461 2145 2528 est,

488 2549 577 2607 illi
611 2550 828 2622 quippe
857 2549 968 2606 soli
1014 2565 1149 2605 cum
1181 2549 1308 2622 ipsa
1357 2549 1583 2621 jugiter
1639 2547 2035 2615 conversanti,
2067 2552 2144 2614 et,

491 2645 779 2712 quantum
820 2639 935 2694 dici
968 2638 1264 2711 potest,ab
1304 2637 1434 2709 ipsa
1463 2634 2150 2710 cognito,semet,quoad

493 2732 621 2787 ﬂeri
657 2735 876 2803 posset,
901 2730 1078 2802 plane
1107 2728 1365 2784 similem
1403 2727 1686 2783 efﬁciens.

564 2822 711 2876 Hinc
744 2837 881 2876 vero
913 2827 972 2876 et
999 2821 1263 2888 Creator,
1295 2835 1432 2876 cum
1463 2835 1612 2890 opus
1670 2817 1784 2873 hoc
1837 2831 2012 2872 suum
2041 2805 2152 2888 (89)

489 2917 760 2968 cerneret
794 2917 914 2967 tam
937 2911 1178 2967 sublimi
1195 2910 1510 2982 divinaque
1542 2907 1989 2981 pulchritudine
2005 2907 2156 2963 nite'

2160 1657 2209 1724 B

2317 1024 2438 1081 KB‘.
2494 1023 2652 1082 ’Λλλ’
2710 1022 2896 1100 ἔμοιγε
2945 1022 3118 1096 δοκεῖ,
3170 1027 3330 1082 τοῦτο
3380 1030 3470 1083 καὶ
3505 1027 3760 1104 θεμέλιον
3807 1037 3915 1089 καί

2245 1111 2395 1190 ῥίζαν
2431 1117 2539 1169 τῶν
2572 1113 2819 1189 ἐσχάτων
2876 1116 2966 1170 καὶ
3018 1116 3244 1189 ὑψηκῶν
3312 1118 3414 1172 οὐκ
3459 1117 3520 1174 ἄν
3549 1140 3632 1182 τις
3665 1122 3919 1197 ἁμάρτοι

2242 1201 2498 1267 καλέσας’
2531 1201 2684 1260 οὐδὲν
2723 1205 2816 1278 μὶν
2845 1206 2948 1282 γὰρ
3001 1206 3369 1284 ὑψηλότερον,
3505 1231 3556 1264 τι
3612 1216 3720 1266 τῶν
3775 1215 3906 1268 κατ’

2243 1292 2436 1364 αὐτὴν,
2465 1291 2503 1364 ἤ
2531 1315 2584 1349 τι
2615 1297 2721 1350 τῶν
2761 1292 3009 1350 ἀπάντων
3063 1292 3275 1370 ἕτερον,
3327 1295 3363 1367 ἤ
3419 1299 3546 1354 Θεὸν
3599 1301 3721 1355 καθ’
3750 1303 3916 1376 ἡμᾶς

2245 1380 2296 1455 ἐξ
2356 1381 2521 1452 αὐτῆς
2583 1389 2968 1460 μορφωθῆναι·
3053 1385 3189 1460 πρὸς
3247 1381 3304 1440 δὲ
3385 1389 3546 1443 τοῦτο
3602 1387 3803 1454 ἐκεῖθεν
3869 1393 3909 1461 ἡ

2245 1469 2512 1546 πάναγνος
2545 1469 2673 1548 ἔσχε
2700 1473 2802 1543 τὴν
2833 1470 3268 1546 ἐπιτηδειότητα.

2317 1741 2408 1798 Ἐν
2439 1741 2540 1818 γὰρ
2610 1748 2731 1806 τοῖς
2781 1739 3009 1807 ἀϐάτοις
3075 1747 3111 1815 ἡ
3170 1743 3474 1822 πάνσεμνος
3531 1745 3923 1824 διατρίϐουσα,

2244 1829 2365 1887 ἐπεὶ
2397 1835 2498 1887 οὐκ
2527 1833 2596 1902 ἦν
2652 1853 2704 1887 τι
2763 1837 2871 1888 τῶν
2925 1833 3280 1909 ἀνθρωπείων
3337 1834 3492 1906 ῗδεῖν,
3525 1837 3572 1910 ᾧ
3612 1837 3672 1893 ἄν
3707 1840 3918 1909 ἑαυτὴν

2245 1921 2590 1995 ὁμοιώσειεν,
2624 1921 2705 1977 ἀεὶ
2739 1919 2796 1978 δὲ
2836 1923 2966 1978 Θεὸν
3019 1925 3085 1994 ἧν
3120 1925 3286 1998 μόνον
3321 1927 3722 2004 φανταζομένη.
3783 1933 3917 2002 Θεῷ

2249 2011 2402 2087 μόνῳ
2487 2010 2900 2088 προσλαλοῦσα,
2955 2014 3046 2070 καὶ
3132 2016 3166 2084 ἡ
3239 2013 3439 2088 μελέτη
3521 2018 3620 2086 τῆς
3679 2015 3917 2093 καρδίας

2247 2102 2443 2171 αὐτῆς,
2497 2100 2635 2156 κατὰ
2692 2102 2782 2158 τὸν
2841 2105 3132 2180 προφήτην
3201 2105 3361 2182 φάναι
3425 2101 3614 2174 Δαϐὶδ,
3676 2106 3919 2162 ἐνώπιον

2247 2193 2383 2285 Θεοῦ
2442 2187 2755 2261 διαπαντὸς,
2839 2193 3016 2247 θεόθεν
3076 2193 3212 2266 μόνη
3275 2195 3620 2274 τυγχάνουσα
3675 2205 3938 2285 τροφῆς⁹

2247 2278 2339 2334 καὶ
2371 2279 2509 2356 πρὸς
2567 2281 2835 2354 ὁμοίωσιν
2895 2285 3031 2336 Θεοῦ
3092 2282 3227 2358 ὑπὲρ
3283 2284 3539 2356 ἅπαντας,
3591 2278 3925 2361 ἀνθρώπους

2251 2369 2400 2445 φημὶ
2451 2368 2543 2424 καὶ
2595 2369 2884 2446 ἀγγὲλους,
2943 2367 3136 2446 ἔφθασε
3177 2375 3550 2449 μορφωθεῖσα,
3601 2376 3784 2448 τούτῳ
3847 2374 3922 2447 δῆ

2255 2455 2404 2530 μόνῳ
2440 2462 2521 2531 τῷ
2560 2459 2736 2538 συχνά
2805 2462 3325 2535 προσομιλουμὲνῳ,
3380 2461 3470 2516 καὶ
3547 2463 3660 2517 οἷον
3733 2464 3924 2520 εἰπεῖν

2253 2547 2664 2624 γνωριζομὲνῳ,
2716 2550 2935 2620 ἑαυτήν,
2983 2551 3058 2613 ὡς
3107 2549 3220 2606 οἷόν
3287 2571 3344 2606 τε
3392 2554 3480 2623 ῆν,
3523 2550 3731 2628 ἐμφερῆ
3771 2574 3911 2611 ποι-

2257 2637 2504 2710 ησαμὲνη
2531 2641 2735 2716 σαφῶς.

2331 2813 2424 2869 Διὸ
2462 2815 2552 2870 καὶ
2593 2817 2621 2871 ὁ
2673 2813 2924 2898 Πλάστης
2993 2817 3068 2880 είς
3128 2822 3384 2875 τοσοῦτον
3453 2818 3670 2894 ὑψηλοῦ
3702 2841 3759 2875 τε
3803 2822 3904 2877 καὶ

2261 2899 2408 2958 θείου
2493 2903 2736 2970 κάλλους
2798 2907 3054 2982 ἑωρακὼς
3141 2908 3204 2964 τὸ
3283 2908 3482 2964 οἰκεῖον
3546 2907 3903 2986 λαμπρυνθὶν

486 3000 840 3071 scere,haud
871 3001 1182 3072 indignum
1208 2999 1396 3067 duxit,
1419 3004 1486 3053 ut
1514 2998 1605 3054 vel
1625 2998 1879 3054 formam
1901 2998 2144 3054 factura

2270 2992 2498 3066 ποίημα,
2545 2991 2698 3050 οὖδὶν
2729 2995 2942 3068 ἀνάξιον
2987 2996 3124 3070 ᾢετο
3163 2999 3252 3053 καὶ
3284 2995 3446 3062 αὒτὸς
3484 3001 3583 3070 τῆν
3621 3004 3716 3055 τοῦ
3758 3001 3915 3056 πλά-

2653 3081 2706 3100 -..
2748 3097 2761 3100 _
3060 3090 3074 3100 .
3193 3085 3240 3100 λ.
3502 3087 3594 3100 ,η
3721 3089 3746 3100 -
3831 3087 3860 3100 ..
3897 3091 3915 3100 -

486 3107 608 3146 sua
661 3091 788 3160 ipse
846 3090 1142 3156 indueret,
1202 3088 1396 3143 sciens
1458 3087 1755 3158 aquitatis
1816 3103 1968 3153 esse,
2028 3087 2149 3142 imo

484 3179 671 3250 magis
701 3178 940 3250 proprie
991 3177 1270 3244 dixerim,
1313 3175 1721 3248 benignitatis,
1753 3181 1821 3231 ut
1874 3175 1984 3241 illi,
2019 3189 2150 3246 qua

485 3266 750 3337 quidem,
780 3269 1069 3335 quantum
1115 3269 1404 3320 creatura
1434 3263 1626 3332 licuit,
1660 3279 1728 3320 eo
1777 3263 2049 3320 ascendit
2083 3269 2151 3319 ut

485 3357 806 3414 maximam
837 3371 973 3410 cum
1005 3371 1073 3409 eo
1107 3353 1563 3411 similitudinem
1585 3353 1998 3426 gereret,hanc
2014 3369 2150 3426 gra-

486 3448 631 3502 tiam
661 3445 912 3500 invicem
945 3445 1322 3516 rependeret,
1356 3449 1420 3500 ut
1471 3449 1530 3499 et
1572 3445 1700 3516 ipse
1735 3442 2148 3513 descenderet,

487 3541 548 3592 et
581 3535 851 3592 eamdem
883 3551 1017 3589 cum
1051 3551 1118 3590 ea
1150 3533 1489 3604 formam,et
1517 3550 1887 3606 quacunque
1921 3533 2041 3590 alia
2075 3533 2149 3590 ad

485 3626 664 3681 vitam
687 3629 981 3697 spectant,
1015 3625 1359 3680 communia
1389 3639 1524 3679 cum
1581 3625 1712 3696 ipsa
1766 3624 2034 3680 haberet.
2083 3626 2154 3679 Et

483 3714 699 3772 exinde
730 3719 973 3786 propter
1007 3713 1260 3786 Virginis
1309 3730 1444 3770 cum
1505 3714 1624 3769 Deo
1666 3714 2149 3797 similitudinem,

489 3805 645 3860 Deus
675 3820 910 3876 quoque
944 3819 1014 3858 ex
1043 3803 1171 3874 ipsa
1193 3803 1384 3858 factus
1415 3807 1506 3858 est
1534 3802 1707 3858 nobis
1740 3802 1976 3858 similis.

560 3893 750 3950 XXIII.
785 3893 950 3959 Quod
979 3893 1025 3948 si
1052 3893 1386 3964 purissima
1411 3892 1496 3948 illi
1534 3896 1763 3949 tantum
1795 3892 2150 3949 innocentia

487 3981 865 4054 suppetebat,
925 3987 989 4036 ut
1046 3981 1387 4052 ubicunque
1465 3981 1707 4038 demum
1784 3987 2151 4052 versaretur,

481 4067 680 4125 locum
701 4070 895 4142 ipsum
917 4069 979 4124 in
1007 4069 1221 4126 Sancta
1243 4075 1586 4126 sanctorum
1608 4075 1985 4126 converteret
2011 4071 2154 4141 (70),

487 4162 546 4214 et
570 4158 662 4213 vix
685 4162 788 4213 aut
816 4174 889 4212 ne
921 4158 1012 4212 vix
1045 4157 1288 4228 quidem
1340 4174 1577 4214 secessu
1629 4165 1730 4214 aut
1783 4159 1988 4229 quovis
2011 4158 2152 4228 alio,

483 4247 646 4321 quod
677 4247 842 4303 locus
876 4246 1161 4319 praebeat,
1194 4247 1469 4318 prasidio
1530 4246 1823 4319 indigeret
1854 4265 1866 4303 :
1925 4264 2154 4320 nequa-

484 4353 665 4411 quam
720 4343 922 4394 tamen
972 4336 1300 4393 concedere
1358 4337 1657 4409 quispiam
1714 4337 1958 4408 poterit,
1998 4337 2151 4393 nihil

2261 3105 2467 3156 σματος
2519 3081 2828 3160 περιθέσθαι
2901 3090 3137 3165 μορφὴν,
3189 3085 3395 3143 δίκαιον
3459 3087 3674 3162 μᾶλλον
3714 3089 3773 3159 ἥ,
3831 3087 3917 3146 ’ἶν’

2261 3173 2588 3250 οἷκειότερον
2632 3175 2792 3248 εἵπω,
2851 3176 3235 3254 φιλάνθρωπον
3293 3178 3560 3253 ἐγνωκὼς,
3623 3177 3698 3234 ’ἶν’
3755 3179 3922 3251 ὅπερ,

2260 3263 2386 3321 ὅσον
2431 3263 2574 3338 ἐξῆν,
2625 3265 2873 3340 ἀνῆλθεν,
2924 3268 2999 3330 ὡς
3036 3269 3154 3324 κατ’
3208 3267 3368 3324 αὐτὸν
3421 3269 3685 3344 γενέσθαι,
3733 3270 3925 3345 τούτῳ

2260 3355 2560 3432 χαρίσηται
2611 3357 2674 3412 τὸ
2726 3355 3032 3426 κατελθεῖν,
3070 3366 3173 3428 τῆς
3202 3379 3262 3414 τε
3312 3359 3516 3421 εἰκόνος
3560 3357 3705 3434 αὐτῷ
3731 3381 3924 3416 κεκοι-

2257 3446 2559 3516 νωνηκέναι
2617 3447 2706 3502 καὶ
2759 3455 2859 3518 τῆς
2909 3446 3090 3520 ἄλλης
3150 3445 3383 3519 διαίτης·
3427 3444 3568 3504 ἔνθεν
3603 3449 3691 3504 καὶ
3727 3448 3930 3526 γέγονε

2261 3531 2348 3590 διὰ
2367 3536 2468 3605 τῆν
2509 3543 2610 3606 τῆς
2652 3537 2919 3611 Παρθένου
2951 3538 3086 3612 πρὸς
3137 3538 3266 3593 Θεὸν
3298 3537 3569 3612 ὁμοίωσιν
3612 3539 3742 3602 Θεὸς
3775 3541 3926 3613 ἡμῖν

2261 3622 2313 3694 ἐξ
2355 3624 2528 3691 αὐτῆς
2557 3625 2774 3698 ὅμοιος.

2330 3908 2455 3966 ΚΓ’.
2483 3907 2548 3966 Εἰ
2580 3906 2683 3985 γάρ
2737 3908 2828 3962 καὶ
2882 3911 3138 3963 τοσοῦτον
3185 3911 3254 3982 τῇ
3295 3910 3555 3984 πανάγνῳ
3609 3916 3801 3984 περιῆν
3847 3911 3931 3976 εἲς

2260 3997 2494 4072 ἁγνείαν,
2548 3994 2690 4052 ὥστε
2737 3997 2846 4067 ὅπη
2907 4017 3006 4069 περ
3057 3996 3118 4052 ἄν
3160 4005 3364 4072 παρῆν,
3395 4001 3562 4073 Ἀγια
3619 3999 3759 4054 εἶναι
3825 4003 3930 4056 τὸν

2258 4087 2426 4143 τόπον
2509 4086 2680 4162 ἁγίων
2739 4085 2914 4156 εὐθὺς,
2974 4088 3065 4142 καὶ
3129 4088 3339 4163 βραχέα
3385 4091 3418 4158 ἣ
3493 4086 3648 4144 οὐδὲν
3703 4089 3936 4171 ἀναχω-

2264 4177 2474 4251 ρήσεως
2517 4177 2550 4244 ἢ
2605 4177 2706 4245 τῆς
2757 4175 2816 4231 ἐκ
2859 4175 3032 4232 τόπου
3089 4173 3295 4242 δεῖσθαι
3353 4178 3663 4254 συνεργείας
3710 4180 3932 4254 ἑτέρας,

2261 4264 2514 4321 ἀλλὀὐκ
2546 4261 2604 4319 ἄν
2657 4261 2780 4342 ἔχοι
2831 4286 2914 4328 τις
2974 4266 3062 4320 καὶ
3113 4265 3220 4320 ἀπό
3268 4273 3369 4338 τῆς
3416 4263 3616 4323 ἀϐάτου
3670 4268 3759 4322 καὶ
3813 4276 3932 4326 τῶν

2260 4355 2612 4430 ἀνθρωπείων
2687 4355 2898 4429 ἐρήμου
2975 4352 3260 4430 διατριϐῆς
3332 4356 3544 4429 ἐκείνης
3623 4359 3700 4432 μὴ
3778 4362 3931 4436 πρὸς

486 4443 732 4501 prorsus
761 4427 1137 4483 mansionem
1156 4426 1719 4496 illam,inaccessam
1734 4433 1792 4483 et
1805 4427 1876 4483 ab
1893 4427 2144 4484 humana

2270 4413 2408 4509 θείάν
2436 4443 2642 4518 ὕψωσιν
2689 4413 2872 4501 διοῦναι
2925 4413 3320 4522 συνεργεῖνιτῇ
3371 4413 3650 4523 Παρθένῳι,
3689 4413 3804 4511 ’ἓως
3830 4413 3930 4507 Γοῦ

488 4516 922 4572 consuetudine
959 4523 1273 4583 remotam,
1307 4517 1381 4573 ad
1436 4516 1699 4574 divinam
1733 4519 2146 4574 ascensionem

491 4605 716 4678 Virgini
741 4605 1055 4676 profuisse,
1083 4605 1320 4676 quando
1353 4607 1478 4679 ipse
1503 4624 1736 4679 quoque
1772 4608 2051 4674 Salvator,
2086 4609 2148 4664 in

490 4685 665 4752 terris
679 4713 812 4752 cum
833 4701 1188 4764 versaretur,
1213 4712 1452 4753 recessu
1474 4702 1532 4753 et
1551 4703 1771 4768 monte,
1797 4699 1898 4754 ubi
1915 4702 2148 4756 Patrem

491 4803 559 4842 ac
584 4787 769 4841 Deum
793 4789 1060 4841 oraretet
1088 4784 1847 4857 alloqueretur,delectatus
1864 4789 2146 4844 cernitur.

565 4877 644 4930 Re
677 4875 803 4946 ipsa
832 4874 1013 4947 igitur
1043 4890 1210 4930 sacra
1237 4874 1335 4931 illa
1362 4877 1690 4947 penetralia
1722 4877 1913 4933 Beata
1949 4873 2160 4932 contu?

493 4963 798 5030 Ierunt,ut
819 4962 1062 5019 domum
1099 4979 1266 5020 suam
1287 4963 1736 5022 administraret
1749 4967 2070 5040 sapienter,
2093 4970 2154 5022 et

573 5093 619 5134 ι’
655 5090 813 5148 Psal.
844 5107 1005 5163 xvm,
1039 5092 1125 5148 15.

2258 4533 2350 4590 καὶ
2386 4538 2456 4609 τῇ
2515 4539 2588 4610 γῇ
2647 4535 2832 4609 παρὼν
2894 4535 2922 4589 ὁ
2973 4537 3172 4611 Σωτὴρ
3226 4536 3577 4613 ἀναχωρήσει
3647 4535 3928 4596 δείκνυται

2261 4624 2473 4701 χαίρων
2505 4625 2590 4678 καὶ
2623 4619 2760 4699 ὄρει,
2789 4631 2889 4694 τῆς
2910 4625 3046 4696 πρὸς
3082 4625 3173 4680 τὸν
3235 4625 3444 4702 Πατέρα
3463 4625 3550 4681 καὶ
3587 4628 3716 4683 Θεὸν
3745 4627 3932 4706 εὐχῆς

2257 4714 2417 4790 χάριν
2444 4713 2532 4769 καὶ
2564 4712 2806 4787 ὁμιλίας.

2332 4877 2544 4932 Ἐκεῖνα
2589 4877 2773 4932 τοίνυν
2834 4873 3006 4938 ὅντως
3033 4874 3099 4930 τὰ
3155 4870 3326 4930 ἄϐατα
3353 4877 3421 4948 τῇ
3476 4876 3718 4948 μακαρίᾳ
3777 4899 3936 4957 παρ-

2262 4966 2426 5040 ἑσχον
2459 4965 2743 5043 φρονίμως
2803 4964 3163 5039 οἰκονομῆσαι
3222 4962 3312 5018 καὶ
3368 4967 3487 5026 ταῖς
3546 4964 3932 5044 θεραπαινίσι,

1835 5195 1980 5256 Ant.
2034 5194 2335 5260 Ballerini
2375 5203 2566 5260 nota.

572 5334 681 5401 (69)
709 5334 837 5388 1am
856 5346 1031 5403 saepe
1064 5328 1210 5403 alias
1241 5327 1569 5403 innuimus,
1599 5329 1841 5403 Mariam
1872 5328 2006 5403 ideo
2039 5331 2158 5386 sin-

503 5399 693 5474 gulari
717 5399 979 5474 quadani
993 5401 1170 5474 laude,
1189 5401 1274 5456 uti
1304 5401 1400 5455 Dei
1429 5416 1563 5474 opus
1603 5399 1889 5474 celebrari
1913 5418 2156 5458 consue-

504 5473 680 5552 πείθεο,
714 5474 870 5552 quod
892 5473 1174 5552 singulari
1204 5473 1586 5552 praerogativa
1616 5473 1676 5528 in
1708 5474 1838 5547 ipsa
1870 5490 1977 5530 sua
2012 5491 2155 5530 con-

507 5541 749 5599 ditione_
763 5545 941 5600 fuerit
971 5541 1272 5601 exornata.

470 5642 521 5687 -_
575 5615 1116 5687 (70)“IIisconsona
1173 5632 1242 5672 ea
1298 5622 1455 5680 sunt,
1485 5633 1638 5687 qua
1683 5617 1744 5672 in
1794 5619 1849 5674 S.
1884 5617 2157 5673 Germani

507 5685 756 5744 homilia
787 5686 1054 5759 ejusdem
1089 5688 1423 5761 argumenti
1482 5685 1732 5760 legimus
1789 5689 1835 5758 (§
1882 5689 1968 5760 10,
2025 5704 2157 5760 sup.

2268 5346 2399 5404 pag.
2433 5332 2583 5403 311),
2615 5347 2750 5388 cum
2781 5330 3056 5389 sacerdos
3087 5330 3414 5403 puellulam
3447 5330 3762 5404 alloquens
3795 5337 3888 5393 ait
3921 5354 3935 5396 :

2269 5405 2388 5473 Non
2419 5406 2562 5458 enim
2595 5409 2642 5458 te
2671 5405 2849 5459 altare
2877 5407 3199 5473 sanctiﬁcat,
3249 5407 3359 5458 imo
3415 5419 3543 5458 vero
3598 5421 3633 5458 a
3681 5411 3734 5459 te
3766 5409 3939 5464 uber-

2266 5472 2406 5528 rime
2428 5477 2823 5544 sanctiﬁcatur.
2854 5474 3031 5532 Vides
3057 5472 3259 5530 autem
3283 5474 3410 5530 hac
3443 5475 3516 5530 ad
3540 5475 3864 5545 puritatem
3885 5488 3939 5536 et

2267 5546 2646 5626 innocentiam
2670 5546 2945 5627 puellula
2967 5553 3259 5619 spectare,
3293 5563 3424 5617 qua
3454 5547 3940 5674 singularissima

2268 5614 2401 5670 ideo
2432 5615 2562 5674 fuit.
2597 5632 2756 5674 quia.
2789 5625 2853 5674 ut
2884 5618 3197 5674 inquiebat
3236 5621 3263 5674 ὃ
3321 5621 3408 5674 13.
3459 5619 3535 5674 Isi
3583 5635 3723 5674 orus
3775 5622 3937 5674 inse-

2268 5614 2568 5699 ideo_fuit,_
2597 5614 2853 5699 quiahut
2884 5614 3263 5699 inquiebat_§
3310 5614 3408 5699 ‘19,
3459 5614 3723 5699 Isidorus
3775 5622 3937 5696 ipse,

2266 5701 2378 5742 non
2406 5689 2466 5742 in
2487 5689 2878 5760 iniquitatibus
2907 5689 3172 5762 concepta
3193 5693 3313 5764 ipsa
3339 5693 3552 5761 fuerat.
