4090 6208
206 379 272 441 65
1044 377 1310 440 SERMO
1359 379 1435 440 IN
1483 376 1865 441 PRESENT

1977 379 2233 441 IONEM
2275 377 2343 439 Β.
2390 379 2462 440 ν.
2511 378 2808 440 MANE.
3535 386 3614 445 66

198 515 290 574 τὰς
354 503 682 584 σεῦασμίους
739 507 880 583 λέγω
939 508 1139 582 ταύτης
1187 510 1488 585 αῗσθήσεις,
1535 511 1590 568 ’ἐν
1643 515 1842 589 καιρῷ,

1975 512 2082 570 suis
2109 511 2361 581 ancillis,
2409 513 2780 584 venerandis,
2840 513 3106 586 inquam,
3163 515 3434 573 sensibus
3467 520 3612 586 suis,

199 601 343 657 κατὰ
425 601 516 656 τὸν
582 604 719 665 θεῖον
792 604 1026 672 Λουκᾶν,
1087 597 1272 657 δοῦναι
1327 603 1390 657 τὸ
1478 603 1843 680 σιτομέτριον.

1975 605 2154 676 prouti
2179 603 2412 660 divinus
2444 603 2622 660 habet
2653 606 2838 661 Lucas
2875 605 2940 670 ιο,
2973 606 3131 661 daret
3165 607 3339 664 tritici
3393 623 3612 664 mensu-

199 692 277 746 Τὸ
309 689 368 746 δὲ
408 691 764 764 σιτομέτριον,
825 690 900 753 ὡς
952 690 980 745 6
1049 687 1180 765 ἐμὸς
1234 691 1426 767 λόγος,
1487 695 1522 762 ἡ
1581 691 1849 770 εὐκαίρως

207 781 404 855 ἑκάστῃ
458 786 562 836 τῶν
625 782 891 850 κινήσεων
946 777 1334 854 διανεμηθεῖσα
1398 780 1602 854 μελέτη
1653 780 1714 837 ἄν
1761 783 1848 854 εἳη

207 872 298 927 καὶ
327 873 568 943 τήρησιςο
627 869 656 924 δ
686 868 754 938 δὴ
814 871 904 926 καὶ
964 871 1038 933 ὡς
1088 872 1270 950 σοφῶς
1318 871 1464 927 οὕτω
1519 871 1610 927 καὶ
1641 873 1852 946 θαυμα-

205 962 332 1024 σίως
394 962 429 1028 ἡ
489 961 766 1034 Πᾶνα-[νος
844 959 1278 1034 οἷκονομήσασα,
1353 959 1430 1040 ἐφ’
1506 960 1670 1016 ἅπασι
1737 966 1856 1026 τοῖς

201 1050 563 1124 ὑπηργριὲνοις
624 1048 741 1122 Θεῷ
798 1046 1055 1105 δέσποινα
1135 1047 1426 1110 δέδεικται.
1499 1052 1640 1126 Πρὸς
1691 1055 1855 1106 τοῦτο

196 1140 290 1214 γαρ
317 1138 499 1194 ἐκεῖνα
532 1137 762 1215 βίλλειν
792 1144 892 1195 τοῦ
928 1146 1185 1215 Σωτῆρος
1210 1137 1357 1195 δοκῶ
1390 1161 1483 1214 μοι
1513 1141 1580 1196 τὰ
1613 1138 1854 1215 ῥηματω

197 1229 285 1290 Τίς
343 1227 452 1304 ἄρα
527 1228 672 1284 ἐστὶν
729 1231 758 1284 6
815 1232 1006 1294 πιστὸς
1057 1229 1350 1304 οῒκονόμος
1418 1231 1507 1286 καὶ
1564 1230 1858 1311 φρόνιμος,

199 1316 251 1374 ἓν
304 1321 640 1391 καταστήσει
715 1320 743 1374 6
799 1319 1002 1394 Κύριος
1059 1318 1145 1376 ἐπὶ
1219 1327 1320 1390 τῆς
1408 1320 1692 1394 θεραπείας
1763 1319 1858 1376 αὖ·

199 1413 316 1476 τοῦ,
397 1414 499 1464 τοῦ
559 1407 739 1464 δοῦναι
805 1406 858 1464 ἒν
920 1413 1093 1483 καιρῷ
1137 1409 1202 1464 τὸ
1265 1408 1658 1484 σιτομέτριονς
1739 1416 1856 1466 Μαι

201 1499 388 1573 κᾶριος
448 1499 477 1552 6
527 1495 730 1561 δοῦλος
797 1497 1029 1566 έκεῖνος,
1081 1499 1140 1553 δν
1198 1497 1373 1554 έλθὼν
1426 1500 1454 1554 6
1504 1499 1720 1576 Κύριος
1755 1501 1856 1556 αὖα

202 1591 290 1642 τοῦ
344 1587 569 1663 εὑρήσει
635 1591 898 1643 ποιοῦντα
947 1588 1146 1650 οὓτως.
1214 1588 1466 1659 Ἀληθῶς
1526 1587 1672 1665 λέγω
1733 1590 1862 1663 ὑμῖν

201 1678 278 1732 ὅτι
325 1675 417 1731 ἐπὶ
478 1681 609 1733 πᾶσι
667 1683 786 1741 τοῖς
875 1677 1212 1756 ὑπάρχουσιν
1281 1678 1452 1734 αὐτοῦ
1534 1681 1861 1751 καταστήσει

207 1767 358 1824 αὐτόν

269 1859 400 1934 Περῖ
457 1858 685 1957 ταύτης,
746 1857 942 1934 ἔμοιγε
1001 1857 1172 1930 δοκεῖ,
1223 1859 1314 1915 καὶ
1396 1862 1425 1916 6
1485 1862 1627 1924 Θεῖος
1688 1859 1858 1918 έκεῖνο
1889 1891 1937 1957 Β

203 1954 439 2024 προεῖπε
488 1944 669 2004 Δαῦίδ·
731 1948 831 2017 Σὺ,
900 1949 1081 2024 Κύριε,
1157 1950 1468 2023 καταμόνας
1527 1949 1611 2006 ἐπ’
1671 1948 1859 2007 ἑλπίδι

201 2038 511 2110 κατῴκισας
557 2057 639 2111 με’
704 2037 883 2108 έκείνη
933 2037 1034 2115 γὰρ
1101 2041 1136 2108 ἡ
1193 2039 1429 2114 μόνωσις
1472 2044 1542 2114 τῇ
1601 2041 1860 2115 Παρθένῳ

200 2127 378 2203 γέγονε
421 2129 679 2202 πρόξενος
736 2134 838 2197 τῆς
889 2127 1156 2198 ἀληθινῆς
1187 2128 1420 2192 ἀλπίδος
1457 2135 1670 2206 τυχεῖν,
1707 2131 1863 2187 κάκεῖ

201 2222 350 2272 τοῦτο
372 2222 738 2297 προφητικῶς
768 2216 830 2274 ἄν
874 2218 1026 2273 εἷπεν
1061 2220 1097 2289 ἡ
1143 2218 1436 2295 Πάναγνος,
1494 2221 1569 2283 ὡς
1628 2218 1861 2295 ἐμαυτὸν

202 2307 382 2362 πείθωο
419 2309 691 2365 Ἤκουσεν
724 2305 784 2363 ἐκ
803 2313 934 2363 ναοῦ
985 2308 1143 2385 ἁγίου
1173 2306 1340 2364 αὺτοῦ
1393 2317 1576 2387 φωνῆς
1610 2327 1736 2384 μου·
1767 2309 1859 2366 καὶ

197 2397 228 2464 ἡ
259 2399 465 2472 κραυγή
494 2417 607 2468 μου
636 2395 870 2453 ἐνώπιον
903 2397 1072 2454 αὐτοῦ
1103 2396 1465 2454 εἰσελεύσεται
1516 2397 1594 2460 είς
1623 2399 1692 2455 τὰ
1747 2401 1862 2456 ὦτα

196 2507 377 2542 αυτου.

269 2583 393 2635 K5.
449 2578 672 2654 Ἔγωγε
724 2577 780 2633 δὲ
837 2580 930 2634 καὶ
981 2580 1080 2648 τήν
1154 2581 1422 2652 μυστικὴν
1479 2578 1688 2651 ἐκείνην
1766 2580 1858 2636 καὶ

201 2664 677 2742 κρυφιωδεστᾶτην
709 2666 762 2722 ἐν
810 2671 935 2730 τοῖς
990 2669 1159 2744 ἱεροῖς
1194 2665 1414 2740 οῖκησιν
1452 2676 1553 2738 τῆς
1584 2669 1858 2746 Παρθένου

201 2756 453 2831 καὶπρὸς
482 2757 585 2825 τὴν
609 2753 789 2812 εἰκόνα
839 2758 1044 2828 ταύτην
1092 2759 1283 2830 οἴομαι
1345 2757 1524 2835 φέρειν
1580 2762 1678 2814 τοῦ
1737 2758 1858 2814 υἱοῦ

204 2846 284 2898 καὶ
319 2852 590 2920 Σωτῆρος
632 2845 820 2916 αὐτῆς.
879 2848 1132 2922 Καθάπερ
1188 2847 1294 2922 γὰρ
1348 2848 1377 2902 6
1438 2849 1734 2919 Δεσπότης,
1773 2849 1856 2903 ὅτι

205 2936 294 3003 μὶν
323 2936 617 3008 ἅνθρωπος
649 2939 776 3011 παρ’
805 2937 1001 3006 αὐτῆς,
1052 2940 1328 2992 κοινωνῶν
1378 2939 1444 3006 ἦν
1498 2936 1588 2993 καὶ
1641 2937 1860 3011 ὁρώμε-

200 3044 286 3084 νος
318 3029 435 3086 τοῖς
474 3025 809 3098 ἀνθρώποις,
843 3025 1068 3090 ἀθέατος
1107 3022 1153 3080 δ’
1214 3025 1288 3086 ὡς
1342 3027 1496 3095 Θεὸς,
1545 3025 1638 3081 καὶ
1668 3046 1859 3082 συναυ-

201 3113 323 3176 λίας
370 3113 608 3189 ἄμοιρος
657 3115 1014 3189 ἀνθρωπείας·
1075 3114 1250 3177 οὕτως
1290 3117 1326 3184 ἡ
1382 3120 1492 3171 τῶν
1549 3114 1856 3192 μεγαλείων

201 3209 444 3278 τυχοῦσα
497 3208 598 3260 τοῦ
686 3201 920 3260 δυνατοῦ
979 3203 1229 3280 ὁρωμένη
1309 3225 1370 3260 τε
1451 3203 1719 3282 ἐτύγχανε
1766 3203 1856 3260 καὶ

1960 710 2081 749 ram
2110 696 2167 748 in
2209 700 2464 765 tempore.
2499 694 2696 749 Tritici
2728 711 2902 766 porro
2953 712 3251 766 mensura,
3285 702 3350 752 ut
3379 698 3611 770 Opinor,

1963 783 2359 840 consideratio
2387 783 2570 840 fuerit
2599 800 2667 840 ac
2697 785 2966 840 custodia
3015 786 3088 841 ad
3120 786 3383 859 singulos
3415 795 3612 844 motus

1965 878 2294 946 opportune
2325 873 2609 930 adhibita.
2641 875 2827 940 Quam
2859 891 2997 930 sane
3029 876 3608 934 administrationem

1965 977 2100 1018 cum
2130 961 2615 1018 innocentissima
2644 962 2747 1018 illa
2768 966 2894 1018 tum
2923 963 3264 1035 prudenter,
3282 969 3406 1021 tum
3431 965 3609 1022 etiam

1967 1052 2464 1108 excellentissime
2521 1053 2821 1124 gessisset,
2873 1055 3120 1109 Domina
3169 1056 3488 1111 constituta
3532 1061 3621 1111 est

1968 1157 2147 1212 super
2167 1142 2366 1198 omnia
2398 1159 2526 1213 quas
2555 1144 2672 1198 Deo
2703 1142 2974 1199 subsunt.
3009 1145 3131 1198 Huc
3162 1145 3321 1198 enim
3353 1149 3620 1216 spectare

1968 1232 2115 1288 mihi
2146 1233 2420 1289 videntur
2447 1234 2552 1288 illa
2610 1233 2922 1290 Salvatoris
2978 1235 3198 1290 verba:
3253 1238 3402 1304 Quis,
3429 1243 3619 1306 putas,

1970 1328 2047 1379 est
2091 1322 2268 1391 ﬁdelis
2329 1323 2674 1394 dispensator
2702 1330 2756 1379 et
2793 1324 3059 1394 prudens,
3123 1341 3286 1394 quem
3334 1327 3625 1380 constituet

1974 1414 2229 1469 Dominus
2273 1428 2438 1482 super
2482 1412 2761 1480 familiam
2799 1429 2974 1481 suam,
3025 1420 3086 1468 ut
3142 1414 3235 1468 det
3279 1415 3337 1468 in
3387 1421 3626 1485 tempore

1973 1501 2153 1558 tritici
2207 1517 2514 1557 mensuram
2556 1505 2584 1556 ?
2639 1505 2836 1558 Beatus
2894 1502 2988 1557 ille
3035 1519 3238 1570 servus,
3289 1520 3453 1573 quem
3505 1520 3626 1558 cum

1971 1594 2181 1650 venerit
2213 1594 2476 1648 Dominus
2507 1593 2644 1662 ejus,
2678 1594 2955 1649 invenerit
3001 1595 3076 1648 sic
3118 1595 3428 1661 facientem.
3481 1595 3620 1648 Vere

1973 1681 2098 1737 dico
2118 1682 2288 1750 vobis,
2321 1684 2583 1753 quoniam
2613 1698 2780 1752 supra
2813 1683 3024 1751 omnia,
3057 1696 3185 1753 qua?
3205 1684 3471 1752 possidet,
3492 1699 3620 1738 con-

1971 1773 2162 1826 stituet
2191 1771 2352 1826 illum
2378 1773 2445 1824 ⁴¹.

2047 1861 2126 1915 De
2159 1861 2286 1932 ipsa
2328 1865 2620 1933 praterea
2676 1865 2734 1916 et
2779 1860 2929 1916 illud
2981 1866 3122 1933 puto
3172 1861 3445 1916 Davidem
3476 1877 3623 1931 pras-

1967 1951 2186 2007 dixisse
2222 1967 2234 2006 :
2264 1955 2362 2022 Tu,
2396 1952 2642 2019 Domine,
2675 1950 3043 2020 singulariter
3070 1954 3129 2006 in
3163 1968 3258 2022 spe
3289 1951 3629 2006 constituisti

1965 2058 2050 2096 me
2077 2043 2211 2108 (7i).
2237 2040 2343 2096 Illa
2373 2039 2528 2096 enim
2559 2039 2817 2095 solitudo
2853 2040 3076 2111 Virgini
3111 2041 3456 2105 contulit,ut
3475 2056 3624 2094 veras

1968 2129 2092 2202 spei
2115 2130 2392 2185 elTectum
2413 2135 2882 2201 consequeretur
2905 2130 3083 2198 ;adeo
3107 2135 3174 2184 ut
3203 2130 3281 2184 ibi
3307 2129 3627 2200 purissima

1965 2223 2167 2291 (prout
2186 2219 2332 2275 mihi
2355 2219 2706 2291 persuadeo)
2725 2219 3137 2292 propheticum
3160 2217 3305 2273 illud
3336 2233 3626 2288 usurpare

1967 2310 2228 2382 potuerit
2279 2312 2631 2367 :Ea'audivit
2688 2311 2755 2366 de
2809 2311 3011 2381 templo
3070 2316 3258 2366 sancto
3316 2325 3412 2364 suo
3451 2325 3630 2364 vocem

1966 2417 2141 2457 meam
2169 2420 2191 2466 ;
2220 2407 2271 2458 et
2310 2401 2514 2457 clamor
2568 2417 2717 2457 mens
2773 2403 2835 2455 in
2894 2407 3186 2470 conspectu
3227 2401 3349 2470 ejus
3381 2392 3631 2454 introibit

1968 2492 2028 2545 in
2057 2507 2218 2546 aures
2246 2492 2366 2562 ejus
2395 2492 2532 2563 (72).

2036 2581 2230 2635 XXIV.
2280 2581 2432 2636 Illud
2464 2581 2710 2653 insuper
2739 2580 2915 2652 plane
2975 2580 3274 2644 existimo,
3306 2579 3620 2649 mysticam

1965 2669 2128 2727 illam
2155 2672 2734 2742 secretissimamque
2757 2671 3012 2740 Virginis
3068 2670 3130 2724 in
3189 2669 3396 2740 templi
3441 2684 3630 2739 pene-

1964 2760 2214 2816 tralibus
2245 2761 2622 2816 mansionem
2651 2760 2950 2831 pertinere
2981 2758 3054 2813 ad
3087 2759 3624 2830 imaginem,quam

1964 2849 2224 2922 gerebat,
2283 2849 2392 2902 filii
2453 2865 2520 2903 ac
2578 2848 2899 2903 Salvatoris
2952 2847 3064 2901 sui.
3108 2845 3622 2910 Quemadmodum

1965 2938 2127 2995 enim
2177 2936 2486 3006 Dominus,
2529 2941 2821 3008 quatenus
2881 2935 3059 2990 homo
3113 2949 3182 2989 ex
3213 2933 3342 3004 ipsa
3371 2933 3626 3004 genitus,

1963 3045 2099 3084 cum
2127 3027 2469 3084 hominibus
2500 3024 2995 3082 consuetudinem
3027 3023 3302 3088 habebat,
3336 3039 3404 3076 ac
3431 3038 3491 3077 se
3539 3021 3625 3074 vi—

1965 3118 2225 3174 dendum
2252 3116 2876 3190 praabebat,quatenus
2897 3120 3097 3170 autem
3121 3114 3294 3182 Deus,
3310 3109 3626 3166 invisibilis

1967 3213 2027 3262 et
2052 3206 2301 3264 humani
2324 3205 2696 3262 contubernii
2728 3222 2931 3261 exsors
2959 3202 3234 3259 manebat
3269 3219 3283 3268 ;
3316 3201 3398 3256 ita
3420 3205 3478 3255 et
3499 3199 3621 3268 illa,

199 3297 450 3370 ἀόρατος·
501 3296 596 3350 καὶ
642 3297 716 3358 ὡς
777 3297 873 3369 μὲν
930 3267 1228 3370 ἀνθρώπων
1311 3296 1398 3350 καὶ
1479 3267 1625 3351 καὸΓ
1685 3298 1860 3382 ἡμᾶς⁹

1977 3315 2109 3369 quas
2141 3297 2425 3368 magnalia
2440 3299 2684 3368 potentis
2712 3297 2758 3331 “
2787 3300 2962 3352 nacta
2993 3298 3100 3361 est,
3115 3267 3421 3347 videbatur
3446 3285 3624 3382 simul

204 3387 418 3459 ἑωράθη
448 3405 508 3440 τε
538 3390 655 3447 τοῖς
687 3383 927 3446 πολλοῖς
964 3384 1131 3460 μέχρι
1188 3383 1444 3460 τριετίαν,
1473 3384 1564 3439 καὶ
1599 3384 1734 3458 μετὰ
1759 3386 1864 3456 τήν

202 3479 297 3530 τοῦ
316 3478 471 3551 ἰεροῦ
513 3472 695 3544 ἔξοδον
743 3475 880 3550 ἄχρι
923 3480 1024 3544 τῆς
1074 3474 1152 3538 εἷς
1209 3472 1468 3550 οὐρανοὺς
1498 3472 1717 3530 ἀνόδου·
1787 3475 1861 3540 ὡς

207 3564 268 3620 ὃὶ
298 3567 400 3633 τὴν
431 3564 622 3639 ἀρετὴν
663 3564 799 3639 ὑπὲρ
839 3567 1010 3637 ἡμᾶς,
1060 3563 1153 3619 καὶ
1201 3564 1265 3620 τὸ
1310 3565 1494 3620 καινὸν
1539 3571 1639 3634 τῆς
1675 3567 1862 3641 ψυχῆς

205 3653 438 3720 καλλος,
471 3655 581 3725 καί,
613 3655 735 3709 οἷον
762 3653 954 3726 εἰπεῖν,
1013 3653 1142 3716 Θεὸς
1186 3649 1448 3728 ὶπίγειος,
1477 3654 1704 3718 ἀθέατος
1761 3654 1865 3710 οὐκ

210 3743 290 3799 iu’
345 3745 542 3819 ὀλίγον
591 3747 843 3816 κατέστη,
902 3745 966 3800 τὸ
1023 3740 1222 3800 ἄϐατον
1272 3743 1502 3800 οἰκοῦσα
1559 3745 1648 3800 καὶ
1713 3750 1861 3809 θεῖον

211 3828 431 3909 ἔδαφος·
492 3835 566 3896 ὡς
621 3836 698 3903 ἂν,
745 3835 776 3890 6'
832 3836 1257 3910 προϋπέγραψεν
1318 3831 1371 3888 ἐν
1458 3833 1622 3908 ἑαυτῇ
1691 3835 1863 3910 ὁρατὴ

216 3931 432 4000 φανεῖσα
473 3923 560 3979 καὶ
589 3924 837 3998 ἀόρατος,
867 3923 1009 3999 ᾗπερ
1032 3920 1186 4000 ἔφην,
1233 3928 1394 3980 τοῦτο
1453 3927 1550 3980 τοῦ
1607 3927 1864 4003 φανέντος

220 4020 335 4088 παρ’
366 4013 538 4084 αὐτῆς
568 4015 803 4089 ἀοράτου
831 4034 890 4069 τε
908 4014 1000 4069 καὶ
1024 4014 1222 4090 ὁρατοῦ
1270 4017 1406 4071 Θεοῦ
1437 4011 1598 4070 εἰκὼν
1635 4013 1867 4090 έναργὴς

225 4106 517 4177 προτεθείν.

1979 3393 2040 3444 et
2067 3387 2378 3443 invisibilis
2399 3392 2542 3442 erat.
2575 3386 2889 3452 Nimirum,
2939 3388 3231 3456 quatenus
3268 3397 3338 3436 ex
3371 3377 3624 3435 homini-

1972 3476 2084 3534 bus
2114 3483 2243 3533 orta
2263 3481 2372 3544 est,
2407 3481 2465 3532 et
2490 3475 2662 3532 nobis
2695 3474 2908 3531 similis
2937 3474 3069 3540 fuit,
3114 3473 3236 3527 visa
3263 3487 3500 3542 quoque
3533 3472 3624 3524 est

1973 3585 2009 3623 a
2028 3566 2230 3624 multis
2254 3582 2442 3638 usque
2472 3565 2547 3622 ad
2578 3565 2923 3633 triennium,
2955 3569 3014 3618 et
3033 3562 3246 3618 deinde
3272 3566 3404 3632 post
3426 3575 3624 3630 egres-

1973 3671 2106 3712 sum
2137 3672 2168 3711 e
2199 3655 2420 3728 templo
2450 3670 2640 3725 usque
2660 3653 2748 3724 fad
2778 3669 2948 3709 suam
2977 3652 3386 3708 ascensionem
3419 3649 3480 3702 in
3506 3665 3622 3703 caa-

1972 3745 2062 3801 los
2096 3761 2110 3812 ;
2145 3751 2438 3816 quatenus
2469 3761 2604 3800 vero
2646 3744 2860 3799 virtute
2919 3742 3362 3813 superhumana
3389 3744 3448 3795 et
3476 3754 3626 3794 nova

1975 3835 2157 3891 animi
2179 3833 2622 3906 pulchritudine
2654 3830 3258 3902 prmcellebat,atque,
3284 3829 3332 3884 si
3357 3829 3442 3882 ita
3461 3825 3622 3896 loqui

1973 3922 2064 3978 fas
2095 3929 2204 3989 est,
2236 3921 2512 3976 divinitas
2543 3926 2670 3975 erat
2698 3918 2996 3974 terrestris
3052 3919 3181 3987 (73),
3241 3915 3378 3970 ideo
3463 3911 3625 3968 haud

1973 4012 2147 4068 breve
2173 4017 2405 4083 tempus
2436 4009 2748 4066 invisibilis
2779 4007 3020 4075 latebat,
3053 4007 3429 4062 inaccessum
3453 4020 3520 4059 ac
3541 4002 3628 4058 di-

1974 4103 2175 4159 vinum
2208 4101 2352 4158 illud
2383 4099 2744 4158 domicilium
2770 4097 3037 4154 incolens
3069 4113 3084 4154 :
3113 4095 3260 4153 adeo
3292 4100 3359 4152 ut
3386 4093 3544 4167 quod
3563 4093 3627 4149 in

229 4201 534 4272 semetipsa
563 4201 624 4254 in
651 4205 1028 4272 antecessum
1058 4197 1365 4272 expressit,
1397 4193 2091 4272 visibilis_et_invisibilis,
2123 4198 2190 4250 ut
2244 4192 2388 4263 dixi,
2449 4207 2767 4265 apparens,
2835 4189 2946 4246 hoc
2994 4187 3097 4244 Dei
3147 4204 3218 4242 ex
3245 4186 3384 4256 ipsa
3436 4182 3625 4255 geniti

225 4269 461 4327 visibilis
485 4277 544 4327 et
564 4271 884 4328 invisibilis
915 4269 1277 4344 apparentis,
1310 4269 1501 4326 vivida
1524 4269 1704 4326 fuerit
1732 4269 1948 4342 imago.

299 4396 342 4431 ⁸⁸
367 4398 493 4455 Luc.
529 4415 632 4467 ιιι,
661 4399 751 4454 42.
783 4397 830 4436 ⁴¹
862 4394 1012 4453 Ibid.
1046 4398 1134 4455 43.
1165 4395 1214 4433 ⁴²
1235 4394 1370 4454 Luc.
1405 4411 1446 4466 ι,
1469 4397 1560 4455 49.

1560 4527 1705 4588 Ant.
1739 4521 2040 4588 Ballerini
2072 4533 2116 4589 ›“.
2200 4539 2274 4587 ω.

285 4665 393 4736 (7t)
424 4665 582 4720 Psal.
609 4679 684 4733 ιν,
718 4665 802 4718 lo.
837 4660 1004 4728 Quod
1038 4661 1330 4736 vulgatus
1366 4660 1866 4736 vertitsingular-
1896 4668 1942 4730 υ

224 4731 384 4805 riter,
432 4737 574 4792 LXX
645 4731 848 4808 legunt
916 4731 1228 4808 κατᾳμόγάς
1312 4731 1597 4808 (seorsim),
1679 4732 1865 4808 idque

222 4803 602 4875 Isid0rus,uti
636 4803 817 4880 patet,
853 4803 1132 4880 transfert
1157 4803 1232 4860 ad
1263 4803 1648 4880 solitudinem
1679 4803 1867 4880 Virgi-

223 4873 840 4951 nis-:attamen‘juxta
897 4878 1011 4932 vim
1071 4881 1380 4951 contextus
1437 4873 1867 4951 Hebraici_vox

1975 4659 2260 4716 videatur.
2289 4661 2427 4725 Quas
2459 4657 2700 4730 quidem
2728 4654 2934 4711 fideles
2950 4651 3423 4730 _dum_au_dirent,
3447 4664 3633 4704 num-

1978 4731 2120 4803 quid
2153 4724 2325 4788 locus’
2346 4724 2614 4803 reliquus
2645 4734 2773 4803 erat
2803 4724 3166 4803 suspicandi,
3200 4725 3354 4803 hanc
3388 4734 3627 4792 quoque

1969 4793 2445 4874 pulchritudinem
2463 4793 2807 4874 turpissima
2821 4793 3045 4871 peccati
3062 4793 3440 4874 maculamon
3460 4807 3628 4874 secus

1978 4864 2045 4930 ac
2067 4881 2312 4931 cmteros
2342 4864 2925 4939 hominésﬁedafam
2949 4868 3245 4925 exstitisse
3264 4864 3631 4939 ?Atqui_h_a3c

416 4934 689 5029 (solitarii:
720 4967 823 5029 seu
852 4951 1014 5029 solus)
1061 4946 1600 5029 referendapotius
1652 4946 1882 5002 videtur
1989 4934 3059 5029 virginempulchritudinis_en‘comia
3080 4934 3634 5029 passimﬂ‘apugmln’a-

229 5023 295 5077 ad
328 5019 539 5089 Deum,
575 5023 675 5093 qui
709 5023 872 5076 solus
903 5022 962 5074 in
994 5037 1095 5092 spe
1119 5019 1449 5093 constituit.

293 5099 405 5164 (12)
440 5089 610 5149 Psal:
632 5111 767 5162 xvn,
795 5098 850 5157 7,
893 5089 1210 5164 sechXXV.
1239 5090 1391 5164 Nam
1445 5089 1552 5164 ubi
1601 5089 1878 5162 Vulgatus

227 5158 400 5223 habet.
430 5165 712 5233 introivit,
743 5158 943 5220 Grieca
963 5164 1151 5218 versio
1186 5163 1329 5235 legit
1348 5158 1732 5235 εἷσελεόσεταιζ

291 5242 398 5320 (Τῖξ)
433 5232 963 5320 Έὶιιεομιιιοιομξιη
1012 5235 1162 5317 nihil
1221 5232 1876 5315 sermo_ni.inseruis'se,

225 5305 389 5381 quod
437 5305 760 5382 puritatem
812 5308 1077 5382 Deiparaa
1131 5307 1196 5382 in_
1233 5322 1350 5382 sua
1407 5305 1593 5382 ipsius
1651 5305 1875 5376 origine

223 5376 501 5454 expresse
532 5379 881 5454 vindicaret.
901 5376 1102 5454 Nonne
1127 5378 1200 5434 ad
1233 5379 1386 5433 hanc
1409 5376 1876 5454 opinio_nem_au-

223 5447 515 5509 dit-oribus
546 5452 1109 5524 ingerendamisatis
1133 5467 1208 5524 ea
1231 5453 1420 5524 erant,
1442 5463 1574 5524 quas
1604 5447 1715 5524 hoc
1747 5448 1876 5524 loco

222 5525 285 5581 de
317 5527 581 5598 Virginis
598 5519 1046 5598 pulchritudine
1055 5522 1398 5598 brevissime
1421 5519 1877 5598 ta_ngit?_lfiedum

224 5599 370 5653 enim
405 5591 762 5670 pulchram,
787 5595 892 5650 sed
943 5594 1415 5670 pulchritudinem
1469 5591 1598 5662 ipsa
1636 5593 1876 5670 Mariam

222 5664 500 5742 appellat,
535 5674 596 5724 et
625 5668 870 5742 quidem
895 5665 1367 5742 pulchritudinem
1398 5668 1675 5742 novam,et
1699 5664 1875 5742 talem

224 5735 382 5816 cujus
421 5735 620 5817 gratia
643 5735 966 5797 'divinitati
1016 5736 1386 5810 exaequanda
1437 5735 1876 5806 quodammodo

1989 5007 2110 5074 tres
2143 5025 2202 5074 et
2248 5007 2310 5073 in
2364 5019 2530 5073 libris
2571 5007 3411 5088 ecclesiasticis”recurrunt._
3459 5007 3628 5073 Ergo,

1989 5091 2220 5146 etiamsi
2244 5090 2575 5145 doctrinam
2608 5089 2679 5144 de
2737 5093 2941 5142 sancta
2973 5083 3228 5153 Virginis
3270 5083 3496 5160 origine
3531 5090 3628 5127 ex-

1987 5163 2188 5234 plicite
2215 5162 2486 5217 traditam
2510 5161 2769 5234 reperire
2801 5174 2919 5214 non
2947 5152 3398 5234 esset,germina
3414 5152 3632 5234 tamen,

1989 5217 2020 5290 ὃ
2052 5217 2268 5305 quibus
2299 5238 2505 5305 sponte
2529 5217 2947 5305 efﬂoresceret,
2982 5217 3203 5296 passim
3252 5221 3313 5273 in
3366 5217 3632 5305 depositio

1986 5286 2702 5377 ξι·ιῖἆὶήῆόῆἰέιρῖοεὶατὲηὶ.
2747 5286 3068 5377 ᾏῼωιθιίιιῐῐι,
3087 5309 3236 5377 cum
3266 5286 3635 5377 eamdemil-

1987 5378 2106 5433 lam
2140 5361 2470 5432 doctrinam
2495 5381 2700 5430 auctor
2729 5372 2948 5428 diserte
2969 5361 3338 5440 prefiteatur,
3361 5361 3496 5416 inde
3527 5376 3636 5416 no-

1986 5448 2078 5503 bis
2103 5448 2501 5502 certissimum
2525 5444 2785 5516 suppetit
2804 5435 3241 5516 argumentum,
3264 5435 3439 5516 hasce
3457 5439 3636 5516 atque

1987 5519 2144 5597 alias
2161 5518 2365 5597 plures
2389 5507 2622 5597 laudes,
2639 5507 2901 5597 "quibus'
2933 5511 3126 5597 Mariae
3183 5513 3244 5565 et
3289 5507 3539 5597 puritas,
3569 5510 3640 5597 et

1986 5579 2290 5657 sanctitas,
2313 5579 2746 5650 etinnocentia,
2781 5592 2839 5642 et
2858 5589 3133 5641 venustas
3162 5579 3637 5650 commendatur,

1987 5663 2060 5720 ab
2093 5681 2160 5720 ea
2187 5661 2482 5720 sententia
2512 5658 2827 5734 proficisci.
