4090 6208
442 373 515 432 67
1585 363 1878 425 ISIDORI
1927 362 2684 425 THESSALONICENSIS

3785 366 3878 424 68

511 507 677 562 XXV.
712 505 928 560 Verum
960 505 1019 557 et
1046 500 1205 573 quod
1233 499 1432 572 pervia
1464 499 1684 572 Virgini
1717 515 1882 557 sacra
1907 498 2076 572 adyta

2263 498 2384 557 κε’.
2415 495 2594 554 Ἀλλὰ
2629 495 2717 552 καὶ
2747 496 2811 551 τὸ
2831 497 2900 570 τῇ
2933 495 3189 570 Παρθένῳ
3217 494 3284 548 τὰ
3347 489 3521 549 ἄϐατα
3555 495 3872 573 ἆνθεῳχῆ-

439 598 823 670 patuerint,et
841 593 997 665 quod
1019 592 1266 663 angelus
1299 608 1330 646 e
1360 591 1502 647 caelo
1527 592 1896 648 descendens
1913 591 1986 648 ad
1997 608 2091 664 pa-

433 687 690 744 randum
722 685 918 741 cibum
949 683 1124 738 illum
1155 681 1493 737 mirabilem
1523 683 1919 748 astiterit,hoc
1943 681 2088 737 mihi

435 782 792 850 praenotasse
818 773 1067 840 videtur,
1101 772 1278 828 caelos
1312 771 1526 828 deinde
1554 771 1910 845 aperiendos
1936 787 2087 840 esse,

438 885 504 924 ac
532 867 814 939 Spiritum
874 870 1146 921 sanctum
1206 864 1499 936 corporali
1558 865 1774 936 specie,
1825 863 2090 919 divinum

437 957 736 1011 lavacrum
769 955 829 1010 in
855 955 1108 1011 Iordane
1142 954 1390 1010 Domino
1429 953 1810 1026 suscipiente,
1845 951 2092 1008 descen-

437 1063 662 1103 surum.
696 1045 1205 1111 Quemadmodum
1227 1044 1386 1100 enim
1412 1044 1517 1099 uni
1546 1043 1921 1116 Virgini,non
1951 1057 2088 1098 vero

434 1136 692 1208 cuipiam
741 1136 912 1192 alteri
943 1152 1014 1191 ex
1075 1135 1368 1191 universis
1397 1133 1773 1203 mortalibus,
1829 1137 2092 1189 reserata

429 1225 674 1282 fuerunt
703 1225 1032 1297 penetralia
1057 1242 1224 1281 sacra
1256 1240 1270 1292 ;
1305 1224 1388 1280 sic
1406 1223 1512 1280 uni
1544 1240 1779 1295 quoque
1808 1220 2090 1278 Salvotori

433 1315 648 1371 coelum
679 1319 868 1371 semet
896 1320 1168 1387 apertum
1200 1319 1343 1370 tunc
1377 1312 1660 1369 exhibuit.

505 1404 669 1469 Quod
700 1419 834 1459 vero
866 1403 939 1459 ab
971 1420 1088 1460 uno
1121 1419 1353 1459 summo
1385 1402 1714 1470 sacerdote,
1767 1400 1951 1457 semel
1980 1417 2089 1472 per

433 1509 658 1550 annum
682 1493 745 1548 in
767 1493 982 1549 Sancta
995 1491 2089 1560 sanctorumintroeunte,innocentis-

435 1584 587 1639 sima
616 1582 1062 1654 conspiceretur
1086 1581 1175 1651 ;id
1191 1597 1398 1637 rursus
1427 1581 1584 1637 haud
1613 1597 1824 1653 parum
1839 1579 2089 1652 confert,

429 1676 496 1726 ut
526 1672 961 1744 expressiorem
993 1671 1268 1744 praeferat
1293 1687 1429 1727 cum
1454 1672 1570 1726 Deo
1595 1669 2076 1726 similitudinem.

431 1767 579 1820 Nam
613 1763 768 1818 sicut
792 1763 865 1818 ad
897 1761 998 1817 Dei
1029 1766 1356 1833 aspectum,
1392 1766 1682 1832 quantum
1713 1759 1803 1816 fas
1826 1765 1916 1815 est
1936 1775 2092 1815 mor-

2197 608 2304 657 ναι,
2345 587 2435 642 καὶ
2485 584 2716 662 ἄγγελον
2776 584 3067 658 οὐρανόθεν
3129 584 3386 639 κατιόντα
3448 591 3702 657 συνεῖναι,
3759 591 3874 642 τοῦ

2199 675 2418 733 δείπνου
2473 677 2636 754 χάριν
2687 674 2896 730 ἐκείνου
2954 678 3052 730 105
3115 673 3445 749 παραδόξου,
3528 676 3698 732 ἐκεῖνό
3765 699 3874 750 μοι

2196 765 2529 846 προγράφειν
2560 763 2906 842 ὑπαγορεύει,
2962 765 3026 820 τὸ
3064 765 3157 820 τὸν
3193 763 3420 840 οὐρανὸν
3482 767 3866 842 ἀνεῳχθῆναι,

2194 856 2284 912 καὶ
2316 849 2613 925 καταϐῆναι
2640 858 2942 930 σωματικῷ
2974 851 3105 910 εἷ’δει
3162 853 3225 909 τὸ
3283 858 3500 928 Πνεῦμα
3564 857 3626 911 τὸ
3675 855 3874 932 ἆγιον,

2197 943 2642 1025 καταδεχομὲνΟυ
2699 945 2763 1000 τὸ
2821 946 2963 1000 θεῖον
3024 942 3077 998 ἐν
3149 941 3390 1018 Ἰορδάνῃ
3465 943 3696 1020 λουτρὸν
3769 950 3877 1003 105

2196 1041 2490 1097 Δεσπότου·
2524 1035 2647 1095 οὔτε
2676 1038 2804 1115 γὰρ,
2859 1037 2934 1101 ὡς
2992 1041 3062 1112 τῇ
3096 1038 3376 1114 Παρθένῳ,
3426 1039 3591 1116 ἑτέρῳ
3637 1045 3720 1115 τῷ
3747 1044 3870 1098 τῶν

2197 1132 2446 1187 ἁπάντων
2479 1130 2686 1207 ἀνέῳγε
2713 1130 2782 1185 τὰ
2820 1125 3012 1199 ἂϐατα,
3063 1128 3153 1186 καί
3215 1131 3348 1207 ὑπὲρ
3382 1130 3552 1206 μόνου
3603 1137 3703 1192 105
3737 1141 3870 1192 Σω-

2193 1229 2362 1294 τῆρος
2390 1220 2596 1298 γυμνὸν
2631 1221 2866 1296 οὐρανὸς
2897 1218 3023 1276 τότε
3054 1219 3358 1295 προῦθηκεν
3389 1221 3600 1284 ἑαυτόν.

2266 1403 2340 1459 Τὸ
2373 1398 2430 1458 δὲ
2451 1421 2512 1477 γε
2545 1399 2694 1476 μόνῳ
2723 1403 2802 1473 τῷ
2839 1400 3102 1476 ἱεράρχῃ,
3135 1399 3272 1471 ἅπαξ
3305 1400 3528 1459 εἰσιόντι
3556 1402 3624 1459 τὸ
3660 1403 3868 1480 ἄδυτα,

2197 1493 2423 1568 ὁρᾶσθαι
2445 1491 2547 1561 τὴν
2577 1491 2846 1564 πάναγνον
2879 1489 2979 1545 οὐκ
3003 1489 3208 1567 ὀλίγον,
3236 1491 3378 1566 αὐτῇ
3409 1493 3499 1549 καὶ
3527 1496 3688 1550 τοῦτό
3718 1497 3873 1572 πρὸς

2195 1581 2335 1637 θείαν
2421 1578 2688 1654 ὁμοίωσιν
2752 1579 3110 1650 εἰκονίζεσθαι
3197 1577 3440 1637 δίδωσιν⁸
3515 1583 3696 1660 ὥσπερ
3753 1587 3868 1663 γὰρ

2195 1670 2493 1745 ἀνθρώπων
2558 1667 2726 1744 μόνον
2781 1673 2893 1725 τῶν
2951 1669 3113 1744 ἰερῶν
3171 1670 3300 1725 Θεὸν
3342 1672 3490 1746 ὁρᾷν,
3536 1673 3610 1735 ὡς
3639 1671 3866 1753 ἐφικτὸν

2196 1761 2529 1834 ἀνθρώποις,
2565 1758 2664 1814 οὐκ
2692 1758 2776 1814 ἀεὶ
2826 1755 2881 1812 δὲ
2912 1759 3003 1813 καὶ
3033 1762 3218 1826 τοῦτο,
3250 1757 3374 1814 ἀλλ’
3405 1760 3530 1816 ’ὁταν
3572 1769 3674 1832 τῆς
3704 1763 3864 1820 κάτω

432 1855 678 1938 talibus,
703 1855 958 1922 admitti,
993 1853 1198 1910 electis
1231 1852 1642 1908 tantummodo
1674 1852 1967 1923 contingit
1989 1852 2076 1907 ho-

2203 1847 2929 1928 χωρίζόμενοιπολυειδοῦς
2985 1851 3076 1905 καὶ
3137 1848 3404 1915 σκιώδους
3431 1850 3702 1928 πληθύος,
3763 1857 3861 1912 καὶ

435 1944 723 2012 minibus,
756 1960 948 2014 neque
1007 1959 1142 1998 vero
1203 1941 1264 1996 id
1314 1958 1568 2012 semper,
1623 1940 1724 1996 sed
1784 1940 2022 2010 quando
2057 1955 2093 1995 a

436 2033 744 2088 turbarum
803 2031 1123 2103 multiplici
1181 2046 1250 2086 ac
1308 2030 1679 2085 tenebricosa
1743 2029 2092 2085 confusione

434 2126 625 2177 semet
654 2121 1074 2192 proripientes,
1109 2119 1339 2190 sibique
1371 2120 1864 2190 unice,quantum
1894 2117 2088 2190 liceat,

428 2215 704 2265 vacantes
737 2209 798 2264 in
829 2208 1047 2264 divinis
1079 2226 1146 2264 ac
1169 2209 1527 2280 ccelestibus,
1564 2225 1680 2280 quo
1733 2209 1937 2279 utique
1967 2223 2090 2262 non

431 2298 759 2355 ascendunt
844 2298 1053 2367 turbaa,
1097 2298 1432 2354 conversari
1479 2297 1660 2369 probe
1724 2297 2086 2364 didicerint;

434 2391 564 2461 pari
594 2390 791 2458 modo,
824 2395 890 2445 ut
926 2391 1106 2446 etiam
1138 2391 1199 2445 in
1230 2392 1342 2446 hoc
1373 2389 1787 2446 ostenderetur
1834 2391 2087 2463 Virginis

2207 1943 2418 2017 μόνοις,
2449 1943 2522 2005 ὡς
2547 1942 2664 1998 οἷόν
2697 1940 2755 1996 τὲ
2785 1941 2950 2009 ἐστιν,
3011 1941 3226 2004 ἑαυτοῖς
3289 1943 3560 2013 συνόντες,
3591 1944 3649 2000 εὖ
3681 1943 3865 2021 ἔχωσι

2200 2039 2316 2095 τοῖς
2357 2035 2523 2094 θείοις
2557 2027 2914 2106 ἐνδιατρίϐειν
2965 2030 3058 2086 καὶ
3122 2029 3383 2106 ὑψηλοῖς,
3417 2034 3505 2088 καὶ
3567 2032 3600 2088 ὁὶ
3632 2036 3708 2107 μὴ
3745 2037 3860 2111 βά-

2203 2143 2337 2195 σιμα
2390 2126 2508 2185 τοῖς
2561 2119 2818 2182 πολλοῖς·
2863 2118 3057 2189 οὕτως,
3104 2116 3197 2174 ’ίνα
3238 2120 3298 2175 τὸ
3331 2121 3468 2196 πρὸς
3517 2122 3646 2178 Θεὸν
3677 2122 3867 2188 ἐοικὸς

2198 2211 2335 2267 κατὰ
2362 2214 2522 2266 10510
2559 2207 2756 2285 δειχθῇ
2787 2215 2886 2278 τῆς
2928 2208 3225 2282 Παρθένου,
3259 2206 3343 2265 διὸ
3390 2211 3479 2265 καὶ
3527 2212 3656 2267 Θεὸν
3687 2210 3864 2290 ἤνεγ-

2197 2321 2308 2371 κεν,
2343 2299 2387 2356 ὥ
2417 2303 2646 2380 φρικτοῦ
2677 2297 2980 2373 μυστηρίου
3015 2299 3028 2355 ί
3079 2298 3169 2353 καὶ
3227 2297 3360 2369 ἀπαξ
3414 2300 3480 2368 ἦν
3539 2302 3727 2372 θεατή,
3760 2302 3863 2358 καὶ

2202 2391 2354 2463 μόνῳ
2372 2393 2452 2462 τῷ
2483 2390 2740 2463 ἱεράρχῖδ-

441 2495 580 2535 cum
605 2481 723 2534 Deo
751 2479 1102 2546 similitudo,
1126 2484 1369 2551 propter
1399 2495 1577 2550 quam
1607 2480 1666 2552 (ο
1691 2480 2065 2536 tremendum
2089 2481 2442 2552 mysterium
2471 2480 2508 2541 l)
2539 2485 2598 2536 et
2626 2482 2812 2535 Deum
2843 2479 3108 2552 gestavit,
3139 2479 3265 2552 ipsa
3287 2497 3518 2553 quoque
3545 2484 3733 2539 semel
3788 2485 3859 2541 in

431 2584 595 2623 anno
620 2568 800 2623 fiebat
825 2568 1076 2623 visibilis
1100 2573 1157 2623 et
1179 2584 1213 2623 a
1233 2568 1358 2623 solo
1389 2585 1622 2624 summo
1663 2569 1966 2625 sacerdote
1996 2569 2325 2626 videbatur.

501 2658 692 2712 XXVI.
723 2659 939 2713 Verum
971 2657 1272 2714 enimvero
1303 2674 1498 2730 neque
1519 2658 1661 2714 dum
1695 2657 1822 2730 ipsa
1843 2658 2088 2731 conspi-

433 2745 708 2802 ciendam
739 2763 802 2803 se
828 2747 1140 2820 prmberet,
1175 2747 1465 2819 quidquid
1524 2747 1585 2802 in
1632 2764 1703 2803 ea
1732 2753 1859 2804 erat
1887 2748 2086 2804 excel-

423 2833 1166 2907 lentiae,comprehendere
1190 2841 1487 2907 spectator
1515 2836 1762 2892 valebat.
1789 2837 2083 2902 Quemad-

418 2923 666 2980 modum
697 2925 858 2980 enim
891 2925 939 2979 si
971 2925 1065 2981 cui
1097 2941 1446 2981 concessum
1479 2927 1678 2996 fuerit,
1703 2932 1770 2981 ut
1801 2926 1862 2981 in
1891 2928 2080 2982 Deum

418 3013 694 3068 obtutum
717 3013 954 3085 deligat,
980 3030 1099 3069 non
1121 3013 1254 3068 ideo
1273 3015 1477 3070 omnia
1497 3032 1866 3087 quaecunque
1882 3015 1944 3070 in
1964 3017 2082 3072 Deo

423 3101 704 3168 sunt,iste
727 3102 1081 3173 perviderit;
1114 3102 1273 3158 haud
1313 3103 1507 3170 aliter,
1540 3105 1588 3158 si
1630 3105 1764 3173 quis
1785 3105 2081 3176 Virginem

424 3189 1174 3262 intueretur,nequaquam
1206 3191 1301 3247 hic
1331 3191 1780 3263 assequebatur,
1813 3198 1880 3249 ut
1906 3194 2081 3264 quid-

421 3277 567 3371 quid
627 3279 880 3335 sublime
911 3280 1038 3371 ipsi
1099 3281 1310 3351 inerat,
1368 3287 1745 3354 perspectum
1810 3283 2077 3340 haberet.
2113 3305 2155 3371 ρ

415 3366 577 3423 Adeo
609 3385 823 3441 nempe
857 3369 1029 3442 Virgo
1061 3371 1298 3440 divinis,
1331 3377 1397 3427 ut
1427 3373 1510 3428 ita
1540 3373 1761 3443 dicam,
1783 3373 2082 3430 coloribus

2267 2657 2382 2727 Κζ’.
2418 2655 2576 2715 Ἀλλ’
2605 2654 2731 2713 οὐδέ
2759 2677 2824 2734 γε
2851 2656 2942 2713 καὶ
2993 2657 3276 2734 ὁρωμένης
3340 2662 3563 2734 συνορᾷν
3606 2660 3755 2735 εἶχεν
3819 2661 3854 2717 ὁ

2197 2747 2390 2816 θεατὴς
2421 2747 2549 2802 ’ὀσον
2582 2747 2644 2802 τὸ
2672 2749 2797 2802 κατ’·
2844 2746 3011 2816 αὐτὴν
3073 2747 3388 2825 μεγαλεῖον.
3443 2749 3684 2824 Καθάπερ
3717 2750 3849 2827 γὰρ,

2195 2836 2346 2908 ᾧτινι
2405 2837 2691 2900 θεοπτείας
2737 2842 2926 2914 τυχεῖν
2994 2834 3286 2912 ἐξεγένετο,
3319 2837 3382 2892 οὔ
3431 2842 3536 2893 πᾶν
3568 2837 3692 2893 ὅσον
3720 2841 3853 2914 περὶ

2194 2925 2323 2982 Θεὸν
2356 2925 2652 2998 ἐνενόησεν,
2689 2925 2863 2989 οὕτως
2925 2927 3026 2982 οὐκ
3072 2927 3140 2997 ἧν
3201 2925 3284 2998 ἄν,
3320 2929 3401 2999 ὃς,
3443 2927 3650 3000 ἐκείνην
3674 2929 3851 3004 ἑωρα-

2189 3015 2320 3084 κὼς,
2368 3015 2432 3070 τὸ
2461 3016 2578 3071 κατ’
2634 3014 2842 3086 ἐκείνην
2897 3017 3050 3093 εἶχεν
3125 3017 3263 3071 ἅπαν
3294 3013 3430 3091 ὕψος
3473 3015 3855 3087 καταληπτόν·

2191 3104 2336 3160 οὓτω
2383 3103 2646 3184 γέγραφεν
2705 3106 2902 3175 ἑαυτὴν
2959 3109 2994 3176 ἡ
3071 3108 3346 3181 Παρθενος
3410 3107 3724 3182 χρώμασιν,
3769 3108 3852 3171 ὡς

2190 3193 2384 3264 εἰπεῖν,
2417 3193 2603 3258 θείοις·
2628 3193 2772 3250 οὕτω
2799 3195 2936 3251 κατᾶ
2967 3196 3058 3252 τὸν
3089 3191 3256 3251 Δαϐὶδ
3303 3197 3389 3253 ἐπ’
3419 3195 3584 3266 αὐτὴν
3617 3197 3854 3268 ἀληθῶς

2197 3281 2511 3356 ἐσημειώθη
2539 3285 2601 3339 τὸ
2628 3289 2742 3363 φῶς
2759 3289 2856 3341 τοῦ
2881 3286 3180 3360 προσώπου
3211 3287 3436 3362 Κυρίου,
3497 3285 3636 3342 ὥστε
3665 3292 3861 3367 σαφεῖς

2196 3372 2249 3427 ἂν
2273 3373 2433 3444 ἑαυτῆ
2479 3375 2670 3445 σώζειν
2703 3372 2959 3440 θεοειδεῖς
2987 3375 3298 3454 ὲμιρερείας.

415 3458 798 3530 semetipsam
831 3460 1149 3531 expressit,
1183 3460 1352 3527 adeo,
1374 3461 1552 3533 juxta
1581 3463 1732 3519 illud
1763 3463 1998 3519 Davidis
2027 3463 2094 3532 ‘3,
2129 3466 2404 3534 signatum
2433 3467 2621 3535 fuerat
2649 3483 2813 3538 super
2867 3484 2985 3524 eam
3025 3469 3205 3525 lumen
3261 3469 3444 3525 vultus
3497 3469 3738 3539 Domini,
3775 3475 3849 3526 ut

419 3546 607 3602 vivam
628 3547 691 3602 in
723 3564 783 3604 se
808 3548 910 3604 Dei
943 3551 1205 3621 speciem
1237 3550 1723 3607 manifestissime
1755 3553 2080 3624 praeferret.

491 3639 918 3694 Verumtamen
939 3639 1174 3696 affirmo
1206 3640 1472 3712 quidem,
1503 3642 1690 3696 menti
1739 3641 2071 3715 incompre-

411 3727 738 3784 hensibiles
753 3733 810 3784 et
824 3729 1099 3786 humanae
1122 3731 1336 3804 linguas
1360 3732 1790 3804 propemodum
1809 3733 2074 3790 ineffabi-

414 3818 502 3873 les
561 3835 627 3874 ac
687 3818 927 3875 deiﬁcas
975 3819 1089 3892 ipsi
1149 3822 1564 3894 praerogativae
1630 3823 1875 3890 inesse;
1916 3823 2072 3879 absit

413 3913 612 3964 tamen
644 3914 710 3964 ut
739 3927 943 3981 parem
983 3927 1249 3983 unquam
1279 3928 1411 3967 eam
1441 3914 1560 3968 Deo
1592 3912 1894 3970 habueris.
1957 3913 2070 3970 Sed

409 3998 791 4067 purissimam
807 3998 968 4054 illam
1002 4002 1185 4056 Deum
1216 4003 1421 4073 utique
1457 4003 1677 4059 dixeris
1702 4005 2070 4075 proptervir-

411 4086 554 4142 tutis
613 4087 743 4159 ejus
803 4087 1219 4159 eminentiam,
1254 4092 1303 4146 si
1335 4091 1510 4147 nobis
1537 4109 1666 4148 eam
1697 4109 2070 4164 comparave-

405 4175 490 4231 ris
522 4175 638 4250 (74)
674 4193 688 4246 ;
715 4177 763 4232 si
794 4194 933 4234 vero
967 4179 1242 4236 eamdem
1273 4197 1412 4236 cum
1443 4183 1562 4238 Deo
1603 4182 1897 4252 conferas,
1931 4184 2065 4254 hoc,

416 4267 576 4338 quod
606 4283 669 4323 re
699 4266 829 4340 ipsa
859 4273 968 4337 est,
993 4270 1168 4343 Virgo
1210 4272 1570 4343 apparuerit,
1622 4288 1833 4345 nempe
1863 4273 2063 4330 homo.

483 4357 706 4413 XXVII.
739 4361 1016 4416 Attamen
1041 4359 1354 4417 sublimior
1382 4368 1492 4428 est,
1525 4368 1592 4418 ut
1623 4361 2064 4433 dixi,universis

413 4445 740 4513 creaturis;
775 4453 834 4502 et
860 4448 1034 4504 facile
1065 4465 1133 4504 ac
1168 4451 1294 4508 sine
1327 4453 1563 4512 errandi
1602 4459 1767 4510 metu
1821 4471 2063 4510 cernere

411 4533 709 4605 quispiam
743 4537 979 4606 poterit,
1005 4538 1194 4608 ipsam
1226 4541 1414 4595 solam
1441 4542 1758 4613 plusquam
1782 4561 1878 4599 res
1897 4560 2063 4600 crea-

408 4627 498 4677 tas
530 4622 710 4678 simul
737 4640 966 4693 omnes,
1001 4627 1342 4684 hominibus
1373 4631 1447 4685 ad
1479 4632 1580 4686 Dei
1638 4632 1888 4703 gloriam
1929 4651 2058 4690 eve-

2253 3639 2411 3719 Λέγω
2459 3640 2516 3700 δὲ
2561 3643 2893 3719 ἀπερινόητα
2945 3645 3040 3719 μὲν
3107 3645 3198 3701 καὶ
3251 3647 3564 3722 ἃνθρώποις
3635 3645 3840 3723 σχεδὸν

2180 3729 2425 3808 ἅφραστα
2487 3736 2773 3812 θεουργικᾶ
2826 3735 2916 3791 καὶ
2967 3736 3135 3811 ταύτῃ
3188 3743 3471 3814 προσεῖναι
3503 3735 3845 3810 πλεονεκτή-

2182 3843 2346 3896 ματα,
2378 3828 2496 3897 Θεῷ
2535 3821 2583 3879 δ’
2634 3823 2685 3896 ἐξ
2733 3824 2858 3897 ἴσης
2917 3823 3196 3882 οὐδεποτε·
3256 3825 3400 3883 ἀλλά
3455 3849 3518 3903 γε
3563 3828 3700 3904 πρὸς
3736 3828 3841 3902 μὶν

2179 3914 2326 3986 ἡμᾶς
2359 3913 2487 3968 Θεὸν
2511 3913 2573 3969 ἄν
2607 3913 2783 3977 εἷ’ποις
2810 3917 2913 3986 τήν
2941 3917 3214 3993 πάναγνον
3245 3919 3313 3983 τῆ
3362 3919 3482 3972 καθ’
3524 3913 3844 3993 ὑπερϐολὴν

2177 4001 2345 4072 αὐτῆς
2375 4004 2562 4079 ἀρετῆ,
2592 4005 2728 4081 πρὸς
2780 4002 2836 4060 δὲ
2891 4005 3044 4078 Θεὸν,
3091 4007 3239 4062 τοῦτ’
3287 4007 3420 4063 αὐτὸ
3471 4007 3606 4085 ὅπερ
3661 4006 3840 4064 ἐστὶν·

2177 4091 2467 4170 ἅνθρωπος
2490 4096 2525 4164 ἡ
2551 4096 2847 4169 Παρθένος.

2246 4363 2364 4420 ΚΖ“.
2421 4361 2599 4434 Πλὴν,
2632 4364 2766 4441 ὅπερ
2813 4361 2975 4442 ἔφην,
3025 4365 3254 4428 κτίσεως
3301 4367 3514 4438 ἀπάσης
3565 4365 3836 4444 ὑπερκει-

2177 4450 2334 4527 μένη,
2384 4451 2475 4508 καὶ
2537 4453 2711 4527 μόνην
2792 4448 2941 4529 ἔχειν
2987 4451 3099 4509 ἴδοι
3143 4476 3224 4518 τις
3277 4455 3338 4511 ἄν
3401 4457 3645 4532 ἀτεχνῶς
3692 4457 3836 4531 πρὸς

2173 4539 2328 4614 δόξαν
2406 4541 2556 4618 ἄγειν
2616 4543 2932 4616 ἀνθρώπους
3008 4549 3164 4618 Θεοῦ,
3229 4551 3414 4620 μεῖζον
3568 4552 3713 4602 πᾶσα
3800 4550 3840 4618 ἡ

2171 4630 2396 4703 ποίησις
2429 4630 2666 4689 δὸναται·
2704 4631 2853 4709 εἴπερ
2885 4633 2990 4709 γὰρ
3045 4632 3296 4711 ἄγγελοι,
3349 4635 3579 4710 οὐρανός
3631 4657 3691 4692 τε
3741 4637 3839 4692 καὶ

399 4710 615 4767 hendis
645 4730 850 4785 parem
882 4731 1032 4770 esse.
1075 4717 1143 4770 Et
1173 4733 1315 4773 sane
1344 4717 1484 4774 licet
1537 4720 1610 4775 ab
1651 4721 1823 4776 initio
1856 4739 2050 4795 neque

2193 4719 2332 4792 Ξλιος
2384 4722 2418 4792 ἢ
2471 4723 2640 4799 χορὸς
2718 4723 2980 4799 ἀστέρων,
3015 4710 3238 4799 καὶνγῆ
3278 4726 3370 4779 καὶ
3422 4724 3686 4796 θάλασσα,
3741 4726 3841 4782 καὶ

403 4801 596 4874 angeli
629 4803 765 4875 (75),
795 4820 990 4876 neque
1023 4805 1257 4876 malum,
1292 4823 1486 4880 neque
1509 4809 1596 4865 sol
1629 4814 1729 4866 aut
1759 4813 2056 4868 astrorum

515 4929 560 4965 ⁸⁸
583 4927 737 4986 Psal.
771 4945 844 5000 iv,
879 4934 931 4985 7.

2168 4815 2347 4888 φυτῶν
2380 4808 2700 4880 παντοδαπή
2759 4810 2850 4866 καὶ
2919 4809 3229 4886 παράδοξος
3288 4813 3594 4890 ἱστουργία,
3659 4815 3839 4875 ταῦτα

1761 5069 1909 5129 Ant.
1943 5067 2242 5131 Ballerini
2271 5074 2461 5131 notae.

467 5196 584 5282 (74)
619 5193 1040 5282 Βῌῐιείξειιξίιοε
1067 5193 1319 5282 adeoac
1352 5197 1536 5254 menti
1569 5199 1878 5282 imperviae
1903 5204 2058 5260 cele-

400 5263 656 5321 brantur
686 5268 1046 5343 beatissima;
1079 5263 1798 5343 Virginispraerogativze;
1833 5275 1880 5330 si
1906 5293 2062 5331 com-

403 5343 612 5418 parata
633 5339 708 5418 ad
738 5341 1000 5418 reliquos
1024 5339 1301 5418 homines
1349 5339 1699 5401 beatissima
1729 5339 1899 5418 Virgo
1932 5348 2056 5404 ins-

397 5413 493 5460 tar
527 5411 792 5492 numinis
842 5412 1117 5492 habenda
1167 5412 1384 5492 dicitur
1434 5433 1446 5483 ;
1491 5411 1862 5492 praepostere
1902 5437 2057 5492 ergo

402 5483 610 5561 agunt,
643 5483 744 5561 qui
775 5485 1134 5561 pertinentia
1148 5486 1223 5542 ad
1253 5492 1470 5543 sanctas
1490 5483 1745 5561 Virginis
1767 5483 2057 5560 originevm

403 5547 616 5634 eodem
651 5547 848 5634 palmo
876 5555 1133 5634 dimetiri
1157 5566 1546 5630 praesumunt,
1590 5547 1713 5634 quo
1767 5547 1904 5620 cum
1951 5547 2058 5620 de;

401 5620 546 5675 teris
578 5620 920 5679 hominibus
953 5620 1221 5682 utuntur.

433 5761 445 5774 .
478 5693 592 5774 (7.5)
625 5695 1070 5774 Argumentatio
1104 5699 1360 5774 auctoris
1383 5703 1660 5772 postulat,
1693 5709 1759 5760 ut
1788 5705 2056 5762 eminen-

405 5766 543 5819 tiori
575 5766 832 5836 quadam
861 5768 1093 5827 ratione
1122 5766 1476 5840 splendeént
1505 5775 1566 5831 in
1588 5766 1859 5848 Deipara,
1891 5793 2056 5851 qua:-

2167 5221 2402 5276 cunque
2414 5204 2634 5331 dgratiae
2665 5220 2915 5260 munera
2939 5203 3166 5278 angelis
3199 5203 3416 5260 collata
3447 5203 3688 5260 fuerint.
3720 5204 3836 5260 At—

2167 5278 2268 5331 aui
2299 5277 2408 5331 illu
2481 5276 2705 5331 angelis
2737 5292 2905 5331 (eque
2955 5293 3024 5331 ac
3074 5276 3282 5331 primis
3346 5277 3687 5331 hominibus
3718 5277 3833 5331 do-

2167 5278 2268 5348 qui
2299 5276 2452 5349 illud
2481 5276 2905 5349 angelisaaque
2955 5276 3054 5349 ac‘r
3074 5276 3282 5349 primis
3346 5277 3687 5332 hominibus
3718 5277 3833 5333 do-

2167 5347 2312 5404 num
2336 5347 2619 5404 collatum
2651 5347 2782 5412 fuit,
2816 5353 2882 5402 ut
2911 5347 3163 5419 gratiam
3196 5348 3458 5404 divinam
3483 5349 3659 5404 simul
3691 5365 3838 5406 cum

2168 5425 2380 5494 natura
2401 5435 2435 5476 a
2465 5420 2584 5494 Dei
2598 5419 2854 5494 gratuita
2885 5419 3245 5494 liberalitate
3278 5421 3639 5493 acciperent.
3674 5421 3832 5494 Ergo

2167 5491 2279 5547 hoc
2310 5491 2530 5565 donum
2552 5491 2818 5562 Deiparae
2849 5508 3067 5565 negare
3097 5492 3265 5565 nefas
3289 5498 3389 5565 est
3410 5491 3436 5547 ﬁ:
3468 5494 3586 5548 imo
3611 5508 3749 5547 cum
3763 5491 3837 5549 et

2167 5561 2388 5637 angelis
2419 5561 3026 5637 et_protoparentil$us
3053 5564 3400 5637 longissime
3434 5565 3606 5637 Virgo
3667 5581 3834 5634 prm-

2166 5633 2431 5709 celleret,
2445 5633 2698 5709 uberius
2716 5635 2865 5692 illud
2884 5637 3130 5709 idem_et
3159 5633 3421 5694 nobilius
3453 5633 3835 5709 impertitum

2165 5705 2280 5778 ipsi
2308 5706 2492 5765 fuisse
2514 5706 2693 5780 plane
2721 5706 3207 5765 existimandum.
