4030 6212
231 319 295 381 69
1029 319 1302 380 SERMO
1343 317 1424 380 IN
1466 315 1884 382 PRAESENTI

2000 321 2224 385 ONEM
2266 324 2340 386 B.
2386 323 2463 389 Υ.
2510 326 2814 387 ΜΑΒΙᾹΞ.
3550 323 3651 395 ’ἴθ’

231 452 280 508 δὶ
325 453 394 526 μὴ
435 451 540 520 τὴν
589 447 818 526 πρώτην
889 449 1122 520 ύπὲστη,
1182 448 1282 505 ούκ
1311 443 1374 506 ἅν
1407 447 1635 507 ἔλαττον
1685 445 1724 521 ἥ
1777 453 1867 508 νῦν

2000 470 2225 526 :orona,
2259 472 2455 530 neque
2486 461 2644 515 terra
2678 475 2747 514 ac
2779 475 2969 528 mare,
3018 459 3482 533 plantarumque
3513 467 3635 520 tam

233 547 426 622 φρονεῖν
456 544 590 611 ἧκον
622 538 908 614 ἂνθρωποι
947 543 1102 612 Θεοῦ,
1146 545 1248 611 τῆς
1307 539 1703 618 ἀπαραμίλλου
1763 539 1869 615 μό-

239 655 330 704 σης
354 632 596 710 φανείσης
623 628 922 699 Παρθένου.

1976 544 2171 602 varius
2197 563 2265 604 ac
2303 547 2630 620 stupendus
2679 541 2928 604 ornatus
2979 549 3136 618 licet,
3194 549 3460 621 inquam,
3510 551 3638 608 haec

1980 636 2171 692 omnia
2202 637 2441 693 condita
2471 638 2542 693 ab
2576 638 2746 694 initio
2777 655 2897 694 non
2929 640 3183 696 fuissent
3205 640 3411 696 :nihilo
3437 646 3634 698 tamen

244 725 425 780 minus
453 739 625 794 quam
657 721 838 778 modo
871 721 1168 793 homines,
1192 721 1318 779 haac
1358 723 1485 780 sola
1512 722 1749 797 Virgine
1790 721 2245 796 incomparabili
2297 732 2555 798 ostensa,
2589 726 2661 782 ad
2719 727 3107 799 intelligenda
3153 745 3283 799 quae
3333 731 3436 785 Dei
3497 735 3637 787 sunt

243 813 522 886 pervenire
553 812 918 886 potuissent.

305 925 622 1001 Τὰκρείττω
674 925 730 982 δὲ
795 924 1039 1000 μάλιστα
1097 925 1326 1003 λαμπρᾶ
1389 927 1482 1002 μὶν
1542 929 1662 994 καθ’
1720 928 1879 998 αὐτὰ,

238 1017 316 1072 καὶ
347 1017 624 1091 θαύματος
685 1016 747 1072 ού
820 1017 1020 1091 μικρὰν
1082 1016 1304 1095 ἀφιέντα
1357 1018 1568 1096 φωνήν·
1631 1017 1766 1092 πρὸς
1826 1015 1882 1073 δὲ

234 1129 290 1182 γε
317 1108 413 1176 τήν
445 1103 731 1180 βασιλίδα,
782 1105 818 1174 ἣ
880 1106 972 1160 νὸν
1031 1110 1128 1161 τοῦ
1183 1107 1384 1169 παντὸς
1433 1099 1578 1162 ἔτεκε
1629 1104 1879 1182 βασιλέα,

229 1196 311 1252 καὶ
362 1196 429 1250 τὰ
485 1193 921 1250 λυσιτελέστατα
975 1199 1106 1251 πᾶσι
1185 1195 1476 1272 παρέσχεν,
1559 1193 1672 1251 οὐδ’
1752 1196 1877 1251 ὅσον

232 1280 589 1354 ύποὸἐϐτριεν,
681 1280 856 1341 ἔνεστι
919 1281 1176 1341 συνιδεῖν⁵
1262 1285 1324 1351 ὅς
1407 1284 1454 1341 δ’
1511 1286 1564 1341 ἓν
1629 1286 1880 1360 μείζονος

234 1372 388 1450 ἔργου
413 1377 538 1440 καθ’
577 1375 864 1449 ύπεροχήν
896 1373 982 1446 εἴη
1025 1372 1391 1451 δημιουργὸς,
1425 1375 1524 1432 ούκ
1552 1375 1639 1453 ἄρ’
1667 1376 1876 1456 ἀνάγκη

238 1465 322 1519 καὶ
357 1465 505 1534 ἥττω
545 1463 772 1534 ποίησιν
804 1463 886 1527 είς
938 1462 1155 1520 ἔπαινον
1209 1466 1392 1540 τούτῳ
1438 1470 1743 1542 προσεῖναι·
1799 1470 1881 1538 τῷ

230 1552 324 1630 γὰρ
366 1553 582 1629 μεγάλα
637 1558 995 1629 τεχνουργεῖν
1036 1551 1316 1628 δυναμένῳ
1369 1555 1460 1610 καὶ
1514 1559 1624 1610 τῶν
1683 1553 1882 1634 ἐλαχίι-

231 1665 362 1699 πων
383 1639 522 1706 ἅπας
584 1645 645 1698 ἂν
696 1644 837 1698 εἶναι
877 1644 1120 1714 ποιητὴν
1189 1646 1626 1723 ουγχωρήσειεν.
1692 1651 1881 1722 Ἣρκει

230 1733 465 1803 τοίνυνή
497 1734 785 1808 stiva-(voc,
837 1733 915 1795 ὡς
976 1743 1215 1806 εἴρηται,
1276 1733 1440 1808 μόνη,
1499 1735 1589 1790 καὶ
1646 1731 1879 1808 μηδενὸς

235 1829 338 1880 τῶν
367 1828 613 1900 γενητῶς
647 1821 976 1885 ὑποστάντος
1019 1822 1224 1901 ἑτέρου,
1289 1825 1391 1894 τήν
1435 1822 1882 1903 μεγαλουργικὴν

234 1918 330 1969 τοῦ
385 1917 519 1969 Θεοῦ
570 1913 860 1987 κηρύττειν
923 1911 1102 1984 δόξαν,
1177 1912 1360 1990 ὣσπερ
1417 1913 1478 1969 ἂν
1565 1915 1612 1970 εί
1670 1915 1760 1971 καὶ
1818 1915 1887 1970 τὰ

241 2003 416 2058 λοιπὰ
432 2004 600 2058 πάντα
627 2010 778 2077 παρῆ
788 2023 906 2061 σαν.

2058 931 2396 987 Praesertim
2425 947 2561 987 vero
2595 947 2725 1003 qum
2759 931 3080 989 nobiliores
3108 933 3169 989 in
3193 933 3480 990 creaturis
3530 934 3638 991 ha-

1991 1017 2560 1091 bentur,splendidas
2584 1021 2699 1076 illae
2723 1021 2963 1092 quidem
2989 1023 3142 1078 inter
3165 1023 3428 1095 reliquas
3478 1030 3638 1094 sunt,

1991 1124 2059 1165 ac
2090 1125 2230 1164 voce
2261 1126 2381 1166 non
2413 1110 2578 1166 tenui
2611 1109 3027 1167 admirandam
3060 1113 3356 1168 Creatoris
3395 1113 3642 1185 gloriam

1990 1200 2433 1272 depraadicant;
2468 1206 2730 1257 attamen
2762 1201 2808 1257 si
2834 1202 2908 1258 ad
2939 1203 3379 1274 Reginam,qu2e
3407 1203 3638 1260 univer-

1990 1305 2193 1347 sorum
2225 1294 2443 1365 Regem
2469 1293 2788 1366 progenuit
2809 1297 2986 1365 atque
3018 1293 3316 1349 universis
3347 1309 3644 1350 summum

1991 1380 2214 1436 bonum
2274 1381 2541 1453 adduxit,
2577 1388 3013 1456 comparentur,
3047 1401 3138 1439 nae
3171 1383 3285 1438 illae
3335 1383 3645 1451 vilescunt,

1993 1476 2281 1541 quantum
2313 1487 2426 1528 nec
2449 1473 2803 1546 cogitatione
2836 1474 3072 1544 assequi
3095 1473 3184 1529 fas
3216 1475 3512 1528 est.Porro
3541 1472 3644 1545 qui

1988 1559 2466 1630 praestantissimi
2487 1559 2791 1631 cujusdam
2805 1561 3001 1633 operis
3012 1565 3218 1616 auctor
3229 1559 3645 1627 exstiterit,hio

1987 1649 2251 1720 profecto
2275 1666 2396 1704 non
2442 1649 2688 1721 indiget,
2716 1656 2782 1704 ut
2812 1666 2883 1705 ex
2915 1649 3368 1723 ignobilioribus
3398 1649 3644 1704 facturi:

1995 1737 2106 1793 sibi
2137 1737 2344 1794 laudes
2372 1739 2675 1795 accedant.
2709 1740 2904 1796 Facile
2937 1739 3097 1796 enim
3147 1739 3399 1811 quisque
3457 1737 3641 1809 dabit,

1997 1843 2131 1882 eum
2166 1829 2264 1899 qui
2297 1846 2511 1902 magna
2540 1830 2732 1900 potuit
2757 1830 3197 1896 efficere,etiam
3230 1829 3480 1884 minima
3500 1844 3645 1898 pras-

1998 1920 2152 1972 stare
2183 1921 2531 1990 posse.Ergo
2565 1919 2796 1975 etiamsi
2831 1920 2996 1975 nulla
3028 1920 3141 1975 alia
3171 1936 3201 1974 e
3234 1919 3448 1974 creatis
3470 1917 3646 1972 rebus

1917 1989 1963 2055 B
1998 2007 2344 2078 exstitisset,
2371 1989 2496 2064 sola
2526 2010 2869 2081 purissima,
2900 2010 2986 2065 uti
3011 2009 3234 2064 dictum
3266 2008 3455 2076 est,ad
3487 2024 3643 2078 pras-

237 2091 548 2148 dicandam
592 2092 805 2148 divinas
837 2091 1291 2165 magniﬁcentia;
1319 2093 1590 2166 gloriam,
1617 2110 1738 2152 non
1770 2110 1939 2152 secus
1969 2112 2036 2152 ac
2063 2096 2112 2152 si
2133 2101 2194 2152 et
2221 2097 2450 2169 reliqua
2499 2098 2699 2154 omnia
2728 2098 3021 2167 adessent,
3081 2098 3431 2170 plenissime
3463 2096 3632 2152 suffi-

233 2189 410 2240 ceret.

294 2300 490 2376 Γὲγονε
520 2298 581 2356 δὲ
613 2299 701 2358 διὰ
730 2304 901 2371 τοῦτ’,
931 2299 991 2358 ἄν
1049 2301 1240 2379 φαίην.
1299 2303 1543 2373 κάκεῖνα,
1603 2300 1669 2359 ἵν’
1719 2302 1871 2367 ὅπως

225 2387 309 2459 εἴη
330 2389 565 2446 πολλῶν
617 2392 710 2446 καὶ
773 2389 1120 2463 τηλικούτων
1172 2391 1264 2446 καὶ
1323 2389 1378 2454 ἐς
1447 2391 1574 2447 ὅσον
1616 2391 1878 2468 κρείττων

229 2479 354 2550 οῧτη
389 2481 611 2558 φανείη·
640 2478 723 2536 Et:
755 2479 812 2536 δὲ
839 2480 931 2536 καὶ
989 2482 1058 2536 ’ἶν’
1117 2479 1240 2560 ἔχοι
1273 2482 1403 2546 θεὸς
1460 2483 1534 2537 δι’
1573 2482 1764 2554 αὐτῆς,
1797 2482 1881 2544 οἶς

231 2571 288 2624 ἰν
365 2570 833 2648 περιερχνεστέραν
903 2573 1243 2648 χορηγήσειε
1323 2573 1424 2643 τὴν
1500 2572 1627 2649 παρ’
1693 2571 1883 2628 ἑαυτυῦ

230 2659 556 2734 ἆγαθότητασ
591 2663 659 2729 ἧς
688 2666 834 2716 πᾶσα
896 2662 990 2735 μὲν
1051 2658 1212 2738 ἔργον
1278 2662 1313 2732 ἡ
1364 2659 1562 2732 κτίσις,
1631 2659 1768 2737 αὐτῇ
1835 2659 1882 2716 δ’

233 2748 354 2804 εἴτι
385 2751 585 2825 σεμνὸν
636 2751 788 2806 τοῦτ’
841 2748 1035 2828 ε’ίληφε
1093 2748 1182 2805 διὰ
1245 2753 1345 2820 τῆς
1405 2750 1692 2828 Παρθένου·
1741 2749 1882 2807 οὕτω

231 2841 408 2904 θαῦμα
445 2842 744 2913 Θαυμάτιυν
775 2841 811 2910 ἡ
851 2840 1177 2914 πάνσεμνος,
1212 2842 1304 2896 καὶ
1340 2845 1450 2897 τῶν
1492 2837 1663 2897 ὅντων
1709 2839 1882 2915 οὐδὲν,

237 2934 363 2985 Θεοῦ
395 2928 551 3005 δίχα,
581 2929 1154 3007 μεγαλοπρεπέστερον
1184 2933 1412 3002 ταύτης,

2063 2305 2279 2362 Verum
2310 2303 2436 2362 haec
2467 2305 2688 2362 idcirco
2720 2305 2958 2362 condita
2980 2305 3640 2378 dicerem,utapparere

1991 2399 2364 2468 posset,quot
2389 2398 2445 2450 et
2466 2396 2704 2468 quantis
2735 2401 2794 2452 et
2831 2413 3009 2468 quam
3055 2412 3269 2469 magno
3325 2393 3637 2451 intervallo

1992 2484 2121 2556 ipsa
2153 2484 2432 2541 omnibus
2464 2485 2627 2541 hisce
2657 2484 2982 2542 excelleret
3011 2485 3122 2558 (76)
3149 2503 3164 2553 ;
3204 2483 3293 2541 vel
3349 2488 3640 2556 praeterea

1994 2573 2105 2629 hac
2130 2575 2310 2631 etiam
2341 2574 2412 2629 de
2444 2581 2715 2644 causa,ut
2737 2575 2852 2631 alia
2881 2575 3176 2648 quaepiam
3221 2575 3521 2640 adessent,
3575 2572 3640 2628 in

1994 2681 2126 2735 quae
2171 2665 2329 2721 Deus
2383 2665 2665 2720 bonitatis
2721 2680 2840 2720 sua:
2908 2665 3153 2719 effectus
3202 2661 3640 2736 splendidiores

1995 2752 2300 2809 effundere
2349 2770 2457 2825 per
2507 2752 2776 2808 eamdem
2809 2758 3029 2825 posset.
3058 2755 3128 2807 Et
3181 2751 3359 2823 hujus
3393 2751 3635 2822 quidem

1993 2842 2276 2897 bonitatis
2311 2859 2458 2912 opus
2491 2848 2578 2897 est
2605 2842 2798 2897 omnis
2831 2856 3201 2913 quaecunque
3243 2845 3432 2894 exstat
3487 2855 3647 2894 crea-

1993 2939 2128 2991 tura
2152 2951 2166 3003 ;
2199 2950 2402 2992 verum
2419 2933 2467 2990 si
2491 2933 2634 3006 quid
2655 2933 2889 3007 augusti
2911 2933 2974 2988 in
2993 2933 3119 3005 ipsa
3148 2931 3510 3000 relucet,hoc
3529 2946 3637 3001 per

224 3023 528 3096 Virginem
553 3028 828 3078 assecuta
859 3028 982 3079 est:
1019 3023 1164 3079 adeo
1186 3021 1602 3096 augustissimo
1635 3022 1736 3081 illa
1764 3023 2122 3082 miraculum
2151 3030 2241 3082 est
2271 3023 2712 3096 miraculorum,
2748 3039 2817 3080 ac
2847 3022 3000 3080 nihil
3032 3037 3238 3078 eorum
3271 3036 3404 3094 quas
3450 3018 3639 3076 exsis-

223 3121 374 3181 tunt,
407 3120 660 3186 excepto
693 3116 834 3185 Deo,
872 3121 962 3170 est
990 3115 1116 3188 ipsa
1145 3115 1624 3188 magniﬁcentius
1644 3116 1672 3172 ?

293 3232 422 3288 KH"
459 3231 624 3288 Ὀθεν
657 3229 704 3285 εἰ
738 3231 956 3285 γὰκεῖνο
987 3229 1266 3303 θαύματος
1321 3229 1382 3285 ού
1438 3234 1659 3305 μικροῦ,
1716 3230 1748 3286 ὅ
1786 3233 1879 3286 νῦν

2069 3232 2322 3290 XXVIII.
2355 3230 2613 3289 Proinde
2643 3229 2753 3287 etsi
2804 3229 2964 3286 haud
3020 3227 3228 3285 leviter
3281 3225 3645 3299 stupendum

220 3323 368 3394 ἡμᾶς
401 3318 678 3393 θαυμάσαι
718 3319 988 3390 κεκίνηκε,
1056 3318 1206 3396 λέγω
1258 3315 1315 3374 δὲ
1367 3319 1464 3388 τήν
1531 3321 1647 3376 κατ’
1705 3319 1882 3376 ἐκεῖνο

219 3417 319 3478 τῆς
349 3408 582 3479 ἡλικίας
642 3407 693 3463 ἐν
728 3415 844 3471 τοῖς
899 3405 1124 3470 ἀδύτοις
1170 3404 1474 3484 παράδοξον
1525 3405 1740 3464 ε’ίσοδον
1783 3415 1884 3479 τῆς

220 3500 518 3573 πανάγνου,
550 3497 682 3572 ἐμοὶ
715 3495 774 3552 δὲ
803 3497 866 3553 ού
926 3501 1198 3554 τοσοῦτον
1251 3501 1415 3554 τοῦτο
1475 3495 1624 3554 δοκεῖ
1672 3510 1886 3572 θαυμαο

229 3589 384 3657 στὸν,
416 3587 538 3641 ὅσον
567 3589 618 3641 εἴ
651 3584 792 3660 μηδὲ
833 3588 933 3655 τήν
973 3586 1150 3662 ἀρχὴν
1175 3587 1323 3642 τοῦτ’
1363 3586 1625 3663 ἐγεγόνει·
1660 3588 1723 3643 ού
1756 3588 1884 3665 γὰρ,

217 3677 294 3732 τὰ
363 3677 594 3750 μέγιστα
650 3673 1068 3750 ἐνδεικνυμένου
1121 3679 1217 3730 τοῦ
1275 3672 1524 3750 δυνατοῦ,
1585 3677 1885 3751 θαυμάζειν

219 3768 362 3842 χρήο
421 3764 572 3821 ἀλλὰ
633 3764 964 3835 τούναντίον,
1019 3763 1064 3819 εἷ
1113 3767 1268 3820 καινᾶ
1322 3767 1576 3842 πράττειν
1636 3767 1752 3838 ἐξὸν
1810 3771 1887 3839 τῷ

548 3858 574 3910 ὁ
606 3854 657 3912 δί
685 3857 785 3927 τήν
856 3853 1030 3927 αὗτὴν
1055 3861 1174 3919 τοῖς
1220 3854 1457 3920 πολλοῖς
1511 3853 1752 3933 βαδίζειν
1799 3856 1886 3912 αἱ-

291 4134 451 4192 Ἔπεὶ
486 4131 543 4188 δὲ
605 4130 720 4188 οὐδ’
778 4132 866 4203 ἄν,
902 4131 948 4187 εἳ
1002 4153 1056 4187 τι
1091 4132 1178 4188 καὶ
1229 4136 1430 4212 φαῖμεν
1460 4133 1736 4209 ἅνθρωποι
1763 4131 1888 4206 περὶ

229 4224 424 4293 αὖτῆς,
460 4223 552 4278 τὸν
585 4221 768 4278 εἰκότα
801 4221 865 4276 ἄν
895 4242 1028 4278 ποτε
1067 4220 1364 4297 πλέξαιμεν
1419 4221 1633 4295 κρότον,
1686 4219 1774 4278 ἐπὶ
1833 4217 1892 4277 δὶ

232 4318 336 4366 τῶν
402 4312 678 4388 μεγίστων
741 4314 778 4383 ἡ
843 4313 971 4388 σιγὴ
1049 4312 1325 4386 θαύματος
1418 4310 1586 4367 ἐνίοτε
1669 4313 1893 4386 μήνυμα

235 4401 431 4475 γίνεται
465 4403 558 4456 καί
612 4405 729 4469 νῦν,
788 4401 858 4455 τὰ
912 4406 1012 4470 τῆς
1076 4401 1415 4475 ὑμνουμένης
1473 4398 1556 4456 ὅτι
1616 4399 1891 4473 θαύματος

241 4490 580 4568 πέρα,σιγήν
623 4493 774 4564 ἡμᾶς
819 4489 1082 4566 αἱρετέον.
1134 4489 1241 4562 Kh)
1290 4487 1348 4546 δὶ
1401 4492 1539 4564 ἡμῖν
1580 4489 1670 4546 καὶ
1729 4491 1892 4565 φθεγ-

225 4583 406 4657 γεσθαι
471 4583 600 4657 περὶ
658 4583 851 4650 αὐτῆς,
909 4580 999 4635 καὶ
1059 4585 1210 4656 σιγᾷν
1272 4577 1352 4636 ὅτ’
1405 4576 1622 4654 ἄμεινον
1675 4584 1745 4654 τῇ
1794 4585 1970 4676 τῆςῐ)

225 4675 592 4746 πανυμνήτου
661 4669 731 4740 δὴ
789 4669 994 4742 ταύτης
1063 4669 1273 4747 χάριτι,
1330 4669 1397 4740 ἥν
1491 4669 1568 4732 ὡς
1651 4668 1891 4743 ἄγκυραν

219 4759 434 4836 ἔχομεν
487 4763 592 4831 τῆς
657 4764 865 4836 ψυχῆς,
955 4760 1093 4814 κατᾶ
1172 4759 1264 4814 τὸν
1351 4758 1613 4833 μακάριον
1680 4754 1895 4814 Παῦλον

228 4852 426 4918 εἰπεῖν,
475 4849 697 4927 ἀσφαλῆ
761 4871 821 4906 τε
889 4849 979 4904 καὶ
1041 4843 1287 4926 βεϐαίαν,
1352 4848 1443 4903 καὶ
1501 4842 1891 4922 εἰσερχομένην

225 4940 305 5002 εἷς
399 4942 471 4996 τὸ
566 4940 835 5014 ἐσώτερον
921 4941 1020 4995 τοῦ⁹
1137 4937 1648 5010 καταπετάσματος,
1753 4934 1891 4992 ὅπου

223 5027 555 5104 πρόδρομος
622 5030 755 5103 ὑπὲρ
808 5031 970 5102 ἡμῶν
1032 5025 1280 5097 εἰσῆλθεν
1339 5028 1572 5097 Ἰησοῦς,
1631 5025 1677 5097 ᾦ
1743 5025 1806 5081 τὸ
1835 5045 1893 5081 τε

222 5120 427 5193 κράτος
489 5120 580 5174 καὶ
639 5121 675 5189 ἡ
735 5119 1107 5195 προσκύνησις
1158 5115 1252 5172 ούν
1309 5118 1390 5191 τῷ
1433 5115 1604 5193 Πατρὶ
1657 5113 1747 5170 καὶ
1813 5117 1893 5187 τῷ

1997 3322 2147 3379 illud
2177 3321 2444 3393 sit,quod
2471 3336 2634 3378 nunc
2663 3320 2725 3376 in
2747 3318 3203 3376 admirationem
3260 3334 3370 3374 nos
3425 3317 3644 3388 rapuit,

1997 3412 2510 3469 innocentissimus
2533 3409 2992 3468 scilicettenella
3013 3409 3160 3466 adeo
3184 3413 3356 3466 astate
3387 3405 3449 3462 in
3479 3421 3648 3464 sacra

1997 3503 2175 3574 adyta
2203 3501 2506 3575 ingressus
2532 3516 2546 3568 ;
2570 3499 2717 3557 mihi
2739 3505 2936 3557 tamen
2959 3516 3077 3556 non
3101 3498 3250 3556 adeo
3283 3497 3645 3570 stupendum

1996 3593 2109 3650 hoc
2139 3592 2392 3660 videtur,
2423 3609 2492 3648 ac
2523 3591 2572 3648 si
2628 3607 2704 3647 ne
2735 3591 2795 3646 id
2843 3589 3084 3662 quidem
3141 3589 3363 3645 factum
3411 3587 3644 3643 fuisset.

1995 3684 2195 3755 Neque
2228 3683 2387 3739 enim
2423 3685 2510 3737 est
2531 3678 3128 3749 curmiremur,quod
3160 3678 3420 3733 maxima
3447 3680 3644 3731 osten«

1997 3773 2099 3830 dat
2117 3789 2300 3844 opera
2329 3771 2429 3843 qui
2461 3774 2673 3842 potens
2704 3773 2832 3837 est;
2855 3767 3000 3823 illud
3031 3767 3228 3838 potius
3250 3765 3645 3822 admiratione

1997 3862 2262 3935 dignum,
2292 3859 2451 3931 quod
2480 3872 2858 3915 communem
2889 3855 3118 3910 caeteris
3149 3855 3301 3909 viam
3356 3860 3546 3908 terere
3587 3852 3637 3906 is

1997 3951 2187 4020 malit,
2237 3950 2408 4021 cujus
2467 3946 2668 4002 virtuti
2733 3943 3179 4018 paratissimum
3225 3947 3314 3999 est
3357 3939 3650 4014 stupenda

1999 4056 2279 4114 peragere
2290 4081 2302 4095 .

2070 4132 2362 4187 Caeterum
2392 4144 2528 4185 cum
2559 4125 2849 4200 quidquid
2878 4124 3118 4182 demum
3160 4124 3233 4180 de
3265 4123 3392 4194 ipsa
3447 4120 3644 4176 dicere

1999 4220 2277 4276 homines
2307 4218 2947 4288 valeamus,nunquam
2980 4229 3186 4286 parem
3215 4210 3443 4266 meritis
3475 4223 3647 4263 coro-

2001 4327 2142 4368 nam
2158 4309 2405 4366 laudum
2431 4314 2626 4365 texere
2648 4307 2966 4379 possimus,
2993 4305 3053 4358 in
3082 4302 3261 4358 rebus
3280 4316 3415 4356 vero
3455 4298 3644 4356 maxi-

2001 4399 2116 4458 mis
2148 4398 2503 4471 quandoque
2529 4397 2836 4452 silentium
2859 4392 3148 4448 indicium
3182 4391 3257 4446 sit
3299 4389 3648 4446 admiratio-

2002 4489 2098 4546 nis
2125 4505 2138 4556 ;
2162 4492 2479 4561 propterea
2504 4501 2637 4543 cum
2653 4485 2832 4541 etiam
2854 4483 2916 4538 in
2942 4481 3221 4554 praesenti
3249 4479 3648 4552 praerogativa

2003 4580 2324 4650 illius,quas
2359 4574 2752 4633 collaudanda
2798 4578 2909 4641 est,
2933 4571 3198 4644 qualibet
3255 4568 3649 4626 admiratione

2003 4671 2125 4727 sint
2144 4668 2424 4740 majores,
2468 4669 2710 4738 praestat
2756 4668 2824 4719 ut
2870 4679 2968 4719 eas
2998 4661 3239 4718 silentio
3273 4674 3649 4715 veneremur.

2004 4756 2242 4813 Utinam
2271 4770 2407 4810 vero
2454 4751 2627 4808 nobis
2667 4750 2991 4822 contingat,
3014 4754 3082 4804 ut
3113 4752 3172 4803 et
3214 4747 3531 4818 loquamur
3575 4743 3647 4800 de

2002 4847 2150 4918 ipsa,
2183 4849 2243 4901 et
2265 4840 2787 4914 taceamus,prouti
2811 4845 3046 4910 tempus
3076 4836 3276 4909 exigit,
3297 4835 3476 4906 idque
3507 4850 3648 4906 per-

2000 4935 2250 5009 gratiam
2282 4933 2548 5006 ejusdem
2581 4930 2746 4987 omni
2776 4929 2950 4986 laude
2980 4925 3366 4999 dignissimae,
3389 4939 3555 4994 quam
3585 4924 3652 4980 ut

2003 5042 2138 5082 cum
2168 5025 2341 5081 beato
2373 5023 2551 5080 Paulo
2575 5021 2809 5093 loquar,
2858 5017 3000 5075 sicut
3045 5016 3344 5072 anchoram
3391 5010 3651 5064 habemus

2002 5117 2203 5173 animae
2247 5121 2422 5171 tutam
2464 5130 2527 5169 ac
2572 5113 2821 5182 firmam,
2869 5113 2920 5165 et
2967 5105 3304 5164 incedentem
3347 5115 3518 5169 usque
3563 5097 3640 5153 ad

1605 5327 1753 5388 Ant.
1789 5322 2087 5388 Ballerini
2143 5326 2330 5383 notae.

287 5552 408 5622 (76)
447 5553 501 5608 Si
532 5551 690 5608 Deus
713 5549 830 5606 alia
879 5543 1168 5615 condidit,
1199 5552 1265 5604 ut
1317 5561 1389 5622 ex
1446 5545 1892 5622 comparatione

213 5618 850 5696 eluceScereLquanto
873 5621 1380 5696 Deiparacaateris
1411 5618 1895 5696 omnibus_unde-

225 5710 473 5770 quaque
506 5691 883 5763 excelleret;
945 5691 1270 5768 ignobilem
1328 5707 1464 5764 ergo
1514 5691 1714 5747 sortiri
1772 5707 1895 5746 non

2002 5536 2195 5615 potuit
2226 5528 2995 5615 originem,qu_amnobil_em
3010 5527 3162 5615 adeo
3265 5526 3642 5615 splendidam

2004 5603 2132 5669 tum
2165 5603 2358 5682 angeli
2388 5611 2512 5661 tum
2543 5603 2718 5676 primi
2743 5603 3017 5658 homines
3048 5603 3240 5658 sortiti
3277 5607 3434 5657 sunt.
