4030 6212
375 298 458 370 ιη
1527 279 1821 343 ISIDORI
1864 278 2636 347 THESSALONIOENSIS
3707 277 3788 338 73

379 430 646 486 interiora
675 425 980 493 velaminis,
1013 422 1110 476 ubi
1123 432 1432 491 praecursor
1476 431 1582 485 pro
1612 415 1766 468 nobis
1817 417 2016 470 introi-

2164 413 2276 490 ιγίῳ
2328 416 2601 490 Πνεύματι
2653 413 2728 478 εἷς
2802 411 3200 483 ἀτελευτήτους
3255 408 3458 470 αἰῶνας
3509 410 3618 463 τῶν
3662 406 3797 462 αίω-

377 522 457 576 vit
487 521 616 575 Iesu
631 517 699 584 ⁴⁴,
733 516 826 572 οιιί
861 519 920 569 et
949 508 1269 582 imperium
1305 510 1361 560 et
1388 504 1653 560 adoratio
1697 519 1830 559 cum
1862 506 2034 560 Patre

2164 525 2250 558 νων
2285 505 2483 578 Ἀμήν.

382 614 440 666 et
477 609 698 682 Spiritu
730 609 934 662 sancto
965 616 1072 673 per
1101 597 1337 652 inﬁnita
1383 594 1601 650 smcula
1659 594 2030 651 saeculorum.

375 702 422 757 Α
442 716 603 756 men.

1028 778 1262 836 SERMO
1294 778 1394 834 ΙΙΙ.

379 909 444 962 In
475 901 970 959 Armnntiationem
1000 897 1256 968 gloriosa
1289 901 1340 950 et
1371 895 1556 968 gratia
1583 893 1763 967 plena
1795 894 2039 968 Domina:

538 978 741 1029 nostra
775 967 1042 1042 Deiparae
1067 975 1118 1024 et
1139 983 1350 1039 semper
1387 967 1632 1036 Virginis
1662 967 1873 1021 Maria.

460 1173 787 1228 Lthentur
807 1168 926 1224 cazli
957 1173 1010 1221 et
1031 1165 1264 1221 exsultet
1279 1171 1431 1220 terra
1451 1161 1518 1230 ‘5;
1543 1160 1827 1234 plaudant
1844 1159 2039 1232 angeli

387 1268 444 1318 et
472 1260 679 1315 laetitia
707 1257 963 1330 gestiant
983 1254 1276 1320 homines,
1311 1258 1369 1310 et
1393 1252 1684 1308 universas
1747 1250 2040 1306 hodierna

384 1352 480 1408 die
503 1349 870 1404 hilarescant
901 1349 1186 1402 creaturas
1219 1362 1236 1411 ;
1283 1341 1765 1416 quandoquidem
1799 1341 2044 1396 Creator

385 1440 651 1496 omnium
685 1455 847 1495 nunc
879 1435 1091 1508 gaudio
1123 1435 1276 1490 hanc
1305 1450 1504 1488 rerum
1562 1430 2036 1498 universitatem,

386 1530 654 1603 gaudens
687 1530 834 1600 ipse,
879 1525 1088 1597 replet.
1147 1525 1316 1580 Nunc
1375 1523 1501 1595 ipse
1558 1521 1737 1590 venit,
1785 1526 1851 1576 ut
1904 1537 2036 1591 quas

390 1619 636 1675 inimica
660 1618 769 1690 ipsi
811 1621 1004 1682 erant,
1035 1615 1231 1670 denuo
1264 1612 1374 1668 sibi
1425 1610 1772 1667 reconciliet
1803 1627 1816 1664 :
1876 1626 2036 1665 nunc

393 1709 697 1764 tristitiam
728 1723 758 1761 e
786 1710 1026 1777 peccato
1059 1709 1294 1758 enatam
1331 1700 1533 1768 solvit;
1559 1717 1718 1756 nunc
1747 1699 2038 1768 laetitiam,

2800 784 3026 839 ΛΟΓΟΣ
3081 780 3153 836 Γ’.

2144 896 2245 959 El;
2300 897 2392 951 τὸν
2477 893 2901 987 Εὒριγγελισμὸν
2937 903 3070 987 Ιτῆς
3138 891 3636 987 ιπανυπεξενδιξεου
3704 897 3798 987 καί

2217 965 2684 1101 Ξιιξχαριτὲςὶμένὴξί
2755 965 3053 1095 ῗεσποίνης
3127 967 3290 1041 ἡμῶν
3379 965 3647 1023 Θεοτόκου
3705 968 3798 1024 καὶ

2287 1059 2446 1116 ειπαρ
2507 1061 2600 1096 νου
2689 1059 2864 1115 αρας.

2218 1167 2298 1225 Δ’.
2332 1166 2816 1246 Εὗφραινὲσθωσαν
2873 1167 2926 1222 οῑ
2992 1164 3216 1241 οὐρανοὶ
3271 1164 3362 1220 καὶ
3429 1162 3793 1240 ἁγαλλιάσθω

2145 1256 2180 1324 ἡ
2363 1255 2724 1330 κροτείτωσαν
2758 1254 3016 1331 ἄγγελον
3049 1255 3140 1310 καὶ
3179 1255 3552 1328 πιρτάτωσαν
3582 1252 3801 1330 ἅνθρω-

2145 1365 2266 1414 ποι,
2294 1345 2384 1400 καὶ
2431 1349 2577 1400 πᾶσα
2629 1347 2664 1416 ἡ
2721 1344 2898 1408 κτίσις
2956 1341 3328 1422 φαιδρυνὲσθω
3389 1346 3649 1419 σήμερον,
3709 1344 3800 1401 δτι

2146 1434 2420 1490 ὁπάντων
2463 1438 2701 1506 Κτιστης
2751 1439 2841 1490 νῦν
2892 1438 3066 1513 χαρᾶς
3124 1431 3434 1507 ἒμπίπλησι
3495 1433 3706 1508 χαίρων
3735 1434 3802 1489 τὸ

2144 1529 2273 1581 πᾶν.
2307 1529 2412 1579 Νῦν
2446 1525 2525 1588 εἰς
2583 1523 2893 1601 διαλλαγὰς
2961 1525 3139 1598 χωρεῖ
3191 1530 3302 1580 τῶν
3354 1523 3797 1599 ἆπηχθημίνωνο

2145 1614 2236 1668 νῦν
2268 1613 2387 1669 λύει
2419 1616 2518 1684 τήν
2551 1614 2604 1686 ἐξ
2636 1616 2908 1692 ἁμαρτίας
2937 1617 3256 1692 κατήφειαν·
3315 1618 3427 1685 νῦν,
3487 1615 3562 1676 ὡς
3622 1612 3799 1669 ἄλλον

2147 1701 2301 1778 ἆέρα,
2356 1709 2517 1760 πᾶσιν
2584 1704 2920 1784 εὐφροσύνην
2981 1703 3178 1780 ἐξέχεε·
3240 1708 3330 1758 νῦν
3411 1704 3544 1779 ὑπὲρ
3632 1702 3800 1774 ἣλιον

392 1797 551 1852 velut
578 1812 794 1852 novum
827 1793 1144 1865 quemdam
1178 1807 1400 1858 aerem,
1433 1789 1708 1845 omnibus
1742 1788 1991 1844 effundit
2021 1804 2038 1844 :

2164 1792 2358 1866 ίάμπει
2398 1800 2516 1856 τοῖς
2544 1796 2738 1869 πὲρασι
2769 1791 3062 1868 θυμηδίαν·
3123 1797 3230 1849 Νῦν
3290 1792 3511 1866 ἱμάτιον
3582 1790 3798 1847 ἕνέδυσε

389 1902 551 1942 nunc
607 1901 727 1956 pra:
777 1882 952 1939 solari
1011 1881 1176 1938 radio
1234 1879 1528 1936 universis
1596 1885 1768 1934 terrm
1819 1877 2036 1933 ﬁnibus

386 1974 828 2047 jucundissima
855 1973 985 2027 luce
1018 1969 1308 2042 splendet.
1345 1971 1530 2036 Nunc,
1551 1968 1724 2040 juxta
1754 1967 2036 2023 divinitus

392 2065 778 2120 insonantem
827 2062 994 2117 Isaias
1069 2076 1293 2128 vocem,
1346 2059 1530 2112 induit
1581 2074 1677 2113 nos
1723 2057 2038 2112 vestimento

389 2154 608 2216 salutis,
658 2160 710 2208 et
762 2153 1090 2206 indumento
1150 2150 1361 2204 laetitiae
1421 2147 1785 2202 circumdedit
1830 2163 1928 2202 nos
1970 2145 2036 2201 ‘5.

395 2245 559 2299 Nunc
579 2241 884 2309 leremias,
899 2238 1314 2295 lamentabilos
1347 2237 1475 2292 illas
1493 2236 1636 2292 olim
1653 2237 1817 2291 ciens
1849 2253 2039 2304 voces,

391 2329 757 2401 palinodiam
793 2328 1090 2397 recipit,et
1120 2332 1471 2397 opportune,
1506 2325 1607 2378 Dei
1641 2323 1796 2379 velut
1838 2340 2043 2395 perso-

392 2434 531 2474 nam
557 2415 917 2488 agens,illud
941 2413 1254 2469 denuntiat
1285 2429 1298 2480 ;
1336 2412 1621 2482 Propitius
1678 2429 1770 2468 ero
1826 2412 2040 2484 iniqui-

399 2507 602 2564 tatibus
641 2506 948 2571 hominum,
1005 2512 1055 2559 et
1097 2508 1328 2573 peccata
1370 2518 1556 2556 eorum
1621 2518 1729 2557 non
1777 2518 2047 2558 memora-

401 2597 499 2653 bor
555 2596 793 2667 amplius
841 2591 907 2648 ‘7.
977 2596 1147 2648 Nunc
1203 2591 1330 2647 cusli
1390 2595 1664 2647 venustas
1725 2608 1792 2646 ac
1849 2591 2047 2648 lucida

397 2692 696 2743 astrorum
727 2700 944 2741 corona
966 2682 1302 2754 splendoris
1345 2681 1619 2737 hodierni
1668 2682 2046 2754 jucunditate

2151 1880 2429 1956 σωτηρίου
2457 1882 2546 1937 καὶ
2579 1887 2793 1959 χιτῶνα
2848 1881 3184 1960 εὐφροσύνης
3243 1876 3564 1957 περιέϐαλεν
3619 1883 3794 1953 ἡμᾶς,

2150 1971 2299 2046 παρὰ
2334 1973 2437 2040 τήν
2468 1973 2754 2045 θεόκροτον
2810 1970 3035 2028 Ἠσαίου
3097 1972 3302 2048 φωνήν.
3361 1972 3471 2028 Νῦν
3511 1971 3539 2026 ὁ
3597 1973 3801 2046 θρηνό-

2150 2061 2384 2138 φθογγος
2431 2062 2714 2136 Ἱερεμίας,
2766 2058 3099 2134 παλινῳδίαν
3151 2059 3398 2130 πλάκων,
3449 2059 3523 2122 ὡς
3559 2059 3619 2114 ἰκ
3665 2062 3800 2114 Θεοῦ

2149 2151 2287 2205 κατὰ
2352 2151 2540 2226 καιρὸν
2611 2150 2740 2225 ἐρεῖ·
2811 2149 3004 2214 Ἷλεως
3075 2148 3269 2224 ἓσομαι
3362 2154 3482 2211 ταῖς
3566 2146 3801 2210 ἀδικίαις

2146 2243 2257 2294 τῶν
2338 2239 2663 2314 ἀνθρώπων,
2764 2241 2854 2296 καὶ
2937 2246 3044 2296 τῶν
3125 2240 3405 2315 ἁμαρτιῶν
3485 2239 3663 2294 αὐτῶν
3739 2237 3802 2292 οὔ

2156 2330 2232 2402 μὴ
2277 2331 2500 2402 μνησθῶ
2531 2325 2630 2387 ἔτι.
2667 2331 2776 2390 Νῦν
2806 2331 3035 2405 οὐρανοῦ
3085 2328 3291 2392 κάλλος
3349 2330 3438 2384 καὶ
3497 2325 3806 2408 φωτοειδής

2152 2412 2388 2493 ἀστέρων
2439 2417 2664 2492 κύκλος,
2739 2420 2912 2488 ἣττων
2963 2417 3044 2483 vi;
3103 2418 3291 2494 τέρψιν
3345 2425 3443 2487 τῆς
3499 2419 3803 2492 προκειμᾶ-

2153 2526 2251 2577 νης
2309 2505 2727 2585 λαμπρότητος.
2814 2510 2926 2566 Νῦν
2989 2507 3238 2584 εὔκαιρον
3285 2507 3451 2562 είπεῖν
3508 2507 3592 2577 τὸ,
3651 2507 3791 2577 Δόξα

2155 2594 2207 2650 ἐν
2246 2595 2492 2671 ὑψίστοις
2530 2603 2670 2671 Θεῷ,
2701 2599 2792 2654 καὶ
2823 2597 2911 2654 ἐπὶ
2952 2604 3056 2675 γῆς
3116 2597 3332 2672 εἰρήνη,
3375 2595 3428 2652 ἐν
3489 2597 3800 2671 ἀνθρώποις

2159 2683 2399 2744 εὐδοκία.

395 2777 730 2832 vincuntur.
791 2775 956 2830 Nunc
997 2778 1397 2844 opportunum
1457 2776 1692 2842 tempus
1750 2777 1840 2827 est
1882 2771 2027 2828 illud
2055 2774 2388 2846 clamandi;
2422 2777 2614 2835 Gloaia
2652 2781 2711 2834 in
2759 2777 3042 2835 altissimis
3096 2779 3201 2834 Deo
3243 2785 3298 2833 et
3349 2780 3409 2833 in
3461 2783 3609 2834 terra
3657 2794 3804 2848 pax,

394 2866 703 2923 hominibus
727 2866 860 2920 bona
888 2862 1026 2935 (Dei)
1058 2861 1308 2917 voluntas
1334 2861 1465 2932 (77).

463 2957 609 3013 Nam
652 2955 752 3026 qui
786 2953 1389 3021 cmlum,terramque,
1415 2955 1474 3005 et
1504 2949 1687 3005 solem
1711 2951 1875 3023 prius
1897 2952 2036 3006 elle-

395 3047 494 3112 cit,
529 3050 862 3114 casteraque
895 3040 1351 3112 magniﬁcentiae
1377 3056 1495 3094 sua)
1518 3056 1698 3110 opera
1729 3041 2041 3112 splendere

389 3135 594 3206 jussit,
630 3131 877 3200 nunc,id
908 3129 1066 3201 quod
1089 3129 1162 3184 ab
1205 3128 1373 3183 initio
1407 3134 1671 3184 creatum
1731 3147 1852 3185 non
1910 3131 2043 3200 fuit,

396 3221 488 3277 vel
544 3227 809 3277 creatum
867 3236 986 3274 non
1038 3217 1396 3289 perduravit,
1451 3217 1751 3289 gaudium,
1824 3223 1891 3274 ut
1965 3219 2048 3275 ita

395 3310 610 3377 dicam,
640 3309 841 3366 condit
887 3310 956 3362 Et
971 3305 1629 3378 quemadmodum,Fiat
1654 3308 1771 3374 lux,
1805 3307 2042 3377 dixit“,

395 3406 445 3456 et
474 3403 626 3469 facta
657 3405 733 3455 est
772 3399 891 3464 lux,
925 3403 983 3452 et
1012 3397 1220 3452 eodem
1240 3395 1416 3468 plane
1447 3396 1617 3451 modo
1650 3402 1895 3452 caeteras
1926 3414 2043 3466 res,

399 3489 592 3544 varias
632 3487 875 3560 quidem
904 3486 1006 3542 sed
1028 3486 1176 3541 mire
1209 3485 1366 3540 inter
1396 3501 1458 3540 se
1480 3501 1838 3552 connexas,e
1859 3486 2044 3542 nihilo

399 3578 635 3644 eduxit;
666 3578 750 3634 sic
780 3593 941 3634 nunc
961 3591 1069 3648 per
1097 3573 1394 3646 angelum,
1423 3574 1714 3644 Ave,dixit
1743 3575 1831 3630 illi
1857 3577 2046 3648 gratia

397 3669 611 3740 plenas.

472 3759 690 3816 ILHoe
718 3757 993 3813 videlicet
1041 3756 1147 3810 Ave
1203 3753 1641 3826 quodammodo
1699 3771 1859 3810 nunc
1918 3755 2044 3827 ipse

401 3853 646 3916 creat,et
674 3851 740 3903 ut
769 3862 975 3903 omnes
997 3845 1399 3917 undequaque
1432 3844 1710 3917 pervadat
1743 3851 2044 3901 creaturas

395 3939 658 4006 mandat,
683 3942 1158 4010 potestatemque
1189 3935 1470 3991 omnibus
1497 3936 1598 4007 qui
1621 3936 1888 3992 animum
1929 3935 2042 3990 ad-

396 4033 634 4083 vertant
654 4027 813 4093 facit,
847 4032 911 4080 ut
942 4027 1201 4095 ipsarum
1255 4030 1623 4080 venustatem
1675 4041 2042 4096 aureumque

395 4117 458 4172 in
491 4117 635 4188 ipsis
655 4114 1053 4187 pulcherrime
1079 4114 1373 4168 intextum
1395 4119 1693 4181 ornatum,
1723 4114 1824 4184 qui
1845 4114 2042 4184 gaudii

398 4207 644 4262 allectus
693 4209 782 4260 est
850 4203 968 4258 illis
1040 4201 1418 4270 conveniens,
1478 4201 1780 4272 percipere
1867 4218 2046 4258 sensu

400 4301 640 4368 queant.
671 4295 817 4350 Nam
847 4293 948 4365 qui
990 4292 1118 4364 jugi
1177 4291 1374 4362 aliquo
1432 4290 1590 4346 malo
1645 4289 1930 4363 afﬂigitur
1986 4298 2045 4348 et

397 4383 642 4440 tristitia
677 4389 1020 4455 occupatur,
1061 4398 1182 4436 non
1239 4381 1321 4436 ita
1377 4386 1754 4452 comparatus
1811 4386 1922 4449 est,
1979 4386 2046 4438 ut

397 4477 626 4527 natura
640 4470 1139 4542 pulchritudinem
1159 4475 1216 4524 et
1239 4469 1685 4526 mirabilitatem
1701 4471 2046 4543 investigan-

394 4561 468 4616 do
497 4559 826 4632 persentire
851 4559 1080 4630 possit;
1111 4557 1260 4615 adeo
1293 4559 1498 4625 ut,nisi
1549 4560 1660 4614 hoc
1711 4562 1827 4616 Ave
1883 4577 2044 4616 nunc

400 4649 740 4721 prodiisset,
771 4647 1057 4703 deﬁceret
1107 4663 1247 4703 sane
1311 4653 1369 4703 et
1425 4647 1775 4704 illaudatum
1820 4649 2050 4720 jaceret

400 4737 692 4810 quidquid
714 4737 1169 4810 magniﬁcentia)
1193 4736 1252 4792 in
1275 4753 1453 4810 opere
1475 4737 1797 4792 creationis
1829 4737 2043 4792 elucet.

397 4827 690 4893 Quoniam
710 4843 845 4882 vero
880 4843 1001 4881 non
1042 4825 1269 4882 ferebat
1301 4826 1533 4881 Domini
1574 4825 1931 4896 benignitas,
1985 4832 2050 4882 ut

399 4917 594 4990 quoad
613 4917 964 4974 nobiliorem
989 4918 1138 4973 hanc
1160 4922 1409 4989 partem,
1435 4915 1629 4988 quoad
1658 4916 1936 4988 gaudium
1967 4917 2049 4972 vi-

391 5006 933 5074 delicet,creaturas
967 5023 1104 5062 suas
1156 5005 1310 5061 male
1364 5005 1588 5060 habere
1634 5006 2050 5076 permitteret;

399 5097 618 5153 idcirco
641 5113 800 5152 nunc
831 5101 889 5152 et
917 5095 1197 5168 gaudium
1234 5093 1454 5160 condit,
1490 5093 1650 5164 quod
1703 5094 1882 5150 rebus
1923 5095 2042 5166 jam

2164 5089 2221 5150 δί
2329 5099 2489 5150 τοῦτο
2575 5089 2790 5156 πάντως
2885 5094 3176 5167 Παρθένος,
3259 5089 3453 5164 μηνύει

466 5197 514 5230 ⁴⁴
544 5199 718 5254 Hebr.
751 5214 822 5268 γι,
861 5199 944 5264 19,
968 5197 1056 5249 20.
1136 5193 1183 5228 ⁸⁵
1215 5194 1368 5250 Psal.
1403 5209 1530 5263 xcv,
1568 5195 1652 5250 11.
1731 5194 1776 5229 ⁸⁸
1808 5195 1917 5250 lsa.
1964 5211 2073 5263 LXI,
2110 5198 2196 5252 10.

396 5268 440 5304 ⁸⁸
476 5269 616 5325 Gen.
652 5287 688 5338 ι,
720 5272 772 5324 3.

2224 2957 2281 3011 Ὀ
2309 2955 2413 3032 γὰρ
2459 2955 2686 3032 οὐρανὸν
2744 2955 2834 3011 καὶ
2892 2963 2993 3033 γῆν
3052 2956 3139 3011 καὶ
3191 2953 3353 3027 ἣλιον
3410 2955 3536 3032 πρὶν
3590 2955 3798 3026 ὑποστή

2155 3065 2272 3114 σας,
2303 3045 2490 3101 καὶτά
2528 3043 2756 3122 λαμπρὰ
2813 3053 2915 3116 τῆς
2973 3044 3147 3116 ἅκλης
3209 3045 3630 3122 μεγαλουργίας,
3680 3049 3804 3116 νῦν,

2160 3133 2233 3196 ὡς
2257 3134 2638 3207 εἰπεῖν,δτήν
2698 3136 2877 3211 ἀρχὴν
2940 3136 3043 3191 οὐκ
3098 3135 3322 3206 ὑπέστη·
3385 3134 3419 3204 ἢ
3479 3135 3689 3199 κτισθὶν
3744 3133 3807 3190 οὗ

2159 3220 2414 3296 διέμεινε,
2500 3226 2600 3294 τὴν
2693 3225 2872 3300 χαρὰν
2978 3225 3256 3302 ὑφίστησι.
3355 3222 3458 3280 Καὶ
3543 3223 3810 3298 καθάπερ,

2159 3314 2446 3383 Γενηθήτω
2487 3318 2621 3390 φῶς,
2681 3313 2816 3383 εἶπε,
2877 3313 2967 3367 καὶ
3026 3312 3256 3389 ἐγένετο,
3316 3312 3406 3366 καὶ
3465 3314 3563 3383 νήν
3622 3313 3811 3367 ποικί-

2159 3400 2262 3472 λην
2312 3399 2506 3456 ἅλυσιν
2566 3401 2738 3457 πᾶσαν
2796 3405 2906 3456 τῶν
2959 3407 3200 3477 γενητῶν
3274 3405 3465 3457 τοῦτον
3521 3403 3809 3479 πασήγαγε

2155 3491 2249 3546 τὸν
2279 3491 2506 3565 τρόπον·
2543 3491 2684 3547 οὕτω
2713 3495 2828 3565 νῦν,
2860 3495 3051 3568 Χαῖρε,
3111 3491 3244 3566 φησὶ
3312 3488 3381 3546 δι’
3447 3490 3678 3566 ἀγγέλου
3741 3495 3810 3567 τῇ

2158 3582 2594 3658 κεχαριτωμένη.

2238 3763 2308 3818 Β’.
2341 3764 2514 3817 Τοῦτο
2543 3762 2612 3830 τὴ
2643 3761 2706 3815 τὸ
2763 3761 2927 3836 Χαῖρε
2980 3764 3071 3815 νῦν
3119 3761 3311 3815 ὡσανεὶ
3370 3758 3805 3835 πλαστουργῶν,

2157 3850 2247 3905 καὶ
2314 3844 2633 3924 περιλαϐεῖν
2686 3853 2918 3922 πέμπων
2979 3851 3184 3905 ἅπασαν
3261 3850 3459 3919 κτίσιν,
3540 3852 3606 3918 ἧς
3699 3851 3804 3919 τήν

2157 3941 2318 4016 χάριν
2351 3941 2440 3995 καὶ
2473 3943 2570 4011 τήν
2599 3938 2978 3996 καλλίπλοκον
3003 3939 3054 3994 ἐν
3088 3941 3225 4015 αὐτῇ
3259 3938 3622 4015 χρυσουργίαν
3653 3940 3807 4008 ἠτοῦ

2160 4031 2372 4107 χαίρειν
2405 4029 2654 4101 α’ίσθησις
2683 4029 3025 4094 αἰσθάνεσθαι
3055 4035 3174 4094 τοῖς
3229 4030 3560 4108 προσέχουσι
3621 4047 3808 4104 χορη-

2158 4125 2263 4197 γεῖ.
2326 4121 2582 4195 Ἐπείπερ
2639 4120 2701 4174 τὸ
2761 4119 2973 4194 πάσχον
3027 4119 3110 4174 αεὶ
3172 4117 3320 4191 λύπῃ
3377 4119 3534 4173 συνὸν
3589 4117 3808 4194 φύσεως

2158 4209 2365 4272 κάλλος
2419 4209 2508 4264 καὶ
2567 4213 2745 4283 θαῦμα
2803 4208 2865 4263 οὐ
2933 4207 3163 4288 πέφυκεν
3223 4207 3455 4282 ἐρευνᾷν·
3517 4205 3653 4260 ὣστε
3716 4208 3809 4261 καὶ

2157 4297 2208 4353 εἲ
2239 4299 2315 4371 μή
2347 4297 2411 4353 τὸ
2443 4297 2655 4376 χαίρειν
2686 4302 2848 4354 τοῦτο
2879 4302 2972 4352 νῦν
3001 4295 3388 4372 ἐγεγόνει,ῥὲον
3413 4295 3470 4351 ἄν
3501 4296 3812 4369 ἀκήρυκτον

2158 4384 2393 4444 διετέλει
2449 4389 2511 4442 τὸ
2556 4385 2782 4463 φαιδρὸν
2839 4383 2976 4441 ἅπαν
3017 4393 3121 4456 τῆς
3155 4383 3545 4462 δημιουργίας.
3576 4386 3731 4442 Ἐπεὶ
3763 4383 3812 4440 δ’

2155 4477 2256 4533 οὐκ
2282 4478 2351 4546 ἦν
2374 4477 2520 4533 οὕτω
2539 4481 2640 4532 τοῦ
2663 4477 2866 4553 ἀγαθοῦ
2899 4476 3170 4530 Δεσπότου
3198 4476 3298 4545 τὴν
3329 4475 3558 4550 κρείττω
3586 4477 3812 4550 μοῖραν,

2159 4566 2308 4643 λέγω
2339 4564 2397 4622 δὶ
2425 4568 2526 4636 τήν
2558 4566 2753 4644 χαρὰν,
2810 4561 3073 4640 περιιδεῖν
3122 4561 3494 4642 δυστυχοῦσαν
3549 4565 3649 4633 τήν
3699 4565 3816 4619 κτί-

2158 4677 2265 4726 σιν,
2297 4653 2388 4711 διᾶ
2406 4659 2568 4710 τοῦτο
2598 4654 2690 4710 καὶ
2721 4652 3050 4730 δημιουργεῖ
3077 4657 3168 4709 νῦν
3199 4654 3262 4708 τὸ
3324 4653 3564 4732 χαίρεῖν,
3621 4651 3652 4706 ὅ
3704 4653 3814 4707 πά-

2159 4744 2250 4801 λαι
2287 4745 2381 4818 μὶν
2437 4743 2612 4822 ἰφίλει
2669 4750 2787 4808 τοῖς
2843 4743 2962 4798 οῦσι
3020 4744 3353 4819 προσθεῖναι,
3412 4743 3475 4796 τὸ
3516 4739 3563 4795 δ’
3621 4742 3812 4796 ἱκανὸν

2160 4833 2270 4910 οὐχ
2299 4835 2512 4907 εὕρισκε
2543 4838 2755 4906 σκεῦος,
2788 4835 2818 4888 8
2849 4833 2938 4889 καὶ
2969 4832 3200 4912 φυλάξαι
3229 4833 3292 4888 τὸ
3323 4829 3473 4886 δοθὲν
3506 4833 3594 4885 καί
3642 4850 3813 4903 μετα-

2161 4921 2347 4979 δοῦναι
2394 4920 2636 4988 δυνατῶς
2661 4920 2788 4994 ἕξει,
2847 4927 2954 4977 Νῦν
3006 4923 3108 4998 γὰρ
3163 4927 3242 4992 τῷ
3302 4920 3562 4996 ὑπερφυεῖ
3610 4918 3804 4992 τούτῳ

2161 5014 2376 5092 φανὲντι
2430 5014 2523 5069 καὶ
2572 5013 3011 5092 εὐρυχωροτάτῳ
3058 5009 3264 5086 δοχείῳ
3313 5011 3347 5078 ἡ
3406 5006 3812 5082 πολυύμνητος

2163 5093 2221 5144 δὶ
2329 5099 2489 5144 τοῦτο
2575 5094 2790 5144 πάντως
2885 5094 3176 5144 Ilaonévoc.
3260 5089 3453 5144 μηνύει
3566 5090 3660 5144 μὲν
3749 5090 3812 5144 τὸ

3566 5090 3660 5161 μὲν
3749 5090 3816 5146 τὸ

2303 5196 2350 5233 ⁴⁷
2379 5198 2572 5253 Jerem
2628 5213 2782 5265 xxvx,
2815 5196 2904 5263 34,
2940 5209 3037 5250 sec
3093 5193 3232 5250 LXX
3264 5208 3395 5264 cap.
3445 5208 3684 5260 xxxvm,
3748 5193 3820 5246 34

1762 5369 1907 5426 Ant.
1952 5366 2250 5428 Ballerini
2293 5373 2458 5428 notae
2473 5413 2486 5428 .

475 5499 584 5568 ('77)
620 5501 754 5555 Luc.
788 5516 846 5556 ιι.
883 5503 1189 5556 14.Νοιιιω
1221 5505 1330 5568 est,
1365 5500 1426 5554 in
1459 5498 1571 5553 hoc
1633 5498 1802 5554 Lucas
1864 5501 2046 5556 versi-

404 5569 535 5627 culo
559 5572 850 5642 tantisper
879 5588 914 5627 a
931 5574 1128 5628 Graeco
1163 5579 1324 5628 textu
1347 5571 1585 5628 differre
1605 5570 1896 5642 vulgatam
1927 5588 2048 5626 ver-

404 5641 929 5702 sionem.Conferri
945 5650 1216 5716 possunt,
1247 5661 1378 5715 quin
1409 5642 1482 5699 de
1517 5641 1726 5699 eodem
1756 5643 2046 5700 versiculo

2150 5500 2378 5572 erudite
2433 5519 2538 5571 pro
2594 5516 2758 5555 more
2809 5517 2916 5558 suo
2949 5501 3219 5572 gscripsit
3269 5502 3489 5572 ,Franc.
3539 5493 3822 5572 ﬂaverius

2148 5567 2560 5644 Patritius'we
2588 5572 2915 5642 evangeliis,
2947 5571 3052 5627 lib.
3101 5567 3190 5640 'm,
3247 5571 3488 5628 dissert.
3528 5569 3618 5632 24,
3651 5567 3677 5634 §
3735 5567 3819 5633 l2,

2148 5640 2289 5698 edit.
2322 5640 2589 5715 Friburg.
2627 5640 2810 5716 4853.)
