4030 6212
336 327 412 389 75
1489 304 1782 369 ISIDORI
1823 299 2120 364 THESSA
2131 298 2579 363 LONIGENSIS
3655 301 3742 360 76

341 458 500 532 quod
528 457 752 530 pariter
782 452 1041 510 afﬁrmat
1068 445 1299 502 divinus
1354 442 1452 532 ille
1501 437 1722 496 Paulus
1750 437 1813 504 ⁵ο,
1847 452 1982 492 cum

2107 435 2203 496 ὶῶς
2233 433 2368 488 εἶναι
2421 435 2595 488 πάντα
2649 433 2848 509 χαρᾶς,
2897 426 3282 507 ἀγαλλιάσεως
3341 429 3558 501 πλήρη,
3609 451 3748 508 φαι-

341 525 472 615 nos,
505 525 760 618 quorum
791 556 968 597 causa
998 551 1157 591 nunc
1205 529 1398 588 omnis
1440 531 1711 584 creatura
1739 525 1982 597 patitur,

339 614 600 694 cmlestia
642 630 839 702 adepti
869 627 1175 682 fuerimus.
1227 621 1439 677 Omnia
1468 619 1668 689 itaque
1700 614 1988 670 hodierna

2097 521 2322 667 δρότὲτι
2356 521 2764 598 διαλάμποντα,
2817 518 3020 597 ἀγλαΐᾳ
3072 517 3396 595 παντοδαπῇ
3436 521 3524 576 καὶ
3556 521 3752 598 χάριτι

2099 613 2222 667 στίλ
2267 635 2416 667 οντα.

2099 613 2416 672 στίλϐοντα.

339 728 434 784 die
465 725 676 800 gaudio
704 717 1024 784 exundant,
1051 712 1255 770 omnia
1283 706 1697 769 exsultationis
1728 705 1904 778 plena
1937 708 2095 776 sunt,
2127 703 2427 761 hilaritate
2457 704 2766 778 fulgentia,
2799 702 2956 761 omni
2993 703 3310 776 splendore
3341 720 3408 760 ac
3439 709 3752 760 venustate

340 814 667 874 rutilantia.

411 905 501 960 IV.
533 897 698 966 Quod
726 914 862 954 vero
910 895 974 953 in
1020 887 1321 952 communi
1370 889 1659 956 omnium,
1693 887 1983 958 quotquot

343 997 594 1059 exstant,
624 990 850 1057 lmtitia,
883 988 983 1044 ille
1006 985 1285 1056 nequitias
1307 983 1516 1039 artifex
1545 998 1618 1036 ne
1648 995 1832 1052 pr0pe
1861 976 1986 1050 qui-

343 1085 478 1140 dem
508 1081 790 1139 accedere
817 1078 891 1135 ad
922 1079 1074 1132 hanc
1097 1073 1536 1148 jucunditatem
1567 1069 1802 1136 audeat,
1833 1065 1982 1122 nihil

344 1180 433 1231 est
461 1170 973 1230 mirandum.Cum
1003 1167 1165 1223 enim
1197 1167 1405 1237 sponte
1440 1177 1548 1218 sua
1574 1159 1836 1216 tenebris
1866 1157 1988 1212 illis

345 1283 474 1322 sese
505 1264 630 1336 ipse
661 1258 1040 1325 immerserit,
1073 1271 1216 1312 sane
1260 1255 1464 1310 volens
1492 1251 1838 1324 pravitatem
1868 1261 1989 1302 non

346 1355 569 1428 effugit,
599 1371 709 1410 nec
758 1351 1088 1406 claritatem
1135 1345 1422 1419 quaesivit,
1455 1343 1558 1399 sed
1583 1339 1843 1414 perstitit
1871 1338 1990 1393 illis

346 1444 490 1517 ipsis
513 1459 641 1500 sese
674 1440 978 1498 oblectans
1007 1436 1288 1504 miseriis,
1338 1435 1400 1489 in
1443 1449 1590 1504 quas
1619 1431 1823 1502 utique
1854 1445 1993 1499 pro-

346 1536 546 1609 lapsus
579 1539 684 1590 est.
719 1533 1068 1603 Quicunque
1115 1545 1290 1601 porro
1341 1530 1540 1580 mente
1571 1521 1800 1595 praediti
1835 1523 1992 1587 sunt,

349 1625 508 1683 haud
562 1639 890 1680 consonum
945 1619 1163 1676 rationi
1217 1616 1418 1684 fuerit,
1477 1617 1542 1669 ut
1599 1612 1690 1667 vel
1731 1609 1897 1665 inviti
1928 1623 1997 1662 ea

353 1713 779 1786 adipiscantur,
830 1727 960 1781 quae
1011 1705 1326 1763 voluntatis
1376 1700 1621 1759 arbitrio
1671 1702 1809 1755 sunt
1856 1695 1999 1752 sub-

341 1804 540 1876 jecta;
575 1819 704 1874 qum
737 1801 897 1856 enim
930 1797 1201 1870 quisquis
1240 1792 1454 1866 rejicit,
1485 1803 1863 1862 nequaquam
1893 1801 1999 1858 par

352 1875 460 1962 est,
494 1899 560 1950 ut
589 1909 794 1951 eorum
824 1890 1120 1964 particeps
1149 1887 1277 1960 ipse
1317 1884 1542 1941 evadat.
1574 1883 1701 1936 Non
1734 1883 1860 1934 erat
1888 1875 2000 1949 igi-

350 1991 621 2052 turere,
683 1979 758 2038 ad
812 1979 1033 2035 laetitiae
1091 1975 1420 2032 convivium
1471 1975 1800 2043 apostatam
1832 1966 1998 2022 illum

349 2072 653 2141 advocare,
679 2069 780 2142 qui
807 2085 915 2125 nec
937 2065 1150 2141 gaudio
1173 2063 1312 2120 inde
1337 2063 1581 2118 allectus
1609 2061 1738 2132 ipse
1767 2057 1996 2125 fuisset,

350 2183 461 2221 nec
509 2163 796 2220 astitisset
839 2159 1073 2216 lubens.
1125 2154 1378 2212 Perinde
1430 2153 1588 2208 enim
1635 2165 1818 2223 prope
1849 2147 1998 2202 fuis-

353 2259 462 2324 set,
495 2271 562 2309 ac
593 2253 642 2308 si
673 2251 808 2322 quis
837 2265 1004 2304 suem
1049 2262 1213 2303 coeno
1258 2242 1614 2317 gaudentem
1637 2236 1998 2312 jucunditati

350 2343 567 2399 florum
597 2340 979 2406 immitteret;
1033 2353 1149 2406 quo
1196 2349 1337 2388 sane
1385 2345 1578 2400 neque
1627 2333 1856 2400 gratum
1887 2324 2000 2396 ipsi

351 2431 578 2503 aliquid
607 2429 846 2492 faceret,
871 2444 904 2482 a
928 2425 1050 2481 suis
1080 2423 1250 2478 illum
1281 2419 1512 2475 deliciis
1542 2415 1596 2471 vi
1627 2415 1998 2482 abstrahens,

351 2528 410 2579 et
437 2525 742 2593 pratorum
771 2513 1063 2572 venustati
1088 2511 1334 2567 inferret
1354 2506 1658 2580 injuriam.
1681 2507 2002 2576 Propterea

353 2630 388 2670 a
404 2592 704 2668 communi
729 2605 997 2664 omnium
1015 2601 1226 2676 gaudio
1244 2597 1464 2655 mansit
1479 2592 2000 2665 exclusus,quippe

354 2702 455 2774 qui
497 2697 730 2756 etiamsi
781 2695 992 2751 fuisset
1034 2694 1294 2758 vocatus,
1346 2687 1614 2742 affuisset
1659 2683 1896 2748 invitus,
1944 2685 2003 2735 et

354 2771 571 2864 probro
603 2789 838 2842 futurus
870 2786 1064 2848 esset;
1115 2779 1219 2836 sed
1266 2781 1326 2833 in
1362 2775 1645 2848 judicium
1675 2774 1863 2842 magni
1891 2771 2001 2826 diei

351 2879 586 2937 vinculis
615 2877 834 2932 aeternis
883 2873 980 2930 sub
1038 2871 1280 2941 caligine
1297 2867 1342 2901 ⁵¹
1402 2870 1737 2922 reservatus
1769 2866 1876 2930 est,
1909 2861 2002 2915 in-

354 2973 502 3046 quit,
535 2972 836 3044 apostolus
883 2965 1084 3032 Judas,
1137 2967 1196 3018 et
1253 2961 1313 3046 in
1371 2959 1554 3030 ignem
1586 2957 1692 3026 ipsi
1715 2958 1996 3024 paratum,

2162 882 2233 938 Δ“.
2285 881 2348 939 Εἰ
2397 880 2474 953 δὶ,
2522 881 2737 939 πάντων
2791 882 2884 956 μὶν
2941 885 3048 938 τῶν
3110 877 3281 937 ὄντων
3329 885 3507 959 χαρᾶς
3535 879 3751 938 ἀπολα-

2093 967 2323 1045 ϐόντων,
2385 971 2498 1028 οὐδ’
2556 973 2710 1049 ἐγγὺς
2767 972 2968 1050 γίνεται
3027 979 3127 1042 τῆς
3180 972 3510 1046 ὣραςὸτῆς
3549 971 3748 1034 κακίας

2095 1057 2452 1138 δημιουργὸς,
2509 1061 2814 1135 θαυμαστὸν
2873 1059 3048 1118 οὐδέν.
3106 1061 3278 1118 Ἑκὼν
3337 1061 3440 1136 γὰρ
3490 1062 3646 1124 οὗτος
3681 1062 3749 1116 τὸ

2097 1149 2288 1215 σκότος
2343 1152 2549 1220 παθὼν,
2613 1151 2773 1220 ἑκὼν,
2848 1151 2909 1206 οὐ
2983 1147 3199 1228 διέφυγε
3254 1151 3354 1220 τήν
3414 1149 3746 1226 μοχθηρίαν.

2098 1237 2222 1296 οὐδὲ
2283 1241 2382 1311 τὴν
2471 1239 2834 1314 λαμπρότητα
2920 1239 3270 1312 ιπεζήτησεν,
3345 1239 3474 1295 ἀλλ’
3540 1239 3751 1313 ἔμεινεν

2100 1327 2397 1407 ἐντρυφῶν,
2456 1331 2595 1406 ᾗπερ
2648 1327 2997 1402 ἐμπέπτωκεν
3053 1326 3362 1400 ἀθλιότητι.
3423 1331 3492 1386 Ἃ
3541 1328 3599 1384 δὲ
3639 1333 3754 1385 τῶν

2102 1418 2332 1474 ἑκόντων
2377 1417 2429 1474 ἐν
2480 1425 2597 1480 τοῖς
2655 1423 2782 1474 νοῦν
2839 1412 3078 1494 ἔχουσιν,
3129 1419 3305 1494 εὑρεῖν
3334 1420 3552 1490 ἄκοντα,
3587 1418 3758 1494 λόγον

2103 1507 2202 1564 οὐκ
2255 1506 2314 1562 ἂν
2373 1506 2460 1578 εἶή
2521 1512 2710 1577 σῶζονο
2776 1506 2809 1561 ἃ
2866 1508 2970 1585 γάρ
3022 1527 3107 1570 τις
3181 1508 3500 1576 ἀπωθεῖται,
3564 1503 3758 1563 λαϐεῖν

2104 1599 2208 1654 οὐκ
2237 1592 2336 1656 ἔνι.
2391 1595 2593 1655 Καλεῖν
2650 1595 2753 1672 ἄρα
2809 1597 2946 1670 πρὸς
3005 1593 3265 1670 εὗωχίαν,
3366 1600 3506 1672 μήτε
3537 1597 3756 1676 χαίρων

2105 1689 2133 1744 ὁ
2164 1687 2494 1760 ἀποστάτης,
2555 1688 2696 1762 μήτε
2746 1687 2973 1762 γνώμην
3033 1684 3218 1749 διδοὺς
3265 1687 3357 1758 ἦν,
3411 1687 3602 1765 πόῤῥω
3640 1693 3756 1743 τῶν

2028 1751 2074 1817 Β
2106 1777 2447 1835 ἀκολούθων.
2501 1776 2737 1852 Ἐγίνετο
2811 1775 2912 1850 γὰρ
2986 1778 3044 1830 ἂν
3099 1751 3532 1851 Trapani-demi.
3569 1775 3758 1852 ὥσπερ

2108 1867 2160 1924 εἷ’
2209 1888 2292 1929 τις
2349 1871 2566 1943 χοῖρον,
2625 1861 2882 1941 βορϐόρῳ
2941 1865 3224 1940 χαίροντα,
3259 1865 3343 1920 ἐπ’
3399 1865 3596 1920 ἀνθέων
3626 1865 3756 1940 ἄγοι

2103 1958 2462 2034 τερπνότήτα,
2530 1957 2658 2028 μήτ’
2737 1953 2940 2010 ἐκεῖνον
3010 1953 3332 2033 εὐφραίνων,
3399 1959 3506 2010 τῶν
3577 1953 3755 2032 φίλων

2105 2047 2378 2127 ἀφέλκων,
2447 2044 2537 2100 καὶ
2596 2048 2702 2099 τῶν
2767 2043 3054 2118 λειμώνων
3121 2039 3358 2121 ὑϐρίζων
3413 2046 3514 2116 τήν
3565 2046 3760 2121 χάριν.

2109 2137 2204 2194 Διὰ
2230 2141 2390 2192 τοῦτο
2449 2131 2550 2206 ἔξω
2613 2135 2707 2208 μὲν
2765 2141 2866 2204 τῆς
2918 2135 3262 2210 παγκοσμίου
3292 2140 3490 2211 χαρᾶς,
3525 2135 3600 2197 ὡς
3633 2134 3764 2190 οὔτε

2109 2225 2302 2294 θέλων,
2357 2225 2446 2280 καὶ
2503 2218 2904 2299 προσυϐρίσων,
2962 2222 3062 2298 εἴγ’
3119 2223 3404 2294 ἐκέκλητο,
3436 2227 3761 2297 τετήρηταιο

2109 2315 2186 2377 εἷς
2254 2313 2309 2370 δὲ
2373 2313 2549 2390 κρίσιν
2619 2311 2869 2388 μεγάλης
2951 2312 3160 2388 ἡμέρας
3257 2311 3476 2388 δεσμοῖς
3562 2312 3770 2377 ἀϊδίοις

2111 2405 2215 2460 ὑπὸ
2269 2402 2456 2481 ζόφον,
2506 2399 2716 2464 Ἰούδας
2763 2403 2926 2482 φησὶν
2963 2403 2991 2457 ὁ
3023 2401 3354 2473 ἀπόστολος,
3390 2404 3480 2458 καὶ
3507 2403 3570 2458 τὸ
3602 2406 3770 2472 ἡτοι-

2113 2493 2388 2568 μασμένον
2445 2495 2573 2568 πῦρ,
2633 2493 2709 2554 ὡς
2769 2490 2820 2546 ἐν
2888 2491 3241 2568 Εὐαγγελίοις
3313 2489 3596 2564 ἀκούομεν.
3659 2494 3758 2546 Ὧν

2109 2585 2211 2660 γὰρ
2242 2581 2654 2656 ἀπειλουμένων
2687 2581 2724 2652 ἤ
2754 2580 3110 2656 καλουμένων
3165 2583 3200 2652 ἠ
3251 2579 3536 2657 διόρθωσις
3579 2582 3762 2638 τίκτε-

2107 2695 2218 2748 ται,
2279 2671 2368 2728 καί
2430 2677 2614 2742 τοῦτο,
2681 2673 2909 2728 καθόσον
2971 2673 3223 2747 ἑκατερον
3283 2672 3542 2750 ἐγχωρεῖ,
3584 2675 3619 2742 ἢ
3663 2673 3763 2728 καὶ

2111 2764 2302 2838 ἄμφω,
2342 2763 2551 2818 τούτων
2609 2762 2692 2817 ἀεὶ
2745 2766 2826 2834 τῷ
2882 2767 2998 2834 Θεῷ
3057 2761 3230 2836 μέλει·
3293 2764 3412 2824 οἷος
3471 2761 3528 2817 δὲ
3586 2764 3661 2836 μὴ
3693 2763 3764 2818 τὸ

2110 2859 2408 2931 σωφρονεῖν
2464 2851 2682 2922 ἐκεῖθεν,
2743 2849 2972 2927 ὄλεθρος
3029 2855 3063 2922 ἡ
3125 2849 3411 2926 ἐπίκρισις.
3481 2851 3570 2907 καὶ
3629 2853 3758 2906 τοῦ-

2108 2965 2215 3000 των
2245 2939 2497 3018 ἑκατέρου
2527 2947 2798 3000 Νινευῖται
2834 2944 3103 3017 μάρτυρες
3132 2943 3220 2996 καὶ
3256 2940 3574 3016 Σοδομῖται.

351 3063 504 3118 sicut
532 3062 594 3115 in
625 3056 952 3128 Evangeliis
998 3051 1251 3122 legimus
1302 3045 1368 3104 ⁸³.
1415 3045 1648 3100 Etenim
1699 3043 1748 3096 si
1799 3041 1930 3110 quis
1987 3035 2402 3102 emendantur,
2455 3033 2542 3089 vel
2589 3033 2767 3088 nimis
2797 3033 3104 3088 conterriti
3137 3035 3226 3089 vel
3257 3035 3416 3090 suavi
3457 3035 3761 3090 vocatione

350 3149 606 3217 attracti,
637 3153 940 3215 utcunque
971 3141 1030 3196 id
1063 3141 1182 3194 sive
1214 3135 1500 3192 alterutro
1531 3139 1786 3199 tantum,
1817 3127 1905 3183 vel
1933 3131 2185 3196 utroque
2213 3124 2388 3180 modo
2421 3128 2744 3196 contingat,
2779 3139 2985 3179 eorum
3018 3125 3170 3179 Deus
3203 3141 3514 3195 nunquam
3555 3141 3766 3180 curam

354 3255 477 3295 non
507 3213 695 3309 gerit;
729 3235 779 3288 si
809 3213 943 3304 quis
993 3233 1191 3285 autem
1237 3225 1374 3280 inde
1425 3240 1546 3278 non
1588 3220 1900 3292 resipiscat
1947 3217 2079 3287 (81),
2139 3216 2200 3270 in
2249 3213 2576 3286 perniciem
2617 3213 2915 3284 judicium
2965 3213 3250 3280 vertitur;
3284 3219 3342 3268 et
3379 3214 3490 3269 hoc
3521 3214 3768 3286 quidem

350 3333 672 3396 utrumque
697 3320 967 3378 Ninivitw
1001 3333 1067 3374 ac
1095 3315 1412 3372 Sodomitm
1443 3315 1757 3368 testantur.

425 3415 490 3472 V.
524 3386 636 3469 Sed
667 3409 997 3484 praesertim
1019 3405 1186 3462 nullo
1208 3419 1449 3478 prorsus
1473 3399 1646 3456 modo
1669 3397 1994 3462 decebat,u1

2118 3480 2132 3484 Δ
2187 3397 2262 3450 E‘.
2294 3388 2544 3484 Ἄλλως.
2571 3409 2629 3446 τε
2674 3387 2764 3445 καὶ
2813 3387 2927 3445 οὐδ’
2976 3390 3037 3446 ἂν
3080 3386 3304 3453 εἰκότως
3332 3397 3412 3465 τῷ
3442 3397 3598 3468 χορῷ
3633 3407 3766 3447 συν·

354 3503 712 3562 exstantium
757 3499 1022 3555 omnium
1070 3495 1250 3552 choro
1295 3492 1717 3565 adjungeretur
1745 3487 1869 3554 ille,
1902 3485 2003 3558 qui

352 3612 488 3652 cum
518 3593 590 3648 ab
625 3609 715 3656 eo,
747 3590 848 3661 qui
880 3603 987 3644 sua
1023 3589 1238 3641 natura
1283 3580 1586 3638 beatitudo
1619 3583 1708 3634 est
1734 3595 1802 3634 ac
1828 3577 2004 3650 plena

351 3686 476 3752 lux,
507 3680 842 3748 recesserit,
885 3682 941 3733 et
989 3675 1173 3748 caligo
1224 3673 1350 3745 ipse
1400 3671 1644 3726 eii‘ectus
1676 3673 1783 3736 est,
1818 3673 1874 3722 et
1903 3666 2000 3722 da-

349 3781 472 3830 tam
503 3771 617 3828 sibi
651 3765 1003 3824 naturaliter
1049 3759 1420 3834 intelligendi
1451 3759 1589 3826 vim,
1621 3757 1682 3812 in
1727 3755 1807 3824 id,
1841 3753 2000 3826 quod

351 3866 441 3920 est
469 3860 746 3926 nihilum,
776 3855 1040 3922 insumit,
1063 3849 1564 3926 quemadmodum
1597 3846 1830 3902 divinus
1861 3860 2002 3915 quo-

355 3971 469 4025 que
502 3953 602 4008 ille
636 3951 924 4006 Maximus
955 3944 1168 4000 alicubi
1198 3943 1389 4004 dixit;
1411 3938 1657 4013 perinde
1677 3937 1904 3992 scilicet
1933 3953 2000 3991 ac

352 4040 620 4096 lucidum
651 4054 772 4092 non
803 4042 914 4100 est,
948 4032 1242 4104 quidquid
1273 4047 1342 4086 eo
1375 4035 1555 4095 caret,
1588 4045 1622 4082 a
1648 4043 1764 4098 quo
1797 4025 2000 4079 lumen

353 4129 624 4202 accipiat,
657 4141 766 4182 nec
797 4124 992 4179 vivens
1041 4126 1148 4191 est,
1183 4118 1454 4190 quisquis
1484 4133 1518 4172 a
1547 4117 1676 4171 vitae
1709 4113 1998 4186 principio

355 4201 704 4292 sejungitur.
741 4215 926 4279 Quam
975 4209 1154 4266 etiam
1203 4207 1276 4262 ob
1329 4221 1588 4274 causam,
1620 4207 1688 4258 ut
1725 4201 1998 4268 arbitror,

351 4291 506 4367 Deus
564 4313 760 4364 cuncta
814 4303 972 4361 valde
1004 4302 1150 4357 bona
1207 4296 1528 4371 appellavit
1552 4293 1600 4328 ⁵³
1644 4299 1780 4366 post
1834 4291 2000 4347 illam

353 4402 635 4470 apostatai
675 4395 936 4463 ruinam,
959 4395 1276 4464 propterea
1315 4387 1545 4443 scilicet
1573 4385 1732 4458 quod
1760 4401 1795 4440 a
1823 4383 2003 4438 bono-

351 4503 486 4544 rum
517 4489 671 4540 cuatu
717 4488 923 4538 auctor
975 4480 1077 4534 ille
1135 4478 1430 4534 malorum
1459 4476 1692 4531 avulsus
1724 4478 1901 4541 esset,
1933 4488 2002 4528 ac

2114 3480 2292 3552 δεθείη
2350 3485 2456 3536 τῶν
2517 3476 2708 3546 ὄντων,
2768 3484 2865 3534 τοῦ
2925 3481 3193 3556 μακαρίου
3231 3480 3641 3560 καὶπαμφαοῦς
3671 3479 3764 3536 ὅν.

2111 3591 2202 3634 τος
2233 3570 2494 3642 ἀποστὰς,
2545 3571 2707 3649 ζόφος
2754 3591 2813 3626 τε
2858 3572 3122 3646 γεγονὼς,
3175 3571 3264 3625 καὶ
3311 3571 3435 3646 περὶ
3485 3571 3547 3626 τὸ
3588 3574 3664 3645 μὴ
3701 3570 3766 3630 ὃν

2105 3663 2202 3730 τὴν
2251 3657 2494 3715 δοθεῖσαν
2541 3659 2694 3732 αὐτῷ
2739 3659 2875 3716 κατὰ
2925 3679 3080 3739 φυσιν
3120 3661 3309 3736 γοερὰν
3352 3657 3602 3715 δαπανῶν
3655 3657 3760 3715 δύ-

2105 3770 2289 3822 ναμιν,
2347 3747 2422 3810 ὣς
2475 3769 2582 3804 που
2659 3747 2749 3803 καὶ
2823 3749 3075 3821 Μάξιμος
3132 3752 3160 3804 ὁ
3209 3750 3487 3810 θεσπέσιος
3543 3747 3756 3823 εἰρηκει

2105 3840 2342 3913 καθάπερ
2403 3838 2464 3893 οὐ
2518 3837 2802 3915 φωτεινὸν,
2879 3836 2908 3892 ὃ
2983 3843 3080 3893 τοῦ
3139 3839 3466 3916 φωτίζοντος
3521 3837 3764 3914 ἔρημον,

2107 3927 2234 3986 οὐδὲ
2292 3932 2394 3998 ζῶν
2429 3929 2456 3983 ὁ
2515 3931 2589 4001 μὴ
2654 3932 2734 4000 τῷ
2777 3933 2880 3996 τῆς
2939 3930 3081 3997 ζωῆς
3139 3927 3298 4001 αἰτίῳ
3329 3929 3525 3984 συνών.
3560 3929 3638 3982 Δι’
3669 3927 3760 3996 ὃν,

2107 4018 2286 4090 οἶμαι,
2350 4015 2518 4092 λόγον
2587 4019 2678 4070 καὶ
2749 4016 2886 4089 μετὰ
2949 4015 3041 4070 τὸν
3097 4016 3340 4091 κρημνὸν
3405 4015 3604 4072 ἐκεῖνον
3658 4021 3763 4072 τοῦ

2107 4106 2413 4162 ὰποστάτου
2490 4105 2624 4160 κατὰ
2702 4106 2818 4177 μεθ’
2898 4100 3212 4178 ὑπερϐολῆς
3287 4107 3314 4160 ὁ
3391 4105 3520 4167 Θεὸς
3581 4107 3768 4162 πάντα

2105 4203 2419 4275 προσεῖπεν,
2479 4199 2571 4252 ἅτε
2625 4201 2723 4251 τοῦ
2771 4194 2977 4252 κύκλου
3034 4202 3143 4252 τῶν
3201 4196 3386 4254 καλῶν
3439 4197 3766 4272 ἐκραγέντος

2103 4293 2200 4344 τοῦ
2252 4288 2586 4362 ἀρχεκάκου,
2644 4285 2736 4341 καὶ
2798 4285 2960 4341 οἱονεὶ
3034 4289 3382 4360 τεθνηκότος,
3442 4287 3476 4358 ἢ
3539 4285 3766 4362 μᾶλλον

2108 4375 2514 4459 διαφθαρέντος,
2574 4376 2666 4432 καὶ
2719 4373 2808 4430 διὰ
2856 4379 3022 4432 τοῦτο
3081 4380 3211 4431 πᾶσι
3284 4379 3360 4452 μὴ
3426 4397 3768 4456 περιγραφο-

2115 4465 2281 4540 μένου
2308 4469 2425 4527 τοῖς
2459 4465 2631 4522 οὖσιν.

351 4571 784 4650 propemodum
809 4573 1100 4638 mortuus,
1134 4583 1238 4623 seu
1269 4565 1464 4638 potius
1512 4569 1826 4637 corruptus
1873 4565 2050 4632 atque
2099 4558 2244 4614 adeo
2280 4557 2438 4612 inter
2482 4556 2714 4628 reliqua
2743 4555 2964 4627 omnia,
2997 4573 3128 4628 qua:
3153 4560 3475 4625 exstarent,
3508 4555 3766 4614 minime

348 4664 682 4722 recensitus
712 4661 843 4733 (82).

421 4766 468 4803 ⁵ο
499 4768 666 4822 Rom.
700 4777 822 4830 vin,
850 4762 940 4820 21.
1015 4758 1059 4796 δι
1091 4755 1220 4814 Jud.
1254 4757 1307 4812 6.
1384 4754 1433 4790 ⁵³
1465 4755 1667 4811 Matth.
1695 4771 1823 4822 xxv,
1858 4754 1946 4809 41.

2023 4750 2070 4786 ⁸⁸
2099 4751 2240 4808 Gen.
2275 4765 2314 4814 ι,
2349 4750 2437 4804 31.

1669 4855 1813 4914 Ant.
1875 4849 2177 4912 Ballerini
2241 4851 2431 4910 notae.

418 4975 529 5046 (81)
559 4973 640 5029 Ex
670 4971 763 5027 his
790 4964 1294 5046 patet,__ls.idorur‘n
1315 4960 1388 5018 ab
1412 4961 1488 5046 ii‘s‘
1515 4961 1990 5046 nondissentire,
2025 4960 2070 5026 D
2105 4955 2344 5046 nomiaa,
2377 4970 2556 5026 quam
2577 4955 2858 5046 cuiusuis
2887 4953 3172 5010 creaturis
3193 4954 3346 5046 Deus
3372 4949 3661 5019 servarit),
3695 4949 3764 5008 id

349 5033 448 5120 qui
479 5033 710 5120 putant,
743 5033 920 5120 etiam
951 5033 1208 5120 diabolo,
1233 5035 1374 5091 dum
1397 5034 1588 5116 adbuc
1608 5033 1796 5120 viator
1816 5036 1992 5120 esset,

344 5104 451 5191 per
467 5104 724 5174 divinam
741 5113 1316 5191 elementiam,quam
1333 5107 1604 5191 pervicax
1618 5104 1991 5191 cpntempsit,

346 5175 605 5261 aliquem
637 5183 1028 5261 resipiscendi
1079 5175 1278 5237 locum
1335 5175 1610 5261 relictum
1641 5177 1822 5232 fuisse
1855 5175 1992 5245 (vid.

347 5250 576 5327 Suarez,
604 5264 670 5315 Dc
701 5250 1069 5330 angelis,_lib.
1102 5270 1218 5322 vm,
1251 5271 1376 5324 cap.
1405 5254 1453 5330 1)
1481 5267 1493 5304 :
1519 5255 1575 5304 et
1597 5250 1711 5330 buc
1744 5253 1990 5329 spectat,

347 5334 503 5400 quod
564 5321 801 5387 auctor"
825 5321 995 5402 paulo
1055 5321 1214 5402 ante;
1249 5321 1620 5402 priemiscrat
1672 5321 1985 5402 inquiens:

347 5392 592 5456 Perstitit
623 5405 733 5457 illis
762 5392 1074 5457 se‘miseriis
1127 5392 1420 5454 obiectans.
1456 5398 1510 5448 in
1543 5410 1678 5463 quas
1704 5392 1992 5463 prolapsus

341 5477 549 5542 fuerat.
609 5474 795 5544 Quod,
832 5490 968 5544 ergo
1031 5470 1195 5525 addit
1251 5461 1884 5544 Isidorus—diabolum
1917 5461 1987 5516 ad

345 5536 727 5625 communem
785 5536 1052 5598 laetitiam
1083 5545 1383 5625 ‘vocatum
1403 5609 1418 5625 ἱ
1442 5554 1561 5619 non
1597 5536 1804 5618 fuisse
1836 5539 1990 5605 (quae

343 5613 587 5699 quidem
607 5614 806 5699 potius
823 5629 1010 5699 quam
1031 5612 1104 5669 ad
1123 5617 1363 5699 tempus
1382 5607 1699 5699 dominicas
1721 5607 1991 5660 incarna-

341 5677 542 5754 tionis,
567 5677 882 5744 réferenda
900 5682 1229 5757 generatim
1253 5677 1404 5739 sunt
1432 5678 1506 5736 ad
1535 5677 1807 5734 ordinem
1839 5692 1989 5732 ωοο-

2104 5045 2225 5110 non
2273 5021 2346 5110 de
2393 5021 2624 5110 negata
2655 5027 2856 5110 aliqua
2901 5027 3204 5110 vocatione
3237 5023 3312 5080 ad
3340 5021 3763 5110 pmnitentiam

2104 5093 2515 5172 accipiendum
2543 5103 2653 5168 est,
2687 5093 2800 5172 sed
2821 5097 2892 5172 de
2923 5098 3267 5172 exclusione
3287 5112 3321 5151 a
3340 5093 3760 5168 participando

2102 5169 2313 5242 gaudio
2346 5170 2505 5241 quod
2525 5169 3074 5242 reconciliationem
3104 5169 3392 5242 sequitur.

2173 5243 2282 5313 (82)
2319 5240 2451 5297 lii-nc
2479 5241 2706 5296 scilicet
2735 5257 2803 5296 eo
2837 5258 3014 5297 sensu
3045 5240 3390 5311 accipienda
3411 5243 3760 5313 sunt,quem

2099 5315 2156 5370 S.
2199 5311 2448 5368 Thomas
2481 5313 2576 5382 (De
2607 5313 2736 5367 mai.
2789 5329 2844 5382 q.
2884 5315 2968 5378 16,
2999 5319 3107 5367 art.
3144 5317 3196 5377 ὅ,
3238 5313 3312 5367 ad
3351 5313 3395 5380 Ι)
3428 5312 3510 5366 sic
3545 5311 3758 5366 eiTert:

2099 5387 2251 5466 Bona
2281 5385 2571 5466 neutralia
2601 5385 2660 5466 in
2689 5385 3128 5466 angelis‘imulisi
3155 5391 3278 5437 sum
3314 5386 3528 5452 integra
3571 5399 3763 5452 quan-

2101 5463 2210 5509 tum
2245 5457 2444 5508 attinet
2474 5455 2542 5508 ad
2566 5461 2780 5509 naturae
2810 5456 3096 5522 ordinem;
3121 5469 3245 5512 sun!
3269 5461 3444 5510 tamen
3470 5461 3762 5523 corrupta,

2098 5527 2182 5581 vel
2213 5527 2538 5610 depravata,
2569 5541 2664 5610 seu
2695 5529 2990 5610 imminuta
3032 5545 3139 5598 per
3186 5528 3651 5598 comparationem
3684 5529 3765 5582 ad

2098 5599 2460 5668 capacitatem
2490 5599 2685 5667 gratiae
2715 5599 2801 5654 vel
2821 5598 3032 5672 gloriae.
