4090 6208
259 359 332 416 ’Π
1078 355 1347 418 SERMO
1388 357 1465 417 IN
1512 357 2257 420 ANNUNTIATIONEM
2302 359 2374 419 B.
2422 360 2497 422 V.
2544 358 2844 422 MARIIE.
3596 375 3675 436 78

334 493 408 554 ς’.
443 488 655 558 Ἐξ²ὦν
713 485 771 542 δὶ
837 488 929 542 καὶ
985 486 1242 564 ἀνωτέρω
1305 489 1642 568 πρόεφημεν,
1674 490 1758 547 ὅτι
1810 497 1890 559 τῆ

2104 495 2191 548 Vl.
2236 495 2319 548 Ex
2370 493 2443 549 iis
2501 512 2698 566 porro,
2762 513 2891 566 quas
2961 502 3021 553 et
3076 500 3350 571 superius
3398 504 3676 577 diximus,

268 582 574 654 ἅπανταχοῦ
622 576 972 648 διαδοθείσης
1021 583 1195 654 χαρᾶς
1254 578 1415 653 μόνος
1464 580 1492 634 δ
1526 578 1714 643 δόλιος
1762 580 1915 656 ἄγεθ’

271 692 415 739 στος,
440 676 541 725 τῶν
572 690 628 724 τε
673 667 785 738 ἤδη
849 669 1264 743 ῥηθησομένων,
1313 672 1461 724 τοῦτ’
1507 671 1569 725 ἄν
1617 693 1701 733 τις
1731 670 1906 727 αἶ’τιον

270 758 378 814 ἴδοι
442 765 675 827 σκοπεῖν,
741 759 829 813 καὶ
902 757 1055 821 ὅπως
1116 759 1209 814 τὸν
1270 758 1556 834 ἄνθρωπον
1616 761 1748 822 Θεὸς
1811 761 1907 827 μὲν

269 846 455 905 ἔσωσεν
492 846 810 919 ἐκπεσόντα,
849 848 942 902 τὸν
986 846 1044 903 δὲ
1098 847 1356 922 τύραννον
1413 848 1511 904 οὐκ
1565 849 1905 923 ἀνώρθωσεν.

267 936 432 1011 Ἀδὰμ
496 939 593 1009 μὲν
654 938 761 1013 γὰρ
820 940 913 992 καὶ
972 939 1008 1006 ἡ
1070 937 1269 1012 βοηθὸς
1338 933 1462 992 οὔτε
1515 939 1645 1013 παρ’
1701 938 1905 993 ἑαυτῶν

254 1025 686 1099 ἐκαινοτόμησαν
734 1026 797 1080 τὸ
861 1023 1058 1097 δεινὸν,
1113 1026 1204 1079 καὶ
1259 1024 1559 1088 κλαπέντες
1628 1022 1739 1081 οὔτ’
1803 1025 1903 1081 ἄλ-

254 1116 363 1177 λοις
445 1116 707 1192 φθονερὸν
785 1113 1070 1191 ἐπαφῆκαν
1149 1114 1334 1189 βέλος
1412 1116 1502 1169 κ.ιί
1579 1112 1903 1190 ἐκρύϐησαν,

248 1209 373 1279 ὅπερ
410 1204 769 1279 ὀδυρομένων
802 1206 869 1274 ἦν
898 1208 1000 1276 τὴν
1044 1206 1255 1277 ἀπάτην
1308 1206 1399 1260 καὶ
1446 1207 1546 1274 τήν
1597 1208 1901 1283 συμφοράν.

246 1298 589 1371 ᾝσχῦνοντο
620 1296 728 1373 γὰρ
769 1293 863 1351 διὰ
908 1296 1009 1364 τήν
1065 1297 1371 1371 γύμνωσιν,
1428 1295 1623 1350 ὡσανεὶ
1680 1296 1903 1357 ἑαυτοὺς

246 1387 505 1463 ἀφανίσαι
545 1387 907 1461 πειρώμενοι,
942 1388 1032 1441 οἷα
1099 1386 1215 1449 ἀνθ’
1263 1383 1420 1455 οἵων,
1464 1384 1723 1460 αἴσχιστα
1753 1386 1905 1449 ὃπως

240 1476 352 1531 ἀιστὲ
390 1481 611 1547 σεμνῶν
645 1473 885 1545 εἵλοντο,
920 1472 1267 1547 δακνόμενοι.

2026 584 2189 652 quod
2221 600 2433 655 nempe
2467 585 2629 640 solus
2662 586 2766 641 ille
2798 586 3039 643 dolosus
3086 591 3285 661 gaudii
3317 593 3537 665 ubique
3570 597 3676 652 dif-

2022 673 2139 728 fusi
2176 674 2471 744 particeps
2530 676 2876 732 nullatenus
2920 679 3120 747 fuerit,
3173 687 3229 735 et
3278 700 3348 737 ex
3388 684 3481 752 iis,
3544 703 3674 757 quas

2020 778 2156 816 mox
2186 761 2442 818 dicenda
2472 769 2665 833 erunt,
2693 781 2954 835 causam,
2979 785 3085 822 cur
3113 771 3267 825 Deus
3289 770 3521 843 lapsum
3544 776 3674 846 qui-

2019 852 2156 907 dem
2184 853 2491 910 hominem
2523 856 2871 926 restituerit,
2907 862 3229 929 tyrannum
3261 878 3400 917 vero
3432 881 3467 919 a
3497 864 3667 936 lapsu

2017 958 2139 997 non
2181 944 2456 1011 erexerit,
2516 944 2670 1000 hanc
2720 946 2989 1016 quisquis
3037 950 3377 1020 perspicere
3427 956 3662 1024 poterit.

2017 1031 2321 1102 Siquidem
2341 1033 2550 1101 Adam,
2576 1039 2634 1089 et
2661 1051 2791 1104 quaa
2816 1034 2896 1090 illi
2920 1036 3057 1093 data
3085 1038 3198 1093 fuit
3226 1042 3572 1110 adjutorinm
3592 1043 3659 1114 5‘,

2015 1136 2209 1190 neque
2242 1137 2312 1176 ex
2342 1138 2402 1176 se
2436 1121 2579 1192 ipsis
2611 1123 2835 1179 malum
2871 1131 3008 1180 sunt
3037 1127 3250 1196 moliti,
3274 1138 3663 1203 neque,post-

2015 1226 2191 1280 quam
2226 1210 2454 1282 decepti
2482 1216 2639 1277 sunt,
2674 1213 2937 1268 invidum
2969 1215 3030 1269 in
3052 1216 3200 1271 alios
3225 1219 3407 1274 telum
3431 1228 3662 1278 contor-

2013 1305 2224 1355 serunt
2250 1318 2265 1365 ;
2296 1300 2371 1355 ad
2404 1302 2550 1366 haec,
2594 1302 3035 1359 absconderant
3081 1324 3233 1373 sese,
3276 1311 3431 1379 quod
3476 1311 3657 1368 immo

2013 1392 2321 1462 proprium
2353 1392 2589 1448 illorum
2621 1400 2728 1461 est.
2767 1396 2865 1466 qui
2891 1413 3152 1454 errorem
3176 1404 3235 1455 et
3259 1401 3660 1461 calamitatem

2009 1480 2847 1551 plorent.Verecundabantur
2867 1487 3027 1542 enim
3048 1494 3291 1560 propter
3303 1491 3656 1563 nuditatem,

239 1574 294 1624 et
322 1567 772 1640 propemodum
817 1584 877 1621 se
930 1567 1089 1637 ipsos
1142 1584 1172 1621 e
1219 1566 1416 1621 medio
1479 1566 1687 1622 tollere
1734 1567 2177 1637 adnitebantur,
2228 1587 2362 1626 cum
2405 1571 2559 1627 acris
2608 1589 2708 1628 eos
2762 1591 2903 1630 cura
2945 1576 3266 1650 morderet,
3320 1582 3478 1652 quod
3533 1583 3660 1640 haec

238 1676 337 1732 pro
374 1658 528 1726 illis,
560 1656 913 1727 turpissima
943 1656 1173 1712 scilicet
1201 1672 1307 1728 pro
1339 1656 1796 1725 honestissimis,
1828 1658 1941 1712 sibi
1974 1658 2310 1731 elegissent.

301 1748 365 1804 Ὁ
401 1743 465 1800 δὲ
510 1748 825 1819 κακοῦργος
889 1745 978 1798 καὶ
1042 1748 1261 1816 πρῶτος
1323 1743 1598 1816 ἐτόλμησε
1651 1745 1752 1813 τὴν
1809 1766 1890 1800 κα·

2088 1752 2195 1805 Ast
2226 1750 2326 1805 ille
2359 1750 2666 1822 improbus
2698 1757 2757 1809 et
2786 1754 3012 1826 primus
3042 1759 3283 1829 quidem
3333 1763 3663 1833 nequitiam

232 1836 377 1907 κίαν,
422 1836 566 1910 πρὸς
606 1830 776 1909 μηδέν
834 1854 890 1887 τι
953 1837 1205 1891 τοιοῦτον
1265 1830 1477 1889 ἀπιδὼν
1534 1833 1903 1910 παράδειγμα,

232 1928 462 2001 ἀγαθῶν
499 1924 613 1999 οὖχ
679 1924 880 1992 ἣκιστα
946 1920 1174 1977 πολλῶν
1239 1921 1633 1993 ἀνθελκόντων,
1690 1920 1898 1979 ἅπαντα

229 2020 338 2093 γὰρ
396 2016 466 2084 ἦν
518 2017 617 2084 τὴν
670 2018 771 2069 τοῦ
819 2011 1207 2090 πλαστουργοῦ
1254 2014 1497 2082 σώζοντα
1548 2017 1751 2091 ψῆφον,
1808 2015 1896 2070 καὶ

232 2106 438 2169 ἄλλοις
466 2109 568 2160 τοῦ
621 2103 893 2177 ποτηρίου
941 2106 1042 2165 τῆς
1095 2104 1406 2178 μοχθηρίας
1459 2100 1745 2177 μετέδωκε.
1793 2105 1895 2161 Καὶ

234 2198 339 2272 οὐχ
375 2194 474 2251 ἕνα
512 2196 551 2264 ἢ
597 2192 694 2248 δύο
750 2192 1083 2266 κρημνίσας,
1123 2192 1159 2261 ἤ
1198 2193 1286 2246 καὶ
1348 2192 1558 2262 ἑκατὸν,
1618 2186 1747 2263 ἔστη
1798 2215 1891 2249 κο-

236 2288 447 2364 ρεσθεῖς
511 2292 611 2343 τοῦ
670 2286 861 2365 φόνου·
923 2283 1054 2339 ἀλλ’
1114 2283 1158 2338 εἷ
1228 2284 1348 2338 οἷόν
1413 2305 1471 2339 τε
1534 2286 1625 2355 ἦν,
1692 2290 1893 2359 πτῶμα

233 2377 473 2433 ἐλεεινὸν
508 2377 829 2450 ἀνθρώπους
859 2379 1146 2448 προθεῖναι
1173 2373 1400 2442 πάντας,
1449 2374 1539 2428 καὶ
1595 2378 1728 2429 Θεοῦ
1771 2396 1895 2452 χω-

236 2477 421 2543 ρῆσαι,
478 2468 576 2522 καὶ
632 2464 821 2541 γεέννῃ
868 2462 1253 2538 παραπέμψαι,
1301 2462 1401 2519 οὐκ
1477 2463 1536 2518 ἅν
1596 2465 1729 2518 εἶναι
1787 2468 1887 2535 τὴν

232 2559 421 2614 κακίαν
453 2559 482 2612 ὁ
536 2556 833 2631 ἀλιτήριος
881 2556 1070 2621 ἱκανὴν
1108 2552 1351 2626 ἐνόμισε·
1393 2568 1602 2631 τρυφήν
1652 2552 1709 2609 δὲ
1741 2553 1883 2627 μᾶλ-

237 2650 329 2705 λον
354 2649 446 2703 καὶ
476 2645 693 2716 ἡδονὴν
720 2646 813 2700 τὸν
848 2647 1086 2701 πλοῦτον
1108 2651 1208 2713 τῆς
1241 2648 1543 2722 συμφορᾶς.
1591 2644 1688 2698 Καὶ
1740 2646 1886 2699 τοῦτ’

234 2742 288 2793 ἂν
339 2739 597 2813 ἐπράχθη
639 2741 721 2808 τῷ
769 2756 832 2810 γε
880 2733 1088 2789 ἐκείνου
1139 2735 1314 2808 μέρει,
1375 2731 1424 2787 εἴ
1473 2736 1549 2807 μὴ
1602 2732 1732 2795 Θεὸς
1780 2734 1881 2801 τὴν

231 2830 392 2883 αὖτοῦ
448 2828 573 2882 καθ’
631 2828 794 2898 ἡμῶν
836 2824 1022 2900 ἐπεῖ-γε
1080 2822 1297 2898 μανίαν,
1354 2824 1452 2891 τὴν
1526 2822 1657 2896 ὑπὲρ
1718 2825 1881 2895 ἡμῶν

228 2920 307 2974 ἀεὶ
334 2918 593 2994 πρόνοιαν
626 2914 1059 2988 ἐνδεικνύμενος.

2018 1844 2107 1895 est
2134 1856 2335 1908 ausus,
2413 1858 2548 1897 cum
2625 1844 2945 1916 quodpiam
3021 1849 3313 1919 ejusmodi
3377 1852 3661 1911 facinoris

2011 1930 2315 2001 exemplar
2339 1949 2457 2003 prae
2490 1933 2678 1988 oculis
2711 1934 2941 1991 nullum
2962 1937 3283 2007 habuisset,
3301 1942 3446 2012 quin
3468 1946 3659 2001 multa

2007 2022 2203 2090 potius
2229 2020 2386 2076 bona
2415 2023 2476 2077 in
2507 2024 2870 2080 contrarium
2902 2026 3097 2098 ipsum
3130 2031 3654 2106 traherent,quan-

2005 2108 2327 2179 doquidem
2351 2111 2675 2168 conditoris
2705 2114 2991 2170 voluntati
3025 2117 3505 2190 obsequebantur
3520 2141 3649 2179 om—

2004 2196 2125 2263 nia,
2161 2202 2220 2252 et
2247 2204 2536 2270 prasterea
2565 2201 2697 2257 aliis
2727 2220 2962 2276 quoque
3007 2207 3287 2278 poculum
3313 2209 3647 2283 iniquitatis

2001 2287 2352 2359 propinavit.
2387 2292 2587 2362 Neque
2615 2308 2750 2348 vero
2783 2294 3077 2365 ejusmodi
3125 2313 3262 2353 eum
3314 2300 3504 2357 cmdes
3552 2319 3649 2359 sa-o

2003 2376 2186 2443 tiavit,
2219 2384 2285 2433 ut
2315 2395 2504 2435 unum
2531 2386 2636 2437 aut
2667 2382 2831 2447 duos,
2866 2390 2967 2440 aut
2998 2387 3175 2443 etiam
3207 2395 3445 2446 centum
3494 2410 3645 2463 praa-

2001 2467 2210 2537 cipites
2240 2467 2429 2536 daret,
2463 2471 2565 2525 sed
2597 2489 2792 2543 neque
2824 2475 2873 2528 si
2906 2477 3197 2546 potuisset
3248 2495 3457 2535 omnes
3488 2498 3651 2553 pror-

1999 2571 2099 2610 sus
2130 2557 2404 2612 homines
2436 2560 2776 2617 miseranda
2798 2563 2971 2620 ruina
2991 2566 3288 2623 involutos
3311 2570 3649 2637 ostendere,

1998 2650 2056 2699 et
2086 2647 2203 2700 Deo
2236 2648 2486 2717 privare,
2536 2654 2593 2703 et
2640 2651 2700 2704 in
2746 2652 3077 2723 gehennam
3127 2657 3478 2727 prorudere,
3532 2675 3653 2715 suas

1997 2736 2140 2789 satis
2171 2737 2443 2806 pravitati
2474 2737 2694 2793 factum
2722 2741 3005 2797 exitiosus
3036 2744 3137 2798 ille
3160 2753 3467 2815 putasset;
3503 2750 3649 2818 quin

1996 2825 2176 2878 etiam
2202 2829 2377 2879 tantm
2410 2826 2662 2881 miserim
2702 2829 3009 2885 cumulum
3063 2850 3198 2888 suas
3253 2836 3354 2889 ille
3408 2837 3651 2892 delicias

1994 2929 2402 2984 summamque
2433 2914 2776 2971 beatitatem
2805 2916 3090 2975 duxisset.
3125 2924 3194 2976 Et
3236 2923 3348 2978 hoc
3380 2925 3642 3009 quidem,

228 3018 513 3082 quantum
547 3026 620 3065 ex
653 3009 783 3080 ipso
816 3011 964 3072 erat,
996 3006 1360 3079 contigisset,
1392 3004 1509 3061 nisi
1541 3006 1715 3073 Deus,
1740 3004 1842 3074 qui
1875 3019 2043 3059 suam
2076 3018 2213 3074 erga
2243 3019 2351 3059 nos
2390 3004 2826 3075 providentiam
2875 3007 3101 3080 jugiter
3146 3011 3427 3082 ostendit,
3478 3004 3643 3113 illius

225 3108 426 3157 contra
454 3118 569 3155 nos
597 3099 862 3154 furorem
895 3095 1277 3152 cohibuisset.

292 3191 429 3245 Εἶτα
458 3188 561 3243 οὐκ
604 3185 923 3261 αἷσχύνεται
969 3188 1194 3240 τοιαῦτα
1241 3182 1513 3259 πράττων·
1550 3181 1665 3238 οὐδ’
1714 3180 1870 3237 ἐλέου
1914 3185 1955 3250 ρ

226 3276 471 3349 διενοήθη
510 3279 755 3351 ῥήματα,
789 3271 905 3330 οὐδ’
931 3273 1017 3329 ὅτι
1046 3272 1113 3328 τὰ
1142 3270 1397 3347 δρώμενα
1445 3271 1736 3349 βδελυκτᾶ,
1789 3269 1880 3326 καὶ

231 3367 411 3440 μίσους
489 3365 668 3440 χείρω
753 3363 979 3427 παντὸς,
1059 3361 1388 3438 κρύπτεσθαι
1484 3359 1876 3435 μεμελέτηκε-θ’

226 3456 362 3512 ἆ).λᾶ
404 3455 867 3531 παρρησιάζεται,
920 3453 1011 3508 καὶ
1057 3451 1247 3527 χαίραι
1294 3457 1364 3526 τῇ
1411 3451 1740 3527 κακουργίᾳ,
1789 3451 1880 3504 καὶ

233 3547 548 3618 σεμνῦνεται
577 3549 698 3605 τοῖς
759 3543 1148 3617 μηχανήμασι,
1196 3540 1286 3595 καὶ
1332 3541 1701 3616 ἀναισχύντως
1751 3539 1877 3602 τοὺς

230 3635 543 3709 ἀμέμπτους
574 3634 846 3703 ἐπιζητεῖ,
885 3632 959 3693 ὡς
1007 3631 1098 3686 καὶ
1157 3633 1192 3701 ἡ
1237 3631 1376 3686 κατὰ
1422 3631 1513 3686 τὸν
1558 3624 1685 3687 Ἰὼϐ
1738 3650 1879 3706 παρα

235 3727 343 3797 ἔστη
355 3748 434 3781 σιν
475 3722 715 3799 ἱστορία.

296 3818 370 3872 Ζ’.
404 3816 505 3870 Διὶ
529 3817 696 3869 τοῦτο
730 3811 1015 3887 ἄνθρωπος
1067 3813 1181 3887 μὲν,
1231 3814 1368 3887 μήτε
1420 3812 1608 3866 κακίαν
1662 3809 1881 3886 ἐξευρηη

229 3908 358 3973 κὼς,
415 3907 559 3979 μήτε
615 3903 875 3981 φανείσης
941 3899 1285 3976 μεταδιδοὺς,
1342 3899 1492 3957 ἀλλὰ
1544 3899 1635 3955 καὶ
1691 3900 1878 3964 παθὼν

232 3998 311 4050 καὶ
343 3992 703 4070 ὀδυρόμενος,
756 3991 941 4048 οἴκτου
990 3990 1079 4045 καὶ
1130 3991 1197 4059 ἦν
1246 3987 1418 4060 ἄξιος,
1466 3990 1553 4044 καὶ
1587 3988 1880 4064 τετύχηκε.

237 4088 522 4160 ΙΙρᾶγματι
578 4087 707 4158 γὰρ,
760 4083 804 4137 εἰ
855 4080 946 4136 καὶ
991 4080 1065 4154 μὴ
1116 4080 1348 4155 ῥήμασι,
1411 4080 1502 4134 τὸν
1560 4075 1714 4133 ἔλεον
1772 4077 1883 4147 ἐξε-

233 4176 469 4231 καλεῖτο.
517 4174 592 4230 Τὸ
653 4167 928 4248 κρυϐῆναι
975 4171 1076 4244 γὰρ
1128 4167 1434 4230 δεικνύντος
1481 4169 1545 4240 ἦν
1609 4166 1743 4242 μέγα
1797 4187 1882 4221 τι·-

236 4268 369 4330 θέναι
398 4266 461 4319 τὸ
495 4261 767 4335 ἀδίκημα,
826 4261 901 4322 ὡς
953 4256 1095 4333 μηδὲ
1144 4261 1293 4336 φωνή
1346 4256 1559 4335 Οαῤῥεῖν
1614 4258 1883 4331 προϊέναι,

238 4356 277 4423 ἢ
327 4356 510 4410 ἑαυτὸν
567 4349 910 4427 παραδεῖξαι.
973 4352 1062 4421 Τῷ
1119 4346 1177 4403 δὲ
1236 4349 1612 4421 παμπονήρῳ,
1670 4348 1738 4402 τὰ
1784 4346 1881 4401 κά-

242 4446 394 4500 κιστά
445 4465 502 4501 τε
566 4440 1012 4514 διανοτισαμένῳ,
1066 4439 1157 4494 καὶ
1221 4440 1337 4502 καθ’
1397 4438 1587 4492 ἑαυτοῦ
1660 4434 1885 4512 διαπρα-

236 4534 458 4609 ξαμένῳ,
490 4534 580 4590 καὶ
617 4537 726 4588 τῶν
784 4529 996 4602 ἄλλων,
1055 4531 1144 4584 καὶ
1198 4526 1324 4603 μηδ’
1382 4529 1563 4582 ὁτιοῦν
1594 4524 1645 4599 ἒξ
1679 4526 1882 4581 ἐκείνου

234 4626 509 4703 καθυοέντι
539 4626 641 4691 τῆς
713 4619 924 4697 μανίας,
982 4620 1264 4693 στέργοντι
1315 4614 1371 4671 δὲ
1417 4616 1517 4684 τὴν
1566 4616 1748 4672 νόσον.
1793 4615 1880 4670 καὶ

240 4712 410 4789 ἰατρὸν
473 4714 814 4788 παρορῶντι,
881 4708 972 4763 καὶ
1028 4708 1119 4762 τὸν
1183 4702 1336 4763 ἔλεον
1394 4705 1881 4781 ἀποστρεφομένῳ,

244 4806 352 4863 πῶς
399 4801 457 4855 ἂν
507 4800 729 4868 ἰαθῆναι
777 4794 991 4872 γένοιτό
1038 4815 1192 4866 ποτε,
1270 4792 1327 4856 ὅς
1387 4813 1450 4869 γε
1504 4792 1596 4847 καὶ
1655 4793 1720 4847 τὰ
1766 4797 1883 4854 τοῖς

249 4886 428 4955 ἄλλοις
477 4892 739 4968 γάρμακα
801 4883 1008 4941 οἰκείαν
1065 4884 1267 4961 ἥγηται
1316 4882 1595 4953 βάσανον;
1645 4883 1709 4938 Τί
1757 4881 1884 4957 γὰρ,

248 4980 422 5055 φησὶν,
472 4980 599 5055 ἐμοὶ
644 4978 740 5034 καὶ
793 4976 901 5048 σοὶ,
950 4977 1130 5047 Ἰησοῦ
1181 4995 1198 5048 ;
1279 4975 1482 5039 Ἦλθες
1537 4974 1645 5050 πρὸ
1690 4976 1885 5049 καιροῦ

314 5108 355 5147 ⁸³
387 5110 526 5167 Gen.
562 5124 623 5166 ιι.
662 5107 745 5162 18.

3627 3123 3645 3155 θ

2054 3184 2304 3254 Insuper
2319 3200 2453 3238 vero
2468 3184 2617 3239 nihil
2630 3185 2816 3257 ipsum
2828 3188 2975 3244 talia
2991 3195 3424 3261 perpetrantem
3436 3192 3619 3265 pudet

1995 3285 2190 3340 neque
2213 3271 2410 3339 verba,
2427 3273 2641 3344 quibus
2659 3276 3129 3335 misericordiam
3148 3286 3396 3351 peteret,
3420 3283 3641 3355 cogita-

1991 3359 2074 3413 vit
2087 3376 2563 3434 unquam,neque
2578 3364 2996 3435 latebras,utut
3010 3370 3368 3427 exsecranda
3380 3372 3498 3427 sint
3516 3374 3565 3445 ej
3576 3390 3644 3429 us

1993 3446 2257 3504 facinora
2272 3456 2331 3505 et
2343 3454 2723 3508 exsecrandis
2738 3456 3001 3512 omnibus
3016 3456 3314 3515 deteriora
3325 3460 3645 3533 aliquando

1996 3543 2288 3612 quaesivit;
2309 3545 2412 3600 sed
2428 3545 2613 3602 libere
2628 3548 3203 3621 exsultat,etiniquis
3219 3553 3644 3625 ausislaetatur,

1996 3633 2189 3687 etsuis
2202 3635 2700 3691 machinamentis
2712 3637 3086 3709 gloriatur,et
3108 3641 3443 3713 inculpatae
3458 3644 3648 3716 impu-

1994 3722 2205 3777 denter
2218 3724 2487 3796 exagitat,
2504 3727 3257 3797 proutetiamhistoriaJobi
3273 3732 3463 3802 palam
3482 3734 3642 3789 facit.

2068 3813 2183 3865 VII.
2216 3814 2614 3877 Quamobrem
2643 3815 2820 3870 homo
2863 3817 3127 3887 quidem,
3161 3819 3261 3888 qui
3296 3836 3491 3889 neque
3538 3838 3646 3889 per

1996 3916 2060 3955 se
2106 3900 2486 3970 iniquitatem
2531 3906 2983 3975 excogitaverat,
3036 3921 3230 3976 neque
3296 3908 3359 3962 in
3411 3914 3643 3978 partem

1992 3989 2176 4057 illius,
2212 4007 2342 4061 quin
2375 3991 2636 4048 admissa
2662 3993 2878 4063 fuerat,
2912 3995 3063 4052 alios
3093 3997 3339 4054 vocabat
3368 4000 3499 4071 (83),
3536 3999 3641 4056 sed

1993 4081 2055 4134 in
2086 4080 2309 4137 malum
2358 4087 2690 4154 pertractus
2739 4085 2950 4151 fuerat,
3004 4086 3194 4159 deque
3241 4089 3369 4160 ipso
3424 4089 3640 4147 deinde

1995 4169 2252 4237 dolebat,
2286 4170 2404 4240 hic,
2438 4172 2706 4244 inquam,
2741 4181 2797 4230 et
2827 4176 3238 4232 misericordia
3259 4178 3469 4248 dignus
3494 4184 3641 4247 erat,

1993 4264 2053 4315 et
2071 4260 2263 4331 ipsam
2288 4260 2539 4333 adeptus
2569 4269 2676 4319 est.
2717 4264 2817 4319 Sin
2839 4266 3039 4320 minus
3055 4265 3215 4320 enim
3238 4266 3454 4333 verbis,
3482 4272 3641 4323 certe

1994 4348 2166 4404 factis
2194 4350 2671 4406 misericordiam
2703 4352 3078 4422 implorabat.
3110 4355 3258 4409 Nam
3289 4355 3449 4425 quod
3492 4356 3643 4413 late-

1995 4437 2131 4491 bras
2164 4444 2476 4507 qumreret,
2528 4440 2767 4494 fatentis
2814 4446 2961 4508 erat,
3010 4458 3292 4516 magnum
3342 4461 3404 4499 se
3452 4447 3645 4502 scelus

1996 4531 2388 4598 perpetrasse.
2424 4526 2505 4583 ita
2531 4533 2596 4583 ut
2625 4546 2818 4601 neque
2851 4547 3049 4587 vocem
3084 4533 3353 4590 emittere
3376 4534 3642 4603 auderet,

1993 4632 2185 4687 neque
2220 4617 2279 4671 in
2328 4617 2582 4675 aliorum
2630 4628 3015 4693 conspectum
3069 4624 3336 4695 prodire.
3390 4627 3464 4681 At
3510 4643 3646 4681 vero

1994 4705 2437 4777 improbissimo
2470 4709 2579 4777 illi,
2614 4710 2715 4781 qui
2746 4712 3008 4781 pessima‘
3034 4730 3285 4785 quaeque
3317 4719 3375 4770 et
3404 4716 3638 4787 excogi-

1998 4796 2160 4865 tavit,
2195 4803 2253 4851 et
2282 4797 2344 4851 in
2369 4797 2460 4853 sui
2491 4799 2677 4870 ipsius
2700 4800 2874 4871 juxta
2905 4817 2973 4857 ac
3018 4802 3271 4859 aliorum
3317 4805 3643 4876 perniciem

1999 4884 2243 4942 molitus
2275 4892 2383 4953 est,
2418 4892 2477 4942 et
2505 4904 2579 4943 ne
2602 4888 2791 4945 hilum
2811 4890 3054 4962 quidem
3078 4894 3307 4949 remisit
3325 4910 3396 4948 ex
3419 4911 3524 4950 suo
3542 4893 3643 4949 illo

1999 4976 2224 5047 furore,
2258 4976 2479 5049 quique
2505 4982 2563 5034 et
2592 4978 2869 5038 morbum
2912 4998 3086 5039 suum
3143 4982 3322 5039 habet
3364 4982 3645 5038 charissi-

1572 5202 1721 5261 Ant.
1769 5198 2064 5263 Ballerini
2106 5206 2295 5264 notae.

315 5343 416 5414 (83)
444 5346 566 5400 Non
598 5360 671 5399 ea
697 5344 900 5397 mente
932 5340 1057 5394 haec
1086 5339 1158 5414 ab
1184 5336 1413 5414 Isidoro
1465 5337 1763 5414 dicuntur,
1815 5340 1883 5392 ut

251 5409 449 5483 peccati
468 5412 1152 5491 adagmiticipropagatio
1178 5410 1240 5465 in
1254 5416 1523 5491 posteros
1538 5409 1880 5491 denegetur;

250 5480 374 5567 nam
389 5488 746 5567 catholicum
769 5480 989 5567 dpgma
1006 5480 1080 5567 de
1105 5480 1343 5567 peccato
1365 5480 1639 5567 originali
1660 5480 1884 5567 passim

250 5563 294 5610 et
321 5559 710 5615 disertissime
732 5553 880 5613 alibi
904 5554 1397 5626 profitetur,sicut
1418 5558 1477 5626 et
1493 5553 1885 5626 disertissime

248 5628 309 5683 ab
322 5632 577 5704 ejusdem
592 5628 825 5705 peccati
838 5624 1262 5684 communione
1275 5625 1573 5698 Virginem
1586 5624 1891 5695 Deiparam

1992 5334 2255 5419 excludit
2277 5333 2613 5419 '(vidtnl‘fom.
2759 5335 3019 5419 Prazsent,
3058 5337 3244 5419 ‘Detp;
3277 5339 3305 5419 ε
3350 5338 3438 5419 l3,
3488 5343 3646 5419 part.

1995 5425 2034 5475 ι,
2067 5408 2530 5495 ρειε.ηξτ4ξο445)ς
2564 5407 2669 5462 sed
2700 5406 3114 5495 tan‘tu‘mi‘noIdo
3144 5406 3464 5495 innficiatur,
3488 5406 3648 5495 Ada-

1996 5476 2167 5561 mum
2192 5476 2340 5561 illud
2355 5492 2625 5561 quoque,
2660 5478 2817 5547 quod
2849 5477 3121 5561 diabolus
3149 5476 3643 5561 fecerat,_praesti-

1997 5549 2163 5612 tisse,
2193 5553 2260 5602 ut
2288 5547 2435 5603 alias
2473 5554 2775 5604 creaturas
2798 5549 3120 5615 seduxerit,
3149 5558 3325 5627 atque
3347 5547 3432 5611 ad.
3452 5556 3647 5612 rebel—

1998 5619 2247 5678 landum
2278 5619 2559 5677 adversus
2588 5625 2774 5680 Deum
2805 5623 3170 5682 excitaverit.

2023 5635 2247 5678 anuum
2278 5635 2559 5677 adversus
2588 5635 2774 5680 Deum
2805 5635 3170 5682 excitaverit.
