4030 6212
431 377 514 436 79
1587 361 1882 426 lSIDORl
1925 362 2684 426 THESSALONICENSIS
3761 360 3838 420 80

433 525 622 579 mum,
653 514 712 564 et
751 507 1049 564 medicum
1101 501 1448 565 contemnit,
1499 503 1558 554 et
1603 500 2074 557 misericordiam

2196 497 2472 575 βασανίσαι
2534 520 2621 572 με,
2679 495 2779 564 τήν
2839 494 2926 548 ὑπ’
2985 491 3152 548 αὐτοῦ
3206 493 3630 566 κατασχεθεῖσαν
3687 491 3834 548 νόσον

436 603 762 666 aversatur,
796 612 1054 668 quonam
1088 597 1257 664 pacto
1289 589 1520 646 medela
1569 591 1860 660 quaepiam
1914 590 2087 645 adhi-

433 689 666 752 beatur,
697 687 836 741 dum
869 685 1113 754 insuper
1142 697 1272 752 quaa
1304 679 1438 735 aliis
1471 685 1611 734 sunt
1647 679 2086 734 medicamenta

438 795 545 832 sua
574 777 684 830 iste
713 779 881 844 putat
910 788 1041 826 esse
1073 769 1367 842 supplicia
1386 769 1414 824 ‘l
1436 770 1582 834 Quid
1609 771 1774 836 enim,
1807 766 2089 839 inquit“,

437 866 574 920 mihi
611 869 663 916 et
707 862 831 928 tibi,
881 860 1062 916 Jesu‘?
1117 861 1327 914 Venisti
1382 864 1510 912 ante
1577 864 1784 928 tempus
1836 864 2090 926 torquere

437 969 565 1015 me;
596 967 732 1006 cum
763 967 979 1021 nempe
1021 948 1251 1003 videret
1293 947 1508 1019 expelli
1563 946 1860 1014 morbum,
1909 961 2088 1016 quem

437 1041 563 1112 ipse
597 1040 681 1112 (in
716 1038 979 1112 languidi
1007 1039 1277 1110 corpore)
1300 1036 1662 1092 continebat.
1687 1035 1910 1090 Exinde
1927 1051 2087 1100 cum,

439 1130 738 1186 Salvatore
769 1133 1132 1198 contempto,
1165 1131 1474 1198 cogeretur
1497 1125 1629 1180 loca
1673 1125 1984 1194 exquirere
2015 1123 2090 1179 ad

439 1217 894 1273 inhabitandum
928 1215 1162 1284 florida,
1185 1215 1276 1271 vel
1298 1214 1460 1270 aliud
1481 1215 1786 1285 quidpiam
1803 1214 2088 1268 suavitate

441 1307 764 1374 delectans,
799 1307 910 1360 iste
935 1306 1234 1361 enimvero
1265 1321 1496 1376 porcos,
1538 1302 1918 1374 splendidum
1945 1317 2088 1358 sane

440 1396 832 1462 domicilium,
868 1395 1169 1466 praeelegit
1198 1393 1331 1464 (84).
1369 1393 1460 1448 Sic
1502 1393 1785 1464 porcinus
1816 1398 1874 1446 et
1921 1408 2088 1446 cceno

439 1485 654 1556 plenus
676 1485 778 1539 ille
795 1483 1168 1538 miserrimus
1192 1487 1248 1537 et
1269 1486 1556 1553 perpetuo
1578 1480 1817 1552 quidem
1837 1481 1899 1535 in
1915 1480 2091 1535 malis

441 1573 792 1628 effodiendis
822 1577 981 1626 totus
1013 1571 1326 1626 deliciatur
1355 1587 1368 1637 ;
1403 1587 1639 1625 sursum
1683 1576 1881 1624 autem
1930 1569 2092 1640 aspi-

440 1679 594 1730 cere,
629 1667 687 1715 et
717 1661 1030 1716 sanitatem
1072 1659 1378 1724 advocare,
1429 1659 1541 1730 ipsi
1589 1675 1662 1713 ne
1712 1659 1774 1713 in
1821 1662 2085 1712 mentem

441 1751 678 1822 quidem
722 1766 981 1822 unquam
1041 1749 1202 1804 venit
1253 1748 1265 1802 !
1325 1748 1608 1814 Quocirca
1649 1749 1811 1819 jacet
1868 1748 2085 1802 misere

2194 583 2563 657 ἐλαυνομένην
2609 585 2774 658 ὁρῶν.
2823 583 2956 640 Εἶτα
3002 580 3154 658 ἀφεὶς
3201 581 3293 636 τὸν
3344 587 3602 656 Σωτῆρα,
3651 579 3836 654 ἐπιζη-

2191 679 2302 729 τεῖν
2355 673 2718 746 ἐλαυνόμενος
2774 673 2979 732 τόπους
3036 670 3112 733 εἷς
3165 668 3382 738 οἴκησιν
3433 669 3756 740 εὖανθεῐς,ἢ
3788 692 3836 726 τι

2199 767 2306 818 τῶν
2339 759 2528 818 ἄλλων
2580 766 2852 838 τερπνῶν,
2896 761 2924 816 ὁ
2973 757 3032 814 δὲ
3079 757 3337 834 λαμπρὰν
3389 759 3564 815 οἰκίαν
3611 761 3837 834 αἳρεῖται

2196 852 2325 918 τοὺς
2348 853 2592 929 χοίρους.
2631 850 2790 910 Οὕτω
2840 847 3126 928 χοιρώδης
3177 849 3268 906 καὶ
3325 845 3598 927 βορϐόρου
3649 851 3836 924 μεστὸς

2199 941 2227 995 ὁ
2296 939 2620 1012 πανᾶθλιος,
2695 940 2786 996 καὶ
2853 940 2936 996 ἀεὶ
3008 940 3103 1014 μὲν
3169 939 3268 1008 τὴν
3334 940 3526 994 κακίαν
3582 939 3840 1017 ὀρύττων,

2201 1029 2524 1110 ὲπεντρυφᾷ,
2591 1031 2872 1086 ἀνανεῦσαι
2937 1027 2997 1084 δὲ
3061 1029 3153 1085 καὶ
3236 1030 3334 1099 τὴν
3404 1030 3587 1105 ὑγείαν
3645 1031 3842 1086 ἀνακα-

2200 1119 2458 1176 λέσασθαι
2513 1121 2792 1192 ἐνενόησεν
2853 1117 3228 1178 οὐδεπώποτε.
3285 1121 3436 1176 Ὀθεν
3497 1119 3588 1175 καὶ
3669 1127 3840 1178 κεῖται

2202 1207 2486 1285 δυστυχῶς
2513 1211 2756 1285 κάμνων,
2808 1207 3090 1278 λαλλονὴν
3147 1211 3248 1279 τήν
3295 1210 3560 1284 πονηρίαν
3613 1211 3842 1286 ἡγούμε-

2197 1319 2314 1369 νος,
2362 1299 2454 1354 καὶ
2506 1299 2878 1375 χαριζομένην
2940 1300 3333 1379 ἀποστρέφεται
3398 1301 3498 1369 τήν
3562 1299 3838 1374 θεραπείαν

2199 1387 2228 1442 ὁ
2261 1389 2630 1466 ὑπερήφανος.
2667 1387 2822 1446 Ἀλλ’
2850 1387 2962 1463 ὸῦχ
3009 1387 3182 1452 οῧτως
3239 1388 3294 1443 οἱ
3349 1387 3601 1451 πεσόντες
3652 1391 3835 1462 ἡμεῖς’

2199 1473 2484 1550 δεξάμενοι
2551 1479 2656 1552 γάρ
2715 1478 2818 1548 τὴν
2875 1476 3122 1550 πληγὴν,
3180 1477 3273 1532 τὸν
3326 1475 3840 1552 φιλανθρωπότατον

2202 1564 2384 1640 ἰατρὸν
2453 1561 2808 1640 ἐπεϐοώμεοα
2883 1567 3078 1641 συχνὰ,
3143 1567 3233 1620 καὶ
3301 1570 3491 1622 τοῦτον
3557 1566 3842 1624 ἐπιστάντα

2201 1651 2430 1724 ἰδόντες,
2483 1653 2754 1716 δουλικῶς
2804 1653 3190 1727 ὑπεδεξάμεθα,
3243 1655 3334 1711 καὶ
3381 1657 3552 1712 πάντα
3600 1658 3839 1734 γενέσθαι

2199 1742 2488 1816 εὐξαίμεθα,
2519 1743 2618 1800 ὅσα
2645 1749 2724 1818 τῷ
2758 1751 2977 1819 Σωτῆρι
3011 1741 3370 1816 διανενόηται.

437 1845 752 1912 aegrotans,
784 1839 982 1895 decori
1014 1838 1126 1894 sibi
1178 1837 1404 1892 ducens
1456 1837 1803 1908 pravitatem
1861 1851 2052 1901 suam,
2097 1839 2157 1889 et
2199 1833 2456 1890 oblatam
2503 1834 2798 1890 medelam
2849 1835 3140 1906 superbus
3182 1835 3398 1908 refugit
3446 1836 3580 1907 (85).
3627 1839 3838 1894 Verum

436 1945 557 1982 non
589 1929 671 1982 ita
700 1945 806 1982 nos
852 1929 1041 2000 lapsi;
1100 1932 1340 1999 accepto
1392 1927 1552 1981 enim
1604 1925 1843 1981 vulnere
1892 1923 1966 1978 ad
2010 1923 2517 1996 benignissimum
2578 1924 2876 1980 medicum
2929 1940 3130 1980 vocem
3177 1941 3331 1996 saepe
3377 1924 3728 1992 attollimus,
3785 1932 3840 1983 et

434 2022 750 2088 postquam
769 2017 899 2087 jam
929 2015 1236 2070 advenisse
1269 2013 1541 2081 vidimus,
1576 2015 1770 2085 ipsum
1799 2019 2080 2082 tanquam
2114 2012 2262 2066 servi
2296 2012 2688 2084 suscepimus,
2720 2019 2900 2084 atquo
2922 2014 3521 2086 omnia,quaacunque
3552 2015 3837 2086 Salvator,

435 2105 776 2176 proposuit,
808 2121 877 2160 ea
907 2110 974 2160 ut
1003 2104 1064 2159 in
1097 2104 1270 2158 nobis
1301 2104 1715 2176 implerentur,
1749 2103 1920 2158 enixe
1951 2102 2248 2172 deprecati
2277 2115 2510 2158 sumus.

513 2195 652 2248 VIII.
672 2195 742 2247 Et
761 2193 821 2248 id
845 2193 1084 2264 quidem
1099 2193 1414 2248 manifeste
1438 2198 1730 2248 testantur
1744 2190 2083 2247 Purissimaa

2259 2189 2340 2246 H'.
2376 2189 2478 2245 Καὶ
2527 2187 2696 2261 δηλοῖ
2749 2193 2911 2246 τοῦτο
2963 2193 3148 2270 σαφῶς
3197 2199 3299 2262 τῆς
3348 2194 3741 2267 Παναχράντου
3769 2197 3832 2250 τὰ

437 2281 601 2336 illius
631 2281 844 2337 verba:
880 2284 1038 2348 Ecce,
1075 2283 1291 2353 inquit,
1315 2282 1525 2336 ancilla
1549 2283 1794 2352 Domini,
1823 2285 1918 2348 ﬁat
1947 2279 2083 2334 mihi

2196 2275 2434 2351 ῥήματα·
2504 2276 2644 2336 Ἰδοὺ
2725 2283 2760 2349 ἡ
2829 2277 3003 2351 δούλη
3100 2281 3322 2357 Κυρίου,
3409 2284 3564 2360 φησί,
3628 2284 3836 2360 γένοιτό

439 2371 734 2426 secundum
761 2371 983 2425 verbum
1023 2377 1176 2426 tuum
1194 2369 1261 2424 ⁵⁸.
1313 2371 1494 2442 Cujus
1547 2385 1690 2425 sane
1737 2369 1918 2423 virtus
1961 2383 2083 2422 ma-

2199 2387 2294 2440 μοι
2324 2368 2462 2422 κατᾶ
2490 2368 2553 2423 τὸ
2587 2369 2740 2442 ῥῆμά
2793 2389 2908 2426 σου.
2961 2371 3064 2432 Ἦς
3095 2373 3129 2440 ἡ
3163 2372 3326 2446 ἀρετὴ
3373 2373 3436 2427 τὸ
3489 2372 3627 2450 μέγα
3674 2379 3834 2429 τοῦτο

439 2476 619 2532 gnum
649 2460 761 2514 hoc
792 2463 1102 2530 tropmum,
1135 2464 1401 2514 nostram
1426 2458 1654 2514 scilicet
1678 2457 2083 2526 salutem,ere-

2196 2455 2476 2530 τρόπαιον,
2526 2458 2626 2526 τήν
2676 2459 2948 2533 ἡμετέραν
2997 2459 3264 2532 ἀνῄρηται
3314 2459 3609 2534 σωτηρίαν.
3660 2462 3838 2518 Ἐπει-

439 2549 542 2604 xit.
577 2550 898 2620 Postquam
931 2548 1092 2604 enim
1121 2564 1232 2603 nos
1262 2548 1416 2619 cepit
1453 2547 1744 2619 voluptas,
1779 2552 1836 2602 et
1865 2545 2084 2600 beneﬁ-

441 2654 576 2693 cum
611 2638 819 2706 Deum,
851 2637 948 2692 hei
980 2637 1125 2691 mihi
1156 2637 1169 2691 ι
1202 2637 1596 2709 aufugientes,
1646 2636 1914 2708 improbo
1958 2651 2084 2690 ser—

441 2727 605 2798 penti
639 2731 874 2782 nosmet
894 2725 1520 2797 dedimus,perduellis
1549 2725 1708 2780 illius
1727 2723 2083 2780 efl‘ectiservi

443 2831 670 2882 sumus,
723 2815 971 2886 ejusque
1025 2814 1269 2870 arbitrio
1318 2815 1616 2886 subjecti;
1674 2818 1733 2869 et
1778 2813 1930 2869 nihil
1974 2812 2088 2868 fuit

443 2904 850 2975 cujuscunque
881 2903 1041 2966 mali,
1075 2903 1148 2958 ad
1181 2901 1338 2974 quod
1371 2903 1646 2958 seductor
1699 2901 1801 2956 ille
1846 2900 2086 2956 dolosus

442 3009 552 3049 nos
571 2992 746 3064 plane
778 2991 1088 3064 tyrannide
1137 3007 1244 3046 sua
1293 3008 1413 3046 non
1461 2991 1768 3063 adigeret;
1825 2989 1984 3044 unde
2029 2995 2088 3044 et

442 3081 709 3135 libidinis
740 3081 936 3152 erupit
964 3079 1242 3152 procella,
1278 3087 1336 3134 et
1383 3079 1757 3134 exundarunt
1803 3078 2084 3148 iniquita-

443 3171 518 3225 tis
552 3170 787 3238 ﬂuctus,
839 3176 898 3224 et
945 3169 1252 3240 injuslitias
1303 3169 1473 3224 turbo
1524 3169 1672 3222 lines
1720 3173 1892 3222 terra)
1943 3183 2087 3222 con-

441 3260 642 3316 cussit.
675 3262 831 3315 Deus
859 3267 1057 3316 autem
1089 3277 1119 3314 e
1151 3260 1294 3316 c0310
1345 3258 1759 3332 prospiciebat,
1813 3273 2086 3329 quaerens

442 3351 491 3406 si
523 3351 657 3422 quis
686 3349 1014 3405 secundum
1046 3366 1148 3404 cor
1173 3349 1302 3420 ejus
1333 3355 1490 3404 esset
1519 3349 1578 3404 in
1613 3355 1791 3412 terra,
1825 3347 1926 3418 qui
1957 3346 2086 3402 ido-

440 3455 588 3494 neus
619 3439 917 3494 videretur
945 3437 1018 3493 ad
1049 3437 1321 3493 homines
1351 3437 1424 3492 ab
1457 3437 1557 3492 illo
1589 3453 1790 3492 errore
1821 3442 1930 3491 eta
1959 3451 2082 3490 sero

441 3529 642 3583 vitutis
681 3527 931 3582 vinculis
979 3526 1360 3595 liberandos;
1415 3532 1470 3581 et
1519 3543 1593 3580 ne
1637 3542 1794 3580 unus
1845 3524 2083 3596 quidem

442 3617 696 3673 inveniri
727 3620 977 3688 poterat,
1011 3632 1144 3670 cum
1175 3631 1382 3670 omnes
1411 3615 1616 3685 utique
1651 3612 1893 3668 inutiles
1917 3613 2086 3685 jace-

442 3711 598 3772 rent,
632 3710 690 3761 et
720 3705 1013 3776 serpentis
1045 3721 1270 3761 veneno
1303 3703 1528 3759 infecti.

505 3797 610 3850 Ast
638 3801 773 3866 post
798 3793 1015 3850 multas
1038 3793 1274 3849 tandem
1297 3793 1732 3866 generationes,
1765 3797 2081 3864 postquam

437 3883 589 3940 illud
618 3900 798 3956 supra
825 3888 1097 3938 naturam
1125 3883 1428 3949 delicium,
1457 3881 2077 3952 Purissima,inquam,

436 3972 542 4026 illa
570 3973 682 4042 (86)
716 3972 1008 4043 apparuit,
1033 3971 1202 4042 cujus
1227 3971 1404 4026 virtus
1423 3978 1476 4026 et
1499 3972 1676 4038 cazlos,
1708 3976 1773 4026 ut
1803 3987 1936 4026 cum
1950 3987 2082 4042 pro-

507 4071 551 4105 ⁵⁸
582 4071 782 4124 Matth.
816 4087 940 4135 vm,
971 4073 1061 4124 29.
1138 4069 1184 4104 ⁵⁸
1217 4071 1351 4126 Luc.
1385 4087 1423 4139 ι,
1455 4071 1544 4126 38.

2199 2541 2266 2612 δή
2299 2545 2405 2619 γὰρ
2435 2544 2578 2601 εἷλεν
2606 2548 2754 2618 ἡμᾶς
2782 2545 2977 2616 ἡδονὴ,
3007 2549 3097 2602 καὶ
3142 2549 3294 2619 Θεὸν,
3344 2548 3522 2622 οἷ’μοιί
3564 2550 3656 2604 τὸν
3687 2550 3836 2625 εὐερ-

2199 2631 2386 2708 γὲτην,
2447 2630 2800 2712 διαφυγόντες
2847 2639 2928 2708 τῷ
2977 2642 3206 2713 πονηρῷ
3249 2637 3650 2714 προσετέθημεν
3700 2635 3840 2716 ὄφει,

2199 2720 2453 2786 ἐλεεινῶς
2509 2723 2862 2800 αἰχμάλωτοι
2915 2727 3218 2802 γεγονότες,
3267 2727 3356 2782 καὶ
3406 2735 3524 2790 ταῖς
3571 2735 3668 2785 τοῦ
3717 2727 3843 2804 δρα-

2197 2815 2362 2870 πὲτου
2420 2816 2838 2878 καθυπείγοντες
2891 2819 3163 2894 γνώμαις,
3230 2819 3320 2874 καὶ
3385 2818 3542 2874 οὐδὲν
3599 2822 3666 2890 ἦν
3716 2823 3842 2877 ὅτου

2194 2907 2303 2958 τῶν
2331 2907 2508 2958 κακῶν
2545 2906 2684 2977 μήτε
2727 2899 3041 2978 σύμϐουλος
3085 2907 3114 2961 ὁ
3143 2906 3346 2967 πλάνος
3393 2907 3484 2963 καὶ
3532 2910 3682 2982 ἡμᾶς
3739 2909 3841 2966 ὑπὸ

2198 2997 2360 3066 χεῖρα
2393 2993 2468 3065 μή
2502 2993 2669 3067 εἶχεν
2703 2995 2820 3048 ὃθεν
2877 2995 3092 3068 χειμὼν
3142 2997 3240 3072 μὶν
3285 2994 3559 3072 ἀσελγείας
3608 2997 3838 3075 ἐῤῥάγη,

2197 3082 2284 3136 καὶ
2335 3081 2541 3136 κυκεὼν
2603 3082 2828 3156 ἀνομίας
2875 3082 3128 3160 ἐξεχύθη,
3179 3084 3269 3140 καὶ
3338 3085 3475 3156 ζάλη
3522 3087 3590 3141 τὰ
3635 3084 3841 3161 πέρατα

2197 3165 2454 3225 διέσεισεν
2490 3167 2725 3232 ἀδικίας.
2768 3172 2903 3235 Οεὸς
2949 3169 3008 3227 δὲ
3057 3177 3235 3244 ζητῶν
3285 3171 3562 3231 διέκυπτεν
3609 3175 3842 3250 οὐρανό-

2197 3258 2308 3327 θεν,
2341 3256 2395 3312 εἷ’
2417 3257 2524 3314 πού
2551 3281 2638 3321 τις
2671 3259 2817 3333 αὐτῷ
2849 3261 2984 3316 κατᾶ
3010 3263 3238 3338 γνώμην
3286 3262 3376 3318 ἐπὶ
3416 3271 3523 3340 γῆς
3576 3263 3682 3338 εἴη,
3718 3265 3749 3320 ὅ
3777 3265 3837 3320 ἄν

2197 3345 2376 3409 ἱκανὸς
2435 3345 2745 3418 ἀπαλλάξαι
2803 3349 2990 3427 φανείη
3041 3357 3140 3420 τῆς
3207 3349 3424 3424 πλάνης
3489 3352 3698 3425 ἐκείνης
3755 3355 3843 3409 καὶ

2194 3439 2304 3488 τῶν
2363 3434 2576 3508 ’δεσμῶν
2635 3439 2765 3501 τοὺς
2824 3439 3157 3514 ἀνθρώπους·
3216 3443 3308 3496 καὶ
3367 3443 3434 3512 ἧν
3483 3444 3658 3519 εὑρεῖν
3739 3443 3847 3518 οὐχ

2195 3521 2301 3584 ἓως
2353 3523 2486 3592 ἑνὸς,
2534 3524 2780 3580 ἁπάντων
2831 3523 3100 3598 δήπουθεν
3151 3529 3521 3603 προκειμένων
3577 3531 3844 3610 ἀχρείων,

2196 3611 2288 3667 καὶ
2317 3616 2397 3682 τῷ
2434 3616 2530 3666 τοῦ
2563 3612 2741 3689 ὐφεως
2767 3617 3117 3688 κατιωμὲνων
3145 3617 3237 3689 ἱῷ.

2270 3789 2418 3846 Μετά
2451 3789 2664 3856 πολλὰς
2695 3789 2752 3848 δὲ
2779 3795 2980 3868 γενεὰς,
3027 3793 3145 3850 ἐπεὶ
3191 3797 3255 3851 τὸ
3306 3797 3570 3878 ὑπερφυὲς
3619 3799 3848 3874 ἄγαλμα

2195 3881 2230 3948 ἡ
2263 3879 2606 3953 πανάμωμος
2636 3879 2948 3958 ἀνεδείχθη,
2981 3885 3049 3953 ἧς
3103 3887 3137 3953 ἡ
3188 3885 3351 3960 ἀρετή
3411 3889 3504 3942 καί
3554 3888 3845 3964 οὐρανοὺς,

2195 3973 2554 4044 προφητικῶς
2603 3969 2793 4041 εἰπεῖν,
2840 3969 3129 4047 ἐκαλυψεν,
3180 3972 3330 4030 ἀλλά
3359 3977 3447 4030 καί
3491 3979 3526 4046 ἡ
3573 3975 3645 4052 γῆ
3699 3978 3846 4048 πλήο

1770 4143 1914 4202 Ant.
1962 4141 2259 4202 Balleiini
2304 4146 2492 4203 notae.

508 4280 821 4352 (84)]ι1ανοἶ
861 4295 913 4346 v,
949 4280 1033 4334 l2.
1068 4279 1153 4352 Et
1201 4276 1636 4352 deprecabantur
1687 4292 1805 4352 eum
1853 4273 2086 4346 spiritus

436 4350 673 4406 dicentes
698 4367 710 4404 :
745 4350 898 4406 Mitte
927 4366 1025 4404 nos
1054 4351 1114 4404 in
1136 4365 1354 4419 porcos,
1389 4355 1450 4404 ut
1478 4350 1537 4402 in
1577 4363 1662 4403 eos
1693 4350 2044 4402 introéamus.

509 4423 623 4492 (85)
653 4422 858 4476 Elucet
885 4437 955 4475 ex
986 4421 1099 4486 his,
1135 4421 1428 4476 lsidorum
1461 4421 1521 4474 in
1554 4419 1825 4492 caluisse
1847 4425 2078 4492 senten-

439 4490 540 4558 tia,
565 4508 696 4560 quae
727 4492 904 4546 etiam
929 4492 1236 4546 nonnullis
1259 4509 1289 4547 e
1307 4492 1508 4547 schola
1527 4491 1815 4560 theologis
1838 4490 2081 4561 placuit,

439 4562 595 4633 inter
625 4567 930 4633 peccatum
963 4562 1181 4633 diaboli
1215 4569 1271 4616 et
1320 4563 1587 4633 ersdem
1637 4562 2080 4617 damnationem

439 4631 682 4702 aliquod
713 4631 1118 4686 intercessisse
1148 4631 1402 4702 tempus,
1447 4649 1562 4702 quo
1615 4633 1803 4703 gratia
1844 4633 2083 4703 adjutus

439 4703 1054 4784 pmnitentiamnagere
1085 4705 1392 4784 potuisset.

512 4774 626 4845 (86)
656 4775 824 4846 Virgo
841 4772 1114 4844 Deipara’,
1137 4779 1206 4828 ut
1223 4779 1404 4844 patet,
1427 4773 1522 4846 hic
1555 4772 1916 4846 designatur,
1951 4790 2082 4844 qua)

439 4843 912 4902 antonomastice
940 4843 1170 4915 prorsus
1217 4843 1572 4899 immaculata
1623 4843 2081 4915 (ἠπανάμωμος)

440 4917 894 4990 ορρθιιίιωῐτΕι
925 4915 1070 4990 alias
1102 4932 1241 4990 sane
1266 4915 1598 4990 audivimus
1619 4917 1856 4990 (part4,
1877 4932 1932 4987 p.
1963 4917 2082 4990 441)

439 4985 733 5045 [siderum
755 4987 994 5044 disertis
1015 4987 1208 5042 verbis
1231 4985 1952 5058 afﬁrmantem.‘Virginém
1974 4989 2086 5042 Ma-

438 5062 586 5117 riam
610 5065 669 5117 in
692 5059 1080 5131 iniquitatibus
1109 5075 1220 5113 non
1246 5061 1415 5127 fuisse
1444 5065 1785 5128 conceptam.
1818 5061 1893 5131 At
1923 5059 2082 5113 enim

437 5134 709 5203 quamvis
727 5129 845 5188 tam
861 5135 1066 5203 aperta
1083 5131 1370 5203 professio
1386 5130 1672 5203 ascriptis
1685 5131 1814 5200 ejus
1828 5129 2081 5203 abesset,

435 5201 636 5260 nonne
678 5201 915 5260 eadem‘
946 5201 1244 5258 sententia
1301 5217 1369 5255 ex
1427 5202 1539 5256 hoc
1595 5201 1724 5256 loco
1769 5202 2082 5258 manifeste

434 5277 734 5348 emergit?
765 5279 908 5332 Cum
933 5275 1090 5330 enim
1114 5273 1289 5348 dicat,
1311 5273 1611 5328 neminem
1635 5273 1792 5326 inter
1809 5271 2082 5348 homines

432 5343 685 5418 inveniri
723 5348 1008 5418 potuisse,
1061 5345 1162 5416 qui
1213 5346 1330 5400 Deo
1374 5351 1652 5416 acceptus
1705 5349 1765 5418 et
1810 5345 2082 5418 ejusdem

431 5417 699 5471 consiliis
723 5414 980 5474 idoneus
1012 5414 1187 5485 esset,
1222 5414 1539 5488 propterea
1579 5414 1737 5487 quod
1787 5416 2082 5488 serpentis

429 5499 656 5558 veneno
686 5488 889 5543 infecti
941 5503 1150 5544 omnes
1195 5488 1270 5542 ad
1313 5487 1501 5543 unum
1539 5489 1858 5558 jacerent;
1909 5487 2081 5558 plane

427 5555 760 5631 conﬁcitur,
793 5559 895 5614 illo
927 5561 1106 5631 igitur
1135 5576 1362 5631 veneno
1393 5555 1671 5615 infectam
1697 5555 1936 5612 Mariam
1962 5573 2080 5631 non

423 5624 632 5698 fuisse,
653 5624 783 5700 quae
804 5631 926 5684 sola
946 5624 1081 5700 post
1101 5624 1320 5686 multas
1340 5631 1753 5702 generationes
1775 5629 2078 5684 communi

2195 4279 2469 4354 exempta
2497 4275 2646 4354 vitia
2667 4293 2869 4354 coram
2899 4279 3016 4354 Deo
3065 4283 3360 4352 apparuit.
3411 4282 3520 4338 Sed
3561 4288 3618 4338 et
3667 4284 3848 4354 illud,

2195 4345 2808 4428 quodperpendatur,
2858 4350 3036 4428 plane
3093 4345 3507 4428 dignissimum
3551 4355 3664 4428 hoc
3714 4345 3850 4412 loco

2193 4421 2482 4498 cecurrit:
2521 4435 2736 4490 nempe
2766 4421 3066 4498 quodnam
3099 4421 3362 4479 ot’licium
3416 4427 3529 4498 sit,
3561 4427 3634 4480 ad
3690 4428 3853 4498 quod

2193 4489 2497 4543 hominem
2549 4489 3218 4566 quempiam__idoneum
3275 4489 3616 4566 requirebat
3643 4489 3849 4555 Deus:

2193 4568 2316 4637 tum
2347 4576 2482 4615 vero
2507 4577 2612 4637 cur
2633 4562 2926 4637 ejusmodi
2950 4581 3023 4619 ne
3049 4581 3236 4637 unum
3259 4562 3497 4637 quidem
3524 4569 3684 4624 inter
3704 4571 3850 4625 Adae

2195 4632 2350 4713 ﬁlios
2377 4633 2641 4713 reperire
2673 4639 2848 4690 esset.
2882 4636 2966 4713 Et
2998 4636 3256 4691 officium
3277 4632 3292 4637 ’
3312 4639 3554 4713 quidem
3607 4641 3853 4713 nullum

2191 4703 2353 4758 aliud
2367 4704 2914 4784 propo.nintur,quam
2932 4703 3418 4784 Deocoopsraudi
3433 4711 3494 4765 in
3509 4712 3856 4769 hominibus

2193 4790 2227 4828 a
2248 4775 2526 4854 servitute
2548 4775 2763 4829 inferni
2797 4777 3146 4854 eximendis.
3163 4775 3350 4854 Causa
3370 4797 3504 4854 vero
3529 4800 3633 4838 cur
3662 4799 3850 4839 nemo

2193 4844 2266 4899 ad
2295 4843 2353 4897 id
2382 4850 2555 4925 aptus
2589 4855 2952 4925 censeretur,
2997 4850 3237 4925 iniectio
3287 4853 3504 4925 dicitur
3533 4870 3562 4907 e
3607 4869 3848 4909 veneno

2195 4921 2488 4997 serpentis
2509 4923 2832 4997 contracta.
2860 4921 3038 4997 Atqui
3061 4921 3208 4976 nihil
3229 4923 3597 4997 exploratum
3622 4927 3844 4997 magis,

2193 4986 2342 5042 nihil
2367 4987 2556 5069 magis
2571 4993 2849 5069 testatum
2863 4991 2922 5046 in
2939 4986 3216 5069 universa
3227 4986 3501 5069 Ecclesia
3515 4986 3845 5069 traditione

2193 5060 2450 5139 occurrit
2577 5060 2861 5139 doctrina,
2895 5081 3026 5133 qua:
3045 5063 3236 5139 docet,
3261 5066 3500 5139 Mariam
3525 5067 3599 5121 ad
3621 5083 3850 5139 coope-

2193 5130 2446 5210 randum
2494 5131 2726 5210 Christo
2781 5133 2840 5186 in
2890 5130 3228 5210 reparando
3252 5136 3572 5210 hominum
3621 5130 3850 5210 genei‘e

2193 5202 2444 5281 electam
2458 5216 2655 5256 assum
2665 5208 2821 5281 ptam
2831 5220 2944 5274 que
2958 5202 3172 5281 l‘u_is_se_.
3198 5206 3345 5261 adeo
3359 5214 3425 5263 ut
3443 5202 3663 5281 passim
3682 5211 3853 5281 salu-

2194 5278 2352 5327 tetur
2381 5278 2680 5354 tamquam
2735 5272 2946 5354 κόσμου
3006 5274 3331 5354 ἀνάκλησις,
3381 5272 3853 5354 ποζντὸςμκόσμου

2192 5341 2465 5431 σωτηρία,
2520 5339 2695 5431 νλξσις
2761 5339 3022 5431 γατάρας,
3103 5339 3380 5431 πεσόχτων
3443 5339 3856 5424 ἐπανόρθωσις,

2189 5408 2518 5494 ἀνθρώπων,
2575 5408 2796 5494 λιξτρον,
2850 5408 3062 5490 κόσμου
3135 5417 3480 5494 ἀντίλυτρον,
3531 5408 3684 5492 ζωῆς
3743 5408 3858 5484 sel):

2191 5480 2466 5569 σωτηρίας
2541 5480 2824 5569 πρόξενος,
2901 5480 3132 5560 μέσῖτις,
3168 5564 3180 5569 Α
3238 5480 3582 5569 ἱλαστήριον,
3637 5480 3858 5569 "etc;

2189 5554 2691 5638 videlicetmundi
2720 5554 3234 5638 totius'reparatia,
3279 5554 3455 5633 salus;
3475 5554 3678 5622 solutio
3729 5554 3857 5624 ma:

2189 5625 2525 5692 tedictionis,
2557 5626 2835 5698 lapsorum
2865 5625 3163 5703 restitutio,
3198 5625 3480 5693 hominum
3511 5639 3857 5714 redemptio,
