4030 6212
349 321 429 384 33
1497 311 1796 374 ISIDORI
1842 311 1940 375 ΤΗ
1952 313 2603 381 ESSALONICENSIS
3679 315 3767 376 84

349 463 511 514 terra
537 470 657 512 non
687 457 846 521 sunt,
879 450 1340 522 superemineat,
1373 449 1489 504 cito
1521 462 1700 522 supra
1753 449 1932 506 omlos
1991 453 2298 525 evolasset,
2367 451 2570 509 sedem
2627 451 2729 522 ibi,
2781 467 2912 524 quae
2963 450 3076 506 sibi
3128 452 3498 524 congrueret,
3556 465 3768 522 recep-

349 555 544 622 ptura.

425 638 541 696 Sed
562 635 845 708 quoniam
869 647 1018 702 opus
1045 629 1170 684 erat
1193 630 1454 700 insuper,
1489 634 1555 684 ut
1577 635 1636 684 et
1679 630 2000 700 plurimam
2031 641 2088 704 Α

357 729 524 784 illam
573 725 922 796 pravitatem
957 719 1380 790 exstingueret,
1431 723 1487 774 et
1534 721 1720 775 Deum
1777 721 2004 792 excipe-

357 824 451 872 ret
477 817 537 870 in
567 821 753 868 terras
775 807 1260 873 descendentem,
1283 813 1340 862 et
1371 809 1637 878 eum,qui
1669 809 2008 881 incompre-

357 903 669 961 hensibilis
693 905 806 968 est,
827 898 1346 970 complecteretur,
1390 898 1701 968 eidemque
1735 899 2006 954 homines

355 992 774 1050 reconciliaret
813 1007 826 1044 :
863 994 1178 1060 propterea
1208 991 1266 1041 et
1297 1003 1428 1042 sera
1468 987 1706 1042 tandem
1741 989 2006 1043 diuturni

355 1082 644 1153 temporis
669 1084 812 1135 mtas
830 1075 1324 1150 gloriosissimam
1374 1076 1540 1131 illam
1571 1078 1728 1148 tulit,
1763 1083 1817 1131 et
1849 1084 2008 1134 terra

359 1170 738 1245 splendidum
770 1168 831 1222 id
862 1166 1167 1222 cimelium
1185 1166 1459 1236 portavit,
1493 1166 1551 1220 in
1579 1171 1801 1221 certam
1834 1167 2004 1222 insu-

354 1279 460 1334 per
519 1275 683 1330 spem
741 1261 967 1322 vocata,
1015 1271 1076 1310 se
1119 1259 1176 1309 et
1235 1254 1402 1322 illud,
1469 1255 1627 1325 quod
1687 1258 2004 1327 pretiosius

353 1354 644 1418 esset,per
675 1361 805 1399 eam
853 1343 1042 1413 ipsam
1088 1357 1227 1395 mox
1270 1346 1666 1412 accepturam.
1699 1344 1844 1398 Cum
1894 1344 2006 1399 hac

352 1439 552 1507 itaque
584 1435 769 1506 potita
789 1435 966 1498 esset,
1005 1444 1199 1499 neque
1231 1428 1406 1483 aliter
1437 1429 1749 1484 ostendere
1781 1437 2001 1502 posset,

355 1543 476 1598 qua
511 1524 808 1596 Virginem
840 1519 1172 1576 reverentia
1215 1525 1706 1589 prosequeietur,
1732 1520 2002 1591 singula-

355 1616 661 1672 rissimum
683 1613 735 1667 ei
760 1611 956 1666 locum
988 1608 1062 1663 ad
1094 1607 1551 1662 inhabilandum
1576 1608 1998 1677 taibuit,nimi-

348 1723 482 1761 rum
537 1705 749 1759 Sancta
797 1704 1158 1765 sanctorum,
1193 1701 1252 1751 et
1299 1713 1372 1752 ex
1429 1698 1519 1752 bis
1569 1698 1810 1768 quidem
1869 1715 2000 1754 eam

349 1800 742 1868 partemque:
766 1790 1026 1846 maxima
1040 1787 1418 1842 veneratione
1449 1787 1627 1860 digna
1657 1793 1764 1843 est.
1801 1791 2000 1860 Neque

349 1904 487 1942 vero
517 1886 606 1940 fas
634 1899 761 1939 esse
785 1881 980 1950 .duxit,
1039 1879 1301 1950 aliquem
1331 1895 1402 1934 ex
1453 1894 1514 1934 se
1565 1880 1694 1950 ipsa
1739 1881 1999 1937 fructum

2190 629 2346 686 ’Λλλ“
2405 631 2489 686 ὅτι
2538 630 2627 686 καὶ
2693 629 2912 700 πολλὴν
2975 632 3120 704 εἶχεν
3191 622 3492 682 ἀποσϐέσαι
3545 624 3768 695 κακίαν,

2110 722 2199 777 καὶ
2258 719 2336 784 εἷς
2393 728 2495 798 γῆν
2559 717 2914 790 ὑποδέξασθαι
2972 719 3100 773 Θεὸν
3160 718 3446 784 κατιόντα,
3522 718 3610 772 καὶ
3667 718 3767 772 τὸν

2112 810 2413 885 ἀχώρητον
2447 807 2514 880 δὴ
2544 815 2736 866 τοῦτον
2771 815 3052 884 χωρῆσαι,
3080 806 3169 861 καὶ
3204 805 3352 878 αὖτῷ
3380 803 3505 867 τοὺς
3557 804 3768 881 ἀνθρώ-

2114 901 2249 961 πους
2279 905 2726 976 προσοικειῶσαι,
2779 896 2867 953 διὰ
2895 901 3061 953 ταῦτα
3099 894 3187 951 καὶ
3248 893 3422 956 πολὺς
3460 892 3705 968 ὕστερον
3735 893 3768 948 ὁ

2112 991 2319 1064 χρόνος
2371 991 2471 1058 τὴν
2536 985 2884 1063 ὑπερένδοξον
2941 983 3155 1058 ἤνεγκε,
3187 984 3278 1040 καὶ
3307 990 3381 1058 γῆ
3414 983 3476 1038 τὸ
3507 981 3770 1058 λαμπρὸν

2112 1074 2405 1134 ἐϐάστασεν
2441 1077 2611 1134 ἐκεῖνο
2642 1074 2961 1149 κειμήλιον,
3011 1073 3102 1129 καὶ
3158 1075 3220 1129 τὸ
3280 1078 3462 1147 μεῖζον
3511 1070 3764 1143 δέξασθαι

2111 1167 2474 1243 περιμένουσα
2539 1165 2608 1222 δι’
2663 1167 2854 1239 αὐτῇς.
2903 1162 3168 1238 Δεξαμένη
3231 1161 3289 1218 δὲ
3344 1161 3469 1236 ἄρα,
3528 1162 3618 1216 καὶ
3677 1164 3759 1238 μή

2111 1255 2297 1320 ἂλλως
2327 1261 2396 1332 τῇ
2431 1256 2686 1332 Παρθένῳ
2707 1255 2774 1310 τὰ
2803 1263 2902 1326 τῆς
2931 1249 3214 1315 εὐλαϐείας
3247 1251 3396 1314 ὅπως
3455 1249 3515 1306 ἂν
3551 1249 3763 1326 ἔχουσα

2113 1349 2325 1418 σώσειε,
2398 1349 2490 1404 τὸν
2546 1347 2814 1423 ἐξαίρετον
2876 1345 3045 1416 αὐτῆς
3119 1349 3391 1400 κατοικεῖν
3450 1340 3758 1400 ἀποδίδωσι

2109 1439 2304 1505 τόπον,
2335 1438 2401 1492 τὰ
2438 1443 2545 1493 τῶν
2595 1437 2758 1512 ἁγίων
2813 1437 2998 1511 Ἅγια,
3056 1432 3391 1490 καὶτούτων
3447 1433 3540 1487 τὸν
3591 1428 3762 1488 σεϐα-

2110 1529 2438 1602 σμιώτατον.
2474 1527 2576 1584 Καὶ
2627 1525 2752 1582 οὐδὲ
2802 1527 2892 1582 τὸν
2949 1527 3076 1594 παρ’
3136 1524 3330 1593 ἑαυτῆς
3383 1523 3589 1598 καρπὸν
3648 1542 3756 1597 χο-

2110 1618 2295 1692 ρηγεῖν
2329 1615 2476 1672 ὃσιον
2510 1617 2646 1688 ᾤετο
2697 1615 2835 1690 πρὸς
2874 1615 3105 1691 τροφὴν,
3163 1617 3352 1667 τοῦτον
3391 1612 3528 1666 εἶναι
3588 1611 3757 1684 μόνον

2105 1705 2196 1760 τὸν
2255 1707 2543 1782 ἄνθρωπον
2583 1704 2853 1780 ἐγνωκυῑα
2893 1707 2992 1774 τὴν
3055 1701 3348 1772 Πάναγνον,
3383 1700 3509 1776 περὶ
3558 1701 3618 1756 οὗ
3649 1721 3758 1778 τρα-

2107 1795 2224 1872 γεῖν
2275 1795 2436 1867 ἄρτον
2493 1793 2740 1871 ἀγγέλων
2797 1793 2889 1848 καὶ
2930 1794 3220 1867 προφήτης
3279 1789 3578 1864 μεμύηται.
3636 1791 3757 1846 Οὐ-

2107 1888 2252 1958 ρανῷ
2278 1889 2409 1959 γοῦν
2436 1880 2505 1939 δι’
2537 1880 2784 1961 ἀγγέλων
2825 1882 3021 1937 τούτου
3087 1882 3434 1955 παραχωρεῖ,
3493 1883 3574 1940 οἷς
3642 1877 3754 1934 ἔδει

349 1977 438 2031 illi
471 1975 544 2031 ad
575 1975 926 2029 alimentum
955 1971 1384 2042 prmbere,cum
1407 1974 1723 2038 constaret,
1753 1971 1997 2042 purissi-

2116 1972 2448 2049 μεταμικρὸν
2545 1971 2837 2050 εὐαγγέλια
2913 1967 3346 2045 παραδοξοτέρου
3411 1966 3752 2040 διακονήσειν

2153 2061 2167 2073 .
2221 2066 2244 2073 _
2538 2062 2550 2073 .
2771 2061 2820 2073 -.
2896 2057 2956 2073 ..
3075 2059 3099 2073 ,.
3306 2055 3354 2073 ,κ
3727 2060 3752 2073 ο,

349 2081 517 2122 mum
547 2064 715 2118 illum
747 2077 934 2116 unum
968 2075 1095 2114 esse
1136 2059 1464 2128 hominem,
1520 2059 1592 2114 de
1651 2077 1767 2130 quo
1821 2061 2000 2118 etiam

350 2153 656 2227 prophetia
689 2149 1014 2206 revelatum
1065 2153 1175 2214 est,
1222 2146 1380 2218 quod
1423 2164 1626 2218 panem
1683 2151 2002 2219 angelorum

2110 2061 2247 2136 αὐτῇ
2311 2062 2637 2138 μυστηρίου,
2698 2061 2834 2117 καθὰ
2892 2057 3158 2132 δήπουθεν
3219 2055 3424 2136 σφόδρα
3488 2060 3759 2135 μαρτυρεῖ

2110 2158 2424 2230 περιφανῶς
2451 2153 2517 2208 τὰ
2547 2151 2806 2226 παρόντα.

349 2239 788 2298 manducavit".
821 2240 939 2293 Hoc
969 2253 1106 2309 ergo
1139 2252 1358 2292 munus
1390 2236 1536 2291 caelo
1569 2237 1868 2292 commisit
1897 2257 2002 2310 per
2029 2245 2274 2318 angelos
2303 2245 2776 2318 adimplendum,
2817 2261 2966 2316 quos
2997 2247 3056 2298 et
3083 2259 3328 2299 munere
3363 2241 3762 2298 annuntiandi

351 2343 544 2398 eidem
584 2339 850 2412 mysterii
880 2337 1067 2392 multo
1101 2336 1287 2408 magis
1317 2335 1652 2393 admirandi
1683 2339 1860 2410 paulo
1905 2349 2035 2413 post
2090 2346 2255 2420 fungi
2314 2347 2644 2420 oportebat,
2703 2343 3210 2418 quemadmodum
3261 2343 3752 2400 manifestissime

353 2429 481 2483 haec
509 2429 695 2498 (Lucae
726 2424 925 2489 verba)
957 2427 1265 2478 testantur.

428 2517 495 2572 Χ.
530 2515 731 2586 lnquit
793 2513 999 2568 enim:
1059 2514 1254 2567 Missus
1312 2517 1391 2566 est
1441 2514 1668 2583 angelus
1718 2513 1935 2572 Gabriel
1973 2535 2008 2574 α

367 2607 476 2662 Deo
507 2605 581 2662 ad
609 2606 896 2674 Virginem
916 2602 1301 2671 desponsatam
1331 2603 1474 2671 viro,
1507 2605 1598 2657 cui
1642 2620 1839 2660 nomen
1888 2614 2007 2662 erat

355 2695 580 2766 Joseph,
613 2695 680 2748 de
707 2693 865 2748 domo
895 2691 1094 2756 David,
1143 2697 1195 2745 et
1253 2706 1446 2746 nomen
1501 2694 1746 2762 Virginis
1800 2697 2001 2752 Maria.

357 2787 424 2842 Et
469 2787 738 2856 ingressus
782 2781 1008 2852 angelus
1052 2781 1126 2835 ad
1200 2797 1319 2836 eam
1393 2782 1538 2836 dia-it
1582 2799 1600 2837 :
1667 2783 1796 2855 Ave,
1877 2804 2006 2856 gra-

363 2877 443 2930 tia
468 2876 659 2945 plena,
681 2873 944 2928 Domiuus
975 2877 1170 2938 tecum,
1205 2869 1487 2927 benedicta
1528 2878 1588 2926 tu
1629 2873 1688 2926 in
1743 2875 2001 2932 mulieri-

359 2965 454 3019 bus
474 2963 541 3019 5’.

422 3052 706 3108 Genitrici
763 3049 1077 3117 Creatoris,
1145 3065 1276 3119 quas
1334 3049 1424 3104 illi
1489 3067 1668 3122 supra
1725 3058 1998 3112 naturam

355 3143 638 3213 mysterio
669 3138 1157 3195 administratura
1188 3144 1330 3205 erat,
1355 3141 1668 3211 praecipuae
1701 3159 1731 3196 e
1765 3151 1999 3201 creatu-

347 3233 431 3290 ris
446 3235 728 3300 tanquam
751 3227 970 3300 regina:
993 3226 1260 3281 debitum
1277 3226 1628 3298 obsequium
1648 3231 1996 3290 reddebant.

350 3321 528 3375 Terra
557 3317 996 3372 nobilissimum
1045 3316 1312 3370 omnium
1356 3316 1699 3390 (praebebat)
1759 3320 1999 3379 domici-

351 3407 500 3464 lium
534 3425 547 3474 ;
582 3406 712 3463 οωΙὶ
751 3403 1253 3479 (suppeditabant)
1295 3405 1650 3464 alimentum
1689 3427 1701 3476 ;
1753 3412 1997 3484 angelus

355 3495 652 3554 alimoniae
677 3511 956 3568 promum
986 3513 1048 3550 se
1081 3495 1363 3551 sistebat:
1409 3497 1513 3551 sed
1554 3503 1612 3552 et
1651 3495 2000 3571 appellatio-

350 3604 490 3643 nem
522 3585 618 3642 hic
651 3603 840 3654 suam,
889 3584 1126 3656 qualem
1160 3601 1468 3656 nunquam
1502 3593 1696 3654 antea,
1722 3589 2000 3660 pulcher-

349 3681 564 3735 rimam
596 3693 755 3734 nunc
786 3677 1095 3748 praesefert
1127 3695 1140 3743 ;
1175 3681 1479 3732 tantorum
1517 3677 1676 3734 enim
1705 3679 1999 3739 bonorum

348 3769 594 3824 nuntius
627 3783 937 3837 nunquam
979 3766 1308 3822 exstiterat.

416 3859 635 3914 Verum
665 3874 698 3911 α
729 3859 859 3924 Deo,
886 3855 1084 3927 inquit
1111 3853 1178 3924 ⁸ο,
1201 3855 1396 3912 missus
1444 3861 1522 3912 est
1578 3858 1824 3927 angelus.
1882 3863 2000 3917 Hoc

349 3947 548 4018 aliquo
581 3946 756 4001 modo
781 3945 1024 4012 indicat,
1058 3950 1347 4016 quantum
1385 3949 1713 4018 praesentia
1738 3951 2001 4021 antiquis

349 4034 469 4092 illis
499 4036 620 4091 sint
647 4035 949 4090 contraria
980 4036 1114 4105 (91).
1134 4037 1259 4090 Non
1281 4036 1441 4090 enim
1468 4043 1682 4107 sponte
1707 4057 1812 4094 sua
1845 4057 2001 4096 nunc

351 4125 446 4195 (ad
477 4124 796 4196 Virginem)
830 4121 1087 4190 Gabriel,
1119 4123 1270 4177 sicut
1323 4123 1461 4178 oliln
1520 4125 1758 4181 dolosus
1806 4127 1904 4182 ille
1929 4129 2001 4184 ad

345 4218 602 4290 primam
646 4219 926 4282 matrem,
961 4215 1230 4276 accessit,
1281 4231 1476 4284 neque
1525 4217 1629 4271 Dei
1679 4217 1838 4290 leges
1867 4236 2002 4274 con-

350 4305 668 4360 culcandas
710 4303 1040 4376 proponit;
1107 4303 1210 4357 sed
1257 4309 1314 4358 et
1361 4303 1580 4360 missus
1632 4312 1738 4371 est,
1787 4312 1844 4362 et
1903 4307 2004 4364 illa

351 4393 551 4460 obivit,
585 4409 716 4463 quas
749 4392 962 4446 divina:
990 4396 1159 4446 erant
1219 4392 1558 4451 voluntatis.
1605 4395 1814 4452 Missus
1866 4415 2002 4454 vero

349 4487 460 4552 est,
489 4486 563 4547 ut
607 4498 714 4552 per
775 4480 885 4535 hoc
933 4480 1330 4536 ministerium
1403 4499 1466 4537 se
1528 4484 1655 4555 ipso
1717 4485 2006 4542 illustrior

353 4569 646 4624 evaderet.
680 4569 879 4638 Neque
907 4567 1088 4634 enim,
1112 4567 1226 4622 nisi
1249 4569 1312 4623 in
1334 4569 1492 4626 hunc
1511 4573 1692 4628 linem
1713 4573 1774 4628 id
1807 4575 2000 4642 fieret,

349 4659 452 4714 illa
471 4674 600 4730 quae
623 4656 752 4729 pria
780 4661 870 4712 est
900 4657 1313 4728 postPrimum
1337 4660 1465 4730 (92),
1498 4661 1766 4718 inferiori
1795 4664 1999 4736 aliquo

413 4757 457 4794 ⁸⁸
486 4755 640 4814 Psal.
673 4773 800 4826 Lxx,
833 4759 921 4812 25.
998 4755 1042 4792 ⁸⁸
1065 4755 1200 4813 Luc.
1232 4773 1269 4827 ι,
1297 4760 1485 4814 26-28.
1561 4758 1608 4794 σο
1629 4759 1773 4817 ibid.
1807 4766 1896 4818 26.

2187 2528 2240 2583 I'.
2300 2524 2608 2595 Ἀπεστάλη
2666 2525 2788 2600 γὰρ,
2847 2523 3034 2604 φησὶν,
3095 2523 3198 2578 ὑπὸ
3254 2519 3348 2578 τοῦ
3413 2525 3545 2576 Θεοῦ
3594 2520 3759 2596 65y-

2114 2613 2278 2688 γελος
2355 2610 2604 2690 Γαϐριὴλ
2679 2616 2817 2689 πρὸς
2907 2611 3178 2688 Παρθένον
3267 2609 3752 2686 μεμνηπευμένην

2113 2701 2266 2779 ἀνδρὶ
2298 2706 2344 2778 ᾧ
2376 2701 2550 2778 ὄνομα
2582 2705 2802 2782 Ἰωσὴφ,
2837 2701 2888 2774 ἐξ
2921 2700 3074 2757 οἷ’κου
3098 2695 3292 2768 Λαόὶδ,
3339 2699 3426 2756 καὶ
3455 2701 3518 2754 τὸ
3577 2697 3759 2773 ὄνομα

2112 2799 2213 2863 τῆς
2248 2791 2522 2869 Παρθένου
2554 2793 2804 2868 Μαριᾶμο
2835 2792 2922 2847 καὶ
2959 2789 3215 2854 εἰσελθὼν
3247 2791 3274 2844 6
3307 2787 3556 2866 ἅγγελος,
3613 2787 3755 2864 πρὸς

2113 2881 2280 2953 αὐτὴν
2312 2885 2448 2936 εἷπε·
2482 2883 2672 2955 Χαῖρε,
2704 2879 3148 2956 κεχαριτωμένη,
3177 2879 3204 2933 6
3237 2879 3436 2954 Κύριος
3463 2879 3598 2951 μετᾶ
3628 2881 3754 2934 σοῦ.

2112 2970 2456 3047 εὐλογημένη
2495 2969 2558 3024 σὺ
2589 2971 2642 3026 ὲν
2663 2968 2890 3046 γυναιξί.

2179 3060 2260 3116 Τὰ
2293 3061 2462 3134 μείζω
2519 3065 2628 3115 τῶν
2693 3059 3242 3137 μεγαλουργημοὶτων
3283 3061 3352 3132 τῇ
3380 3055 3478 3112 τοῦ
3517 3053 3760 3114 Κτίστου

2110 3149 2424 3224 Μητρὶτήν
2485 3147 2878 3228 ὀφειλομένην,
2937 3149 3011 3212 ὡς
3070 3145 3340 3225 βασιλίδι,
3409 3145 3759 3223 λειτουργίαν

2107 3235 2364 3294 ἀπεδίδου
2420 3239 2482 3294 τὸ
2571 3240 2837 3316 ὑπερφυὲς
2925 3237 3362 3312 διακονησομένῃ
3425 3239 3754 3314 μυστήριον·

2112 3337 2186 3399 Γῆ
2238 3332 2339 3400 τὴν
2395 3332 2727 3402 σεμνοτάτην
2785 3328 3018 3401 οἷ’κησιν,
3077 3330 3172 3399 τήν
3229 3330 3434 3404 τροφήν
3504 3327 3758 3403 οὐρανὸς,

2110 3416 2347 3496 ἅγγελος
2404 3425 2506 3488 τῆς
2562 3425 2772 3496 τροφῆς
2825 3417 3094 3474 ἐδείκνυτο
3150 3417 3371 3492 ταμίας.
3431 3415 3606 3475 Ἀλλὰ
3659 3417 3760 3472 καὶ

2101 3509 2200 3578 τήν
2234 3507 2548 3581 ἐπωνυμίαν
2581 3509 2774 3563 ἑαυτοῦ
2804 3509 2917 3577 νῦν,
2977 3507 3051 3569 ὡς
3112 3504 3394 3577 οὐδέποτε,
3441 3505 3754 3577 καλλίστην

2103 3595 2392 3669 ἀπέδειξεψ
2443 3600 2658 3675 ἀγαθῶν
2712 3599 2813 3674 γὰρ
2880 3599 3144 3654 τοιούτων
3210 3595 3445 3676 ἄγγελος
3485 3593 3754 3652 οὐδέποτε

2102 3687 2360 3764 ἐγεγόνει.

2175 3860 2333 3920 Ἀλλ’
2361 3861 2465 3918 ἱιπὸ
2490 3867 2587 3918 τοῦ
2610 3867 2764 3927 θεοῦ,
2833 3861 3020 3941 φησὶν,
3078 3859 3356 3934 ἀπεστάλη
3414 3863 3442 3918 ὁ
3489 3859 3748 3940 ἄγγελος·

2104 3955 2277 4007 Τοῦτο
2306 3951 2427 4014 τοῖς
2470 3953 2594 4028 πρὶν
2644 3951 2718 4012 ὡς
2765 3949 2976 4008 ἐναντία
3029 3953 3098 4006 τδι
3170 3953 3412 4026 παρόντα
3461 3950 3755 4006 αἰνίττεται

2103 4039 2182 4097 Οὐ
2221 4041 2325 4115 γὰρ
2383 4042 2512 4112 παρ’
2569 4041 2758 4096 ἑαυτοῦ
2823 4045 2914 4095 νῦν
2966 4041 2994 4096 6
3051 4035 3324 4117 Γαϐριὴλ,
3381 4038 3618 4114 καθάπερ
3676 4044 3756 4114 τῇ

2102 4131 2424 4203 προμήτορι
2466 4129 2776 4203 προσῆλθεν
2835 4130 2862 4183 6
2921 4127 3129 4200 δόλιος,
3191 4127 3318 4184 οὐδὲ
3377 4130 3510 4184 Θεοῦ
3563 4134 3760 4184 πατεῖν

2109 4218 2426 4287 ὑποτίθησιν
2487 4218 2669 4292 ὅρους·
2738 4215 2884 4273 ἀλλὰ
2911 4219 3002 4273 καὶ
3054 4218 3356 4288 ἀπεστάλη,
3389 4220 3480 4273 καὶ
3508 4219 3575 4274 τὰ
3611 4220 3759 4274 κατὰ

2106 4306 2248 4370 θείαν
2306 4305 2582 4382 ἐξεπέρανε
2639 4308 2888 4382 γνώμην
2949 4306 3256 4378 Ἀπεστάλη
3313 4305 3501 4379 δὲ,’ίνα
3527 4310 3595 4381 τῇ
3630 4305 3757 4362 δια-

2103 4393 2260 4468 κονίᾳ
2312 4395 2480 4471 ταύτῃ
2543 4395 2926 4471 λαμπρότερος
2998 4397 3191 4452 ἑαυτοῦ
3278 4398 3520 4474 γένηται.
3605 4395 3762 4454 Οὐδὲ

2102 4485 2204 4560 γὰρ
2262 4485 2428 4559 μέσου
2483 4483 2566 4556 ἂν,
2634 4485 2678 4539 εἰ
2742 4487 2817 4557 μὴ
2876 4489 3036 4540 τοῦτο
3089 4479 3344 4558 ἔμελλεν,
3431 4487 3464 4555 ἡ
3551 4486 3755 4560 πρώτη

2109 4577 2245 4649 μετᾶ
2292 4576 2353 4630 τὸ
2400 4579 2620 4651 πρῶτον
2677 4572 2855 4630 ἐδεῖτο
2913 4581 3008 4630 τοῦ
3061 4573 3372 4644 ἐλάττονος,
3430 4577 3530 4646 τὴν
3588 4595 3762 4648 προσ-

2107 4661 2305 4718 λαλιὰν
2334 4662 2542 4734 ἐκείνην
2577 4665 2800 4719 ἀκοῦσαι
2852 4661 3040 4736 δεῆσαι
3092 4661 3309 4736 δεῆσαν.
3340 4667 3408 4724 Ἥ
3461 4665 3561 4741 γὰρ
3619 4664 3684 4719 ἄν
3723 4666 3758 4720 ὁ

1698 4885 1846 4942 Ant.
1881 4882 2174 4946 Ballerini
2202 4889 2388 4946 notae.

337 5020 478 5071 tunc
500 5013 654 5086 (quas
676 5012 799 5086 fuit
817 5010 1403 5086 sapientissimorum
1435 5012 1843 5086 theologorum
1869 5031 1995 5069 sen-

2106 5035 2224 5100 non
2258 5018 2432 5100 modo
2463 5035 2497 5100 ᾳ
2528 5017 2920 5100 prmsentibus
2940 5017 3168 5100 absint,
3203 5017 3304 5100 sed
3363 5019 3628 5100 opposite
3689 5038 3763 5076 se

337 5081 1517 5171 ten-tia):quan‘ilibet'cmlestium‘quo‘que
1551 5084 1876 5155 Spirituum
1896 5103 1996 5142 ex-
2027 5106 2074 5171 Β
2105 5089 2358 5171 invicem
2390 5081 2687 5171 habeant;
2703 5091 3051 5171 Non-potest
3083 5081 3220 5171 ergo
3253 5081 3458 5157 Marth
3486 5108 3615 5171 qua}
3645 5109 3764 5162 pro

343 5154 682 5214 cellentiam
715 5157 888 5226 longe
921 5154 1507 5226 praatergrederetur.

413 5229 674 5299 (9l)Cum
699 5225 850 5282 Deus
883 5225 944 5280 in
969 5225 1210 5299 homine
1237 5226 1992 5299 reparandomconomiam

345 5297 639 5370 selegerit,
664 5315 794 5368 quin
821 5297 1164 5370 (nconomim
1193 5297 1396 5367 primm
1421 5297 1784 5355 conditionis
1815 5300 1993 5370 plane

346 5369 704 5442 respondeat
738 5385 751 5432 ;
781 5372 1014 5442 namut
1035 5369 1485 5442 Clirysostomus
1507 5370 1702 5440 inquit
1727 5369 1908 5442 (hom.
1935 5373 1994 5428 in

349 5441 835 5514 Sr.gl?ascha.n,2.
871 5441 1014 5510 Opp.
1052 5443 1190 5493 tom.
1238 5441 1336 5504 Ill,
1375 5457 1510 5514 pag.
1564 5446 1686 5503 752,
1730 5441 1829 5512 per
1871 5458 1997 5514 quin

355 5510 608 5584 diabolus
636 5525 733 5584 nos
765 5514 1126 5578 expugnavit,
1147 5528 1330 5584 perea
1361 5510 1486 5582 ipsa
1519 5510 1769 5568 Christus
1818 5510 1994 5584 ipsum

351 5583 628 5656 superavit
659 5597 680 5644 ,'
712 5581 792 5634 ita
830 5588 1028 5636 tamen
1075 5581 1719 5656 veterilius’prmscmia
1750 5581 1997 5656 ms‘pon_

351 5653 513 5722 dent,
546 5658 610 5706 ut
632 5669 998 5724 quaecunque
1021 5653 1094 5708 ad
1108 5653 1426 5724 pristinum
1449 5655 1680 5728 lapsum
1705 5653 1992 5727 spectant,

2105 5163 2220 5286 ἶζνῑι
2261 5161 2398 5243 data
2476 5168 2588 5231 est,
2646 5164 2776 5216 Eva)
2842 5161 3042 5233 lapsus
3092 5161 3394 5232 utcunque
3454 5161 3764 5235 particeps

2125 5249 2334 5286 ιίιιθιί.

2125 5249 2334 5287 lallel‘l.

2177 5304 2289 5373 (92)
2314 5303 2502 5358 llabes
2557 5304 2653 5358 hic
2685 5319 3066 5358 communem
3102 5303 3196 5360 SS.
3231 5306 3468 5359 Patrum
3529 5305 3765 5360 doctri-

2104 5390 2267 5440 ntun,
2301 5381 2434 5444 post
2464 5377 2644 5428 Deum
2680 5375 2830 5428 nihil
2863 5376 3040 5430 Maria
3063 5375 3274 5445 majus,
3309 5375 3459 5429 nihil
3491 5377 3763 5434 nobili'is

2105 5445 2406 5498 exsistere.
2446 5449 2516 5498 At
2547 5447 2790 5516 insuper
2821 5447 2908 5500 fac
2952 5447 3242 5514 advertas,
3285 5447 3410 5501 haec
3442 5447 3512 5502 de
3546 5454 3764 5506 sancta

2109 5517 2340 5583 Virgine
2373 5518 3008 5588 aftirmari,antequain
3041 5519 3094 5571 ei
3127 5519 3402 5572 nuntium
3433 5518 3506 5573 ab
3538 5520 3761 5588 angelo

2105 5587 2581 5662 del‘erre_t_ur.i\'on
2614 5605 2748 5659 ergo
2781 5587 3253 5662 adcelsissimam
3271 5591 3539 5644 omnium
3565 5591 3762 5662 digni-

2103 5664 2282 5713 tatem
2313 5658 2522 5714 divinae
2553 5658 2953 5716 maternitatis
2995 5660 3054 5714 id
3087 5667 3332 5733 spectat,
3365 5662 3469 5716 sed
3499 5662 3572 5717 ad
3603 5658 3764 5718 insi-
