4090 6208
364 385 438 445 8Ἰ
1549 372 1839 436 ISIDORI
1881 371 2639 437 THESSALONICENSIS

3703 381 3790 443 88

367 518 567 590 ginem
600 515 752 582 dico,
780 529 909 583 qua:
943 511 1098 566 inter
1130 511 1408 580 cognatos
1430 524 1569 562 suos
1589 523 1756 562 coeno
1770 506 2011 561 obrutos

2149 505 2230 578 τρό
2291 525 2355 581 γε
2401 504 2620 561 πάντων
2675 508 2784 560 τῶν
2834 506 2974 562 νόων
3043 506 3135 562 τὸν
3201 506 3650 588 ἀρχιστράτηγον
3711 508 3783 581 δὴ

370 605 700 662 coruscavit
725 605 858 673 (923),
889 598 1038 655 nihil
1069 596 1228 653 aliud
1261 595 1490 652 accedit
1543 596 1809 668 propius,
1841 611 2020 666 quam

2132 591 2522 671 φαιδρυνθῆναι
2550 599 2766 650 τοῦτον.

370 695 649 751 homines
683 691 814 759 ;bis
845 704 978 744 vero
1011 687 1322 759 proximus
1353 703 1482 741 esse
1513 685 1732 741 dicitur
1762 685 2146 756 incorporeus
2177 685 2463 740 Gabrielis
2495 685 2660 741 ordo.
2711 687 2826 741 Has
2858 687 3038 758 igitur
3065 687 3138 742 ob
3171 703 3378 743 causas
3409 706 3654 761 prorsus
3677 709 3790 763 par

373 788 520 849 erat,
553 797 674 852 prae
706 777 984 834 omnibus
1016 775 1484 847 intelligentibus
1512 774 1859 830 substantiis
1881 774 2041 830 hunc
2073 774 2330 830 ccrlestis
2363 776 2655 830 exercitus
2678 775 2888 831 ducem
2923 776 3282 832 collustrari.

443 873 565 928 XII.
587 870 823 926 Primus
857 885 995 940 ergo
1021 869 1116 924 bic
1147 866 1482 922 illustratur
1523 872 1648 921 tum
1676 865 1749 921 ob
1781 865 2026 938 propin-

373 963 682 1034 quitatem,
705 965 831 1014 tum
855 959 1033 1013 etiam
1057 962 1300 1030 propter
1329 955 1474 1011 illud
1530 955 1834 1026 gaudium,
1865 954 2027 1025 quod

371 1053 496 1123 ipse
529 1049 746 1116 attulit,
781 1048 1000 1120 quippe
1033 1047 1134 1118 qui
1168 1045 1467 1117 particeps
1499 1048 1744 1100 elI‘ectus
1774 1050 1865 1099 est
1884 1043 2025 1098 boni

370 1142 552 1212 illius,
581 1139 740 1212 quod
771 1139 1053 1204 adduxit;
1085 1154 1208 1193 non
1277 1153 1446 1192 secus
1481 1153 1548 1192 ac
1579 1136 1682 1206 qui
1715 1135 1886 1191 alteri
1917 1151 2023 1190 un-

370 1237 654 1303 guentum
676 1229 1048 1300 praebet,una
1075 1243 1210 1282 cum
1242 1227 1448 1297 eo,qui
1483 1225 1713 1298 recipit,
1746 1225 2024 1280 virtutem

371 1338 444 1375 ex
472 1324 774 1392 unguento
797 1323 1174 1372 emanantem
1206 1315 1539 1388 participat.

443 1409 644 1480 Inquit
671 1407 851 1479 igitur
874 1423 888 1461 :
920 1409 1027 1461 Ave
1040 1408 1228 1476 gratia
1248 1405 1438 1476 plena,
1473 1405 1733 1460 Dominus
1761 1411 1936 1460 tecum
1952 1403 2023 1460 ⁸³.

371 1502 500 1556 Non
531 1503 762 1570 poterat
792 1496 1023 1552 Gabriel
1061 1495 1532 1568 magnitudinem
1565 1494 1762 1567 gaudii
1821 1495 1974 1549 ferre
2009 1509 2024 1560 ;

373 1606 440 1644 ac
469 1588 647 1643 veluti
678 1587 970 1642 festinans
1001 1601 1278 1657 magnum
1311 1583 1454 1639 illud
1501 1583 1700 1656 gaudii
1731 1583 1962 1654 pondus
1991 1599 2027 1639 θ.

373 1695 436 1731 se
468 1677 596 1748 ipso
625 1677 687 1730 in
721 1693 878 1743 eum,
911 1675 1012 1745 qui
1039 1675 1192 1729 ferre
1249 1673 1396 1728 illud
1449 1679 1669 1745 posset,
1703 1673 2022 1744 deponere,

375 1765 709 1838 purissimae
740 1764 898 1820 illius
928 1779 1152 1818 nomen
1179 1762 1399 1818 oblitus
1430 1767 1539 1828 est,
1573 1766 1631 1816 et
1660 1761 1839 1816 veluti
1871 1777 2027 1817 com-

376 1854 664 1926 pellandm
695 1853 856 1909 illius
886 1851 1429 1919 immemor,statim
1458 1851 1604 1906 illud
1634 1851 2028 1924 Aveporrigit,

376 1944 536 2014 quod
564 1943 823 2014 gerebat.
855 1944 940 1997 Tu
997 1942 1198 2014 igitur,
1256 1941 1473 2011 inquit,
1529 1957 1591 1995 es
1631 1942 1813 2011 gratia
1836 1941 2031 2011 plena,

377 2039 438 2087 tu
467 2034 526 2086 in
564 2031 892 2087 mulieribus
921 2029 1539 2100 benedicta,etidcirco
1571 2029 1781 2101 gaude.
1814 2031 2032 2084 Tecum

378 2119 537 2174 enim
566 2119 982 2174 universorum
1039 2123 1130 2172 est
1185 2117 1497 2182 Dominus,
1556 2133 1667 2172 nec
1727 2117 2034 2188 quippiam

377 2209 592 2282 aptius,
627 2225 746 2280 quo
777 2213 834 2262 te
865 2207 1155 2278 alloquar,
1173 2206 1452 2272 occurrit,
1478 2220 1656 2275 quam
1683 2206 1819 2261 Ave.
1847 2205 2038 2276 Siqui-

379 2299 515 2353 dem
543 2314 722 2368 quem
753 2296 967 2352 cmlum
998 2301 1059 2350 et
1105 2299 1263 2349 terra
1293 2309 1526 2366 capere,
1557 2294 1825 2364 quamvis
1857 2294 1942 2348 eis
1973 2293 2040 2348 li-

382 2392 543 2443 ceret
565 2387 744 2442 etiam
765 2386 944 2442 latius
957 2402 1018 2440 se
1040 2383 1958 2456 protendere,nonpossent,ejus
1976 2388 2039 2439 tu

383 2476 628 2532 domum
659 2475 972 2545 auream(o
1002 2490 1218 2529 novum
1246 2477 1588 2544 portentum
1613 2473 2041 2544 l)temetipsam

386 2565 656 2621 effecisti.
711 2566 788 2620 Te
847 2564 1044 2636 igitur,
1100 2567 1386 2633 tanquam
1439 2562 1710 2618 omnium
1749 2562 2040 2636 reginam,

385 2669 658 2723 veneror,
691 2657 769 2720 et,
803 2652 976 2707 sicuti
1000 2651 1206 2723 jussus
1239 2667 1392 2718 sum,
1422 2650 1530 2705 Ave
1559 2650 1666 2705 tibi
1727 2649 2040 2706 annuntio.

455 2743 674 2810 Gaude,
733 2759 873 2798 nam
926 2747 1244 2814 propterea
1297 2747 1357 2795 et
1431 2741 1556 2812 ipse
1611 2756 1770 2796 nunc
1829 2739 2042 2812 gaudio

388 2833 598 2902 gestio,
625 2849 744 2888 non
775 2832 966 2887 solum
997 2837 1382 2903 propteream
1403 2831 1465 2885 in
1482 2830 1810 2886 nuntisndo
1825 2831 2044 2902 jucun-

386 2919 816 2991 ditatem,quau:
832 2920 1086 2991 quisque
1103 2919 1409 2974 laatissima
1424 2919 1707 2974 nuntians
1719 2919 2044 2990 experitur,

399 3009 500 3066 sed
525 3009 705 3064 etiam
753 3008 893 3082 quia
936 3023 1031 3064 me
1064 3009 1190 3080 ipso
1222 3008 1398 3080 plane
1446 3009 1656 3064 melior
1681 3008 1884 3073 evado,
1917 3024 2044 3063 am-

2208 865 2295 920 ω’
2341 871 2390 919 ψ
2457 860 2482 879 “
2524 862 2548 898 ·’
3010 863 3037 882 ⁷
3278 871 3311 900 ”-
3499 872 3528 884 '

2303 907 2316 922 .
2397 878 2703 936 αιορδνεται
2733 865 2916 920 τοίνυν
2977 885 3136 928 ουτος
3192 887 3414 941 πρωτος
3461 889 3531 942 τῃ
3587 890 3646 924 τε
3706 870 3798 948 ἐγ-

2135 953 2332 1027 γύτητι
2363 953 2452 1008 καὶ
2487 953 2624 1028 πρός
2673 974 2734 1029 γε
2789 952 2992 1026 τούτῳ,
3055 951 3126 1009 δι’
3185 957 3253 1026 ἢν
3306 955 3530 1030 ἐκόμιζε
3587 962 3796 1037 χαρὰν,

2134 1041 2227 1096 ’ἁτε
2280 1045 2378 1096 τοῦ
2423 1040 2790 1114 κομιζομένου
2836 1043 2928 1097 καὶ
2986 1043 3146 1108 αὐτὸς
3206 1044 3574 1125 μετειληφὼς,
3617 1050 3800 1112 καθά-

2132 1151 2232 1205 περ
2266 1131 2292 1184 6
2328 1129 2504 1205 μύρου
2537 1128 2860 1204 μεταδιδοὺς
2901 1139 3001 1202 τῆς
3054 1130 3253 1188 ἐκεῖθεν
3310 1133 3506 1209 ἀρετῆς
3535 1141 3798 1193 κοινωνεῖ

2131 1224 2210 1292 τῷ
2241 1217 2558 1294 δεχομένῳ.

2205 1401 2372 1473 Χαῖρε
2401 1399 2517 1468 οὖν,
2548 1398 2989 1474 κεχαριτωμένη,
3049 1402 3236 1480 φησὶν,
3295 1404 3324 1457 ὁ
3391 1402 3596 1477 Κύριος
3658 1406 3800 1478 μετὰ

2135 1491 2250 1542 σοῦ.
2283 1489 2394 1542 Ούκ
2424 1489 2538 1563 εἶχε
2564 1487 2744 1567 φέρειν
2784 1490 2812 1543 6
2871 1485 3120 1564 Γαϐριὴλ
3177 1492 3239 1546 τὸ
3295 1498 3395 1562 τῆς
3451 1499 3627 1568 χαρᾶς
3687 1493 3801 1568 μέ-

2133 1589 2311 1653 γεθος⁸
2371 1577 2460 1632 καὶ
2517 1577 2712 1632 ὡσανεὶ
2797 1577 3042 1634 σπεύδων
3113 1579 3178 1634 τὸ
3257 1579 3393 1656 μέγα
3460 1581 3634 1638 ἐκεῖνο
3696 1591 3802 1654 τῆς

2135 1672 2309 1745 χαρᾶς
2375 1673 2572 1741 χρῆμα
2627 1666 2718 1743 ἀφ’
2778 1667 2972 1722 ἑαυτοῦ
3029 1667 3296 1734 ἐπιθεῖναι
3347 1675 3426 1743 τῷ
3487 1667 3796 1746 δυναμένῳ,

2129 1759 2228 1810 τοῦ
2259 1754 2528 1828 ὀνόματος
2587 1753 2880 1811 ἐπελάϐετο
2947 1763 3048 1826 τῆς
3110 1757 3409 1834 Πανάγνου·
3469 1759 3560 1815 γαὶ
3617 1766 3790 1836 χαῖρε

2139 1839 2362 1897 δίδωσιν
2420 1842 2596 1912 εὐθὺς,
2646 1843 2780 1919 ὅπερ
2842 1845 2910 1913 ἧν
2986 1844 3184 1924 φέρων,
3240 1850 3341 1912 τῆς
3409 1849 3794 1926 προσηγορίας

2139 1929 2322 2008 ὥσπερ
2402 1931 2821 2006 ἀμνημονήσας.
2907 1934 2984 1990 Σὺ
3063 1933 3154 1990 οὖν
3217 1937 3272 1990 εἴ
3341 1937 3800 2012 κεχαριτωμένη,

2141 2021 2296 2100 φησὶ,
2359 2019 2421 2076 σύ
2480 2021 2533 2076 ἐν
2595 2022 2840 2098 γυναιξὶν
2902 2020 3280 2100 εὐλογημένη,
3329 2023 3420 2080 καὶ
3489 2023 3577 2080 διὰ
3631 2031 3801 2083 τοῦτο

2141 2115 2326 2189 χαῖρε.
2380 2113 2525 2166 Μετά
2564 2116 2662 2166 σοῦ
2716 2113 2817 2187 γὰρ
2878 2113 2906 2167 6
2963 2117 3072 2168 τῶν
3133 2111 3284 2169 ’ὀλων
3346 2115 3642 2188 Δεσπότης,
3703 2118 3802 2172 καὶ

2144 2197 2296 2255 οὐδὲν
2343 2199 2672 2272 οἶκειότερον
2728 2201 2764 2271 ἢ
2817 2207 2982 2278 χαῖρε
3061 2204 3145 2258 σοὶ
3224 2203 3558 2279 προσλαλεῖν
3647 2205 3808 2264 οἶδα.

2140 2292 2236 2348 Ὃν
2266 2291 2368 2368 γὰρ
2399 2290 2625 2366 οὐρανὸς
2655 2291 2745 2347 καὶ
2805 2294 2904 2366 γῆ,
2951 2291 3042 2346 καὶ
3100 2293 3146 2348 εἰ
3200 2293 3620 2351 πολλαπλάσιον
3675 2297 3810 2352 ἑαυ-

2143 2383 2253 2435 τῶν
2281 2380 2433 2456 εἶχον
2465 2379 2810 2451 διαταθῆναι,
2872 2387 3077 2456 χωρεῖν
3134 2381 3197 2437 οὐ
3254 2380 3590 2456 δεδύνηνται,
3650 2385 3809 2442 οἶκον

2146 2468 2378 2539 ἐκείνου,
2416 2466 2461 2523 ὥ
2493 2467 2768 2543 θαύματος
2798 2468 3106 2546 παραδόξου
3141 2474 3152 2528 !
3205 2475 3427 2543 σεαυτήν
3485 2473 3808 2550 έχρυσούρ-

2142 2579 2337 2632 γησας.
2371 2559 2467 2615 Καὶ
2525 2559 2599 2621 ὡς
2655 2559 2901 2615 ἁπάντων
2949 2561 3128 2616 τοίνυν
3187 2559 3426 2638 βασιλίδι
3484 2569 3807 2639 προσκυνῶ,

2145 2645 2235 2699 καὶ
2265 2645 2341 2707 ὡς
2371 2645 2736 2722 προσετάγην,
2768 2645 2938 2720 Καῖρέ
2967 2667 3052 2702 σοι
3083 2654 3413 2728 προσφωνῶ,

2219 2734 2465 2810 Καίροις,
2517 2734 2600 2790 ὅτι
2651 2733 2741 2790 διὰ
2793 2734 2955 2791 τοῦτο
3008 2741 3098 2792 νῦν
3155 2739 3342 2814 χαίρω
3372 2740 3462 2795 καὶ
3513 2741 3678 2803 αὐτὸς
3741 2741 3809 2796 οὐ

2145 2828 2226 2896 τῷ
2282 2828 2498 2896 τερπνῷ
2557 2826 2706 2898 μόνῳ
2762 2832 2862 2896 τῆς
2921 2825 3208 2901 ἀγγελίας,
3267 2827 3298 2884 6'
3364 2833 3559 2904 πρᾷσιν
3615 2829 3809 2886 ἕπεται

2151 2909 2572 2988 διαγγέλλουσιν
2600 2911 2818 2984 ἣδιστα,
2851 2912 2979 2970 ἄλλ’
3016 2916 3101 2972 ὅτι
3149 2917 3241 2971 καὶ
3302 2915 3538 2991 ἐμαυτοῦ
3572 2917 3809 2993 βελτίων

2158 3001 2376 3078 ἄπαρτι,
2408 3003 2499 3057 καὶ
2536 2998 2678 3058 νοεῖν
2740 3003 3057 3080 ὑψηλότερα
3103 3003 3488 3083 διαυγέστερος
3541 3007 3801 3083 γίνομαι⁰

387 3097 680 3172 pliorique
703 3098 928 3154 lumine
955 3096 1267 3153 collustror
1286 3097 1360 3152 ad
1385 3097 1734 3153 sublimiora
1765 3103 2033 3152 contem-

2149 3095 2318 3146 ταῦτα
2349 3087 2406 3146 δὲ
2433 3091 2501 3146 τὰ
2529 3093 2618 3162 σα,
2651 3093 2724 3155 ὧν
2781 3093 2907 3148 οὐτε
2963 3092 3396 3171 παραδοξότερον
3457 3097 3572 3161 οὔθ’
3637 3096 3814 3173 ὑπέρ-

386 3188 635 3262 planda.
666 3189 982 3260 haacporro
1015 3193 1115 3244 tua
1143 3188 1407 3259 profecto
1448 3193 1606 3255 sunt,
1641 3187 1856 3258 quibus
1887 3187 2040 3242 nihil

387 3277 720 3334 mirabilius
750 3294 818 3334 ac
866 3277 1183 3333 sublimius
1215 3283 1306 3332 est
1361 3277 1534 3334 nihil.
1561 3276 1726 3342 Quod
1775 3277 1824 3332 si
1883 3277 2039 3347 quis,

389 3369 629 3444 quando
661 3370 865 3426 suavia
893 3368 1476 3441 pertractet,gaudet,
1508 3367 1741 3424 etiamsi
1764 3367 2041 3438 inipsum

391 3460 583 3516 solum
605 3459 899 3515 redundet
917 3457 1197 3531 gaudium
1221 3475 1236 3524 ;
1261 3473 1396 3513 cum
1453 3463 1518 3512 tu
1576 3456 1888 3512 dulcedine
1919 3472 2046 3527 per-

387 3549 625 3618 fruaris,
657 3565 788 3620 quaa
837 3546 1254 3621 cogitationem
1280 3563 1518 3602 omnem
1567 3551 1903 3618 exsuperat,
1960 3550 2043 3600 te-

2145 3201 2300 3256 τερον
2333 3177 2506 3238 οὐδέν.
2547 3181 2612 3236 Εἰ
2645 3179 2704 3236 δὲ
2754 3188 2873 3245 τοῖς
2924 3181 3110 3253 ἡδέσιν
3157 3185 3207 3240 εἲ
3260 3206 3344 3248 τις
3401 3187 3812 3262 προσομιλοίη,

2149 3270 2357 3345 χαίρει,
2410 3267 2506 3324 κᾶν
2552 3269 2629 3334 εἷς
2683 3271 2845 3328 αὐτὸν
2915 3274 2949 3342 ἡ
3005 3272 3193 3348 τέρψις
3256 3273 3535 3346 ἐλίττηται
3611 3277 3810 3352 μόνον,

2152 3361 2280 3415 ὅταν
2336 3357 2662 3434 γλυκασμοῦ
2741 3362 2836 3435 μὶν
2912 3362 3046 3439 ὑπὲρ
3103 3357 3307 3419 ἔννοιαν
3355 3364 3658 3440 ἀπολαύῃς,
3712 3368 3816 3422 σὺν

2155 3449 2240 3504 σοὶ
2299 3447 2358 3504 δὲ
2409 3451 2501 3504 καὶ
2556 3450 2734 3514 κτίσις
2784 3451 2986 3521 ἅπασα,
3044 3453 3136 3508 καὶ
3221 3454 3250 3508 6
3319 3452 3578 3525 Πλάστης
3633 3456 3811 3533 χαίρῃ

2155 3541 2304 3613 θεὸς,
2337 3540 2391 3596 τί
2419 3540 2478 3596 ἅν
2499 3562 2583 3604 τις
2607 3541 2732 3617 περὶ
2761 3547 2856 3597 σοῦ
2887 3543 3018 3622 φαίη
3057 3563 3070 3613 ;

386 3656 522 3695 cum
543 3654 682 3694 vero
713 3635 1010 3710 gaudeant
1041 3642 1100 3692 et
1128 3652 1336 3692 omnes
1369 3635 1550 3690 simul
1580 3640 1955 3703 creaturaa,et
1980 3633 2224 3689 Creator
2243 3632 2419 3698 Deus,
2437 3633 2581 3704 quid
2607 3632 2850 3689 demum
2867 3633 2938 3689 de
2973 3641 3026 3690 te
3047 3635 3245 3692 dicere
3270 3638 3564 3711 quispiam
3577 3641 3814 3711 possit?

448 3728 594 3782 XIII.
627 3729 743 3782 Ave
771 3726 971 3800 igitur,
1003 3728 1190 3796 gratia
1212 3726 1404 3796 plena,
1454 3730 1514 3780 et
1559 3724 1792 3795 gaudio,
1852 3739 2026 3779 omne

376 3817 658 3890 gaudium
691 3815 1036 3881 excedente,
1083 3815 1300 3876 fruere.
1353 3833 1386 3871 0
1443 3815 1740 3870 benenicta.
1799 3813 2030 3868 Saluta-

376 3907 624 3972 tionem,
657 3922 775 3977 qua
808 3911 860 3961 te
893 3904 1266 3976 compellem,
1299 3905 1390 3959 his
1421 3903 1773 3958 nobiliorem
1803 3903 2030 3958 nullam

374 3994 676 4049 liabeo.Et
696 3994 816 4048 scio
843 3993 1143 4063 equidem,
1177 3992 1335 4064 quod
1366 3997 1628 4064 propter,
1663 4008 1820 4060 eum,
1853 4007 2031 4062 quem

368 4083 545 4156 juxta
573 4079 717 4134 felix
742 4096 942 4135 meum
967 4081 1244 4134 nuntium
1267 4087 1436 4135 utero
1467 4095 1658 4152 geres,
1690 4078 1863 4134 beata
1880 4096 2032 4150 prte-

378 4171 696 4238 dicaberis,
717 4175 774 4226 et
797 4169 1129 4242 magnificis
1151 4168 1425 4225 laudibus
1456 4169 1518 4222 in
1537 4183 1712 4224 omne
1733 4172 1968 4239 tempus
1998 4185 2033 4224 a

376 4261 583 4318 multis
600 4258 1456 4330 celebraris,quemadmodum
1471 4257 1873 4328 miraprorsus
1885 4257 1957 4312 de
1977 4263 2030 4312 te

2207 3723 2306 3778 ll".
2391 3725 2554 3794 Καῖρε
2636 3722 2840 3791 τοίνυν,
2930 3723 3373 3799 κεχαριτωμένη,
3441 3725 3532 3781 καὶ
3619 3734 3806 3802 χαρᾶς

2140 3808 2271 3883 ὑπὲρ
2331 3803 2469 3864 ἅπαν
2523 3811 2752 3884 τερπνὸν
2812 3810 3080 3880 ἀπόλαυε,
3137 3811 3513 3890 εὐλογημένη.
3581 3817 3806 3872 Τούτων

2139 3918 2227 3952 σοι
2295 3901 2404 3953 τῶν
2481 3900 2976 3978 προσφωνημάτων
3063 3901 3167 3957 οὐκ
3243 3901 3360 3982 ἔχω
3436 3911 3806 3980 προσαγαγεῖν

2137 3987 2490 4063 τιμιώτερον.
2525 3987 2630 4044 Καὶ
2662 3985 2784 4044 οἶδα
2841 3990 2941 4064 μὲν
2990 3991 3074 4046 ’ὁτι
3131 3992 3224 4047 καὶ
3283 3995 3523 4066 μακαρία
3569 3993 3810 4070 ἀκούσῃ,

2140 4073 2212 4131 δι’
2269 4078 2328 4131 δι
2367 4077 2504 4132 κατὰ
2554 4079 2624 4132 τα
2688 4076 2796 4151 ἐμὰ
2855 4079 3136 4154 βαστάσεις
3195 4081 3509 4157 εὐαγγέλια,
3560 4083 3651 4138 καὶ
3706 4105 3813 4157 με·

2139 4163 2512 4240 γαλοπρεπῶς
2547 4166 2719 4242 μέχρι
2776 4169 2980 4231 παντὸς
3039 4169 3332 4246 ὐμνηοησῃ
3368 4173 3513 4246 παρᾶ
3541 4170 3809 4245 πολλοῖς,

2139 4254 2277 4318 καθὰ
2326 4251 2599 4324 δήπουθεν
2641 4255 2734 4310 σὺν
2789 4257 3024 4331 Θαύματι
3080 4259 3206 4334 περὶ
3261 4264 3358 4314 σοῦ
3408 4262 3476 4316 τὰ
3521 4259 3811 4336 παράδοξα

375 4367 410 4405 a
439 4351 744 4422 pr0phetis
774 4366 909 4406 cum
928 4348 1322 4404 admiratione
1338 4346 1622 4420 prmdicta
1649 4347 2032 4402 fuerunt.Sed

2149 4345 2577 4417 προκεκηρυκται
2606 4349 2726 4409 τοῖς
2777 4349 3112 4424 προφήταις.
3155 4346 3310 4405 Ἀλλ’
3368 4346 3492 4406 οὔτε
3543 4371 3628 4413 τις
3683 4356 3801 4407 τῶν

375 4455 568 4508 neque
600 4455 630 4494 e
653 4439 952 4494 veteribus
969 4439 1266 4510 quispiam
1299 4454 1452 4505 eam,
1473 4455 1604 4509 quas
1641 4439 1748 4494 tibi
1770 4436 2027 4505 obvenit,

377 4528 634 4582 faustam
693 4525 1179 4582 acclamationem
1234 4528 1573 4593 reservavit,
1628 4544 1822 4598 neque
1879 4543 2028 4598 prm-

379 4615 638 4671 sentium
694 4621 795 4670 aut
849 4615 1185 4670 futurorum
1243 4615 1458 4686 aliquis
1514 4615 1619 4670 tibi
1664 4633 1771 4688 pro
1805 4615 2030 4670 meritis

379 4703 624 4775 plausus
662 4701 847 4771 dabit,
897 4701 1018 4756 imo
1077 4717 1272 4772 neque
1306 4703 1353 4757 si
1385 4702 1458 4756 ad
1488 4703 1600 4758 hoc
1627 4701 2031 4774 praestandum

383 4808 592 4848 omnes
621 4791 797 4847 simul
827 4791 1139 4847 convenire
1171 4791 1561 4864 contingeret,
1619 4797 1910 4862 quotquot
1939 4789 2032 4844 vel
2059 4792 2066 4798 '

383 4889 522 4939 sunt
550 4881 637 4938 vel
666 4881 909 4938 fuerunt
945 4880 1037 4936 vel
1067 4887 1262 4950 erunt,
1313 4886 1372 4936 te
1405 4885 1606 4936 tamen
1638 4879 1850 4953 dignus
1873 4880 2030 4934 necti

383 4973 644 5046 hymnus
674 4977 896 5044 posset.

450 5063 646 5120 Gaude
677 5062 859 5136 igitur
887 5065 1128 5135 propter
1155 5063 1280 5118 haec
1305 5061 1577 5130 omnia,o
1609 5061 1873 5118 scientiae
1898 5079 2032 5134 pro-

378 5153 642 5210 funditas
670 5169 740 5210 ac
770 5152 1078 5224 sapientiai
1103 5151 1439 5220 altitudo,et
1474 5153 1781 5224 opulentia
1809 5152 2027 5224 gaudii,

465 5281 515 5317 ⁸³
549 5283 685 5338 Luc.
719 5299 761 5350 ι,
794 5283 884 5337 28.

2137 4429 2310 4486 πάλαι
2337 4433 2438 4500 τήν
2487 4434 2816 4509 γιγνομένην
2851 4431 3102 4492 διέσωσεν
3158 4435 3454 4509 εὐφημίαν,
3503 4436 3630 4495 οὔτε
3684 4445 3801 4496 τῶν

2136 4518 2487 4594 παρόντωνῆ
2519 4519 2820 4594 ἐσομένων,
2856 4522 2931 4586 ὡς
2989 4526 3236 4599 προσῆκέ
3291 4547 3400 4599 σοι,
3455 4529 3647 4606 φθάσει
3703 4531 3802 4585 τὸν

2136 4613 2352 4684 κρότοψ
2392 4612 2493 4681 ἔτι,
2524 4614 2614 4670 καὶ
2647 4611 2762 4669 οὐδ’
2819 4615 2864 4670 εἰ
2924 4623 3078 4687 πᾶσι,
3135 4623 3255 4681 τοῖς
3291 4640 3350 4676 τε
3399 4618 3538 4688 οὖσι,
3577 4623 3685 4696 πρό
3743 4643 3811 4680 τε

2139 4699 2287 4764 οὖσι,
2312 4705 2431 4764 τοῖς
2445 4702 2494 4755 τ’
2525 4699 2825 4774 ἐσομένοις,
2847 4702 2980 4779 ὑπὲρ
3002 4704 3198 4760 τούτου
3229 4704 3502 4771 συνελθεῖν
3529 4705 3808 4785 ἐγεγόνει,

2137 4787 2229 4842 τὸν
2258 4787 2440 4844 εἰκότα
2471 4787 2532 4845 ἄν
2564 4789 2732 4864 ὕμνον
2767 4789 3031 4868 ἐξεγένετο
3062 4793 3276 4866 πλέξαι.

2211 5065 2374 5136 Καῖρε
2400 5059 2596 5118 λοιπὸν
2643 5059 2733 5117 διὰ
2777 5067 2969 5136 ταῦτα,
3027 5062 3072 5119 ὧ
3144 5064 3310 5140 βάθος
3368 5063 3642 5142 γνώσεως,
3702 5070 3801 5126 καὶ

2141 5152 2334 5230 σοφίας
2363 5153 2526 5228 ὕψος,
2556 5154 2646 5208 καὶ
2694 5158 2871 5230 χαρᾶς
2924 5153 3194 5225 πλοῦτος,
3251 5157 3342 5211 καὶ
3403 5157 3650 5234 χαρίτων
3701 5161 3806 5224 θά-

1725 5407 1872 5466 Ant.
1907 5403 2207 5467 Ballerini
2248 5409 2435 5465 notae.

458 5537 568 5608 (95)
594 5537 916 5607 Imaginem
933 5537 2030 5608 habesluculentissimam,cujusmodi

388 5609 568 5666 fuerit
608 5609 870 5664 conditio
901 5609 1152 5678 Virginis
1181 5610 1255 5664 ad
1307 5610 1670 5680 reliquorum
1721 5610 2031 5664 hominum

2141 5536 2544 5592 conditionem
2579 5553 2591 5590 :
2625 5537 2783 5593 inter
2812 5555 3021 5596 omnes
3043 5540 3267 5597 scilicet
3293 5559 3460 5599 emno
3482 5545 3800 5605 sordentes

2141 5609 2267 5664 sola
2301 5608 2692 5664 mundissima
2721 5610 2974 5666 refulsit.
