4090 6208
243 411 320 475 89
1072 408 1342 470 SERMO
1383 408 1465 469 IN
1509 404 1895 469 ANNUN'I‘U

2010 403 2216 466 ONEM
2264 406 2335 465 B.
2383 403 2455 466 V.
2502 401 2816 465 ΜΑῐὶΙᾹΞ.
3579 402 3660 463 90

244 544 440 613 λασσα,
506 543 598 596 καὶ
661 542 954 612 θαυμάτων
997 539 1245 614 μέγεθος,
1293 539 1387 595 καὶ
1426 539 1668 610 πέλαγος
1697 535 1895 593 καλλο-

2018 543 2076 594 et
2104 539 2426 611 gratiarum
2452 543 2703 603 mare,et
2734 537 3154 593 miraculorum
3204 535 3569 609 magnitudo,
3605 539 3662 592 et

253 642 381 702 νῆς,
431 632 519 686 καὶ
580 629 898 704 μυστηρίων
958 630 1227 702 θησαυρός
1296 630 1307 686 ί
1364 630 1424 686 Ὀ
1481 628 1676 703 Κύριος
1768 628 1900 700 μετὰ

262 727 382 778 σοῦ.
439 720 535 783 Τίς
594 718 696 773 οὐκ
761 725 823 773 ἄν
887 716 1189 795 ἐκπλαγείη
1240 718 1304 772 τὸ
1328 719 1511 773 καινὸν
1542 725 1642 787 τῆς
1674 725 1775 787 σῆς
1807 738 1903 791 με-

264 812 665 886 ταλειότητοςς
724 813 891 868 Ποίος
957 812 1083 861 νοῦν
1134 812 1251 868 τοῖς
1311 804 1638 882 παραδόξοις
1688 806 1902 867 τούτοις

262 900 420 971 ἀξίως
455 898 920 975 ἐμσιλοχωρήσει
978 894 1253 969 θεάμασις
1315 895 1451 951 Ποία
1504 893 1715 951 διάνοια
1765 897 1901 970 πρὸς

258 991 387 1063 ὕψος
439 988 893 1061 ἁμιλληοήσεται
949 992 1058 1041 τῶν
1114 990 1203 1039 νῦν
1278 984 1413 1059 ὓπερ
1469 990 1646 1040 πᾶσαν
1703 992 1903 1055 πτῆσιν

252 1079 498 1153 αἰθερίως
530 1075 861 1142 διαθεόντων
898 1095 913 1144 ;
939 1075 1033 1137 Τίς
1064 1073 1359 1150 λογισμὸς,
1389 1079 1505 1137 τοῖς
1565 1074 1902 1151 ἀπορρήτοις

246 1169 469 1229 τούτοις
504 1165 887 1241 ἓμπετασθεὶς,
934 1170 1013 1235 τῷ
1042 1165 1212 1235 ἱκανῷ
1264 1172 1364 1233 τῆς
1427 1166 1678 1237 μυήσεως
1731 1185 1902 1219 κατα-

252 1254 366 1327 εας,
428 1258 866 1330 σεμνυθήσεταιε
931 1255 1070 1309 Ποία
1126 1255 1371 1331 γλῶσσα,
1458 1258 1651 1332 φωνῶν
1741 1252 1902 1324 ἂνθη,

248 1348 538 1422 χρυσαυγῆ
596 1346 692 1400 τὸν
748 1344 1006 1423 φθόγγον.
1057 1345 1146 1399 καὶ
1206 1341 1529 1416 πολυπρπῆ
1588 1344 1690 1412 τήν
1738 1341 1903 1416 λέξιν)

252 1438 639 1509 προσήκουσαν
696 1434 1102 1506 ἀπανθισαμενη
1169 1437 1288 1495 τοῖς
1354 1435 1615 1506 παροῦσιν
1680 1432 1901 1508 ἱστουρ-

250 1528 370 1603 γίαν
398 1526 653 1604 ἐξυφανεῖ
675 1544 690 1593 ;

319 1701 380 1756 Ὀ
413 1700 615 1771 Κύριος
664 1698 796 1770 μετᾶ
851 1699 973 1765 σοῦ,
1034 1695 1096 1749 οὗ
1151 1695 1390 1769 καθάπερ
1455 1694 1619 1766 μόνον
1678 1693 1730 1749 ἐν
1784 1699 1903 1756 τοῖς

254 1788 475 1851 λοιποῖς
504 1787 764 1857 κτίσμασι
804 1783 1066 1863 συνοχεὺς
1098 1782 1194 1853 ὢν,
1254 1782 1368 1838 οὐδ’
1418 1782 1598 1858 ὥσπερ
1658 1788 1901 1850 Μωυσεῖ,

2016 629 2340 684 venustatis
2354 628 2594 701 pelagus
2617 634 2675 682 et
2692 627 3110 699 mysteriorum
3135 627 3653 691 thesaurus,Domi—

2016 733 2120 771 nus
2150 717 2489 780 lecum.Quis
2512 733 2632 771 non
2655 716 3029 787 Obstupescat
3058 716 3508 787 magnificentia:
3542 721 3656 771 tua)

2018 807 2337 860 novitatem
2355 806 2781 877 (96)‘?Quaenam
2803 821 2972 860 mens
2987 822 3092 876 par
3104 821 3230 860 esse
3244 810 3422 875 queat
3442 811 3506 859 ut
3522 822 3660 859 con-

2019 893 2378 966 templandis
2410 895 2769 969 portentosis
2800 895 2960 949 hisce
2993 894 3347 965 spectaculis
3378 895 3659 949 immore-

2017 990 2114 1039 tur
2133 984 2160 1039 ?
2179 985 2316 1049 Quis
2339 984 2677 1040 intellectus
2699 984 2998 1054 poteritad
3013 981 3426 1038 celsitudinem
3452 999 3657 1038 eorum

2019 1090 2147 1129 sese
2169 1074 2550 1144 erigere,quaa
2574 1091 2749 1145 supra
2777 1090 3015 1128 omnem
3046 1073 3369 1128 cmlestium
3399 1073 3655 1129 volatum

2020 1164 2533 1228 excurrunt?Quaa
2555 1164 2853 1232 cogitatio,
2882 1179 3017 1218 cum
3058 1163 3131 1218 ad
3164 1164 3489 1219 ineffabilia
3535 1166 3661 1218 hzec

2018 1252 2807 1319 assurrexerit,descendens
2838 1252 3074 1324 gloriari
3105 1254 3458 1325 possit,satis
3489 1271 3549 1309 se
3587 1254 3660 1308 iis

2019 1341 2317 1411 mysteriis
2348 1341 2700 1395 instructam
2734 1355 2864 1394 esse
2885 1340 2911 1394 ?
2934 1341 3071 1404 Quae
3101 1342 3301 1413 lingua
3332 1341 3508 1396 ﬂores
3540 1342 3660 1396 col-

2020 1428 2208 1501 ligens
2232 1445 2730 1499 vocum,auroque
2762 1429 3050 1483 nitentem
3076 1429 3660 1494 sermonem,suavis-

2021 1518 2351 1588 simamque
2382 1518 2727 1587 dictionem,
2762 1517 3119 1589 condignum
3152 1519 3262 1574 hoc
3308 1525 3655 1592 argumento

2022 1625 2168 1680 opus
2199 1615 2478 1665 contexat
2496 1609 2524 1664 ?

2092 1701 2350 1754 Dominus
2372 1704 2694 1765 tecum,non
2729 1700 2899 1755 medo
2916 1705 2978 1755 ut
3002 1702 3063 1756 in
3093 1701 3342 1772 reliquis
3373 1701 3660 1756 creaturis

2020 1788 2222 1843 omnia
2252 1789 2565 1845 continens
2584 1806 2651 1845 ac
2682 1790 3113 1862 regens,neque
3139 1791 3327 1845 solum
3349 1790 3501 1845 sicut
3525 1807 3659 1845 cum

251 1879 341 1933 καὶ
372 1876 561 1947 Ἠλία.
592 1874 684 1930 καὶ
714 1881 830 1936 τοῖς
864 1874 1063 1938 ἄλλοις
1104 1880 1267 1942 συνῆν
1327 1874 1528 1947 ἁγίοις,
1593 1872 1895 1948 μεγαλουρ·

2018 1880 2211 1950 Moyse
2232 1886 2356 1934 erat
2388 1885 2446 1934 et
2474 1897 2607 1935 cum
2640 1880 3049 1951 Elia,cumque
3079 1879 3212 1935 aliis
3245 1881 3464 1936 sanctis
3495 1882 3658 1949 viris,

254 1973 367 2043 γῶν
419 1965 636 2035 obuias:
698 1964 833 2037 μετᾶ
886 1968 983 2018 σοῦ
1072 1963 1339 2037 θαύματα·
1424 1960 1550 2018 οὐδὲ
1631 1968 1724 2017 νῦν
1807 1964 1903 2036 μὲν

255 2056 410 2110 οἶκόν
469 2075 527 2109 σε
590 2054 986 2127 προσευρηκὼς
1038 2054 1213 2124 ἑαυτῷ
1270 2051 1602 2127 λαμπρυνεῖ,
1672 2054 1772 2122 τήν
1858 2050 1903 2106 δ’

251 2145 575 2217 οἰκονομίαν
632 2141 819 2198 ἔπειτα
900 2139 1219 2211 τετελεκὼς,
1302 2142 1402 2196 οὐκ
1474 2140 1619 2196 ἐσαεὶ
1710 2147 1906 2220 φωτιεῖ

254 2234 389 2307 μετᾶ
420 2237 521 2288 σοῦ
568 2232 636 2286 τα
694 2232 985 2305 σῦμπαντα
1038 2228 1349 2305 δᾳδοοχῶν·
1408 2228 1555 2286 ἀλλὰ
1614 2231 1748 2303 μετὰ
1806 2233 1900 2284 σοῦ

246 2327 277 2379 ὁ
330 2323 538 2398 Κιᾶριος
598 2321 743 2392 ξένον
805 2318 945 2389 δῆτα
1002 2320 1228 2397 τρόπον,
1287 2321 1349 2375 οὗ
1412 2323 1552 2394 μήτε
1613 2318 1901 2396 ὀφθαλμὸς

246 2411 466 2488 ᾔσθετο,
498 2413 587 2466 καὶ
620 2418 724 2483 οἴῳ
763 2409 927 2484 θύραν
967 2410 1065 2466 οὐκ
1119 2410 1352 2485 ἀνέῳγεν
1412 2412 1549 2481 ὦτα,
1608 2408 1753 2465 ἀλλὰ
1808 2410 1900 2463 καὶ

246 2500 557 2562 ἀναϐάσεως
596 2502 831 2574 κρείττω
882 2500 1223 2575 ἀνθρωπείας
1288 2497 1534 2575 καρδίας.
1599 2499 1746 2553 Μετᾶ
1801 2502 1899 2552 σοῦ

240 2593 367 2666 γὰρ,
413 2588 505 2644 διὰ
569 2591 674 2659 τὴν
740 2589 1177 2662 ἐξαστράπτουσα
1235 2584 1380 2664 ὥραν
1444 2596 1545 2659 τῆς
1604 2588 1748 2649 Θείας
1799 2609 1896 2643 σου

248 2686 458 2757 ψυχῆς,
518 2681 616 2741 τὰς
673 2686 773 2749 τῆς
827 2678 1069 2755 ἀρρήτου
1124 2685 1310 2748 θεϊκῆς
1368 2676 1578 2754 φύσεως
1636 2684 1751 2739 τοῖς
1805 2679 1900 2732 ἀν-

241 2774 486 2844 Θρώποις
536 2769 763 2830 ἀκτῖνας
844 2767 1166 2841 ἐπιλοὶμψει⁸
1256 2764 1345 2822 διὰ
1410 2768 1473 2821 τὸ
1538 2765 1898 2842 φαιδρότατον

248 2860 455 2924 καλλος
481 2866 587 2928 τῆς
627 2866 728 2927 τῆς
747 2858 970 2933 ἀρετῆς,
1002 2859 1102 2927 τήν
1134 2860 1258 2927 σὴν,
1307 2858 1373 2927 ἢν
1428 2856 1703 2932 ἠγάπησε,
1758 2878 1892 2932 μορ-

248 2951 345 3018 σήν
459 2954 708 3025 φανεῖται
811 2944 1311 3021 περιϐαλλόμενος
1403 2946 1494 3001 καὶ
1576 2949 1695 3007 τοῖς
1778 2952 1894 3008 σοῖς

246 3038 550 3113 ἆγμεᾶντοις
598 3034 827 3109 αἶ’μασιν
859 3035 1102 3106 ὲνωθεὶς,
1162 3032 1206 3089 ὣ
1252 3032 1559 3110 μυστηρίου
1615 3035 1765 3108 ξένου
1803 3037 1814 3091 !
1865 3036 1895 3090 δ

241 3128 340 3182 οὐκ
366 3128 463 3197 ἦν,
523 3126 586 3180 ἐκ
643 3129 741 3180 σοῦ
793 3122 885 3179 διὰ
952 3122 1010 3179 δὲ
1064 3126 1367 3199 γενήσεται,
1396 3127 1495 3195 τὴν
1530 3126 1628 3195 σήν
1669 3145 1729 3180 τε
1754 3122 1891 3196 ὅλην

2012 1968 2097 2023 sic
2157 1974 2349 2023 tecum
2388 1968 2678 2023 habitabit
2736 1969 3032 2023 mirabilia
3089 1986 3400 2040 operans;
3461 1986 3653 2039 neque

2011 2061 2324 2127 postquam
2358 2063 2436 2125 te,
2467 2062 2665 2129 aptam
2717 2058 2830 2111 sibi
2889 2057 3133 2112 domum
3191 2058 3516 2124 inventam,
3577 2056 3651 2112 ad

2012 2151 2244 2217 tempus
2272 2146 2673 2211 illustraverit,
2726 2147 2989 2217 perfecta
3044 2146 3183 2201 dein
3239 2146 3569 2201 (economia
3619 2163 3654 2201 a

2012 2236 2299 2290 creaturis
2330 2236 2607 2290 omnibus
2631 2242 2826 2291 tecum
2886 2236 3290 2291 illuminandis
3347 2235 3600 2292 cessabit
3635 2253 3648 2305 ;

2010 2325 2114 2380 sed
2144 2327 2408 2380 Dominus
2437 2332 2613 2380 tecum
2645 2342 2795 2381 nova
2850 2343 3092 2397 prorsus
3157 2327 3414 2395 ratione,
3472 2343 3652 2396 quam

2009 2429 2203 2485 neque
2234 2413 2438 2470 oculus
2467 2415 2631 2484 vidit,
2656 2432 2850 2485 neque
2881 2415 3042 2471 auris
3096 2416 3340 2479 audivit,
3400 2431 3650 2487 quaeque

2006 2503 2250 2558 humani
2264 2503 2457 2559 cordis
2470 2505 2823 2559 ascensione
2851 2505 3163 2559 sublimior
3179 2503 3585 2559 exsistit.Tecu
3595 2520 3650 2557 n1

2007 2593 2435 2665 enim,pr0pter
2465 2593 2844 2665 ell‘ulgentem
2875 2593 3086 2647 divina:
3116 2593 3327 2648 animae
3360 2599 3472 2649 tum
3516 2608 3647 2662 spe-

2006 2681 2156 2736 ciem
2189 2681 2507 2736 inel‘l‘abilis
2538 2681 2753 2736 divina)
2812 2687 3042 2735 naturae
3076 2682 3272 2737 radios
3304 2682 3645 2737 hominibus

2005 2771 2310 2836 eﬂ‘undet;
2345 2775 2587 2841 propter
2641 2770 3187 2841 splendidissimam
3245 2771 3477 2825 virtutis
3531 2775 3643 2825 tum

2002 2860 2533 2932 pulchritudinem,
2568 2864 2668 2914 tua
2697 2859 2906 2927 forma,
2939 2875 3118 2929 quam
3176 2858 3488 2925 adamavit,
3519 2859 3646 2913 cir-

2002 2948 2316 3004 cumdatus
2361 2948 2715 3021 apparebit;
2762 2954 2821 3003 et
2872 2964 3013 3003 cum
3087 2947 3470 3002 immaculato
3548 2951 3648 3002 tuo

2005 3037 2294 3109 sanguine
2326 3042 2517 3092 semet
2545 3036 2934 3109 conjungens,
2967 3037 3024 3109 (ο
3057 3036 3393 3092 inauditum
3424 3041 3649 3108 myste-

1999 3128 2159 3182 rium
2190 3126 2202 3181 !
2238 3128 2254 3199 )
2288 3126 2441 3198 quod
2476 3143 2598 3182 non
2630 3131 2778 3194 erat,
2809 3143 2881 3181 ex
2914 3132 2969 3181 te
2999 3131 3242 3198 propter
3271 3130 3348 3193 te,
3378 3131 3436 3180 et
3468 3130 3651 3181 totam

239 3217 413 3295 ρέρων
467 3214 675 3283 εἰκόνα,
731 3212 832 3269 τιιῦ
887 3233 947 3269 τε
1002 3213 1131 3276 Θεὸς
1188 3216 1321 3268 εἶναι
1382 3214 1458 3285 μὴ
1510 3211 1890 3286 ἐπιστάμενος.

2010 3224 2171 3273 tuam
2202 3234 2413 3290 gerens
2443 3218 2785 3291 imaginem.
2809 3234 2877 3273 ac
2907 3217 3338 3290 propemodum
3371 3234 3431 3272 se
3464 3220 3650 3273 Deum

238 3310 538 3369 Καντεῦθεν
588 3304 787 3367 Θεϊκῶς
848 3324 907 3358 τε
962 3304 1053 3358 καὶ
1113 3302 1547 3378 μεγαλοπρεπῶς
1605 3302 1893 3381 ἀντιφιλο-

238 3396 761 3470 τιμούμενος,δπερ
814 3392 958 3449 ἐστὶν
1008 3395 1036 3448 ὁ
1095 3393 1442 3469 Δημιουργὸς
1496 3393 1671 3470 φύσει,
1733 3395 1895 3449 τοῦτό

244 3504 326 3539 σοι
386 3483 580 3558 χάριτι
666 3485 1048 3557 καιπιοπρεπῶς
1130 3482 1551 3560 ἀντιχαριιῖται,
1647 3480 1735 3534 καὶ
1816 3481 1894 3543 εἷς

241 3573 442 3633 αἷῶνας
508 3570 649 3646 μετᾶ
708 3574 828 3641 σοῦ,
905 3569 980 3624 δι’
1050 3570 1123 3625 ὧν
1192 3591 1280 3625 σοι
1363 3571 1781 3643 κεκοινώνηκεν,
1839 3569 1893 3625 ἐν

238 3668 356 3725 τοῖς
399 3667 504 3717 τοῦ
581 3661 820 3736 ἀοράτου
880 3661 1090 3735 [ἰατρὸς
1155 3666 1306 3733 μενεῖ
1359 3658 1594 3722 κόλποις
1652 3661 1896 3715 ἀναπαυ-

239 3753 465 3825 άμενος.

309 3838 509 3895 Σὺκαὶ
543 3836 690 3915 γάλα
722 3834 1041 3913 παραδόξως
1103 3838 1346 3912 βλύσεις,
1401 3837 1517 3894 ἐπεὶ
1571 3839 1661 3893 καὶ
1720 3839 1896 3894 πάντα

242 3930 537 4000 θαυμάτων
581 3925 830 4003 γέμειτὰ
878 3929 966 3996 σὰ,
1025 3930 1059 3997 ἡ
1120 3926 1195 3989 εἷς
1254 3928 1573 4002 ἀνθρώπους
1634 3926 1891 4001 πρόοδος,

241 4029 275 4086 1t,
304 4023 404 4072 τοῦ
433 4018 613 4072 τόπου
644 4011 927 4089 διατριϐὴ,
958 4018 994 4085 ἡ
1039 4016 1084 4071 εί
1129 4014 1296 4086 τήνδε
1360 4018 1459 4085 τήν
1514 4015 1738 4085 ἡλικίαν
1798 4014 1891 4070 αὕ-

241 4109 389 4178 ξησις
425 4110 506 4180 μὴ
564 4112 685 4161 κατ’
759 4106 1083 4180 ἀνθρώπους
1141 4107 1525 4181 χορηγηθεῖσά
1577 4127 1683 4176 σοι,
1745 4108 1772 4161 ὁ
1806 4106 1894 4161 νῦν

242 4197 559 4274 ἀπόρρητος
618 4196 928 4269 ἀσπασμὸς,
1006 4197 1034 4249 ὁ
1121 4196 1256 4267 μετὰ
1345 4199 1536 4250 τοῦτον
1625 4196 1893 4270 ἑψόμενος

238 4288 421 4345 καινὸς
501 4285 688 4347 τόκος’
768 4284 860 4338 καὶ
912 4288 994 4356 τῷ
1050 4282 1283 4360 γάλακτι
1337 4290 1572 4353 ποτιεῖς,
1631 4285 1690 4346 ὃς
1758 4280 1894 4339 ἅπαν

240 4371 482 4436 εὐδοκίας
541 4372 863 4446 ἐμπίπλησι
926 4378 1092 4443 ζῶον,
1150 4371 1457 4448 ἐλευθερίαν
1531 4375 1677 4449 χειρὶ
1760 4395 1891 4449 συγ·

239 4470 461 4536 γωρῶν·
526 4462 617 4517 σαὶ
678 4468 861 4537 χεῖρες
919 4460 1184 4532 οἴσουσιν,
1240 4464 1303 4517 οὗ
1390 4462 1479 4518 καὶ
1567 4463 1625 4517 σε
1707 4469 1891 4538 χεῖρες

234 4549 553 4621 δεέττλαςαν,
590 4552 785 4626 ὁρατὸν
816 4573 876 4606 τε
908 4551 1115 4624 κόσμον
1169 4552 1433 4621 ὑπέστησε
1490 4552 1579 4606 καὶ
1634 4551 1889 4626 ἀόρατον,

2011 3324 2141 3362 esse
2173 3308 2412 3375 oblitus,
2448 3308 2567 3363 fiet.
2600 3309 2669 3361 Et
2700 3308 2912 3363 exinde
2944 3307 3142 3363 divina
3172 3324 3416 3378 prorsus
3446 3307 3649 3379 splen-

2004 3397 2261 3467 didaque
2293 3397 2524 3452 ratione
2559 3403 2751 3452 tecum
2779 3397 3193 3452 munificentia
3223 3394 3647 3467 certans,quod

2002 3486 2125 3556 ipse
2158 3487 2400 3541 Creator
2430 3493 2519 3542 est
2555 3491 2787 3555 natura,
2830 3487 2942 3542 hoc
2975 3487 3077 3542 tibi
3128 3502 3199 3541 ex
3256 3487 3443 3559 gratia
3491 3502 3652 3541 novo

2005 3575 2263 3645 quodam
2296 3576 2471 3631 modo
2503 3578 2759 3632 vicissim
2790 3576 3130 3648 elargietur,
3165 3581 3224 3629 et
3261 3582 3502 3647 propter
3558 3591 3647 3641 ea,

2003 3683 2133 3736 quze
2166 3670 2362 3721 tecum
2394 3666 2570 3721 habet
2628 3666 2993 3731 communia,
3025 3666 3087 3719 in
3147 3665 3282 3719 sinu
3338 3662 3647 3718 invisibilis

2002 3755 2195 3810 Patris
2225 3756 2541 3825 quiescens
2572 3756 2633 3811 in
2666 3755 2883 3809 stecula
2906 3759 3103 3809 tecum
3131 3753 3413 3808 manebit.

2073 3845 2184 3898 Lac
2215 3860 2449 3913 quoque
2482 3850 2543 3898 tu
2575 3843 2928 3898 mirabiliter
2958 3840 3645 3911 eil‘undes.’quandoqui-

2000 3934 2134 3987 dem
2165 3938 2263 3987 tua
2296 3934 2493 3987 omnia
2514 3932 2817 3987 miraculis
2840 3931 3016 4001 plena
3037 3935 3326 3999 sunt,tum
3344 3930 3645 4001 ingressus

2000 4022 2062 4075 in
2094 4022 2403 4076 hominum
2428 4022 2627 4088 vitam,
2662 4027 2787 4076 tum
2819 4018 2990 4075 sedes
3020 4018 3482 4075 conversationis
3506 4023 3641 4089 tum,

2000 4115 2125 4164 tum
2156 4109 2229 4165 ad
2262 4110 2415 4164 hanc
2445 4114 2680 4164 aetatem
2709 4109 3010 4181 provectio
3042 4125 3163 4164 non
3215 4108 3476 4162 humano
3536 4108 3641 4161 tibi

2000 4217 2165 4255 more
2196 4205 2559 4271 comparata,
2594 4205 2717 4253 tum
2758 4197 3077 4252 ineﬁ'abilis
3111 4196 3236 4251 huic
3258 4195 3556 4259 salutatio,
3582 4201 3641 4248 et

2001 4290 2102 4360 qui
2134 4294 2338 4360 postea
2369 4288 2765 4358 subsequetur
2792 4292 2996 4357 partus
3026 4302 3039 4351 ;
3102 4289 3159 4339 et
3215 4284 3365 4339 lacte
3405 4282 3639 4354 potabis

2000 4394 2157 4443 eum,
2191 4379 2292 4448 qui
2332 4377 2561 4431 liberali
2596 4392 2774 4430 manu
2803 4374 3092 4440 tribuens,
3126 4373 3315 4445 implet
3342 4389 3499 4428 omne
3520 4374 3642 4428 ani-

1998 4469 2111 4522 mal
2142 4466 2508 4521 benedictione
2525 4465 2569 4501 ¹³
2603 4481 2615 4530 ;
2657 4480 2871 4519 manus
2902 4469 3015 4518 tum
3065 4463 3237 4518 illum
3294 4462 3635 4535 portabunt,

2000 4557 2170 4627 cujus
2202 4572 2412 4610 manus
2445 4560 2499 4609 te
2532 4570 2766 4625 quoque
2798 4553 3491 4624 plasmaverunt,quique
3512 4552 3637 4607 solo

237 4642 476 4715 ἐννόημα
508 4641 701 4714 μόνον·
742 4640 873 4696 ἀλλ’
904 4641 950 4696 εἷ
1023 4641 1155 4714 μετᾶ
1214 4643 1367 4696 σοῦὁ
1426 4645 1648 4715 Κύριος,
1704 4640 1757 4695 τί
1809 4637 1889 4695 δεῖ

2010 4645 2216 4699 mentis
2240 4661 2360 4699 sum
2391 4649 2539 4697 nutu
2571 4642 2859 4697 visibilem
2893 4642 3113 4713 pariter
3142 4647 3319 4712 atque
3370 4640 3638 4694 invisibi-

236 4730 423 4786 πολλᾶ
481 4730 714 4804 λέγεινς
777 4726 1062 4804 Παράδοξα
1143 4729 1382 4799 παντῶς,
1467 4730 1557 4785 καί
1645 4727 1886 4791 διανοίας

236 4821 548 4896 ὑψηλότερα
579 4821 760 4888 πάσης
792 4819 884 4873 καὶ
915 4817 1078 4887 ἥλιος
1106 4815 1319 4894 ὄψεται,
1364 4819 1454 4875 καὶ
1504 4822 1759 4891 κροτήσει
1823 4819 1889 4874 τα

234 4912 435 4983 πέρατα
463 4909 554 4964 δια
582 4910 658 4963 σὲ.
706 4910 885 4983 Χαῖρε
940 4909 1140 4979 τοίνυν,
1195 4910 1646 4985 κεχαριτωμένη,
1703 4914 1883 4983 χαῖρε,

306 5042 350 5076 ⁸³
369 5042 525 5097 Psal.
560 5057 747 5109 cxuv,
785 5043 872 5094 16.

1992 4735 2112 4789 lem
2144 4733 2433 4788 mundum
2466 4749 2495 4787 e
2529 4731 2711 4786 nihilo
2744 4731 2964 4786 eduxit.
2999 4732 3234 4798 Verum,
3261 4729 3308 4783 si
3357 4729 3640 4783 Dominus

1996 4830 2214 4885 tecum,
2241 4822 2383 4893 quid
2415 4823 2585 4893 plura
2613 4838 2759 4892 opus
2785 4826 2874 4875 est
2899 4819 3053 4875 fari?
3106 4819 3284 4874 Plane
3346 4817 3639 4872 mirabilia

1997 4913 2271 4983 etquovis
2292 4912 2596 4966 intellectu
2615 4910 2960 4965 sublimiora
2981 4908 3069 4962 sol
3092 4908 3643 4976 videbit,etpropter

1596 5198 1740 5257 Ant.
1775 5196 2069 5258 Ballerini
2103 5203 2288 5258 notas.

306 5364 407 5433 (96)
440 5360 594 5418 Nihil
626 5374 774 5433 sane
819 5355 1195 5433 frequentius
1245 5357 1402 5430 apud
1457 5362 1683 5413 veteres
1742 5359 1887 5414 scri-

238 5430 423 5505 ptores
444 5432 727 5505 recurrit,
753 5445 935 5505 quam
968 5434 1033 5482 ut
1068 5430 1333 5500 Deipara,
1369 5446 1476 5484 ceu
1497 5447 1692 5505 nouum
1718 5447 1887 5501 opus,

238 5501 364 5561 nova
394 5502 879 5570 magniﬁcentia,
918 5516 1120 5555 novum
1163 5507 1477 5570 portentum
1535 5501 1885 5555 celebretur.

239 5584 443 5632 Atvero
466 5576 611 5647 quid
634 5576 699 5627 in
726 5589 788 5626 re
814 5588 960 5626 nova
982 5573 1303 5647 quierimus
1331 5571 1888 5647 quoddeterrimpm

242 5657 317 5703 est
351 5643 701 5703 Adamiticw
743 5643 1094 5698 vetustatis?
1144 5644 1294 5709 Quid
1342 5649 1550 5716 urgeat
1593 5643 1888 5716 quispiam

2000 5373 2379 5414 communem
2404 5357 2679 5411 humanm
2702 5360 2930 5410 natura:
2953 5353 3639 5421 ordinem,communes-

2000 5447 2113 5500 que
2145 5428 2489 5500 Adamiticae
2522 5428 2723 5500 stirpis
2753 5426 2929 5495 leges,
2964 5426 3200 5500 quando
3246 5428 3497 5490 constot,
3531 5443 3640 5480 no-

1998 5496 2123 5555 uum
2154 5499 2373 5553 idcirco
2408 5496 2714 5569 prmdicari
2744 5512 2916 5569 iopus,
2950 5496 3107 5569 quod
3138 5514 3173 5552 a
3194 5500 3494 5553 communi
3546 5514 3642 5551 or-

1999 5572 2134 5625 dine
2169 5571 2584 5639 consuetisque
2620 5568 2848 5641 legibus
2880 5568 3186 5625 discedit?
