4090 6208
377 401 450 462 9!
1540 393 1837 459 ISIDORI
1878 397 2645 460 THESSALONICENSIS
3709 399 3791 460 92

373 537 430 588 te
461 531 706 604 plausus
737 527 1013 586 attollent
1045 528 1195 583 fines
1227 531 1422 583 terrai.
1457 528 1572 584 Ave
1601 529 1800 602 igitur,
1832 534 2022 601 gratia

2141 529 2508 606 εὐλογημένη,
2542 532 2642 599 τῆς
2677 530 2816 604 μετᾶ
2843 529 2972 584 Θεὸν
3005 527 3241 609 φέρουσα
3290 526 3430 584 κατὰ
3484 529 3666 601 πάσης
3722 529 3794 584 τὰ

367 623 558 694 plena,
592 635 715 687 ave,
770 618 1069 682 benedicta,
1103 635 1233 688 qua)
1291 623 1566 674 naturam
1623 636 1862 676 omnem
1902 622 2021 678 Deo

375 711 723 767 inferiorem
755 724 1075 779 exsuperas
1104 709 1237 778 (97).

448 801 590 855 XIV.
652 800 779 863 Quae
833 814 955 852 cum
1020 795 1261 863 vidisset,
1321 796 1514 868 inquit
1561 797 1628 868 ⁵⁴,
1679 801 1901 856 turbata
1945 806 2022 856 est

378 891 437 943 in
463 903 706 943 sermone
736 887 873 955 ejus,
907 893 959 941 et
991 887 1270 954 cogitabat
1315 886 1500 956 qualis
1541 894 1673 943 esset
1717 888 1824 944 ista
1878 890 2024 944 salu-

380 976 880 1048 tatio.Perspexit
939 975 1403 1032 sublimissimus
1469 977 1804 1048 purissima:
1863 979 2022 1034 illius

379 1067 715 1121 intellectus
775 1065 916 1135 quid
947 1064 1181 1120 ditferat
1213 1065 1369 1119 inter
1400 1067 1585 1121 Deum
1620 1072 1677 1121 et
1707 1068 2019 1136 homines;

379 1161 503 1211 tum
533 1171 694 1224 vero,
719 1161 1010 1226 quantum
1045 1172 1116 1210 ex
1149 1155 1514 1226 benignitate
1549 1173 1655 1211 sua
1688 1173 1817 1212 sese
1868 1159 2020 1212 Deus

381 1246 816 1312 demitteret,ac
849 1245 1112 1315 mysterii
1139 1244 1566 1300 sublimitatem
1599 1245 2022 1316 obstupescens

379 1333 946 1390 considerabatd’rw
965 1334 1177 1405 gaudio
1191 1340 1388 1390 autem
1413 1335 1726 1390 exsultavit
1747 1335 2021 1406 religiose

381 1441 502 1479 non
521 1440 656 1478 vero
686 1422 1048 1490 formidavit,
1080 1439 1275 1493 neque
1308 1430 1626 1493 commota,
1661 1442 1854 1496 neque
1876 1442 2022 1497 prm-

380 1521 471 1570 ter
494 1512 737 1569 modum
763 1512 962 1568 animo
994 1513 1347 1568 conturbata
1377 1519 1484 1568 est.
1512 1516 1648 1569 Erat
1676 1514 1833 1569 enim
1864 1531 2024 1584 pror-

380 1621 479 1658 sus
506 1602 1192 1674 perspicacissima,adeo
1216 1603 1438 1674 ut,quis
1461 1603 2022 1670 adventasset,facil-

377 1694 521 1748 limo
545 1708 717 1746 nosse
741 1697 943 1762 posset
969 1693 1038 1745 Et
1068 1708 1208 1746 sane
1231 1691 1527 1761 illud,cum
1561 1695 2025 1761 vidisset,turbata

377 1789 476 1848 est,
527 1781 684 1836 hunc
734 1781 880 1834 mihi
930 1794 1171 1835 sensum
1235 1782 1490 1850 exhibet,
1541 1784 1710 1852 quasi
1761 1783 2020 1839 diceret:

377 1873 523 1925 Cum
581 1869 949 1940 pervidissct,
1001 1886 1068 1924 ac
1127 1876 1324 1925 mente
1373 1871 1654 1927 divinitus
1684 1872 2021 1927 collustrata

381 1961 800 2033 perspexisset,
862 1960 1195 2030 cujusmodi
1257 1961 1332 2014 sit
1389 1962 1490 2016 Dei
1542 1963 1908 2028 magnitudo,
1969 1968 2025 2017 et

383 2055 604 2122 quanta
635 2049 946 2104 hominum
977 2049 1252 2119 abjcctio,
1283 2051 1458 2106 corde
1485 2052 1744 2122 gaudens
1776 2053 2028 2108 exsulta-

379 2142 811 2213 bat,Deumque
834 2157 1082 2196 cernens
1107 2146 1416 2214 tantOpere
1439 2159 1568 2198 sese
1589 2143 2024 2212 demittentem,

384 2232 457 2288 ad
485 2231 682 2287 divina
714 2232 840 2287 haec
868 2235 1142 2302 portenta
1199 2232 1650 2304 obstupescebat
1677 2233 2026 2304 plaudebat-

388 2337 524 2393 que.
557 2320 845 2386 Quocirca
872 2319 1050 2375 etiam
1071 2320 1365 2393 cogitabat
1395 2321 1588 2392 qualis
1610 2327 1766 2377 esset
1805 2321 2029 2378 saluta-

388 2411 493 2478 tio,
525 2426 705 2481 quam
737 2423 970 2481 magna,
1009 2414 1067 2464 et
1093 2409 1421 2480 quamlibet
1478 2410 1754 2466 humanm
1811 2413 2027 2466 mentis

384 2499 502 2554 vim
525 2498 840 2555 excedens.
888 2500 1034 2554 Nam
1087 2501 1430 2567 commoveri,
1481 2499 1638 2570 quod
1686 2500 1844 2555 idem
1875 2501 2029 2556 valet

385 2607 452 2644 ac
467 2587 881 2659 perturbari,ln
903 2587 1084 2643 sacris
1116 2588 1330 2643 litteris
1361 2590 1538 2643 etiam
1555 2591 1833 2659 gaudendi
1855 2591 2030 2662 signi-

381 2679 720 2734 ﬁcationem
741 2678 1096 2745 habet,sicut
1116 2694 1250 2733 cum
1276 2678 1494 2732 dicitur
1512 2678 1592 2732 θῦε
1619 2681 2029 2734 Commoveatur

381 2785 535 2822 mare
563 2775 616 2822 et
647 2767 939 2838 plenitudo
970 2767 1123 2835 ejus;
1151 2767 1472 2835 gaudebunt
1494 2770 1675 2838 campi
1733 2775 1785 2823 et
1843 2771 2029 2824 omnia

380 2873 511 2928 qua:
543 2860 602 2912 in
633 2860 709 2912 eis
736 2863 884 2912 sunt.
919 2859 987 2910 Et
1016 2857 1127 2912 hoc
1157 2857 1336 2929 igitur
1363 2857 1490 2912 loco
1523 2876 1630 2929 per
1656 2858 1805 2914 illud
1832 2861 2026 2915 turba‘

386 2953 442 3000 ta
469 2953 569 3010 est,
601 2945 781 3000 simul
813 2945 1147 3000 ostenditur
1177 2951 1234 3000 et
1291 2946 1628 3013 exsultatio,
1689 2952 1748 3002 et
1794 2948 2028 3004 ferven-

386 3035 651 3090 tissimus
696 3033 1056 3089 admirandae
1101 3034 1262 3090 illius
1310 3035 1526 3090 animm
1584 3035 1843 3108 impetus
1901 3043 2026 3093 tum

379 3129 624 3195 propter
665 3128 988 3194 stuporem,
1024 3128 1147 3177 tum
1179 3129 1422 3194 propter
1478 3123 1750 3195 plausum
1805 3125 1878 3180 ad
1926 3126 2028 3182 illa

383 3211 482 3266 Dei
543 3216 837 3282 portenta,
899 3227 1020 3264 una
1079 3214 1280 3265 tamen
1329 3227 1464 3266 cum
1488 3228 1580 3280 eo,
1610 3213 1710 3282 qui
1768 3214 2025 3270 maxime

2131 622 2426 695 νικητήρια
2453 619 2688 699 φύσεως.

2227 805 2326 863 ΙΔ’.
2411 803 2478 859 Ἡ
2539 800 2597 856 δῖε
2680 799 2892 870 ίδουσα,
2952 799 3085 872 φησῖ
3143 797 3477 876 διεταράχθη
3558 799 3645 856 ἐπὶ
3707 805 3792 873 τῷ

2131 890 2286 967 λόγῳ
2314 890 2502 957 αὐτοῦ,
2534 891 2624 946 καὶ
2680 889 3012 966 διελογίζετο
3068 889 3312 952 ποταπὸς
3373 888 3456 960 εὛη
3514 890 3542 944 ὁ
3608 889 3793 946 ἀσπα-

2132 981 2268 1052 σμὸς
2301 981 2482 1042 οὗτος.
2514 977 2760 1036 Ἀπεῖδεν
2813 981 2841 1034 ὁ
2896 987 2996 1048 τῆς
3057 979 3335 1054 Πανάῖνου
3391 983 3514 1040 νοδς
3573 978 3791 1052 ὑψηλά.

2129 1091 2286 1132 τατος
2319 1076 2452 1125 Θεοῦ
2499 1072 2590 1125 καὶ
2637 1070 2942 1145 ἀνθρώπων
3001 1069 3064 1123 τὺ
3125 1066 3404 1146 διάφορον
3467 1069 3583 1124 εἶτα
3637 1070 3782 1143 πρὸς

2131 1163 2230 1231 τὴν
2257 1160 2513 1230 τοιαύτην
2574 1153 2998 1234 συγκατάθασιν,
3030 1159 3158 1229 ὅση,
3201 1159 3293 1213 καὶ
3339 1158 3400 1212 τὸ
3461 1159 3765 1234 μυστήριον

2132 1249 2403 1324 ἐξεπλάγη
2472 1253 2833 1305 κατανοοῦσα.
2893 1250 2995 1305 Καὶ
3053 1248 3140 1327 ὑφ’
3198 1245 3406 1317 ἡδονῆς
3465 1246 3786 1322 ἐσκίρτησεν

2132 1335 2402 1408 εὐλαϐῶς,
2433 1337 2559 1394 ἀλλ’
2592 1339 2692 1393 οὐκ
2723 1333 3016 1393 ἑδειλίασεν
3048 1333 3175 1392 οὐδὲ
3205 1334 3477 1406 διεσείσθη
3540 1337 3632 1392 καὶ
3681 1339 3790 1407 τὴν

2132 1431 2319 1506 ψυχὴν
2378 1427 2662 1506 ἀνώγαλος
2719 1427 2926 1506 γέγονε.
2987 1429 3135 1484 Ιίάνυ
3191 1427 3295 1503 γὰρ
3351 1428 3417 1496 ἦν
3449 1422 3786 1483 διαϐατικω-

2130 1518 2288 1587 τάτη,
2331 1517 2456 1572 ὥσθ’
2484 1518 2631 1578 ὅστις
2665 1517 2692 1570 ὁ
2725 1515 3072 1590 προσελθὼν,
3107 1516 3303 1579 θάττον
3353 1513 3500 1590 ἔχειν
3557 1514 3788 1574 εἷ’δὲναι.

2133 1608 2210 1665 Τὸ
2239 1605 2558 1684 γΞιρίδοῦσα
2605 1604 2965 1680 διεταράχθη,
3027 1606 3194 1661 τοῦτὸ
3258 1627 3354 1678 μοι
3416 1612 3558 1660 νοεῖν
3624 1604 3799 1662 δίδω-

2133 1718 2238 1768 σιν,
2270 1691 2821 1769 οἱονείἀποϐλὲψασα
2875 1696 2966 1749 καὶ
3027 1693 3286 1770 λογισμῷ
3341 1696 3594 1772 θεόφρονι
3657 1717 3792 1752 συν-

2134 1783 2534 1860 διασκεψαμένη
2595 1783 2645 1840 τί
2707 1786 2800 1857 μὶν
2856 1788 2992 1839 Θεοῦ
3022 1782 3274 1858 μέγεθος,
3303 1805 3356 1839 τι
3392 1781 3449 1838 δὲ
3479 1785 3789 1859 ἀνθρώπων

2134 1873 2396 1942 οὐθίνεια,
2431 1871 2701 1928 ἐπάλλετο
2733 1873 3007 1951 χαίρουσα
3063 1874 3163 1942 τὴν
3222 1869 3468 1948 καρδίαν·
3527 1875 3664 1949 πρὸς
3718 1877 3790 1930 τὰ

2133 1963 2248 2018 θεῖά
2277 1984 2337 2018 τε
2393 1957 2741 2035 ἐξεθαμϐεἶτο
2798 1960 2889 2016 καὶ
2966 1961 3172 2035 ἐκρότει
3247 1961 3542 2034 θαυμάσια,
3625 1963 3790 2033 τηλι-

2133 2053 2337 2124 καύτην
2392 2056 2523 2106 Θεοῦ
2599 2045 2992 2127 συγκατάϐασιν
3062 2047 3356 2107 ἀκούουσα.
3428 2052 3526 2106 Δια
3616 2057 3792 2108 ταῦτα

2135 2141 2225 2198 καὶ
2255 2141 2498 2202 ποταπὸς
2527 2138 2588 2195 ἄν
2619 2139 2729 2210 εἴη,
2781 2141 2854 2201 ὡς
2887 2141 3057 2216 μὲγας
3090 2140 3119 2194 ὁ
3167 2140 3476 2212 ἀσπασμὸς,
3506 2141 3598 2196 καὶ
3629 2141 3784 2198 κάτω

2134 2234 2302 2298 τιθεὶς
2333 2233 2670 2306 ἀνθρώπειον
2702 2229 3042 2305 διελογίζετο
3079 2234 3226 2290 νοῦν.
3286 2233 3443 2288 Ἐστι
3477 2233 3580 2308 γὰρ
3639 2234 3792 2308 παρὰ

2136 2327 2206 2397 τῇ
2265 2321 2381 2394 θείᾳ
2439 2323 2626 2396 Γραφῇ
2683 2321 2745 2376 τὸ
2803 2319 3143 2388 σαλεύεσθαι,
3203 2318 3232 2375 6'
3287 2320 3477 2375 ταύτὸν
3561 2320 3788 2378 δύναται

2134 2417 2214 2484 τῷ
2259 2412 2634 2486 ταράσσεσθαι,
2685 2410 2777 2465 καὶ
2835 2413 3011 2484 χαρᾶς
3068 2407 3275 2465 ἔννοιαν
3329 2411 3645 2487 ὑποφαῖνον,
3711 2413 3793 2476 ὡς

2137 2501 2222 2568 τὸ,
2284 2498 2618 2570 Σαλεύθήτω
2683 2501 2717 2568 ἡ
2777 2498 3019 2554 θάλασσα
3074 2498 3166 2554 καὶ
3221 2499 3282 2554 τὸ
3339 2498 3622 2573 πλήρωμα
3677 2503 3790 2557 αὐ-

2135 2595 2254 2659 τῆς·
2347 2589 2650 2664 χαρήσεται
2731 2587 2798 2642 τὰ
2898 2583 3059 2642 πεδία
3139 2587 3230 2642 καὶ
3315 2587 3488 2643 πάντα
3569 2590 3638 2644 τὰ
3732 2589 3792 2645 ἐν

2138 2678 2341 2740 αὐτοῖς.
2403 2678 2685 2740 Κάνταῦθα
2734 2679 2917 2732 τοίνυν
2965 2675 3071 2731 ἀπό
3141 2695 3205 2754 γε
3261 2681 3359 2732 τοῦ
3447 2673 3786 2753 διεταράχθη

2137 2769 2228 2823 καὶ
2296 2769 2330 2838 ἡ
2390 2765 2738 2843 ἀγαλλίασις,
2787 2765 2878 2821 καὶ
2935 2767 2998 2821 τὸ
3053 2772 3156 2835 τῆς
3215 2765 3514 2838 θαυμασίας
3575 2767 3789 2838 ἐκείνης

2139 2861 2323 2932 ψυχῆς
2367 2856 2700 2930 θερμότατον
2756 2854 3070 2933 ἔμφαίνεται
3130 2852 3343 2927 ἕξαλμα
3389 2856 3526 2930 πρὸς
3583 2850 3794 2927 ἔκπλη-

2139 2947 2216 3018 ξίν
2247 2967 2304 3002 τε
2354 2944 2444 3001 καὶ
2502 2941 2696 3021 κρότον
2747 2949 2857 3000 τῶν
2909 2950 3008 3000 τοῦ
3067 2947 3201 3001 Θεοῦ
3229 2944 3525 3019 τεραστίων
3558 2945 3692 3018 μετὰ
3729 2967 3795 3022 γε

2141 3035 2570 3112 εὐπρεπεστάτου
2601 3037 2698 3091 τοῦ
2729 3029 2923 3111 φόϐου.
2982 3034 3043 3090 Εἰ
3100 3034 3205 3108 γὰρ
3247 3031 3641 3109 ἀπαράμιλλος
3687 3037 3795 3106 τὴν

2139 3126 2347 3200 ἁγνείαν
2380 3127 2415 3194 ἡ
2448 3124 2780 3197 Πάνσεμνος,
2840 3123 2930 3178 καὶ
2988 3121 3152 3198 ἑαυτῇ
3205 3121 3368 3198 μηδὲν
3427 3123 3572 3199 εἶχεν
3623 3125 3668 3197 ᾧ
3728 3123 3793 3182 ἅν

2134 3213 2384 3288 συνὸρῲη
2448 3212 2523 3285 μὴ
2582 3211 2672 3267 καὶ
2713 3212 2926 3274 ἱκανῶς
2975 3207 3126 3286 ἔχειν
3199 3211 3338 3284 πρὸς
3397 3215 3532 3267 Θεοῦ
3581 3210 3797 3290 σφόδρα

381 3299 766 3371 congruebat,
799 3300 1093 3354 reverenti
1134 3305 1296 3355 metu
1327 3300 1466 3372 (98).
1522 3301 1644 3355 Etsi
1699 3305 1859 3358 enim
1919 3304 2022 3360 illa

2141 3301 2432 3382 φιλεῖσθαι·
2462 3300 2589 3357 ἀλλ’
2622 3300 2903 3376 ἃνθρωπος
2931 3301 3021 3372 ἦν,
3049 3301 3108 3363 ’ὸς
3137 3296 3263 3377 ἔχει
3316 3302 3454 3376 πρὸς
3522 3303 3652 3358 Θεὸν
3714 3305 3796 3366 ὡς

379 3391 778 3460 undequaque
799 3394 1002 3443 sancta
1017 3388 1466 3460 incomparabili
1484 3390 1737 3460 puritate
1756 3391 2024 3465 fulgeret,

383 3485 444 3534 et
472 3478 621 3534 nihil
655 3478 714 3532 in
746 3495 806 3532 se
833 3477 1095 3543 haberet,
1131 3478 1288 3548 quod
1325 3478 1415 3534 vel
1442 3480 1595 3534 Deus
1634 3481 1758 3552 ipse
1791 3483 2028 3554 conspi-

387 3573 549 3628 ciens
580 3587 686 3641 pro
719 3567 931 3623 merito
957 3568 1339 3623 vehementer
1367 3585 1489 3624 non
1547 3569 1853 3626 adamaret
1889 3589 1902 3638 ;
1937 3579 2030 3628 ast

385 3662 564 3716 homo
599 3663 745 3726 erat,
777 3658 878 3729 qui
912 3675 1128 3730 nempe
1160 3657 1234 3713 ad
1265 3659 1448 3713 Deum
1485 3676 1546 3714 se
1577 3659 1776 3727 habet,
1811 3663 1894 3716 uti
1955 3661 2030 3718 ad

383 3753 692 3808 vertiatem
725 3751 1123 3818 mendacium,
1159 3751 1662 3821 quemadmodum
1684 3754 1862 3809 etiam
1893 3771 2030 3826 pro-

383 3843 563 3914 pheta
589 3842 652 3895 in
683 3839 900 3896 mentis
933 3856 1179 3895 excessu
1231 3841 1636 3910 pronuntiavit
1666 3843 1799 3912 (99).
1827 3844 2028 3899 Merito

384 3933 564 4003 igitur
593 3946 663 3986 ea
692 3929 762 3984 de
795 3944 972 3984 causa
996 3945 1122 3984 rem
1144 3929 1320 4000 plane
1350 3929 1677 3985 inauditam
1709 3931 2031 3988 arbitrabac

387 4027 503 4086 tur,
536 4018 694 4088 quod
725 4023 1237 4088 venter,angustos
1267 4018 1492 4072 habens
1522 4020 1691 4088 fines,
1725 4020 1894 4076 illum
1927 4023 2029 4092 qui

385 4109 715 4164 immensus
745 4112 831 4163 est
891 4113 950 4162 et
1008 4107 1300 4174 inﬁnitus,
1361 4109 1714 4175 contineret,
1769 4117 1828 4165 ct
1884 4112 2031 4166 citra

380 4214 558 4254 omne
589 4197 945 4254 miraculum
977 4214 1104 4251 esse
1137 4197 1400 4268 putabat,
1435 4197 1593 4268 quod
1652 4201 1837 4254 factor
1893 4218 2028 4256 cum

376 4289 608 4345 factura
639 4305 745 4343 sua
767 4303 978 4343 novam
1011 4286 1170 4342 illam
1203 4287 1693 4343 communionem
1728 4289 1926 4346 iniret.
1961 4292 2032 4344 Et

381 4379 624 4448 quidem
647 4393 783 4434 cum
815 4395 1029 4450 corpus
1056 4377 1649 4450 consideraret,quod
1672 4395 1742 4434 ex
1761 4379 1920 4434 hisce
1944 4381 2030 4434 in-

381 4469 536 4524 ﬁmis
568 4473 677 4535 est,
709 4473 766 4522 et
793 4483 823 4522 e
856 4467 980 4522 luto
1029 4475 1424 4538 compactum,
1459 4474 1634 4540 atque
1695 4487 1725 4525 e
1775 4476 2027 4542 parente

451 4601 635 4658 siLuc.
671 4620 707 4669 ι,
777 4604 866 4657 29.
943 4601 988 4636 ⁸⁵
1017 4601 1174 4656 Psal.
1207 4617 1333 4669 xcv,
1369 4605 1454 4656 tt.

2137 3393 2274 3467 πρὸς
2329 3389 2589 3462 ἀλήθειαν
2644 3389 2865 3465 ψεῦδος.
2933 3391 3070 3454 γαθά
3127 3410 3232 3446 που
3293 3390 3384 3446 καὶ
3464 3396 3789 3468 προφητική

2139 3479 2434 3555 διορίζεται
2484 3479 2750 3541 ἔκστασις.
2841 3481 2920 3534 Δι’
2978 3479 3149 3535 ἐκεῖνο
3224 3481 3407 3535 τοίνυν
3459 3481 3788 3538 καινότατον

2137 3569 2391 3632 ἐπιεικῶς
2449 3571 2612 3641 ᾧετο,
2693 3569 2786 3624 τὸν
2864 3568 3224 3646 ὑπεράπειρον
3280 3569 3534 3645 γαστέρα,
3602 3573 3792 3649 βραχῦ

2139 3661 2304 3736 πέρας
2364 3657 2620 3734 ἔχουσαν,
2697 3656 2930 3734 ἐνεγκεῖν
3009 3658 3099 3713 καὶ
3151 3657 3426 3726 θαύματος
3478 3658 3617 3734 πέρα
3677 3658 3794 3717 διε-

2136 3755 2339 3814 νοεῖτο,
2396 3749 2495 3817 τὴν
2582 3749 2772 3817 καινὴν
2833 3747 2924 3802 σῦν
2983 3751 3061 3820 τῷ
3129 3750 3434 3823 τεχνήματι
3493 3750 3793 3806 κοινωνίαν

2137 3842 2234 3894 τοῦ
2270 3836 2542 3895 [Ιλάστου.
2575 3839 2718 3898 Ἕως
2755 3837 2848 3910 μὲν
2882 3837 2974 3892 οὗν
3007 3837 3162 3914 πρὸς·
3194 3837 3259 3892 τὸ
3306 3843 3485 3911 σῶμα,
3535 3837 3617 3895 ὅτι
3677 3842 3789 3896 τῶν

2138 3928 2310 4000 κάτω,
2342 3927 2557 3982 καὶτοῦ
2613 3923 2820 3997 πηλοῦ,
2862 3925 2953 3982 καὶ
3013 3931 3111 3982 τοῦ
3168 3923 3512 4002 παραϐάντος
3567 3927 3795 3986 ἐσκόπει

2139 4018 2382 4092 γέννημα
2411 4015 2617 4072 ἐκείνου
2648 4017 2872 4092 πατρὸς,
2934 4012 3167 4094 φοϐερὸν
3215 4016 3433 4089 ἐνόμιζε
3481 4021 3580 4087 τὴν
3641 4020 3796 4093 ὕψη-

2139 4105 2242 4177 λήν
2273 4105 2532 4183 αγγελίαν
2568 4105 2796 4176 ἐκείνην,
2846 4106 2938 4161 καὶ
2997 4107 3063 4174 ἧν
3121 4105 3226 4175 ὅλη
3289 4101 3532 4179 θάμϐους
3590 4110 3798 4181 μεστὴ,

2137 4196 2288 4257 ὃπως
2321 4195 2380 4250 ἐκ
2411 4193 2617 4265 πηλοῦ,
2650 4197 2741 4249 καὶ
2773 4195 2884 4249 οἷον
2945 4197 2980 4264 ἡ
3042 4199 3249 4258 πτῶσις
3295 4196 3515 4266 κατέαξε
3574 4201 3795 4267 σκεῦος,

2140 4282 2241 4355 ἄρα
2296 4289 2569 4354 τοιοῦτον,
2627 4285 2719 4340 τὸν
2777 4284 3074 4359 ἀχώρητον
3132 4281 3284 4338 ἔνδον
3364 4287 3634 4359 χωρήσειο
3695 4287 3796 4340 καὶ

2136 4376 2203 4442 ἦν
2262 4374 2474 4434 πάντως
2532 4375 2594 4429 τὸ
2661 4371 3066 4449 διαλογίζεσθαι
3122 4372 3230 4428 ἀπὸ
3289 4395 3353 4448 γε
3403 4379 3504 4442 τῆς
3579 4374 3795 4439 ἐννοίας

2137 4463 2368 4535 ἐκείνης·
2422 4466 2550 4520 ιῸτε
2601 4459 2658 4517 δὲ
2712 4463 2848 4538 πρὸς
2905 4463 3005 4532 τὴν
3065 4462 3256 4526 ἑαυτῆς
3332 4463 3538 4537 ψυχὴν,
3630 4462 3793 4526 ὅπως

1697 4702 1838 4764 Ant.
1883 4700 2180 4764 Ballerini
2225 4707 2414 4763 notae.

446 4838 555 4910 (97)
604 4838 737 4891 Hinc
794 4833 1284 4910 cumwsuperiori
1345 4839 1683 4910 congruunt
1733 4835 2029 4910 sententia
2062 4845 2105 4910 ι)
2137 4835 2384 4910 vicerit:
2424 4833 2885 4910 ejusmodiergo
2916 4833 3164 4910 gratiam
3202 4837 3475 4910 angelica
3505 4839 3794 4898 salutatio

375 4907 585 4982 (ειη)ξὲ
633 4910 744 4976 10),
777 4923 896 4982 qua
925 4907 1094 4982 Virgo
1129 4907 1382 4982 Deipara
1409 4909 1594 4975 prima
1617 4914 1752 4982 post
1785 4909 2028 4982 Primum

375 4978 727 5038 Celebratur.
765 4979 1071 5049 Aptissime
1106 4995 1245 5049 vero
1269 4978 1476 5032 eadem
1511 4995 1644 5031 cum
1670 4978 2030 5033 salutatione

377 5055 699 5117 sociantur,
727 5047 842 5122 qua
866 5050 937 5105 ab
958 5047 1161 5122 angelo
1189 5049 1488 5122 celebrata
1520 5056 1607 5102 cst
1627 5053 1814 5119 gratia
1839 5051 2028 5122 plena.

379 5129 726 5196 Quanquam
747 5121 920 5196 enim
953 5121 1326 5196 difﬁbulant};
1363 5137 1488 5196 non
1533 5122 1625 5182 sit,
1662 5121 2030 5196 naturalibus

375 5192 614 5268 quoque
646 5195 1068 5268 donissanctze
1103 5192 1358 5268 Virginis
1393 5192 1657 5268 animam
1692 5194 1909 5268 mirum
1970 5193 2032 5268 in

377 5263 620 5323 modum
654 5265 1003 5321 excelluisse
1033 5263 1357 5328 ;atdivinis
1381 5265 1636 5318 maxime
1668 5265 2033 5319 cliarismati-

373 5339 482 5394 bus
515 5339 901 5393 tribuendum
933 5337 1110 5407 plane
1143 5341 1233 5388 est
1263 5335 1424 5404 quod
1458 5353 1570 5407 prie
1595 5337 1810 5392 creatis
1843 5336 2032 5407 omni—

376 5407 488 5462 bus
521 5409 762 5479 propius
795 5409 868 5462 ad
904 5403 1605 5479 licumtmecsSerilJlinc
1639 5425 1811 5478 porro
1831 5405 2032 5479 digno-

373 5477 538 5533 scere
573 5477 732 5550 licet,
795 5477 1134 5550 cujusnmdi
1169 5484 1470 5550 exgrnente
1504 5477 1812 5534 doctorum
1855 5477 2035 5550 fuerit

372 5552 572 5617 gratia:
601 5549 888 5620 plenitudo
922 5567 1052 5620 qum
1085 5549 1156 5604 de
1191 5549 1423 5620 Virgine
1469 5550 1844 5620 praedicatur.
1879 5549 2032 5604 Talis

379 5621 540 5674 enim
557 5619 1088 5689 intelligenda’cum
1105 5619 1325 5687 sit,qua
1339 5619 1743 5676 creaturarum
1763 5621 2032 5676 omnium

380 5690 947 5747 excellentissimam
984 5705 1280 5760 quamque
1313 5693 1562 5760 gratiam
1595 5693 1786 5747 Mariae
1849 5691 2036 5763 gratia

2139 4908 2430 4973 enuntiat,
2464 4923 2581 4977 qua
2611 4906 2804 4961 Marias
2835 4907 3118 4961 sanctitas
3141 4906 3437 4964 tribuatur
3460 4927 3579 4966 non
3611 4913 3794 4970 modo

2140 4979 2466 5054 originalis,
2500 4995 2572 5054 n_e
2605 4977 2940 5054 deterioris,
2990 4994 3169 5054 quam
3215 4981 3483 5054 cirlestes
3515 4983 3787 5054 spiritus,

2140 5051 2495 5105 conditionis
2519 5050 2716 5123 fuerit,
2750 5048 2852 5123 sed
2883 5049 2944 5102 in
3001 5049 3130 5123 ipsa
3186 5051 3413 5123 origine
3471 5048 3790 5112 sanctitate

2140 5123 2406 5193 qualibet
2438 5121 2703 5193 angelica
2733 5120 3113 5174 eminentior.

2211 5197 2322 5267 (98)
2359 5196 2488 5247 “tPC
2522 5192 2798 5267 subtilius
2824 5193 3180 5267 t'o_rte__qnam
3243 5195 3440 5267 verius
3489 5196 3792 5267 disputata

2139 5265 2535 5328 videbuntur;
2566 5269 2624 5316 at
2655 5264 2847 5318 elucet
2876 5263 2936 5316 in
2970 5263 3061 5324 iis,
3082 5272 3198 5317 tam
3229 5266 3566 5322 sublimiter
3585 5263 3798 5326 Patres

2144 5335 2214 5388 de
2273 5335 2374 5389 Dei
2433 5337 2611 5388 Matre
2672 5335 2952 5396 sensisse,
3012 5339 3078 5387 ut
3136 5337 3290 5404 quod
3350 5338 3798 5398 nobilissimum

2145 5407 2413 5484 omnium
2445 5404 2764 5472 videretur,
2795 5405 2852 5459 id
2878 5405 2955 5484 de
2985 5404 3084 5460 illa
3120 5407 3443 5464 tenendum
3475 5428 3543 5466 ac
3576 5415 3800 5484 praedi.

2143 5475 2396 5532 candum
2429 5493 2617 5545 usque
2649 5479 2982 5532 censerent.

2221 5547 2332 5619 (99)
2365 5547 2610 5602 Videtur
2638 5555 2844 5603 auctor
2886 5566 3008 5618 pra)
3057 5548 3246 5606 oculis
3303 5551 3583 5609 habuisse
3641 5554 3797 5612 illud

2148 5618 2362 5744 psalmi
2390 5635 2516 5683 cxv.
2550 5622 2789 5691 ttzEgo
2819 5619 2943 5675 dimi
2994 5622 3052 5674 in
3105 5639 3323 5680 cccccssu
3389 5641 3549 5681 meo:
3609 5627 3804 5685 Omnis

2168 5706 2307 5744 como
2337 5691 2594 5744 mendam.

2168 5691 2307 5746 iomo
2337 5691 2594 5747 mendax.
