4090 6208
254 405 367 467 93-
1111 407 1380 470 SERMO
1422 408 1516 471 IN
1557 398 2268 470 ANNUNTIA’I‘IONEM
2313 397 2384 462 B.
2430 397 2504 460 ν.
2553 399 2858 460 MARLE.
3597 402 3676 462 94

255 537 516 610 ἄσπιλον,
560 537 716 602 ’ὅπως
750 538 1050 616 ὑπέραγνον
1099 534 1321 613 ἔσωσεν,
1364 541 1515 602 ὅπως
1555 539 1692 594 ’ἁπαν
1724 537 1888 613 ἤλεγξ

2031 533 2134 593 illo
2155 525 2601 610 praevaricatore
2622 533 3256 603 ductum,horrendum
3283 532 3508 604 aliquid
3530 551 3678 604 praia

257 630 457 703 πτερὸν
525 635 642 691 ταῖς
713 631 959 705 ὑψηλαῖς
1024 627 1304 686 ἀναϐάσεσι

261 719 402 793 ὕψος
455 718 727 775 ἆναπτᾶσα
783 720 1063 795 οὐράνιον,
1116 721 1216 790 τήν
1274 719 1535 790 ἔκπληξιν
1605 721 1917 795 ὑποχωρεῖν

259 805 463 878 ἐδίδου,
513 809 604 862 καὶ
681 809 883 877 ειυτὴν
963 809 1257 884 ἀταράχως
1317 809 1555 873 ὑπετίθει
1611 807 1690 882 τῷ
1750 808 1918 880 μηνύ-

1223 897 1452 973 Κυρίου,
1500 893 1648 952 ἐϐόα·
1707 896 1917 972 γένοιτό

262 915 410 969 ματι·
459 897 572 966 καὶ,
644 894 787 954 Ἰδοὺ
853 900 889 966 ἡ
966 894 1140 968 δούλη

257 1006 346 1056 μοι
382 986 518 1038 κατὰ
551 986 616 1039 τὸ
651 984 806 1059 ῥῆμά
840 1005 958 1043 σου.

1391 637 1491 700 τῆς
1560 650 1624 684 κα
1633 627 1779 705 ρδίας
1841 628 1919 691 εἷς

2030 629 2249 684 celsam
2308 625 2473 681 illam
2530 624 3044 679 annuntiatiouem
3103 623 3402 692 censebat,
3438 640 3505 678 ac
3553 627 3678 679 tota

2029 724 2270 790 stupore
2299 714 2752 788 percellebatur,
2786 713 3082 784 quomodo
3113 728 3212 768 vas
3241 713 3677 784 luteum,atque

2029 805 2176 861 adeo
2195 803 2626 876 insuperlapsu
2645 802 3007 857 confractum
3024 801 3300 872 (l),illum
3321 800 3547 855 scilicet
3569 805 3681 855 tre-

2028 897 2313 953 mendum
2344 897 2522 965 atque
2553 889 3220 962 incomprehensibilem
3251 890 3407 943 intra
3426 905 3488 942 se
3519 905 3679 942 com-

2028 985 2462 1058 prehensurum
2497 987 2690 1046 esset;
2727 986 2784 1035 et
2841 996 2909 1033 ex
2966 981 3074 1033 hac
3113 995 3352 1050 prorsus
3385 976 3680 1032 comside-

255 1075 497 1129 ratione
527 1082 679 1140 erat,
711 1078 873 1148 quod
904 1077 998 1148 (de
1032 1077 1389 1133 salutatione
1423 1078 1544 1150 illa)
1571 1079 1873 1151 cogitaret.
1907 1080 1978 1133 At
2007 1093 2139 1132 cum
2184 1074 2257 1130 ad
2302 1089 2466 1128 suam
2517 1071 2702 1143 ipsius
2751 1069 3013 1125 animam
3045 1068 3247 1123 oculos
3277 1066 3676 1139 convertebat,

248 1165 561 1234 quomodo
608 1166 838 1221 scilicet
881 1183 1010 1222 eam
1063 1168 1531 1236 immaculatum,
1583 1168 1878 1239 quomodo
1935 1181 2144 1238 puram
2189 1179 2309 1236 pra:-
2363 1161 2524 1218 omni
2575 1161 2829 1232 puritate
2869 1158 3158 1226 servabat,
3192 1157 3512 1228 quomodo,
3546 1175 3678 1212 cor—

256 1253 347 1307 dis
379 1255 844 1310 ascensionibus
873 1255 947 1311 ad
977 1257 1274 1312 caelestem
1308 1263 1508 1314 evecta
1537 1258 1985 1325 sublimitatem,
2044 1254 2301 1325 cujusvis
2357 1252 2577 1310 volatus
2627 1267 2838 1306 omnes
2887 1249 3060 1320 longe
3093 1246 3675 1320 praetergrederetur,

259 1349 404 1398 tunc
435 1343 683 1399 demum
713 1346 1132 1401 vehementem
1161 1346 1328 1402 illum
1362 1348 1669 1402 horrorem
1718 1345 2090 1412 demittebat,
2140 1360 2207 1399 ac
2253 1342 2456 1398 sedato
2503 1341 2701 1396 animo
2749 1356 2811 1396 se
2861 1339 2955 1407 iis,
2990 1353 3120 1408 qua!
3148 1336 3676 1407 denuntiabantur,

255 1433 653 1504 subjiciebat;
687 1441 762 1502 et,
795 1437 949 1504 Ecce,
981 1435 1196 1506 inquit,
1229 1437 1434 1492 ancilla
1469 1438 1720 1501 Domini;
1746 1441 1847 1506 ﬁat
1876 1437 2015 1491 mihi
2041 1435 2335 1491 secundum
2366 1433 2586 1486 verbum
2619 1437 2771 1486 tuum
2791 1429 2854 1483 ⁸⁸.

319 1521 425 1576 IE'.
485 1522 668 1594 υἷμιι
725 1519 784 1576 δὲ
836 1523 913 1584 ὠς
970 1523 1121 1598 εἶχεν
1179 1523 1240 1579 ἂν
1294 1524 1382 1579 καὶ
1426 1523 1485 1579 ἐκ
1511 1531 1612 1594 τῆς
1642 1524 1912 1598 ἡμετέρας

251 1607 549 1672 συνθέσεως
608 1613 643 1680 ἡ
704 1611 1079 1686 ὑπεραμωμος
1143 1614 1404 1688 βραχεῖαν
1469 1615 1776 1687 ὑπανοίγειν
1819 1615 1915 1678 0'3-

252 1719 344 1772 ριν
399 1703 482 1770 τῷ
548 1701 812 1774 ὑπερφυεῖ
861 1702 1153 1775 ἀσπασμῷ.
1215 1703 1461 1778 Καθάπερ
1506 1705 1613 1779 γὰρ
1645 1705 1780 1776 ἡμῖν
1816 1704 1909 1777 μὲν

2093 1523 2207 1580 XV.
2242 1526 2357 1595 Ego
2406 1539 2542 1576 vero
2591 1521 2672 1576 sic
2723 1520 2934 1588 sentio,
2996 1533 3067 1573 ex
3124 1517 3387 1572 humana
3435 1531 3673 1588 quoque

2022 1619 2222 1669 nostra
2242 1611 2754 1684 coagmentatione
2773 1608 3052 1664 habuisse
3068 1607 3227 1662 illam
3253 1623 3374 1677 pra}
3392 1606 3672 1661 omnibus

2022 1703 2484 1769 immaculatam,
2520 1717 2636 1772 quo
2685 1698 2758 1755 ad
2790 1697 3160 1753 salutationis
3186 1695 3345 1750 illius
3376 1695 3669 1750 rationem

252 1787 383 1862 ὑπερ
438 1786 610 1863 λόγον
669 1790 696 1843 ὁ
753 1795 856 1859 τῆς
913 1793 1099 1866 ψυχῆς
1152 1791 1243 1847 καὶ
1293 1793 1549 1866 σώματος
1587 1790 1883 1866 σύνδεσμος

2025 1793 2472 1868 intelligendam
2499 1793 2758 1862 aliquem
2781 1789 2890 1844 sibi
2915 1788 3140 1844 aditum
3164 1786 3437 1859 aperiret.
3459 1787 3672 1850 Quem-

249 1883 380 1932 πᾶσι
413 1875 472 1932 δὲ
522 1882 676 1951 ὅμως
727 1879 1021 1956 λογισμοῖς
1078 1881 1178 1950 τὴν
1223 1883 1482 1953 τοιαύτην
1539 1882 1913 1958 ἀνομολογοῦ-

252 1987 347 2039 μεν
407 1968 720 2044 συνὰνξειαν·
787 1967 968 2031 οὕτως
1027 1967 1086 2024 ἄν
1162 1968 1252 2026 καί
1311 1971 1435 2046 περὶ
1493 1974 1591 2041 τῆς
1665 1971 1910 2045 μείζονος

246 2056 445 2111 ἐνενόει
505 2055 930 2131 συλλογίζεσθαι
984 2059 1292 2131 κοινωνίας,
1347 2061 1409 2116 οὑ
1466 2063 1660 2136 μικρὰν
1707 2061 1764 2117 ἐκ
1804 2068 1906 2132 τῆς

243 2143 446 2210 ἐκεῖθεν
511 2149 786 2227 συμφυῒιις
851 2146 941 2202 καί
1004 2150 1129 2226 περὶ
1192 2154 1290 2206 τοῦ
1345 2153 1531 2206 καινοῦ
1596 2148 1757 2206 τοῦδε
1801 2174 1902 2225 μυ-

243 2236 472 2308 στηρίου
525 2242 703 2292 νεῦσιν
757 2237 1119 2313 ποριζομένη.
1181 2240 1338 2314 Ἐμοὶ
1397 2241 1502 2316 γὰρ
1559 2239 1760 2308 δοκεῖν,
1808 2242 1900 2294 καὶ

240 2326 346 2402 οὐχ
404 2328 480 2389 ὡς
540 2327 603 2382 τὸ
658 2326 916 2382 ποικίλον
969 2326 1058 2384 ’ἱνα
1126 2329 1290 2403 μόνον
1347 2327 1634 2406 διαδειχθῇ
1677 2335 1775 2399 τῆς
1803 2333 1900 2384 τοῦ

239 2420 597 2493 Δημιουργοῦ
652 2416 843 2496 σοφίας
900 2417 1126 2495 ἂιράτου,
1202 2420 1300 2488 τήν
1361 2417 1548 2488 διττὴν
1616 2418 1898 2494 ἄνθρωπος

241 2503 437 2583 εἴληφε
496 2507 763 2576 σύνθεσιν,
839 2505 988 2562 ἀλλὰ
1041 2507 1130 2562 καὶ
1185 2512 1284 2563 τοῦ
1342 2508 1644 2584 μυστηρίου
1700 2508 1897 2564 τοῦτου

237 2593 389 2648 ἕνεκα
428 2595 626 2668 μικρὰν
681 2596 856 2667 ἑαυτῷ
911 2597 1091 2652 πίστιν
1147 2597 1300 2662 ’ὁπως
1349 2600 1476 2674 παρ’
1532 2599 1723 2654 ἑαυτοῦ
1773 2619 1894 2652 συνο

242 2683 486 2758 εισφέρῃ.
547 2685 649 2740 Καὶ
709 2683 824 2761 εἶ’γε
885 2687 961 2758 μή
1019 2687 1106 2741 καὶ
1171 2683 1260 2741 διὰ
1305 2690 1499 2741 τοῦτον
1548 2687 1642 2742 τὸν
1703 2687 1895 2764 λόγον,

238 2772 310 2833 ὡς
344 2771 540 2846 ὁέμὸς
572 2773 763 2850 λόγος,
818 2774 1018 2839 ἄνωθεν
1077 2777 1112 2844 ἡ
1170 2774 1481 2849 ἀνθρωπεία
1543 2773 1895 2832 διεπλάττετο

235 2862 602 2936 πραγματεία,
654 2861 755 2918 οὑκ
812 2863 872 2917 ἂν
931 2865 958 2918 ὁ
1016 2867 1155 2941 χοῦς
1215 2861 1402 2936 ἐδέησε
1440 2869 1520 2937 τῷ
1562 2864 1698 2938 Θεῷ,
1732 2867 1806 2928 ὡς
1834 2866 1894 2920 ἂν

242 2949 300 3005 ἐκ
361 2951 564 3006 τούτου
618 2952 681 3006 τὸ
743 2952 924 3027 βραχὺ
977 2974 1032 3008 τι
1089 2955 1216 3028 παρ’
1281 2953 1552 3029 ἀγγέλους
1611 2952 1890 3032 φέροιμενθ

234 3039 358 3094 ἀλλ’
389 3039 539 3112 ἦμεν
573 3040 634 3095 ἃν
661 3045 782 3102 τοῖς
841 3039 1032 3106 ἁῢλοις
1089 3044 1402 3116 προσθήκη,
1450 3045 1617 3118 μικρά
1652 3063 1728 3104 τις
1761 3042 1894 3107 ἴσως

231 3128 386 3204 ἐτὲρι
417 3130 592 3200 τάξις,
621 3131 713 3184 καὶ
745 3137 846 3199 τῆς
876 3134 982 3206 γῆς
1011 3129 1161 3208 δίχα.

2023 1883 2342 1940 admodum
2374 1881 2532 1938 enim
2583 1882 2796 1936 animm
2856 1895 2986 1936 cum
3045 1895 3290 1948 corpore
3323 1877 3666 1948 conjunctio

2021 1979 2236 2029 nostra:
2269 1973 2509 2044 quidem
2563 1970 2781 2025 mentis
2821 1973 3057 2040 captum
3086 1967 3340 2036 excedit,
3367 1974 3669 2021 verumta-

2013 2081 2151 2120 men
2173 2063 2653 2135 conjunctionem
2677 2059 2852 2132 hujus
2865 2058 3018 2113 modi
3038 2057 3313 2112 omnibus
3335 2057 3516 2112 animi
3536 2073 3664 2112 sen-

2014 2153 2176 2208 sibus
2225 2150 2614 2216 conﬁtemur;
2649 2148 2733 2203 sic
2765 2152 2822 2201 et
2853 2146 2923 2202 de
2952 2145 3349 2218 praestantiori
3381 2145 3489 2200 hac
3520 2161 3661 2199 con-

2005 2240 2318 2311 junctione
2352 2236 2828 2294 ratiocinandum
2879 2241 3028 2304 rata,
3069 2234 3227 2290 haud
3259 2234 3556 2290 mediocre
3589 2251 3659 2288 ex

2009 2329 2268 2384 humano
2285 2329 2393 2383 hoc
2411 2328 2737 2399 composito
2752 2325 3028 2382 auxilium
3049 2325 3122 2380 ad
3134 2323 3270 2380 huic
3287 2339 3522 2395 quoque
3540 2339 3659 2395 my-

2010 2417 2188 2472 sterio
2210 2415 2657 2473 assentiendum
2682 2415 2792 2472 sibi
2815 2415 3216 2486 comparabat.
3236 2415 3307 2470 Ut
3328 2413 3487 2468 enim
3512 2413 3659 2468 mihi

2005 2507 2257 2578 videtur,
2281 2523 2400 2563 non
2423 2507 2554 2562 ideo
2581 2511 2809 2562 tantum
2835 2504 3012 2560 homo
3041 2521 3114 2560 ex
3139 2503 3361 2575 duplici
3383 2502 3656 2558 substan-

2007 2599 2088 2653 tia
2109 2598 2472 2670 compositus
2498 2603 2606 2665 est,
2631 2602 2696 2651 ut
2717 2613 2784 2650 ex
2807 2596 3086 2650 varietate
3114 2594 3308 2665 operis
3341 2597 3656 2664 appareret

2005 2687 2324 2742 ineffabilis
2354 2703 2421 2742 ac
2458 2687 2812 2754 multiformis
2857 2687 3130 2753 sapientia
3160 2681 3228 2740 67.
3280 2682 3654 2748 Conditoris;

2003 2793 2208 2831 verum
2239 2777 2419 2831 etiam
2469 2779 2711 2846 propter
2767 2773 2874 2828 hoc
2933 2773 3302 2842 mysterium,
3331 2779 3396 2826 ut
3427 2771 3655 2825 scilicet

2003 2866 2116 2921 sibi
2147 2866 2260 2936 ipsi
2289 2863 2466 2919 tidem
2497 2863 2756 2933 aliquam
2789 2877 2859 2916 ex
2887 2877 2948 2915 se
2993 2861 3118 2930 ipse
3153 2859 3376 2930 (homo)
3410 2860 3650 2915 faceret.

2003 2957 2073 3011 Et
2103 2955 2418 3026 siquidem,
2447 2959 2510 3008 ut
2542 2967 2672 3007 mea
2705 2967 2764 3006 se
2796 2949 2974 3005 habet
2999 2949 3346 3020 Opinio,non
3377 2948 3437 3002 in
3467 2947 3648 3003 istum

2004 3061 2240 3116 quoque
2273 3045 2454 3100 tinem
2485 3042 2809 3098 humanum
2859 3040 2972 3095 hoc
3015 3038 3408 3109 compositum
3439 3038 3650 3094 fuisset

1920 3115 1962 3182 (ἶ
2001 3115 2382 3208 plasmatum,
2442 3132 2599 3190 haud
2658 3147 2804 3206 opus
2864 3133 2980 3187 Deo
3026 3131 3234 3186 fuisset
3289 3127 3552 3201 pulvere,
3585 3133 3649 3184 ut

227 3222 468 3276 ratione
501 3221 682 3293 hujus
715 3222 894 3294 paulo
927 3223 1188 3279 minores
1241 3239 1507 3280 essemus
1556 3224 1628 3280 ab
1671 3225 1935 3298 angelis;
1985 3227 2087 3282 sed
2135 3225 2626 3282 immaterialibus
2675 3221 3003 3296 spiritibus,
3055 3220 3206 3277 alius
3256 3220 3495 3291 quidam
3526 3220 3650 3276 for-

227 3303 380 3365 tasse
409 3311 684 3375 humilis,
718 3315 894 3366 terra:
924 3317 1126 3368 tamen
1158 3329 1369 3384 expers
1400 3313 1564 3384 ordo,
1598 3314 1784 3370 additi
1816 3315 2158 3371 fuissemus.

289 3399 414 3454 Ἐτι
469 3395 528 3453 δὲ
577 3399 670 3452 καὶ
731 3397 776 3454 εἰ
857 3397 1027 3473 μηδὲν
1085 3401 1596 3476 προεισενεγκόντας
1655 3403 1724 3473 (τί
1779 3403 1882 3480 γὰρ

221 3487 319 3543 οὑκ
344 3488 496 3550 ’ὀντες
528 3488 852 3565 εἰσενεγκεῖν
889 3488 1132 3564 εἴχομεν)
1161 3508 1176 3559 ;
1236 3491 1302 3547 τὰ
1337 3491 1648 3566 ὑπεράγαθα
1679 3492 1886 3568 σπλάγ-

228 3595 354 3652 χνπ,
385 3575 477 3631 διὰ
531 3580 680 3633 τοῦτ’
729 3577 863 3633 αὐτὸ
916 3578 1079 3652 μόνον
1129 3579 1219 3634 καὶ
1267 3582 1552 3656 παρήγαγε
1598 3581 1689 3636 καὶ
1721 3581 1885 3658 φιλό-

227 3686 388 3737 τιμον
441 3667 719 3742 παρέθηκε
773 3668 1064 3741 τράπεζαν,
1121 3669 1220 3738 τὴν
1281 3669 1332 3740 ἐξ
1384 3669 1612 3743 οὐρανοῦ
1649 3671 1738 3725 καὶ
1780 3679 1885 3746 γῆς

223 3754 312 3809 καὶ
344 3759 457 3810 τῶν
493 3755 544 3810 ἐν
583 3756 732 3829 μέσῳ
787 3755 1069 3812 ποικιλίαν
1129 3779 1188 3812 τε
1239 3757 1329 3812 καὶ
1385 3753 1689 3832 δαψιλειαν,
1719 3759 1882 3815 τίνων

227 3849 321 3903 οὐκ
354 3844 416 3902 ἃν
475 3847 785 3904 ἆπολαῦσαι
843 3849 1057 3923 γένοιτο
1115 3847 1351 3924 δωρεῶν,
1403 3849 1538 3928 φίλα
1567 3855 1645 3922 τῷ
1677 3855 1882 3927 ποιητῇ

225 3935 682 4014 διαπραξαμένοις
737 3957 753 4008 ;
828 3940 932 3996 Καὶ
989 3940 1052 3995 τὸ
1109 3937 1468 3995 διειδεστςιτον
1548 3940 1641 3996 οὖν
1716 3941 1882 3998 ἐκεῖνο

225 4033 433 4096 σκεῦος,
486 4030 520 4096 ἢ
575 4025 951 4103 ὑπερένδοξος,
1001 4028 1112 4084 ἐπεὶ
1171 4027 1339 4101 μηδὲν
1391 4030 1538 4104 εἶχεν
1597 4029 1820 4099 ἐννοεῖν,
1855 4031 1884 4084 ὅ

231 4117 302 4190 pi,
335 4118 652 4196 φιλοτίμως
713 4117 789 4180 εἷς
841 4119 1057 4193 ἀγνείῑιν
1115 4121 1428 4194 προσήγαγε
1471 4124 1550 4190 τῷ
1607 4121 1880 4194 Λεσπὸτῃ,

227 4205 340 4262 οὐδ’
371 4205 432 4262 Ely
495 4209 613 4282 εἶχε
662 4209 800 4262 πάνυ
860 4206 1161 4282 διαπορεῖν,
1218 4211 1325 4262 τῶν
1369 4208 1502 4283 ὑπὲρ
1533 4213 1657 4264 νοῦν
1689 4207 1883 4279 ἑαυτήν

227 4297 498 4352 ἄκοὺουσα
530 4295 874 4371 λειτουργόν,

2066 3405 2360 3460 Prmtcrea
2391 3405 2437 3460 si
2470 3403 2558 3459 vel
2581 3403 2814 3475 quando
2839 3401 2992 3458 nihil
3020 3417 3129 3456 nos
3155 3399 3646 3474 prmstiteramus,

1997 3496 2161 3570 (quid
2195 3497 2350 3552 enim
2384 3500 2661 3568 praestare
2684 3495 3082 3568 potuissemus
3109 3493 3208 3564 qui
3232 3492 3497 3547 nondum
3521 3509 3647 3548 era-

1994 3605 2127 3642 mus
2147 3588 2195 3652 ?)
2227 3605 2296 3642 ex
2346 3587 2650 3642 immensa}
2699 3585 2979 3639 bonitatis
3027 3599 3148 3639 suas
3180 3582 3502 3638 visceribus
3534 3598 3642 3636 nos

1992 3677 2103 3732 hac
2133 3675 2260 3732 sola
2289 3675 2359 3731 de
2391 3687 2568 3730 cansa
2613 3675 2685 3745 (‘2)
2737 3691 2767 3727 c
2816 3671 3005 3728 nihilo
3056 3672 3280 3740 eduxit,
3314 3676 3372 3726 et
3401 3670 3641 3725 munifi-

1992 3783 2121 3822 cam
2153 3766 2323 3820 nobis
2371 3761 2550 3819 veluti
2596 3777 2886 3831 mensam,
2947 3759 3292 3816 omnimoda
3349 3759 3639 3814 bonorum

1991 3855 2320 3912 cmlestium
2353 3861 2409 3908 et
2436 3853 2803 3908 terrestrium
2837 3858 2894 3906 et
2923 3867 3147 3916 eorum,
3182 3866 3312 3920 qum
3344 3848 3638 3902 interme-

1993 3943 2090 4000 dia
2120 3947 2276 4010 sunt,
2310 3942 2586 3998 varietate
2621 3947 2677 3998 et
2700 3941 3002 4012 opulentia
3031 3938 3311 3994 refertam
3341 3937 3635 4009 apposuit,

1992 4033 2370 4105 quibusnam,
2405 4049 2625 4104 quaeso,
2659 4031 2832 4086 donis
2862 4029 2974 4086 frui
3017 4029 3190 4086 nobis
3221 4045 3340 4086 non
3372 4028 3632 4095 daretur,

1991 4123 2036 4178 si
2079 4141 2207 4194 quae
2243 4121 2532 4178 conditori
2565 4126 2806 4194 accepta
2839 4125 2994 4186 sunt,
3053 4121 3477 4192 perﬁceremus
3511 4119 3538 4173 ‘2
3571 4117 3638 4173 Et

1989 4209 2139 4267 illud
2194 4213 2372 4285 igitur
2429 4227 2526 4267 vas
2585 4211 3071 4276 nitentissimum,
3133 4210 3326 4280 Virgo,
3365 4207 3636 4277 inquam,

1991 4317 2168 4373 super
2208 4317 2418 4356 omnes
2467 4301 2741 4373 gloriosa,
2775 4297 3255 4370 quandoquidem
3287 4314 3395 4352 nec
3435 4301 3634 4351 mente

228 4389 463 4460 quidem
499 4387 812 4460 quidpiam
842 4387 1072 4443 volvere
1121 4393 1342 4460 posset,
1405 4390 1560 4460 quod
1619 4405 1852 4446 summo
1907 4407 2042 4446 cum
2102 4391 2377 4462 puritatis
2439 4387 2633 4444 studio
2694 4403 2812 4443 non
2872 4389 3112 4443 offerret
3169 4387 3437 4452 Domino,
3487 4385 3634 4441 nihil

227 4494 364 4532 sane
394 4478 676 4545 habebat,
710 4493 834 4548 cur,
870 4477 1118 4532 audiens
1149 4484 1338 4533 semet
1369 4478 1442 4534 ad
1473 4480 1936 4535 ministrantium
1967 4479 2370 4536 inetl'abilibus
2416 4478 2716 4550 mysteriis
2760 4478 3030 4546 electam,
3067 4483 3372 4548 tantopere
3402 4477 3636 4532 haerens

226 4567 572 4640 ambigeret.

291 4658 382 4724 Ιζζ
439 4653 598 4726 Πλὴν
657 4652 748 4710 διὰ
803 4655 896 4710 τὸν
950 4654 1117 4733 λόγον
1157 4654 1380 4728 ἐκεῖνον,
1429 4654 1511 4712 ὅτι
1564 4655 1697 4732 μηδ’
1747 4659 1872 4713 ὅσον

286 4753 335 4788 ⁸⁸
365 4756 508 4812 Luc.
551 4773 586 4822 ι,
621 4757 710 4813 38.
787 4753 836 4790 ⁸⁸
863 4755 1078 4828 Ephes.
1114 4772 1194 4824 HI,
1230 4759 1315 4810 10.

2054 4659 2196 4716 XVI.
2235 4657 2653 4716 Verumtamen
2684 4659 2820 4716 cum
2851 4657 3054 4715 habita
3091 4659 3323 4714 ratione
3354 4657 3632 4714 immensi

1573 4856 1716 4918 Ant.
1762 4857 2061 4920 Ballerini
2103 4863 2291 4920 notae.

284 4989 358 5058 (l)
395 4985 561 5056 Vide,
597 5003 779 5063 quam
812 4991 946 5063 apte
992 4985 1244 5063 V_irginis
1285 4987 1870 5063 Deiparmconditioo
1903 4999 1952 5061 ι)
1982 5008 2145 5063 pore,
2179 4989 2338 5062 quod
2369 5009 2488 5047 non
2521 5010 2618 5049 vas
2647 4991 2824 5047 modo
2857 4990 3085 5046 luteum
3116 4993 3380 5063 apparet,
3405 4989 3504 5043 sed
3539 4989 3630 5041 in-

217 5076 346 5114 nem
380 5067 595 5114 auctor
643 5059 962 5114 describat.
1015 5059 1254 5115 Fatetur
1295 5061 1480 5127 enim,
1527 5061 1690 5117 illam
1732 5062 1871 5117 Adae

215 5131 511 5186 exstitisse
544 5131 754 5197 ﬁliam,
789 5129 1146 5203 atque_adeo
1179 5149 1210 5185 e
1242 5138 1487 5201 parente
1521 5135 1866 5203 praevarica-

215 5210 336 5257 tore
366 5209 659 5268 exortam,
695 5207 760 5255 ut
787 5203 926 5276 aviti
974 5200 1174 5272 lapsus
1223 5200 1433 5276 ell‘ecta
1487 5200 1603 5258 non
1638 5205 1872 5276 penitus

213 5277 502 5346 effugerit-
533 5279 613 5346 At
637 5290 760 5346 quo
808 5273 922 5346 ista
953 5279 1122 5346 pacto
1171 5290 1305 5328 cum
1339 5275 1425 5329 eis
1455 5273 1869 5346 concilientur,

212 5341 531 5418 quin—idem
561 5341 716 5400 alias
750 5341 930 5418 tradit
954 5341 1095 5414 '(vid.
1127 5348 1153 5413 §
1187 5349 1269 5411 13,
1303 5347 1462 5401 hom.
1491 5345 1554 5402 in
1586 5341 1868 5403 Praesent;

209 5417 364 5490 lleip.
399 5423 553 5489 part.
590 5434 627 5483 ι,
663 5433 778 5490 pag
831 5417 956 5482 444,
988 5418 1136 5490 gitti),
1169 5418 1430 5488 potuisse
1462 5435 1675 5490 nempe
1703 5419 1772 5474 de
1808 5437 1872 5474 se

213 5488 504 5562 Virginem
543 5488 954 5559 proclamare:
980 5488 1039 5562 in
1058 5490 1457 5562 iniquitatibus
1480 5488 1738 5560 concepta
1757 5508 1868 5545 non

207 5561 388 5629 fugiet
418 5565 600 5618 solam
631 5577 746 5614 non
776 5561 1025 5628 concepit
1046 5561 1103 5613 in
1130 5561 1366 5627 peccatis
1395 5577 1478 5615 me
1505 5570 1678 5616 mater
1706 5580 1823 5617 mea
1842 5567 1870 5617 φ

209 5631 693 5690 l'rwvaricatoris
717 5629 855 5686 Adae
877 5647 1092 5702 nempe
1115 5631 1299 5686 tiliam
1321 5633 1625 5704 cognoscis
1650 5633 1712 5689 in
1745 5652 1868 5690 cor-

1983 5060 2160 5144 :super
2185 5060 2349 5144 [apsu
2369 5068 2733 5144 confractum,
2761 5063 2977 5144 quippe
3001 5060 3170 5144 quod
3181 5060 3631 5144 pi‘mternatura-

1982 5133 2138 5190 libus
2166 5133 2335 5190 donis
2367 5137 2632 5206 pristinm
2664 5133 3070 5205 plasmationis
3111 5133 3364 5206 propriis
3395 5135 3630 5191 careat:

1981 5213 2041 5260 at
2071 5207 2274 5261 oculos
2304 5203 2731 5262 adaniinainsi
2758 5213 3081 5268 convertas,
3108 5203 3336 5272 nullum
3366 5207 3627 5272 paternae

1982 5277 2250 5332 infaustae
2287 5279 2646 5333 haereditatis
2674 5277 2980 5348 vestigium
3013 5271 3289 5348 occurrit,
3324 5271 3468 5348 quin
3499 5290 3630 5327 eam

1979 5365 2098 5402 non
2129 5349 2320 5430 solum
2366 5344 2848 5416 immaculatum;
2882 5345 2985 5402 sed
3025 5345 3280 5417 puritate
3329 5344 3631 5415 puriorem

1979 5437 2195 5474 cernis.

2049 5493 2124 5555 (2)
2157 5493 2239 5544 Ex
2272 5492 2566 5546 sententia
2591 5491 2752 5561 igitu.
2780 5489 3035 5561 auctoris
3061 5487 3407 5561 mysterium
3437 5485 3628 5542 incar-

1977 5563 2238 5616 nationis
2255 5577 2468 5632 scopus
2488 5558 2814 5633 fuit,"quem
2839 5560 2950 5617 sibi
2974 5561 3036 5615 in
3054 5558 3364 5615 condendo
3389 5561 3628 5615 homine

1975 5634 2129 5689 Deus
2151 5633 2487 5705 praestituit.
