4030 6212
405 387 482 451 95
1559 369 1844 434 lSlDORl
1885 363 2660 431 THESSALONICENSIS
3725 369 3812 432 96

405 521 588 590 illius,
635 534 751 590 quo
800 517 953 571 Deus
1005 510 1077 566 ab
1126 506 1467 563 hominibus
1509 504 1709 593 distat,
1753 500 2050 593 intervalli

2164 515 2486 593 λογίσασθαι
2543 519 2677 572 Θεοῦ
2733 516 2869 590 πρὸς
2929 515 3248 591 ἀνθρώπους
3295 515 3358 570 τὸ
3413 515 3602 587 μέσον,
3656 515 3723 585 ἦν
3751 515 3814 572 δὲ

406 610 574 667 nulla
605 624 744 664 sane
774 607 1047 659 humanae
1079 595 1298 652 mentis
1331 595 1381 648 vi
1415 609 1519 666 pro
1549 592 1836 664 dignitate
1868 590 2050 646 dime-

405 699 610 767 tiendi,
657 697 828 766 Virgo
872 707 1002 761 quas
1045 687 1251 758 utique
1302 686 1476 740 homo
1527 689 1674 752 erat,
1706 681 1766 737 id
1797 681 1954 753 quod
1986 681 2048 736 in

405 787 686 861 mysterio
719 778 1082 838 horrendum
1131 781 1242 843 est,
1292 774 1716 836 consideraret,
1758 777 1815 827 et
1846 786 2050 826 rursus

405 875 730 947 angelicam
763 868 930 926 audit
966 883 1167 922 vocem
1195 881 1208 920 :
1255 866 1330 920 Ne
1378 866 1586 931 timeas,
1639 863 1867 923 Maria;
1896 862 2050 915 inve-

403 966 535 1021 nisti
565 961 710 1018 enim
735 960 976 1030 gratiam
1015 957 1168 1027 apud
1215 955 1380 1008 Deum
1403 952 1470 1007 ⁸⁸.
1521 953 1683 1006 Nunc
1717 949 1956 1005 demum
1990 949 2051 1004 in

401 1051 753 1110 memoriam
785 1046 1040 1104 Gabrieli
1099 1044 1249 1100 redit
1300 1059 1519 1098 nomen
1554 1040 1828 1112 Virginis.
1863 1040 2054 1110 Depo-

401 1147 605 1198 suerat
631 1138 792 1194 enim
825 1136 982 1208 quod
1011 1133 1278 1207 gestabat
1305 1131 1500 1203 gaudii
1534 1129 1764 1202 pondus
1791 1146 1805 1195 ;
1838 1144 1904 1183 ac
1937 1126 2055 1182 vel-

402 1230 488 1285 uti
520 1246 588 1284 eo
621 1226 887 1297 deposito
935 1223 1166 1278 facilius
1213 1220 1467 1276 halitum
1514 1217 1776 1277 duceret.
1808 1215 2053 1271 liberius

401 1335 530 1376 eam
563 1315 919 1387 alloquitur;
953 1317 1012 1368 et
1058 1313 1133 1366 Ne
1189 1313 1400 1375 timeas,
1451 1307 1668 1379 inquit,
1700 1307 1901 1374 Maria,
1945 1321 2050 1358 suo

402 1409 567 1464 illam
599 1404 823 1461 scilicet
850 1419 1007 1458 nunc
1037 1401 1278 1456 nomine
1309 1397 1695 1471 compellans.

474 1496 870 1554 Tremendum
917 1508 1058 1548 sane
1110 1489 1480 1562 mysterium,
1534 1492 1592 1542 et
1641 1483 2052 1542 admirationis

402 1589 649 1661 plenum
676 1586 688 1641 l
754 1587 867 1640 Nec
898 1583 960 1637 in
995 1581 1224 1636 naturis
1272 1577 1486 1634 creatis
1516 1576 1776 1650 reperire
1807 1581 1917 1640 est,
1950 1575 2050 1645 qui

405 1677 476 1731 de
507 1676 634 1740 illo,
667 1675 752 1729 uti
782 1689 890 1746 par
919 1675 1028 1738 est,
1055 1668 1350 1741 judicium
1384 1667 1537 1721 ferre
1571 1669 1768 1736 queat.
1800 1665 1882 1718 'l‘u
1916 1679 2050 1717 vero

405 1767 551 1835 sola,
584 1763 800 1835 inquit,
831 1779 865 1816 ο
898 1763 1094 1826 Maria,
1122 1775 1190 1814 ne
1215 1761 1424 1812 timeas.
1451 1758 1630 1810 Porro
1660 1753 2051 1810 reverentiam

403 1855 570 1910 illam
606 1852 858 1923 Virginis
878 1856 1118 1920 stupore
1141 1847 1467 1920 plenam,et
1489 1845 1733 1900 mistum
1765 1843 2050 1914 obsequio

404 1941 774 2013 plausum,ac
792 1935 1156 1993 venerationi
1175 1934 1553 2006 conjunctam
1576 1931 2025 1987 exsultationem
2039 1972 2052 1998 ,

405 2047 566 2086 nunc
620 2026 853 2083 Gabriel
913 2027 1158 2080 timorem
1215 2028 1399 2088 vocat,
1457 2020 1959 2094 quemadmodum
2001 2024 2060 2073 et

405 2117 584 2175 David
625 2117 810 2172 dixit:
861 2115 1150 2170 Exsultate
1197 2114 1248 2167 ei
1300 2128 1424 2167 cum
1479 2117 1710 2166 tremore
1739 2108 1804 2163 ⁶⁹.
1865 2110 1944 2164 l\'e
1979 2113 2054 2176 te,

403 2207 618 2280 inquit,
677 2204 961 2278 percellat
1017 2204 1312 2258 immensa
1364 2202 1450 2256 rei
1507 2200 1828 2274 granditas,
1863 2213 2056 2269 neque

407 2303 580 2368 putes
612 2302 668 2351 te
717 2295 790 2350 ad
841 2299 1018 2348 tanta:
1074 2291 1531 2364 magnificentia)
1589 2307 1736 2362 opus
1767 2290 2055 2361 imparem

409 2385 654 2441 omnino
686 2399 853 2449 esse;
903 2398 1120 2452 neque,
1152 2380 1422 2451 mysterii
1470 2395 1719 2434 cernens
1751 2378 2058 2434 celsitudi-

409 2490 571 2540 nem,
604 2479 844 2544 stupore
876 2487 944 2526 ac
974 2475 1139 2525 metu
1168 2469 1459 2536 vincaris;
1506 2483 1699 2539 neque
1745 2473 2059 2539 propterea

411 2562 569 2634 quod
600 2561 778 2616 homo
811 2560 913 2628 sis,
946 2557 1384 2614 formidandam
1433 2557 1540 2612 tibi
1581 2574 1816 2628 quoque
1847 2557 1934 2612 vel
1966 2557 2060 2611 in-

411 2649 758 2722 possibilem
786 2665 914 2703 esse
947 2647 1127 2702 ducas
1158 2647 1310 2702 hanc
1340 2645 1774 2702 salutationem.
1800 2647 1870 2701 Et
1889 2645 2057 2702 valde

411 2739 654 2811 quidem
686 2743 1089 2793 consentanea
1146 2742 1304 2805 sunt,
1355 2753 1486 2807 quas
1535 2736 1735 2791 animo
1766 2735 1967 2805 volvis,
2000 2741 2059 2791 et

407 2827 694 2900 praecelsa
725 2831 924 2882 mente
973 2831 1074 2881 tua
1116 2839 1495 2896 nequaquam
1538 2823 1798 2897 indigna.
1831 2825 2057 2880 Nedum

409 2917 571 2972 enim
603 2917 788 2971 Deum
821 2915 996 2969 homo
1028 2912 1183 2970 ferre
1206 2912 1646 2984 valeat,suaque
1670 2913 1854 2984 ipsius
1881 2930 2056 2969 carne

405 3006 579 3061 illum
611 3003 1075 3071 circumvestire,
1127 3002 1228 3073 qui
1288 3008 1377 3057 est
1426 3004 1658 3057 amictus
1687 3001 1890 3057 lumine
1917 3005 2059 3058 sicut

405 3094 812 3161 vestimento”,
836 3091 941 3148 sed
972 3108 1046 3147 ne
1077 3090 1378 3146 modicum
1405 3091 1645 3161 quidem
1677 3108 1861 3164 prope
1891 3108 2056 3147 acce-

411 3184 549 3240 dere
581 3183 655 3239 ad
703 3183 874 3238 illum
923 3186 1136 3253 potest,
1195 3181 1290 3236 cui
1348 3180 1570 3235 adstant
1601 3181 1781 3235 millia
1818 3181 2055 3235 millium

407 3274 775 3347 angelorum,
835 3279 886 3327 et
943 3272 1115 3326 decies
1161 3269 1358 3324 millies
1409 3276 1636 3325 centena
1676 3270 1855 3324 millia
1883 3269 2054 3325 mini-
2084 3239 2128 3306 Ο

404 3371 584 3420 strant
613 3364 680 3431 '“,
713 3368 771 3417 et
797 3379 828 3417 e
854 3365 1178 3432 conspectu
1218 3359 1450 3414 virtutis
1493 3358 1621 3430 ejus
1651 3359 1896 3415 horrent
1924 3376 2055 3415 om-

407 3456 508 3511 nia
537 3459 598 3509 et
626 3451 1113 3508 contremiscunt.
1155 3452 1236 3505 Tu
1289 3466 1447 3518 vero,
1479 3448 1776 3520 quomodo
1807 3449 2055 3522 eloquar

409 3544 634 3609 nescio,
667 3558 786 3596 non
820 3541 996 3595 homo
1029 3555 1113 3606 es,
1146 3555 1267 3594 non
1310 3538 1574 3610 angelus,
1608 3539 1711 3593 sed
1741 3539 1860 3594 alia
1889 3556 2054 3610 qum-

407 3635 543 3688 dam
575 3637 786 3686 natura
815 3628 1149 3694 sublimior,
1181 3633 1238 3683 et
1269 3625 1585 3700 ejusmodi,
1620 3629 1714 3684 cui
1747 3636 1877 3700 post
1907 3629 2050 3684 divi-

409 3739 550 3778 nam
581 3725 856 3776 naturam
896 3717 1048 3772 nihil
1077 3717 1167 3774 vel
1199 3717 1393 3788 quoad
1422 3716 1679 3788 aliquam
1711 3718 2052 3774 similitudi-

408 3831 545 3871 nem
601 3810 931 3883 comparari
977 3814 1156 3879 queat
1203 3809 1299 3880 (3).
1349 3809 1669 3880 Propterea
1718 3809 1821 3864 tibi
1860 3809 1986 3876 uni,
2020 3827 2053 3866 ο

406 3905 606 3971 Maria,
638 3900 834 3956 nuntii
883 3898 1002 3955 mei
1045 3897 1333 3954 celsitudo
1378 3897 1751 3955 formidanda
1789 3916 1911 3954 non
1941 3905 2051 3954 est.

380 3996 608 4064 'Neque
640 3990 987 4048 omnimoda
1015 3991 1248 4045 virtutis
1298 3996 1412 4045 tum
1451 3992 1680 4062 puritas
1708 3998 1829 4048 tam
1859 3992 2054 4047 divino

409 4081 604 4152 impar
635 4085 720 4134 est
753 4078 962 4133 nuntio
989 4093 1002 4131 :
1054 4094 1248 4148 neque
1282 4077 1668 4132 admirandus
1694 4079 1909 4134 animm
1940 4085 2055 4134 tuae

410 4169 692 4242 splendor
721 4167 814 4236 iis,
862 4183 993 4238 qua:
1041 4166 1416 4232 nuntiantur,
1448 4165 1832 4221 admittendis
1861 4167 2058 4222 minus

412 4259 719 4333 congruit:
755 4272 948 4329 neque
998 4253 1506 4326 pulchritudinem
1549 4259 1708 4309 tuam
1741 4272 1870 4313 sese
1899 4259 2061 4314 indi-

478 4361 527 4396 ⁸⁸
557 4361 691 4416 Luc.
724 4375 764 4426 ι,
796 4359 886 4414 30.
961 4355 1009 4392 ⁶⁹
1038 4355 1188 4412 Psal.
1220 4373 1277 4426 ιι,
1312 4357 1397 4413 11.
1474 4353 1521 4392 ⁷ο
1549 4355 1701 4412 Psal.
1733 4375 1847 4425 cm,
1880 4361 1934 4417 2.

2159 605 2463 681 ἅνθρωπος,
2521 606 2655 680 πρὸς
2711 607 2774 660 τὸ
2825 600 3057 682 φοϐερὸν
3110 603 3328 679 ἐπείπερ
3382 603 3526 680 ἐώρα
3582 609 3678 660 τοῦ
3712 628 3819 679 μυ-

2162 695 2413 768 στηρίου,
2468 693 2770 771 ἀγγελικῆς
2829 693 3012 749 ἀκούει
3071 693 3330 770 γλώττης
3385 693 3476 748 καὶ
3509 691 3686 758 αὖθις·
3721 696 3814 766 Μὴ

2161 779 2357 862 φοϐοῦ,
2415 785 2666 858 Μαριάμ’
2726 782 2876 859 εὗρες
2932 785 3033 859 γάρ
3092 783 3256 861 χάριν
3317 781 3460 855 παρᾶ
3525 787 3608 854 τῷ
3674 789 3819 857 Θεῷ.

2162 875 2272 930 Νῦν
2304 879 2403 942 τῆς
2452 871 2770 946 ἐπωνυμίας
2822 871 2898 934 εἷς
2957 874 3184 946 μνήμην
3218 873 3246 927 6
3279 866 3522 946 Γαϐριὴλ
3569 868 3820 948 ἔρχεται,

2163 961 2422 1026 Ἀπέθετο
2486 961 2588 1037 γὰρ
2657 961 2716 1016 ὅν
2784 960 2970 1036 ἀνεῖχε
3035 961 3233 1038 φόρτον
3291 967 3389 1030 τῆς
3457 967 3656 1037 χαρᾶς,
3723 961 3823 1016 καὶ

2163 1051 2342 1128 ὥσπερ
2409 1051 2626 1133 κούφως
2733 1051 2867 1126 μετά
2959 1053 3060 1122 τὴν
3124 1051 3405 1108 κατάθεσιν
3471 1049 3820 1124 διαπνεύσας,

2161 1139 2482 1218 ἐλευθερίως
2576 1139 2930 1216 προσομιλεῖ’
3031 1140 3147 1211 καὶ,
3217 1141 3310 1210 Μὴ
3387 1135 3586 1218 φοϐοῦ,
3657 1139 3820 1215 φησί,

2164 1231 2416 1306 Μαριὰμ,
2458 1229 2586 1286 αὐτὸ
2619 1228 2684 1301 δὴ
2713 1231 2774 1286 τὸ
2806 1230 2983 1304 ὐνομα
3011 1233 3104 1284 νῦν
3136 1230 3468 1304 προσειπών.

2232 1495 2474 1575 Φοϐερὸν
2512 1499 2608 1574 μὶν
2666 1498 2758 1554 οὖν
2816 1499 2880 1555 τὸ
2931 1500 3232 1575 μυστήριον
3293 1499 3532 1567 παντως,
3563 1498 3652 1553 καὶ
3684 1497 3820 1554 Θαυ-

2163 1611 2332 1664 ματος
2365 1587 2596 1664 πλῆρεςο
2664 1589 2756 1644 καὶ
2821 1588 2922 1644 οὐκ
2985 1587 3128 1644 ἔστιν
3194 1586 3245 1643 ἒν
3313 1591 3506 1661 χτιστῇ
3539 1588 3718 1662 φύσει,
3755 1587 3822 1650 ὅς

2161 1680 2244 1746 ἄν,
2313 1679 2388 1740 ὡς
2455 1685 2720 1754 προσῆκε,
2790 1675 3084 1754 λογίσαιτο
3143 1676 3266 1752 περὶ
3329 1677 3518 1735 αὐτοῦ.
3585 1675 3660 1732 Σὺ
3733 1673 3819 1746 δὲ,

2160 1768 2314 1848 φησὶ,
2352 1769 2514 1841 μόνη.
2576 1767 2822 1842 Μαριάμ,
2891 1767 2967 1840 μὴ
3029 1761 3226 1846 φοϐοῦ.
3257 1765 3328 1820 Τὸ
3385 1765 3521 1838 πρὸς
3553 1761 3819 1836 ἔκπληξιν

2162 1853 2408 1927 εὐλαϐὲς,
2465 1857 2557 1914 τόν
2614 1879 2672 1912 τε
2730 1863 3076 1932 σεμνοπρεπῆ
3130 1863 3232 1925 τῆς
3289 1857 3561 1930 Παρθένου
3592 1855 3818 1930 κρότον,

2159 1949 2250 2002 καὶ
2306 1948 2405 2016 τὴν
2471 1947 2588 2020 μετ’
2640 1944 2826 2008 αἰδοῦς
2884 1943 3234 2021 ἀγαλλίασιν,
3295 1941 3464 2024 φόϐον
3507 1939 3816 2016 ὁΓαϐρι-ᾑλ

2159 2035 2384 2092 ἐνταῦθα
2440 2035 2620 2105 καλεῖ,
2681 2037 2756 2099 ὡς
2810 2034 2900 2090 καὶ
2960 2029 3148 2100 Δαϐἰδ,
3206 2032 3594 2108 Ἀγαλλιᾶσοε,
3643 2034 3816 2101 εἶπεν,

2158 2125 2304 2197 αὐτῷ
2362 2124 2414 2179 ἐν
2470 2126 2684 2199 τρόμῳ.
2746 2126 2839 2190 Mi;
2897 2121 2988 2178 οὖν
3040 2121 3268 2194 ξενίζου,
3329 2123 3486 2201 φησί,
3517 2123 3616 2190 τὴν
3648 2122 3826 2197 ὑπερ-

2159 2209 2357 2284 ϐολήν·
2457 2211 2599 2286 μηδὲ
2663 2214 2856 2286 νόμιζε
2919 2213 3053 2287 πρὸς
3130 2211 3472 2283 τηλικαύτην
3538 2209 3825 2273 ἀδυνάτως

2157 2301 2305 2378 ἔχειν
2341 2301 2764 2380 μεγαλειότητα’
2821 2299 2984 2375 μηδὲ,
3032 2303 3133 2370 τῆς
3184 2299 3413 2370 τελετῆς
3453 2300 3713 2378 ἀφορῶσα
3752 2300 3821 2355 τὸ

2160 2389 2410 2466 μέγεθος,
2467 2392 2647 2460 ἥττων
2704 2390 3018 2461 ἐκπλήξεως
3071 2388 3224 2466 γίνου
3281 2390 3367 2444 καὶ
3428 2385 3624 2466 φόϐου·
3680 2385 3823 2461 μηδ’

2155 2481 2241 2536 ’ὁτι
2272 2478 2586 2556 ἄνθρωπος,
2617 2476 2707 2535 διὰ
2736 2476 2897 2534 τοῦτό
2943 2499 3028 2534 σοι
3077 2479 3166 2534 καὶ
3211 2473 3436 2556 φοϐερὸν
3465 2479 3500 2548 ἢ
3533 2474 3806 2532 ἀδύνατον

2157 2567 2280 2624 οὛου
2311 2570 2405 2626 τὸν
2445 2570 2756 2644 ἀσπασμόν.
2797 2571 2943 2626 Ηάνυ
2980 2570 3073 2642 μὶν
3122 2567 3215 2623 οὖν
3259 2567 3326 2622 τὸ.
3363 2565 3545 2622 εἰκότα
3590 2566 3820 2643 λογίζῃ,

2157 2659 2377 2730 καὶτῆς
2435 2667 2534 2730 σῆς
2597 2657 2820 2734 ὑψηλῆς
2875 2657 2996 2732 ἄξια
3053 2656 3315 2721 διανοίας.
3345 2659 3672 2734 ’Ἄνθρωπος
3707 2657 3808 2730 μέν

2158 2749 2263 2824 γὰρ
2327 2749 2403 2822 μή
2443 2749 2529 2804 ’ὸτι
2579 2768 2641 2822 γε
2692 2749 2822 2804 Θεὸν
2872 2747 3128 2822 ἐνεγκεῖν,
3187 2748 3277 2802 καὶ
3336 2745 3410 2809 ὠς
3461 2750 3674 2821 χιτῶνα
3703 2747 3809 2815 τήν

2159 2838 2354 2893 ἑαυτοῦ
2421 2838 2593 2913 σάρκα
2661 2831 2980 2908 περιϐαλεῖν
3060 2836 3152 2892 τὸν
3235 2829 3682 2910 ἀναϐαλλόμενον
3748 2836 3816 2890 τὸ

2159 2931 2276 3005 φῶς
2321 2926 2396 2989 ὠς
2449 2925 2688 3000 ἱμάτιον,
2737 2923 2864 2981 ἀλλ’
2913 2922 3037 2980 οὐδὲ
3083 2926 3418 3000 καταμικρὸν
3473 2923 3678 3000 ἐγγίσαι
3721 2921 3829 2978 δύ-

2157 3036 2336 3085 ναται,
2404 3015 2450 3088 ᾧ
2517 3015 2870 3091 παρίστανται
2957 3012 3140 3090 χίλιαι
3223 3011 3479 3093 χιλιάδες
3540 3009 3818 3089 ἀγγέλων,

2157 3104 2252 3161 καὶ
2311 3103 2500 3179 μύριαι
2563 3101 2820 3180 μυριάδες
2875 3103 3280 3180 λειτουργοῦσι,
3337 3102 3428 3159 καὶ
3488 3102 3591 3158 ἀπὸ
3647 3122 3822 3178 προσ·

2166 3194 2322 3249 ώπςυ
2348 3199 2449 3264 τῆς
2490 3190 2768 3266 ὃυνόμεως
2813 3193 2982 3249 αὐτοῦ
3027 3194 3202 3248 πάντα
3240 3193 3454 3272 φρίσσει
3484 3190 3575 3247 καὶ
3604 3191 3824 3266 τρέμει.

2167 3282 2244 3337 Σὺ
2276 3279 2354 3350 δὲ,
2407 3281 2509 3337 οὐκ
2559 3279 2678 3337 οἶδα
2735 3286 2851 3344 πῶς
2906 3282 2966 3338 ἃν
3027 3280 3184 3352 εἶ’πω,
3245 3281 3345 3338 οὐκ
3374 3279 3677 3356 ἄνθρωπος,
3713 3283 3830 3338 οὐκ

2165 3369 2418 3446 ἄγγελος,
2471 3369 2617 3427 ἀλλά
2661 3391 2743 3434 τις
2797 3369 2985 3444 ὑψηλή
3035 3371 3192 3450 φύσις
3233 3369 3406 3444 ἑτέρα,
3436 3371 3526 3426 καὶ
3556 3369 3644 3426 οἵα
3675 3369 3833 3443 μηδέ

2163 3462 2300 3534 πρὸς
2367 3458 2717 3535 παράδειγμα
2785 3461 2922 3534 μετά
2980 3461 3081 3532 τήν
3151 3459 3293 3525 θείαν
3360 3455 3824 3534 παραϐάλλεσθαι

2163 3548 2340 3627 φύσιν.
2377 3549 2477 3604 Διά
2529 3549 2691 3604 τοῦτό
2745 3570 2831 3605 σοι
2893 3550 3058 3624 μόνῃ,
3110 3549 3362 3624 Μαριὰμ,
3395 3548 3458 3603 οὐ
3488 3543 3718 3626 φοϐερὸν
3753 3550 3824 3606 τὸ

2161 3642 2262 3704 τῆς
2299 3637 2436 3712 ἐμῆς
2465 3636 2718 3713 ἀγγελίας
2766 3639 2924 3712 ὕψος,
2974 3637 3119 3713 Οὐχὶ
3172 3639 3236 3693 τὸ
3274 3638 3540 3713 πάναγνον
3586 3639 3682 3706 τῆς
3715 3645 3832 3707 σῆς

2164 3728 2358 3803 ἀρετῆς
2389 3728 2525 3803 πρὸς
2583 3726 2911 3798 τηλικοῦτον
2973 3725 3349 3798 ἀνεπιτήδειον
3403 3727 3645 3800 μήνυμα·
3676 3727 3822 3803 οὐχὶ

2162 3817 2224 3872 τὸ
2256 3815 2514 3890 λαμπρὸν
2543 3822 2644 3885 τῆς
2677 3816 2828 3886 ξὲνης
2862 3837 2956 3871 σου
2987 3819 3174 3891 ψυχῆς
3201 3816 3299 3884 τήν
3332 3811 3614 3890 ὑποδοχὴν
3658 3815 3831 3871 ἀπω-

2163 3907 2338 3960 θεῖται
2381 3908 2488 3959 τῶν
2540 3903 2889 3980 εὐαγγελίων·
2951 3905 3014 3960 οὗ
3072 3905 3134 3960 τὸ
3193 3903 3282 3958 σὸν
3335 3901 3548 3966 καλλος
3597 3903 3828 3975 ἀνάξιον

2165 3994 2194 4048 ὁ
2252 3992 2592 4068 ὃήμιουργὸς
2647 3995 2840 4048 ἑαυτοῦ
2899 3993 3156 4062 θεσπίζει·
3217 3993 3282 4048 οὐ
3339 3993 3402 4047 τὸ
3443 3989 3666 4068 φαιδρὸν
3716 4001 3834 4064 τῆς

2167 4084 2264 4151 σῆς
2332 4078 2560 4156 ἀγλα³ιας
2641 4079 2984 4156 παρὲδραμεν
3062 4082 3090 4136 6
3155 4079 3555 4151 παντὲπόπτης·
3626 4079 3687 4135 οὐ
3759 4083 3832 4137 τὸ

2168 4166 2516 4242 διάλαμπρον
2575 4175 2676 4239 τῆς
2735 4171 2834 4238 σῆς
2883 4169 3256 4244 καθαρότητος
3296 4166 3752 4242 ἀπροσπέλαστον
3797 4172 3834 4226 6

2168 4257 2422 4328 Πλάστης
2479 4258 2656 4331 ἑαυτῷ
2706 4257 3022 4337 ψηφίζεται.
3079 4259 3169 4327 Μή
3227 4252 3402 4336 φοϐοῦ
3451 4256 3668 4331 λοιπὸν,
3701 4263 3839 4315 Μα-

2009 4357 2054 4394 ⁷¹
2088 4365 2233 4417 Dan.
2267 4377 2360 4429 vn,
2398 4363 2482 4414 10.

1722 4467 1866 4524 Ant.
1916 4463 2211 4526 Ballerini
2255 4471 2445 4527 notae.

477 4567 552 4638 (3)
585 4570 649 4642 In
682 4567 1000 4642 Orientalis
1028 4567 1305 4642 Ecclesiae
1335 4568 1516 4623 sacris
1539 4567 1750 4642 ofﬁciis
1772 4585 1890 4624 non
1921 4586 2054 4626 raro
2089 4573 2133 4638 Β
2166 4588 2287 4627 suaa
2319 4573 2644 4628 eminentia
2695 4572 2950 4642 quaedam
2993 4577 3198 4626 natura
3250 4570 3538 4625 sublimior
3564 4569 3837 4628 dicenda

407 4638 664 4694 occurrit
691 4639 828 4710 (qua
859 4639 930 4711 de
971 4656 1033 4692 re
1083 4639 1146 4692 in
1194 4640 1674 4711 Commentario),
1706 4647 1772 4695 ut
1801 4641 2052 4711 Deipara

407 4711 498 4765 vel
533 4711 752 4774 Any/eli,
784 4710 874 4764 vel
935 4711 1250 4774 Cherubini,
1307 4709 1390 4763 vel
1445 4712 1745 4778 Seraphini
1790 4709 2057 4767 terrestris

407 4781 652 4837 nomine
682 4781 1044 4853 designetur.
1089 4779 1263 4853 Quod
1285 4779 1546 4853 quidem,
1579 4783 2056 4853 ut_manil‘estum

407 4861 514 4920 est,
550 4869 668 4909 non
721 4870 788 4908 eo
821 4851 1086 4925 “spectat,
1137 4857 1224 4925 ut_
1250 4851 1608 4906 beatissimaa
1643 4851 1743 4906 Dei
1777 4853 2056 4908 Genitrici

405 4928 680 4982 humanm
707 4922 931 4980 naturai
956 4925 1168 4978 veritas
1193 4922 1535 4994 denegetur,
1556 4939 1694 4994 ﬁcum
1721 4939 1751 4978 e
1774 4940 2056 4980 converso

403 4999 498 5053 SS.
541 5001 740 5054 Patres
770 4997 842 5052 ad
875 4995 1155 5052 tuendam
1203 4993 1484 5050 adversus
1514 4993 2054 5064 pliantasiastarum

405 5070 616 5126 deliria
645 5069 958 5124 dominica:
991 5065 1420 5122 incarnationis
1461 5065 1767 5122 veritatem
1801 5067 2053 5124 subinde

405 5143 657 5214 Virginis
687 5157 922 5214 quoque
955 5139 1160 5214 matris
1191 5153 1388 5192 veram
1419 5141 1693 5214 naturam
1731 5139 2052 5214 humanam

404 5208 898 5296 propugnandam
925 5212 1048 5296 sibi.
1065 5215 1372 5296 assumant
1393 5226 1412 5291 ξ
1423 5208 1535 5290 sed
1557 5215 1624 5264 ut
1644 5211 1890 5296 remotis
1912 5229 1947 5266 a
1965 5228 2058 5294 ve-

405 5280 643 5340 rissima
673 5286 937 5340 humana
964 5284 1126 5340 illius
1158 5288 1372 5353 natura
1396 5280 1469 5334 iis
1500 5281 1798 5349 omnibus,
1831 5299 1962 5353 qua:
1993 5284 2054 5339 in

407 5354 663 5426 dedecus
693 5356 928 5425 cedant,
959 5353 1253 5426 ejusmodi
1307 5352 1386 5426 illi
1420 5359 1720 5426 asseratur
1748 5352 2051 5419 nobilitas,

405 5424 576 5497 cujus
606 5429 793 5497 gratia
843 5424 1084 5496 angelus
1134 5426 1224 5482 vel
1269 5424 1598 5497 cherubim.
1651 5426 1844 5496 potius
1877 5442 2054 5496 quam

407 5493 634 5569 homo;
663 5499 849 5552 videri
907 5493 1102 5569 queat.
1149 5499 1350 5569 AAtqui
1394 5493 1667 5569 eamdem
1709 5497 1782 5550 ob
1815 5493 2052 5552 causam

407 5565 620 5640 merito
651 5575 856 5640 auctor
877 5565 1050 5640 negat
1078 5567 1165 5640 vel
1187 5565 1412 5640 angelis
1437 5568 1672 5623 Mariam
1705 5585 2054 5639 comparan-

408 5635 543 5690 dam
575 5652 723 5692 esse.
773 5639 828 5692 Si
864 5635 1022 5696 enim
1079 5635 1293 5707 (quodr
1322 5655 1392 5693 ex
1450 5640 1745 5693 sententia
1783 5635 2053 5694 omnium

405 5709 647 5762 Patrum
675 5708 832 5764 idem
850 5715 1055 5764 auctor
1075 5707 1374 5780 afﬁrmat),
1403 5709 1571 5781 Virgo
1593 5725 1700 5779 pro
1724 5709 2054 5764 nobilitatis

2163 4649 2272 4708 est,
2301 4647 2390 4699 cui
2415 4652 2537 4714 post
2567 4644 2814 4698 divmam
2857 4649 3119 4714 naturam
3166 4643 3308 4697 nihil
3353 4644 3437 4696 vel
3479 4642 3666 4712 quoad
3695 4643 3835 4697 exi-

2168 4731 2333 4782 guam
2401 4713 2650 4785 aliquam
2722 4713 3145 4769 similitudinem
3216 4716 3528 4784 compara-ri
3595 4714 3837 4783 possit;

2168 4785 2376 4840 eodem
2411 4787 2584 4858 plane
2619 4787 2767 4852 iure,
2801 4801 2917 4856 quo
2958 4785 3537 4858 hominibustetiam
3593 4785 3837 4858 angelis

2165 4854 2598 4912 accensendam
2651 4873 2778 4912 esse
2819 4854 3168 4923 negabitur,
3217 4863 3284 4910 ut
3335 4855 3530 4910 locum
3563 4854 3836 4912 soli'sibi

2169 4929 2474 5000 proprium
2508 4929 2794 4984 creaturis
2839 4927 3116 5000 omnibus
3161 4927 3584 5000 superior,‘uni
3618 4933 3838 5000 autem

2164 4997 2569 5070 Deo'inferior,
2596 5004 2804 5054 servet.
2827 4999 2971 5054 Cum
2989 5015 3124 5053 vero
3147 4997 3445 5070 ejusmodi
3471 4998 3646 5070 homo
3668 4997 3836 5055 adeo

2165 5071 2238 5125 ab
2269 5071 2542 5127 humanae
2592 5077 2820 5126 natura:
2872 5071 3094 5125 vilitate
3150 5069 3320 5134 lenge
3352 5069 3636 5136 discedat,
3667 5075 3738 5123 ut
3770 5079 3846 5126 et

2164 5142 2550 5197 nobilissima:
2581 5142 2848 5197 caelestes
2878 5142 3137 5196 Virtutes
3166 5139 3240 5196 ad
3273 5141 3543 5196 eamdem
3579 5156 3844 5197 compa-

2165 5220 2308 5268 rata:
2339 5215 2617 5268 vilescere
2649 5212 2916 5267 dicendas
2943 5213 3084 5279 sint,
3108 5212 3380 5283 quisnam
3400 5212 3639 5283 serioiet
3669 5211 3842 5268 illud

2164 5284 2586 5356 disputandum
2614 5288 2874 5352 censeat,
2901 5300 2976 5338 an
3007 5282 3147 5356 vitio
3179 5283 3302 5352 illo,
3336 5282 3840 5356 quod_abjectam

2164 5353 2424 5410 naturam
2446 5360 2701 5426 nostram
2719 5360 3027 5426 tantopere
3041 5353 3420 5424 abjectiore’m
3431 5353 3842 5426 vi‘lioremque

2165 5427 2379 5488 effecit,
2427 5425 2864 5497 gloriosissima
2889 5424 3106 5497 “Virgo
3134 5426 3425 5480 exstiterit
3461 5424 3783 5497 detur-pata
3808 5429 3844 5484 ‘I

2163 5495 2500 5568 Praesertim
2533 5513 2667 5551 vero
2700 5496 2856 5568 quod
2889 5497 2937 5551 si
2969 5495 3116 5566 quid
3146 5513 3422 5568 expresse
3446 5495 3527 5568 de
3563 5495 3835 5568 Virginis

2165 5567 2520 5638 excellentia
2549 5583 2687 5622 mox
2717 5567 2923 5623 auctor
2951 5573 3398 5633 commemorat,
3439 5567 3500 5621 in
3549 5567 3839 5638 puritatis

2162 5637 2369 5692 laudes
2396 5638 2757 5711 elfundatur,
2808 5655 2986 5711 quam
3035 5639 3332 5694 horrendo
3383 5637 3682 5694 incarnati
3717 5641 3834 5697 Dei

2161 5710 2447 5780 mysterio
2477 5727 2680 5783 parem
2711 5710 3008 5767 afﬁrmare
3040 5727 3161 5766 non
3191 5711 3442 5766 dubitat.
