4090 6208
259 355 332 414 97
1151 349 1421 411 sumo
1465 350 1554 410 IN
1599 328 2191 412 ANNUNTIONEM
2238 349 2305 407 Β.
2356 348 2426 409 v.
2477 350 2781 411 MARLE.
3612 360 3691 420 98

271 484 424 558 ριάμο
480 482 637 555 εὗρες
683 482 791 557 γὰρ
840 480 1009 559 χάριν
1058 481 1207 556 παρά
1258 486 1337 554 τῷ
1394 484 1531 553 Θεῷ.
1582 479 1854 548 Δικαστήσ
1903 479 1931 531 6

2047 496 2220 551 gnam
2250 486 2482 537 creator
2514 488 2752 539 censet:
2787 501 2983 557 neque
3012 490 3336 545 venustatis
3363 495 3477 546 tua:
3507 492 3693 566 fulgo-

268 572 396 632 Θεὸς
424 569 632 642 γίνεται
684 574 793 625 τῶν
847 574 977 624 σῶν·
1030 571 1124 624 καὶ
1183 569 1298 624 ἐπεὶ
1352 568 1452 623 οὐκ
1499 569 1651 643 εἶχεν
1697 567 1928 645 ἀντιχα-

274 680 356 734 ριν
388 659 533 730 ἀξίαν
566 659 741 733 εὖρεῖν
786 658 972 732 ἑτέραν
1000 663 1108 714 τῶν
1148 663 1428 733 τροπαῖων
1481 665 1583 727 τῆς
1634 663 1731 727 σῆς
1782 656 1930 729 λαμ·-

279 746 541 820 πηόὀνος,
600 747 788 803 ἑαυτὸν
840 749 870 802 ὁ
922 748 1202 819 Δεσπότης
1252 746 1490 804 ἔπαθλόν
1546 768 1631 802 σοι
1676 744 1929 823 παρέχειο

278 838 359 897 0'3
388 840 489 913 γάρ
529 837 865 913 παρατρέχει
914 838 1040 900 τοὺς
1084 836 1329 907 ἀθλητάς
1369 838 1397 891 6
1435 835 1755 906 ἀθλοθέτης·
1808 831 1933 889 οὐδὲ

280 929 440 1003 γέρας
469 932 580 982 τῶν
606 926 870 999 καμάτων
903 924 1116 981 ἐλάττω
1165 923 1408 981 δίδωσιν·
1467 921 1591 980 οὐδὲ
1638 924 1932 1001 στεφάνους

275 1016 463 1072 πλέκει
530 1019 645 1071 τῶν
704 1014 885 1069 ἄθλων
943 1012 1295 1076 ἀποδέοντας,
1358 1018 1468 1069 Σοῦ
1529 1011 1588 1068 δὲ
1652 1014 1790 1087 μήτε
1852 1011 1936 1067 ὲν-

270 1108 500 1169 εστῶτα,
562 1104 706 1174 μήτε
753 1100 1051 1175 μέλλοντα,
1114 1104 1250 1175 μήτε
1291 1100 1520 1175 ὕψωμα,
1563 1102 1704 1173 μήτε
1745 1099 1932 1173 βάθος,

274 1195 416 1265 μήτε
448 1191 664 1264 κᾶσμος
706 1191 872 1263 hac,
915 1193 1056 1265 μήτε
1112 1212 1195 1253 τις
1246 1190 1403 1265 ἑτέρα
1459 1189 1654 1258 κτίσις,
1712 1187 1933 1262 ἐπείπερ

263 1281 366 1335 οὐκ
393 1282 462 1349 ἦν
494 1280 852 1357 ἀντίρῥοπος,
895 1282 958 1348 ἧς
996 1281 1170 1352 μόνης
1203 1278 1323 1349 ἀξία
1355 1279 1422 1352 εἶ,
1470 1277 1675 1347 ταύτης
1724 1274 1791 1346 δὴ
1840 1275 1934 1330 καὶ

258 1372 560 1445 mum;
603 1376 706 1438 τῆς
760 1363 1026 1441 ἀμοιϐῆς.
1068 1369 1133 1425 'n
1187 1365 1245 1423 δὲ
1292 1367 1460 1438 ἐστιν,
1514 1366 1558 1422 ὥ
1605 1373 1709 1435 τῆς
1761 1364 1934 1441 ait“?

258 1481 364 1515 του
404 1479 501 1515 σου
558 1455 748 1528 δόξης,
806 1456 1103 1525 ΙΙάναγνεΞ
1175 1456 1258 1512 ὅτι
1336 1453 1479 1513 Ἰδοὺ
1550 1452 1814 1529 συλλήψῃ
1880 1453 1932 1509 ἐν

259 1550 487 1624 γαστρὶ,
565 1548 657 1602 καὶ
730 1547 856 1621 τέξῃ
938 1548 1077 1616 υἱὸν,
1154 1546 1243 1601 καὶ
1319 1544 1568 1608 καλέσεις
1636 1546 1697 1599 τὸ
1757 1543 1934 1617 ὄνομα

261 1638 433 1693 αὐτοῦ
508 1639 748 1708 Ἰησοῦν.
827 1638 999 1698 Οὗτος
1092 1632 1239 1691 ἔσται
1338 1631 1532 1711 μέγας,
1629 1635 1718 1689 καὶ
1810 1634 1935 1695 Υἱὸς

257 1711 530 1803 ’Υψίστου
605 1729 966 1799 κληθήσεται’
1068 1727 1158 1782 καὶ
1235 1723 1399 1782 δώσει
1495 1727 1643 1797 αύτῷ
1735 1722 1937 1799 Κῦριος

263 1822 296 1873 6
338 1820 471 1881 Θεὸς
521 1818 613 1873 τὸν
678 1818 874 1892 θρόνον
939 1811 1105 1871 Δαϐἶδ
1172 1820 1268 1871 τοῦ
1330 1816 1534 1889 πατρὸς
1596 1813 1782 1869 αὐτοῦ·
1842 1812 1931 1866 καὶ

266 1907 589 1985 βασιλεύσει
632 1906 721 1961 ἐπὶ
767 1907 860 1961 τὸν
917 1908 1068 1961 οἷκον
1124 1900 1320 1961 Ἰακὼὸ
1382 1904 1459 1967 εἷς
1518 1904 1645 1966 τοὺς
1705 1902 1928 1970 αἰῶνας,

263 1998 364 2052 καὶ
410 2004 512 2066 τῆς
570 1993 849 2071 βασιλείας
907 1995 1075 2049 αὐτοῦ
1151 1994 1254 2048 οὐκ
1309 1987 1459 2048 ἔσται
1535 1990 1715 2054 τέλος.
1776 1989 1929 2059 Αὕτη

259 2091 378 2143 τῶν
418 2085 786 2161 φαεινοτάτων
844 2083 1074 2138 ὰγτίνων
1123 2090 1222 2153 τῆς
1278 2090 1375 2152 σῆς
1425 2086 1617 2157 ψυχῆς
1646 2084 1681 2151 ἡ
1715 2077 1933 2135 ἀντίδο-

264 2196 373 2237 σις·
446 2176 585 2245 αὕτη
655 2195 741 2229 σοι
813 2181 915 2244 τῆς
985 2172 1380 2248 ὑπερουρανίου
1444 2172 1536 2227 καὶ
1601 2174 1935 2246 θεοπρεποῦς

268 2259 588 2325 ἀναϐάσεως
662 2266 697 2331 ἡ
774 2261 1081 2340 ἀντίχαρις·
1161 2262 1323 2316 τοῦτὸ
1366 2282 1449 2316 σοι
1493 2261 1857 2334 προεικόνιζεν
1896 2262 1932 2329 ἡ

269 2355 329 2409 ἐν
368 2359 489 2415 τοῖς
530 2348 756 2414 ἀϐάτοις
817 2346 1096 2427 διατριϐὴ,
1156 2350 1238 2405 ὅτι
1294 2355 1375 2423 τῷ
1430 2349 1585 2424 μόνῳ
1637 2370 1933 2424 προσεντυ-

280 2448 403 2518 χεῖν
463 2436 651 2514 ἀϐάτῳ
715 2440 806 2495 καὶ
863 2440 1157 2515 ξενοτερπῆ
1212 2440 1454 2517 καθάπερ
1514 2438 1759 2513 λειμῶνα
1833 2440 1933 2508 τὴν

278 2534 378 2601 σήν
422 2529 662 2604 ἔμελλες
707 2531 1137 2603 παρασκευάσειν
1199 2527 1434 2604 γαστέρα
1493 2529 1629 2603 πρὸς
1693 2527 1933 2600 οἲκησιν,

273 2621 365 2677 καὶ
425 2620 592 2695 βατὸν
644 2619 741 2691 μὲν
806 2618 1033 2693 οὐρανὸν
1101 2624 1220 2681 τοῖς
1286 2618 1435 2673 κάτω
1490 2619 1931 2691 καινοτομησειν.

277 2714 364 2774 οἷς
412 2710 471 2765 δὲ
514 2712 593 2783 μή
634 2709 846 2784 κλῆρος
899 2711 929 2763 6
985 2712 1144 2783 χοῦς,
1203 2709 1383 2763 καινὸν
1442 2709 1737 2783 περίπατον
1798 2707 1936 2762 ὓπο-

276 2801 543 2875 στρώσειν
574 2801 676 2867 τήν
718 2801 847 2872 γῆν.
890 2797 1066 2854 Τοῦτό
1109 2818 1192 2851 σοι
1252 2797 1341 2852 καὶ
1400 2799 1433 2867 ἡ
1496 2797 1749 2870 οὐράνιος
1806 2796 1937 2851 ὑπέ-

277 2910 453 2968 γραφε
489 2889 695 2965 τροφή,
759 2884 835 2940 ’ἶν’
893 2885 944 2958 ἐξ
1005 2885 1346 2962 ὑψηλοτέρας
1404 2882 1617 2955 διαίτης
1676 2887 1934 2960 παραθεῖ-

273 3001 357 3034 ναι
389 2977 607 3033 δεῖπνον
644 2978 965 3050 εὖπορήσῃς
992 2980 1072 3048 τῷ
1102 2976 1432 3051 Ὑπερτάτῳ.

2042 587 2168 626 rem
2198 570 2248 624 is
2278 573 2668 644 praeterit,qui
2690 576 2890 630 omnia
2910 578 3199 647 conspicit
3224 596 3237 633 :
3270 596 3463 652 neque
3492 582 3689 638 minus

2039 658 2302 731 dignum,
2336 677 2513 731 quam
2546 668 2610 717 ut
2640 663 2764 733 ipse
2796 665 3038 735 ambiat,
3071 668 3347 736 puritatis
3377 674 3492 725 tua:
3533 672 3690 726 nito-

2040 764 2166 802 rem
2198 748 2445 818 judicat.
2516 754 2594 806 Ne
2643 754 2831 807 timeas
2892 770 3047 826 ergo,
3096 772 3124 808 ο
3169 759 3371 827 Maria,
3432 761 3694 816 invenisti

2040 837 2188 893 enim
2217 842 2457 908 gratiam
2490 842 2643 912 apud
2673 844 2860 898 Deum.
2898 846 2977 899 De
3010 845 3188 901 rebus
3239 848 3354 902 tuis
3396 847 3690 919 judicium

2040 927 2195 982 ferre
2228 929 2357 999 jam
2390 930 2491 984 Dei
2542 931 2644 995 fit;
2700 937 2757 986 et
2805 933 3288 1004 quandoquidem
3336 936 3511 993 aliam
3557 957 3687 1010 quas

2040 1017 2280 1086 tropaeis
2314 1017 2651 1088 splendoris
2685 1019 2767 1073 tui
2800 1027 2934 1091 apte
2966 1023 3373 1093 responderet,
3414 1044 3691 1084 remune-

2042 1106 2334 1161 rationem
2362 1106 2627 1162 iuvenire
2662 1108 2888 1164 nullam
2917 1112 3129 1181 potuit,
3164 1129 3225 1167 se
3258 1114 3449 1184 ipsum
3494 1117 3695 1171 Domi-

2043 1211 2157 1249 nus
2188 1195 2293 1249 tibi
2326 1197 2637 1266 prmmium
2673 1198 2916 1269 praibet.
2949 1200 3150 1271 Neque
3183 1204 3343 1258 enim
3389 1205 3488 1275 qui
3541 1223 3693 1276 prte-

2041 1284 2163 1339 mia
2193 1286 2499 1339 constituit
2531 1287 2896 1357 certaminis,
2941 1291 3243 1364 negligere
3276 1299 3571 1349 certantes
3596 1312 3692 1366 po-

2044 1376 2194 1439 test;
2227 1390 2421 1443 neque
2451 1375 2696 1446 praemia
2745 1376 2847 1431 ille
2908 1377 3146 1448 diribet,
3202 1397 3334 1451 quas
3388 1382 3691 1438 laboribus

2043 1462 2162 1518 sint
2190 1464 2422 1520 minora
2445 1481 2458 1529 ;
2479 1482 2675 1538 neque
2698 1484 2948 1523 coronas
2968 1471 3172 1538 nectit,
3203 1488 3332 1542 qua:
3347 1473 3691 1529 certaminis

2043 1553 2335 1608 rationem
2367 1553 2525 1609 haud
2571 1563 2901 1627 exmquent.
2938 1559 3077 1623 Quis
3108 1576 3243 1615 vero
3296 1578 3489 1631 neque
3541 1580 3690 1634 prm-

2044 1642 2256 1709 sentia,
2288 1659 2482 1713 neque
2515 1644 2735 1713 futura,
2769 1662 2960 1716 neque
3003 1647 3271 1718 altitudo,
3321 1667 3515 1722 neque
3554 1670 3693 1723 pro-

2042 1729 2319 1798 fundum,
2350 1749 2544 1802 neque
2578 1733 2835 1789 mundus
2870 1741 3044 1806 totus,
3073 1754 3265 1808 neque
3289 1739 3405 1795 alia
3425 1747 3695 1797 creatura

2049 1836 2275 1875 merces
2308 1827 2398 1876 est
2448 1822 2562 1877 tuis
2620 1824 2851 1878 meritis
2895 1826 3282 1896 respondens,
3334 1829 3511 1896 hanc,
3563 1848 3693 1902 qum

2041 1907 2168 1962 sola
2198 1908 2375 1981 digna
2425 1915 2479 1965 te
2534 1916 2643 1974 est,
2692 1915 3235 1970 remunerationem
3293 1918 3543 1974 sortiris.
3594 1921 3694 1973 Est

2043 2002 2242 2051 autem
2274 2000 2328 2068 (ο
2360 1998 2725 2055 ineffabilem
2760 2006 2942 2069 tuam,
2976 2004 3297 2074 purissima
3326 2007 3521 2079 Virgo,
3573 2007 3693 2079 glo-

2043 2086 2219 2158 riam)
2259 2086 2357 2141 illa
2410 2104 2553 2143 vox:
2603 2090 2733 2144 Ecce
2781 2091 3054 2162 concipias
3094 2095 3151 2146 in
3190 2101 3366 2161 utero,
3412 2104 3463 2150 et
3504 2095 3693 2167 paries

2044 2175 2240 2243 ﬁlium,
2275 2183 2323 2229 et
2355 2177 2570 2231 vocabis
2600 2194 2793 2233 nomen
2838 2182 2954 2250 ejus
3011 2182 3213 2236 Jesum.
3264 2184 3372 2238 llic
3422 2184 3529 2238 erit
3573 2202 3694 2240 ma-

2044 2278 2201 2331 gnus-
2235 2269 2287 2317 et
2313 2264 2488 2318 Filius
2522 2266 2794 2320 Altissimi
2834 2269 3141 2340 vocabitur,
3197 2276 3247 2324 et
3294 2273 3449 2326 dabit
3499 2275 3550 2327 ei
3596 2274 3697 2327 Do-

2043 2354 2224 2406 minus
2254 2353 2393 2407 Deus
2424 2353 2601 2408 sedem
2627 2355 2805 2409 David
2828 2357 3012 2427 patris
3042 2360 3180 2430 ejus,
3233 2365 3285 2413 et
3333 2363 3585 2429 regnabit
3638 2366 3696 2416 in

2045 2441 2203 2495 domo
2231 2442 2398 2497 Iacob
2429 2443 2487 2496 in
2513 2449 2796 2514 aeternum,
2830 2452 2879 2500 et
2910 2448 3069 2516 regni
3092 2449 3207 2518 ejus
3228 2464 3339 2502 non
3358 2453 3461 2505 erit
3482 2454 3607 2520 ﬁnis
3627 2452 3691 2495 ⁷³·

2049 2532 2182 2585 Haec
2212 2531 2711 2601 splendidissimis
2742 2534 2955 2589 animus
2991 2542 3101 2590 tua:
3148 2537 3332 2593 radiis
3380 2540 3694 2595 retributio

2045 2619 2314 2675 redditur
2343 2636 2356 2686 ;
2386 2621 2512 2675 haec
2544 2621 2647 2675 tibi
2672 2624 2860 2694 gratia
2889 2642 2995 2695 pro
3015 2642 3263 2681 ascensu
3296 2628 3473 2683 caelos
3496 2646 3698 2701 super-

2046 2708 2373 2780 grediente,
2405 2710 2708 2780 Deumque
2744 2711 2853 2765 sibi
2887 2712 3229 2769 demerenle
3252 2717 3697 2787 rependitur.ld

2046 2796 2152 2850 tibi
2201 2797 2595 2868 praesignabat
2647 2804 2747 2853 tua
2794 2798 2898 2854 illa
2947 2800 3009 2854 in
3058 2803 3240 2857 sacris
3286 2806 3697 2874 penetralibus

2048 2886 2434 2940 commoratio
2467 2886 2563 2956 (4),
2597 2886 2720 2941 fore
2752 2888 2997 2957 scilicet,
3029 2896 3096 2944 ut
3125 2891 3199 2945 ad
3225 2908 3381 2959 eum,
3405 2893 3506 2963 qui
3530 2894 3694 2948 solus

2047 2979 2137 3029 est
2169 2974 2529 3042 inaccessas,
2561 2976 2895 3045 accederes,
2928 2983 3104 3048 atque
3136 2979 3223 3033 illi
3256 2981 3329 3035 ad
3362 2980 3696 3037 inhabitan-

273 3070 436 3139 dam,
467 3086 576 3125 ceu
607 3075 846 3141 pratum
879 3066 1178 3122 insolitam
1208 3066 1488 3123 aedoleus
1516 3066 1884 3133 suavitatem,
1918 3064 2118 3121 sinum
2161 3069 2325 3118 tuum
2369 3063 2709 3136 adornares,
2763 3071 2820 3121 et
2872 3082 3019 3122 novo
3068 3074 3342 3139 portento
3393 3071 3693 3125 terrestri-

274 3158 387 3213 bus
420 3157 662 3229 quidem
696 3157 911 3212 cmlum
940 3172 1181 3211 accessu
1214 3154 1384 3211 facile
1443 3154 1743 3222 redderes,
1798 3155 1870 3209 iis
1927 3171 2085 3221 vero,
2127 3169 2378 3223 quorum
2429 3170 2556 3208 sors
2599 3153 2941 3209 nullatenus
3002 3161 3272 3212 terrenus
3337 3165 3425 3213 est
3475 3159 3695 3231 pulvis,

272 3264 494 3303 novum
526 3246 942 3302 ambulacrum
974 3251 1191 3300 terram
1238 3245 1668 3300 substerneres.
1720 3243 1782 3298 ld
1836 3244 1942 3298 tibi
1993 3248 2051 3297 et
2101 3242 2355 3297 cwlestis
2406 3241 2504 3298 illa
2552 3242 2923 3299 adumbravit
2972 3244 3274 3317 alimonia,
3326 3252 3389 3302 ut
3436 3264 3466 3303 e
3520 3248 3697 3304 subii.

273 3337 572 3392 mioribus
601 3335 859 3407 dapibus
888 3335 1191 3405 copiosam
1222 3334 1522 3390 Altissimo
1555 3350 1778 3389 cmnam
1816 3349 2023 3405 posses
2054 3347 2375 3403 apponere.

344 3426 444 3480 IZ'.
502 3424 641 3479 Εἶπε
700 3421 758 3477 δὲ
817 3422 1050 3496 Μαριὰμ
1104 3422 1243 3497 πρὸς
1325 3422 1417 3477 τὸν
1477 3420 1734 3499 ἃγγελον·
1804 3425 1929 3481 Πῶς

2115 3422 2279 3475 XVII.
2316 3421 2467 3475 Dixit
2497 3427 2679 3475 autem
2718 3424 2897 3477 Maria
2939 3424 3013 3478 ad
3059 3425 3316 3495 angelum
3354 3443 3367 3480 :
3414 3429 3696 3492 Quomodo

270 3507 423 3568 ἔσται
499 3533 594 3585 μοι
661 3516 849 3580 τοῦτο,
912 3510 1028 3566 ἐπεὶ
1086 3509 1256 3587 ἄνδρα
1314 3511 1375 3566 οὐ
1436 3511 1731 3585 γινώσκω;
1786 3509 1933 3566 2'3).-

275 3602 454 3676 ληψιν
537 3602 790 3674 μηνύεις,
866 3599 981 3655 υἱὸν
1056 3598 1400 3676 εὖαγγελίζῃ,
1459 3596 1725 3676 Υαὸριήλο
1770 3604 1936 3656 ταῦτα

273 3690 333 3747 δὲ
364 3690 573 3766 τρόπος
605 3688 751 3744 οἶδεν
782 3688 1097 3762 οἰκονομεῖν
1150 3684 1357 3764 ἔτερος,
1400 3686 1462 3743 οὗ
1515 3692 1730 3751 πάντως
1780 3688 1935 3765 ἄγευ-

272 3800 402 3841 στος
436 3779 571 3854 ἐγώ.
606 3783 727 3840 Πῶς
763 3778 856 3832 οὗν
889 3773 1036 3832 ἔσται
1073 3799 1173 3851 μοι
1200 3779 1264 3833 τὸ
1316 3778 1406 3832 σὸν
1460 3777 1781 3853 εὐαγγέλιον
1810 3797 1823 3847 ;
1872 3776 1938 3834 Εἴ

269 3871 381 3944 γάρ
414 3868 506 3923 καὶ
544 3870 685 3945 μέγα
710 3869 774 3923 τὸ
823 3869 1234 3942 τεχθησόμενον
1283 3867 1374 3923 καὶ
1424 3866 1727 3945 παράδοξον
1782 3866 1935 3943 διαγ-

270 3957 522 4034 γέλλεις,
555 3957 678 4014 ἀλλ’
730 3956 1029 4027 ἀκολουθέᾳ
1094 3960 1295 4037 φυσικῇ
1346 3978 1450 4012 τινι
1510 3962 1678 4031 μικρᾷ
1724 3957 1812 4013 καὶ
1846 3958 1937 4012 ἆν-

272 4053 558 4123 θρωπικῇ,
589 4052 698 4102 τῶν
779 4046 1071 4120 θαυμάτων
1149 4041 1399 4123 ἔγνωμεν
1473 4047 1673 4123 ’ὅσαπερ
1749 4045 1801 4101 ἐν
1864 4049 1935 4123 γῇ

278 4137 357 4198 εἷς
430 4135 591 4212 δεῦρο
657 4133 1182 4211 τερατουργηοέντα,
1243 4136 1719 4210 κεκαινοτόμηται.
1779 4136 1938 4194 Οὕτω

280 4227 371 4281 καὶ
405 4232 667 4295 Μωϋσῆς,
711 4224 979 4289 θὰλατταν
1028 4225 1265 4298 τέμνων,
1317 4222 1512 4296 ἐδεήθη
1567 4219 1788 4298 ῥάϐδου·
1849 4226 1939 4280 καὶ

278 4316 475 4379 Ἠλίας
507 4314 700 4370 ἐλαὲου
744 4315 833 4369 καὶ
887 4314 1125 4391 βραχέος
1180 4312 1440 4391 ἀλεύρου,
1487 4316 1587 4383 τήν
1638 4316 1941 4388 Σαρεφθίαν

281 4404 522 4461 ἐπιπολῦ
600 4401 927 4481 δεατρένρωεν
1006 4403 1098 4458 καὶ
1172 4407 1253 4475 τῷ
1328 4398 1532 4473 Τωϐἠτ
1581 4403 1829 4483 Ῥαφαῆλ
1872 4403 1941 4459 δι’

281 4493 476 4573 ἷχθῦος
522 4490 741 4563 διέθηκε
792 4495 893 4559 τὴν
952 4487 1268 4565 ἀνάϐλεψιν·
1331 4489 1420 4546 διὰ
1474 4497 1571 4547 τοῦ
1632 4492 1795 4547 αὐτοῦ
1851 4493 1942 4547 καὶ

285 4581 524 4656 δαὲμονα
556 4581 828 4652 ἀπήλασε.
872 4581 977 4637 Καὶ
1021 4581 1082 4635 οὐ
1134 4578 1284 4655 λέγω
1346 4575 1566 4656 ῥάϐδον,
1604 4581 1638 4650 ἢ
1683 4581 1864 4656 ξ’χοίιν,

281 4693 333 4727 τι
373 4678 484 4726 τῶν
547 4671 760 4726 λοιπῶν
824 4669 999 4724 ἐκεῖνα
1054 4666 1344 4744 διενεργεῖν
1396 4669 1463 4723 τά
1514 4670 1759 4744 Λαμπρά.
1814 4670 1943 4728 ἀλλ’

2045 3512 2149 3565 erit
2206 3508 2349 3564 mihi
2398 3510 2566 3577 istud,
2618 3527 2881 3579 quoniam
2934 3515 3113 3568 virum
3161 3531 3269 3569 non
3317 3532 3574 3587 cognosco
3616 3515 3691 3572 7‘?

2045 3599 2375 3671 Conceptus
2407 3599 2772 3655 mentionem
2804 3601 2967 3671 facis,
3011 3619 3043 3657 ο
3077 3603 3331 3670 Gabriel,
3382 3622 3448 3659 ac
3498 3606 3687 3660 lilium

2048 3688 2192 3742 mihi
2224 3688 2582 3753 annuntias;
2615 3706 2819 3744 verum
2854 3689 2978 3744 hanc
3007 3691 3205 3760 aliam,
3240 3693 3323 3747 uti
3351 3699 3531 3764 patet.
3559 3694 3690 3748 vitai

2048 3777 2363 3843 rationem,
2396 3777 2694 3848 aliamque
2736 3778 3015 3847 subsequi
3076 3780 3269 3835 solent
3307 3782 3699 3851 dispensatio-

2052 3882 2210 3934 nem,
2247 3866 2417 3936 cujus
2448 3880 2553 3934 ego
2585 3866 2759 3935 plane
2790 3882 2919 3920 sum
2940 3867 3158 3921 nescia.
3187 3868 3491 3932 Quomodo
3518 3870 3698 3941 igitur

2053 3957 2355 4029 continget
2386 3956 2445 4011 id
2476 3956 2647 4025 mihi,
2681 3957 2839 4028 quod
2873 3959 3238 4016 denuntias?
3284 3961 3404 4016 Etsi
3450 3963 3609 4018 enim
3642 3967 3700 4018 et

2053 4063 2333 4119 magnum
2368 4050 2425 4101 et
2447 4045 2797 4103 admirabile
2837 4049 3110 4121 prazdicis
3140 4050 3285 4121 fore,
3319 4052 3478 4123 quod
3497 4069 3699 4109 nasce-

2052 4141 2147 4191 tur
2172 4153 2184 4204 ;
2221 4140 2281 4191 at
2311 4141 2577 4206 quoquot
2606 4136 2912 4209 hucusque
2946 4140 3006 4194 in
3039 4145 3195 4195 terra
3225 4142 3581 4196 mirabiliter
3601 4159 3698 4212 pa-

2053 4231 2205 4281 trata
2235 4226 2509 4280 novimus
2540 4226 2844 4294 miracula,
2880 4228 3133 4283 naturali
3166 4230 3442 4299 quadam,
3467 4231 3701 4303 simpli-

2056 4317 2220 4384 ciori,
2252 4317 2633 4386 humanaque.
2664 4319 3013 4385 a‘ronomia,
3050 4322 3258 4376 eﬂ‘ecta
3303 4320 3406 4377 illa
3436 4322 3696 4378 fuerunt.

2057 4407 2149 4461 Sic
2190 4411 2247 4460 et
2277 4406 2520 4474 Moyses,
2551 4410 2615 4459 ut
2648 4422 2806 4461 mare
2840 4408 3146 4477 divideret,
3202 4410 3364 4483 virga
3412 4428 3557 4483 opus
3596 4412 3704 4468 ha-

2058 4496 2222 4561 buit;
2260 4500 2315 4549 et
2346 4493 2503 4547 Elius
2536 4493 2688 4563 oleo,
2723 4496 3072 4570 modicaque
3102 4501 3355 4572 indiguit
3398 4502 3609 4571 farina,
3642 4507 3707 4558 ut

2056 4582 2459 4655 Sarephthiam
2476 4582 2662 4639 aleret
2682 4586 2959 4657 ,llaphael
2976 4606 3213 4661 quoque
3235 4608 3343 4662 ope
3360 4590 3516 4647 illius
3528 4593 3707 4663 piscis

2059 4675 2249 4728 visum
2277 4671 2470 4727 Tobiae
2503 4673 2785 4743 restituit,
2819 4693 2886 4731 ac
2918 4678 3133 4733 virtute
3166 4680 3353 4751 ipsius
3370 4681 3703 4736 dmmonem

281 4763 366 4817 ὃτι
442 4762 576 4822 Θεὸς
651 4756 1107 4834 παραδοξοποιῶν
1189 4755 1443 4830 διετέλει,
1488 4759 1789 4833 χρωμένων
1827 4766 1935 4823 τοῖς

2060 4762 2300 4836 expulit.
2337 4761 2499 4826 Quod
2537 4763 2778 4832 quidem
2812 4783 2930 4820 non
2965 4767 3097 4822 ideo
3129 4768 3401 4839 dixerim,
3425 4771 3591 4841 quasi
3627 4771 3700 4825 ad

281 4852 509 4915 εἰωθόσι
545 4855 655 4905 τῶν
694 4849 1017 4923 ἀνθρώπων.
1077 4853 1163 4910 Ὡς
1219 4841 1366 4902 ἔσται
1428 4848 1523 4920 μὲν
1587 4850 1685 4903 οὖν
1748 4871 1792 4904 τι
1847 4851 1936 4905 καὶ

279 4942 360 4997 ἐπ’
402 4941 555 5013 ἐμοὶ,
621 4944 757 4996 θεοῦ
820 4936 1194 5013 βουλομένου,
1252 4941 1361 4991 τῶν
1414 4937 1768 5014 ἀπορρήτων,
1823 4937 1939 4995 δια-

277 5041 487 5090 πιστεῖν
527 5033 630 5089 οὐκ
670 5031 807 5108 ἔχω·
844 5030 1123 5105 σύλληψις
1168 5029 1224 5086 δὲ
1250 5030 1339 5086 καὶ
1382 5031 1520 5101 υἱὸς,
1554 5033 1637 5095 οἷς
1689 5030 1755 5101 δὴ
1802 5055 1940 5088 που·

280 5138 368 5191 θεν
433 5127 737 5202 κέχρησαι,
813 5123 1126 5196 ἀνθρώπεια
1202 5119 1421 5197 ῥήματα
1493 5123 1584 5177 καὶ
1658 5124 1944 5179 κοινωνίαν

351 5252 400 5288 τε
434 5253 568 5308 Luc.
607 5269 644 5321 ι,
674 5251 868 5305 31-33.
945 5249 991 5285 ⁷³
1019 5248 1161 5303 ibid.
1197 5250 1284 5305 3-i.

2049 4859 2298 4929 virgam,
2334 4851 2424 4905 vel
2472 4852 2717 4923 piscem,
2777 4855 2862 4910 vel
2913 4856 2986 4912 ad
3044 4858 3206 4913 aliud
3266 4860 3559 4931 quispiam
3612 4861 3702 4913 his

2054 4947 2272 5011 simile,
2306 4942 2390 4995 vis
2422 4943 2737 4998 referenda
2798 4946 2873 4999 sit
2920 4953 3192 5017 portenta
3238 4948 3343 5001 illa
3388 4947 3702 5018 splendida

2054 5036 2337 5111 operandi
2366 5053 2378 5102 ;
2414 5034 2517 5090 sed
2550 5034 2689 5103 quia
2720 5034 2871 5088 Deus
2896 5036 3159 5107 prodigia
3181 5036 3700 5106 operabatur,dum

2058 5135 2258 5183 tamen
2290 5125 2562 5180 homines
2593 5123 2891 5177 consuetis
2939 5123 3318 5177 adminiculis
3366 5128 3689 5180 uterentur.

1633 5352 1777 5410 Ant.
1826 5349 2117 5411 Ballerini
2162 5356 2349 5411 notae.

352 5492 430 5563 (4)
464 5493 601 5547 Haec
637 5493 699 5543 et
724 5503 858 5568 qua:
885 5485 1055 5568 dein“
1073 5483 1530 5568 sequuntur,”a.d
1555 5499 1624 5568 ea
1652 5490 1943 5568 spectant,

267 5553 366 5618 uti
390 5553 583 5636 patet,
617 5553 761 5631 quae
790 5559 853 5613 in
884 5557 975 5613 SS.
1014 5553 1256 5612 Patrum
1278 5553 1541 5611 hemiliis
1566 5555 1636 5612 de
1660 5553 1943 5628 mysterio

2058 5483 2312 5557 Virginis
2340 5483 2400 5536 in
2432 5479 3038 5557 temp_lum_ad_ductae,
3073 5486 3131 5537 et
3163 5482 3276 5537 Deo
3300 5499 3334 5539 a
3355 5486 3700 5557 parentibus

2056 5550 2269 5611 oblata:
2300 5550 2699 5609 communiter
2726 5550 2998 5623 legimus.
