4030 6212
396 305 472 368 99
1539 295 1834 360 ISIDORI
1878 296 2648 360 THESSALONICENSIS
3679 309 3804 369 100

395 443 594 513 itaque
620 455 742 495 non
783 435 987 493 dubito
1041 431 1300 504 quidem,
1351 431 1412 485 in
1461 445 1556 484 me
1605 445 1862 501 quoque,
1920 432 1997 487 De

2118 491 2121 498 ,
2153 425 2342 504 ἀνδρὸς
2370 431 2434 484 τὸ
2475 428 2777 494 ἀκόλουθον
2816 429 3082 502 ἐπιζητεῖ.
3127 437 3249 495 Πῶς
3289 435 3380 490 οὗν
3423 431 3567 490 ἔστα.
3612 439 3701 510 μοὶ
3733 441 3801 496 τὸ

393 531 647 594 volente,
676 525 976 583 ineffabile
1033 519 1269 592 aliquod
1329 519 1658 591 perfectum
1705 519 1778 574 iri
1826 525 1997 590 mystt

2153 521 2397 592 μήνυμα,
2478 521 2552 592 μή
2635 519 2804 592 μέσου
2879 519 3335 601 παραληφθέντος
3423 523 3652 601 ἐκείνου,
3731 528 3798 584 σύ

392 621 548 676 rium
583 633 596 685 ;
631 631 832 672 verum
884 610 1189 682 conceptio
1241 613 1299 666 et
1357 607 1510 665 ﬁlius
1555 609 1772 680 quibus
1831 611 1997 682 utiqu

2148 629 2245 682 μοι
2278 606 2554 680 δήλωσον,
2589 609 2854 686 ἆγνοούσῃ
2882 611 2974 666 τὸν
3005 611 3231 688 τρόπον.

389 711 627 768 vocibus
657 709 782 779 ipse
814 719 957 759 usus
1007 715 1089 768 es,
1141 701 1402 755 humana
1449 704 1588 754 sunt
1634 715 1834 770 opera,
1895 705 1954 754 et
2003 699 2109 754 viri
2154 701 2580 757 commercium
2638 706 3070 772 consequenter
3121 704 3378 776 exigunt.
3435 707 3560 771 Qua
3610 707 3796 780 igitur

388 803 637 866 ratione,
670 798 830 852 hisce
861 791 1074 850 mediis
1103 807 1224 846 non
1255 788 1553 856 adhibitis,
1586 787 1648 844 in
1679 803 1773 844 me
1801 789 1999 844 futura
2029 789 2168 856 sint,
2202 806 2332 860 quae
2363 789 2531 861 dicis,
2563 791 2688 862 ipse
2719 791 2886 861 mihi,
2919 807 3050 862 quas
3095 793 3270 864 plane
3311 793 3371 848 id
3425 811 3548 852 non
3593 797 3790 870 video,

385 890 479 945 fac
510 887 821 944 edisseras.

457 977 657 1033 XVIII.
697 979 770 1031 Et
809 973 1138 1045 respondens
1183 967 1408 1040 angelus
1457 969 1603 1023 dixit
1645 969 1736 1023 ei:
1789 967 2029 1040 Spiritus

382 1075 602 1124 sanctus
631 1067 972 1137 superveniet
1002 1061 1058 1116 in
1094 1067 1164 1130 te,
1198 1065 1249 1116 et
1296 1059 1471 1115 virtus
1523 1056 1798 1114 Altissimi
1844 1057 2027 1112 obum-

388 1159 568 1212 brabit
598 1155 700 1211 tibi
723 1173 736 1221 ;
761 1155 992 1224 ideoque
1021 1159 1072 1207 et
1104 1151 1255 1222 quod
1283 1155 1538 1204 nascetur
1579 1164 1648 1202 ea:
1677 1155 1726 1202 te
1754 1153 2021 1214 sanctum,

378 1248 666 1302 vocabitur
697 1246 870 1300 Filius
901 1244 1002 1297 Dei
1029 1240 1097 1296 7‘.
1126 1239 1430 1312 Congrum,
1465 1239 1680 1308 inquit,
1709 1253 1885 1292 voces
1917 1235 2020 1291 de-

377 1339 537 1402 sunt,
571 1334 785 1406 quibus
818 1331 1167 1403 mysterium
1210 1327 1543 1400 explicem;
1600 1329 1658 1380 et
1705 1331 2021 1396 pr0pterea

375 1425 464 1481 vel
498 1425 558 1479 in
591 1425 684 1490 iis,
719 1439 849 1494 qum
882 1417 1284 1476 conditionem
1317 1418 1642 1472 humanam
1699 1413 2014 1481 excedunt,

375 1533 546 1571 voces
560 1532 631 1570 ex
650 1511 928 1568 humanis
951 1511 1292 1580 desumptas
1314 1503 1842 1578 usurpo.Alioquin
1858 1503 2014 1558 haud

374 1606 766 1676 incongruum
799 1608 910 1666 est,
941 1607 1006 1656 ut
1036 1616 1204 1655 voces
1239 1595 1531 1670 ejusmodi
1564 1595 1636 1650 de
1697 1594 1794 1648 illo
1841 1609 2013 1648 usur-

369 1700 608 1768 pentur,
633 1693 733 1764 qui
757 1711 875 1764 pra)
900 1689 1185 1747 ineffabili
1210 1703 1316 1744 sua
1339 1687 1398 1742 in
1423 1686 1698 1742 homines
1723 1685 2010 1741 charitate

367 1786 544 1840 homo
578 1791 636 1840 et
664 1781 948 1856 appellari
983 1786 1039 1836 et
1071 1779 1196 1836 ﬁeri
1232 1776 1504 1848 dignatus
1531 1782 1637 1832 est.

441 1875 586 1930 Vere
609 1873 788 1946 igitur
809 1871 1130 1942 concipies,
1162 1871 1215 1923 et
1243 1869 1324 1938 (in
1353 1884 1469 1938 quo
1501 1881 1764 1939 praesens
1793 1871 2012 1937 myste-

369 1964 523 2018 rium
546 1962 785 2032 residet)
816 1977 950 2016 vere
982 1959 1086 2014 tibi
1120 1958 1279 2014 ﬁlius
1311 1957 1442 2012 erit.
1469 1956 1672 2011 Modus
1693 1961 1914 2020 autem,
1937 1955 2011 2010 de

369 2070 485 2124 quo
509 2052 747 2123 quaaris,
775 2050 871 2108 hic
895 2055 984 2104 est
1009 2065 1020 2104 :
1046 2051 1289 2119 Spiritus
1325 2049 1539 2102 sanctus
1584 2046 1924 2116 superveniet
1953 2045 2010 2098 in

368 2149 454 2209 te;
507 2143 738 2212 ideoque
782 2148 835 2195 et
879 2139 1026 2210 quod
1065 2145 1317 2194 nascetur
1369 2142 1641 2200 sanctum,
1685 2133 1794 2189 etsi
1853 2133 2008 2188 ﬁlius

361 2237 520 2299 tuus,
557 2237 756 2286 tamen
777 2230 954 2286 etiam
975 2231 1072 2284 Dei
1102 2229 1276 2284 Filius
1303 2225 1613 2282 vocabitur.
1637 2224 1789 2278 Audi
1810 2223 2005 2294 igitur,

359 2321 480 2390 ﬁlia
509 2320 671 2391 (nam
711 2327 764 2374 te
813 2334 1046 2374 mecum
1097 2321 1155 2371 et
1201 2315 1489 2390 propheta
1535 2317 1738 2369 exorat
1765 2309 1833 2380 ⁷⁵,
1877 2311 2004 2383 jam

362 2409 503 2464 olim
535 2409 714 2464 dubio
749 2407 951 2479 procul
981 2408 1094 2462 hoc
1134 2405 1396 2472 edoctus,
1450 2401 1607 2476 quod
1654 2418 1814 2456 nunc
1845 2417 1878 2456 a
1909 2415 2002 2456 me

361 2497 434 2554 de
456 2498 564 2554 hoc
587 2499 869 2570 mysterio
892 2496 1168 2568 scitaris),
1201 2503 1253 2551 et
1284 2491 1493 2550 inclina
1523 2509 1713 2548 aurem
1745 2499 1918 2557 tuam,
1951 2497 2002 2545 et

359 2587 675 2644 obliviscere
705 2588 967 2643 humana
993 2585 1448 2642 ratiocinatione
1482 2596 1549 2639 ea
1610 2580 1999 2655 perpendere,

363 2695 494 2748 qua;
513 2678 842 2733 humanum
863 2675 1132 2732 ordinem
1153 2668 2000 2746 prmtergrediuntur,etsimul

353 2765 698 2824 obliviscere
712 2783 1080 2839 quaecunque
1104 2763 1178 2820 ad
1196 2770 1505 2838 paternam
1528 2768 1690 2818 tuam
1713 2765 1771 2817 et
1792 2777 2000 2833 cogna-

351 2862 470 2914 tam
505 2857 609 2913 tibi
642 2859 883 2913 domum
911 2857 1231 2929 pertinent,
1264 2856 1396 2925 quia
1428 2854 1740 2923 concupivit
1771 2869 1870 2906 rea:
1899 2851 1998 2906 de-

349 2963 525 3002 corem
556 2954 732 3015 tuum,
794 2953 852 3002 et
903 2953 1146 3018 propter
1195 2950 1248 2999 te
1302 2961 1488 3016 genus
1541 2945 1868 2998 humanum
1919 2941 1992 2996 ab

347 3035 560 3090 acerba
589 3035 888 3090 sententia
919 3034 1058 3087 olim
1086 3033 1317 3104 prolata
1347 3031 1560 3086 liberat
1589 3033 1688 3100 (Ei),
1715 3034 1773 3084 et
1794 3046 1992 3100 super-

345 3121 705 3177 naturalium
738 3122 1060 3193 gratiarum
1094 3121 1382 3193 fulgorem
1414 3136 1520 3190 per
1549 3135 1756 3173 omnes
1777 3118 1984 3172 mundi

2118 3121 2324 3196 τυγγενή
2333 3143 2358 3182 ς
2430 3142 2547 3192 σου,
2623 3121 2713 3176 καὶ

2096 3209 2254 3284 γήρει
2329 3207 2514 3278 αὐτῆςο
2591 3211 2682 3264 καὶ

2097 3301 2165 3370 τῇ
2221 3295 2534 3373 καλουμένῃ
2596 3297 2799 3374 στείρᾳ·

2093 3389 2172 3456 τῷ
2215 3391 2490 3458 Galba-iv
2548 3385 2718 3464 ῥῆμα.
2782 3391 2873 3458 Μή
2932 3388 3138 3462 τοίνυν,
3193 3389 3490 3466 ἐπιδημίαν
3543 3390 3598 3447 ἐν
3655 3403 3759 3456 σοὶ

347 3213 494 3266 ﬁnes
545 3211 831 3266 hodierna
885 3211 980 3265 die
1019 3209 1316 3264 diffundit.
1370 3211 1436 3262 Et
1492 3224 1626 3276 ecce,
1674 3207 1832 3278 quod
1881 3207 1987 3262 tibi

343 3307 691 3373 argumento
724 3301 800 3356 sit
829 3317 966 3356 vera
995 3316 1124 3356 esse
1157 3316 1288 3372 qua:
1319 3299 1551 3370 loquor,
1585 3299 1765 3354 etiam
1794 3297 1986 3354 Elisu-

346 3390 466 3445 beth
498 3398 736 3464 cognata
767 3398 863 3446 tua
892 3398 943 3446 et
973 3392 1094 3461 ipsa
1123 3389 1372 3460 concepit
1398 3389 1573 3458 ﬁlium
1623 3390 1679 3442 in
1718 3393 1989 3443 senectute

340 3495 479 3548 sua;
511 3486 563 3536 et
602 3481 693 3536 hic
723 3482 917 3536 mensis
943 3485 1126 3536 sextus
1153 3485 1231 3534 est
1259 3479 1366 3546 illi,
1401 3491 1528 3549 qua
1569 3484 1794 3532 vocatur
1833 3479 1989 3533 steri-

2217 967 2324 1024 ΗΓ.
2393 967 2493 1022 Καὶ
2561 969 2876 1043 ἀποκριθεὶς
2945 969 2973 1024 ὁ
3057 967 3309 1047 ἅγγελος,
3394 971 3538 1028 εἶπεν
3620 975 3793 1048 αὐτῇ.

2142 1056 2361 1128 Πνεῦμα
2422 1057 2577 1132 ἅγιον
2639 1055 2982 1114 ἐπελεύσεται
3051 1058 3138 1114 ἰπὶ
3219 1061 3296 1131 σὲ,
3379 1062 3466 1116 καὶ
3556 1059 3794 1136 δύναμις

2137 1144 2390 1219 Ὑψίστου
2448 1147 2748 1203 ἐπισκιάσει
2815 1167 2920 1203 σοι·
2985 1145 3069 1204 διὰ
3143 1149 3234 1205 καὶ
3309 1150 3372 1206 τὸ
3443 1153 3791 1230 γεννώμενον

2137 1235 2316 1308 ἅγιον,
2348 1236 2686 1308 κληθήσεται
2719 1237 2848 1302 Υἱὸς
2887 1243 3040 1296 Θεοῦ.
3073 1239 3189 1296 Οὐκ
3250 1236 3389 1314 ἔχω,
3441 1241 3596 1314 φησί,
3652 1263 3790 1298 κατ-

2133 1321 2419 1395 αλλήλους
2453 1323 2636 1380 δοῦναι
2664 1325 2744 1400 τῷ
2779 1327 3066 1401 μυστηρίῳ
3107 1330 3309 1405 φωνάς·
3349 1331 3440 1384 καὶ
3482 1328 3572 1386 διὰ
3617 1336 3788 1387 τοῦτο

2129 1421 2246 1470 τοῖς·
2277 1413 2328 1489 ἐξ
2379 1415 2675 1492 ἀνθρώπων
2721 1420 2776 1473 ἐν
2833 1424 2950 1482 τοῖς
3005 1419 3136 1494 ὑπὶρ
3184 1418 3466 1496 ἃνθρωπον
3527 1427 3783 1498 χρῶμαι·

2127 1501 2352 1566 ιἌλλως
2382 1526 2442 1560 τε
2483 1506 2572 1560 καὶ
2629 1506 2852 1569 ἄπεικὸς
2891 1505 3047 1562 οὐδὲν
3099 1514 3210 1563 τῶν
3263 1511 3529 1566 τοιούτων
3581 1533 3785 1566 κοινω-

2126 1599 2234 1649 νεῖν
2288 1593 2592 1668 ὀνομάτων,
2655 1595 2718 1658 ὅς
2776 1596 2907 1669 ὑπὲρ
2991 1596 3265 1675 ἆφράστου
3363 1598 3780 1677 φιλανθρωπίας

2125 1680 2414 1760 ἅνθρωπος
2487 1685 2576 1740 καὶ
2651 1684 2927 1756 κληθῆναι
3000 1687 3324 1759 κατηξίωσε,
3366 1689 3455 1745 καὶ
3496 1689 3778 1767 γίνεσθαι,

2197 1869 2486 1947 Σύλληψις
2519 1873 2612 1926 οὖν
2646 1870 2882 1944 ἀληθὴς,
2913 1873 3004 1928 καὶ
3037 1874 3127 1936 σός
3157 1872 3296 1929 ἐστιν
3354 1875 3472 1939 υίὸς
3521 1877 3772 1949 ἀληθῶς,

2119 1960 2182 2015 τὸ
2223 1963 2393 2036 παρὸν
2459 1964 2780 2036 μυστήριον.
2838 1963 2897 2016 '0
2949 1961 3007 2018 δὲ
3062 1963 3286 2040 τρόπος,
3355 1969 3572 2040 Πνεῦμα
3620 1965 3774 2044 ἅγιον

2120 2049 2461 2106 ἐπελεύσεται
2520 2052 2610 2106 ὶπῖ
2667 2052 2745 2117 σὲ,
2814 2051 2900 2106 διὸ
2945 2051 3035 2107 καὶ
3079 2053 3142 2108 τὸ
3195 2055 3528 2130 γεννώμενον
3591 2058 3772 2134 ἅγιον,

2120 2138 2172 2194 εἴ
2197 2139 2286 2194 καὶ
2323 2139 2438 2208 σὸς,
2490 2140 2606 2202 υἱὸς
2679 2138 2824 2196 ἀλλᾶ
2861 2142 2948 2196 καὶ
3026 2143 3148 2205 Υἱὸς
3189 2148 3323 2198 Θεοῦ
3405 2143 3770 2216 κληθήσεται.

2116 2231 2384 2283 ⁶Ἄκουσον
2457 2226 2658 2296 τοίνυν,
2736 2228 2984 2304 θύγατερ,
3063 2231 3180 2303 μετ’
3255 2229 3391 2304 ἐμοῦ
3435 2232 3492 2288 σὲ
3565 2234 3652 2288 καὶ
3734 2235 3764 2289 ὁ

2114 2317 2404 2392 προφήτης
2479 2316 2642 2387 ἀξιοῖ,
2715 2319 2816 2386 τὴν
2889 2319 2986 2385 σὴν
3057 2319 3195 2390 πρὸς
3234 2319 3331 2394 ἐμὲ
3383 2320 3508 2394 περὶ
3566 2323 3771 2377 τούτου

2121 2405 2348 2474 ζήτησιν
2388 2405 2604 2467 πάντως
2679 2407 3045 2482 προμυιτ,οείς,
3119 2408 3206 2463 καὶ
3284 2408 3469 2464 κλῖνον
3544 2412 3605 2464 τὸ
3656 2411 3762 2472 οῦς

2117 2511 2233 2562 σου,
2309 2496 2400 2549 καὶ
2475 2493 2736 2551 ἐπιλάθου
2813 2495 2909 2552 τοῦ
2983 2497 3100 2552 κιιιτ³
3173 2495 3447 2574 ἂνθρωπον
3517 2499 3582 2554 τὰ
3624 2500 3765 2576 ὑπὲρ

2113 2581 2396 2659 ἄνθρωπον
2475 2583 2914 2663 συλλογίζεσθαι,
2990 2587 3080 2642 καὶ
3157 2585 3256 2644 ὅσα
3329 2594 3428 2658 τῆς
3483 2593 3767 2665 πατρικῆς

2109 2671 2222 2728 ἐστι
2297 2679 2398 2744 σῆς
2473 2673 2564 2729 καί
2638 2677 2924 2752 συγγενοὺς
3000 2677 3198 2748 οἰκίας,
3275 2678 3356 2733 ὅτι
3409 2679 3436 2732 ὁ
3495 2676 3762 2753 βασιλεὺς

2105 2766 2202 2817 τοῦ
2255 2767 2350 2817 σοῦ
2407 2763 2650 2828 κάλλους
2709 2764 3040 2838 ἐπεθύμησε,
3102 2767 3188 2821 καὶ
3254 2764 3342 2821 διὰ
3391 2767 3449 2822 σὲ
3495 2768 3556 2823 τὸ
3602 2767 3766 2844 γένος

2105 2861 2206 2924 τῆς
2237 2855 2360 2929 πρὶν
2395 2852 2659 2927 ὁδυνηρᾶς
2712 2854 2828 2910 λύει
2877 2857 3084 2936 ψήφου,
3148 2856 3239 2912 καὶ
3299 2859 3586 2938 ὑπερφυεῖς
3639 2861 3752 2929 σνς’

2105 2963 2268 3016 μερον
2345 2943 2644 3017 ἐπιλάμπει
2721 2949 2837 3005 τοῖς
2913 2945 3102 3020 πέρασι
3144 2947 3398 3024 χάριτας.
3477 2945 3610 3004 Ἰδοὺ
3659 2945 3746 3019 δὲ,

2101 3030 2281 3094 πίστις
2322 3052 2404 3086 σοι
2443 3037 2550 3088 τῶν
2611 3032 2756 3106 ἐμῶν
2817 3032 3098 3111 ῥημάτων,
3173 3037 3264 3090 καὶ
3346 3032 3634 3094 Ἑλισέϐετ
3711 3039 3749 3107 ἠ

2807 3123 2946 3192 αὐτὴ
3044 3123 3398 3204 συνειληφνῖα
3481 3127 3594 3180 υἱὸν
3694 3125 3753 3182 ἐν

2760 3212 2919 3274 οῦτος
2987 3214 3094 3286 μήν
3162 3209 3315 3278 ἕκτος
3383 3213 3528 3271 ἐστὶν
3603 3214 3748 3291 αὐτῇ

2879 3300 2964 3356 ετι
3041 3302 3139 3358 οὐκ
3221 3301 3542 3374 ἀδυνατήσει
3598 3306 3754 3379 παρὰ

2097 3478 2229 3530 Θεοῦ
2260 3477 2567 3548 πυθομένη,
2597 3477 2661 3531 τὸ
2697 3483 2812 3542 πῶς
2842 3475 3108 3550 ἐπιζήτει.

343 3569 434 3637 lis,
459 3573 594 3642 quia
622 3587 734 3626 non
764 3572 869 3626 erit
900 3569 1236 3641 impossibile
1265 3565 1416 3640 apud
1445 3569 1612 3622 Deum
1644 3583 1798 3622 omne
1827 3567 2047 3622 verbum
2079 3564 2145 3620 τδ.
2206 3567 2286 3621 Ne
2337 3566 2530 3638 igitur,
2580 3568 2678 3622 Dei
2723 3569 2970 3626 audiens
3019 3571 3080 3626 in
3130 3576 3186 3627 te
3235 3573 3572 3644 adventum,
3619 3589 3758 3630 mo-

343 3659 483 3714 dum
517 3659 812 3732 exquiras.

411 3758 554 3814 XIX.
589 3759 748 3814 Dixit
803 3765 989 3815 autem
1035 3759 1257 3814 Maria:
1303 3759 1441 3813 Ecce
1490 3755 1698 3812 ancilla
1747 3753 1990 3823 Domini,

341 3854 436 3920 ﬁat
466 3850 605 3906 mihi
622 3851 916 3906 secundum
941 3851 1161 3907 verbum
1195 3857 1348 3906 tuum
1369 3847 1430 3906 77.
1457 3850 1612 3922 Euge
1645 3846 1989 3920 praeclaram

339 3939 831 4010 responsionem!
866 3943 1020 4012 Euge
1053 3939 1492 4012 praeclariorem
1545 3937 1985 4010 cogitationem,

341 4045 473 4098 quae
506 4029 580 4084 ad
609 4029 894 4085 miracula
925 4029 1156 4086 edenda
1188 4027 1316 4100 jam
1365 4027 1766 4100 praeordinata
1815 4030 1988 4080 antea

336 4117 573 4174 fuerat!
606 4119 828 4189 Qualis,
866 4119 1078 4192 inquit,
1129 4119 1326 4174 futura
1375 4122 1534 4173 esset
1579 4114 1986 4187 conceptionis

342 4207 516 4278 ratio,
549 4209 915 4279 sciscitabar,
947 4227 1082 4266 cum
1113 4210 1222 4264 hoc
1254 4209 1470 4280 ipsum,
1513 4207 1820 4278 conceptio
1870 4205 1983 4260 sci-

343 4295 502 4362 licet,
535 4300 776 4354 auribus
804 4301 951 4356 meis
973 4301 1295 4356 insonaret.
1322 4299 1466 4354 Cum
1493 4315 1627 4354 vero
1647 4297 1718 4352 de
1733 4295 1985 4368 Spiritus

342 4385 532 4439 sancti
565 4385 819 4442 adventu
848 4388 1194 4457 audiverim,
1249 4387 1401 4442 nihil
1449 4386 1705 4458 amplius
1754 4383 1981 4441 dubito.

341 4471 778 4542 Obsequentem
801 4477 929 4547 jam
960 4477 1142 4532 habes
1168 4493 1182 4542 ;
1217 4494 1249 4531 a
1283 4476 1495 4532 tenella
1525 4476 1685 4531 enim
1723 4479 1896 4530 astate
1922 4473 1983 4527 in

341 4561 526 4616 Deum
573 4562 920 4638 ferebantur
962 4564 1256 4620 desideria
1304 4580 1456 4631 mea,
1507 4581 1574 4618 ac
1623 4563 1775 4618 nihil
1823 4561 1986 4618 aliud

337 4657 555 4722 praeter
583 4653 770 4708 Deum
813 4654 1014 4709 animo
1065 4669 1198 4708 meo
1245 4651 1712 4716 observabatur;
1762 4652 1984 4722 Deique

335 4739 622 4798 voluntati
643 4742 940 4799 deservire
949 4742 1182 4816 jamdiu
1205 4747 1366 4798 certa
1388 4741 1813 4797 deliberatione
1835 4757 1986 4812 prm-

335 4830 670 4889 stitueram.
702 4833 1011 4904 Tanquam
1043 4831 1221 4905 igitur
1278 4830 1510 4886 Domini
1559 4829 1796 4900 ancilla,
1849 4845 1984 4884 ecce

2173 3753 2273 3808 19"
2343 3753 2480 3808 Εἶπε
2539 3750 2595 3809 δὲ
2663 3755 2912 3830 Μαριάμ·
2985 3753 3124 3815 Ἰδοὺ
3184 3759 3218 3830 ἡ
3279 3757 3451 3832 δούλη
3514 3761 3750 3837 Κυρίου,

2100 3839 2312 3916 γένοιτὸ
2349 3863 2442 3914 μοι
2473 3844 2609 3897 κατά
2637 3844 2699 3898 τὸ
2732 3842 2884 3918 ῥῆμά
2917 3867 3033 3903 σου.
3065 3845 3201 3924 Εῦγε
3237 3855 3338 3919 τῆς
3384 3850 3754 3926 ἀποκρίσεως,

2100 3929 2358 4005 ὑπέρευ-(ε
2389 3938 2487 4000 τῆς
2520 3928 2780 4002 διανοίας,
2887 3935 2954 3990 τὰ
2980 3937 3262 4010 θαυμαστὰ
3305 3942 3754 4014 προηυτρέπιστο

2095 4019 2330 4074 τίκτεινί
2367 4023 2488 4080 Πῶς
2519 4017 2687 4092 ἔσται,
2720 4023 2908 4093 φησὶν,
2951 4025 2978 4078 ὁ
3009 4023 3210 4100 τρόπος
3258 4033 3359 4096 τῆς
3411 4029 3754 4103 συλλήψεως

2097 4107 2117 4140 1
2160 4111 2190 4138 ,ρ
2469 4113 2494 4140 Ἴ
2662 4109 2676 4129 9
2725 4111 2738 4129 \
2873 4111 2886 4132 Ι
3184 4111 3199 4132 9
3587 4119 3598 4135 1

2097 4114 2348 4180 ιζιδτουν,
2401 4130 2564 4164 τουτο
2618 4131 2771 4178 αυτο,
2829 4109 3127 4188 συλληψιν,
3179 4119 3544 4192 ενηχονμὲνη.
3605 4121 3754 4174 Επεὶ

2098 4195 2153 4252 δὲ
2185 4197 2500 4273 Πνεύματος
2576 4199 2736 4276 ἁγίου
2813 4199 3094 4258 ἐπέλευσιν
3136 4204 3367 4274 ἀκήκοα,
3407 4207 3508 4261 οὐκ
3545 4205 3760 4279 ἀμφι--

2097 4281 2315 4354 ϐάλλω,
2387 4288 2722 4360 ΙΙειθομένην
2773 4283 2943 4365 ἔχεις,
2995 4290 3053 4345 ἐκ
3105 4293 3225 4347 νέου
3272 4294 3400 4349 Θεὸν
3449 4296 3756 4371 ποθοῦσαν,

2094 4375 2182 4432 καὶ
2214 4379 2346 4430 Θεοῦ
2378 4373 2525 4445 πλὴν
2585 4375 2726 4432 ἄλλο
2780 4379 3182 4456 φανταζομένην
3235 4381 3427 4456 μὴδέν·
3475 4385 3563 4440 καὶ
3615 4383 3758 4442 δου-

2095 4463 2308 4520 λεύσειν
2367 4467 2499 4520 Θεοῦ
2561 4464 2878 4540 βουλήματι
2935 4465 3107 4523 πάλαι
3186 4469 3587 4546 προελομένην.
3651 4477 3758 4541 Ὠς

2095 4554 2267 4625 δούλη
2299 4555 2474 4611 τοίνυν
2524 4556 2750 4630 Κυρίου,
2803 4554 2924 4612 ἰδοῦ
2976 4559 3274 4633 προθύμως
3326 4561 3616 4618 ὑποπίπτω
3668 4571 3760 4639 τῷ

2095 4645 2388 4719 ἀσπασμῷο
2445 4645 2658 4722 γένοιτό
2715 4667 2809 4721 μοι
2873 4646 3066 4704 λοιπὸν
3125 4649 3187 4705 τὸ
3246 4651 3335 4706 σὸν
3396 4651 3753 4732 εὐαγγέλιον,

2095 4733 2313 4810 ἄγγελε·
2357 4732 2662 4792 Ἀδυνατεῖν
2711 4737 2814 4813 γὰρ
2862 4737 3006 4812 παρὰ
3063 4743 3141 4812 τῷ
3195 4745 3312 4814 Θεῷ
3365 4741 3554 4816 μηδὲν,
3598 4764 3756 4820 συμ-

2097 4823 2402 4902 φθεγγομαι
2432 4825 2521 4880 καὶ
2561 4824 2720 4896 αὐτή.

336 4921 754 4980 salutationem
784 4926 1058 4996 prompto
1109 4921 1308 4977 animo
1357 4919 1720 4992 amplector:
1770 4918 1873 4974 ﬁat
1923 4918 2046 4989 jam
2092 4916 2261 4986 mihi,
2294 4934 2326 4972 ο
2358 4917 2588 4989 angele,
2633 4917 2792 4989 quod
2843 4917 3150 4978 nuntiasti.
3206 4922 3365 4979 Nihil
3412 4924 3570 4980 enim
3617 4923 3752 4984 Deo

332 5012 700 5085 impossibile
731 5029 861 5069 esse
893 5017 950 5069 et
977 5013 1105 5085 ipsa
1134 5017 1330 5068 tecum
1359 5009 1684 5083 proclamo,

404 5113 450 5148 ἠ
478 5113 614 5172 Luc.
646 5130 687 5184 ι,
721 5115 810 5170 35.
843 5112 1036 5168 Codex
1059 5111 1282 5167 omittit
1309 5125 1480 5165 voces
1511 5107 1570 5163 ἐκ
1595 5110 1713 5164 σοῦ.

1791 5107 1838 5143 ’³⁵
1867 5105 2022 5163 Psal.
2048 5109 2199 5164 XLIV.
2235 5109 2320 5172 tl,
2356 5107 2442 5160 i2.

2521 5103 2566 5141 ⁷⁸
2597 5107 2734 5166 Luc.
2767 5108 2806 5177 i,
2840 5108 2928 5177 36,
2963 5111 3049 5166 37.
3127 5107 3173 5145 ⁷⁷
3201 5109 3346 5168 ibid.
3379 5113 3468 5168 38-

1670 5214 1817 5271 Ant.
1865 5207 2158 5270 Ballerini
2201 5211 2388 5267 notas.

407 5317 482 5398 (ἓξ)
513 5321 662 5398 Ecce
692 5321 795 5398 tibi
830 5320 1147 5398 sententia,
1179 5319 1618 5398 tritissimailla
1650 5317 1890 5398 quidem

335 5385 752 5468 ecclesiasticae
779 5393 1116 5468 traditionis
1149 5391 1575 5468 monumentis,
1611 5385 1874 5446 at'simul
1901 5388 1985 5468 di:

333 5458 662 5540 sei-tissime
695 5477 728 5515 a
757 5469 959 5540 reatus
991 5465 1052 5518 in
1080 5481 1267 5540 genus
1293 5464 1624 5540 humanum
1672 5458 1983 5540 propagati

333 5479 662 5514 serussune
695 5479 728 5515 a
757 5479 959 5519 reatus
991 5481 1052 5518 in
1080 5481 1267 5536 genus
1295 5479 1624 5520 numanum
1717 5479 1982 5532 ropagau

330 5531 746 5612 communione
775 5533 1074 5612 Virginem
1099 5535 1334 5612 beatam
1357 5479 1796 5612 eximensJ‘ion
1821 5533 1982 5612 enirn

329 5603 554 5672 patitur
582 5603 670 5656 rei
697 5603 930 5675 natura,
961 5609 1028 5659 ut
1064 5606 1248 5661 veteri
1303 5610 1472 5662 reatu
1526 5604 1878 5660 sordescens
1925 5605 1984 5655 et

2093 5309 2490 5398 exsecratiopi
2513 5311 2781 5398 “obnoxia
2811 5332 2946 5371 cum
2977 5316 3226 5398 reliquis
3257 5319 3358 5375 illa
3406 5329 3766 5398 censeatur,

2093 5385 2263 5464 cujus
2291 5381 2802 5464 pulchritudinem
2833 5403 2934 5442 rex
2966 5381 3220 5464 cmlestis
3242 5407 3388 5464 cum,
3409 5393 3618 5464 diligat
3653 5381 3773 5454 {ei

2091 5455 2651 5527 hemcntissime,ad
2669 5474 3046 5516 communem
3072 5459 3238 5518 illam
3258 5463 3492 5520 sordem
3506 5455 3778 5527 abluen-

2092 5527 2250 5652 danti,
2284 5531 2341 5579 et
2387 5525 2664 5583 acerbam
2714 5531 3070 5588 sententiam
3117 5533 3459 5591 solvendam
3504 5525 3776 5608 permo—

2092 5613 2313 5652 vea'ur.

2088 5613 2313 5654 veatur.
