4090 6208
264 316 369 379 103

1102 310 1361 374 SERMO
1405 311 1486 372 IN
1530 309 2239 372 ANNUNTIATIONEM
2282 313 2354 373 B.
2403 263 2495 376 ν(
2531 311 2822 376 manus.

3550 312 3668 377 106

256 456 350 517 τῆς
419 446 769 521 ἁγαθὸτητος
826 446 963 518 ἡμῖν
1044 443 1249 499 ἐκείνου
1327 441 1768 519 διαζωγραφοῦσι
1840 443 1905 497 τὸ

2039 450 2421 518 )raeterquam
2478 432 2679 503 anima
2734 446 2837 502 illa
2894 463 3025 518 quae
3077 449 3135 502 et
3164 446 3420 502 naturali
3455 446 3669 507 ordine

261 538 489 612 πέλαγος
501 580 515 592 .

2013 535 2377 591 eminentior
2401 541 2460 592 et
2487 536 2684 593 divina
2711 536 2935 615 merito
2956 535 3292 592 celebratur
3320 537 3437 608 (l2)
3471 554 3486 603 ;
3540 552 3668 592 ma—

264 627 638 683 nifestissime
670 628 923 691 constat,
959 625 1073 697 ipsi
1104 623 1330 694 deberi,
1382 623 1542 697 quod
1580 628 1640 680 et
1690 624 1841 680 Deus
1899 623 2241 697 apparuerit
2293 631 2542 695 creator,
2592 632 2650 682 et
2706 642 2908 683 omnia
2959 625 3366 682 exsistentiam
3424 642 3671 698 recepe-

263 719 399 787 rint,
437 722 727 788 quotquot
756 716 1045 771 bonitatis
1074 718 1204 788 ejus
1233 714 1478 788 pelagus
1509 712 1961 786 expressissima
1991 715 2248 788 imagine
2280 716 2582 772 exhibent.

334 806 446 860 Kl”.
481 805 583 861 Καὶ
615 801 680 858 οἷ)
710 807 809 858 τοῦ
840 799 1188 881 δημιουργοῦ
1230 800 1414 880 Λόγου
1466 803 1639 875 μόνου
1702 802 1912 875 μήτηρ,

269 891 399 949 διότι
452 898 648 948 τοῦτον
705 888 902 963 ἔτεκεν,
969 890 1117 948 ἀλλᾶ
1164 892 1254 947 καὶ
1321 899 1423 962 τῆς
1510 887 1916 966 δημιουργικῆς

263 983 598 1059 ἆγαθότητος
655 982 853 1037 ὡσανεὶ
925 983 1114 1057 μήτηρ
1189 979 1423 1052 ἐκείνου,
1485 980 1563 1043 ὡς
1662 979 1914 1041 ὑπόθεσις

261 1072 344 1128 καὶ
410 1070 565 1126 αἰτία
618 1074 721 1126 τοῦ
784 1071 887 1140 τήν
955 1069 1288 1146 ἀγαθουργὸρ
1359 1076 1591 1143 φανῆναι
1659 1064 1912 1141 δύναμιν.

258 1162 357 1219 Καὶ
425 1159 476 1215 εἲ
531 1160 846 1235 τολμηρὸν,
912 1156 1275 1233 συμπλάστης
1347 1157 1409 1213 ἄν
1467 1156 1550 1228 ε’ίη
1612 1162 1729 1230 Θεῷ
1820 1157 1912 1214 καὶ

257 1251 489 1326 πρὸτῆς
522 1249 601 1312 εἰς
642 1257 748 1325 γῆν
779 1251 816 1318 ἡ
863 1248 1099 1323 μακαρία
1146 1242 1409 1323 προόδου,
1468 1246 1558 1302 καὶ
1626 1268 1911 1322 συμπαραο

252 1339 463 1417 γωγεῦς
522 1343 637 1395 τῶν
697 1338 774 1402 εἷς
829 1343 991 1395 τοῦτο
1042 1337 1289 1401 κάλλους
1333 1338 1626 1413 ὁρωμένων
1701 1358 1761 1394 τε
1824 1338 1915 1393 καὶ

255 1429 509 1504 ἀοράτων
581 1428 917 1503 κτισμάτων,
977 1429 1051 1490 ὡς
1110 1426 1216 1503 ἄρα
1294 1427 1385 1482 καὶ
1461 1432 1703 1506 φανεῖσα,
1775 1449 1914 1501 συμ-

249 1519 549 1589 ποικιλτῆς
588 1520 679 1575 καὶ
726 1516 1174 1596 συγκαλλοποιὸς
1229 1520 1332 1574 τοῦ
1381 1514 1910 1595 προσυνεξυφανθένο

254 1630 348 1669 τος
372 1608 732 1683 παγκοσμίου
758 1606 1048 1683 γεγένηται
1071 1605 1305 1663 πᾶπλου.
1368 1606 1472 1663 Καὶ
1505 1604 1565 1660 οὗ
1641 1605 1708 1660 τὰ
1765 1624 1915 1678 παρ-

256 1700 387 1754 όντα
423 1699 593 1772 μόνον
645 1691 775 1771 ἔσχε
832 1698 933 1767 τὴν
994 1694 1199 1774 γένεσιν
1257 1692 1326 1749 δι’
1384 1693 1577 1766 αὐτὴν,
1633 1691 1783 1748 ἀλλᾶ
1827 1692 1917 1748 καὶ

257 1790 359 1843 ὅσα
384 1792 499 1843 τῶν
545 1786 819 1860 μενόντων
880 1784 1151 1841 εἷσέπειτα
1204 1784 1454 1859 λαμηρά,
1511 1784 1729 1838 κάκεῖνα
1784 1780 1917 1837 ταύ-

256 1901 361 1949 της
416 1878 775 1953 κατόρθωμα.
840 1877 990 1932 Ἐπεὶ
1046 1875 1263 1931 κάκεῖνα
1322 1874 1392 1929 δι’
1438 1876 1607 1947 ἡμᾶς,
1641 1875 1805 1947 ἡμεῖς
1838 1870 1915 1944 δὲ,

258 1970 339 2031 ὡς
397 1966 687 2038 δέδεικται,
755 1964 827 2022 δι’
874 1966 1067 2037 αὐτήνο
1132 1962 1439 2040 μᾶλλονδὲ
1479 1968 1586 2021 τῶν
1646 1962 1914 2037 ἐσομένων

256 2064 398 2133 ἡμῖν
428 2059 492 2115 τὸ
522 2058 889 2131 τερπνότατον
954 2059 1050 2113 τοῦ
1098 2060 1188 2112 νῦν
1255 2054 1393 2129 αὐτῇ
1458 2052 1785 2128 μηνυθέντος
1831 2050 1920 2107 εὗ-

254 2148 528 2223 αγγελίου
556 2150 618 2203 τὸ
648 2145 941 2221 πέρας.οὗ
991 2145 1044 2199 τί
1102 2142 1161 2201 ἇίν
1230 2143 1445 2220 γένοιτο
1503 2143 1918 2221 φανερώτερον,

254 2242 338 2297 ὅτι
368 2241 463 2295 καὶ
490 2240 561 2295 τὰ
594 2236 878 2312 μέλλοντα
906 2237 1130 2313 χρηστὰ
1163 2233 1233 2290 δι’
1267 2235 1439 2304 αὐτην
1477 2254 1493 2305 ;

2099 806 2299 860 XXIII.
2324 808 2522 877 Neque
2551 823 2688 863 vero
2722 805 2893 862 Verbi
2917 805 3203 863 creatoris
3247 804 3379 861 ideo
3435 809 3666 862 tantum

2025 898 2218 949 mater
2273 901 2380 963 est,
2414 895 2574 966 quod
2627 895 2901 952 eumdem
2947 895 3292 968 pepererit;
3341 894 3445 951 sed
3498 892 3669 966 quasi

2028 989 2220 1039 mater
2270 990 2359 1040 est
2408 985 2655 1057 insuper
2711 985 3015 1041 creatricis
3071 984 3356 1040 bonitatis
3397 983 3668 1057 ejusdem

2024 1070 2223 1142 Verbi,
2257 1074 2476 1147 quippe
2508 1091 2640 1145 qua)
2683 1074 2943 1130 conditio
2994 1078 3053 1129 et
3107 1090 3290 1130 causa
3348 1071 3669 1129 exstiterit.

2027 1178 2131 1216 cur
2144 1161 2325 1219 virtus
2339 1165 2468 1235 ejus
2485 1163 2779 1219 bonorum
2793 1163 3057 1220 effectrix
3078 1162 3668 1220 fueritmanifestata.

2026 1251 2115 1316 Et,
2149 1252 2197 1306 si
2226 1252 2369 1323 quid
2400 1251 2683 1309 audacius
2715 1253 2915 1324 eloqui
2937 1252 3025 1308 fas
3046 1259 3154 1322 est,
3180 1250 3357 1308 simul
3386 1268 3520 1307 cum
3549 1251 3670 1306 Deo

2026 1342 2491 1397 concreatricem
2523 1342 2613 1399 vel
2643 1348 2780 1398 ante
2811 1358 2984 1400 suum
3020 1343 3080 1398 in
3114 1341 3320 1398 orbem
3379 1347 3671 1397 terrarum

2027 1430 2432 1500 adventum,et
2459 1437 2798 1489 creaturam
2828 1449 3029 1489 rerum
3052 1436 3177 1488 tum
3204 1430 3523 1487 visibilium
3544 1435 3671 1486 tum

2028 1520 2420 1577 invisibilium
2442 1522 2514 1577 ad
2532 1523 2687 1578 hanc
2710 1522 3217 1595 pulchritudinem
3245 1537 3380 1577 cum
3401 1521 3531 1593 ipso
3554 1520 3672 1575 Deo

2030 1610 2462 1682 perductricem
2495 1611 2729 1668 beatam
2760 1611 2927 1668 illam
2975 1610 3249 1681 dixerim,
3281 1609 3673 1682 quemadmo-

2033 1699 2173 1755 dum
2202 1699 2410 1771 utique
2441 1706 2498 1757 et
2527 1706 2663 1772 post
2691 1701 3008 1758 adventum
3041 1716 3215 1757 suum
3264 1701 3419 1755 hanc
3470 1714 3672 1754 rerum

2026 1789 2496 1859 universitatem,
2529 1807 2637 1846 ceu
2665 1791 2909 1863 peplum
2931 1792 3060 1863 jam
3100 1795 3276 1846 antea
3304 1793 3670 1857 contextum,

2028 1895 2148 1934 una
2160 1895 2293 1933 cum
2307 1880 2425 1934 Deo
2440 1896 2590 1935 nova
2603 1887 3094 1937 ornamentorum
3112 1880 3267 1936 varie
3278 1885 3391 1936 tate
3405 1893 3673 1950 novaque

2028 1967 2191 2022 auxit
2219 1970 2678 2025 venustate.lmo
2702 1987 2837 2025 vero
2856 1986 2973 2024 non
3003 1986 3073 2025 ea
3103 1966 3672 2037 tantummodo,quaa

2030 2071 2189 2110 nunc
2204 2058 2522 2124 exstant,in
2536 2059 2785 2131 gratiam
2803 2057 2992 2129 ipsius
3009 2057 3347 2113 habuerunt
3369 2061 3434 2110 ut
3449 2059 3670 2123 essent,

2029 2162 2227 2200 verum
2244 2151 2304 2201 et
2332 2162 2705 2218 quascunque
2736 2147 2796 2202 in
2821 2152 3122 2219 posterum
3142 2144 3453 2218 splendida
3473 2143 3674 2200 futura

2033 2240 2190 2304 sunt,
2223 2235 2284 2289 in
2310 2234 2617 2292 beneficiis
2650 2238 2781 2309 ejus
2812 2243 2952 2293 sunt
2980 2234 3362 2292 recensenda.
3387 2236 3531 2291 Nam
3562 2234 3676 2290 ista

256 2347 496 2402 quoque
530 2333 775 2400 prOpter
802 2344 934 2393 nos,
962 2343 1070 2382 nos
1097 2342 1250 2391 vero,
1280 2331 1349 2382 ut
1369 2326 1497 2397 jam
1526 2329 1836 2380 ostensum
1860 2327 1968 2389 est,
2000 2331 2243 2397 propter
2265 2325 2452 2397 ipsam
2483 2344 2687 2382 sumus
2717 2344 2739 2382 .·
2770 2344 2874 2383 seu
2904 2327 3116 2383 melius
3141 2325 3394 2381 dixerim
3441 2325 3671 2382 futuro-

254 2437 387 2475 rum
423 2419 697 2474 omuium
729 2416 1329 2489 summajucunditas
1352 2415 1477 2487 jam
1500 2419 1729 2487 prostat
1778 2413 1951 2469 nobis
1980 2415 2043 2469 in
2074 2414 2236 2470 exitu
2261 2415 2422 2471 illius
2456 2417 2672 2487 nuntii,
2706 2416 2867 2488 quod
2896 2416 2971 2473 ad
3001 2416 3190 2489 ipsam
3213 2432 3372 2471 nunc
3400 2415 3678 2487 perlatim

257 2518 365 2565 est.
401 2509 557 2577 Quid
587 2509 747 2565 enim
778 2509 892 2564 hoc
922 2507 1319 2576 manifestius,
1351 2523 1528 2577 quam
1551 2504 1712 2577 quod
1732 2504 2028 2574 universa,
2062 2520 2192 2574 quae
2241 2503 2442 2560 futura
2497 2510 2636 2560 sunt
2692 2504 2867 2574 bona,
2924 2510 3167 2576 propter
3221 2504 3414 2575 ipsam
3479 2502 3679 2557 futura

258 2604 398 2655 sunt
421 2598 452 2653 ?

326 2687 446 2742 KA'.
505 2687 684 2743 Τοῦτο
740 2686 804 2740 τὸ
866 2687 1095 2759 μήνυμα
1151 2683 1244 2739 καὶ
1310 2682 1474 2739 τέκνα
1538 2685 1688 2756 ἡμᾶς
1780 2684 1915 2737 Θεοῦ

260 2777 356 2831 καὶ
420 2774 640 2830 ἀκούειν
710 2774 801 2830 καὶ
895 2775 1027 2829 εἶναι
1102 2773 1514 2846 παρεσκεύασεν.
1582 2774 1741 2829 Ὅσοι
1814 2771 1918 2845 γὰρ

2097 2697 2294 2755 XXIV.
2325 2701 2441 2754 Hoc
2472 2699 2749 2755 nuntium
2780 2697 2994 2766 effecit,
3049 2702 3117 2753 ut
3142 2697 3252 2767 filii
3304 2711 3539 2768 quoque
3576 2695 3672 2751 Dei

2029 2797 2082 2844 et
2110 2792 2463 2845 nominemur
2489 2796 2541 2844 et
2590 2791 2759 2844 simus
2788 2786 2855 2845 ³⁷.
2909 2790 3189 2857 Quotquot
3236 2786 3403 2851 enim,
3465 2783 3682 2853 inquit,

261 2861 489 2937 ἔλαϐον,
579 2865 763 2941 φησὶν,
851 2863 1034 2934 αὐτὸν,
1140 2859 1339 2920 ἔδωκεν
1406 2863 1593 2927 αὐτοῖς
1678 2859 1918 2933 ἐξουσίαν

303 2956 314 2967 .
504 2959 533 2967 -
604 2959 631 2967 ..
808 2955 821 2967 .
874 2965 885 2967 _
1133 2959 1157 2967 ..
1431 2953 1444 2967 ,
1713 2950 1727 2966 .
1896 2950 1910 2967 ι

2039 2885 2348 2949 receperunt
2376 2895 2519 2946 eum,
2549 2878 2703 2933 dedit
2730 2880 2805 2933 eis
2838 2882 3164 2948 potestatem
3194 2875 3335 2944 ﬁlios
3393 2873 3494 2928 Dei
3524 2875 3674 2942 ﬁeri,

258 2956 423 3012 τέκνα
498 2959 635 3009 Θεοῦ
706 2955 975 3030 γενέσθαι,
1066 2959 1184 3016 τοῖς
1257 2953 1603 3008 πιστεύουσιν
1683 2950 1759 3012 εἰς
1858 2950 1920 3005 τὸ

263 3041 444 3117 ὄνομα
520 3042 706 3097 αὐτοῦ.
787 3042 885 3097 Καὶ
958 3042 1191 3117 καθέπερ
1266 3040 1366 3096 οὐκ
1450 3039 1512 3096 ἔκ
1612 3039 1921 3112 θελήματος

263 3136 490 3208 σαρκὸς,
555 3129 685 3187 οὐδὲ
770 3129 832 3186 ἐκ
922 3127 1471 3206 Θελήματοςᾶνδρὸς
1550 3130 1578 3185 ὁ
1634 3127 1921 3202 ἀσπασμὸς

254 3220 472 3292 ἐπῆλθε
506 3224 579 3294 τῇ
609 3218 1225 3296 κεχαριτωμὲνῃ,οῧτω
1280 3219 1370 3275 καὶ
1433 3220 1568 3292 ἡμῖν
1625 3215 1694 3273 δι’
1752 3215 1922 3286 αὐτῆς

256 3315 295 3382 ὴ
356 3310 674 3371 ἀναπλασις
750 3316 1016 3387 σαρκικῆς
1070 3307 1302 3384 ἄμικτος
1372 3312 1708 3385 θεουργεῖται
1767 3306 1924 3382 ῥίζης

265 3402 511 3471 ἁπάσης.
576 3401 682 3457 Καὶ
745 3400 982 3474 καθάπερ
1067 3400 1160 3454 τὸν
1242 3399 1510 3474 ἡμέτερον
1596 3397 1922 3472 προγονικὸν

271 3492 517 3561 χιτῶνα,
554 3491 618 3544 οὗ
649 3490 741 3545 καὶ
771 3490 909 3559 αὐτῆ
946 3489 1225 3565 μετέσχεν,
1253 3486 1382 3543 ὅλον
1437 3490 1554 3561 Θεῷ
1608 3487 1927 3560 καθιέρωσε,

269 3586 366 3641 τὸν
405 3583 522 3640 ἴσον
552 3583 777 3659 τρόπον,
810 3583 866 3637 ὅν
929 3584 957 3637 ὁ
1008 3584 1127 3637 καθ’
1182 3584 1330 3655 ἡμᾶς
1387 3577 1664 3635 ἐκύκλωσε
1719 3576 1928 3639 κόλπος

270 3675 580 3744 Θεόν,τοῖς
626 3671 923 3751 ὁμοξυέσιν
983 3668 1208 3727 ἔσπευσε
1267 3668 1614 3743 μεταδοῦναι,
1668 3668 1752 3724 ὅτι
1802 3664 1929 3723 τοῦ-

272 3784 367 3819 τον
400 3758 599 3818 ἔλαϐεν
631 3762 683 3817 ἒν
718 3763 902 3835 ἑαυτῇ.
947 3761 1051 3818 Καὶ
1109 3762 1174 3831 ἦν
1238 3761 1330 3834 μὲν
1382 3757 1636 3833 οὐδαμῶς
1694 3758 1933 3814 ἀκόλου-

276 3857 399 3919 θον,
433 3851 576 3908 διότι
609 3850 782 3927 δὲρμα
810 3852 993 3907 κοινὸν
1036 3844 1295 3924 ἔσχομεν,
1353 3846 1442 3905 διὰ
1494 3853 1657 3905 τοῦτο
1705 3847 1795 3903 καὶ
1855 3845 1929 3901 ὦν

275 3939 588 4010 ἓπλοῦτησε
644 3942 981 4015 θεουργικῶν
1064 3933 1440 4011 λαμπηδὸνων
1524 3933 1718 4005 ἐπίσης
1794 3932 1932 4008 αὐτῇ

273 4033 583 4095 κοινωνεῖν,
631 4029 667 4099 ἢ
715 4027 907 4103 ὀλίγον)
969 4024 1081 4081 δεῖν
1127 4027 1263 4100 πρὸς
1315 4025 1477 4095 αὐτή.
1534 4022 1692 4080 Ἀλλ’
1749 4021 1933 4098 ὣσπερ

272 4117 381 4173 τῶν
439 4116 673 4193 ὑψηλῶν
731 4115 887 4172 οὐδὲν
942 4117 1033 4187 ἧν,
1093 4117 1121 4171 ὁ
1188 4117 1286 4185 τὴν
1360 4113 1652 4187 ἐπιθυμίαν
1721 4112 1932 4182 ἐκείνης

278 4208 597 4279 ἐνέπλησεν,
656 4205 760 4268 ἕως
808 4206 867 4261 ἄν
932 4206 1021 4260 καὶ
1088 4206 1218 4261 Θεὸν
1296 4204 1455 4260 αὐτὸν
1523 4202 1783 4278 καταπίῃ,
1840 4206 1930 4261 καὶ

2030 2967 2118 3022 his
2142 2969 2242 3037 qui
2270 2967 2501 3023 credunt
2531 2968 2589 3021 in
2620 2967 2842 3021 nomine
2872 2967 2988 3037 ejus
3016 2962 3084 3021 ⁸⁸.
3119 2965 3190 3019 Ει
3236 2962 3410 3019 sicuti
3467 2977 3580 3016 non
3610 2977 3680 3015 ea:

2029 3057 2312 3111 voluntate
2342 3056 2548 3121 carnis,
2578 3072 2754 3126 neque
2783 3072 2853 3111 ea:
2906 3054 3186 3110 voluntate
3235 3051 3346 3107 viri
3396 3050 3470 3106 ad
3514 3050 3670 3107 hanc

2031 3148 2220 3216 gratia
2245 3145 2472 3216 plenam
2490 3143 2538 3179 ⁸9
2568 3144 2762 3201 delata
2792 3148 2882 3200 est
2913 3142 3189 3200 salutatio
3225 3158 3240 3209 ;
3272 3140 3358 3196 sic
3389 3145 3447 3196 et
3471 3144 3678 3195 nostra

2033 3251 2141 3307 per
2168 3235 2357 3306 ipsam
2390 3233 2782 3308 regeneratio,
2805 3232 2974 3289 nulla
3003 3231 3248 3288 omnino
3305 3229 3359 3285 ei
3416 3227 3677 3284 admista

2036 3323 2259 3379 carnali
2290 3322 2512 3393 radice,
2546 3322 2828 3378 divinitus
2860 3322 3134 3377 efﬁcitur.
3169 3321 3240 3375 Et
3293 3317 3685 3390 quemadmo-

2036 3412 2177 3467 dum
2210 3428 2245 3468 a
2273 3412 2467 3484 primo
2494 3416 2739 3483 parente
2761 3416 3071 3483 acceptum
3110 3407 3529 3464 indumentum
3577 3421 3687 3461 no.

2039 3508 2250 3569 strum,
2283 3501 2441 3572 quod
2472 3502 2599 3574 ipsa
2630 3516 2866 3573 quoque
2900 3500 3210 3555 nobiscum
3267 3497 3476 3553 habuit
3522 3511 3684 3550 com-

2040 3607 2242 3657 mune,
2264 3596 2453 3647 totum
2483 3592 2603 3646 Deo
2626 3590 3029 3656 consecravit;
3053 3588 3180 3660 pari
3211 3586 3441 3642 ratione
3472 3585 3681 3650 Deum,

2040 3696 2217 3750 quem
2251 3680 2416 3734 sinus
2447 3679 2742 3734 humanus
2773 3677 3079 3749 amplexus
3099 3673 3603 3744 fuerat,quoniam
3624 3671 3685 3725 in

2042 3769 2362 3840 semetipsa
2384 3785 2520 3824 eum
2544 3772 2869 3839 receperat,
2904 3772 3130 3821 natura:
3162 3781 3282 3820 sua)
3310 3762 3684 3819 consortibus

2043 3858 2400 3932 participare
2432 3856 2762 3912 studuit.Et
2790 3870 3162 3926 consequens
3192 3852 3456 3924 profecto
3486 3848 3687 3905 nulla-

2042 3953 2217 4002 tenus
2249 3952 2395 4013 erat,
2428 3951 2493 4000 ut
2521 3944 2661 4016 quia
2687 3943 2867 4000 vellus
2900 3960 3035 3999 cum
3056 3943 3188 4015 ipsa
3230 3955 3549 3997 commune
3580 3953 3683 4009 ge—

2044 4037 2584 4106 rebamus,idcirco
2616 4034 2952 4109 Splendoris
3006 4050 3241 4106 quoque
3290 4029 3510 4099 deiﬂci,
3570 4045 3686 4099 quo

2043 4128 2405 4200 locupletata
2435 4143 2504 4183 ea
2532 4132 2815 4197 est,aaque
2828 4124 3037 4196 acipsa
3057 4121 3375 4195 participes
3397 4134 3687 4185 essemus,

2045 4223 2148 4275 aut
2177 4216 2475 4273 modicum
2507 4214 2649 4285 quid
2679 4214 2751 4269 ab
2783 4214 2911 4284 ipsa
2935 4209 3535 4267 distaremus.Verum
3570 4204 3689 4259 sic-

291 4303 455 4354 τοῖιτο
496 4292 670 4353 Δαὸὶό
722 4295 847 4370 περῖ
900 4294 1067 4366 αὐτῆς
1123 4293 1481 4371 ἐναργέστατα
1538 4295 1924 4370 προεκρὸτησε,

2045 4307 2132 4362 uti
2162 4305 2312 4361 nihil
2343 4267 2647 4358 νεζΓίιῖιὲέ(
2685 4267 2972 4356 sublimia
3028 4314 3279 4370 qumque
3336 4295 3468 4364 fuit,
3530 4290 3689 4364 quod

294 4388 759 4462 Χορτασθήσομαι
813 4384 865 4439 ἐν
921 4389 1001 4457 τῷ
1058 4384 1284 4462 ὀφθῆναι
1347 4405 1463 4457 μοι,
1517 4384 1756 4461 φάσκων,
1838 4383 1936 4452 τήν

293 4476 454 4548 δόξαν
545 4496 663 4548 σου,
758 4474 983 4529 ἐνταῦθα
1037 4474 1206 4547 μόνην
1278 4473 1508 4547 εὑροῦσα
1592 4472 1777 4527 στάσιν
1836 4478 1937 4541 τῆς

291 4565 458 4642 δίψης
517 4570 627 4621 τῶν
684 4566 926 4640 ἀγαθῶν·
986 4562 1162 4624 οὕτως
1220 4559 1378 4617 οὐδὲν
1425 4566 1503 4634 τῷ
1558 4560 1782 4638 πελάγει
1836 4564 1939 4631 τῆς

287 4658 428 4732 πρὸς
481 4656 549 4710 τὸ
606 4656 765 4731 γένος
821 4652 1036 4729 ἀγάπης
1094 4659 1194 4721 τῆς
1234 4651 1506 4727 πανάγνου
1562 4652 1939 4727 προσίσταται,

289 4747 367 4819 μή
397 4751 511 4801 τῶν
536 4744 676 4800 ἲσων
710 4743 915 4809 ἐθέλειν
939 4740 1076 4817 αὑτῇ
1122 4737 1445 4818 μεταδοῦναι
1487 4740 1577 4794 καὶ
1626 4742 1762 4815 ἡμῖν
1805 4739 1944 4815 λαμ-

294 4837 573 4912 ροτήτων.

364 5172 414 5210 ⁸⁷
440 5176 610 5233 Joan.
643 5188 723 5245 ιιι,
760 5172 811 5228 1.
887 5170 933 5207 ⁸⁸
960 5171 1124 5227 Joan.
1153 5187 1192 5242 ι,
1228 5172 1313 5225 12.

2046 4395 2411 4452 desiderium
2470 4391 2628 4446 illius
2680 4388 2918 4461 explere
2984 4394 3207 4460 posset,
3274 4385 3463 4441 donec
3504 4384 3689 4438 Deum

2049 4486 2244 4557 ipsum
2276 4481 2479 4549 ebibit,
2513 4480 2691 4551 idque
2731 4478 2803 4534 de
2839 4480 2968 4550 ipsa
3026 4476 3206 4534 David
3254 4474 3692 4531 evidentissime

2052 4576 2195 4631 olim
2218 4571 2505 4646 plaudens
2535 4570 2906 4644 praedixerat,
2940 4568 3220 4640 inquiens
3246 4585 3260 4623 :
3290 4567 3542 4635 Satabor,
3573 4579 3695 4620 cum

2051 4664 2379 4736 apparuerit
2408 4661 2597 4736 gloria
2628 4666 2725 4715 tua
2744 4659 2811 4729 9°,
2843 4664 2904 4715 et
2932 4658 3012 4713 ibi
3045 4657 3239 4713 solum
3270 4656 3564 4711 bonorum
3596 4652 3694 4707 siti

2051 4752 2447 4809 lenimentum
2477 4751 2704 4806 invenit
2733 4764 2746 4815 ;
2772 4748 2855 4804 sic
2886 4745 3031 4803 illud
3062 4744 3284 4801 amoris
3312 4743 3697 4816 pelagus,quo

2054 4842 2375 4916 purissima
2405 4840 2510 4896 illa
2538 4838 2869 4895 humanum
2899 4852 3084 4910 genus
3114 4834 3516 4908 prosequitur,
3548 4845 3691 4884 nus-

2056 4933 2218 5004 piam
2274 4930 2523 4998 sistitur,
2584 4927 2905 4999 quominus
2962 4923 3206 4981 eosdem
3263 4918 3610 4993 splendores
3641 4919 3703 4971 et

2060 5020 2171 5077 sibi
2201 5025 2260 5075 et
2288 5018 2461 5075 nobis
2492 5031 2846 5075 communes
2877 5030 2977 5069 ese
3009 5012 3167 5068 velit.

1390 5168 1436 5207 °°
1464 5167 1609 5224 ibid.
1644 5168 1732 5224 13.
1807 5164 1855 5202 ⁹⁶
1883 5162 2041 5220 Psal.
2072 5181 2187 5235 xvx,
2220 5166 2307 5218 l5.

1638 5326 1785 5383 Ant.
1817 5319 2116 5388 Ballerini
2148 5323 2338 5379 notae.

374 5492 492 5563 (12)
545 5491 696 5563 Ecce
753 5486 882 5556 tibi,

622 5755 893 5815 Parnm.
940 5750 1050 5813 Gs.
1096 5744 1403 5810 CXXXIX.

969 5483 1331 5542 beatissima)
1393 5482 1655 5554 Deipara:
1712 5481 1960 5554 animam

301 5552 586 5619 communi
606 5568 829 5617 naturae
849 5552 1043 5614 ordine
1065 5558 1477 5613 eminentiorem
1500 5552 1568 5610 ac
1588 5568 1771 5626 prope
1802 5552 1965 5626 dixe-

298 5635 413 5691 rim
455 5636 711 5691 divinam
729 5633 974 5688 Creator
989 5628 1284 5698 condit,ut
1303 5624 1633 5698 collapsum
1655 5624 1962 5680 hominem

2070 5478 2198 5548 ipsa
2236 5472 2442 5548 erigat.
2492 5471 2799 5548 Patiturne
2860 5466 2974 5548 rei_
3003 5471 3238 5548 natura,
3291 5470 3373 5548 ut
3413 5462 3711 5548 ejusmodi

2071 5537 2268 5604 anima
2290 5537 2357 5600 iii
2373 5544 2641 5614 ejusdem
2674 5542 2871 5614 lapsus
2898 5540 3234 5596 miserrimo
3265 5544 3426 5595 statu
3447 5537 3713 5594 condita

2074 5619 2451 5677 existimetur
2479 5616 2507 5674 ?

3355 5734 3393 5792 4

3578 5788 3597 5819 ’λ
