4090 6208
399 290 515 356 107
1557 281 1852 348 ISIDURI
1891 281 2660 350 THESSALONIGENSIS
3691 295 3810 362 £08

467 427 641 487 XXV.
665 428 883 483 Verum
911 427 979 482 ut
1005 425 1154 498 ipsa,
1187 419 1618 496 propemodum
1663 419 1852 476 instar
1879 417 2045 476 Crea-

2230 422 2348 480 ΚΕ.
2393 423 2551 480 Ἀλλ’
2612 423 2682 479 ’ἐν’
2731 441 2806 484 ως
2868 419 2996 500 περὶ
3054 427 3254 500 μικροῦ
3303 425 3397 480 και
3456 428 3816 505 Δημιουργὸς

399 519 548 576 toris
579 523 757 591 atque
789 515 1024 572 Domini
1055 513 1216 580 boni,
1241 511 1502 569 Creatori
1533 529 1602 568 ac
1632 511 1776 568 Filio
1807 527 1913 568 suo
1969 510 2045 566 si-

2160 507 2246 564 καὶ
2305 507 2582 582 Δεσπότης
2643 509 2872 586 ἀγαθὸς,
2931 511 3068 568 κατὰ
3113 512 3209 568 τὸν
3273 509 3529 585 Πλάστην
3559 513 3651 570 καὶ
3690 515 3817 571 Υῒὸν

401 609 560 667 milis
591 611 897 681 appareat,
925 604 1186 662 maxima
1215 619 1465 676 quasque
1495 601 1653 658 bona
1675 601 1858 656 eﬂ‘use
1912 617 2045 658 cum

2160 597 2349 668 αὐτῆς,
2407 596 2784 679 ἀναδειχοείη,
2851 599 3066 656 πάντων
3151 600 3399 680 ἀφθόνως
3479 599 3812 676 μεταδίδωσι

407 699 539 756 aliis
570 695 990 754 communicat.
1022 693 1297 760 Quinimo
1347 709 1465 764 quo
1506 691 1779 748 ostendat
1809 697 2045 764 propter

2160 692 2264 743 τῶν
2329 688 2620 766 μεγίστων,
2681 688 2910 747 Μᾶλλον
2961 687 3018 746 δὲ
3073 687 3164 747 ’ίοα
3221 687 3368 767 δείξῃ
3427 689 3513 747 ὅτι
3544 689 3617 748 δι’
3663 695 3818 768 ἡμᾶς

404 806 515 844 nos
542 787 604 842 in
635 787 790 842 hanc
815 785 994 840 vitam
1026 800 1088 840 se
1119 782 1524 856 editamIesse,
1546 786 1613 836 ut
1641 781 1812 838 nobis
1861 797 1895 836 a
1931 781 2045 836 Deo

2160 784 2236 846 εἷς
2275 785 2366 840 τὸν
2402 785 2520 860 βίὸν
2547 786 2702 857 ἧκεν,
2741 785 2816 849 ὡς
2877 785 2936 842 ἄν
2990 789 3130 862 ἡμῖν
3181 789 3347 864 χεῖρα
3395 787 3619 864 ὀρεξασα
3670 811 3814 867 συμ-

404 877 695 950 sejunctis
744 891 990 933 manum
1020 874 1302 948 porrigat,
1331 889 1558 944 nosque
1621 872 1740 928 Deo
1799 869 2045 943 conjun-

2161 873 2332 950 πλέξῃ
2385 879 2500 948 Θεῷ
2561 873 2758 932 ἐκεῖθεν
2817 873 3088 950 διαστᾶσι,
3172 877 3476 953 προθύμως
3536 876 3628 934 διὰ
3708 885 3813 936 τοῦ

399 972 498 1041 gat
526 966 936 1040 (t3),benigno
976 963 1176 1021 animo
1219 979 1328 1036 per
1353 962 1566 1018 Filium
1600 977 1774 1018 suum
1821 977 1930 1016 nos
1987 959 2045 1014 in

2160 958 2302 1018 ἰδίου
2331 963 2498 1018 τόκου
2535 963 2837 1028 κοινωνοὺς
2873 963 3036 1020 καλεῖ
3079 971 3182 1036 τῆς
3227 965 3366 1041 πρὸς
3423 970 3615 1023 τοῦτον
3676 966 3817 1024 ἐνώ-

2163 1074 2318 1124 σεως,
2383 1053 2452 1109 ἵν’
2508 1052 2640 1129 ὅπερ
2698 1055 2841 1130 αὐτῇ
2901 1051 3090 1132 γέγονε
3138 1055 3270 1120 Θεὸς
3327 1051 3418 1112 διὰ
3488 1063 3590 1128 τῆς
3655 1059 3818 1132 ξένης

2161 1140 2376 1214 ἐκείνης
2403 1139 2758 1218 συλλήψεως,
2790 1143 2993 1222 ἤνεγκε
3020 1143 3124 1221 γὰρ
3169 1143 3331 1200 αὖτὸν
3395 1146 3592 1202 ὡσανεὶ
3647 1169 3820 1204 κατα-

2160 1237 2361 1288 πιοῦσα
2417 1233 2508 1288 καὶ
2565 1235 2719 1306 αὖτῷ
2767 1241 3094 1312 συμφυεῖσα,
3159 1235 3322 1292 τοῦτο
3359 1235 3452 1292 καὶ
3517 1239 3684 1311 ἡμεῖς
3713 1238 3822 1296 πά-

2163 1323 2352 1397 θοιμεν
2373 1323 2510 1398 πρὸς
2542 1324 2674 1379 Θεὸν
2708 1319 2798 1378 διὰ
2827 1331 2928 1394 τῆς
2973 1329 3082 1380 τῶν
3145 1329 3356 1401 σαρκῶν
3417 1325 3822 1402 μεταλήψεως,

2165 1411 2238 1466 ὧν
2275 1413 2304 1468 ὁ
2343 1414 2657 1488 Μονογενὴς
2687 1411 2857 1484 «ora;
2920 1413 3048 1488 παρ’
3103 1411 3270 1483 αὐτῆς
3328 1409 3724 1490 προσελάϐετο.
3756 1419 3821 1472 '0

2164 1501 2396 1578 τρώγων
2477 1522 2582 1576 μου
2611 1502 2737 1578 γὰρ,
2813 1503 2972 1580 φησὶ,
3031 1503 3130 1573 τὴν
3196 1503 3366 1580 σάρκα
3451 1503 3543 1560 καὶ
3637 1508 3821 1563 πίνων

2171 1609 2277 1663 μου
2341 1589 2404 1644 τὸ
2481 1589 2623 1664 αἷμα
2651 1587 2704 1646 ἐν
2770 1588 2898 1664 ἐμοὶ
2967 1591 3138 1664 μένει,
3171 1593 3333 1668 πᾶγὼ
3389 1592 3442 1648 ἐν
3504 1593 3674 1668 αὐτῷ·
3720 1615 3818 1651 και

2168 1678 2292 1734 Ἐὰν
2361 1679 2436 1753 μή
2493 1677 2698 1758 φάγητε
2749 1679 2850 1748 τήν
2904 1680 3074 1754 σάρκα
3125 1684 3222 1736 τοῦ
3316 1681 3447 1736 Υἱοῦ
3533 1681 3630 1738 τοῦ
3713 1682 3818 1738 ἆν-

401 1059 632 1129 partem
663 1061 833 1112 vocat
860 1055 1101 1111 unionis
1132 1069 1266 1109 cum
1298 1051 1439 1120 illo;
1471 1057 1537 1108 ut
1567 1051 1725 1124 quod
1771 1051 1882 1122 ipsi
1941 1049 2054 1106 fuit

399 1147 558 1202 Deus
592 1163 698 1218 per
727 1144 1141 1202 admirandam
1165 1142 1330 1198 illam
1361 1141 2052 1216 conceptionem(ipsum

407 1237 568 1292 enim
598 1233 1034 1308 quodammodo
1076 1233 1420 1306 absorptum
1447 1249 1513 1288 ac
1541 1233 1650 1288 sibi
1684 1235 2052 1304 coagmenta-

405 1333 532 1383 tum
565 1325 977 1400 portavit),hoc
1007 1325 1202 1396 ipsum
1235 1328 1292 1378 et
1320 1341 1430 1380 nos
1461 1339 1597 1379 cum
1629 1323 1746 1378 Deo
1781 1320 2052 1393 experia-

405 1434 545 1474 mur
573 1433 680 1490 per
711 1416 1113 1488 sumptionem
1136 1413 1540 1484 carnis,quam
1563 1411 1902 1485 unigenitus
1925 1411 2055 1484 ejus

407 1505 594 1562 Filius
627 1523 697 1562 ex
728 1505 856 1577 ipsa
903 1503 1245 1576 assumpsit.
1297 1502 1530 1558 Etenim
1577 1503 1683 1567 Qui
1735 1501 2055 1570 manducat,

406 1596 626 1668 inquit,
685 1611 862 1651 meam
912 1610 1132 1650 carnem
1185 1599 1237 1648 et
1297 1592 1435 1648 bibit
1485 1607 1664 1647 meum
1709 1592 2054 1660 sanguinem,

408 1687 468 1740 in
497 1701 582 1741 me
610 1692 811 1750 manet,
841 1690 894 1740 et
925 1701 1022 1755 ego
1053 1685 1111 1738 in
1142 1699 1202 1740 eo
1232 1682 1300 1738 9‘.
1333 1683 1420 1750 Et,
1444 1679 1565 1739 Nisi
1594 1677 2058 1736 manducaveritis

415 1791 634 1831 carnem
690 1775 824 1830 Filii
881 1773 1119 1829 hominis
1171 1779 1223 1828 et
1267 1773 1682 1842 biberitiskjus
1709 1769 2045 1840 sanguinem,

2169 1769 2413 1841 θρώπου,
2471 1767 2562 1823 καὶ
2627 1767 2789 1842 πίητε
2852 1769 3020 1824 αὐτοῦ
3097 1769 3162 1824 τὸ
3247 1771 3412 1844 αἷμα,
3486 1774 3590 1826 οὐκ
3657 1765 3821 1848 ἔχετε

413 1881 527 1920 ηοη
559 1863 826 1920 habebitis
850 1865 1020 1918 vitam
1049 1863 1286 1933 inZvobis
1307 1861 1374 1916 θ’.
1409 1862 1569 1916 lianc
1625 1877 1801 1932 porro
1835 1859 2060 1915 suavis-

417 1953 652 2015 simam.
684 1951 936 2024 vitasque
983 1950 1340 2023 largitricem
1367 1967 1594 2006 coenam
1627 1949 1739 2004 iste
1769 1964 1905 2004 vere
1963 1965 2061 2004 su-

414 2041 781 2117 percmlestis
813 2041 990 2096 homo
1025 2040 1264 2114 (nempe
1295 2040 1490 2112 Virgo)
1522 2039 1584 2094 in
1613 2039 1748 2094 sinu
1781 2055 1886 2094 suo
1920 2042 2059 2093 tan-

411 2147 592 2202 quam
626 2131 689 2186 in
719 2129 902 2186 fertili
934 2135 1094 2185 terra
1124 2129 1404 2199 excoluit,
1439 2134 1616 2202 atque
1647 2129 1730 2196 id,
1787 2127 1946 2200 quod
1996 2127 2060 2183 in

410 2238 635 2277 cuinam
668 2227 932 2276 nostram
964 2219 1224 2288 cederet,
1281 2221 1604 2292 apparavit.
1665 2221 1855 2290 Atque
1912 2217 2060 2274 adeo

409 2327 548 2365 cum
581 2308 850 2380 ejusdem
881 2308 1064 2364 Filius
1094 2313 1154 2362 et
1178 2309 1252 2363 ad
1269 2309 1421 2364 hanc
1443 2323 1714 2364 mensam
1747 2325 1855 2363 nos
1887 2312 2062 2363 attra-

409 2398 522 2464 hit,
556 2403 615 2455 et
645 2399 716 2454 de
739 2397 1021 2454 carnibus
1054 2397 1176 2452 suis
1207 2399 1444 2470 copiose
1485 2415 1592 2453 nos
1647 2397 1860 2470 pascit,
1918 2413 2062 2452 nos-

412 2503 528 2560 que
551 2503 806 2544 cernens
839 2503 939 2542 eas
971 2486 1354 2558 degustantes
1380 2485 1632 2553 laetatur,
1665 2486 2060 2558 hmoﬂquoque

412 2581 658 2650 accepta
715 2577 1031 2633 referenda
1061 2581 1198 2632 sunt
1230 2577 1398 2632 Matri
1431 2591 1446 2643 ;
1479 2576 1764 2647 quoniam
1823 2581 1880 2631 et
1935 2575 2064 2648 ipsa

409 2673 696 2738 tanquam
726 2666 954 2722 fructus
982 2665 1294 2722 hominum
1324 2665 1459 2721 ideo
1491 2665 1773 2732 efﬂoruit,
1806 2669 1872 2720 ut
1931 2681 2062 2720 car-

405 2753 573 2811 nium
594 2754 972 2827 ipsius:Deus
1003 2755 1172 2810 fleret
1219 2755 1536 2826 particeps,
1561 2759 1618 2809 et
1673 2753 1882 2809 matris
1940 2769 2062 2809 sua,

407 2849 688 2918 cognatos
721 2860 792 2900 ex
821 2843 1034 2900 iisdem
1091 2843 1322 2900 alteret.
1358 2845 1558 2914 Neque
1589 2843 1769 2911 enim,
1803 2842 1918 2899 nisi
1951 2843 2064 2899 hoc

403 2934 672 2990 futurum
704 2938 880 3001 esset,
898 2934 959 2988 in
989 2949 1087 2990 vas
1118 2933 1277 2988 istud
1295 2949 1728 3006 superomnem
1752 2933 2062 2989 materiam

2181 1858 2328 1926 ζωήν
2393 1855 2445 1911 ἐν
2501 1862 2738 1921 εαυτοῖς.
2768 1859 2871 1915 Τὸν
2931 1853 2989 1913 δὶ
3025 1855 3248 1928 ἣδιστον
3302 1861 3394 1916 καὶ
3454 1862 3823 1938 ζωοπάροχον

2169 1950 2362 2002 τοῦτον
2426 1943 2642 2002 δεῖπνον
2710 1947 2739 2002 ὁ
2791 1947 3180 2023 ὑπερουρᾶνιος
3243 1945 3412 2012 ὅντως
3473 1949 3818 2027 ἐγεώργησεν

2172 2033 2457 2106 ἅνθρωπος
2487 2036 2666 2106 οὗτος,
2707 2035 2800 2091 καὶ
2841 2037 2991 2092 τοῦθ’
3019 2035 3050 2092 ὅ
3107 2058 3160 2092 τι
3219 2035 3436 2102 δεῖπνος
3493 2041 3628 2112 ἡμῖν
3667 2039 3822 2116 γενέ-

2171 2125 2288 2180 σθαι
2327 2125 2739 2200 παρεσκεύασεν.
2809 2126 2962 2181 Ὤσίν
3027 2127 3152 2182 ὅταν
3211 2127 3240 2183 ὁ
3301 2127 3505 2200 ταύτης
3542 2129 3667 2192 Υἱὸς
3719 2129 3818 2184 καὶ

2170 2212 2306 2285 πρὸς
2333 2210 2497 2284 τήνδε
2529 2215 2680 2288 ἡμᾶς
2703 2210 2841 2291 ἕλκῃ
2870 2215 2970 2284 τήν
3019 2216 3311 2292 τράπεζαν,
3379 2217 3471 2273 καὶ
3525 2223 3636 2274 τῶν
3687 2219 3818 2275 ἑαυι

2174 2305 2272 2358 τοῦ
2306 2305 2447 2377 μήτε
2511 2301 2764 2380 φείδηται
2821 2309 3056 2380 σαρκῶν,
3107 2304 3200 2360 καὶ
3263 2305 3433 2382 χαίρῃ
3485 2306 3820 2384 γενομένους

2171 2391 2347 2468 ὁρῶν,
2375 2391 2466 2448 καὶ
2495 2397 2564 2467 τῇ
2593 2392 2782 2468 Μητρὶ
2828 2397 2997 2449 ταῦτα
3055 2390 3262 2464 δοτέον,
3320 2393 3406 2450 ὅτι
3461 2397 3668 2471 καρπὸς
3727 2395 3830 2452 ἆν-

2172 2481 2408 2557 θρώπων
2444 2481 2858 2557 ὲξηνθουργήθη
2912 2482 3004 2538 καὶ
3060 2483 3223 2554 αὐτῆ,
3276 2482 3366 2540 ’ίνα
3421 2489 3528 2540 τῶν
3569 2485 3664 2560 μὲν
3732 2487 3838 2542 αὖ·

2167 2577 2268 2641 τῆς
2322 2573 2636 2647 κοινωνήσῃ
2701 2572 2830 2634 Θεὸς
2891 2575 3124 2648 σαρκῶν,
3185 2575 3359 2648 θρέψῇ
3414 2573 3472 2630 δὲ
3512 2575 3735 2640 ταύταις
3761 2577 3834 2634 τὸ

2170 2661 2423 2736 συγγενὲς
2495 2667 2597 2730 τῆς
2675 2661 2909 2736 μητρὸς.
2985 2657 3128 2720 Οὔτε
3201 2663 3328 2738 γὰρ,
3404 2663 3451 2718 εἰ
3528 2666 3605 2740 μὴ
3663 2669 3834 2723 τοῦτο

2170 2743 2394 2826 ἔμελλε,
2453 2753 2517 2807 τὸ
2577 2752 2712 2827 ὑπὲρ
2769 2756 2942 2808 πᾶσαν
2985 2751 3127 2824 ὕλην
3177 2755 3625 2835 περιφανέστατον
3662 2762 3834 2815 τοῦτο

2171 2845 2362 2905 σκεῦος
2393 2843 2586 2918 χοῖκὸς
2615 2840 2674 2897 ἄν
2701 2839 3018 2900 διεικὸνισεν
3049 2841 3296 2922 ἀνδριὰς,
3353 2844 3479 2902 οὔτε
3530 2847 3621 2903 τὸν
3688 2853 3834 2924 χοῦν

2172 2928 2506 3002 ὑπελθοῦσα,
2563 2928 2682 2987 ἐπεὶ
2742 2931 2878 3007 μέγα
2931 2934 2994 2988 τὸ
3054 2933 3234 2996 ἐοικὸς
3291 2935 3417 3014 εἶχε
3481 2936 3620 3012 πρὸς
3670 2938 3836 3010 Θεὸν,

407 3022 971 3096 splendidissimum
1031 3022 1466 3078 conformatum
1529 3039 1795 3094 unquam
1853 3022 2045 3078 fuisse

2178 3021 2356 3078 ἄλλου
2393 3042 2490 3076 του
2521 3019 2582 3076 ἃν
2611 3020 2678 3090 ἧν
2707 3018 2983 3100 ἐφιεμένῃ,
3015 3023 3050 3092 ἢ
3079 3023 3108 3078 ὃ
3137 3024 3227 3078 καὶ
3255 3009 3388 3087 Θεὸς
3413 3009 3616 3081 ἐπόθει.

404 3113 749 3186 pulvereum
801 3110 1186 3167 simulacrum
1229 3111 1380 3184 (li);
1435 3127 1628 3183 neque
1677 3116 1993 3184 postquam
2041 3114 2104 3170 in
2152 3119 2372 3171 terram
2420 3111 2656 3170 advenit
2695 3113 3179 3186 quandoquidem
3211 3119 3331 3171 tam
3363 3132 3701 3189 expressam
3746 3118 3828 3176 ad

409 3205 597 3259 Deum
656 3199 1109 3256 similitudinem
1141 3217 1260 3272 praa
1294 3217 1356 3255 se
1384 3199 1632 3269 ferabat,
1665 3199 1828 3256 aliud
1857 3201 2161 3275 quidpiam
2195 3219 2372 3276 quam
2404 3202 2561 3274 quod
2591 3201 2964 3274 discupiebat
2991 3204 3162 3268 Deus,
3187 3211 3468 3278 exoptare
3501 3207 3824 3279 potuisset.

475 3291 622 3347 Cum
651 3305 827 3362 porro
860 3288 1004 3362 ligni
1037 3289 1368 3360 degustatio
1400 3289 1460 3344 id
1493 3289 1834 3358 exstitisset,
1893 3291 2054 3362 quod

413 3381 720 3437 hominem
743 3395 777 3434 a
804 3383 938 3448 Deo,
967 3379 1117 3452 proh
1148 3377 1354 3434 dolor!
1387 3379 1846 3449 abalienaverat,
1879 3379 2053 3454 Virgo

403 3477 609 3528 autem
637 3487 806 3526 suam
837 3470 1026 3542 ipsius
1072 3487 1314 3526 carnem
1363 3470 1440 3526 ad
1498 3471 2052 3528 reconciliationem

405 3560 666 3618 divinam
697 3559 976 3616 idoneum
1001 3559 1095 3628 iis,
1129 3559 1228 3632 qui
1259 3575 1332 3614 ex
1363 3576 1433 3615 ea
1461 3561 1712 3616 vicissim
1743 3561 2051 3634 degustas-

403 3652 962 3724 sent,pharmacum
997 3649 1109 3724 (lii)
1132 3649 1258 3705 fore
1289 3649 1656 3722 perspiceret
1679 3649 1862 3722 (quod
1905 3667 2048 3708 sane

401 3741 794 3814 pharmacum
825 3741 1132 3814 aegrotanti
1189 3759 1310 3812 prae
1369 3757 1570 3798 amore
1621 3759 1726 3797 suo
1775 3741 2049 3814 cupiebat

401 3830 658 3904 gratuito
683 3829 969 3902 prmbere)
1007 3829 1105 3897 ;id
1135 3830 1328 3904 ipsum
1351 3849 1486 3888 vero
1518 3837 1577 3887 et
1604 3833 1759 3888 Deus
1810 3837 2043 3905 gratum

396 3919 734 3986 haberet,se
766 3918 965 3992 ipsum
995 3919 1240 3988 scilicet,
1263 3920 1456 3992 quoad
1490 3919 1618 3978 ﬁeri
1649 3921 2042 3994 posset,lapso

395 4007 623 4062 homini
656 4007 1006 4064 alimentum
1037 4025 1335 4080 apponere
1367 4027 1382 4077 ;
1415 4027 1536 4066 non
1589 4016 1788 4082 posset
1843 4017 2040 4066 autem

397 4095 575 4152 homo
611 4096 893 4152 remediis
923 4096 1063 4164 illis,
1113 4115 1220 4170 per
1277 4115 1407 4170 qua)
1465 4101 1527 4154 in
1583 4101 1737 4154 viam
1797 4099 2036 4170 rediret,

384 4185 604 4258 juvari,
664 4186 809 4242 dum
869 4186 1121 4258 sejuncti
1181 4187 1433 4242 invicem
1506 4187 1848 4257 manebant,
1935 4189 2037 4244 sed

390 4279 710 4347 utrumque
742 4274 900 4330 uniri
933 4279 1326 4346 oporteret,ut
1348 4277 1522 4332 etiam
1543 4282 1787 4349 propter
1808 4281 2034 4334 natura)

2239 3289 2342 3348 Καὶ
2383 3290 2497 3346 ἐπεὶ
2527 3287 2694 3360 ξύλου
2755 3289 2850 3362 μὲν
2917 3291 2984 3360 ἦν
3039 3293 3246 3368 γεῦσις,
3305 3298 3340 3362 ἥ
3395 3297 3530 3349 Θεοῦ
3569 3293 3661 3349 τὸν
3721 3295 3821 3351 ἄν·

2164 3383 2405 3456 θρωπον,
2461 3379 2607 3454 φεῦί
2667 3377 3065 3454 ἠλλοτρίωσεν,
3125 3379 3268 3458 ἐώρα
3316 3379 3374 3438 δὲ
3429 3383 3530 3453 τήν
3617 3381 3826 3456 ἑαυτῆς

2163 3470 2333 3548 σάρκα
2391 3469 2673 3544 φάρμακον
2733 3468 2918 3524 ἱκανὸν
2985 3469 3427 3547 ἀντιγευσαμὲνῳ
3477 3471 3614 3550 πρὸς
3663 3473 3820 3530 θείον

2162 3558 2459 3630 οἷκείωσιν,
2520 3557 2550 3614 ’ὀ
2604 3559 2696 3614 καὶ
2755 3566 3054 3636 παρασχεῖν
3135 3565 3214 3632 τῷ
3270 3565 3516 3617 νοσοῦντι
3601 3568 3823 3636 προῖκα

2157 3650 2365 3727 ἠγάπα,
2415 3648 2477 3703 τὸ
2535 3643 2582 3702 δ’
2638 3648 2772 3703 αὐτὸ
2803 3648 2892 3703 καὶ
2944 3649 3072 3712 Θεὸς
3103 3648 3297 3728 ἐφίλει,
3325 3653 3566 3730 τροφὴν,
3609 3652 3656 3707 εἰ
3689 3651 3820 3710 οἶόν

2151 3759 2230 3808 τε,
2262 3737 2447 3792 ἑαυτὸν
2477 3737 2796 3814 παραθεῖναι
2839 3741 2918 3811 τῷ
2973 3738 3306 3808 πεπτωκότι,
3376 3737 3504 3796 ἀλλ’
3553 3740 3803 3817 ἑκατέρῳ

2156 3827 2251 3901 μὲν
2306 3825 2520 3900 ἆμιγῶς
2579 3825 2678 3880 οὐκ
2730 3826 2800 3895 ἦν
2857 3823 3140 3902 ἄνορῶπον
3197 3830 3504 3908 χρήσασθαι
3563 3833 3672 3886 τῶν
3740 3828 3811 3888 δυ

2151 3921 2344 3986 νατῶν,
2405 3915 2544 3972 ὥστε
2599 3913 2931 3988 ἐπανελθεῖν,
2990 3912 3097 3972 ἔδει
3165 3915 3223 3972 δὲ
3275 3917 3551 3984 συνελθεῖν
3616 3919 3808 4001 ἆμιρό-

2149 4027 2294 4082 τερα,
2343 4005 2418 4068 ὡς
2465 4003 2530 4061 ἄν
2589 4005 2676 4061 καὶ
2731 4003 2819 4060 διά
2875 4005 2938 4060 τὸ
2989 4007 3238 4083 συγγενὲς
3285 4005 3591 4084 εὔχρηστον
3623 4009 3661 4086 ᾖ
3712 4015 3800 4084 τῷ

2148 4093 2428 4170 χρωμένῳ
2488 4095 2552 4150 τὸ
2627 4093 2933 4173 φάρμακον,
3009 4095 3100 4150 καὶ
3173 4100 3335 4153 τοῦτο
3392 4099 3606 4161 πάντως
3689 4099 3800 4156 οὐκ

2146 4184 2418 4262 ἀγνοοῦσα
2476 4185 2512 4254 ἡ
2570 4182 2968 4256 ὐπεράμωμος,
3026 4188 3162 4240 Θεοῦ
3223 4185 3284 4240 ἄν
3349 4183 3522 4242 ἐδεῖτο
3568 4187 3801 4264 κεράσαι

2142 4274 2242 4341 τήν
2303 4271 2561 4347 ῖατρείαν.
2622 4270 2892 4345 Δεομένην
2944 4269 3002 4328 δὲ
3057 4271 3304 4351 παριδεῖν
3365 4275 3428 4331 οὗ
3496 4281 3656 4347 Θεοῦ,
3705 4277 3798 4334 ὃτι

390 4364 804 4434 cognationem
852 4363 1086 4420 medela
1111 4365 1378 4438 apprime
1408 4367 1675 4438 proficua
1731 4368 2036 4426 utentibus

2160 4381 2202 4417 ιε
2235 4366 2423 4436 τυχεῖν
2444 4359 2510 4430 ἦν
2553 4359 2692 4432 ἀξία,
2721 4361 2918 4417 τούτου
2943 4383 3002 4417 τε
3025 4359 3132 4438 ἤρα
3163 4365 3314 4428 Θεός.
3349 4366 3448 4420 Διὰ
3510 4369 3673 4422 τοῦτο
3727 4369 3799 4424 τὸ

389 4450 564 4506 ﬁeret
591 4451 747 4519 ;haec
765 4453 969 4508 omnia
981 4470 1116 4509 cum
1136 4453 1381 4515 minime
1405 4454 1568 4512 illam
1594 4474 1715 4528 pra:
1736 4457 2031 4516 universis

460 4572 506 4612 ει
537 4575 707 4631 Joan.
739 4592 816 4647 VI,
847 4578 936 4634 56.
1013 4577 1060 4614 ι’
1091 4578 1233 4634 ibid.
1267 4583 1356 4638 εδ.

2139 4447 2444 4526 παράδοξον
2477 4449 2814 4524 ᾠκονομήθη
2863 4453 3188 4526 μυστήριονο
3251 4453 3340 4510 καὶ
3388 4459 3606 4532 σαρκῶν
3655 4459 3798 4513 Θεοῦ

1701 4689 1843 4751 Ant.
1889 4690 2186 4755 Ballerini
2223 4695 2410 4753 noue.

459 4811 572 4887 (13)
606 4811 664 4869 Si
696 4811 878 4896 Maria
907 4812 1038 4869 ideo
1072 4813 1233 4871 edita
1263 4821 1352 4896 est
1381 4815 1442 4873 in
1471 4816 1688 4896 lucem,
1741 4827 1810 4877 ut
1836 4823 2030 4896 _lapso

384 4885 648 4967 liu'mano
678 4885 880 4967 generi
904 4901 1145 4967 manum
1172 4889 1470 4960 porrigat;
1494 4907 1630 4967 ergo
1652 4885 1808 4967 inter
1835 4885 2030 4967 lapsos

382 4959 512 5034 ipsa
542 4973 663 5012 non
696 4961 808 5012 est:
843 4973 1014 5014 secus
1033 4959 1195 5034 enim
1221 4959 1487 5016 unacum
1515 4959 1758 5034 reliquis
1782 4959 2026 5024 manum

382 4977 512 5086 ipsa
542 4977 663 5012 non
696 4977 808 5012 esu
843 4977 1014 5014 580118
1033 4977 1195 5015 enim
1221 4977 1487 5016 unacum
1515 4977 1758 5034 ι-θιιῳιιε
1782 4982 2026 5024 manum

380 5031 396 5084 i
427 5031 541 5110 tam
575 5031 1506 5110 porrectam,qua_erigeretur,et
1527 5035 1665 5110 _ipsa
1691 5045 2026 5108 exspectas-

379 5100 718 5178 set.l)einde
739 5103 1042 5178 sejunctos
1067 5100 1340 5178 homines
1369 5100 1494 5176 ipsa
1525 5100 1584 5160 in
1609 5100 1834 5178 partem
1861 5117 2025 5166 vocat

377 5171 815 5248 conjunctionis
847 5189 980 5248 cum
1009 5171 1469 5248 Deo.Nunquam
1501 5171 1637 5248 ergo
1691 5195 1825 5235 cum
1875 5181 2018 5237 reli-

379 5244 512 5313 quis
542 5243 844 5314 disjuncta
865 5244 994 5316 ipsa
1022 5245 1132 5301 fuit
1161 5262 1196 5302 a
1227 5243 1363 5302 Deo.
1399 5243 1704 5313 Quomodo
1735 5253 1894 5306 enim
1928 5270 2021 5308 co-

395 5320 596 5395 gnatos.
614 5332 750 5370 suos
780 5316 856 5372 ad
886 5317 1071 5395 Deum
1123 5325 1406 5395 vocasset,
1439 5321 1507 5395 si
1545 5327 1603 5376 et
1631 5321 1760 5381 ipsa
1811 5331 1939 5379 erat
1985 5343 2020 5382 a

426 5399 494 5464 eo
511 5383 1074 5464 _ali_ena,nec‘vocari
1099 5389 1217 5464 nisi
1243 5407 1379 5464 cum
1394 5383 1542 5464 'aliis
1573 5395 1911 5464 potuisset?

444 5453 559 5530 (14),
587 5456 740 5525 Haec,
773 5459 859 5513 uti
889 5461 1151 5530 patet,ad
1173 5462 1368 5518 Mariae
1416 5453 1872 5530 plasmationem
1921 5485 2012 5525 re-

367 5521 686 5597 feruntur;
713 5521 851 5604 ergo
881 5521 954 5585 ab
985 5521 1114 5605 ipsa
1143 5533 1232 5590 sui
1280 5521 1623 5596 conditione
1655 5521 1824 5614 Virgo
1836 5521 2015 5596 "uti.

2137 4841 2283 4900 para
2299 4841 2400 4880 vas
2430 4822 2540 4878 fuit
2571 4823 3079 4900 nitentissimum,
3105 4830 3283 4900 atque
3303 4827 3364 4884 in
3391 4834 3582 4888 terras
3605 4830 3793 4890 adve-

2139 4895 2704 4974 niensnon‘terreni
2733 4895 2876 4974 Adio
2907 4895 3250 4971 imaginem,
3285 4901 3411 4974 sed,
3435 4918 3789 4974 expressam

2137 4968 2240 5093 Deli
2273 4965 2748 5093 stimilitudinem,
2771 4973 2839 5022 ut
2863 4983 2998 5024 mox
3019 4965 3224 5026 auctor
3245 4965 3591 5046 subdit,praa
3619 4992 3682 5032 se
3701 4977 3792 5032 fe-

2137 5057 2197 5093 re
2245 5055 2275 5093 ἃ
2312 5081 2325 5093 .

2135 5044 2325 5095 rebat.

2205 5109 2476 5191 (15)-1ξζοη.
2493 5107 2691 5191 minus
2725 5108 3093 5191 luculentum
3123 5113 3262 5171 huic
3287 5115 3470 5191 habes
3507 5119 3788 5191 testimo-

2131 5183 2298 5238 nium
2323 5182 2578 5248 Virginis
2593 5182 2988 5240 immunitatis
3008 5204 3041 5240 a
3056 5189 3361 5244 communi
3377 5189 3644 5245 omnium
3659 5208 3790 5248 cor-

2130 5252 2578 5330 ruptioneNam
2602 5263 3067 5330 quonam‘pacto
3100 5266 3306 5330 sancta
3344 5260 3605 5330 Virginis
3634 5279 3778 5320 caro

2051 5389 2070 5410 ἢ
2125 5322 2514 5410 pharmacum
2539 5322 2741 5378 haberi
2765 5341 2832 5410 ac
2993 5335 3194 5410 posset
3233 5322 3514 5410 adversus
3535 5333 3780 5410 vitium.

2125 5411 2242 5471 quo
2265 5399 2508 5471 propter
2552 5410 2719 5471 esum
2763 5397 2905 5471 ligni
2938 5397 3378 5471 Ainﬁciebantur
3399 5403 3697 5471 homines,
3721 5407 3784 5462 si

2121 5465 2331 5525 eodem
2354 5465 2528 5542 plane
2557 5466 2766 5524 morbo
2787 5465 3057 5545 ejusdem
3088 5487 3225 5530 caro
3256 5480 3536 5550 corrupta
3563 5465 3721 5535 foret
3751 5477 3782 5537 τ
