4090 6208
279 345 392 407 109

1119 344 1393 406 SEBMO
1433 342 1510 404 ΙΝ
1554 337 2275 404 ΑΝΝΗΝΤΙΑἸἹΟΝΕΜ
2318 340 2390 401 Β.
2435 339 2509 401 ν.
2555 341 2863 405 ΜΑΡιῐιΕ.

3590 349 3710 412 110

280 478 665 547 κοινωνοῦμεν
723 469 1024 548 ἅνθρωποι,
1100 469 1163 535 ἃς
1237 474 1274 543 ἡ
1335 473 1608 547 πάναγνος
1673 470 1950 547 ἐξιστΟύρ-

2065 473 2507 531 immaculatam
2538 477 2935 549 prmterirent,
2969 479 3155 535 Deum
3185 480 3462 553 precibus
3492 496 3707 538 exora-

282 585 433 641 γησε,
461 564 557 617 καὶ
587 562 680 617 τὸν
716 567 962 631 Σωτῆπα
993 558 1254 619 ἒνέδυσεν.

2051 562 2172 633 bat,
2206 569 2272 620 ut
2301 565 2456 621 hanc
2498 567 2860 623 medicinam
2908 568 3205 625 misceret.
3239 569 3343 625 Dei
3373 587 3552 642 porro
3585 587 3707 626 non

286 662 411 711 erat
434 657 744 727 rogantem
777 652 1108 726 despicere,
1143 658 1273 709 tum
1314 653 1457 726 quia
1495 653 1673 725 digna
1730 656 1858 708 erat
1913 669 2043 725 quae
2095 653 2243 709 votis
2302 671 2425 710 non
2454 654 2864 728 frustraretur,
2898 662 3024 714 tum
3056 659 3197 731 quia
3228 656 3290 713 id
3318 659 3514 731 ipsum
3548 660 3702 718 Deus

291 744 563 801 ardenter
609 742 947 815 exoptabat.
1000 742 1226 799 Idcirco
1276 742 1695 799 admirandum
1747 740 1892 797 illud
1938 748 2244 814 peractum
2298 750 2389 800 est
2436 746 2829 818 mysterium;
2880 752 2939 803 et
2981 748 3406 821 participamus
3433 749 3710 808 homines

286 833 418 890 illas
446 833 547 889 Dei
577 847 813 899 carnes,
848 848 996 904 quas
1025 832 1350 903 purissima
1378 832 1482 888 illa
1514 832 1846 900 contexuit,
1880 836 1939 887 et
1969 832 2187 904 quibus
2218 833 2415 890 induit
2442 836 2825 894 Salvatorem.

351 919 661 994 Κζ.ὀῖμαι
707 916 788 993 δὲ,
818 919 910 975 καὶ
969 916 1120 975 δυοῖν
1172 920 1388 975 τούτοιν
1443 916 1596 976 ἓνεκα
1650 918 1949 995 ἀνθρώπων

280 1010 481 1081 ἤκουσε
547 1014 681 1072 παῖς
750 1011 787 1079 ἡ
853 1008 947 1065 τὸν
1007 1007 1365 1083 ὖπερώνυμον
1419 1011 1686 1081 κυήσασα,
1742 1009 1834 1065 ἳνα
1890 1031 1950 1067 τε

282 1105 396 1173 Θεῷ
426 1101 747 1173 κοινωνήσῃ
779 1098 871 1154 καὶ
920 1104 1020 1168 τῆς
1071 1097 1159 1154 ἐπὶ
1211 1106 1315 1176 γῆς
1348 1095 1534 1172 δόξης,
1576 1096 1704 1171 δόξα
1735 1099 1838 1176 γὰρ
1868 1104 1947 1175 τῷ

282 1189 529 1263 Δεσπότῃ
574 1189 669 1244 καὶ
730 1187 865 1261 ἅπερ
924 1190 1061 1261 ἡμῖν
1114 1187 1363 1258 ταπεινὰ,
1422 1186 1511 1242 καὶ
1568 1187 1761 1243 λοιπὸν
1794 1188 1945 1250 ’ὁπως

280 1283 401 1339 τοῖς
458 1278 770 1353 ἀνθρώποις
816 1275 1037 1353 γένηται
1096 1273 1291 1347 δῆλον,
1351 1277 1521 1353 μέχρι
1583 1275 1728 1342 τίνος
1775 1276 1940 1348 ὁπηο

284 1368 385 1432 λὸς
440 1366 745 1438 ἀναπτῆναι
807 1361 1045 1421 δύναται.
1107 1363 1244 1423 Οῧτε
1327 1366 1432 1442 γὰρ
1500 1369 1636 1438 Θεῷ,
1694 1364 1786 1421 καὶ
1841 1372 1941 1436 τῆς

284 1458 596 1533 ὗπερᾶγνου
655 1453 811 1532 δίχα,
868 1453 1077 1529 ἄπορον
1131 1454 1201 1524 ἦν
1257 1456 1293 1525 ὴ
1347 1455 1659 1531 τοῦγένους
1692 1455 1942 1531 βοήθεια,

281 1547 375 1603 καὶ
409 1544 539 1602 οὖδέ
565 1567 650 1609 τις
699 1545 879 1602 εἷλκεν
930 1545 1135 1623 ἀνάγκη
1198 1546 1276 1618 μὴ
1334 1542 1395 1600 ἂν
1449 1542 1639 1610 ἄλλως
1668 1544 1813 1619 ἔχειν
1842 1546 1941 1615 τὴν

2131 922 2318 993 XXVI.
2382 926 2563 982 Porro
2620 928 2800 985 etiam
2859 928 3082 1001 duplici
3134 929 3245 986 hac
3309 929 3381 986 de
3413 945 3612 1001 causa,
3642 936 3712 990 ut

2056 1013 2298 1084 quidem
2329 1014 2604 1085 arbitror,
2630 1016 2754 1072 ﬁlia
2784 1017 3100 1074 hominum
3123 1035 3191 1074 ea
3220 1025 3425 1075 vocata
3456 1026 3702 1092 est,qum

2057 1102 2229 1159 illum
2264 1105 2365 1176 qui
2407 1111 2497 1161 est
2541 1122 2718 1178 super
2764 1123 2941 1163 omne
2990 1124 3211 1165 nomen
3263 1111 3514 1182 peperit,
3546 1111 3709 1167 vide-

2057 1192 2201 1248 licet
2236 1198 2364 1249 tum
2418 1199 2487 1249 ut
2541 1212 2919 1252 communem
2977 1213 3112 1253 cum
3144 1198 3264 1253 Deo
3294 1198 3542 1254 haberet
3570 1215 3703 1255 eam

2060 1278 2310 1351 gloriam
2343 1297 2474 1352 quae
2495 1281 2634 1337 huic
2656 1299 2689 1338 a
2711 1283 2963 1339 terrenis
2994 1283 3296 1350 tribuitur,
3330 1301 3468 1341 nam
3499 1290 3704 1342 nostra

2062 1384 2299 1441 quoque
2329 1370 2579 1428 minima
2599 1372 2658 1427 in
2680 1372 2928 1445 gloriam
2958 1373 3061 1429 Dei
3092 1374 3347 1441 cedunt;
3371 1380 3496 1431 tum
3527 1376 3707 1432 etiam

2060 1462 2128 1512 ut
2147 1458 2485 1515 hominibus
2508 1461 2887 1518 manifestum
2910 1462 3097 1527 ﬁeret,
3132 1480 3442 1536 quousque
3473 1464 3710 1521 evolare

2060 1564 2294 1603 caenum
2326 1555 2597 1605 nostrum
2628 1557 2825 1622 queat.
2874 1553 3074 1623 Neque
3107 1554 3269 1609 enim
3299 1554 3552 1610 arduum
3586 1559 3702 1610 Deo

284 1638 562 1712 πάναγνον
640 1634 893 1711 δαψιλῶς
947 1635 1329 1715 ἐμφορηθῆναι
1419 1640 1527 1689 τῶν
1623 1634 1800 1706 θείων,
1867 1636 1944 1708 μὴ

2063 1636 2467 1707 fuisset,etiam
2499 1640 2743 1696 absente
2776 1640 2881 1696 illa
2908 1659 3031 1714 pra)
3063 1642 3226 1698 omni
3256 1644 3513 1716 puritate
3537 1658 3709 1715 pura,

282 1731 569 1801 τυχοῦσαν
628 1729 737 1781 τῶν
794 1724 966 1780 κάτω.
1020 1725 1123 1780 Ἦν
1178 1722 1283 1799 γὰρ
1336 1722 1426 1779 καὶ
1481 1727 1645 1779 τοῦτο
1700 1727 1816 1795 Θεῷ
1846 1723 1944 1798 ‘55;-

2054 1723 2317 1782 humano
2347 1727 2549 1800 generi
2602 1745 2776 1801 opem
2832 1730 3156 1804 porrigere,
3198 1748 3268 1788 ac
3297 1732 3461 1789 nulla
3488 1733 3712 1805 pariter

284 1812 433 1887 διον,
494 1816 701 1879 ἄνωθεν
753 1811 1022 1889 μετρῆσαι
1080 1814 1149 1886 τῇ
1200 1810 1461 1889 Παρθένῳ
1508 1814 1610 1882 τήν
1655 1810 1867 1887 τέρψιν,
1900 1811 1945 1867 εἰ

2063 1814 2303 1887 cogebat
2331 1817 2676 1889 necessitas,
2703 1822 2770 1873 ut
2791 1835 2913 1874 non
2936 1819 3112 1874 aliter
3139 1821 3465 1893 purissima
3494 1820 3599 1876 illa
3630 1820 3716 1876 di-

283 1906 382 1961 καὶ
438 1905 518 1977 μὴ
576 1910 684 1980 γῆς
740 1901 914 1973 ἐκείνη
978 1921 1039 1979 γε
1098 1898 1323 1972 ἐδεήθη,
1362 1899 1430 1970 ἤν
1485 1903 1521 1968 ἦ
1578 1901 1708 1975 παρ’
1757 1900 1952 1971 εαυτῆς

286 1990 607 2066 λαμπηδὼν
664 1997 784 2054 τοῖς
861 1990 1055 2051 ἆῢλοις
1129 1996 1415 2059 συνῆπτεν.
1485 1988 1554 2048 Εἴ
1611 1987 1669 2045 δὶ
1721 1990 1814 2044 καὶ
1874 1990 1951 2063 μή

287 2082 573 2156 γνώριμος
605 2080 936 2154 ἀνθρώποις,
995 2078 1126 2134 οἲων
1190 2079 1258 2147 ἦν
1318 2078 1440 2150 ἀξία
1491 2080 1526 2148 ἡ
1581 2078 1840 2154 μακαρία,
1871 2076 1955 2133 ἐν-

287 2168 420 2226 θάδε
449 2172 767 2238 καθίστατο,
827 2166 953 2225 οὐδὲ
1007 2167 1156 2243 παρᾶ
1208 2171 1371 2223 τοῦτο
1427 2174 1530 2238 τῆς
1562 2166 1952 2241 προσηκούσης

284 2259 349 2314 ἂν
406 2258 752 2335 ἀπετύγχανε
804 2254 967 2328 δόξης
1023 2256 1075 2311 ἐν
1128 2255 1363 2332 οὐρανῷ.
1421 2254 1583 2314 ’Δλλ’
1628 2253 1724 2311 ’ίνα
1770 2256 1951 2311 τοίνυν

284 2347 369 2404 δτι
441 2348 572 2410 Θεὸς
630 2346 684 2402 ἐν
742 2346 1002 2421 ὑψηλοῖς,
1058 2346 1148 2401 καὶ
1196 2352 1313 2411 τοῖς
1368 2346 1585 2421 γηῒνοις
1652 2341 1953 2419 δοξάζεται,

287 2442 456 2494 τοῦτο
519 2436 743 2506 κάκείνη
809 2435 1032 2514 γενηται
1107 2434 1299 2508 ἐκείνῳ
1372 2434 1655 2493 καταπολὺ
1720 2434 1951 2505 ἐοικυῖα,

290 2529 381 2584 καὶ
431 2524 668 2601 μηδενὸς
720 2525 782 2581 ἂν
838 2527 1141 2602 ἀμοιροῦσα
1197 2525 1332 2600 πρὸς
1390 2522 1545 2596 δόξαν
1588 2523 1854 2601 τυγχάνῃ,
1889 2525 1952 2579 οὗ

292 2616 388 2674 ιιιῖ
416 2617 571 2683 Θεὸς,
630 2615 722 2670 καὶ
775 2615 928 2677 ὃπως
984 2612 1261 2692 ἄνθρωποι
1320 2616 1397 2688 μή
1455 2617 1733 2686 τοσοῦτον,
1764 2614 1954 2690 ’ὀπαρν

272 2706 509 2779 brain,
567 2705 704 2761 ὦσιν
758 2704 905 2781 ὕψος
964 2706 1322 2781 ἠγνοηκότες,
1373 2701 1463 2760 διὰ
1511 2708 1677 2760 ταῦτα
1722 2703 1815 2760 καὶ
1845 2711 1953 2780 γῆν

275 2797 553 2869 ἑπατηαιν
607 2799 647 2871 ἡ
710 2791 1089 2871 ὑπερὲνδοξος,
1147 2794 1237 2850 καὶ
1291 2798 1370 2867 τῷ
1434 2791 1484 2865 ἐξ
1535 2793 1707 2865 αὐτῆς
1737 2792 1952 2868 ἐλότρῳ

281 2908 348 2943 πε
355 2882 664 2961 ριεϐλήθη.

2059 1903 2211 1958 vinis
2263 1905 2612 1962 muneribus
2666 1907 2904 1979 copiose
2962 1909 3389 1978 cumularetur,
3450 1925 3630 1980 quam
3662 1910 3711 1965 si

2062 2008 2266 2047 eorum
2299 2011 2429 2064 quae
2479 1995 2552 2050 ad
2598 2000 2815 2051 terram
2867 1998 3170 2067 pertinent
3207 1998 3504 2070 particeps
3536 1999 3718 2053 exsti-

2064 2081 2249 2136 tisset.
2283 2084 2352 2137 Et
2381 2082 2492 2138 hoc
2522 2083 2682 2138 enim
2722 2086 2841 2139 Deo
2871 2085 3043 2141 facile
3076 2091 3224 2154 erat,
3259 2086 3500 2159 Virgini,
3533 2102 3715 2157 quam

2063 2186 2204 2225 suus
2223 2169 2503 2242 splendor
2521 2172 2643 2244 jam
2662 2171 2997 2229 caelestibus
3019 2174 3372 2243 associabat,
3390 2190 3712 2246 congruam

2063 2275 2093 2313 e
2125 2260 2398 2329 supernis
2443 2259 2884 2330 jucunditatem
2923 2261 3240 2334 impertiri,
3280 2263 3395 2318 nisi
3446 2268 3505 2317 et
3554 2268 3715 2318 terra

2060 2347 2190 2419 ipsa
2223 2347 2591 2421 indiguisset.
2624 2349 2746 2406 Etsi
2776 2367 2952 2422 porro
2983 2352 3419 2423 incompertum
3452 2352 3712 2407 homini-

2060 2435 2172 2493 bus
2201 2440 2650 2511 permansisset,
2674 2440 2892 2511 quibus
2914 2440 3037 2496 illic
3068 2441 3395 2497 honoribus
3417 2441 3590 2498 beata
3614 2440 3716 2498 illa

2060 2525 2237 2599 digna
2266 2526 2606 2595 haberetur,
2638 2546 2758 2585 non
2808 2529 3029 2586 idcirco
3080 2535 3279 2586 tamen
3312 2536 3713 2587 consentanea

2062 2616 2174 2672 sibi
2206 2617 2395 2689 gloria
2425 2619 2486 2673 in
2516 2619 2680 2675 crelis
2712 2618 2985 2675 fraudata
3012 2619 3242 2675 fuisset.
3273 2621 3483 2674 Verum
3517 2619 3714 2675 enim-

2060 2723 2197 2761 vero
2250 2710 2336 2773 ut,
2370 2707 2877 2778 quemadmodum
2921 2709 3077 2763 Deus
3126 2708 3187 2762 in
3240 2709 3513 2780 supernis
3553 2714 3613 2763 et
3652 2708 3714 2764 in

2061 2794 2442 2850 terrestribus
2485 2795 2873 2868 glorificatur,
2922 2795 2981 2850 id
3028 2796 3225 2867 ipsum
3257 2796 3477 2868 Virgini
3508 2801 3716 2868 utpote

2063 2884 2180 2939 Deo
2213 2883 2535 2940 simillimae
2565 2886 2954 2959 contingeret,
2988 2900 3133 2940 neve
3166 2900 3379 2957 expers
3410 2886 3537 2941 haec
3567 2885 3722 2941 foret

283 2979 548 3052 alicujus
591 2978 823 3051 gloria,
870 2994 987 3050 qua
1034 2979 1187 3033 Deus
1230 2978 1579 3046 honoratur,
1626 2981 1752 3032 tum
1804 2976 1981 3032 etiam
2030 2980 2098 3032 ut
2146 2975 2487 3032 hominibus
2533 2983 2652 3033 tam
2701 2970 3053 3050 praecelsum
3099 2976 3211 3032 hoc
3241 2992 3416 3033 suum
3444 2977 3707 3049 ipsorum

289 3069 474 3125 decus
523 3086 646 3124 non
695 3067 938 3142 penitus
983 3066 1212 3138 lateret,
1262 3074 1578 3141 propterea
1619 3066 2048 3139 gloriosissima
2084 3064 2191 3123 illa
2238 3066 2418 3122 etiam
2450 3072 2669 3123 terram
2701 3066 2855 3123 hanc
2883 3065 3147 3135 calcavit,
3183 3071 3242 3122 et
3272 3072 3508 3123 terreno
3535 3064 3712 3122 indu-

286 3164 495 3214 mento
541 3162 632 3214 est
658 3157 1120 3215 circumvestita.

356 3256 478 3315 ΚΖ.
538 3255 642 3311 Καὶ
703 3250 793 3309 διὰ
849 3258 1037 3325 τοῦτο,
1117 3252 1419 3331 Μεγαλεῖα,
1478 3254 1664 3331 φησὶν,
1721 3252 1946 3326 ἐποίησὲ

2131 3244 2353 3302 XXVII.
2389 3246 2457 3302 Et
2505 3245 2745 3317 idcirco,
2785 3248 2943 3316 fecit,
2976 3245 3193 3318 inquit,
3220 3244 3364 3301 mihi
3392 3261 3591 3316 magna
3621 3247 3720 3317 qui

288 3365 386 3418 μοι
445 3344 476 3399 δ
536 3340 780 3406 δυνατός.
844 3346 1033 3401 Ταῦτα
1084 3340 1143 3399 δὲ
1220 3343 1458 3419 ἐναργῶς
1507 3343 1648 3419 εἶχε,
1704 3344 1795 3399 καὶ
1854 3342 1953 3399 οὐκ

283 3431 459 3490 ὶδεῖτο
490 3434 791 3504 ποιηθῆναι
849 3433 913 3489 τὸ
967 3434 1218 3510 γεγονός⁶
1279 3432 1409 3493 ἀλλ’
1442 3431 1773 3511 ἔφανὲρωσε,
1804 3436 1949 3507 σαφῆ

282 3529 417 3580 πᾶσι
475 3523 796 3595 κατέστησε,
859 3519 1028 3593 δηλοῖ
1081 3523 1144 3579 τὸ
1199 3522 1441 3594 ἐποίησε.
1495 3522 1591 3577 Καὶ
1653 3519 1723 3577 δι’
1776 3521 1951 3577 αἶ’τίαν

286 3614 424 3675 ἴσως
481 3613 746 3685 τοιαῦτην
799 3613 827 3668 δ
885 3607 1158 3689 Γαϐριηλ,
1216 3611 1352 3668 κατὰ
1404 3612 1506 3683 την
1564 3617 1665 3682 τῆς
1723 3608 1949 3687 γλώτης

284 3699 590 3775 διακονίαν,
648 3705 838 3777 Χαῖρε,
895 3699 1164 3781 ἒνρώνησε,
1223 3702 1666 3780 κεχαριτωμένη,
1716 3699 1806 3755 καὶ
1863 3698 1949 3755 εὖ·

280 3791 603 3870 λογημένη,
655 3790 732 3847 ’ἶν’
788 3794 959 3865 ἡμᾶς,
1015 3812 1073 3848 τε
1131 3788 1318 3866 διδάξῃ
1374 3792 1514 3853 οἳαις
1572 3787 1656 3846 δεῖ
1711 3789 1948 3866 χρῆσθαι

284 3886 496 3960 curaui;
557 3880 695 3956 πρὸς
755 3880 943 3951 αὐτην,
1000 3879 1091 3936 καὶ
1149 3882 1289 3948 οἷον,
1351 3878 1485 3954 αὐτῇ
1534 3878 1597 3934 τὸ
1631 3877 1950 3957 μεγαλεῖον,

288 3971 638 4047 ἀνάγραπτον
706 3972 776 4044 τῇ
862 3966 1149 4046 ἐξαγγελίᾳ
1231 3968 1397 4043 ταύτῃ
1461 3966 1712 4044 προθείη.
1784 3964 1951 4025 Ἠδό-

290 4080 421 4114 νατο
452 4060 558 4136 γὰρ
611 4059 703 4114 καὶ
758 4063 880 4122 ταῖς
941 4056 1243 4135 ἆγλώττοις
1298 4056 1397 4113 τοῦ
1450 4060 1542 4112 νοῦ
1599 4055 1821 4119 λαλιαῖς
1851 4055 1950 4124 τὴν

289 4146 641 4225 λειτουργίαν
718 4147 1107 4221 οἷκονομήσειν
1184 4145 1412 4218 ἐκείνην,
1477 4144 1566 4201 καὶ
1639 4150 1719 4218 τῷ
1802 4143 1949 4219 αὒτῷ

291 4236 599 4313 χρωμένης
646 4233 862 4309 ὁργάνῳ
908 4239 1018 4290 τῶν
1060 4232 1330 4309 λαμπρῶν
1375 4240 1476 4303 τῆς
1521 4232 1794 4309 Παρθένου
1827 4231 1948 4288 δια-

287 4323 505 4379 κ’)ὗσειν
540 4322 831 4398 ῥημάτων.
892 4321 997 4380 Καὶ
1056 4321 1162 4397 ε’ῗγε
1223 4322 1301 4395 μή
1360 4320 1560 4395 τρόπος
1611 4323 1679 4391 ἦν
1740 4321 1945 4399 ἓτερος,

294 4413 454 4476 οὗτος
486 4412 569 4483 δὲ,
591 4411 706 4484 ⁴ἶνα,
738 4414 801 4469 τὸ
836 4413 1087 4468 ταπεινὸν
1148 4413 1175 4467 ὁ
1235 4411 1509 4482 Δεσπότης
1568 4407 1950 4485 ἀναϐαλλόμε-

289 4525 402 4575 νος,
436 4504 516 4576 μή
551 4500 761 4581 σφόδρα
792 4500 1023 4577 ὑψηλῶς
1067 4500 1158 4558 καὶ
1208 4502 1285 4576 μὴ
1319 4498 1690 4572 καταλλήλως
1722 4498 1949 4557 διασαλ-

2057 3345 2252 3410 potens
2281 3344 2358 3393 est
2382 3336 2449 3393 ⁸³.
2513 3339 2647 3393 Haec
2703 3355 2881 3410 porro
2937 3336 3238 3411 magnalia
3282 3337 3505 3408 absque
3537 3336 3717 3392 dubio

2060 3427 2164 3484 illa
2186 3429 2315 3501 jam
2351 3428 2714 3501 possidebat,
2747 3446 2857 3485 nec
2910 3445 3058 3501 opus
3090 3445 3233 3485 sane
3279 3432 3406 3483 erat
3442 3432 3509 3483 ut
3542 3427 3712 3483 fleret

2061 3519 2220 3589 quod
2250 3518 2473 3573 factum
2504 3518 2737 3587 fuerat;
2798 3524 2857 3574 at
2912 3518 3069 3574 vocis
3100 3517 3285 3586 illius,
3316 3518 3473 3587 fecit,
3508 3532 3719 3572 sensus

2061 3613 2169 3676 est,
2201 3611 2604 3679 manz'festavit,
2652 3613 2711 3664 et
2757 3609 3007 3664 omnibus
3050 3609 3347 3678 perspicua
3377 3608 3578 3677 effecit.
3612 3607 3715 3660 At-

2060 3714 2174 3770 que
2220 3698 2429 3755 eadem
2478 3698 2728 3754 fortasse
2778 3697 2849 3754 de
2905 3712 3084 3753 causa
3112 3696 3345 3751 Gabriel
3376 3695 3651 3751 minister
3679 3711 3713 3750 ο

2056 3787 2272 3861 linguaa
2304 3805 2446 3844 usus
2477 3787 2847 3857 exclamavit,
2876 3788 3014 3855 Ave,
3046 3786 3235 3855 gratia
3255 3785 3447 3857 plena,
3479 3790 3530 3840 et
3563 3786 3715 3839 bene-

2058 3878 2228 3945 dicta,
2261 3882 2326 3933 ut
2357 3876 2584 3933 scilicet
2614 3893 2723 3931 nos
2752 3875 2994 3931 doceret
3046 3874 3261 3946 quibus
3309 3888 3440 3929 eam
3471 3870 3715 3926 vocibus

2059 3965 2414 4037 compellare
2446 3970 2735 4039 Oporteat,
2769 3969 2952 4035 utque
2986 3978 3092 4018 suo
3124 3962 3264 4017 huic
3284 3960 3495 4017 nuntio
3528 3959 3711 4016 veluti

2057 4056 2410 4130 inscriptum
2468 4058 2847 4129 proponeret,
2908 4057 3128 4126 quanta
3204 4051 3427 4125 Virgini
3487 4051 3711 4107 inesset

2058 4146 2426 4203 excellentia.
2456 4148 2694 4202 Poterat
2722 4145 2881 4201 enim
2904 4142 3156 4217 spiritali
3188 4142 3315 4197 sine
3344 4139 3588 4196 vocibus
3621 4140 3707 4194 lo-

2058 4235 2294 4291 cutione
2343 4235 2742 4295 ministerium
2795 4232 2944 4290 illud
3003 4231 3186 4299 obire,
3222 4234 3279 4285 et
3308 4228 3572 4302 virginis,
3605 4227 3706 4283 in—

2058 4329 2388 4380 strumento
2431 4324 2589 4380 vocis
2645 4323 2887 4387 utentis,
2922 4321 3141 4377 eximia
3170 4318 3347 4375 verba
3376 4318 3707 4391 percipere.

2057 4415 2406 4485 Quanquam
2447 4429 2567 4468 non
2624 4412 2775 4467 alius
2833 4410 3133 4483 quispiam
3192 4407 3296 4464 sed
3341 4407 3439 4463 hic
3497 4406 3713 4463 modus

2058 4501 2322 4573 decebat,
2357 4519 2433 4558 ne
2464 4501 2773 4567 Dominus,
2823 4500 2964 4556 dum
3015 4503 3281 4554 nostram
3312 4497 3716 4552 humilitatem

288 4592 424 4667 πίτῃ
494 4596 577 4665 τῷ
644 4592 956 4667 πράγματι,
1030 4592 1118 4647 καὶ
1196 4589 1405 4662 ἄλλως,
1483 4588 1567 4646 δτι
1633 4589 1725 4644 καὶ
1798 4591 1947 4663 ἡμᾶς

2063 4590 2366 4660 induebat,
2417 4591 2648 4647 ratione
2695 4590 2875 4646 nimis
2920 4588 3183 4654 sublimi,
3218 4593 3276 4643 et
3306 4604 3477 4644 secus
3525 4604 3592 4643 ac
3622 4602 3718 4642 res

292 4678 404 4737 ἔδει
467 4681 722 4755 μυεῖσθαι
776 4681 845 4736 τὰ
897 4681 991 4736 τὸν
1049 4682 1390 4760 ὑπερήφανον
1446 4679 1780 4752 πλήττοντα,
1822 4678 1950 4755 ὑπὲρ

2063 4698 2165 4753 per
2214 4698 2277 4737 se
2326 4682 2606 4755 exigeret,
2658 4681 2879 4737 factum
2932 4679 3113 4735 veluti
3165 4680 3307 4737 tuba
3357 4677 3717 4734 annuntiare

289 4771 365 4826 ῶν
402 4772 437 4843 ἡ
474 4770 765 4845 οἰκονομία
793 4770 886 4826 καὶ
916 4771 1165 4843 τοιαύτη.

362 5042 503 5099 KH'.
566 5044 724 5096 [lin
772 5035 835 5095 ἂν
884 5038 973 5095 καὶ
1030 5041 1066 5109 ἡ
1128 5036 1389 5115 ἂγγελική
1453 5034 1841 5110 διακόσμησις,
1874 5036 1958 5092 οἶ-

2059 4769 2360 4827 videretur
2383 4787 2397 4838 ;
2426 4771 2755 4842 praesertim
2783 4785 2916 4825 vero
2940 4768 3097 4840 quod
3119 4774 3178 4825 et
3207 4785 3337 4833 nos,
3360 4784 3468 4839 pro
3499 4764 3716 4837 quibus

2062 4861 2174 4916 hoc
2207 4861 2555 4933 mysterium
2584 4858 2996 4933 peragebatur,
3020 4856 3220 4913 doceri
3252 4854 3563 4928 oportebat
3591 4851 3720 4923 qui-

2062 4949 2317 5004 busnam
2351 4949 2534 5004 armis
2564 4948 2905 5004 vulneretur
2934 4946 3243 5018 superbus.

2134 5041 2380 5095 XXVIII.
2416 5041 2631 5096 Omnes
2663 5040 2884 5112 itaque,
2920 5045 2987 5095 ut
3030 5036 3308 5104 arbitror,
3341 5030 3589 5104 angelici
3622 5044 3723 5084 or—

298 5151 418 5203 μαι,
452 5128 685 5204 οὖρανός
713 5149 773 5184 τε
803 5128 894 5183 καὶ
931 5126 1111 5199 ἣλιος,
1167 5127 1262 5182 καὶ
1315 5131 1388 5203 γῆ
1446 5125 1534 5182 καῖ
1572 5124 1834 5196 θάλασσα,
1868 5126 1950 5181 καῖ

2063 5129 2254 5200 dines,
2288 5129 2622 5201 caelumque
2654 5135 2712 5185 et
2744 5130 2854 5188 sol.
2889 5133 2948 5184 et
2978 5133 3156 5195 terra,
3190 5131 3249 5180 et
3278 5124 3531 5185 mare,et
3562 5133 3724 5190 quaa-

296 5223 446 5274 πᾶσα
483 5219 611 5277 τότε
666 5220 704 5289 ἡ
752 5218 948 5285 κτίσις,
1008 5212 1202 5272 ἕκαστα
1261 5216 1396 5291 μετᾶ
1430 5215 1685 5292 γλώττης
1714 5214 1950 5272 ἀναπλα-

2070 5220 2155 5275 vis
2206 5220 2323 5276 alia
2374 5225 2664 5287 creatura,
2717 5218 2884 5289 quasi
2930 5214 3177 5287 singulm
3226 5226 3432 5267 rursus
3465 5206 3726 5264 conditas

295 5310 509 5381 σθεντα,
558 5308 625 5364 τὸ
676 5308 851 5383 Χαῖρε
899 5305 966 5382 τῇ
1022 5304 1278 5382 Παρθένῳ
1328 5301 1656 5378 συνεξεεόων
1721 5310 1803 5379 τῷ
1857 5312 1961 5362 Γα-

293 5393 615 5474 ϐριὴ).’καί
672 5398 917 5473 καθάπερ
975 5395 1063 5452 ἰπὶ
1120 5400 1321 5475 χοροῦ,
1380 5397 1441 5453 τὸ
1503 5394 1813 5472 μελῴδημα
1845 5393 1963 5452 δια-

294 5483 571 5565 δεχόμενοι
624 5491 727 5546 τοῦ
779 5484 1194 5565 πρωτοστάτου,
1250 5485 1320 5543 τὰ
1375 5484 1512 5542 αὖτὰ
1572 5485 1631 5541 ἂν
1689 5483 1964 5551 πολλάκις

292 5660 307 5672 ’
371 5660 421 5701 ⁸³
447 5662 586 5720 Luc.
619 5678 663 5735 ι,
696 5661 791 5723 49.

2070 5310 2276 5382 lingua
2322 5326 2427 5365 sua
2471 5310 2799 5376 instructa),
2848 5322 2971 5361 una
3008 5318 3219 5360 omnes
3266 5316 3401 5356 cum
3431 5296 3725 5367 Gabriele,

2073 5401 2207 5467 Ave,
2256 5397 2480 5470 Virgini
2537 5394 2983 5463 acclamabant;
3032 5409 3099 5448 ac
3129 5390 3308 5447 veluti
3340 5389 3520 5447 choro
3544 5387 3727 5458 facto,

2075 5486 2395 5545 melodiam
2427 5503 2457 5543 e
2489 5486 2744 5561 chorago
2789 5482 3172 5558 excipientes,
3205 5481 3364 5540 idem
3418 5480 3636 5556 smpius
3664 5477 3730 5533 in
