4030 6212
409 272 518 339 111

1552 268 1839 332 ISIDORI
1885 258 2679 328 THESSALONICENSIS

3691 269 3794 332 112

411 423 618 482 gyrum
666 406 1013 479 repetebant
1059 411 1118 461 et
1163 404 1343 460 simul
1389 420 1525 460 cum
1569 404 1732 460 chori
1786 398 2033 474 principi

2163 393 2256 449 καὶ
2321 391 2626 448 ἀνείλιττον
2701 391 2793 447 καὶ
2867 390 3162 466 ἀνύμνουν,
3227 395 3316 452 καὶ
3395 399 3795 478 συνεφθέγγοντο

405 496 774 553 accinebant.
835 497 1018 552 Tanta
1073 493 1294 550 scilicet
1351 493 1685 566 purissimae
1730 492 1893 548 illius
1921 505 2046 546 ma-

406 586 745 659 gniﬁcentia
773 590 916 648 erat,
950 591 1010 639 et
1037 583 1148 638 lioc
1178 589 1348 655 pacto
1379 601 1414 640 a
1443 583 1729 640 creaturis
1755 579 2046 637 universis

407 676 700 747 Virginem
733 671 973 728 salutari
1005 671 1332 742 oportebat.
1368 671 1534 736 Quod
1581 671 1630 726 si
1677 687 1796 726 non
1822 669 2044 740 lingua,

401 769 642 834 propter
671 777 799 816 eam
833 776 1009 830 quam
1037 759 1300 816 diximus
1321 762 1634 824 rationem,
1659 763 1720 814 at
1739 763 1896 813 certe
1926 756 2044 811 fac-

400 853 476 906 tis
506 851 784 924 gaudium
833 868 1008 907 suum
1055 856 1268 908 cuncta
1313 851 1862 915 manifestaverunt,
1907 861 2043 902 eum

397 942 472 996 ad
501 941 962 1012 splendidiorem
995 940 1396 996 conditionem
1429 954 1558 994 sese
1597 942 1871 1009 provecta
1900 951 2042 1007 per-

396 1038 747 1098 senserunt;
779 1037 956 1102 atque
988 1032 1071 1088 ita
1097 1035 1504 1086 creaturarum
1537 1027 1896 1084 universitas
1925 1024 2045 1080 cla-

392 1121 518 1176 rius
547 1120 728 1176 etiam
759 1137 937 1191 quam
961 1136 1067 1192 per
1087 1119 1305 1192 lingua:
1337 1117 1732 1174 ministerium
1765 1113 2045 1170 laudatis-

395 1209 560 1264 sima:
591 1209 752 1264 illius
773 1209 1071 1280 magnalia
1091 1207 1429 1264 celebravit.
1461 1205 1627 1272 Quod
1657 1203 1816 1260 enim
1847 1217 2040 1272 neque

393 1303 677 1354 creaturaa
716 1314 966 1369 quaeque
1014 1302 1348 1364 terrestres,
1397 1309 1591 1366 neque
1641 1293 1794 1358 alim,
1827 1291 1874 1348 si
1909 1307 2040 1362 qum

395 1386 709 1442 exstabant
749 1392 1056 1455 creaturae,
1104 1391 1398 1457 poterant,
1455 1389 1574 1440 tam
1605 1398 1788 1455 pr0pe
1816 1380 2041 1436 scilicet

394 1475 469 1531 ad
499 1477 684 1530 Deum
715 1475 1018 1542 accedere,
1047 1481 1112 1531 ut
1142 1476 1268 1530 haec
1299 1475 1539 1547 quidem
1571 1479 1759 1530 semet
1793 1474 1910 1528 Deo
1942 1488 2039 1527 se-

393 1562 529 1618 dem
561 1568 942 1635 supponeret,
973 1563 1077 1619 illa
1105 1579 1240 1618 vero
1271 1568 1542 1631 stratum,
1577 1567 1634 1616 et
1663 1561 1781 1616 alia
1815 1559 2036 1626 cibum,

391 1651 510 1707 alia
537 1658 764 1724 potum,
796 1657 856 1707 et
883 1651 1066 1708 alium
1114 1651 1230 1708 alia
1275 1668 1450 1708 usum
1488 1649 1800 1722 praeberet,
1835 1653 1894 1704 et
1921 1646 2038 1703 alia

389 1737 654 1812 linguam
677 1739 892 1794 divinis
912 1739 1172 1795 motibus
1195 1745 1574 1794 resouantem
1599 1735 2036 1802 audiret,homo
2067 1755 2114 1820 Β

391 1844 528 1882 vero
578 1833 636 1882 et
677 1843 980 1883 sermones
1033 1833 1092 1882 et
1137 1843 1514 1882 communem
1563 1825 1695 1880 vita)
1743 1825 2036 1880 rationem

389 1933 524 1972 cum
559 1917 674 1971 Deo
705 1916 970 1984 haberet,
1003 1921 1063 1972 et
1105 1917 1189 1972 sic
1227 1917 1428 1972 omnia
1457 1931 1607 1970 nova
1637 1915 1747 1970 hac
1778 1913 2038 1969 sanctiﬁ-

389 2005 619 2060 catione
643 2005 1134 2073 nobilitarentur;
1157 2007 1284 2061 haec
1305 2005 1506 2061 omnia
1527 2004 1802 2060 facillime
1827 2001 2036 2057 et-abs-

391 2111 507 2165 que
553 2094 675 2149 ullo
726 2095 929 2151 labore
971 2112 1080 2167 per
1123 2096 1502 2167 purissimam
1557 2094 1723 2149 illam
1755 2091 2040 2162 consequi

389 2189 731 2254 potuerunt.
764 2187 1112 2256 Quanquam
1163 2186 1320 2240 enim
1371 2201 1564 2254 neque
1611 2183 1727 2238 alio
1757 2181 2040 2238 translata

394 2273 638 2339 fuerint,
677 2289 870 2343 neque
901 2290 936 2328 a
981 2279 1265 2328 consueto
1297 2290 1500 2330 earum
1533 2277 1688 2328 statu
1718 2271 2037 2338 distracta},

2160 489 2240 557 τῷ
2269 484 2560 562 χοράρχῳ.
2586 485 2866 570 Τοσοῦτον
2923 484 3026 559 γὰρ
3081 483 3144 540 τὸ
3195 492 3296 557 τῆς
3340 489 3606 566 πανάγνου
3642 511 3792 570 μεγα-

2164 574 2348 644 λεῖον,.
2395 578 2492 630 καῖ
2527 569 2672 630 οὕτω
2721 579 2868 630 πᾶσα
2922 575 2958 644 ἡ
3016 573 3188 636 κτίσις
3243 584 3559 652 προσειπεῖν
3609 577 3796 658 ὤφειλε

2159 664 2229 740 τῇ
2285 665 2560 740 Παρθένῳ.
2622 661 2778 722 Ἀλλ’
2839 661 2884 718 εί
2942 665 3020 738 μὴ
3078 661 3326 742 γλώττῃ,
3387 664 3460 722 δι’
3505 669 3562 724 ὅν
3597 668 3796 742 εἴρηται

2159 751 2343 829 λόγον,
2401 755 2684 828 πράγμασι
2745 749 2803 808 δὲ
2857 749 3140 824 ἐδήλωσαν
3197 756 3298 824 τὴν
3355 759 3554 833 χαρὰν,
3612 757 3680 815 δι’
3730 759 3797 816 ὧν

2158 838 2388 917 ᾔσθοντο
2433 843 2569 918 πρὸς
2626 842 2688 897 τὸ
2747 839 3102 920 φαιδρότερον
3163 843 3366 900 ἑαυτῶν
3409 846 3795 920 μεταποιηθένο

2156 949 2286 986 των’
2355 931 2446 988 καὶ
2514 930 2688 994 οὕτως
2751 933 2787 1000 ἡ
2857 927 3195 1009 δημιουργία
3257 941 3401 990 πᾶσα
3436 936 3504 992 τὰ
3543 937 3796 1015 μεγαλεῖα

2155 1027 2258 1090 τῆς
2319 1021 2674 1094 πανυμνήτου
2739 1017 3000 1098 γλώσσης
3082 1023 3404 1100 τρανότερον
3472 1022 3794 1102 διεκήρυξεν.

2154 1111 2224 1168 Ὅ
2255 1110 2361 1187 γὰρ
2413 1110 2514 1165 οὐκ
2568 1109 2628 1166 ἃν
2691 1110 2814 1184 εἶχε
2865 1113 2972 1166 τῶν
3032 1107 3121 1165 ἐπὶ
3165 1117 3267 1186 γῆς
3321 1108 3795 1186 ἓκαστον,ούδ⁹ἃν

2155 1197 2208 1253 εἷ’
2243 1220 2296 1254 τι
2324 1197 2416 1253 καὶ
2445 1197 2710 1274 ἐγεγόνει,
2765 1194 2926 1274 ἐγγὺς
2983 1196 3130 1254 οὕτω
3181 1203 3317 1256 Θεοῦ
3363 1202 3631 1276 γενέσθαι,
3665 1205 3795 1262 ὥστε

2153 1285 2186 1341 ὅ
2217 1307 2314 1361 μεν
2369 1287 2529 1342 ἑαυτὸ
2585 1283 2848 1362 καθέδραν
2908 1287 3185 1342 ὑποθεῖναι
3243 1291 3381 1362 Θεῷ,
3413 1287 3444 1345 6'
3473 1287 3529 1346 δὲ
3585 1291 3794 1365 κλίνην,

2151 1376 2244 1430 καὶ
2295 1375 2506 1454 τροφὴν
2565 1373 2734 1446 ἄλλο,
2793 1374 2950 1431 ποσὶν
3012 1373 3072 1432 δὲ
3125 1372 3307 1454 ἕτερον
3362 1375 3541 1452 ἀλλην
3569 1401 3629 1437 τε
3657 1379 3792 1440 ἀλλο

2152 1471 2353 1540 χρῆσιν
2383 1465 2474 1520 καὶ
2535 1463 2678 1521 ἄλλο
2727 1464 2984 1540 γλώττης
3033 1465 3246 1522 ἀκούειν
3279 1468 3460 1538 ϐεῖκήν
3494 1466 3790 1546 διηχούσης

2152 1551 2438 1629 ἒνέργειαν,
2509 1551 2797 1628 ἄνθρωπος
2871 1549 2929 1609 δὲ
3012 1553 3102 1609 καὶ
3183 1553 3362 1631 λόγων
3424 1557 3515 1612 καὶ
3585 1555 3791 1632 διαίτης

2149 1647 2476 1710 κοινωνῆσαι
2569 1648 2707 1717 Θεῷ,
2804 1644 2896 1700 καὶ
2969 1644 3117 1702 οὕτω
3216 1647 3390 1704 πάντα
3484 1647 3566 1723 τῷ
3661 1651 3790 1726 ξένῳ

2149 1731 2568 1808 λαμπρυνοῆσαι
2609 1735 2887 1810 ἁγιασμῷ,
2923 1733 3122 1791 τούτου
3190 1735 3357 1812 ῥᾷστα
3409 1737 3502 1794 καὶ
3569 1739 3786 1796 ὁτουοῦν

2146 1819 2278 1902 δίχα
2315 1821 2485 1878 πόνου
2547 1829 2736 1898 τυχεῖν
2801 1821 2890 1879 διά
2952 1830 3052 1894 τῆς
3119 1827 3391 1901 πανάγνου
3453 1824 3788 1900 δεδύνηνται.

2144 1914 2297 1982 Μήτε
2345 1912 2450 1988 γὰρ
2515 1910 2745 1986 ἑτέρωσε
2777 1914 3176 1986 μεταστάντων,
3249 1917 3389 1989 μήτε
3437 1920 3545 1972 τῶν
3599 1917 3789 1975 εἰωθόο

2146 2021 2253 2056 των
2306 1999 2756 2076 διαζευχθέντων,
2821 2002 2951 2075 μήθ’
3007 2002 3174 2078 ὲτέρῳ
3231 2004 3604 2080 συντυχόντων
3636 2006 3792 2080 ἀήθει

2143 2088 2300 2164 τόπῳ
2347 2088 2382 2159 ἢ
2434 2089 2646 2165 τρόπῳ,
2703 2087 2852 2146 ἀλλά
2905 2091 3122 2148 πάντων
3183 2091 3264 2172 ἐφ’
3321 2093 3652 2152 ἃπασικατά
3676 2096 3794 2173 χώ-

2147 2197 2244 2253 ραν
2305 2178 2594 2252 μενόντωνο
2655 2179 2770 2252 μετ’
2825 2177 3000 2235 αὐτῶν
3061 2181 3096 2250 ἡ
3149 2181 3542 2256 πολυύμνητος
3609 2185 3791 2244 καινόν

2143 2287 2267 2322 τινα
2293 2265 2496 2343 τρόπον
2527 2267 2796 2338 ἒνωοῆναι
2823 2268 2914 2324 τὸν
2940 2267 3178 2341 Κτίστην
3209 2270 3496 2344 πεποίηκε.

399 2385 596 2440 neque
629 2375 730 2425 aut
757 2369 951 2426 locum
982 2370 1170 2426 alium
1217 2376 1320 2426 aut
1365 2371 1542 2426 aliam
1596 2386 1658 2424 se
1707 2366 1964 2424 habendi
2011 2366 2304 2422 rationem
2336 2367 2557 2422 sortitm
2589 2367 2731 2437 sint,
2756 2367 2858 2424 sed
2889 2384 3097 2425 omnes
3121 2369 3182 2424 in
3211 2387 3319 2427 sua
3347 2371 3486 2428 sede
3515 2391 3800 2446 perman-

394 2457 616 2524 serint;
649 2458 754 2514 illa
785 2464 983 2514 tamen
1013 2460 1174 2515 omni
1204 2460 1376 2516 laude
1408 2459 1757 2532 dignissima
1785 2458 1957 2529 Virgo
1991 2472 2140 2512 novo
2167 2455 2424 2528 quodam
2454 2456 2632 2513 modo
2663 2457 2880 2529 ell‘ecit,
2911 2463 2978 2514 ut
3005 2459 3246 2516 Creator
3274 2477 3408 2516 cum
3435 2461 3509 2518 iis
3538 2465 3796 2535 conjun-

389 2551 648 2618 geretur.

456 2637 648 2690 ΧΧῘΛ.
683 2637 815 2692 Haec
847 2654 1023 2710 porro
1053 2643 1186 2694 sunt
1219 2639 1524 2694 hodierna:
1551 2637 1946 2694 solemnitatis
1977 2639 2036 2691 et

382 2724 608 2780 donum
639 2731 698 2781 et
739 2726 988 2783 fruetus.
1031 2727 1328 2783 Hodierna
1370 2729 1498 2783 haec
1543 2725 1822 2782 salutatio
1852 2742 2033 2781 novo-

305 2819 312 2828 '
379 2830 514 2870 rum
574 2814 998 2871 miraculorum
1057 2816 1323 2872 effectrix
1380 2815 1626 2872 exstitit.
1660 2815 1764 2871 Hic
1807 2814 2034 2871 faustus

381 2904 670 2962 Gabrielis
701 2905 948 2962 nuntius
1004 2906 1259 2963 alterum
1316 2907 1512 2978 priore
1570 2905 2033 2978 splendidiorem

381 2992 568 3048 solem
601 2994 780 3049 rebus
811 2995 1090 3050 omnibus
1142 2995 1282 3050 fecit
1310 2994 1678 3050 illucescere.
1714 2995 1845 3049 Haec
1876 3009 2034 3049 com-

381 3081 644 3153 pellatio,
692 3087 1035 3138 terrestrem
1083 3082 1425 3138 discindens
1473 3082 1821 3150 tuniculam,
1855 3081 2032 3137 indu-

2213 2635 2333 2690 KO'.
2364 2637 2542 2690 Ταῦτα
2595 2631 2653 2690 δὲ
2709 2641 2812 2706 τῆς
2868 2636 3148 2708 παρούσης
3207 2635 3382 2713 δῶρον
3429 2639 3520 2695 καὶ
3551 2640 3799 2717 γέννημα

2139 2722 2516 2800 πανηγύρεως.
2571 2726 2633 2782 Ὀ
2684 2729 2776 2780 νῦν
2836 2725 3124 2798 ἀσπασμὸς
3169 2731 3278 2783 τῶν
3331 2734 3532 2785 καινῶν
3596 2731 3794 2807 γέγονε

2140 2813 2430 2886 θαυμάτων
2466 2809 2830 2888 δημιουργός.
2892 2814 2972 2871 Τὸ
3028 2817 3127 2870 τοῦ
3182 2810 3432 2890 Γαϐριὴλ
3474 2817 3795 2896 εὐαγγέλιον

2137 2899 2298 2970 ἣλιον
2364 2897 2556 2972 ἄλλον,
2621 2901 2713 2958 τὸν
2798 2903 3066 2978 προτερου
3152 2901 3558 2982 λαμπρότερον,
3625 2914 3790 2966 πᾶσιν

2139 2988 2450 3064 ἐπιλάμψαι
2479 2989 2800 3061 πεποίηκεν.
2860 2992 3015 3062 Αὕτη
3075 2994 3110 3062 ἡ
3163 2993 3502 3068 προσλαλιᾶ,
3531 2997 3622 3052 τὸν
3653 3001 3796 3073 χοῖ-

2135 3079 2230 3134 κὸν
2333 3075 2664 3154 διαβρήξασα
2737 3080 3087 3158 χιτωνίσκον,
3161 3085 3478 3160 θεουργικὸν
3579 3082 3796 3162 ἔνδυμα

383 3175 586 3227 mento
616 3170 900 3227 divinitus
930 3170 1230 3227 elaborato
1262 3171 1526 3226 homines
1555 3169 2029 3226 circumvestivit.

2145 3163 2464 3246 περιέϐαλλε
2493 3168 2622 3233 τοὺς
2685 3169 3030 3246 ἀνθρώπους.
3102 3174 3278 3231 Τοῦτο
3351 3175 3413 3231 τὸ
3484 3175 3792 3253 πρόσρημα

381 3261 516 3314 Haac
547 3261 828 3316 allocutio
861 3266 952 3316 est
978 3267 1242 3316 veterum
1280 3261 1662 3332 mnigmatum
1692 3259 2028 3330 explicatio.

381 3354 440 3402 et
502 3365 788 3406 novarum
847 3349 1092 3406 novellae
1154 3349 1344 3405 (etatis
1409 3349 1730 3421 gratiarum
1802 3348 2032 3403 exsistit

379 3437 682 3509 splendor.
717 3440 851 3494 Hinc
879 3439 970 3495 vel
1009 3444 1145 3495 ante
1175 3438 1522 3494 (Bconomize
1553 3438 1800 3499 exitum.
1831 3437 2029 3493 Salva-

375 3528 520 3583 toris
552 3527 782 3584 scilicet
803 3529 1320 3595 resurrectionem,
1340 3527 1692 3584 venerandis
1723 3525 1838 3582 illis
1863 3526 2025 3595 viris,

375 3617 476 3686 qui
541 3617 700 3690 apud
759 3618 981 3674 inferos
1038 3617 1346 3685 sedebant,
1397 3616 1790 3690 jucunditalis
1846 3632 2026 3673 causa

375 3707 603 3763 exstitit
651 3715 710 3765 et
758 3708 998 3764 laetitiae.
1032 3709 1195 3763 Sicut
1241 3708 1400 3765 enim
1444 3708 1506 3762 in
1539 3713 1697 3763 terra
1747 3705 2024 3780 degentes

372 3795 526 3852 hanc
543 3814 686 3854 sane
703 3797 969 3853 omnium
981 3798 1478 3870 jucundissimam
1504 3797 2022 3852 annuntiationem

370 3887 832 3956 przecinuerant,
867 3887 952 3943 sic
981 3886 1140 3942 haud
1186 3886 1362 3959 plane
1394 3887 1605 3958 potuit,
1637 3892 1702 3942 ut
1725 3891 1889 3958 puto,
1921 3901 2021 3940 eos

371 3973 460 4030 vel
503 3975 566 4030 in
613 3975 821 4031 inferis
866 3975 1283 4031 suavissimum
1331 3975 1443 4030 hoc
1487 3976 1763 4031 nunlium
1807 3975 2018 4044 latere,

369 4065 513 4120 Cum
547 4081 680 4120 vero
729 4069 1094 4138 agnoverunt
1151 4064 1222 4119 de
1281 4081 1430 4120 nova
1481 4063 1582 4119 illa
1634 4065 2014 4135 allocutione,

369 4159 546 4226 atque
575 4170 727 4223 eam,
756 4170 890 4209 cum
924 4152 1158 4209 Gabriel
1204 4169 1376 4208 voces
1409 4152 1539 4208 illas
1569 4152 1836 4223 protulit,
1867 4169 2014 4224 quo-

367 4242 684 4299 dammodo
719 4243 1055 4309 audierunt,
1089 4259 1196 4316 par
1242 4259 1386 4298 sane
1418 4248 1564 4308 erat,
1597 4249 1664 4296 ut
1691 4242 2016 4315 gauderent

2136 3259 2244 3314 τῶν
2284 3259 2413 3334 πρὶν
2481 3259 2576 3333 μὶν
2641 3261 2896 3336 κήρυγμα
2960 3261 3320 3338 αἰνιγμάτωνο
3375 3263 3508 3321 νέων
3573 3264 3632 3322 δὲ
3687 3271 3788 3324 νῦν

2136 3346 2378 3423 χαρίτων
2433 3346 2736 3426 ἀγλάϊσμα.
2808 3352 2986 3408 Τοῦτο
3038 3350 3129 3406 καὶ
3183 3353 3290 3427 πρὸ
3353 3357 3450 3409 τοῦ
3502 3357 3795 3434 συμπερά-

2135 3457 2368 3510 σματος,
2420 3437 2569 3514 λέγω
2615 3437 2672 3494 δὲ
2717 3440 2818 3510 τήν
2864 3444 2962 3496 τοῦ
3015 3447 3277 3516 Σωτῆρος
3327 3441 3632 3513 ἀνάστασιν,
3661 3436 3791 3512 τοῖς

2132 3526 2281 3582 κάτω
2346 3531 2566 3601 σεμνοῖς
2619 3524 2871 3602 ἀνδράσιν
2926 3527 3096 3600 ἡδονὴ
3161 3531 3252 3586 καὶ
3309 3531 3496 3609 χαρίεν
3546 3532 3792 3608 κίνημα.

2131 3613 2219 3678 Ὠς
2249 3614 2354 3692 γὰρ
2413 3614 2501 3672 ἐπὶ
2555 3623 2660 3692 γῆς
2717 3617 2802 3671 οἷα
2862 3620 3139 3696 προφῆται
3191 3623 3354 3676 τοῦτο
3413 3617 3480 3690 δὴ
3535 3621 3599 3677 τὸ
3641 3623 3794 3678 πάν-

2128 3725 2236 3760 των
2305 3705 2658 3781 χαριέστατον
2749 3703 3059 3783 διάγγελμα
3159 3709 3560 3785 προηγόρευον,
3631 3708 3794 3768 οὕτω

2131 3789 2198 3864 δὴ
2266 3793 2354 3849 καὶ
2409 3796 2464 3849 ἓν
2526 3791 2628 3870 ’ᾄδῃ
2683 3794 2922 3870 ἀγνοεῖν,
2982 3798 3162 3870 οἶμαι,
3219 3798 3320 3852 οὐκ
3357 3800 3512 3874 εἶχον
3550 3799 3614 3854 τὸ
3651 3820 3792 3876 τερ-

2127 3882 2392 3938 πνότατον
2447 3881 2785 3959 εὐαγγέλιον.
2848 3879 3078 3949 Είδέτας
3143 3881 3222 3956 δὲ,
3279 3885 3372 3940 καὶ
3425 3892 3524 3956 τῆς
3579 3894 3789 3958 καινῆς

2127 3969 2309 4047 ὥσπερ
2367 3971 2670 4043 ἀκηκοότας
2727 3973 3104 4049 προσρήσεως,
3146 3973 3236 4029 ὅτε
3266 3973 3295 4029 ὁ
3325 3969 3571 4047 Γαϐριὴλ
3624 3973 3788 4053 ἐφώ-

2125 4082 2226 4132 νει,
2285 4061 2496 4138 χαίρειν
2554 4061 2695 4124 εἶκὸς
2751 4059 2840 4116 καὶ
2895 4066 3134 4138 σκιρτᾷν,
3191 4061 3275 4118 ὅτι
3331 4064 3430 4132 τὴν
3463 4061 3782 4140 ἐλευθερίαν

2123 4149 2351 4226 ἤγγικεν
2415 4149 2922 4224 ἐνοπτριζόμένους.
2991 4153 3169 4209 Τοῦτο
3234 4151 3298 4209 τὸ
3375 4156 3617 4226 μήνυμα,
3687 4153 3792 4212 ἳνα

2127 4241 2202 4312 μή
2269 4237 2456 4296 πολλά
2522 4235 2692 4316 λέγω,
2760 4238 2988 4318 φαιδρὰν
3058 4239 3421 4318 ἀπειργάσατο
3460 4245 3630 4298 πᾶσαν
3669 4243 3784 4312 τήν

366 4335 425 4382 et
453 4331 837 4397 exsultarent,
873 4333 1088 4404 quippe
1113 4332 1213 4404 qui
1236 4332 1566 4403 proximam
1598 4333 2016 4405 conspicerent
2119 4328 2314 4386 κτίσιν.

359 4416 718 4475 libertatem.
752 4420 870 4474 Hoc
898 4421 1174 4476 nuntium
1199 4421 1473 4491 denique,
1497 4438 1572 4478 ne
1593 4423 1766 4494 plura
1796 4422 2008 4492 dicam,

359 4506 649 4561 creaturis
681 4507 958 4564 omnibus
977 4508 1339 4564 hilaritatem
1369 4509 1722 4566 conciliavit.

427 4593 588 4650 XXX.
621 4593 685 4650 Id
717 4561 872 4651 vero
901 4561 1822 4668 perspicueite—statur—jet—limc
1853 4601 2011 4656 inter

2186 4599 2264 4657 A'.
2301 4595 2726 4674 Παρυπογράφει
2783 4591 2841 4654 δὲ
2891 4597 2954 4654 τὸ
3021 4597 3183 4679 σαφὲς
3243 4595 3333 4654 καὶ
3390 4597 3426 4670 ἢ
3483 4595 3776 4674 καλλίστη

357 4683 498 4739 anni
531 4688 912 4754 tempestates
933 4684 1354 4756 pulcherrima,
1379 4703 1510 4756 quae
1535 4686 1711 4742 rebus
1733 4688 2008 4744 omnibus

2149 4691 2224 4743 ὧν
2290 4689 2448 4762 ὡρῶν
2512 4684 2634 4759 ἣδε.
2703 4684 2772 4743 δι’
2811 4686 2886 4742 ὧν
2950 4691 3081 4744 πᾶσι
3141 4688 3431 4763 βελτίστην
3477 4683 3778 4764 μεταϐολὴ

356 4772 910 4844 ρτωειειηιίδεὶωαω
935 4779 1122 4828 status
1148 4775 1543 4830 mutationem
1577 4780 1635 4830 et
1663 4775 1842 4830 veluti
1873 4777 2004 4832 vitas

2145 4776 2202 4832 αὶ
2258 4771 2550 4832 ἀναϐίωσιν
2609 4778 2776 4834 οἱονεὶ
2835 4777 3144 4853 χαρίζεται,
3199 4776 3382 4855 ὥσπερ
3435 4775 3779 4852 οἱδουμένη⁹

357 4861 924 4935 redintegrationem
946 4861 1209 4918 beneﬁce
1241 4863 1540 4936 elargitur,
1566 4863 2002 4935 quodammodo

2145 4865 2162 4920 ’ἰ
2187 4886 2248 4942 γε
2297 4868 2372 4939 μή
2434 4864 2708 4942 λαμπρὸν,
2772 4865 2840 4922 δι’
2883 4869 2957 4922 ὧν
2999 4862 3116 4944 ἔχει
3173 4867 3398 4941 φαίνειν,
3427 4869 3490 4924 τὸ
3517 4873 3617 4938 τῆς
3651 4888 3782 4944 χα-

355 4967 571 5026 nempe
602 4951 985 5019 erubescens,
1021 4953 1068 5008 si
1101 4952 1316 5024 quibus
1345 4959 1540 5025 potest
1567 4953 1824 5019 indiciis,
1851 4953 2001 5010 illud

2145 4959 2206 5017 ἇς
2273 4953 2446 5011 ἐκεῖνο
2517 4957 2741 5030 μήνυμα
2803 4953 3064 5032 ἐπιδείξῃ·
3122 4959 3211 5012 καὶ
3265 4957 3342 5020 ὡς
3408 4957 3602 5026 εἰπεῖν,
3667 4958 3782 5016 ἳνα

351 5043 548 5112 gaudii
578 5043 857 5098 nuntium
882 5041 1186 5114 splendide
1208 5041 1628 5098 celebrandum
1662 5061 1782 5099 non
1814 5050 2003 5100 osten-

2145 5045 2188 5115 ,ἡ
2232 5063 2316 5106 τις
2363 5041 2760 5118 ἀγνωμοσύνης
2811 5045 2976 5116 αὐτήν
3027 5045 3316 5122 γράψαιτο,
3360 5049 3431 5120 τῇ
3470 5045 3600 5120 παρ’
3629 5045 3785 5102 ἑαυ-

353 5128 489 5188 dat:
519 5149 588 5188 ac
617 5148 692 5187 ne
723 5131 858 5205 quis
905 5147 1057 5200 eam,
1106 5136 1172 5186 ut
1226 5132 1309 5186 ita
1355 5131 1570 5203 dicam,
1603 5133 1999 5204 improbitatis

2145 5143 2208 5206 ἧς
2252 5133 2502 5211 καλλονῇ
2562 5131 2778 5191 σπεύδει
2832 5140 3042 5212 τρανῶς
3097 5133 3438 5214 διαγγέλλειν
3485 5135 3562 5201 ὦς
3599 5136 3782 5200 οὗτός

347 5215 598 5290 incuset,
631 5221 986 5280 annuntiare
1033 5221 1343 5294 perspicue
1393 5239 1500 5278 sua
1541 5228 1844 5280 venustate
1875 5229 2000 5280 siu-

2145 5245 2248 5282 πιν
2315 5224 2344 5280 ὁ
2407 5223 2619 5300 καιρὸς,
2692 5225 2814 5290 καθ’
2887 5223 2946 5281 ὅν
3002 5228 3038 5296 ἡ
3117 5227 3461 5306 παγκόσμιος
3535 5225 3786 5298 lutatu-

344 5303 463 5375 det,
495 5325 654 5364 nunc
683 5311 832 5367 illud
877 5311 1073 5368 redire
1125 5315 1379 5386 tempus,
1410 5329 1525 5384 quo
1557 5313 1844 5371 creaturis
1875 5331 1999 5372 om-
2103 5315 2268 5392 χαρά.

339 5393 515 5449 nibus
545 5398 824 5464 gaudium
855 5401 1098 5460 aﬂulsit.

335 5481 404 5538 Et
436 5498 578 5574 sane
610 5499 771 5542 nunc
809 5489 1053 5557 nubem,
1097 5489 1272 5548 veluti
1328 5494 1614 5567 gramiam
1647 5497 1990 5566 quamdam,

2172 5498 2280 5553 Νῦν
2336 5495 2437 5572 γὰρ
2502 5491 2668 5565 ἥλιος
2730 5495 2831 5565 τῆς
2897 5494 3109 5560 ὂκτῖνος
3174 5494 3408 5574 ὡσπερεὶ
3467 5495 3782 5572 λήμηνδτό

333 5587 366 5631 e
398 5570 583 5631 radiis
615 5574 738 5633 suis
768 5577 857 5633 sol
889 5577 1138 5650 abradit,
1167 5578 1750 5657 splendidioremque
1773 5585 1994 5644 emittit

2145 5570 2359 5665 @638ch
2386 5583 2620 5657 ἀποξὲει,
2677 5585 2770 5640 καὶ
2823 5581 3204 5667 διαυγεστέραν
3232 5570 3426 5665 ἀφίησι
3464 5570 3566 5659 τὴν
3600 5584 3786 5667 λαμς
