4090 6208
291 403 415 466 113

1120 398 1386 462 SERMO
1428 401 1510 463 IN
1554 399 2302 465 ANNUNTIATIONEM
2347 405 2420 465 B.
2467 404 2540 466 V.
2586 407 2894 469 MARL‘E.

3605 411 3724 470 1H

295 533 529 608 πηδόνα,
587 533 681 589 καί
741 533 877 608 ὑπὲρ
933 539 1037 610 γῆν
1096 531 1323 609 ἃρχεται
1380 538 1570 589 πλεῖον
1634 553 1935 609 προσγειτο·

2066 534 2379 608 fulgorem,
2412 555 2480 596 ac
2512 542 2753 613 propius
2774 546 2996 597 terram
3021 557 3255 599 cursum
3282 559 3455 600 suum
3508 544 3718 617 incipit

298 631 436 693 νεῖν,
475 623 642 680 ἅπασι
705 621 949 696 μονονοὺ
1011 626 1342 701 προσφωνῶν
1400 624 1499 693 τήν
1546 627 1645 678 τοῦ
1689 621 1812 678 νὲου
1866 623 1957 678 καὶ

303 712 546 792 μεγάλου
592 709 753 768 τοῦδε
819 712 1001 789 φωτὸς
1050 710 1383 790 ἐπιφάνειαν,
1430 711 1521 766 καὶ
1568 711 1642 773 ὡς
1698 709 1819 787 ἃρτι
1865 710 1955 766 καὶ

296 803 459 865 αὐτὸς
486 805 586 872 τήν
641 800 981 857 ἀνακαίνισιν
1032 798 1274 875 δέχεται,
1319 799 1414 856 καὶ
1465 800 1570 856 ὑπὸ
1625 804 1771 856 νῶτα
1824 799 1955 873 κρύ·

301 913 452 949 πτειν
480 898 583 961 τῆς
611 898 721 967 γῆς
754 888 968 967 βραχέα
1018 888 1301 965 βούλεται,
1332 890 1433 959 τὴν
1465 889 1676 946 ἀκτῖνα.

354 1067 470 1123 Νῦν
540 1066 799 1141 οὐρανός,
868 1065 985 1119 οἷον
1048 1062 1271 1135 ἱμάτιον
1346 1062 1532 1119 ἑαυτὸν
1592 1056 1950 1138 περιϐάλλων

284 1155 501 1223 καινὸν,
564 1155 1000 1229 σκυθρωπότητα
1075 1153 1173 1227 μὶν
1258 1149 1590 1228 περιδύεται,
1674 1149 1950 1229 διαύγειαν

289 1241 347 1300 δὲ
376 1244 769 1322 ἀμφιὲννυται,
795 1243 890 1299 καὶ
931 1243 1127 1299 ὡσανεί
1164 1263 1284 1299 τινα
1335 1244 1544 1317 κόσμον
1593 1249 1693 1312 τῆς
1745 1240 1949 1304 οἰκείας

288 1332 523 1403 ἦσθητος
574 1334 706 1396 τοὺς
764 1332 992 1409 ἀστέρας
1056 1328 1385 1408 προϐάλλει,
1450 1330 1709 1387 ποικίλου
1754 1350 1814 1386 τε
1857 1330 1947 1384 καὶ

196 1422 199 1423 ν
288 1421 585 1496 διαλαμπῆ
648 1421 834 1478 εἰκόνα
886 1423 1109 1498 προθεὶς
1166 1420 1374 1490 ἑαυτὸν,
1431 1422 1520 1484 οἷς
1572 1418 1781 1476 ἔπιπλα
1819 1440 1944 1475 ποι-

285 1510 510 1569 κίλλειν
573 1510 958 1569 ἰσπούδασται·
1016 1512 1108 1567 καὶ
1163 1508 1252 1567 νῦν
1301 1509 1518 1585 μᾶλλον
1550 1511 1585 1581 ἤ
1627 1509 1753 1585 πρὶν
1808 1513 1947 1565 Θεοῦ

284 1601 597 1680 διηγᾶσθαι
630 1601 786 1674 δόξαν
812 1604 1029 1682 γράφει.

352 1699 464 1749 Νῦν
508 1700 583 1769 γῆ
657 1693 891 1769 βοτάνας
958 1693 1172 1765 ἀνίησιν
1230 1692 1308 1756 εἷς
1381 1690 1592 1758 κάλλος
1648 1694 1794 1764 ξένον
1852 1696 1943 1750 καὶ

278 1784 403 1840 οἷον
468 1782 773 1857 ἀμίμητον,
833 1786 915 1856 τῷ
969 1779 1255 1839 πολυειδεῖ
1304 1786 1416 1839 τῶν
1471 1786 1656 1858 χροῶν
1735 1783 1944 1862 ἰξυφαί-

2066 624 2402 696 instit‘uere,
2436 632 2711 685 omnibus
2741 632 3173 703 propemodum
3222 632 3374 688 elata
3420 649 3558 689 voce
3603 651 3715 691 an-

2066 715 2350 772 nuntians
2380 719 2513 773 novi
2540 720 2716 791 hujus
2746 738 2813 775 ac
2844 720 3040 790 magni
3099 721 3345 777 luminis
3392 728 3612 789 ortum,
3653 731 3712 780 et

2066 807 2361 875 quomodo
2394 808 2521 879 ipse
2553 825 2789 880 quoque
2819 826 2979 865 nunc
3008 810 3342 879 innovetur,
3375 829 3485 869 nec
3508 814 3707 871 radios

2065 909 2204 950 suos
2237 896 2345 951 sub
2377 903 2547 952 terra;
2581 898 2823 954 dorsum
2852 898 3221 971 longioribus
3251 900 3415 956 horis
3444 902 3706 973 patiatur

2064 983 2370 1042 abscondi.

2132 1075 2300 1131 Nunc
2321 1077 2537 1134 caelum
2558 1078 2714 1134 velut
2740 1095 2891 1135 novo
2923 1095 2984 1134 se
3008 1078 3356 1135 indumento
3397 1082 3706 1147 amiciens,

2062 1163 2338 1219 tetricam
2370 1164 2616 1237 deponit
2641 1166 2878 1231 faciem,
2912 1165 3392 1238 hilaritatemque
3431 1168 3704 1237 assumit,

2063 1256 2122 1306 et
2151 1253 2468 1323 quemdam
2498 1255 2672 1311 veluti
2705 1272 2826 1310 suae
2848 1256 3024 1310 vestis
3045 1261 3319 1311 ornatum
3349 1256 3548 1312 stellas
3570 1274 3706 1328 pro-

2059 1340 2197 1407 fert,
2230 1359 2358 1399 sese
2398 1345 2678 1401 varietate
2708 1351 3021 1400 venustum
3052 1361 3120 1401 ac
3141 1346 3396 1401 nitidum
3419 1347 3706 1402 exhibens

2057 1430 2119 1486 in
2138 1433 2441 1504 exemplar
2464 1433 2538 1488 iis
2561 1434 2661 1505 qui
2684 1433 3044 1505 supelloctili
3067 1435 3433 1507 variegandae
3456 1435 3700 1508 operani

2055 1525 2276 1576 navant
2303 1539 2317 1590 ;
2351 1527 2588 1578 etnunc
2611 1525 2796 1594 magis
2814 1539 2992 1595 quam
3023 1528 3202 1580 antea
3230 1541 3294 1580 se
3326 1525 3425 1580 Dei
3448 1524 3698 1597 gloriam

2055 1624 2333 1667 enarrare
2365 1616 2634 1669 testatur.

2123 1701 2287 1756 Nunc
2299 1701 2476 1758 tellus
2496 1702 2840 1775 graminain
2863 1703 3074 1759 miram
3096 1719 3164 1760 ac
3185 1703 3333 1760 nulli
3355 1705 3699 1762 imitandam

2049 1788 2554 1859 pulchritudinem
2581 1791 2822 1863 profert,
2857 1792 3170 1865 multiplici
3200 1794 3483 1850 varietate
3528 1811 3697 1851 suam

282 1893 476 1941 νουσα,
530 1872 623 1927 καὶ
676 1876 796 1934 τοῖς
856 1876 1161 1947 ζωγραφεῖν
1216 1870 1560 1947 αἱρουμένοις
1617 1871 1935 1970 ἀνθουργικὲ

2054 1882 2373 1935 contexens
2432 1882 2829 1951 superﬁciem,
2883 1886 3059 1952 atque
3107 1883 3245 1952 illis,
3296 1884 3398 1954 qui
3458 1886 3699 1956 cupiant

288 1961 561 2038 βάμματα
589 1964 931 2037 χορηγοῦσα,
968 1958 1017 2015 δ’
1064 1961 1138 2015 ὧν
1183 1964 1301 2023 τοῖς
1347 1965 1720 2039 ζωγραφικοῖς
1774 1957 1935 2017 ἔνεστι

2054 1966 2313 2038 pingere,
2347 1985 2416 2023 ex
2448 1969 2594 2040 ipsis
2639 1970 2884 2025 tioribus
2934 1970 3164 2026 colores
3211 1973 3538 2043 porrigens,
3590 1991 3699 2045 per

274 2050 574 2124 πλάσμασι
607 2050 1006 2123 διαμιλλᾶσθαι
1038 2051 1175 2126 πρὸς
1214 2054 1312 2123 τὴν
1356 2050 1640 2123 ἀλήθειαν.
1693 2056 1831 2107 [lict
1882 2070 1941 2107 τε

276 2146 473 2219 φυτοῖς
537 2135 840 2195 ἀναϐιῶναι
898 2139 1344 2215 παρακελεύεται,
1400 2140 1492 2196 καὶ
1560 2142 1624 2197 τὸ
1683 2140 1936 2217 λαμπρὸν

274 2229 523 2304 ἐξυμνεῖν
592 2236 694 2300 τῆς
764 2230 1146 2305 πανηγύρεως.
1224 2228 1412 2303 Χαίρει
1494 2227 1553 2287 δὲ
1616 2236 1735 2293 τοῖς
1808 2232 1937 2305 παρ’

273 2321 478 2389 ἑαυτῆς
534 2320 715 2375 ἄνθεσι
770 2318 1161 2392 στολιζομένη,
1221 2320 1306 2374 καὶ
1365 2321 1559 2390 ἑαυτήν
1643 2322 1932 2396 στρωμνὴν

270 2409 605 2480 ῦποτίθησιν
635 2408 876 2479 ἐπιεικῆ,
907 2408 945 2478 ἢ
976 2410 1101 2485 πρὶν
1135 2409 1412 2484 ἀνήμερος
1435 2408 1526 2479 ἦν.

338 2591 453 2648 Νῦν
486 2586 758 2662 θάλασσα,
792 2589 885 2645 οἶα
936 2589 1042 2664 πρὸ
1096 2592 1296 2664 μικροῦ
1351 2588 1619 2664 πολεμία,
1661 2594 1781 2654 τοῖς
1830 2590 1931 2646 κύ-

272 2700 406 2755 μασι
434 2681 541 2749 τὴν
574 2679 795 2753 γείτονα
853 2678 1131 2755 τύπτουσα
1183 2685 1310 2754 γῆν,
1367 2676 1612 2735 ἀπειλεῖν
1663 2678 1733 2734 τὰ
1782 2676 1931 2734 δεινά

269 2769 625 2842 παυσαμένη,
679 2766 921 2842 γελῶσα,
978 2768 1074 2829 τὰς
1132 2764 1435 2843 διαλλαγὰς
1490 2765 1764 2840 ἐπιζητεῖ,
1850 2770 1927 2833 ὡς

274 2862 397 2934 ἄρτι
448 2866 615 2915 πᾶσιν
669 2856 943 2934 ἐπέδραμε
1005 2862 1375 2934 μαρτυροῦσα,
1441 2861 1478 2930 ἡ
1535 2860 1708 2916 πάντα
1798 2864 1926 2915 νοῦν

276 2946 628 3026 ῦπερέχουσα
660 2947 871 3022 εἰρήνη.
917 2948 1026 3005 Νῦν
1050 2947 1158 3023 ἀὴρ
1188 2946 1352 3017 ἤπιον
1400 2944 1591 3026 διηχεὶ
1648 2949 1747 3017 τὴν
1802 2948 1929 3027 ἀφι-

275 3040 606 3110 λάνθρωπον
680 3040 877 3108 πνοὴν,
952 3038 1043 3095 καὶ
1149 3037 1552 3115 μεγαλόκροτον
1654 3038 1931 3113 ἐκτιναξά-

279 3151 442 3204 μενος
503 3132 767 3206 βρδντήν,
814 3130 907 3185 καὶ
954 3129 1122 3185 οἱονεὶ
1168 3133 1439 3195 τιθασσῶς
1485 3128 1771 3203 ἐπιπνέων,
1818 3136 1925 3187 τῶν

274 3220 537 3275 οἷκίσκων
593 3220 796 3281 πάντας
848 3218 940 3274 καὶ
995 3216 1345 3275 καταδύσειαν
1400 3217 1731 3294 ἐκκαλεῖται,
1791 3219 1927 3301 ιιίλα

272 3315 569 3387 προσπνεῖν
601 3307 968 3385 ὐπισχνούμεν
976 3329 1056 3373 ος.

342 3477 460 3531 Νῦν
533 3469 885 3549 τετραπόδων
963 3472 1058 3546 μὲν
1133 3472 1324 3550 ἀγέλαι
1399 3481 1639 3550 σκιρτᾷν,
1712 3477 1803 3533 καὶ
1852 3480 1925 3551 τῇ

282 3564 453 3637 μητρὶ
652 3563 1028 3636 προσπαίζειν,
1122 3562 1213 3617 καὶ
1277 3560 1540 3626 πωλικῶς
1603 3563 1922 3623 ἕνάλλεσθαι

279 3650 679 3709 διανίστανται.
737 3655 986 3708 Νεοττῶν
1046 3647 1104 3706 δὲ
1156 3651 1284 3730 γένη
1343 3653 1407 3707 τὸ
1471 3654 1666 3725 πτερὸν
1726 3654 1926 3712 ἄπονον

277 3740 519 3820 ἱφαπλοῖ
564 3743 705 3817 πρὸς
756 3740 908 3816 ἀέρα·
965 3743 1057 3797 καὶ
1118 3747 1394 3815 μουσικῶς
1441 3746 1734 3820 κιθαρίζειν
1784 3747 1925 3803 ἑτοι-

283 3837 512 3907 μάζεται
538 3834 608 3888 τὰ
648 3830 1056 3909 ποικιλόφωνα,
1109 3831 1322 3907 χαίρειν
1374 3832 1435 3888 ἐκ
1476 3834 1675 3890 τούτου
1720 3837 1925 3892 πάντα·

280 3919 736 3993 διασημαίνοντα.
796 3921 1045 3994 Καθάπερ
1102 3919 1193 3975 καὶ
1239 3918 1537 3996 ἂνθρωποι,
1589 3920 1656 3978 δι’
1706 3925 1778 3979 ὧν
1833 3931 1925 3980 νῦν

285 4013 379 4084 μὲν
431 4014 536 4067 τοῦ
586 4010 842 4081 σώματος
897 4009 1262 4082 ἀποτιθέμεοα
1323 4014 1432 4066 τῶν
1496 4008 1932 4086 ἐνδυμάτωνιτὰ

277 4099 482 4170 πλείω,
543 4097 619 4155 δι’
671 4100 748 4154 ὧν
809 4095 867 4154 δὲ
920 4097 1078 4155 πλεῖν
1124 4099 1216 4154 καὶ
1258 4105 1578 4177 στρατηγεῖν
1620 4102 1927 4177 ἀρχόμεθα,

276 4189 541 4263 καὶπρὸς
571 4184 891 4262 ἀποδημίας
930 4188 1121 4258 ΐεσθαι,
1165 4188 1254 4244 καὶ
1312 4185 1460 4251 ὅλως
1510 4195 1672 4265 χεῖρα
1720 4197 1930 4255 καινοῖς

277 4273 600 4335 ἐπιϐάλλειν
632 4271 837 4352 ἔργοιςο
873 4275 959 4332 ὅτι
1004 4281 1098 4331 νῦν
1144 4278 1210 4333 τὸ
1271 4275 1410 4352 βαρὺ
1465 4284 1566 4346 τῆς
1619 4283 1932 4353 παλαιότη-

276 4386 397 4433 τος,
444 4363 872 4442 διατγὲλλομεν,
933 4362 1222 4437 ἀπεξέσθη,
1276 4366 1366 4421 καὶ
1423 4367 1724 4432 ἀνάπλασις
1775 4367 1931 4446 διηρο

277 4455 457 4527 τίσθη,
494 4455 589 4512 καὶ
622 4455 770 4530 χαρᾶ
801 4453 1054 4529 ἐξεχύθη,
1089 4451 1161 4509 δι’
1208 4453 1274 4524 ἢν
1324 4451 1499 4521 ἄλλος
1541 4455 1725 4530 ἄλλῳ,
1767 4460 1933 4514 καθάο

277 4565 379 4617 περ
454 4544 630 4619 κήρυξ
702 4541 907 4607 τόπους
978 4539 1154 4614 διιὼν,
1230 4542 1445 4618 χαίρειν
1490 4576 1491 4579 η
1541 4541 1934 4620 διακελεύεται,

2049 2070 2197 2124 quos
2228 2055 2529 2112 elaborata
2558 2058 2853 2129 pictorum
2902 2075 3087 2131 opera
3133 2075 3269 2115 cum
3318 2060 3449 2132 ipsa
3493 2077 3693 2116 rerum

2046 2145 2289 2201 veritate
2320 2151 2544 2202 certare
2576 2152 2815 2218 queant.
2843 2149 2990 2204 Tum
3020 2154 3085 2204 ut
3107 2149 3349 2206 arbores
3376 2166 3584 2205 omnes
3605 2168 3697 2205 re-

2046 2234 2347 2304 viviscant,
2376 2252 2442 2291 ac
2475 2237 2866 2293 solemnitatis
2916 2238 3221 2295 hodierna:
3272 2239 3695 2296 concelebrent

2044 2323 2428 2395 splendorem
2457 2325 2653 2381 edicit.
2690 2327 2976 2382 Laetitiam
3007 2343 3141 2384 vero
3187 2328 3406 2399 prodit,
3440 2329 3564 2385 suis
3595 2345 3689 2384 se-

2042 2413 2355 2484 metipsam
2376 2414 2622 2470 ﬂoribus
2641 2430 2955 2485 exornans,
2982 2433 3233 2489 quasque
3256 2419 3500 2474 horrore
3522 2434 3692 2490 squa-

2042 2502 2223 2571 lebat,
2257 2520 2389 2560 sese
2419 2520 2581 2561 nunc
2609 2509 2859 2562 stratum
2889 2523 3216 2580 congruum
3248 2509 3551 2581 supponit.

2109 2594 2275 2650 Nunc
2304 2611 2489 2662 mare,
2523 2595 2683 2666 quod
2714 2596 2991 2652 ﬂuctibus
3039 2598 3413 2669 adjacentem
3462 2602 3683 2654 terram

2039 2682 2229 2739 instar
2266 2684 2452 2739 hostis
2481 2683 2657 2756 paulo
2715 2690 2850 2741 ante
2902 2684 3173 2755 feriebat,
3221 2686 3419 2759 gravia
3466 2687 3683 2743 minari

2039 2789 2301 2842 cessans,
2333 2788 2400 2829 ac
2442 2773 2665 2840 ridens,
2717 2774 3265 2830 reconciliationem
3319 2776 3551 2845 quaerit,
3600 2777 3687 2832 sic

2039 2862 2379 2918 testimonio
2413 2879 2519 2917 suo
2542 2862 3049 2934 conﬁrmans,jam
3072 2880 3276 2935 pacem
3301 2864 3466 2919 illam
3488 2866 3685 2920 omni-

2036 2950 2150 3007 bus
2194 2951 2526 3018 advenisse,
2586 2965 2716 3022 quae
2770 2968 2981 3007 omnem
3035 2968 3247 3008 sensum
3294 2962 3586 3024 exsuperat
3613 2953 3682 3011 9‘.

2038 3046 2207 3096 Nunc
2236 3055 2358 3106 aer,
2391 3040 2783 3096 inclementes
2836 3045 3041 3097 ventos
3100 3058 3168 3097 ac
3215 3047 3684 3114 perstrepentem

2040 3131 2325 3186 tonitrum
2359 3129 2661 3202 ablegans,
2689 3130 2906 3185 leniter
2934 3135 3221 3195 susurrat,
3262 3147 3329 3187 ac
3377 3138 3685 3189 mansuete

2040 3219 2310 3292 aspirans
2359 3234 2567 3275 omnes
2626 3218 3063 3289 quodammodo
3112 3224 3383 3275 evocate
3438 3220 3688 3277 domun-

2037 3308 2188 3365 culis
2213 3313 2393 3380 atque
2435 3324 2466 3363 e
2514 3307 2784 3377 latebris,
2827 3307 3094 3380 jucunde
3143 3325 3272 3365 sese
3326 3311 3683 3381 promittens

2033 3397 2453 3470 aspiraturum.

2102 3489 2269 3542 Nunc
2282 3484 2728 3558 quadrupedum
2745 3502 2949 3559 greges
2962 3493 3339 3560 assurgentes
3351 3489 3670 3555 exsultant,

2034 3580 2094 3633 et
2121 3576 2296 3631 matri
2328 3581 2501 3630 terrm
2532 3574 2802 3631 alludunt
2831 3592 2897 3631 ac
2931 3575 3227 3647 pullorum
3275 3595 3440 3633 more
3488 3579 3675 3650 tripu-

2034 3665 2217 3721 diant.
2256 3664 2575 3720 Volucrum
2603 3681 2741 3720 vero
2770 3681 2982 3720 recens
3026 3672 3335 3723 enatarum
3384 3671 3673 3738 quotquot

2035 3760 2175 3810 sunt
2193 3769 2429 3826 genera,
2450 3753 2572 3808 alas
2598 3771 2704 3825 per
2725 3769 2859 3809 aera
2883 3753 3011 3808 sine
3046 3753 3247 3810 labore
3288 3755 3672 3827 expendunt;

2038 3848 2097 3897 et
2124 3858 2253 3912 quae
2282 3841 2567 3896 suavitate
2592 3841 2735 3895 varii
2758 3846 2967 3895 cantus
2998 3842 3319 3907 excellunt,
3337 3844 3587 3913 jamjam
3612 3859 3676 3899 se

2038 3935 2268 4004 parant,
2302 3936 2368 3984 ut
2396 3929 2663 3984 musicos
2695 3934 3017 3983 concentus
3042 3929 3220 3984 veluti
3265 3930 3339 3985 ad
3386 3931 3677 3987 citharam

2041 4018 2441 4085 modulantur,
2457 4033 2750 4089 suumque
2774 4033 2878 4089 per
2894 4018 3020 4072 haec
3039 4017 3318 4090 gaudium
3342 4035 3458 4075 una
3474 4036 3680 4077 omnes

2043 4108 2399 4179 signiﬁcent.
2430 4108 2547 4162 Nec
2576 4106 2854 4162 dissimili
2886 4107 3117 4162 ratione
3156 4124 3265 4163 nos
3307 4125 3543 4181 quoque
3575 4111 3684 4165 ho-

2042 4197 2233 4253 mines
2266 4213 2374 4268 per
2404 4196 2559 4252 hanc
2607 4198 2749 4251 anni
2799 4201 3211 4268 tempestatem
3260 4197 3398 4253 hinc
3441 4198 3684 4269 quidem

2043 4286 2216 4358 plura
2241 4286 2344 4340 illa
2373 4287 2639 4356 corporis
2670 4284 3019 4340 indumenta
3047 4284 3383 4356 abjicimus,
3418 4286 3555 4343 inde
3575 4303 3685 4343 au-

2044 4380 2166 4429 tem
2199 4380 2258 4429 et
2282 4374 2557 4445 navigare
2589 4378 2648 4428 et
2677 4373 2835 4428 bella
2864 4374 3187 4445 suscipere,
3209 4375 3398 4431 etiter
3425 4376 3686 4448 aggredi,
3766 4372 3770 4375 ’

2046 4470 2103 4518 et
2134 4462 2457 4517 universim
2487 4462 2651 4516 novis
2683 4461 2963 4533 Operibus
2994 4479 3238 4519 manum
3263 4464 3574 4522 admorere
3596 4466 3690 4521 in-

2044 4552 2341 4624 cipimus;
2378 4550 2862 4623 quandoquidem
2897 4568 3055 4607 nunc
3085 4555 3391 4610 vetustatis
3434 4557 3689 4628 pondus,

276 4635 371 4691 καὶ
400 4642 504 4705 τῆς
534 4632 780 4696 ἒνώσεως
807 4630 996 4689 δίδωσι
1043 4633 1134 4689 καὶ
1192 4629 1578 4708 ἀντιλαμϐανει
1629 4638 1697 4693 τὰ
1748 4655 1935 4694 συναΛ-

2054 4643 2136 4699 uti
2169 4642 2622 4712 annuntiamus,
2654 4641 2953 4698 sublatum
2985 4648 3095 4708 est,
3127 4649 3187 4699 et
3214 4648 3515 4703 renovatio
3564 4664 3695 4719 per-

278 4723 390 4799 λάγ
398 4740 566 4798 ματα.

2041 4733 2217 4800 fecta,
2251 4738 2310 4788 et
2338 4733 2621 4789 diffusum
2654 4738 2745 4787 est
2763 4733 3064 4805 gaudium,
3085 4741 3328 4806 propter
3348 4737 3506 4808 quod
3535 4737 3688 4794 alius

275 4816 490 4882 alium,
521 4813 701 4871 veluti
744 4830 939 4886 prazco
997 4813 1188 4870 varias
1232 4831 1555 4888 peragrans
1608 4819 1895 4892 regiones,
1944 4822 2199 4894 gaudere
2241 4820 2433 4894 jubet,
2483 4821 2839 4893 fmderisque
2894 4827 3072 4893 atque
3120 4824 3397 4879 amicitias
3448 4825 3695 4897 pignora

278 4907 384 4963 dat
412 4913 477 4964 et
501 4906 764 4963 vicissim
787 4904 1024 4978 accipit.

345 4992 529 5053 Ἀλλά
569 4990 739 5049 ταῦτα
799 4993 919 5065 μὲν,
969 4990 1066 5048 ’ἱνα
1117 4994 1218 5062 τήν
1280 4994 1664 5060 ἐκκενωθεῖσαν
1715 4995 1928 5069 ἐκείνην

277 5081 452 5156 δείξῃ,
483 5084 577 5139 καὶ
620 5083 690 5139 τὰ
743 5082 948 5159 πέρατα
1007 5079 1374 5139 διαλαϐοῦσαν
1442 5091 1618 5161 χαρᾶς
1677 5086 1931 5155 εὐωδίαν,

268 5178 466 5230 τοῦτον
508 5167 629 5248 ἔχει
685 5172 780 5227 τὸν
837 5173 1064 5248 τρόπον·
1123 5171 1213 5226 καὶ
1270 5170 1528 5230 οὐδέποτ’
1587 5172 1649 5231 ἅν
1711 5176 1937 5250 μηνύειν

272 5263 343 5320 τὰ
395 5270 497 5333 τῆς
555 5262 790 5338 χάριτος
850 5256 1106 5335 σύμϐολα
1158 5264 1569 5335 κατοκνήσαιενν
1628 5263 1733 5329 ἕως
1788 5265 1848 5323 ἄν
1899 5270 1935 5339 ἡ

269 5355 568 5425 καινοτάτη
625 5353 718 5411 καί
779 5354 968 5429 γήρως
1013 5353 1276 5428 κρείττων
1344 5351 1646 5419 ἀνάπλασις
1720 5354 1937 5430 ἐκδὲξη-

266 5464 359 5500 ται
412 5441 733 5515 τελευταία,
789 5442 858 5512 ἧς
920 5443 950 5512 ἣ
1006 5443 1185 5522 τρυφὴ
1244 5447 1341 5499 τοῦ
1404 5445 1712 5522 μυστηρίου
1782 5445 1941 5503 τοῦδε

275 5532 511 5610 καρπός.

348 5715 397 5752 ⁹⁴
419 5713 685 5789 Philipp.
717 5727 792 5780 iv,
822 5713 877 5769 Ἷ.

2112 5004 2181 5057 Et
2211 5003 2337 5058 haec
2367 5002 2607 5074 quidem
2640 5004 2723 5058 ita
2753 5021 2814 5057 se
2847 5005 3089 5073 habent,
3126 5009 3191 5059 ut
3219 5005 3417 5075 palam
3449 5004 3691 5070 faciant,

2045 5109 2283 5148 suavem
2315 5092 2477 5147 illam
2509 5091 2706 5163 gaudii
2724 5092 3105 5166 fragrantiam
3128 5091 3520 5163 eil'usamjam
3544 5107 3692 5177 esse,

2048 5187 2107 5237 et
2157 5182 2231 5238 ad
2277 5187 2447 5237 terras
2498 5198 2686 5252 usque
2731 5182 2882 5238 fines
2938 5199 3067 5238 sese
3123 5182 3535 5253 protendisse;
3584 5199 3695 5238 nec

2048 5288 2311 5343 unquam
2336 5272 2450 5327 ista
2466 5272 2698 5328 collatm
2720 5273 2922 5344 gratim
2945 5270 3216 5343 symbola
3236 5287 3271 5325 a
3297 5270 3584 5327 monendi
3616 5273 3699 5329 of-

2052 5362 2185 5415 ﬁcio
2212 5360 2598 5431 pigritabunt,
2632 5376 2943 5430 quousque
2973 5359 3295 5415 novissima
3326 5359 3422 5415 illa
3445 5366 3503 5416 et
3533 5378 3700 5418 sene-

2053 5450 2231 5504 ctutis
2262 5449 2463 5504 nescia
2493 5449 2861 5520 regeneratio
2894 5449 3135 5504 domum
3169 5448 3493 5523 advenerit,
3527 5454 3698 5525 cujus

2053 5537 2253 5594 fruitio
2286 5542 2377 5595 est
2403 5538 2653 5610 hujusce
2687 5539 2954 5611 mysterii
2984 5539 3231 5597 fructus.
