4090 6208
355 391 471 452 115

1499 379 1790 442 ISIDORI
1835 376 2618 440 THESSALONICENSIS

3658 376 3778 437 116

421 521 619 578 XXXI.
653 521 768 576 Nos
793 523 1014 584 autem,
1047 534 1078 572 e
1109 515 1324 588 quibus
1365 521 1495 572 orta
1543 522 1631 571 est
1680 514 1852 587 Virgo
1900 512 2001 568 illa

2189 512 2318 568 AA‘.
2351 512 2543 585 Ἡμεῖς
2575 509 2654 581 δὲ,
2710 510 2759 581 ἐξ
2802 510 2875 566 ὦν
2927 511 2963 579 ἡ
3015 507 3436 582 πολυύμνητος,
3485 509 3550 565 τὸ
3587 510 3771 565 κοινὸν

353 612 514 666 omni
549 609 720 665 laude
753 607 1122 680 dignissima,
1167 623 1484 661 commune
1538 605 1687 660 illud
1736 603 2006 658 omnium

355 700 658 766 delicium,
692 704 750 752 et
781 702 1022 768 propter
1052 712 1201 766 quos
1231 696 1372 749 fecit
1402 694 1487 749 illi
1520 710 1732 766 magna
1767 693 1867 763 qui
1905 708 2011 764 po-

359 795 490 844 tens
522 792 631 854 est,
663 785 836 840 sicuti
868 784 1148 856 gaudium
1193 784 1536 855 recipimus,
1583 783 1664 838 sic
1712 781 1821 844 illi,
1875 796 2006 851 qnaa

357 875 611 950 gaudere
663 873 848 940 dedit,
908 873 1092 927 vicem
1153 872 1492 938 reddamus,
1555 888 1675 926 non
1721 869 1896 924 modo
1943 885 2013 923 ea

372 966 599 1021 ratione
631 980 809 1034 quam
841 979 874 1017 a
905 961 1172 1016 Gabriele
1197 960 1388 1015 edocti
1417 977 1642 1026 sumus,
1670 959 1835 1013 illam
1859 973 2014 1012 com-

370 1053 682 1127 pellantes,
699 1051 803 1106 sed
818 1051 1101 1106 interiora
1124 1065 1358 1120 quoque
1376 1055 1578 1103 nostra
1596 1053 2011 1119 expurgantes,

371 1148 430 1198 et
453 1159 628 1198 omne
652 1157 685 1196 a
707 1140 879 1196 nobis
911 1139 1116 1193 vitium
1144 1138 1350 1210 procul
1382 1137 1747 1209 expellentes
1774 1153 1787 1202 ;
1811 1142 1875 1190 ut
1904 1150 2014 1206 pu-

364 1232 580 1288 riﬂcati
603 1247 828 1286 caanam
844 1229 1140 1302 possimus
1156 1224 2013 1299 gustare,dapes,inquam,illas

369 1338 549 1377 novas
573 1325 632 1375 et
652 1318 1023 1392 purissimas,
1049 1334 1197 1388 quas
1223 1317 1346 1370 hinc
1369 1315 1643 1370 salutatio
1665 1315 1815 1368 miro
1839 1311 2014 1367 modo

365 1410 687 1482 apparavit.
710 1409 803 1464 Sic
825 1408 983 1462 enim
1008 1422 1186 1476 quam
1214 1405 1467 1459 maxime
1486 1403 1700 1476 gaudet
1718 1402 1820 1456 illa
1837 1417 2017 1472 super

369 1515 577 1554 omnes
605 1497 883 1570 gloriosa,
917 1495 965 1549 si
995 1495 1066 1549 de
1098 1510 1307 1548 mensa
1334 1492 1457 1558 illa,
1490 1492 1562 1546 de
1584 1489 1867 1546 carnibus
1901 1490 2018 1544 sci-

364 1591 506 1646 licet
534 1589 826 1660 unigeniti
860 1587 987 1642 Filii
1017 1586 1108 1640 sui
1165 1585 1407 1639 satiatos
1454 1601 1564 1638 nos
1613 1582 1824 1637 videat.
1872 1582 2016 1636 Cum

364 1679 524 1734 enim
557 1678 668 1733 hac
697 1677 770 1732 de
805 1691 985 1731 causa
1015 1674 1337 1746 purissima
1367 1671 1469 1728 illa
1499 1672 1559 1726 in
1591 1677 1808 1726 terram
1850 1669 2016 1725 adve-

368 1771 547 1835 nerit,
603 1773 662 1824 et
717 1785 824 1824 sua
877 1767 1063 1839 ipsius
1120 1781 1336 1822 carnea
1394 1765 1596 1820 tunica
1654 1763 2018 1819 Salvatorem

361 1858 643 1925 induerit,
679 1861 744 1911 ut
773 1855 932 1910 idem
963 1854 1227 1909 Salvator
1275 1853 1570 1924 ejusmodi
1625 1869 1789 1907 ccena
1843 1851 2014 1906 nobis

353 1949 544 2015 ﬁeret,
578 1950 636 2001 et
695 1961 802 2016 per
862 1948 1170 2015 cognatam
1222 1941 1392 1996 nobis
1438 1941 1709 2012 ejusdem
1759 1940 2012 2012 Virginis

360 2051 601 2092 carnem
634 2034 706 2088 ad
738 2035 922 2088 Deum
957 2030 1139 2102 (quod
1169 2029 1406 2100 assequi
1439 2029 1566 2084 sine
1610 2029 1862 2101 Deipara
1894 2047 2014 2085 non

355 2129 698 2197 poteramus
730 2127 971 2194 propter
997 2122 1331 2192 peccatum)
1353 2119 2018 2191 accederemus,gaudet

364 2230 530 2281 sane,
558 2229 691 2268 cum
725 2229 835 2267 nos
866 2210 1076 2266 eadem
1111 2225 1322 2264 mensa
1371 2208 1646 2275 fruimur,
1681 2225 1857 2278 quam
1891 2209 2019 2280 ipsa

366 2302 588 2357 idcirco
619 2300 864 2372 paravit,
896 2305 953 2354 et
983 2304 1226 2370 propter
1254 2314 1432 2368 quam
1483 2303 1696 2352 cuncta
1727 2297 1830 2351 illa
1881 2297 2018 2351 lior-

2115 599 2458 676 ἐντρύφημα,
2488 604 2579 657 καὶ
2616 603 2752 676 ὑπὶρ
2785 603 2860 656 ὧν
2894 602 2922 655 6
2957 599 3183 662 δυνατὸς
3231 600 3298 655 τὰ
3349 599 3620 676 μεγαλεῖα
3665 598 3776 657 διέ-

2117 689 2275 760 πλεξε
2329 693 2444 764 μετ’
2503 693 2692 761 αὐτῆς,
2751 691 2990 764 καθάπερ
3059 687 3352 763 ἐδεξάμεθα
3407 692 3509 760 τήν
3570 689 3776 768 χαρὰν,

2117 779 2292 842 οὕτως
2319 778 2620 854 ἀντιδῶμεν
2660 781 2724 836 τὸ
2756 779 2967 855 χαίρειν
2999 784 3068 853 τῇ
3121 778 3508 853 παρασχούσῃ,
3553 780 3621 834 οὐ
3668 781 3774 849 τήν

2114 875 2212 925 τοῦ
2279 866 2527 945 Γαϐριὴλ
2589 871 2757 942 μόνον
2819 869 3020 941 μύησιν
3095 873 3564 948 προσφωνοῦντες,
3625 867 3782 924 ἀλλὰ

2117 960 2206 1013 καὶ
2257 961 2406 1031 ἡμᾶς
2466 957 2659 1018 αὐτοὺς
2711 955 2864 1013 ἔνδον
2924 956 3295 1031 ἐκκοροῦντες,
3349 958 3438 1011 καὶ
3490 957 3782 1031 ὑπερόριον

2119 1048 2287 1104 πάντα
2317 1052 2599 1110 ποιοῦντες
2629 1043 2900 1118 κίϐδηλον
2937 1048 3160 1121 τρόπον,
3195 1048 3272 1108 ὡς
3312 1044 3372 1100 ἂν
3399 1051 3497 1101 τοῦ
3556 1045 3784 1102 δείπνου

2120 1139 2405 1212 γευώμεθα
2451 1140 2727 1212 καθαρῶς,
2783 1143 2884 1206 τῆς
2963 1136 3116 1207 ξὲνης
3173 1137 3262 1190 καὶ
3324 1135 3599 1210 πανάγνου
3659 1156 3788 1210 τρυ-

2119 1235 2252 1308 φῆς,
2312 1225 2380 1296 ἥν
2440 1229 2470 1282 6
2531 1227 2820 1300 ἀσπασμὸς
2876 1225 3295 1301 ἐκαινούργησεν
3353 1223 3537 1288 οὗτος,
3618 1226 3786 1283 Οὕτω

2119 1319 2221 1393 γὰρ
2259 1320 2293 1385 ἡ
2363 1313 2719 1390 ὑπερὲνδοξος
2782 1313 3020 1389 μάλιστα
3078 1314 3284 1394 χαίρει,
3340 1322 3442 1384 τῆς
3501 1314 3785 1390 τραπέζης

2124 1404 2351 1476 ἐκείνης,
2417 1411 2524 1459 τῶν
2594 1409 2691 1459 τοῦ
2754 1407 3080 1478 μονογενοῦς
3144 1404 3314 1473 αὐτῆς
3373 1405 3503 1458 Υἱού
3561 1409 3782 1479 σαρκῶν

2123 1494 2572 1572 ἐμφορουμένους
2602 1494 2804 1567 ὁρῶσα.
2849 1492 3000 1549 Ἐπεὶ
3051 1492 3156 1570 γὰρ
3205 1490 3294 1547 διὰ
3342 1496 3510 1549 τοῦτο
3560 1495 3651 1547 καὶ
3703 1492 3786 1556 εἰς

2125 1587 2228 1660 γῆν
2287 1582 2451 1652 ἦλθεν
2508 1585 2543 1652 ἠ
2603 1583 2902 1658 Παναγνος,
2961 1581 3049 1636 καὶ
3117 1582 3208 1636 τὸν
3267 1583 3520 1658 σαρκικὸν
3582 1583 3786 1652 ἑαυτῆς

2126 1679 2334 1752 χιτῶνα
2398 1693 2490 1727 τον
2557 1678 2790 1746 Σωτῆρα
2860 1670 3135 1747 ἐφόρεσεν,
3196 1673 3268 1725 ’ἶν’
3331 1674 3468 1745 ἡμῖν
3511 1673 3539 1727 6
3581 1675 3787 1748 Σωτῆρ

2124 1763 2287 1816 τοῦτο
2311 1757 2533 1833 γένηται
2579 1755 2818 1826 δεῖπνος,
2863 1758 2956 1812 καὶ
3008 1754 3099 1812 διὰ
3152 1763 3254 1825 τῆς
3301 1761 3594 1834 συγγενοῦς
3647 1761 3789 1831 ἡμῖν

2127 1849 2298 1917 αὐτῆς
2340 1848 2536 1922 σαρκὸς
2563 1851 2680 1919 Θεῷ
2707 1844 3122 1920 πλησιάσωμεν,
3156 1844 3218 1901 οῦ
3264 1853 3450 1921 τυχεῖν
3499 1844 3633 1922 δίχα
3683 1857 3792 1918 τῆς

2127 1937 2394 1995 Θεοτόκου
2443 1933 2513 1991 δι’
2565 1937 2834 2011 ἁμαρτίαν
2895 1937 2996 1990 οὐκ
3034 1932 3281 2011 εἴχομεν,
3335 1935 3517 2011 χαίρει
3565 1941 3787 2002 πάντως

2127 2028 2298 2100 ταύτῃ
2353 2029 2659 2103 χρωμένων
2718 2029 2883 2098 ἡμῶν
2930 2031 2999 2100 τῇ
3055 2027 3322 2101 τραπέζῃ,
3382 2028 3450 2098 ἣν
3508 2029 3789 2102 ἡτοίμασε

2129 2114 2220 2171 διὰ
2250 2122 2434 2185 τοῦτο,
2487 2117 2576 2170 καὶ
2627 2113 2696 2170 δι’
2749 2115 2816 2185 ἤν
2869 2116 2936 2170 τὰ
2985 2117 3185 2190 φρικτὰ
3235 2117 3407 2170 πάντα
3445 2114 3619 2172 ἐκεῖνα
3670 2117 3788 2173 ἐτε-

2129 2204 2498 2280 λεσιουργήθη
2536 2207 2833 2278 μυστήρια,
2862 2204 2952 2259 καὶ
2999 2201 3069 2259 δι’
3122 2206 3188 2274 ἧς
3237 2203 3288 2278 ἐξ
3345 2204 3648 2282 ἀνθρώπων
3698 2206 3782 2270 εἷς

2132 2293 2285 2360 θεοὺς
2315 2299 2396 2366 τῷ
2425 2293 2588 2366 δώρῳ
2625 2293 3085 2368 μεταποιούμεθα.

370 2391 559 2446 renda
614 2389 897 2462 mysteria
949 2387 1300 2442 mirabiliter
1347 2392 1587 2458 peracta
1636 2391 1795 2453 sunt,
1849 2392 1908 2441 et
1949 2404 2056 2459 per
2103 2403 2282 2458 quam
2333 2403 2404 2441 ex
2451 2385 2793 2441 hominibus
2839 2385 2900 2440 in
2949 2385 3092 2440 deos
3139 2385 3328 2457 ipsius
3377 2385 3517 2442 doni
3560 2387 3786 2444 virtute

369 2485 861 2535 transmulamur.

435 2569 657 2624 XXXII.
685 2571 865 2623 Porro
888 2568 936 2622 si
962 2567 1182 2640 Virgini
1214 2567 1341 2622 haec
1363 2570 1490 2622 erat
1519 2565 1817 2639 gaudendi
1851 2567 2027 2634 ratio,

365 2674 540 2731 grave
577 2657 840 2730 profecto
874 2657 1120 2711 haberet
1150 2655 1253 2711 illa
1281 2657 1470 2729 gratia
1509 2656 1702 2727 plena,
1737 2656 1785 2710 si
1819 2662 2029 2712 contra

367 2747 556 2814 ﬂeret,
591 2746 638 2800 si
674 2763 780 2800 nos
813 2745 1086 2800 videlicet
1115 2745 1320 2816 procul
1347 2761 1378 2800 a
1411 2762 1576 2800 sacra
1596 2761 1802 2800 mensa
1823 2745 2026 2801 sedea-

374 2852 527 2903 mus,
560 2851 694 2891 cum
734 2841 934 2890 tamen
965 2835 1120 2890 fame
1153 2835 1525 2898 laboremus;
1559 2834 1718 2904 quod
1747 2852 1887 2890 sane
1921 2835 2027 2890 ab-

373 2925 654 2988 alienatio
672 2929 762 2979 est
784 2940 818 2978 a
839 2925 978 2989 Deo,
1011 2929 1069 2979 et
1086 2924 1214 2978 vitaz
1237 2923 1477 2978 ablatio.
1501 2925 1606 2989 Qui
1631 2924 2020 2995 enim,inquit,

374 3015 671 3070 manducat
700 3031 876 3068 meam
923 3030 1140 3069 carnem
1193 3019 1246 3066 et
1295 3013 1431 3067 bibit
1469 3029 1647 3068 meum
1698 3016 2021 3082 sanguinem

377 3105 436 3156 in
467 3119 548 3157 me
578 3108 760 3156 manet
788 3109 840 3156 et
871 3118 968 3170 ego
1009 3105 1066 3156 in
1096 3101 1194 3156 illo
1224 3101 1289 3157 '5.
1323 3103 1428 3156 Et:
1463 3104 1568 3168 Qui
1607 3109 1788 3157 manet
1831 3105 1889 3156 in
1937 3119 2020 3157 me

376 3199 428 3248 et
479 3207 586 3261 ego
635 3194 693 3246 in
751 3208 833 3258 eo,
889 3191 978 3245 hic
1051 3194 1162 3259 fert
1236 3195 1483 3260 fructum
1551 3191 1807 3260 multum,
1883 3194 2018 3263 quia

2210 2567 2330 2624 AB'.
2387 2565 2452 2622 Ei
2504 2562 2561 2620 δὲ
2617 2565 2680 2620 τὸ
2735 2563 2946 2640 χαίρειν
3005 2563 3230 2634 ἐκεῖθεν,
3293 2564 3516 2641 ἀνιαρὸν
3576 2564 3636 2622 ἄν
3693 2565 3785 2640 εἴη

2138 2653 2452 2710 τοὺναντίον
2503 2659 2572 2729 τῇ
2622 2650 3068 2729 κεχαριτωμένη,
3119 2653 3246 2710 ὅταν
3295 2661 3399 2723 τῆς
3457 2657 3606 2730 ἱερᾶς
3648 2678 3793 2732 τραο

2135 2741 2306 2812 πέζης
2379 2740 2572 2816 ποβρω
2660 2739 3036 2814 λιμώττοντας
3129 2742 3438 2816 καθίσωμεν
3537 2744 3794 2816 ἑαυτοὺς⁹

2135 2832 2267 2908 ὅπερ
2298 2830 2409 2887 ἐστὶ
2443 2835 2579 2886 θεοῦ
2627 2829 2995 2906 ἂλλοτρίωσις
3043 2832 3132 2886 καὶ
3186 2837 3334 2902 ζωῆς
3383 2832 3671 2908 ἀναίρεσις.
3730 2837 3799 2893 Ὁ

2129 2921 2230 2996 γαρ
2293 2921 2524 2995 τρώγων
2595 2941 2720 2992 μου,
2781 2920 2936 2998 φησὶ,
2998 2920 3096 2988 τήν
3180 2919 3371 2995 σάρκα,
3459 2923 3551 2977 καί
3617 2922 3794 2978 πίνων

2134 3036 2238 3088 μου
2266 3017 2330 3071 τὸ
2377 3017 2540 3089 αἷμα,
2600 3013 2652 3070 ὲν
2713 3013 2842 3088 ἐμοὶ
2913 3015 3060 3087 μένει
3117 3014 3268 3090 κάγὼ
3327 3014 3380 3070 ἐν
3440 3015 3610 3088 αὐτῷ’
3666 3017 3792 3088 καὶ,

2127 3105 2188 3162 Ὀ
2253 3103 2426 3177 μενων
2494 3103 2544 3159 ἐν
2617 3102 2742 3176 ἐμοὶ
2807 3103 2962 3180 κάγὼ
3030 3103 3082 3158 ὲν
3147 3105 3320 3177 αὐτῷ,
3389 3104 3546 3166 οὗτος
3626 3105 3785 3183 φέρει

2125 3195 2331 3266 καρπὸν
2378 3194 2575 3261 πολὺν,
2634 3191 2718 3247 ὅτι
2777 3193 2953 3268 χωρῖς
3011 3191 3147 3267 ἐμοῦ
3199 3193 3262 3248 οὐ
3323 3191 3548 3258 δύνασθε
3596 3201 3780 3251 ποιεῖν

372 3283 489 3336 sine
519 3297 601 3334 me
629 3278 776 3334 nihil
799 3281 1026 3349 potestis
1051 3283 1234 3348 facere
1261 3278 1326 3336 9‘.
1361 3282 1430 3334 Et
1453 3298 1464 3334 :
1491 3281 1553 3336 Si
1572 3283 1694 3351 quis
1721 3283 1780 3336 in
1800 3297 1884 3336 me
1903 3297 2013 3335 non

2134 3281 2304 3339 οὐδέν’
2351 3282 2462 3354 καὶ,
2531 3282 2654 3338 Ἐἆν
2722 3284 2799 3354 μή
2866 3303 2950 3343 τις
3018 3281 3172 3355 μείνῃ
3231 3281 3282 3336 ἐν
3344 3280 3490 3355 ἐμοὶ,
3559 3278 3779 3355 ἐϐλήθη

2134 3370 2180 3390 ν.
2308 3374 2321 3390 Ι
2463 3372 2476 3388 \
2587 3371 2606 3390 Ἴ
2630 3378 2656 3390 ~
2898 3372 2912 3390 \
2996 3369 3039 3390 θ’
3138 3370 3147 3381 ⁸
3185 3373 3209 3390 Λ
3428 3372 3440 3390 ι
3629 3374 3640 3388 ο

376 3371 664 3435 manserit,
695 3369 948 3424 mittetur
969 3372 1121 3438 foras
1147 3369 1290 3424 sicut
1312 3369 1544 3440 palmes,
1599 3375 1647 3425 et
1686 3378 1912 3435 arescet,
1966 3377 2017 3426 et

381 3459 642 3529 colligent
671 3475 812 3526 eum,
846 3464 897 3514 et
926 3461 986 3513 in
1016 3461 1195 3528 ignem
1231 3459 1472 3526 mittent,
1520 3467 1571 3515 et
1622 3461 1778 3515 ardet
1800 3459 1865 3514 97.
1916 3461 2024 3527 Qui

381 3548 583 3620 itaque
617 3549 830 3603 horum
862 3564 981 3602 non
1009 3548 1074 3602 ﬁt
1101 3548 1417 3620 particeps,
1449 3549 1543 3604 hic
1575 3550 1814 3620 quidem
1843 3567 1875 3606 a
1907 3551 2023 3605 Deo

382 3638 446 3693 fit
471 3638 742 3702 extorris,
777 3642 853 3702 et,
888 3637 1071 3692 eheu!
1109 3654 1423 3708 porcorum
1472 3638 1866 3694 armentarius
1905 3656 2026 3695 una

383 3743 516 3782 cum
549 3726 838 3782 scelerato
868 3725 1138 3781 dmmone
1161 3725 1372 3792 evadit,
1393 3731 1495 3781 aut
1523 3727 1700 3781 etiam
1724 3734 2023 3798 postremo

377 3817 628 3872 materia
656 3816 941 3889 gehennae
974 3815 1266 3870 incendiis
1297 3821 1452 3887 apta.
1504 3817 1572 3869 Et
1617 3833 1821 3870 rursus
1854 3834 1866 3871 :
1909 3820 2026 3873 Nisi

375 3910 842 3966 manducaveritis
871 3925 1090 3964 carnem
1119 3908 1255 3963 Filii
1284 3909 1516 3963 hominis
1555 3914 1606 3963 et
1643 3909 1886 3966 biberitis
1909 3913 2025 3981 ejus

373 3999 698 4068 sanguinem
727 4014 839 4053 non
871 3997 1140 4052 habebitis
1164 4000 1337 4052 vitam
1393 3999 1450 4051 in
1496 3999 1643 4053 vobis
1675 3999 1736 4051 93.
1782 4001 1850 4053 Et
1896 4016 2020 4054 me-

377 4088 489 4143 rito
519 4086 760 4158 quidem
787 4102 800 4151 ;
833 4086 987 4141 sicut
1007 4087 1166 4141 enim
1187 4087 1286 4155 qui
1308 4093 1591 4141 consueta
1611 4085 1684 4142 ad
1711 4088 2023 4144 vivendum

379 4177 746 4234 adminicula
801 4176 1066 4249 negligit,
1126 4175 1493 4246 corporalem
1553 4193 1787 4247 quoque
1844 4179 2023 4234 vitam

379 4268 630 4334 amittit,
663 4267 789 4338 pari
822 4267 992 4322 modo
1027 4265 1126 4336 qui
1169 4266 1296 4321 istis
1324 4282 1443 4321 non
1467 4267 2023 4336 pascitur,mortuus

380 4362 488 4425 est,
523 4355 898 4422 miserabilis,
958 4371 1170 4427 expers
1225 4372 1372 4412 verm
1424 4356 1574 4424 vitm,
1626 4363 1684 4412 et
1731 4362 2025 4414 tormenta

381 4443 492 4499 sibi
527 4444 650 4514 ipse
686 4449 855 4514 parat
885 4449 1128 4499 aeterna.

450 4533 689 4587 XXXIII.
728 4533 1016 4596 Quoniam
1050 4550 1184 4589 vero
1223 4534 1503 4606 gaudium
1536 4535 1768 4592 induxit
1814 4538 2022 4594 eadem

379 4623 505 4677 haec
536 4620 811 4676 salutatio
844 4639 974 4692 qua)
1008 4627 1067 4675 et
1096 4639 1312 4677 novum
1345 4629 1578 4693 partum
1640 4625 1879 4692 intulit;
1927 4627 2022 4683 hic

378 4727 514 4766 vero
548 4715 750 4781 partus
779 4710 968 4766 factus
1000 4716 1091 4766 est
1121 4711 1295 4766 nobis
1325 4728 1533 4766 mensa
1563 4714 1932 4784 suavissima,
1966 4721 2026 4773 et

380 4800 776 4857 indesinentis
806 4800 935 4854 vita:
967 4799 1326 4871 principium
1356 4818 1370 4866 ;
1401 4818 1510 4856 nos
1543 4819 1780 4874 quoque
1810 4806 2024 4875 gaudio

382 4895 611 4946 mentes
643 4893 877 4944 nostras
905 4888 1262 4960 repleamus,
1286 4905 1407 4945 una
1431 4906 1566 4945 cum
1592 4892 1860 4948 Gabriele
1882 4893 2029 4950 illud

377 4978 502 5036 Ave
532 4980 635 5035 Dei
664 4979 835 5035 matri
865 4977 1280 5046 acclamantes,
1322 4984 1499 5050 atque
1557 4983 1691 5048 Ave,
1742 4981 2027 5053 dicentes,

381 5071 569 5139 gratia
592 5068 786 5139 plena,
819 5069 1082 5123 Dominus
1114 5073 1307 5136 tecum,
1341 5067 1623 5124 benedicta
1653 5077 1711 5125 tu
1749 5072 1808 5126 in
1834 5074 2028 5128 mulie-

380 5161 552 5216 ribus.

447 5251 836 5306 Obsecremus
868 5254 1067 5304 autem
1097 5247 1477 5320 purissimam
1506 5249 1691 5317 illam,
1716 5257 1781 5307 ut
1811 5258 1867 5308 et
1899 5253 2031 5310 vivi-

380 5340 552 5394 ﬁcam
588 5340 745 5394 illam
779 5340 954 5411 digne
988 5338 1412 5410 parlicipemus
1443 5339 1813 5402 alimoniam.
1849 5361 2028 5414 quam

379 5443 640 5498 praesens
673 5429 843 5484 nobis
887 5427 1166 5500 gaudium
1217 5427 1436 5497 attulit,
1488 5436 1547 5484 et
1595 5431 1764 5502 cujus
1813 5434 2028 5491 virtute

385 5515 557 5570 nobis
589 5515 825 5570 dabitur
855 5518 913 5571 in
955 5522 1245 5573 aeternum
1295 5517 1568 5589 gaudere.
1621 5521 1870 5593 Propter
1920 5523 2030 5580 hoc

1522 5694 1566 5731 9"
1597 5696 1741 5754 lbid.
1776 5701 1829 5754 6.

457 5695 503 5731 ’⁵
530 5697 695 5752 Joan.
729 5711 801 5764 γι,
835 5697 922 5747 57.
997 5692 1046 5728 9⁸
1075 5695 1239 5750 Joan.
1273 5710 1362 5760 xv,
1395 5698 1445 5750 5.

2133 3370 2232 3444 ἔξω
2292 3374 2366 3434 ὡς
2422 3372 2486 3427 τὸ
2542 3371 2764 3446 πλῆμα,
2823 3372 2914 3426 καὶ
2993 3369 3274 3444 ἐξηράνθη,
3351 3372 3442 3426 καὶ
3519 3374 3782 3447 συνάγους

2135 3484 2218 3518 σιν
2284 3461 2442 3529 αὐτὰ,
2501 3461 2592 3516 καὶ
2646 3460 2723 3524 είς
2778 3461 2840 3516 τὸ
2893 3464 2998 3535 πῦρ
3057 3459 3348 3535 βάλλουσι,
3400 3463 3492 3517 καὶ
3548 3462 3787 3522 καίεται.

2131 3553 2193 3610 Ὀ
2225 3549 2283 3606 δὲ
2323 3551 2398 3624 μὴ
2429 3551 2636 3606 τούτων
2674 3551 2777 3624 ἄρα
2838 3545 3273 3624 μεταλαμϐάνων
3320 3555 3456 3606 Θεοῦ
3505 3553 3598 3626 μὲν
3645 3553 3796 3626 γίνε-

2131 3663 2219 3696 ται
2265 3640 2500 3714 μακρὰν,
2540 3640 2753 3714 χοίρων
2793 3636 2872 3706 δὲ,
2912 3643 3010 3718 φεῦ
3061 3641 3072 3694 ί
3132 3641 3265 3712 μετᾶ
3323 3646 3422 3696 τοῦ
3479 3639 3793 3714 ἀλάστορος

2134 3729 2456 3807 ἆγελάρχης
2487 3729 2833 3796 καθίσταται,
2865 3730 2899 3798 ἢ
2931 3729 2994 3784 τὸ
3023 3727 3339 3786 τελευταῖον
3389 3731 3614 3810 φεέννης
3647 3731 3790 3802 ὕλη.

2135 3819 2238 3876 Καὶ
2277 3818 2460 3874 πάλιν·
2507 3819 2627 3876 Ἐὰν
2684 3819 2761 3892 μή
2826 3819 3037 3897 φάγητε
3095 3820 3196 3887 τήν
3268 3819 3436 3893 σάρκα
3493 3825 3590 3877 τοῦ
3648 3822 3789 3876 Υἱοῦ

2133 3913 2231 3964 τοῦ
2291 3909 2598 3982 ἀνθρώπου,
2666 3907 2758 3963 καὶ
2817 3906 2982 3978 πίητε
3047 3909 3219 3964 αὐτοῦ
3310 3909 3373 3965 τὸ
3456 3910 3616 3984 αἷμα,
3680 3911 3790 3968 οὐκ

2136 3995 2291 4072 ἔχετε
2348 3999 2497 4067 ζωὴν
2573 3995 2624 4052 ἐν
2685 3998 2922 4058 ἑαυτοῖς.
2985 3996 3242 4060 Εἰκότως·
3329 3997 3510 4067 ὥσπερ
3587 4000 3689 4075 γὰρ
3752 4003 3785 4056 6

2133 4091 2234 4150 τῆς
2291 4088 2559 4156 συνήθους
2615 4085 2855 4150 ἀποστὰς
2921 4083 3134 4157 διαίτης
3194 4088 3284 4143 καὶ
3348 4095 3448 4158 τῆς
3515 4097 3783 4166 σαρκικῆς

2135 4173 2404 4230 διίσταται
2463 4181 2629 4245 ζωῆς,
2671 4177 2762 4232 τὸν
2819 4174 2936 4231 ἴσον
2977 4179 3178 4251 τρόπον
3236 4178 3268 4234 6'
3316 4199 3376 4252 γε
3425 4180 3503 4252 μή
3563 4180 3788 4236 κάκεῖνα

2132 4265 2448 4336 σιτούμενος
2480 4265 2692 4340 νεκρὸς,
2745 4263 2996 4334 ἐλεεινὸς,
3051 4271 3195 4336 ζωῆς
3245 4266 3476 4343 ἄμοιρος
3518 4269 3794 4344 ἀληθοῦς,

2131 4353 2221 4408 καὶ
2264 4354 2514 4428 βασάνων
2547 4353 2724 4428 ἑαυτῷ
2753 4355 3012 4430 πρόξενος
3044 4356 3303 4415 αἰωνίων.

2203 4546 2321 4600 AI“.
2354 4543 2506 4601 Ἐπεὶ
2560 4542 2617 4600 δὲ
2666 4551 2840 4622 χαρᾶς
2907 4546 3004 4619 μὶν
3063 4549 3324 4620 πρόξενος
3381 4550 3410 4604 6
3467 4555 3558 4606 νῦν
3607 4551 3796 4608 ἀσπα-

2132 4633 2293 4706 σμὸς,
2322 4634 2381 4694 ὅς
2422 4633 2514 4687 καὶ
2568 4634 2660 4688 τὸν
2715 4635 2898 4689 καινὸν
2955 4638 3239 4713 προήγαγε
3283 4639 3468 4709 τόκον,
3518 4637 3677 4702 οὗτος
3729 4639 3797 4700 δὶ

2132 4722 2373 4795 τράπεζα
2439 4725 2577 4794 ἡμῖν
2653 4720 2876 4793 ἡδίστη,
2943 4725 3034 4780 καὶ
3103 4731 3250 4796 ζωῆς
3318 4727 3567 4798 ἀλήκτου
3637 4731 3798 4789 αἰτία

2135 4809 2390 4883 κατέστη,
2433 4811 2607 4884 χαράς
2635 4813 2730 4882 μὶν
2761 4813 2851 4867 καὶ
2883 4815 3053 4886 ἡμεῖς
3095 4815 3192 4877 τὰς
3243 4817 3516 4892 ἡμετέρας
3565 4818 3801 4891 ἐμπλῆ-

2140 4922 2319 4974 σωμεν
2369 4902 2570 4975 ψυχάς·
2623 4907 2816 4977 Χαῖρε,
2863 4907 2933 4976 τῇ
2995 4904 3161 4979 μητρῖ
3209 4906 3306 4962 τοῦ
3353 4912 3509 4976 Θεου,
3552 4911 3633 4980 τῷ
3682 4915 3797 4966 Γα-

2139 4986 2311 5065 ϐριὴλ
2342 4987 2874 5067 συμϐφθεγγόμενοιο
2909 4994 3098 5067 Χαῖρε,
3155 4993 3431 5070 λέγοντες,
3480 5018 3799 5075 κεχαριτω-

2143 5081 2301 5154 μένη,
2353 5081 2382 5135 6
2444 5081 2638 5156 Κύριος
2699 5083 2832 5155 μετᾶ
2888 5086 3004 5137 σοῦ’
3075 5082 3420 5160 εὐλογημένη
3481 5087 3542 5143 σὺ
3589 5089 3644 5144 ἐν
3691 5113 3803 5168 γυ-

2138 5167 2308 5239 ναιξί.

2212 5261 2502 5332 Δεηθῶμεν
2555 5255 2613 5314 δὲ
2667 5261 2766 5327 τῆς
2827 5260 3121 5338 πανάγνου,
3188 5262 3328 5320 ὥστε
3383 5266 3475 5321 καὶ
3527 5275 3628 5338 τῆς
3683 5275 3801 5341 ζω-

2139 5352 2335 5402 οποιοῦ
2375 5348 2662 5422 τυγχάνειν
2695 5348 2859 5419 ἀξίως
2888 5358 3118 5429 τροφῆς,
3172 5354 3239 5424 ἢν
3269 5356 3303 5423 ἡ
3335 5359 3579 5428 παροῦσα
3625 5358 3801 5427 ἀνῆκε

2141 5439 2306 5512 χαρὰ,
2339 5439 2430 5492 καὶ
2459 5437 2530 5494 δι’
2585 5438 2654 5508 ἤν
2714 5441 2849 5512 ἡμῖν
2909 5441 3147 5506 αἰωνίως
3195 5445 3258 5499 τὸ
3317 5445 3550 5522 χαίρειν.
3602 5449 3797 5524 Χαίρει

2142 5523 2199 5580 δὲ
2230 5529 2330 5601 ἂρα
2374 5526 2463 5582 καὶ
2521 5530 2556 5598 ἡ
2615 5529 2968 5603 ὑπερὲνδοξος
3021 5529 3109 5587 διὰ
3165 5538 3352 5607 τοῦτο,
3405 5537 3494 5591 καὶ
3526 5537 3554 5592 6
3585 5523 3795 5611 ταύτης

1906 5698 1951 5735 9⁸
1980 5702 2144 5759 Joan.
2180 5719 2252 5774 νι,
2283 5706 2371 5759 53.
