  <div class='ocr_page' id='page_1' title='image "/cluster/home/n/w/nwhite01/storage/ocr_20150623/139/hvd.32044023361710/065.png"; bbox 0 0 4030 6212; ppageno 0'>
   <div class='ocr_carea' id='block_1_1' title="bbox 394 369 511 436">
    <p class='ocr_par' dir='ltr' id='par_1_1' title="bbox 394 369 511 436">
     <span class='ocr_line' id='line_1_1' title="bbox 394 369 511 436; baseline -0.034 -1"><span class='ocrx_word' id='word_1_1' title='bbox 394 369 511 436; x_wconf 76' lang='grc'><strong>119</strong></span> 
     </span>
    </p>
   </div>
   <div class='ocr_carea' id='block_1_2' title="bbox 1554 351 2658 420">
    <p class='ocr_par' dir='ltr' id='par_1_2' title="bbox 1554 351 2658 420">
     <span class='ocr_line' id='line_1_2' title="bbox 1554 351 2658 420; baseline -0.005 -2"><span class='ocrx_word' id='word_1_2' title='bbox 1554 355 1848 420; x_wconf 87' lang='lat' dir='ltr'>lSlDORl</span> <span class='ocrx_word' id='word_1_3' title='bbox 1891 351 2658 418; x_wconf 77' lang='lat' dir='ltr'>THESSALONICENSIS</span> 
     </span>
    </p>
   </div>
   <div class='ocr_carea' id='block_1_3' title="bbox 3687 348 3809 414">
    <p class='ocr_par' dir='ltr' id='par_1_3' title="bbox 3687 348 3809 414">
     <span class='ocr_line' id='line_1_3' title="bbox 3687 348 3809 414; baseline -0.033 -1"><span class='ocrx_word' id='word_1_4' title='bbox 3687 348 3809 414; x_wconf 84' lang='lat'>120</span> 
     </span>
    </p>
   </div>
   <div class='ocr_carea' id='block_1_4' title="bbox 393 461 2072 569">
    <p class='ocr_par' dir='ltr' id='par_1_4' title="bbox 393 461 2072 569">
     <span class='ocr_line' id='line_1_4' title="bbox 393 461 2072 569; baseline -0.01 -9"><span class='ocrx_word' id='word_1_5' title='bbox 393 461 646 560; x_wconf 88' lang='lat' dir='ltr'>edocent</span> <span class='ocrx_word' id='word_1_6' title='bbox 691 501 732 569; x_wconf 86' lang='grc'>¹,</span> <span class='ocrx_word' id='word_1_7' title='bbox 791 501 850 556; x_wconf 83' lang='lat' dir='ltr'>et</span> <span class='ocrx_word' id='word_1_8' title='bbox 898 498 1022 554; x_wconf 63' lang='lat' dir='ltr'>hac</span> <span class='ocrx_word' id='word_1_9' title='bbox 1079 493 1265 568; x_wconf 80' lang='lat' dir='ltr'>gloria</span> <span class='ocrx_word' id='word_1_10' title='bbox 1311 490 1752 549; x_wconf 88' lang='lat' dir='ltr'>collaudantem</span> <span class='ocrx_word' id='word_1_11' title='bbox 1799 490 2072 558; x_wconf 51' lang='lat' dir='ltr'>adducit,</span> 
     </span>
    </p>
   </div>
   <div class='ocr_carea' id='block_1_5' title="bbox 2184 461 3807 569">
    <p class='ocr_par' dir='ltr' id='par_1_5' title="bbox 2187 478 3807 558">
     <span class='ocr_line' id='line_1_5' title="bbox 2187 478 3807 558; baseline -0.003 -17"><span class='ocrx_word' id='word_1_12' title='bbox 2187 483 2287 556; x_wconf 73' lang='grc' dir='ltr'>ὕτη</span> <span class='ocrx_word' id='word_1_13' title='bbox 2339 481 2396 540; x_wconf 75' lang='grc' dir='ltr'><strong>δὲ</strong></span> <span class='ocrx_word' id='word_1_14' title='bbox 2447 486 2481 554; x_wconf 82' lang='grc' dir='ltr'>ἠ</span> <span class='ocrx_word' id='word_1_15' title='bbox 2541 481 2668 558; x_wconf 79' lang='grc' dir='ltr'>δόξα</span> <span class='ocrx_word' id='word_1_16' title='bbox 2719 482 2855 556; x_wconf 86' lang='grc' dir='ltr'>πρὸς</span> <span class='ocrx_word' id='word_1_17' title='bbox 2913 481 3044 538; x_wconf 78' lang='grc' dir='ltr'>Θεὸν</span> <span class='ocrx_word' id='word_1_18' title='bbox 3103 481 3284 556; x_wconf 72' lang='grc' dir='ltr'>ἀνάγει</span> <span class='ocrx_word' id='word_1_19' title='bbox 3339 481 3432 536; x_wconf 84' lang='grc' dir='ltr'>τὸν</span> <span class='ocrx_word' id='word_1_20' title='bbox 3493 478 3807 552; x_wconf 75' lang='grc' dir='ltr'>ὲπαινὲτην·</span> 
     </span>
    </p>
   </div>
   <div class='ocr_carea' id='block_1_6' title="bbox 393 580 2036 662">
    <p class='ocr_par' dir='ltr' id='par_1_6' title="bbox 393 580 2036 662">
     <span class='ocr_line' id='line_1_6' title="bbox 393 580 2036 662; baseline -0.009 -13"><span class='ocrx_word' id='word_1_21' title='bbox 393 591 469 648; x_wconf 87' lang='lat' dir='ltr'>ad</span> <span class='ocrx_word' id='word_1_22' title='bbox 499 593 719 656; x_wconf 88' lang='lat' dir='ltr'>Deum;</span> <span class='ocrx_word' id='word_1_23' title='bbox 751 587 1012 662; x_wconf 85' lang='lat' dir='ltr'>profecto</span> <span class='ocrx_word' id='word_1_24' title='bbox 1044 600 1178 639; x_wconf 88' lang='lat' dir='ltr'>cum</span> <span class='ocrx_word' id='word_1_25' title='bbox 1200 581 1368 638; x_wconf 89' lang='lat' dir='ltr'>nulla</span> <span class='ocrx_word' id='word_1_26' title='bbox 1395 581 1512 638; x_wconf 84' lang='lat' dir='ltr'>alia</span> <span class='ocrx_word' id='word_1_27' title='bbox 1539 598 1603 636; x_wconf 92' lang='lat' dir='ltr'>re</span> <span class='ocrx_word' id='word_1_28' title='bbox 1636 580 1822 653; x_wconf 89' lang='lat' dir='ltr'>magis</span> <span class='ocrx_word' id='word_1_29' title='bbox 1859 596 2036 652; x_wconf 87' lang='lat' dir='ltr'>quam</span> 
     </span>
    </p>
   </div>
   <div class='ocr_carea' id='block_1_7' title="bbox 392 669 2042 744">
    <p class='ocr_par' dir='ltr' id='par_1_7' title="bbox 392 669 2042 744">
     <span class='ocr_line' id='line_1_7' title="bbox 392 669 2042 744; baseline -0.007 -9"><span class='ocrx_word' id='word_1_30' title='bbox 392 676 934 737; x_wconf 73' lang='lat' dir='ltr'>intemeratissimm</span> <span class='ocrx_word' id='word_1_31' title='bbox 961 673 1138 744; x_wconf 85' lang='lat' dir='ltr'>hujus</span> <span class='ocrx_word' id='word_1_32' title='bbox 1163 687 1272 744; x_wconf 90' lang='lat' dir='ltr'>ope</span> <span class='ocrx_word' id='word_1_33' title='bbox 1304 671 1582 743; x_wconf 83' lang='lat' dir='ltr'>conjungi</span> <span class='ocrx_word' id='word_1_34' title='bbox 1615 671 1731 726; x_wconf 91' lang='lat' dir='ltr'>Deo</span> <span class='ocrx_word' id='word_1_35' title='bbox 1746 669 2042 741; x_wconf 86' lang='lat' dir='ltr'>quispiam</span> 
     </span>
    </p>
   </div>
   <div class='ocr_carea' id='block_1_8' title="bbox 393 758 2043 842">
    <p class='ocr_par' dir='ltr' id='par_1_8' title="bbox 393 758 2043 842">
     <span class='ocr_line' id='line_1_8' title="bbox 393 758 2043 842; baseline -0.009 -16"><span class='ocrx_word' id='word_1_36' title='bbox 393 769 583 842; x_wconf 88' lang='lat' dir='ltr'>possit</span> <span class='ocrx_word' id='word_1_37' title='bbox 607 785 620 836; x_wconf 89' lang='lat'><strong>;</strong></span> <span class='ocrx_word' id='word_1_38' title='bbox 640 768 747 822; x_wconf 87' lang='lat' dir='ltr'>hac</span> <span class='ocrx_word' id='word_1_39' title='bbox 771 763 987 836; x_wconf 86' lang='lat' dir='ltr'>quippe</span> <span class='ocrx_word' id='word_1_40' title='bbox 1010 761 1162 818; x_wconf 85' lang='lat' dir='ltr'>nihil</span> <span class='ocrx_word' id='word_1_41' title='bbox 1175 777 1244 816; x_wconf 83' lang='lat' dir='ltr'>ex</span> <span class='ocrx_word' id='word_1_42' title='bbox 1259 760 1536 818; x_wconf 85' lang='lat' dir='ltr'>omnibus</span> <span class='ocrx_word' id='word_1_43' title='bbox 1551 760 1668 816; x_wconf 92' lang='lat' dir='ltr'>Deo</span> <span class='ocrx_word' id='word_1_44' title='bbox 1683 758 2043 829; x_wconf 90' lang='lat' dir='ltr'>similius(3),</span> 
     </span>
    </p>
   </div>
   <div class='ocr_carea' id='block_1_9' title="bbox 397 847 2050 922">
    <p class='ocr_par' dir='ltr' id='par_1_9' title="bbox 397 847 2050 922">
     <span class='ocr_line' id='line_1_9' title="bbox 397 847 2050 922; baseline -0.007 -9"><span class='ocrx_word' id='word_1_45' title='bbox 397 857 550 914; x_wconf 84' lang='lat' dir='ltr'>nihil</span> <span class='ocrx_word' id='word_1_46' title='bbox 581 854 833 910; x_wconf 89' lang='lat' dir='ltr'>vicinius</span> <span class='ocrx_word' id='word_1_47' title='bbox 861 853 980 908; x_wconf 92' lang='lat' dir='ltr'>Deo</span> <span class='ocrx_word' id='word_1_48' title='bbox 1009 850 1268 922; x_wconf 89' lang='lat' dir='ltr'>reperire</span> <span class='ocrx_word' id='word_1_49' title='bbox 1288 849 1456 914; x_wconf 87' lang='lat' dir='ltr'>licet;</span> <span class='ocrx_word' id='word_1_50' title='bbox 1485 864 1580 903; x_wconf 66' lang='lat' dir='ltr'>nas</span> <span class='ocrx_word' id='word_1_51' title='bbox 1611 847 2050 918; x_wconf 86' lang='lat' dir='ltr'>minussapien-</span> 
     </span>
    </p>
   </div>
   <div class='ocr_carea' id='block_1_10' title="bbox 397 936 2049 1014">
    <p class='ocr_par' dir='ltr' id='par_1_10' title="bbox 397 936 2049 1014">
     <span class='ocr_line' id='line_1_10' title="bbox 397 936 2049 1014; baseline -0.006 -14"><span class='ocrx_word' id='word_1_52' title='bbox 397 947 487 1000; x_wconf 92' lang='lat' dir='ltr'>ter</span> <span class='ocrx_word' id='word_1_53' title='bbox 540 943 638 998; x_wconf 90' lang='lat' dir='ltr'>ille</span> <span class='ocrx_word' id='word_1_54' title='bbox 699 945 917 1014; x_wconf 81' lang='lat' dir='ltr'>ageret,</span> <span class='ocrx_word' id='word_1_55' title='bbox 971 939 1073 1010; x_wconf 90' lang='lat' dir='ltr'>qui</span> <span class='ocrx_word' id='word_1_56' title='bbox 1131 937 1290 995; x_wconf 84' lang='lat' dir='ltr'>aliud</span> <span class='ocrx_word' id='word_1_57' title='bbox 1340 937 1646 1009; x_wconf 85' lang='lat' dir='ltr'>quidpiam</span> <span class='ocrx_word' id='word_1_58' title='bbox 1699 936 2049 1008; x_wconf 86' lang='lat' dir='ltr'>priusquam</span> 
     </span>
    </p>
   </div>
   <div class='ocr_carea' id='block_1_11' title="bbox 395 1024 2052 1098">
    <p class='ocr_par' dir='ltr' id='par_1_11' title="bbox 395 1024 2052 1098">
     <span class='ocr_line' id='line_1_11' title="bbox 395 1024 2052 1098; baseline -0.007 -9"><span class='ocrx_word' id='word_1_59' title='bbox 395 1034 548 1090; x_wconf 88' lang='lat' dir='ltr'>hanc</span> <span class='ocrx_word' id='word_1_60' title='bbox 577 1029 1196 1088; x_wconf 86' lang='lat' dir='ltr'>immaculatissimam</span> <span class='ocrx_word' id='word_1_61' title='bbox 1227 1034 1286 1083; x_wconf 89' lang='lat' dir='ltr'>et</span> <span class='ocrx_word' id='word_1_62' title='bbox 1315 1025 1828 1098; x_wconf 90' lang='lat' dir='ltr'>alloquendum,et</span> <span class='ocrx_word' id='word_1_63' title='bbox 1848 1024 2052 1080; x_wconf 89' lang='lat' dir='ltr'>colen-</span> 
     </span>
    </p>
   </div>
   <div class='ocr_carea' id='block_1_12' title="bbox 397 1113 2054 1189">
    <p class='ocr_par' dir='ltr' id='par_1_12' title="bbox 397 1113 2054 1189">
     <span class='ocr_line' id='line_1_12' title="bbox 397 1113 2054 1189; baseline -0.007 -10"><span class='ocrx_word' id='word_1_64' title='bbox 397 1121 562 1189; x_wconf 89' lang='lat' dir='ltr'>dum,</span> <span class='ocrx_word' id='word_1_65' title='bbox 596 1126 654 1177; x_wconf 88' lang='lat' dir='ltr'>et</span> <span class='ocrx_word' id='word_1_66' title='bbox 675 1119 961 1176; x_wconf 87' lang='lat' dir='ltr'>encomiis</span> <span class='ocrx_word' id='word_1_67' title='bbox 992 1115 1402 1174; x_wconf 80' lang='lat' dir='ltr'>exornandam</span> <span class='ocrx_word' id='word_1_68' title='bbox 1432 1115 1840 1172; x_wconf 87' lang='lat' dir='ltr'>arbitraretur.</span> <span class='ocrx_word' id='word_1_69' title='bbox 1893 1113 2054 1170; x_wconf 91' lang='lat' dir='ltr'>Sicut</span> 
     </span>
    </p>
   </div>
   <div class='ocr_carea' id='block_1_13' title="bbox 400 1203 2054 1285">
    <p class='ocr_par' dir='ltr' id='par_1_13' title="bbox 400 1203 2054 1285">
     <span class='ocr_line' id='line_1_13' title="bbox 400 1203 2054 1285; baseline -0.006 -18"><span class='ocrx_word' id='word_1_70' title='bbox 400 1227 538 1285; x_wconf 91' lang='lat' dir='ltr'>ergo</span> <span class='ocrx_word' id='word_1_71' title='bbox 570 1209 788 1282; x_wconf 80' lang='lat' dir='ltr'>angeli,</span> <span class='ocrx_word' id='word_1_72' title='bbox 817 1204 1298 1279; x_wconf 86' lang='lat' dir='ltr'>quandoquidem</span> <span class='ocrx_word' id='word_1_73' title='bbox 1356 1203 1790 1277; x_wconf 86' lang='lat' dir='ltr'>expressiorem</span> <span class='ocrx_word' id='word_1_74' title='bbox 1839 1219 1906 1258; x_wconf 89' lang='lat' dir='ltr'>ac</span> <span class='ocrx_word' id='word_1_75' title='bbox 1946 1219 2054 1257; x_wconf 91' lang='lat' dir='ltr'>nos</span> 
     </span>
    </p>
   </div>
   <div class='ocr_carea' id='block_1_14' title="bbox 400 1290 2056 1370">
    <p class='ocr_par' dir='ltr' id='par_1_14' title="bbox 400 1290 2056 1370">
     <span class='ocr_line' id='line_1_14' title="bbox 400 1290 2056 1370; baseline -0.007 -13"><span class='ocrx_word' id='word_1_76' title='bbox 400 1317 536 1357; x_wconf 89' lang='lat' dir='ltr'>cum</span> <span class='ocrx_word' id='word_1_77' title='bbox 562 1301 680 1354; x_wconf 90' lang='lat' dir='ltr'>Deo</span> <span class='ocrx_word' id='word_1_78' title='bbox 695 1295 1383 1366; x_wconf 82' lang='lat' dir='ltr'>similitudinem,utpote</span> <span class='ocrx_word' id='word_1_79' title='bbox 1405 1293 1668 1348; x_wconf 60' lang='lat' dir='ltr'>materia;</span> <span class='ocrx_word' id='word_1_80' title='bbox 1683 1290 2056 1370; x_wconf 61' lang='lat' dir='ltr'>expertesqr),</span> 
     </span>
    </p>
   </div>
   <div class='ocr_carea' id='block_1_15' title="bbox 411 1380 2060 1465">
    <p class='ocr_par' dir='ltr' id='par_1_15' title="bbox 411 1380 2060 1465">
     <span class='ocr_line' id='line_1_15' title="bbox 411 1380 2060 1465; baseline -0.008 -18"><span class='ocrx_word' id='word_1_81' title='bbox 411 1394 646 1465; x_wconf 89' lang='lat' dir='ltr'>gerunt,</span> <span class='ocrx_word' id='word_1_82' title='bbox 687 1405 808 1444; x_wconf 89' lang='lat' dir='ltr'>non</span> <span class='ocrx_word' id='word_1_83' title='bbox 846 1385 1190 1442; x_wconf 90' lang='lat' dir='ltr'>intermissa</span> <span class='ocrx_word' id='word_1_84' title='bbox 1247 1382 1334 1438; x_wconf 88' lang='lat' dir='ltr'>illi</span> <span class='ocrx_word' id='word_1_85' title='bbox 1364 1381 1558 1438; x_wconf 89' lang='lat' dir='ltr'>laudis</span> <span class='ocrx_word' id='word_1_86' title='bbox 1587 1380 1818 1437; x_wconf 85' lang='lat' dir='ltr'>cantica</span> <span class='ocrx_word' id='word_1_87' title='bbox 1846 1380 2060 1436; x_wconf 86' lang='lat' dir='ltr'>modu-</span> 
     </span>
    </p>
   </div>
   <div class='ocr_carea' id='block_1_16' title="bbox 409 1472 2058 1550">
    <p class='ocr_par' dir='ltr' id='par_1_16' title="bbox 409 1472 2058 1550">
     <span class='ocr_line' id='line_1_16' title="bbox 409 1472 2058 1550; baseline -0.008 -14"><span class='ocrx_word' id='word_1_88' title='bbox 409 1479 649 1547; x_wconf 85' lang='lat' dir='ltr'>lantur;</span> <span class='ocrx_word' id='word_1_89' title='bbox 707 1477 834 1550; x_wconf 88' lang='lat' dir='ltr'>pari</span> <span class='ocrx_word' id='word_1_90' title='bbox 873 1475 1136 1548; x_wconf 80' lang='lat' dir='ltr'>profecto</span> <span class='ocrx_word' id='word_1_91' title='bbox 1190 1472 1420 1528; x_wconf 84' lang='lat' dir='ltr'>ratione</span> <span class='ocrx_word' id='word_1_92' title='bbox 1469 1476 1527 1526; x_wconf 88' lang='lat' dir='ltr'>et</span> <span class='ocrx_word' id='word_1_93' title='bbox 1559 1487 1668 1526; x_wconf 90' lang='lat' dir='ltr'>nos</span> <span class='ocrx_word' id='word_1_94' title='bbox 1697 1485 1850 1537; x_wconf 89' lang='lat' dir='ltr'>eam,</span> <span class='ocrx_word' id='word_1_95' title='bbox 1880 1485 2058 1540; x_wconf 89' lang='lat' dir='ltr'>quam</span> 
     </span>
    </p>
   </div>
   <div class='ocr_carea' id='block_1_17' title="bbox 403 1559 2058 1636">
    <p class='ocr_par' dir='ltr' id='par_1_17' title="bbox 403 1559 2058 1636">
     <span class='ocr_line' id='line_1_17' title="bbox 403 1559 2058 1636; baseline -0.006 -12"><span class='ocrx_word' id='word_1_96' title='bbox 403 1569 653 1625; x_wconf 80' lang='lat' dir='ltr'>alteram</span> <span class='ocrx_word' id='word_1_97' title='bbox 683 1583 719 1622; x_wconf 91' lang='lat' dir='ltr'>a</span> <span class='ocrx_word' id='word_1_98' title='bbox 745 1567 863 1621; x_wconf 90' lang='lat' dir='ltr'>Deo</span> <span class='ocrx_word' id='word_1_99' title='bbox 899 1563 1262 1636; x_wconf 84' lang='lat' dir='ltr'>suspicimus</span> <span class='ocrx_word' id='word_1_100' title='bbox 1287 1563 1387 1632; x_wconf 78' lang='lat'>(5),</span> <span class='ocrx_word' id='word_1_101' title='bbox 1439 1564 1499 1616; x_wconf 91' lang='lat' dir='ltr'>et</span> <span class='ocrx_word' id='word_1_102' title='bbox 1527 1575 1634 1631; x_wconf 88' lang='lat' dir='ltr'>per</span> <span class='ocrx_word' id='word_1_103' title='bbox 1655 1575 1834 1630; x_wconf 89' lang='lat' dir='ltr'>quam</span> <span class='ocrx_word' id='word_1_104' title='bbox 1866 1559 2058 1614; x_wconf 81' lang='lat' dir='ltr'>fortu-</span> 
     </span>
    </p>
   </div>
   <div class='ocr_carea' id='block_1_18' title="bbox 403 1647 2061 1724">
    <p class='ocr_par' dir='ltr' id='par_1_18' title="bbox 403 1647 2061 1724">
     <span class='ocr_line' id='line_1_18' title="bbox 403 1647 2061 1724; baseline -0.006 -12"><span class='ocrx_word' id='word_1_105' title='bbox 403 1661 542 1713; x_wconf 83' lang='lat' dir='ltr'>nate</span> <span class='ocrx_word' id='word_1_106' title='bbox 563 1654 735 1710; x_wconf 87' lang='lat' dir='ltr'>nobis</span> <span class='ocrx_word' id='word_1_107' title='bbox 757 1652 1005 1710; x_wconf 84' lang='lat' dir='ltr'>uberem</span> <span class='ocrx_word' id='word_1_108' title='bbox 1029 1651 1132 1707; x_wconf 88' lang='lat' dir='ltr'>Dei</span> <span class='ocrx_word' id='word_1_109' title='bbox 1152 1649 1578 1724; x_wconf 76' lang='lat' dir='ltr'>benignitatem</span> <span class='ocrx_word' id='word_1_110' title='bbox 1599 1647 1853 1719; x_wconf 83' lang='lat' dir='ltr'>experiri</span> <span class='ocrx_word' id='word_1_111' title='bbox 1879 1648 2061 1704; x_wconf 86' lang='lat' dir='ltr'>conti-</span> 
     </span>
    </p>
   </div>
   <div class='ocr_carea' id='block_1_19' title="bbox 2147 569 3814 648">
    <p class='ocr_par' dir='ltr' id='par_1_19' title="bbox 2147 569 3814 648">
     <span class='ocr_line' id='line_1_19' title="bbox 2147 569 3814 648; baseline -0.003 -18"><span class='ocrx_word' id='word_1_112' title='bbox 2147 575 2270 630; x_wconf 81' lang='grc' dir='ltr'>ὅταν</span> <span class='ocrx_word' id='word_1_113' title='bbox 2304 575 2407 630; x_wconf 77' lang='grc' dir='ltr'>οὐκ</span> <span class='ocrx_word' id='word_1_114' title='bbox 2436 575 2497 630; x_wconf 78' lang='grc' dir='ltr'>ἄν</span> <span class='ocrx_word' id='word_1_115' title='bbox 2528 594 2612 637; x_wconf 87' lang='grc' dir='ltr'>τις</span> <span class='ocrx_word' id='word_1_116' title='bbox 2667 572 2852 648; x_wconf 74' lang='grc' dir='ltr'>ἑτέρου</span> <span class='ocrx_word' id='word_1_117' title='bbox 2915 570 3128 646; x_wconf 77' lang='grc' dir='ltr'>μᾶλλον</span> <span class='ocrx_word' id='word_1_118' title='bbox 3189 569 3409 635; x_wconf 75' lang='grc' dir='ltr'>οὐδενὸς</span> <span class='ocrx_word' id='word_1_119' title='bbox 3465 569 3502 642; x_wconf 73' lang='grc' dir='ltr'><strong>ἤ</strong></span> <span class='ocrx_word' id='word_1_120' title='bbox 3565 569 3656 626; x_wconf 76' lang='grc' dir='ltr'>δια</span> <span class='ocrx_word' id='word_1_121' title='bbox 3711 577 3814 642; x_wconf 81' lang='grc' dir='ltr'>τῆς</span> 
     </span>
    </p>
   </div>
   <div class='ocr_carea' id='block_1_20' title="bbox 2151 661 3810 742">
    <p class='ocr_par' dir='ltr' id='par_1_20' title="bbox 2151 661 3810 742">
     <span class='ocr_line' id='line_1_20' title="bbox 2151 661 3810 742; baseline -0.004 -21"><span class='ocrx_word' id='word_1_122' title='bbox 2151 665 2537 740; x_wconf 75' lang='grc' dir='ltr'>παναχράντου</span> <span class='ocrx_word' id='word_1_123' title='bbox 2595 667 2713 736; x_wconf 82' lang='grc' dir='ltr'>Θεῷ</span> <span class='ocrx_word' id='word_1_124' title='bbox 2769 664 3086 742; x_wconf 62' lang='grc' dir='ltr'>συναφθείη,</span> <span class='ocrx_word' id='word_1_125' title='bbox 3134 661 3198 730; x_wconf 71' lang='grc' dir='ltr'>ἧς</span> <span class='ocrx_word' id='word_1_126' title='bbox 3239 661 3365 717; x_wconf 66' lang='grc' dir='ltr'>οὔτε</span> <span class='ocrx_word' id='word_1_127' title='bbox 3393 661 3810 734; x_wconf 73' lang='grc' dir='ltr'>παραπλήσιον,</span> 
     </span>
    </p>
   </div>
   <div class='ocr_carea' id='block_1_21' title="bbox 2155 750 3812 828">
    <p class='ocr_par' dir='ltr' id='par_1_21' title="bbox 2155 750 3812 828">
     <span class='ocr_line' id='line_1_21' title="bbox 2155 750 3812 828; baseline -0.001 -19"><span class='ocrx_word' id='word_1_128' title='bbox 2155 750 2268 809; x_wconf 64' lang='grc' dir='ltr'>οὔτ’</span> <span class='ocrx_word' id='word_1_129' title='bbox 2295 750 2451 809; x_wconf 76' lang='grc' dir='ltr'>οὐδὲν</span> <span class='ocrx_word' id='word_1_130' title='bbox 2500 757 2610 808; x_wconf 88' lang='grc' dir='ltr'>τῶν</span> <span class='ocrx_word' id='word_1_131' title='bbox 2670 755 2917 808; x_wconf 67' lang='grc' dir='ltr'>ἁπάντων</span> <span class='ocrx_word' id='word_1_132' title='bbox 2977 756 3094 824; x_wconf 84' lang='grc' dir='ltr'>Θεῷ</span> <span class='ocrx_word' id='word_1_133' title='bbox 3141 751 3557 828; x_wconf 75' lang='grc' dir='ltr'>πλησιὲστερον,</span> <span class='ocrx_word' id='word_1_134' title='bbox 3617 750 3812 827; x_wconf 80' lang='grc' dir='ltr'>σχολῇ</span> 
     </span>
    </p>
   </div>
   <div class='ocr_carea' id='block_1_22' title="bbox 2155 839 3813 919">
    <p class='ocr_par' dir='ltr' id='par_1_22' title="bbox 2155 839 3813 919">
     <span class='ocr_line' id='line_1_22' title="bbox 2155 839 3813 919; baseline -0.001 -21"><span class='ocrx_word' id='word_1_135' title='bbox 2155 845 2208 919; x_wconf 88' lang='grc' dir='ltr'>γ’</span> <span class='ocrx_word' id='word_1_136' title='bbox 2238 841 2298 898; x_wconf 79' lang='grc' dir='ltr'>ἄν</span> <span class='ocrx_word' id='word_1_137' title='bbox 2331 843 2388 898; x_wconf 81' lang='grc' dir='ltr'>εὗ</span> <span class='ocrx_word' id='word_1_138' title='bbox 2420 847 2634 918; x_wconf 74' lang='grc' dir='ltr'>φρονῶν</span> <span class='ocrx_word' id='word_1_139' title='bbox 2664 841 2754 897; x_wconf 87' lang='grc' dir='ltr'>καὶ</span> <span class='ocrx_word' id='word_1_140' title='bbox 2787 839 3121 916; x_wconf 78' lang='grc' dir='ltr'>προσλαλεῖν</span> <span class='ocrx_word' id='word_1_141' title='bbox 3169 839 3260 896; x_wconf 83' lang='grc' dir='ltr'>καὶ</span> <span class='ocrx_word' id='word_1_142' title='bbox 3311 841 3685 916; x_wconf 82' lang='grc' dir='ltr'>προσκεῖσθαι,</span> <span class='ocrx_word' id='word_1_143' title='bbox 3717 841 3813 896; x_wconf 82' lang='grc' dir='ltr'>καὶ</span> 
     </span>
    </p>
   </div>
   <div class='ocr_carea' id='block_1_23' title="bbox 2157 928 3818 1008">
    <p class='ocr_par' dir='ltr' id='par_1_23' title="bbox 2157 928 3818 1008">
     <span class='ocr_line' id='line_1_23' title="bbox 2157 928 3818 1008; baseline -0.017 0"><span class='ocrx_word' id='word_1_144' title='bbox 2157 935 2380 1005; x_wconf 73' lang='grc' dir='ltr'>κοσμεῖν</span> <span class='ocrx_word' id='word_1_145' title='bbox 2465 929 2779 1008; x_wconf 62' lang='grc' dir='ltr'>ἒγΑωμίοις,</span> <span class='ocrx_word' id='word_1_146' title='bbox 2827 928 2968 985; x_wconf 83' lang='grc' dir='ltr'>ἄλλο</span> <span class='ocrx_word' id='word_1_147' title='bbox 3053 929 3316 1006; x_wconf 83' lang='grc' dir='ltr'>πρότερον</span> <span class='ocrx_word' id='word_1_148' title='bbox 3384 932 3655 1006; x_wconf 65' lang='grc' dir='ltr'>ἡγήσαιτο</span> <span class='ocrx_word' id='word_1_149' title='bbox 3709 936 3818 999; x_wconf 78' lang='grc' dir='ltr'>τῆς</span> 
     </span>
    </p>
   </div>
   <div class='ocr_carea' id='block_1_24' title="bbox 2160 1016 3818 1095">
    <p class='ocr_par' dir='ltr' id='par_1_24' title="bbox 2160 1016 3818 1095">
     <span class='ocr_line' id='line_1_24' title="bbox 2160 1016 3818 1095; baseline -0.002 -19"><span class='ocrx_word' id='word_1_150' title='bbox 2160 1021 2451 1095; x_wconf 75' lang='grc' dir='ltr'>Πανάγνου.</span> <span class='ocrx_word' id='word_1_151' title='bbox 2537 1020 2789 1095; x_wconf 77' lang='grc' dir='ltr'>Καθάπερ</span> <span class='ocrx_word' id='word_1_152' title='bbox 2865 1019 3048 1075; x_wconf 91' lang='grc' dir='ltr'>τοίνυν</span> <span class='ocrx_word' id='word_1_153' title='bbox 3151 1018 3478 1082; x_wconf 65' lang='lat' dir='ltr'>(iv-Saturo:</span> <span class='ocrx_word' id='word_1_154' title='bbox 3555 1016 3818 1094; x_wconf 75' lang='grc' dir='ltr'>ἀγγέλοις</span> 
     </span>
    </p>
   </div>
   <div class='ocr_carea' id='block_1_25' title="bbox 2161 1104 3821 1183">
    <p class='ocr_par' dir='ltr' id='par_1_25' title="bbox 2161 1104 3821 1183">
     <span class='ocr_line' id='line_1_25' title="bbox 2161 1104 3821 1183; baseline -0.002 -17"><span class='ocrx_word' id='word_1_155' title='bbox 2161 1107 2291 1181; x_wconf 78' lang='grc' dir='ltr'>δόξα</span> <span class='ocrx_word' id='word_1_156' title='bbox 2325 1106 2654 1183; x_wconf 74' lang='grc' dir='ltr'>μελῳδεῖται</span> <span class='ocrx_word' id='word_1_157' title='bbox 2683 1113 2822 1182; x_wconf 78' lang='grc' dir='ltr'>Θεῷ,</span> <span class='ocrx_word' id='word_1_158' title='bbox 2856 1109 2941 1164; x_wconf 79' lang='grc' dir='ltr'>ὅτι</span> <span class='ocrx_word' id='word_1_159' title='bbox 2992 1107 3083 1162; x_wconf 79' lang='grc' dir='ltr'>καὶ</span> <span class='ocrx_word' id='word_1_160' title='bbox 3138 1113 3382 1182; x_wconf 84' lang='grc' dir='ltr'>κρεῖττον</span> <span class='ocrx_word' id='word_1_161' title='bbox 3433 1106 3468 1177; x_wconf 75' lang='grc' dir='ltr'>ἥ</span> <span class='ocrx_word' id='word_1_162' title='bbox 3529 1109 3696 1183; x_wconf 77' lang='grc' dir='ltr'>ἡμεῖς</span> <span class='ocrx_word' id='word_1_163' title='bbox 3725 1104 3821 1162; x_wconf 68' lang='grc' dir='ltr'>διὰ</span> 
     </span>
    </p>
   </div>
   <div class='ocr_carea' id='block_1_26' title="bbox 2161 1195 3818 1277">
    <p class='ocr_par' dir='ltr' id='par_1_26' title="bbox 2161 1195 3818 1277">
     <span class='ocr_line' id='line_1_26' title="bbox 2161 1195 3818 1277; baseline -0.002 -21"><span class='ocrx_word' id='word_1_164' title='bbox 2161 1199 2352 1256; x_wconf 76' lang='grc' dir='ltr'>τὸτοῦ</span> <span class='ocrx_word' id='word_1_165' title='bbox 2399 1199 2534 1261; x_wconf 77' lang='grc' dir='ltr'>χοὸς</span> <span class='ocrx_word' id='word_1_166' title='bbox 2583 1197 2816 1272; x_wconf 73' lang='grc' dir='ltr'>ἄμικτον</span> <span class='ocrx_word' id='word_1_167' title='bbox 2874 1195 3063 1271; x_wconf 68' lang='grc' dir='ltr'>ἐκείνῳ</span> <span class='ocrx_word' id='word_1_168' title='bbox 3117 1197 3180 1252; x_wconf 82' lang='grc' dir='ltr'>τὸ</span> <span class='ocrx_word' id='word_1_169' title='bbox 3237 1196 3464 1277; x_wconf 70' lang='grc' dir='ltr'>ἐμφερὲς</span> <span class='ocrx_word' id='word_1_170' title='bbox 3524 1197 3818 1267; x_wconf 79' lang='grc' dir='ltr'>σώζουσιν·</span> 
     </span>
    </p>
   </div>
   <div class='ocr_carea' id='block_1_27' title="bbox 2165 1283 3821 1361">
    <p class='ocr_par' dir='ltr' id='par_1_27' title="bbox 2165 1283 3821 1361">
     <span class='ocr_line' id='line_1_27' title="bbox 2165 1283 3821 1361; baseline -0.004 -16"><span class='ocrx_word' id='word_1_171' title='bbox 2165 1286 2310 1345; x_wconf 70' lang='grc' dir='ltr'>οὕτω</span> <span class='ocrx_word' id='word_1_172' title='bbox 2397 1285 2664 1360; x_wconf 76' lang='grc' dir='ltr'>δήπουθεν</span> <span class='ocrx_word' id='word_1_173' title='bbox 2746 1286 2846 1356; x_wconf 75' lang='grc' dir='ltr'>τήν</span> <span class='ocrx_word' id='word_1_174' title='bbox 2895 1285 3036 1361; x_wconf 78' lang='grc' dir='ltr'>μετὰ.</span> <span class='ocrx_word' id='word_1_175' title='bbox 3091 1286 3223 1342; x_wconf 81' lang='grc' dir='ltr'>Θεὸν</span> <span class='ocrx_word' id='word_1_176' title='bbox 3288 1287 3538 1361; x_wconf 81' lang='grc' dir='ltr'>πρώτην,</span> <span class='ocrx_word' id='word_1_177' title='bbox 3619 1283 3692 1340; x_wconf 84' lang='grc' dir='ltr'>δι’</span> <span class='ocrx_word' id='word_1_178' title='bbox 3749 1287 3821 1355; x_wconf 76' lang='grc' dir='ltr'>ἧς</span> 
     </span>
    </p>
   </div>
   <div class='ocr_carea' id='block_1_28' title="bbox 2165 1373 3829 1456">
    <p class='ocr_par' dir='ltr' id='par_1_28' title="bbox 2165 1373 3829 1456">
     <span class='ocr_line' id='line_1_28' title="bbox 2165 1373 3829 1456; baseline -0.002 -23"><span class='ocrx_word' id='word_1_179' title='bbox 2165 1383 2302 1453; x_wconf 76' lang='grc' dir='ltr'>ἡμῖν</span> <span class='ocrx_word' id='word_1_180' title='bbox 2321 1378 2572 1456; x_wconf 77' lang='grc' dir='ltr'>ἀφθόνως</span> <span class='ocrx_word' id='word_1_181' title='bbox 2599 1383 2699 1448; x_wconf 77' lang='grc' dir='ltr'>τῆς</span> <span class='ocrx_word' id='word_1_182' title='bbox 2737 1380 2836 1432; x_wconf 78' lang='grc' dir='ltr'>τοῦ</span> <span class='ocrx_word' id='word_1_183' title='bbox 2886 1380 3022 1432; x_wconf 74' lang='grc' dir='ltr'>Θεοῦ</span> <span class='ocrx_word' id='word_1_184' title='bbox 3076 1381 3266 1452; x_wconf 72' lang='grc' dir='ltr'>τυχεῖν</span> <span class='ocrx_word' id='word_1_185' title='bbox 3320 1373 3589 1454; x_wconf 72' lang='grc' dir='ltr'>ἐξεγένετο</span> <span class='ocrx_word' id='word_1_186' title='bbox 3621 1373 3829 1452; x_wconf 75' lang='grc' dir='ltr'>φιλαν-</span> 
     </span>
    </p>
   </div>
   <div class='ocr_carea' id='block_1_29' title="bbox 2169 1463 3827 1544">
    <p class='ocr_par' dir='ltr' id='par_1_29' title="bbox 2169 1463 3827 1544">
     <span class='ocr_line' id='line_1_29' title="bbox 2169 1463 3827 1544; baseline -0.002 -21"><span class='ocrx_word' id='word_1_187' title='bbox 2169 1468 2433 1544; x_wconf 78' lang='grc' dir='ltr'>θρωπίας,</span> <span class='ocrx_word' id='word_1_188' title='bbox 2491 1465 2632 1523; x_wconf 67' lang='grc' dir='ltr'>διότι</span> <span class='ocrx_word' id='word_1_189' title='bbox 2688 1466 2780 1522; x_wconf 79' lang='grc' dir='ltr'>καὶ</span> <span class='ocrx_word' id='word_1_190' title='bbox 2843 1465 3014 1542; x_wconf 74' lang='grc' dir='ltr'>ταύτῃ</span> <span class='ocrx_word' id='word_1_191' title='bbox 3069 1463 3397 1535; x_wconf 76' lang='grc' dir='ltr'>κατάλληλα</span> <span class='ocrx_word' id='word_1_192' title='bbox 3450 1467 3519 1522; x_wconf 65' lang='grc' dir='ltr'>τὰ</span> <span class='ocrx_word' id='word_1_193' title='bbox 3556 1466 3827 1540; x_wconf 69' lang='grc' dir='ltr'>ἡμέτερα,</span> 
     </span>
    </p>
   </div>
   <div class='ocr_carea' id='block_1_30' title="bbox 2169 1554 3824 1633">
    <p class='ocr_par' dir='ltr' id='par_1_30' title="bbox 2169 1554 3824 1633">
     <span class='ocr_line' id='line_1_30' title="bbox 2169 1554 3824 1633; baseline -0.004 -19"><span class='ocrx_word' id='word_1_194' title='bbox 2169 1558 2387 1633; x_wconf 76' lang='grc' dir='ltr'>ἆσίγητ’</span> <span class='ocrx_word' id='word_1_195' title='bbox 2466 1555 2734 1632; x_wconf 81' lang='grc' dir='ltr'>ὲξυμνεῖν,</span> <span class='ocrx_word' id='word_1_196' title='bbox 2802 1556 2848 1612; x_wconf 82' lang='grc' dir='ltr'>εἰ</span> <span class='ocrx_word' id='word_1_197' title='bbox 2937 1556 3052 1613; x_wconf 86' lang='grc' dir='ltr'>οἷόν</span> <span class='ocrx_word' id='word_1_198' title='bbox 3137 1577 3215 1630; x_wconf 84' lang='grc' dir='ltr'>τε,</span> <span class='ocrx_word' id='word_1_199' title='bbox 3269 1557 3356 1610; x_wconf 81' lang='grc' dir='ltr'>καὶ</span> <span class='ocrx_word' id='word_1_200' title='bbox 3433 1554 3824 1632; x_wconf 74' lang='grc' dir='ltr'>πανηγυρίζειν</span> 
     </span>
    </p>
   </div>
   <div class='ocr_carea' id='block_1_31' title="bbox 2172 1645 2468 1727">
    <p class='ocr_par' dir='ltr' id='par_1_31' title="bbox 2172 1645 2468 1727">
     <span class='ocr_line' id='line_1_31' title="bbox 2172 1645 2468 1727; baseline 0.007 -25"><span class='ocrx_word' id='word_1_201' title='bbox 2172 1645 2468 1727; x_wconf 72' lang='grc' dir='ltr'>ὀφείλεται.</span> 
     </span>
    </p>
   </div>
   <div class='ocr_carea' id='block_1_32' title="bbox 406 1714 3830 1820">
    <p class='ocr_par' dir='ltr' id='par_1_32' title="bbox 406 1714 3830 1820">
     <span class='ocr_line' id='line_1_32' title="bbox 406 1714 3830 1820; baseline -0.003 -21"><span class='ocrx_word' id='word_1_202' title='bbox 406 1745 511 1820; x_wconf 90' lang='lat' dir='ltr'>git,</span> <span class='ocrx_word' id='word_1_203' title='bbox 546 1743 829 1816; x_wconf 88' lang='lat' dir='ltr'>quoniam</span> <span class='ocrx_word' id='word_1_204' title='bbox 860 1739 1195 1797; x_wconf 88' lang='lat' dir='ltr'>communis</span> <span class='ocrx_word' id='word_1_205' title='bbox 1227 1714 1471 1809; x_wconf 67' lang='lat' dir='ltr'>insuper</span> <span class='ocrx_word' id='word_1_206' title='bbox 1499 1753 1635 1793; x_wconf 90' lang='lat' dir='ltr'>cum</span> <span class='ocrx_word' id='word_1_207' title='bbox 1667 1736 1767 1792; x_wconf 90' lang='lat' dir='ltr'>illa</span> <span class='ocrx_word' id='word_1_208' title='bbox 1795 1735 1969 1792; x_wconf 89' lang='lat' dir='ltr'>nobis</span> <span class='ocrx_word' id='word_1_209' title='bbox 1993 1741 2083 1794; x_wconf 89' lang='lat' dir='ltr'>est</span> <span class='ocrx_word' id='word_1_210' title='bbox 2103 1714 2336 1806; x_wconf 76' lang='lat' dir='ltr'>natura,</span> <span class='ocrx_word' id='word_1_211' title='bbox 2370 1714 2830 1807; x_wconf 79' lang='lat' dir='ltr'>incessantibus,</span> <span class='ocrx_word' id='word_1_212' title='bbox 2862 1737 2912 1793; x_wconf 89' lang='lat' dir='ltr'>si</span> <span class='ocrx_word' id='word_1_213' title='bbox 2945 1737 3073 1793; x_wconf 76' lang='lat' dir='ltr'>fieri</span> <span class='ocrx_word' id='word_1_214' title='bbox 3114 1737 3320 1810; x_wconf 85' lang='lat' dir='ltr'>possit,</span> <span class='ocrx_word' id='word_1_215' title='bbox 3356 1735 3596 1808; x_wconf 81' lang='lat' dir='ltr'>hymnis</span> <span class='ocrx_word' id='word_1_216' title='bbox 3629 1735 3830 1791; x_wconf 82' lang='lat' dir='ltr'>extol-</span> 
     </span>
    </p>
   </div>
   <div class='ocr_carea' id='block_1_33' title="bbox 412 1829 1305 1892">
    <p class='ocr_par' dir='ltr' id='par_1_33' title="bbox 412 1829 1305 1892">
     <span class='ocr_line' id='line_1_33' title="bbox 412 1829 1305 1892; baseline -0.01 0"><span class='ocrx_word' id='word_1_217' title='bbox 412 1835 538 1892; x_wconf 88' lang='lat' dir='ltr'>lere</span> <span class='ocrx_word' id='word_1_218' title='bbox 569 1849 637 1889; x_wconf 90' lang='lat' dir='ltr'>ac</span> <span class='ocrx_word' id='word_1_219' title='bbox 666 1830 967 1888; x_wconf 86' lang='lat' dir='ltr'>celebrare</span> <span class='ocrx_word' id='word_1_220' title='bbox 999 1829 1305 1885; x_wconf 81' lang='lat' dir='ltr'>debemus.</span> 
     </span>
    </p>
   </div>
   <div class='ocr_carea' id='block_1_34' title="bbox 479 1911 2072 1991">
    <p class='ocr_par' dir='ltr' id='par_1_34' title="bbox 479 1916 2065 1990">
     <span class='ocr_line' id='line_1_34' title="bbox 479 1916 2065 1990; baseline -0.004 -11"><span class='ocrx_word' id='word_1_221' title='bbox 479 1926 660 1979; x_wconf 86' lang='lat' dir='ltr'>Porro</span> <span class='ocrx_word' id='word_1_222' title='bbox 686 1938 826 1978; x_wconf 89' lang='lat' dir='ltr'>cum</span> <span class='ocrx_word' id='word_1_223' title='bbox 855 1919 1042 1976; x_wconf 87' lang='lat' dir='ltr'>multa</span> <span class='ocrx_word' id='word_1_224' title='bbox 1061 1919 1180 1974; x_wconf 88' lang='lat' dir='ltr'>sint</span> <span class='ocrx_word' id='word_1_225' title='bbox 1199 1922 1258 1974; x_wconf 92' lang='lat' dir='ltr'>et</span> <span class='ocrx_word' id='word_1_226' title='bbox 1277 1933 1549 1990; x_wconf 87' lang='lat' dir='ltr'>magna,e</span> <span class='ocrx_word' id='word_1_227' title='bbox 1573 1916 1788 1988; x_wconf 88' lang='lat' dir='ltr'>quibus</span> <span class='ocrx_word' id='word_1_228' title='bbox 1806 1917 2065 1973; x_wconf 89' lang='lat' dir='ltr'>mutuari</span> 
     </span>
    </p>
   </div>
   <div class='ocr_carea' id='block_1_35' title="bbox 2184 1911 3834 1991">
    <p class='ocr_par' dir='ltr' id='par_1_35' title="bbox 2245 1911 3834 1990">
     <span class='ocr_line' id='line_1_35' title="bbox 2245 1911 3834 1990; baseline -0.003 -18"><span class='ocrx_word' id='word_1_229' title='bbox 2245 1914 2484 1972; x_wconf 83' lang='grc' dir='ltr'>Πολλῶν</span> <span class='ocrx_word' id='word_1_230' title='bbox 2542 1912 2598 1972; x_wconf 78' lang='grc' dir='ltr'>δὲ</span> <span class='ocrx_word' id='word_1_231' title='bbox 2657 1911 2828 1972; x_wconf 81' lang='grc' dir='ltr'>ὄντων</span> <span class='ocrx_word' id='word_1_232' title='bbox 2887 1915 2978 1970; x_wconf 84' lang='grc' dir='ltr'>καὶ</span> <span class='ocrx_word' id='word_1_233' title='bbox 3053 1911 3328 1990; x_wconf 77' lang='grc' dir='ltr'>μεγάλων,</span> <span class='ocrx_word' id='word_1_234' title='bbox 3405 1913 3522 1968; x_wconf 81' lang='grc' dir='ltr'>ὃθεν</span> <span class='ocrx_word' id='word_1_235' title='bbox 3602 1911 3664 1968; x_wconf 79' lang='grc' dir='ltr'>ἃν</span> <span class='ocrx_word' id='word_1_236' title='bbox 3744 1933 3834 1977; x_wconf 80' lang='grc' dir='ltr'>τις</span> 
     </span>
    </p>
   </div>
   <div class='ocr_carea' id='block_1_36' title="bbox 411 2005 2062 2087">
    <p class='ocr_par' dir='ltr' id='par_1_36' title="bbox 411 2005 2062 2087">
     <span class='ocr_line' id='line_1_36' title="bbox 411 2005 2062 2087; baseline -0.005 -17"><span class='ocrx_word' id='word_1_237' title='bbox 411 2013 709 2087; x_wconf 84' lang='lat' dir='ltr'>quispiam</span> <span class='ocrx_word' id='word_1_238' title='bbox 743 2011 935 2068; x_wconf 86' lang='lat' dir='ltr'>lucem</span> <span class='ocrx_word' id='word_1_239' title='bbox 967 2009 1174 2082; x_wconf 85' lang='lat' dir='ltr'>possit,</span> <span class='ocrx_word' id='word_1_240' title='bbox 1200 2008 1342 2064; x_wconf 91' lang='lat' dir='ltr'>dum</span> <span class='ocrx_word' id='word_1_241' title='bbox 1364 2007 1439 2064; x_wconf 91' lang='lat' dir='ltr'>ad</span> <span class='ocrx_word' id='word_1_242' title='bbox 1471 2005 1922 2064; x_wconf 89' lang='lat' dir='ltr'>collaudandam</span> <span class='ocrx_word' id='word_1_243' title='bbox 1939 2007 2062 2061; x_wconf 87' lang='lat' dir='ltr'>Vir-</span> 
     </span>
    </p>
   </div>
   <div class='ocr_carea' id='block_1_37' title="bbox 408 2096 2065 2178">
    <p class='ocr_par' dir='ltr' id='par_1_37' title="bbox 408 2096 2065 2178">
     <span class='ocr_line' id='line_1_37' title="bbox 408 2096 2065 2178; baseline -0.005 -20"><span class='ocrx_word' id='word_1_244' title='bbox 408 2105 602 2178; x_wconf 81' lang='lat' dir='ltr'>ginem</span> <span class='ocrx_word' id='word_1_245' title='bbox 633 2106 691 2156; x_wconf 90' lang='lat' dir='ltr'>et</span> <span class='ocrx_word' id='word_1_246' title='bbox 721 2105 982 2155; x_wconf 90' lang='lat' dir='ltr'>mentem</span> <span class='ocrx_word' id='word_1_247' title='bbox 1013 2104 1074 2154; x_wconf 89' lang='lat' dir='ltr'>et</span> <span class='ocrx_word' id='word_1_248' title='bbox 1128 2097 1394 2170; x_wconf 81' lang='lat' dir='ltr'>linguam</span> <span class='ocrx_word' id='word_1_249' title='bbox 1450 2096 1686 2164; x_wconf 81' lang='lat' dir='ltr'>excitat,</span> <span class='ocrx_word' id='word_1_250' title='bbox 1736 2096 2065 2152; x_wconf 81' lang='lat' dir='ltr'>maximum</span> 
     </span>
    </p>
   </div>
   <div class='ocr_carea' id='block_1_38' title="bbox 408 2185 2066 2263">
    <p class='ocr_par' dir='ltr' id='par_1_38' title="bbox 408 2185 2066 2263">
     <span class='ocr_line' id='line_1_38' title="bbox 408 2185 2066 2263; baseline -0.006 -14"><span class='ocrx_word' id='word_1_251' title='bbox 408 2209 571 2263; x_wconf 84' lang='lat' dir='ltr'>sane,</span> <span class='ocrx_word' id='word_1_252' title='bbox 603 2195 664 2247; x_wconf 87' lang='lat' dir='ltr'>et</span> <span class='ocrx_word' id='word_1_253' title='bbox 699 2189 1077 2246; x_wconf 89' lang='lat' dir='ltr'>laudatorum</span> <span class='ocrx_word' id='word_1_254' title='bbox 1107 2188 1304 2260; x_wconf 89' lang='lat' dir='ltr'>ipsum</span> <span class='ocrx_word' id='word_1_255' title='bbox 1337 2185 1411 2242; x_wconf 93' lang='lat' dir='ltr'>ad</span> <span class='ocrx_word' id='word_1_256' title='bbox 1462 2185 1638 2242; x_wconf 73' lang='lat' dir='ltr'>cmlos</span> <span class='ocrx_word' id='word_1_257' title='bbox 1691 2203 1758 2241; x_wconf 86' lang='lat' dir='ltr'>ac</span> <span class='ocrx_word' id='word_1_258' title='bbox 1807 2185 2005 2240; x_wconf 88' lang='lat' dir='ltr'>divina</span> <span class='ocrx_word' id='word_1_259' title='bbox 2033 2201 2066 2240; x_wconf 89' lang='lat' dir='ltr'>e</span> 
     </span>
    </p>
   </div>
   <div class='ocr_carea' id='block_1_39' title="bbox 408 2275 2067 2351">
    <p class='ocr_par' dir='ltr' id='par_1_39' title="bbox 408 2275 2067 2351">
     <span class='ocr_line' id='line_1_39' title="bbox 408 2275 2067 2351; baseline -0.005 -14"><span class='ocrx_word' id='word_1_260' title='bbox 408 2281 664 2338; x_wconf 86' lang='lat' dir='ltr'>terrenis</span> <span class='ocrx_word' id='word_1_261' title='bbox 695 2279 1052 2351; x_wconf 87' lang='lat' dir='ltr'>erigens,est</span> <span class='ocrx_word' id='word_1_262' title='bbox 1072 2277 1251 2331; x_wconf 88' lang='lat' dir='ltr'>etiam</span> <span class='ocrx_word' id='word_1_263' title='bbox 1283 2275 1538 2348; x_wconf 82' lang='lat' dir='ltr'>Virginis</span> <span class='ocrx_word' id='word_1_264' title='bbox 1569 2275 1643 2331; x_wconf 89' lang='lat' dir='ltr'>ad</span> <span class='ocrx_word' id='word_1_265' title='bbox 1667 2276 1848 2331; x_wconf 92' lang='lat' dir='ltr'>Deum</span> <span class='ocrx_word' id='word_1_266' title='bbox 1872 2279 2067 2330; x_wconf 88' lang='lat' dir='ltr'>trans-</span> 
     </span>
    </p>
   </div>
   <div class='ocr_carea' id='block_1_40' title="bbox 409 2363 2068 2440">
    <p class='ocr_par' dir='ltr' id='par_1_40' title="bbox 409 2363 2068 2440">
     <span class='ocr_line' id='line_1_40' title="bbox 409 2363 2068 2440; baseline -0.005 -14"><span class='ocrx_word' id='word_1_267' title='bbox 409 2368 638 2440; x_wconf 89' lang='lat' dir='ltr'>itus,ad</span> <span class='ocrx_word' id='word_1_268' title='bbox 669 2383 846 2440; x_wconf 88' lang='lat' dir='ltr'>quem</span> <span class='ocrx_word' id='word_1_269' title='bbox 874 2363 1293 2422; x_wconf 90' lang='lat' dir='ltr'>celebrandum</span> <span class='ocrx_word' id='word_1_270' title='bbox 1325 2363 1609 2420; x_wconf 87' lang='lat' dir='ltr'>solemnis</span> <span class='ocrx_word' id='word_1_271' title='bbox 1629 2363 1723 2420; x_wconf 91' lang='lat' dir='ltr'>hic</span> <span class='ocrx_word' id='word_1_272' title='bbox 1743 2369 2068 2420; x_wconf 88' lang='lat' dir='ltr'>conventus</span> 
     </span>
    </p>
   </div>
   <div class='ocr_carea' id='block_1_41' title="bbox 409 2453 2069 2532">
    <p class='ocr_par' dir='ltr' id='par_1_41' title="bbox 409 2453 2069 2532">
     <span class='ocr_line' id='line_1_41' title="bbox 409 2453 2069 2532; baseline -0.003 -19"><span class='ocrx_word' id='word_1_273' title='bbox 409 2459 623 2532; x_wconf 84' lang='lat' dir='ltr'>agitur.</span> <span class='ocrx_word' id='word_1_274' title='bbox 657 2457 818 2511; x_wconf 89' lang='lat' dir='ltr'>Sicut</span> <span class='ocrx_word' id='word_1_275' title='bbox 847 2455 1008 2510; x_wconf 89' lang='lat' dir='ltr'>enim</span> <span class='ocrx_word' id='word_1_276' title='bbox 1038 2455 1263 2524; x_wconf 90' lang='lat' dir='ltr'>omnia,</span> <span class='ocrx_word' id='word_1_277' title='bbox 1295 2469 1426 2525; x_wconf 65' lang='lat' dir='ltr'>quis</span> <span class='ocrx_word' id='word_1_278' title='bbox 1474 2454 1548 2509; x_wconf 90' lang='lat' dir='ltr'>ad</span> <span class='ocrx_word' id='word_1_279' title='bbox 1594 2453 2069 2509; x_wconf 89' lang='lat' dir='ltr'>laudatissimam</span> 
     </span>
    </p>
   </div>
   <div class='ocr_carea' id='block_1_42' title="bbox 409 2543 2069 2618">
    <p class='ocr_par' dir='ltr' id='par_1_42' title="bbox 409 2543 2069 2618">
     <span class='ocr_line' id='line_1_42' title="bbox 409 2543 2069 2618; baseline -0.003 -15"><span class='ocrx_word' id='word_1_280' title='bbox 409 2549 563 2604; x_wconf 89' lang='lat' dir='ltr'>hanc</span> <span class='ocrx_word' id='word_1_281' title='bbox 589 2549 858 2618; x_wconf 89' lang='lat' dir='ltr'>spectant</span> <span class='ocrx_word' id='word_1_282' title='bbox 887 2545 986 2615; x_wconf 89' lang='lat'>(6),</span> <span class='ocrx_word' id='word_1_283' title='bbox 1021 2543 1148 2616; x_wconf 87' lang='lat' dir='ltr'>ejus</span> <span class='ocrx_word' id='word_1_284' title='bbox 1171 2559 1384 2615; x_wconf 89' lang='lat' dir='ltr'>nempe</span> <span class='ocrx_word' id='word_1_285' title='bbox 1414 2543 1574 2598; x_wconf 92' lang='lat' dir='ltr'>inter</span> <span class='ocrx_word' id='word_1_286' title='bbox 1593 2543 1868 2598; x_wconf 87' lang='lat' dir='ltr'>homines</span> <span class='ocrx_word' id='word_1_287' title='bbox 1882 2549 2069 2609; x_wconf 86' lang='lat' dir='ltr'>ortus,</span> 
     </span>
    </p>
   </div>
   <div class='ocr_carea' id='block_1_43' title="bbox 412 2619 2097 2706">
    <p class='ocr_par' dir='ltr' id='par_1_43' title="bbox 412 2619 2097 2706">
     <span class='ocr_line' id='line_1_43' title="bbox 412 2619 2097 2706; baseline -0.004 -11"><span class='ocrx_word' id='word_1_288' title='bbox 412 2635 762 2695; x_wconf 86' lang='lat' dir='ltr'>admiranda</span> <span class='ocrx_word' id='word_1_289' title='bbox 775 2635 836 2692; x_wconf 90' lang='lat' dir='ltr'>in</span> <span class='ocrx_word' id='word_1_290' title='bbox 848 2633 1079 2706; x_wconf 87' lang='lat' dir='ltr'>augusti</span> <span class='ocrx_word' id='word_1_291' title='bbox 1095 2633 1298 2704; x_wconf 91' lang='lat' dir='ltr'>templi</span> <span class='ocrx_word' id='word_1_292' title='bbox 1315 2632 1643 2688; x_wconf 86' lang='lat' dir='ltr'>recessibus</span> <span class='ocrx_word' id='word_1_293' title='bbox 1658 2633 2068 2703; x_wconf 86' lang='lat' dir='ltr'>commoratio,</span> <span class='ocrx_word' id='word_1_294' title='bbox 2082 2619 2097 2628; x_wconf 72' lang='grc'><strong>’</strong></span> 
     </span>
    </p>
   </div>
   <div class='ocr_carea' id='block_1_44' title="bbox 413 2720 2072 2792">
    <p class='ocr_par' dir='ltr' id='par_1_44' title="bbox 413 2720 2072 2792">
     <span class='ocr_line' id='line_1_44' title="bbox 413 2720 2072 2792; baseline -0.005 -9"><span class='ocrx_word' id='word_1_295' title='bbox 413 2726 767 2783; x_wconf 86' lang='lat' dir='ltr'>alimentum</span> <span class='ocrx_word' id='word_1_296' title='bbox 789 2738 909 2778; x_wconf 90' lang='lat' dir='ltr'>non</span> <span class='ocrx_word' id='word_1_297' title='bbox 941 2739 972 2778; x_wconf 93' lang='lat' dir='ltr'>e</span> <span class='ocrx_word' id='word_1_298' title='bbox 999 2728 1168 2777; x_wconf 77' lang='lat' dir='ltr'>terrm</span> <span class='ocrx_word' id='word_1_299' title='bbox 1195 2720 1487 2778; x_wconf 84' lang='lat' dir='ltr'>fructibus</span> <span class='ocrx_word' id='word_1_300' title='bbox 1510 2721 1614 2776; x_wconf 92' lang='lat' dir='ltr'>sed</span> <span class='ocrx_word' id='word_1_301' title='bbox 1637 2737 1668 2776; x_wconf 90' lang='lat' dir='ltr'>e</span> <span class='ocrx_word' id='word_1_302' title='bbox 1699 2720 1825 2776; x_wconf 75' lang='lat' dir='ltr'>cmli</span> <span class='ocrx_word' id='word_1_303' title='bbox 1849 2736 2072 2792; x_wconf 87' lang='lat' dir='ltr'>penore</span> 
     </span>
    </p>
   </div>
   <div class='ocr_carea' id='block_1_45' title="bbox 413 2809 2074 2886">
    <p class='ocr_par' dir='ltr' id='par_1_45' title="bbox 413 2809 2074 2886">
     <span class='ocr_line' id='line_1_45' title="bbox 413 2809 2074 2886; baseline -0.004 -15"><span class='ocrx_word' id='word_1_304' title='bbox 413 2813 879 2886; x_wconf 88' lang='lat' dir='ltr'>suppeditatum,</span> <span class='ocrx_word' id='word_1_305' title='bbox 926 2809 1178 2866; x_wconf 80' lang='lat' dir='ltr'>miriﬁca</span> <span class='ocrx_word' id='word_1_306' title='bbox 1208 2809 1392 2864; x_wconf 83' lang='lat' dir='ltr'>divini</span> <span class='ocrx_word' id='word_1_307' title='bbox 1439 2810 1634 2864; x_wconf 88' lang='lat' dir='ltr'>nuntii</span> <span class='ocrx_word' id='word_1_308' title='bbox 1665 2809 1955 2865; x_wconf 85' lang='lat' dir='ltr'>Gabrielis</span> <span class='ocrx_word' id='word_1_309' title='bbox 1985 2825 2074 2865; x_wconf 85' lang='lat' dir='ltr'>sa-</span> 
     </span>
    </p>
   </div>
   <div class='ocr_carea' id='block_1_46' title="bbox 411 2898 2076 2972">
    <p class='ocr_par' dir='ltr' id='par_1_46' title="bbox 411 2898 2076 2972">
     <span class='ocr_line' id='line_1_46' title="bbox 411 2898 2076 2972; baseline -0.003 -13"><span class='ocrx_word' id='word_1_310' title='bbox 411 2902 642 2972; x_wconf 87' lang='lat' dir='ltr'>lutatio,</span> <span class='ocrx_word' id='word_1_311' title='bbox 675 2918 861 2958; x_wconf 88' lang='lat' dir='ltr'>novus</span> <span class='ocrx_word' id='word_1_312' title='bbox 891 2906 1068 2972; x_wconf 87' lang='lat' dir='ltr'>atque</span> <span class='ocrx_word' id='word_1_313' title='bbox 1119 2898 1442 2956; x_wconf 78' lang='lat' dir='ltr'>ineii‘abilis</span> <span class='ocrx_word' id='word_1_314' title='bbox 1479 2903 1712 2971; x_wconf 87' lang='lat' dir='ltr'>partus,</span> <span class='ocrx_word' id='word_1_315' title='bbox 1739 2899 1830 2955; x_wconf 89' lang='lat' dir='ltr'>lac</span> <span class='ocrx_word' id='word_1_316' title='bbox 1860 2904 2076 2972; x_wconf 65' lang='lat' dir='ltr'>praeter</span> 
     </span>
    </p>
   </div>
   <div class='ocr_carea' id='block_1_47' title="bbox 415 2987 2076 3066">
    <p class='ocr_par' dir='ltr' id='par_1_47' title="bbox 415 2987 2076 3066">
     <span class='ocr_line' id='line_1_47' title="bbox 415 2987 2076 3066; baseline -0.005 -16"><span class='ocrx_word' id='word_1_317' title='bbox 415 2993 579 3066; x_wconf 83' lang='lat' dir='ltr'>leges</span> <span class='ocrx_word' id='word_1_318' title='bbox 607 2995 836 3046; x_wconf 60' lang='lat' dir='ltr'>naturai</span> <span class='ocrx_word' id='word_1_319' title='bbox 861 3005 1136 3058; x_wconf 87' lang='lat' dir='ltr'>manans,</span> <span class='ocrx_word' id='word_1_320' title='bbox 1171 2993 1231 3044; x_wconf 89' lang='lat' dir='ltr'>et</span> <span class='ocrx_word' id='word_1_321' title='bbox 1258 2994 1472 3044; x_wconf 63' lang='lat' dir='ltr'>caetera</span> <span class='ocrx_word' id='word_1_322' title='bbox 1503 2987 1641 3058; x_wconf 88' lang='lat' dir='ltr'>alia,</span> <span class='ocrx_word' id='word_1_323' title='bbox 1694 3005 1826 3060; x_wconf 72' lang='lat' dir='ltr'>qua:</span> <span class='ocrx_word' id='word_1_324' title='bbox 1857 2988 2076 3060; x_wconf 88' lang='lat' dir='ltr'>partim</span> 
     </span>
    </p>
   </div>
   <div class='ocr_carea' id='block_1_48' title="bbox 421 3077 2074 3155">
    <p class='ocr_par' dir='ltr' id='par_1_48' title="bbox 421 3077 2074 3155">
     <span class='ocr_line' id='line_1_48' title="bbox 421 3077 2074 3155; baseline -0.002 -17"><span class='ocrx_word' id='word_1_325' title='bbox 421 3081 895 3155; x_wconf 89' lang='lat' dir='ltr'>quidem,utpote</span> <span class='ocrx_word' id='word_1_326' title='bbox 929 3095 1060 3150; x_wconf 66' lang='lat' dir='ltr'>quae</span> <span class='ocrx_word' id='word_1_327' title='bbox 1088 3077 1180 3133; x_wconf 85' lang='lat' dir='ltr'>vel</span> <span class='ocrx_word' id='word_1_328' title='bbox 1199 3093 1375 3134; x_wconf 91' lang='lat' dir='ltr'>omne</span> <span class='ocrx_word' id='word_1_329' title='bbox 1394 3077 1680 3134; x_wconf 82' lang='lat' dir='ltr'>excedant</span> <span class='ocrx_word' id='word_1_330' title='bbox 1697 3077 2074 3139; x_wconf 81' lang='lat' dir='ltr'>miraculum,</span> 
     </span>
    </p>
   </div>
   <div class='ocr_carea' id='block_1_49' title="bbox 421 3164 2078 3243">
    <p class='ocr_par' dir='ltr' id='par_1_49' title="bbox 421 3164 2078 3243">
     <span class='ocr_line' id='line_1_49' title="bbox 421 3164 2078 3243; baseline -0.003 -17"><span class='ocrx_word' id='word_1_331' title='bbox 421 3167 904 3243; x_wconf 88' lang='lat' dir='ltr'>splendidissime</span> <span class='ocrx_word' id='word_1_332' title='bbox 923 3167 1542 3239; x_wconf 88' lang='lat' dir='ltr'>celebrantur,partim</span> <span class='ocrx_word' id='word_1_333' title='bbox 1563 3183 1697 3221; x_wconf 89' lang='lat' dir='ltr'>vero</span> <span class='ocrx_word' id='word_1_334' title='bbox 1717 3164 2078 3222; x_wconf 71' lang='lat' dir='ltr'>incelebrata</span> 
     </span>
    </p>
   </div>
   <div class='ocr_carea' id='block_1_50' title="bbox 2173 2001 3832 2082">
    <p class='ocr_par' dir='ltr' id='par_1_50' title="bbox 2173 2001 3832 2082">
     <span class='ocr_line' id='line_1_50' title="bbox 2173 2001 3832 2082; baseline -0.002 -20"><span class='ocrx_word' id='word_1_335' title='bbox 2173 2003 2542 2082; x_wconf 84' lang='grc' dir='ltr'>διαυγασθείη,</span> <span class='ocrx_word' id='word_1_336' title='bbox 2594 2006 2686 2061; x_wconf 84' lang='grc' dir='ltr'>καὶ</span> <span class='ocrx_word' id='word_1_337' title='bbox 2741 2009 2864 2061; x_wconf 73' lang='grc' dir='ltr'>νοῦν</span> <span class='ocrx_word' id='word_1_338' title='bbox 2929 2004 3019 2061; x_wconf 69' lang='grc' dir='ltr'>οιαὶ</span> <span class='ocrx_word' id='word_1_339' title='bbox 3106 2003 3358 2082; x_wconf 83' lang='grc' dir='ltr'>γλῶσσαν</span> <span class='ocrx_word' id='word_1_340' title='bbox 3447 2001 3572 2077; x_wconf 80' lang='grc' dir='ltr'>περὶ</span> <span class='ocrx_word' id='word_1_341' title='bbox 3655 2001 3832 2072; x_wconf 73' lang='grc' dir='ltr'>αὐτῆς</span> 
     </span>
    </p>
   </div>
   <div class='ocr_carea' id='block_1_51' title="bbox 2175 2092 3834 2170">
    <p class='ocr_par' dir='ltr' id='par_1_51' title="bbox 2175 2092 3834 2170">
     <span class='ocr_line' id='line_1_51' title="bbox 2175 2092 3834 2170; baseline -0.002 -19"><span class='ocrx_word' id='word_1_342' title='bbox 2175 2092 2493 2166; x_wconf 83' lang='grc' dir='ltr'>διυπνίζων,</span> <span class='ocrx_word' id='word_1_343' title='bbox 2541 2093 2747 2168; x_wconf 83' lang='grc' dir='ltr'>κομιδῆ</span> <span class='ocrx_word' id='word_1_344' title='bbox 2821 2093 3099 2170; x_wconf 71' lang='grc' dir='ltr'>μέγιστον,</span> <span class='ocrx_word' id='word_1_345' title='bbox 3165 2093 3256 2150; x_wconf 85' lang='grc' dir='ltr'>καὶ</span> <span class='ocrx_word' id='word_1_346' title='bbox 3308 2093 3416 2148; x_wconf 83' lang='grc' dir='ltr'>ἀπὸ</span> <span class='ocrx_word' id='word_1_347' title='bbox 3472 2097 3580 2148; x_wconf 87' lang='grc' dir='ltr'>τῶν</span> <span class='ocrx_word' id='word_1_348' title='bbox 3620 2094 3834 2168; x_wconf 77' lang='grc' dir='ltr'>γηϊνων</span> 
     </span>
    </p>
   </div>
   <div class='ocr_carea' id='block_1_52' title="bbox 2174 2179 3838 2263">
    <p class='ocr_par' dir='ltr' id='par_1_52' title="bbox 2174 2179 3838 2263">
     <span class='ocr_line' id='line_1_52' title="bbox 2174 2179 3838 2263; baseline -0.003 -24"><span class='ocrx_word' id='word_1_349' title='bbox 2174 2185 2312 2260; x_wconf 87' lang='grc' dir='ltr'>πρὸς</span> <span class='ocrx_word' id='word_1_350' title='bbox 2343 2185 2574 2260; x_wconf 77' lang='grc' dir='ltr'>οὐρανόν</span> <span class='ocrx_word' id='word_1_351' title='bbox 2601 2205 2661 2240; x_wconf 87' lang='grc' dir='ltr'>τε</span> <span class='ocrx_word' id='word_1_352' title='bbox 2711 2184 2801 2240; x_wconf 85' lang='grc' dir='ltr'>καὶ</span> <span class='ocrx_word' id='word_1_353' title='bbox 2862 2185 2983 2239; x_wconf 79' lang='grc' dir='ltr'>θεῖα</span> <span class='ocrx_word' id='word_1_354' title='bbox 3042 2180 3206 2263; x_wconf 71' lang='grc' dir='ltr'>φέρον</span> <span class='ocrx_word' id='word_1_355' title='bbox 3259 2181 3353 2237; x_wconf 85' lang='grc' dir='ltr'>τὸν</span> <span class='ocrx_word' id='word_1_356' title='bbox 3413 2181 3682 2254; x_wconf 72' lang='grc' dir='ltr'>ὑμνητήν,</span> <span class='ocrx_word' id='word_1_357' title='bbox 3739 2179 3838 2236; x_wconf 85' lang='grc' dir='ltr'>καὶ</span> 
     </span>
    </p>
   </div>
   <div class='ocr_carea' id='block_1_53' title="bbox 2176 2267 3836 2348">
    <p class='ocr_par' dir='ltr' id='par_1_53' title="bbox 2176 2267 3836 2348">
     <span class='ocr_line' id='line_1_53' title="bbox 2176 2267 3836 2348; baseline -0.003 -20"><span class='ocrx_word' id='word_1_358' title='bbox 2176 2277 2212 2345; x_wconf 79' lang='grc' dir='ltr'>ἡ</span> <span class='ocrx_word' id='word_1_359' title='bbox 2245 2275 2380 2348; x_wconf 86' lang='grc' dir='ltr'>πρὸς</span> <span class='ocrx_word' id='word_1_360' title='bbox 2409 2272 2502 2329; x_wconf 74' lang='grc' dir='ltr'>τὰν</span> <span class='ocrx_word' id='word_1_361' title='bbox 2561 2275 2688 2329; x_wconf 86' lang='grc' dir='ltr'>Θεὸν</span> <span class='ocrx_word' id='word_1_362' title='bbox 2747 2280 2847 2343; x_wconf 84' lang='grc' dir='ltr'>τῆς</span> <span class='ocrx_word' id='word_1_363' title='bbox 2909 2275 3188 2348; x_wconf 71' lang='grc' dir='ltr'>Παρθένου</span> <span class='ocrx_word' id='word_1_364' title='bbox 3253 2269 3594 2345; x_wconf 76' lang='grc' dir='ltr'>μετάστασις,</span> <span class='ocrx_word' id='word_1_365' title='bbox 3635 2267 3709 2325; x_wconf 83' lang='grc' dir='ltr'>δι’</span> <span class='ocrx_word' id='word_1_366' title='bbox 3763 2269 3836 2340; x_wconf 77' lang='grc' dir='ltr'>ἤν</span> 
     </span>
    </p>
   </div>
   <div class='ocr_carea' id='block_1_54' title="bbox 2178 2360 3840 2443">
    <p class='ocr_par' dir='ltr' id='par_1_54' title="bbox 2178 2360 3840 2443">
     <span class='ocr_line' id='line_1_54' title="bbox 2178 2360 3840 2443; baseline -0.003 -22"><span class='ocrx_word' id='word_1_367' title='bbox 2178 2367 2214 2436; x_wconf 85' lang='grc' dir='ltr'>ἠ</span> <span class='ocrx_word' id='word_1_368' title='bbox 2271 2369 2518 2442; x_wconf 78' lang='grc' dir='ltr'>παροῦσα</span> <span class='ocrx_word' id='word_1_369' title='bbox 2569 2367 2890 2443; x_wconf 78' lang='grc' dir='ltr'>πανήγυρις.</span> <span class='ocrx_word' id='word_1_370' title='bbox 2951 2363 3208 2438; x_wconf 78' lang='grc' dir='ltr'>Καθάπερ</span> <span class='ocrx_word' id='word_1_371' title='bbox 3268 2360 3372 2437; x_wconf 75' lang='grc' dir='ltr'>γὰρ</span> <span class='ocrx_word' id='word_1_372' title='bbox 3415 2361 3484 2416; x_wconf 77' lang='grc' dir='ltr'>τὰ</span> <span class='ocrx_word' id='word_1_373' title='bbox 3536 2361 3674 2416; x_wconf 80' lang='grc' dir='ltr'>κατὰ</span> <span class='ocrx_word' id='word_1_374' title='bbox 3731 2361 3840 2430; x_wconf 77' lang='grc' dir='ltr'>τήν</span> 
     </span>
    </p>
   </div>
   <div class='ocr_carea' id='block_1_55' title="bbox 2178 2448 3839 2528">
    <p class='ocr_par' dir='ltr' id='par_1_55' title="bbox 2178 2448 3839 2528">
     <span class='ocr_line' id='line_1_55' title="bbox 2178 2448 3839 2528; baseline -0.005 -16"><span class='ocrx_word' id='word_1_375' title='bbox 2178 2454 2524 2528; x_wconf 76' lang='grc' dir='ltr'>πανύμνητον</span> <span class='ocrx_word' id='word_1_376' title='bbox 2583 2454 2820 2524; x_wconf 77' lang='grc' dir='ltr'>ἃπαντα,</span> <span class='ocrx_word' id='word_1_377' title='bbox 2891 2455 2930 2522; x_wconf 71' lang='grc' dir='ltr'>ἡ</span> <span class='ocrx_word' id='word_1_378' title='bbox 2989 2448 3226 2525; x_wconf 79' lang='grc' dir='ltr'>πρόοδος</span> <span class='ocrx_word' id='word_1_379' title='bbox 3273 2453 3311 2521; x_wconf 76' lang='grc' dir='ltr'>ἡ</span> <span class='ocrx_word' id='word_1_380' title='bbox 3361 2449 3436 2512; x_wconf 88' lang='grc' dir='ltr'>εἰς</span> <span class='ocrx_word' id='word_1_381' title='bbox 3495 2449 3839 2524; x_wconf 79' lang='grc' dir='ltr'>ἀνθρώπους,</span> 
     </span>
    </p>
   </div>
   <div class='ocr_carea' id='block_1_56' title="bbox 2143 2535 3841 2628">
    <p class='ocr_par' dir='ltr' id='par_1_56' title="bbox 2143 2535 3841 2628">
     <span class='ocr_line' id='line_1_56' title="bbox 2143 2535 3841 2628; baseline -0.004 -29"><span class='ocrx_word' id='word_1_382' title='bbox 2143 2616 2154 2628; x_wconf 44' lang='lat'><em>.</em></span> <span class='ocrx_word' id='word_1_383' title='bbox 2179 2548 2214 2614; x_wconf 73' lang='grc' dir='ltr'>ἡ</span> <span class='ocrx_word' id='word_1_384' title='bbox 2250 2543 2303 2600; x_wconf 83' lang='grc' dir='ltr'>ἐν</span> <span class='ocrx_word' id='word_1_385' title='bbox 2334 2549 2453 2605; x_wconf 87' lang='grc' dir='ltr'>τοῖς</span> <span class='ocrx_word' id='word_1_386' title='bbox 2484 2537 2712 2606; x_wconf 76' lang='grc' dir='ltr'>ἀϐάτοις</span> <span class='ocrx_word' id='word_1_387' title='bbox 2744 2545 2842 2598; x_wconf 77' lang='grc' dir='ltr'>τοῦ</span> <span class='ocrx_word' id='word_1_388' title='bbox 2871 2536 3175 2614; x_wconf 75' lang='grc' dir='ltr'>σεϐασμίου</span> <span class='ocrx_word' id='word_1_389' title='bbox 3225 2541 3398 2596; x_wconf 86' lang='grc' dir='ltr'>τόπου</span> <span class='ocrx_word' id='word_1_390' title='bbox 3450 2535 3572 2610; x_wconf 78' lang='grc' dir='ltr'>ξένη</span> <span class='ocrx_word' id='word_1_391' title='bbox 3625 2535 3841 2614; x_wconf 81' lang='grc' dir='ltr'>διατρι-</span> 
     </span>
    </p>
   </div>
   <div class='ocr_carea' id='block_1_57' title="bbox 2182 2627 3841 2710">
    <p class='ocr_par' dir='ltr' id='par_1_57' title="bbox 2182 2627 3841 2710">
     <span class='ocr_line' id='line_1_57' title="bbox 2182 2627 3841 2710; baseline -0.003 -22"><span class='ocrx_word' id='word_1_392' title='bbox 2182 2628 2278 2702; x_wconf 79' lang='grc' dir='ltr'>ϐὴ,</span> <span class='ocrx_word' id='word_1_393' title='bbox 2304 2635 2340 2703; x_wconf 81' lang='grc' dir='ltr'><strong>ἡ</strong></span> <span class='ocrx_word' id='word_1_394' title='bbox 2373 2631 2473 2688; x_wconf 75' lang='grc' dir='ltr'>οὐκ</span> <span class='ocrx_word' id='word_1_395' title='bbox 2501 2631 2552 2704; x_wconf 79' lang='grc' dir='ltr'>ἐξ</span> <span class='ocrx_word' id='word_1_396' title='bbox 2583 2633 2658 2705; x_wconf 78' lang='grc' dir='ltr'>ᾤν</span> <span class='ocrx_word' id='word_1_397' title='bbox 2691 2631 2810 2710; x_wconf 72' lang='grc' dir='ltr'>φύει</span> <span class='ocrx_word' id='word_1_398' title='bbox 2866 2631 3027 2700; x_wconf 70' lang='grc' dir='ltr'>Χοῦς,</span> <span class='ocrx_word' id='word_1_399' title='bbox 3086 2627 3212 2685; x_wconf 83' lang='grc' dir='ltr'>ἀλλ’</span> <span class='ocrx_word' id='word_1_400' title='bbox 3269 2627 3516 2704; x_wconf 68' lang='grc' dir='ltr'>οὐρανὸς,</span> <span class='ocrx_word' id='word_1_401' title='bbox 3573 2627 3841 2705; x_wconf 75' lang='grc' dir='ltr'>χορηγη-</span> 
     </span>
    </p>
   </div>
   <div class='ocr_carea' id='block_1_58' title="bbox 2183 2713 3842 2798">
    <p class='ocr_par' dir='ltr' id='par_1_58' title="bbox 2183 2713 3842 2798">
     <span class='ocr_line' id='line_1_58' title="bbox 2183 2713 3842 2798; baseline -0.004 -20"><span class='ocrx_word' id='word_1_402' title='bbox 2183 2725 2331 2779; x_wconf 86' lang='grc' dir='ltr'>θεῖσα</span> <span class='ocrx_word' id='word_1_403' title='bbox 2361 2723 2561 2798; x_wconf 64' lang='grc' dir='ltr'>τροφὴ,</span> <span class='ocrx_word' id='word_1_404' title='bbox 2610 2721 2639 2776; x_wconf 83' lang='grc' dir='ltr'>ὁ</span> <span class='ocrx_word' id='word_1_405' title='bbox 2697 2723 2792 2775; x_wconf 77' lang='grc' dir='ltr'>τοῦ</span> <span class='ocrx_word' id='word_1_406' title='bbox 2849 2719 2994 2784; x_wconf 75' lang='grc' dir='ltr'>θείου</span> <span class='ocrx_word' id='word_1_407' title='bbox 3046 2713 3292 2794; x_wconf 72' lang='grc' dir='ltr'>Γαϐριὴλ</span> <span class='ocrx_word' id='word_1_408' title='bbox 3324 2717 3602 2794; x_wconf 75' lang='grc' dir='ltr'>ὑπερφυὴς</span> <span class='ocrx_word' id='word_1_409' title='bbox 3657 2716 3842 2772; x_wconf 80' lang='grc' dir='ltr'>ἀσπα-</span> 
     </span>
    </p>
   </div>
   <div class='ocr_carea' id='block_1_59' title="bbox 2185 2805 3840 2885">
    <p class='ocr_par' dir='ltr' id='par_1_59' title="bbox 2185 2805 3840 2885">
     <span class='ocr_line' id='line_1_59' title="bbox 2185 2805 3840 2885; baseline -0.005 -18"><span class='ocrx_word' id='word_1_410' title='bbox 2185 2811 2348 2885; x_wconf 81' lang='grc' dir='ltr'>σμὸς,</span> <span class='ocrx_word' id='word_1_411' title='bbox 2373 2811 2402 2866; x_wconf 85' lang='grc' dir='ltr'>ὁ</span> <span class='ocrx_word' id='word_1_412' title='bbox 2437 2811 2623 2872; x_wconf 88' lang='grc' dir='ltr'>καινὸς</span> <span class='ocrx_word' id='word_1_413' title='bbox 2651 2809 2743 2864; x_wconf 77' lang='grc' dir='ltr'>καὶ</span> <span class='ocrx_word' id='word_1_414' title='bbox 2775 2808 3088 2884; x_wconf 67' lang='grc' dir='ltr'>ἀπόρρητος</span> <span class='ocrx_word' id='word_1_415' title='bbox 3115 2808 3298 2877; x_wconf 84' lang='grc' dir='ltr'>τόκος,</span> <span class='ocrx_word' id='word_1_416' title='bbox 3329 2809 3365 2877; x_wconf 73' lang='grc' dir='ltr'><strong>ἡ</strong></span> <span class='ocrx_word' id='word_1_417' title='bbox 3421 2811 3519 2862; x_wconf 82' lang='grc' dir='ltr'>τοῦ</span> <span class='ocrx_word' id='word_1_418' title='bbox 3563 2805 3840 2882; x_wconf 76' lang='grc' dir='ltr'>γάλακτος</span> 
     </span>
    </p>
   </div>
   <div class='ocr_carea' id='block_1_60' title="bbox 2184 2891 3842 2974">
    <p class='ocr_par' dir='ltr' id='par_1_60' title="bbox 2184 2891 3842 2974">
     <span class='ocr_line' id='line_1_60' title="bbox 2184 2891 3842 2974; baseline -0.002 -20"><span class='ocrx_word' id='word_1_419' title='bbox 2184 2897 2490 2974; x_wconf 77' lang='grc' dir='ltr'>παράδοξος</span> <span class='ocrx_word' id='word_1_420' title='bbox 2553 2897 2768 2974; x_wconf 73' lang='grc' dir='ltr'>βλῦσις,</span> <span class='ocrx_word' id='word_1_421' title='bbox 2847 2897 2940 2952; x_wconf 79' lang='grc' dir='ltr'>καὶ</span> <span class='ocrx_word' id='word_1_422' title='bbox 2997 2895 3198 2967; x_wconf 77' lang='grc' dir='ltr'>τᾶλλα,</span> <span class='ocrx_word' id='word_1_423' title='bbox 3244 2897 3321 2951; x_wconf 83' lang='grc' dir='ltr'>ὧν</span> <span class='ocrx_word' id='word_1_424' title='bbox 3384 2895 3454 2952; x_wconf 77' lang='grc' dir='ltr'>τὰ</span> <span class='ocrx_word' id='word_1_425' title='bbox 3506 2895 3601 2968; x_wconf 69' lang='grc' dir='ltr'>μὲν</span> <span class='ocrx_word' id='word_1_426' title='bbox 3651 2891 3842 2966; x_wconf 76' lang='grc' dir='ltr'>ᾅδεται</span> 
     </span>
    </p>
   </div>
   <div class='ocr_carea' id='block_1_61' title="bbox 2185 2981 3848 3068">
    <p class='ocr_par' dir='ltr' id='par_1_61' title="bbox 2185 2981 3848 3068">
     <span class='ocr_line' id='line_1_61' title="bbox 2185 2981 3848 3068; baseline -0.003 -24"><span class='ocrx_word' id='word_1_427' title='bbox 2185 2993 2524 3068; x_wconf 68' lang='grc' dir='ltr'>περιφανῶς,</span> <span class='ocrx_word' id='word_1_428' title='bbox 2583 2987 2678 3043; x_wconf 70' lang='grc' dir='ltr'>ἅτε</span> <span class='ocrx_word' id='word_1_429' title='bbox 2727 2985 2796 3058; x_wconf 80' lang='grc' dir='ltr'>δὴ</span> <span class='ocrx_word' id='word_1_430' title='bbox 2855 2986 2946 3043; x_wconf 81' lang='grc' dir='ltr'>καὶ</span> <span class='ocrx_word' id='word_1_431' title='bbox 2995 2987 3270 3060; x_wconf 83' lang='grc' dir='ltr'>θαύματος</span> <span class='ocrx_word' id='word_1_432' title='bbox 3313 2984 3474 3061; x_wconf 73' lang='grc' dir='ltr'>πέρα,</span> <span class='ocrx_word' id='word_1_433' title='bbox 3533 2982 3648 3040; x_wconf 87' lang='grc' dir='ltr'>ἔστι</span> <span class='ocrx_word' id='word_1_434' title='bbox 3693 2981 3751 3040; x_wconf 75' lang='grc' dir='ltr'>δὲ</span> <span class='ocrx_word' id='word_1_435' title='bbox 3808 2984 3848 3039; x_wconf 76' lang='grc' dir='ltr'>’ἁ</span> 
     </span>
    </p>
   </div>
   <div class='ocr_carea' id='block_1_62' title="bbox 2185 3073 3851 3152">
    <p class='ocr_par' dir='ltr' id='par_1_62' title="bbox 2185 3073 3851 3152">
     <span class='ocr_line' id='line_1_62' title="bbox 2185 3073 3851 3152; baseline -0.004 -18"><span class='ocrx_word' id='word_1_436' title='bbox 2185 3077 2274 3134; x_wconf 65' lang='grc' dir='ltr'>καθ</span> <span class='ocrx_word' id='word_1_437' title='bbox 2308 3077 2590 3152; x_wconf 66' lang='grc' dir='ltr'>ἆκήρυκτα</span> <span class='ocrx_word' id='word_1_438' title='bbox 2619 3078 2788 3151; x_wconf 77' lang='grc' dir='ltr'>μένει,</span> <span class='ocrx_word' id='word_1_439' title='bbox 2818 3077 2892 3138; x_wconf 82' lang='grc' dir='ltr'>ὡς</span> <span class='ocrx_word' id='word_1_440' title='bbox 2925 3075 3076 3146; x_wconf 74' lang='grc' dir='ltr'>ἥττω</span> <span class='ocrx_word' id='word_1_441' title='bbox 3107 3079 3215 3130; x_wconf 88' lang='grc' dir='ltr'>τῶν</span> <span class='ocrx_word' id='word_1_442' title='bbox 3277 3076 3404 3150; x_wconf 81' lang='grc' dir='ltr'>παρ’</span> <span class='ocrx_word' id='word_1_443' title='bbox 3463 3073 3632 3144; x_wconf 80' lang='grc' dir='ltr'>αὐτῆς</span> <span class='ocrx_word' id='word_1_444' title='bbox 3699 3074 3851 3148; x_wconf 71' lang='grc' dir='ltr'>ὕψη-</span> 
     </span>
    </p>
   </div>
   <div class='ocr_carea' id='block_1_63' title="bbox 2189 3161 3850 3239">
    <p class='ocr_par' dir='ltr' id='par_1_63' title="bbox 2189 3161 3850 3239">
     <span class='ocr_line' id='line_1_63' title="bbox 2189 3161 3850 3239; baseline -0.004 -15"><span class='ocrx_word' id='word_1_445' title='bbox 2189 3167 2323 3238; x_wconf 88' lang='grc' dir='ltr'>λῶν,</span> <span class='ocrx_word' id='word_1_446' title='bbox 2357 3165 2402 3222; x_wconf 80' lang='grc' dir='ltr'>εί</span> <span class='ocrx_word' id='word_1_447' title='bbox 2433 3167 2519 3222; x_wconf 84' lang='grc' dir='ltr'>καὶ</span> <span class='ocrx_word' id='word_1_448' title='bbox 2557 3165 2730 3239; x_wconf 85' lang='grc' dir='ltr'>μείζω</span> <span class='ocrx_word' id='word_1_449' title='bbox 2760 3169 2867 3220; x_wconf 89' lang='grc' dir='ltr'>τῶν</span> <span class='ocrx_word' id='word_1_450' title='bbox 2925 3163 3117 3220; x_wconf 74' lang='grc' dir='ltr'>ἄλλων</span> <span class='ocrx_word' id='word_1_451' title='bbox 3159 3164 3484 3239; x_wconf 78' lang='grc' dir='ltr'>ἀνθρώπων,</span> <span class='ocrx_word' id='word_1_452' title='bbox 3539 3163 3614 3225; x_wconf 83' lang='grc' dir='ltr'>ὡς</span> <span class='ocrx_word' id='word_1_453' title='bbox 3667 3161 3850 3218; x_wconf 84' lang='grc' dir='ltr'>ἐκεῖνα</span> 
     </span>
    </p>
   </div>
   <div class='ocr_carea' id='block_1_64' title="bbox 424 3250 2072 3356">
    <p class='ocr_par' dir='ltr' id='par_1_64' title="bbox 424 3255 2072 3329">
     <span class='ocr_line' id='line_1_64' title="bbox 424 3255 2072 3329; baseline -0.004 -14"><span class='ocrx_word' id='word_1_454' title='bbox 424 3259 601 3316; x_wconf 89' lang='lat' dir='ltr'>etiam</span> <span class='ocrx_word' id='word_1_455' title='bbox 633 3263 896 3326; x_wconf 90' lang='lat' dir='ltr'>manent,</span> <span class='ocrx_word' id='word_1_456' title='bbox 931 3257 1149 3329; x_wconf 90' lang='lat' dir='ltr'>quippe</span> <span class='ocrx_word' id='word_1_457' title='bbox 1173 3273 1305 3329; x_wconf 68' lang='lat' dir='ltr'>qua)</span> <span class='ocrx_word' id='word_1_458' title='bbox 1353 3255 1462 3311; x_wconf 88' lang='lat' dir='ltr'>etsi</span> <span class='ocrx_word' id='word_1_459' title='bbox 1490 3255 1745 3310; x_wconf 86' lang='lat' dir='ltr'>aliorum</span> <span class='ocrx_word' id='word_1_460' title='bbox 1767 3255 2072 3310; x_wconf 89' lang='lat' dir='ltr'>hominum</span> 
     </span>
    </p>
   </div>
   <div class='ocr_carea' id='block_1_65' title="bbox 2184 3250 3847 3356">
    <p class='ocr_par' dir='ltr' id='par_1_65' title="bbox 2189 3250 3847 3328">
     <span class='ocr_line' id='line_1_65' title="bbox 2189 3250 3847 3328; baseline -0.002 -17"><span class='ocrx_word' id='word_1_461' title='bbox 2189 3257 2369 3312; x_wconf 82' lang='grc' dir='ltr'>τοίνυν</span> <span class='ocrx_word' id='word_1_462' title='bbox 2399 3254 2642 3326; x_wconf 79' lang='grc' dir='ltr'>τοίαῦτα,</span> <span class='ocrx_word' id='word_1_463' title='bbox 2707 3254 2796 3310; x_wconf 81' lang='grc' dir='ltr'>οἷα</span> <span class='ocrx_word' id='word_1_464' title='bbox 2855 3252 3023 3328; x_wconf 86' lang='grc' dir='ltr'>λόγον</span> <span class='ocrx_word' id='word_1_465' title='bbox 3085 3251 3302 3328; x_wconf 77' lang='grc' dir='ltr'>ἐλέγξαι</span> <span class='ocrx_word' id='word_1_466' title='bbox 3357 3252 3551 3322; x_wconf 76' lang='grc' dir='ltr'>πάντα,</span> <span class='ocrx_word' id='word_1_467' title='bbox 3597 3250 3694 3307; x_wconf 79' lang='grc' dir='ltr'>κᾶν</span> <span class='ocrx_word' id='word_1_468' title='bbox 3767 3251 3847 3313; x_wconf 73' lang='grc' dir='ltr'>εἰς</span> 
     </span>
    </p>
   </div>
   <div class='ocr_carea' id='block_1_66' title="bbox 423 3344 2075 3420">
    <p class='ocr_par' dir='ltr' id='par_1_66' title="bbox 423 3344 2075 3420">
     <span class='ocr_line' id='line_1_66' title="bbox 423 3344 2075 3420; baseline -0.003 -15"><span class='ocrx_word' id='word_1_469' title='bbox 423 3347 640 3406; x_wconf 81' lang='lat' dir='ltr'>eximia</span> <span class='ocrx_word' id='word_1_470' title='bbox 670 3363 922 3420; x_wconf 77' lang='lat' dir='ltr'>qumque</span> <span class='ocrx_word' id='word_1_471' title='bbox 949 3345 1124 3418; x_wconf 89' lang='lat' dir='ltr'>longe</span> <span class='ocrx_word' id='word_1_472' title='bbox 1147 3344 2075 3418; x_wconf 73' lang='lat' dir='ltr'>praetergrediantur,pra2celsio-</span> 
     </span>
    </p>
   </div>
   <div class='ocr_carea' id='block_1_67' title="bbox 423 3434 2082 3510">
    <p class='ocr_par' dir='ltr' id='par_1_67' title="bbox 423 3434 2082 3510">
     <span class='ocr_line' id='line_1_67' title="bbox 423 3434 2082 3510; baseline -0.002 -15"><span class='ocrx_word' id='word_1_473' title='bbox 423 3439 594 3496; x_wconf 87' lang='lat' dir='ltr'>ribus</span> <span class='ocrx_word' id='word_1_474' title='bbox 622 3444 824 3494; x_wconf 89' lang='lat' dir='ltr'>tamen</span> <span class='ocrx_word' id='word_1_475' title='bbox 857 3436 1125 3510; x_wconf 88' lang='lat' dir='ltr'>ejusdem</span> <span class='ocrx_word' id='word_1_476' title='bbox 1172 3434 1540 3508; x_wconf 89' lang='lat' dir='ltr'>magnalibus</span> <span class='ocrx_word' id='word_1_477' title='bbox 1571 3435 2082 3504; x_wconf 84' lang='lat' dir='ltr'>vincuntur;sicut</span> 
     </span>
    </p>
   </div>
   <div class='ocr_carea' id='block_1_68' title="bbox 427 3523 2081 3599">
    <p class='ocr_par' dir='ltr' id='par_1_68' title="bbox 427 3523 2081 3599">
     <span class='ocr_line' id='line_1_68' title="bbox 427 3523 2081 3599; baseline -0.002 -15"><span class='ocrx_word' id='word_1_478' title='bbox 427 3545 564 3599; x_wconf 84' lang='lat' dir='ltr'>ergo</span> <span class='ocrx_word' id='word_1_479' title='bbox 595 3527 699 3584; x_wconf 90' lang='lat' dir='ltr'>illa</span> <span class='ocrx_word' id='word_1_480' title='bbox 718 3525 1224 3598; x_wconf 88' lang='lat' dir='ltr'>omniaejusmodi</span> <span class='ocrx_word' id='word_1_481' title='bbox 1247 3530 1477 3596; x_wconf 89' lang='lat' dir='ltr'>sunt,ut</span> <span class='ocrx_word' id='word_1_482' title='bbox 1497 3524 1701 3596; x_wconf 86' lang='lat' dir='ltr'>quovis</span> <span class='ocrx_word' id='word_1_483' title='bbox 1721 3523 1934 3580; x_wconf 81' lang='lat' dir='ltr'>altiora</span> <span class='ocrx_word' id='word_1_484' title='bbox 1964 3525 2081 3580; x_wconf 91' lang='lat' dir='ltr'>sint</span> 
     </span>
    </p>
   </div>
   <div class='ocr_carea' id='block_1_69' title="bbox 2189 3339 3850 3420">
    <p class='ocr_par' dir='ltr' id='par_1_69' title="bbox 2189 3339 3850 3420">
     <span class='ocr_line' id='line_1_69' title="bbox 2189 3339 3850 3420; baseline -0.002 -20"><span class='ocrx_word' id='word_1_485' title='bbox 2189 3345 2379 3420; x_wconf 63' lang='grc' dir='ltr'>αῗθέρα</span> <span class='ocrx_word' id='word_1_486' title='bbox 2416 3343 2507 3400; x_wconf 82' lang='grc' dir='ltr'>καὶ</span> <span class='ocrx_word' id='word_1_487' title='bbox 2563 3344 2694 3416; x_wconf 74' lang='grc' dir='ltr'>ὑπὲρ</span> <span class='ocrx_word' id='word_1_488' title='bbox 2757 3343 3019 3418; x_wconf 76' lang='grc' dir='ltr'>οὐρανοὺς</span> <span class='ocrx_word' id='word_1_489' title='bbox 3077 3340 3372 3418; x_wconf 73' lang='grc' dir='ltr'>ῥητορεύῃ“</span> <span class='ocrx_word' id='word_1_490' title='bbox 3429 3341 3521 3396; x_wconf 83' lang='grc' dir='ltr'>τὸν</span> <span class='ocrx_word' id='word_1_491' title='bbox 3575 3339 3693 3396; x_wconf 69' lang='grc' dir='ltr'>ἴσον</span> <span class='ocrx_word' id='word_1_492' title='bbox 3740 3342 3850 3415; x_wconf 79' lang='grc' dir='ltr'>ἄρα</span> 
     </span>
    </p>
   </div>
   <div class='ocr_carea' id='block_1_70' title="bbox 2186 3427 3856 3510">
    <p class='ocr_par' dir='ltr' id='par_1_70' title="bbox 2186 3427 3856 3510">
     <span class='ocr_line' id='line_1_70' title="bbox 2186 3427 3856 3510; baseline -0.004 -19"><span class='ocrx_word' id='word_1_493' title='bbox 2186 3433 2390 3509; x_wconf 83' lang='grc' dir='ltr'>τρόπον</span> <span class='ocrx_word' id='word_1_494' title='bbox 2420 3433 2512 3489; x_wconf 80' lang='grc' dir='ltr'>καὶ</span> <span class='ocrx_word' id='word_1_495' title='bbox 2542 3435 2577 3504; x_wconf 79' lang='grc' dir='ltr'><strong>ἡ</strong></span> <span class='ocrx_word' id='word_1_496' title='bbox 2619 3431 2847 3508; x_wconf 81' lang='grc' dir='ltr'>λαμπρᾶ</span> <span class='ocrx_word' id='word_1_497' title='bbox 2886 3431 3146 3503; x_wconf 72' lang='grc' dir='ltr'>κοίμησις</span> <span class='ocrx_word' id='word_1_498' title='bbox 3206 3438 3306 3502; x_wconf 77' lang='grc' dir='ltr'>τῆς</span> <span class='ocrx_word' id='word_1_499' title='bbox 3364 3427 3647 3510; x_wconf 82' lang='grc' dir='ltr'>Θεοδόχου</span> <span class='ocrx_word' id='word_1_500' title='bbox 3677 3430 3856 3506; x_wconf 79' lang='grc' dir='ltr'>κόρης</span> 
     </span>
    </p>
   </div>
   <div class='ocr_carea' id='block_1_71' title="bbox 2192 3518 3552 3602">
    <p class='ocr_par' dir='ltr' id='par_1_71' title="bbox 2192 3518 3552 3602">
     <span class='ocr_line' id='line_1_71' title="bbox 2192 3518 3552 3602; baseline -0.002 -23"><span class='ocrx_word' id='word_1_501' title='bbox 2192 3523 2481 3602; x_wconf 72' lang='grc' dir='ltr'>ὑπερφυέσι</span> <span class='ocrx_word' id='word_1_502' title='bbox 2511 3523 2602 3578; x_wconf 86' lang='grc' dir='ltr'>καὶ</span> <span class='ocrx_word' id='word_1_503' title='bbox 2635 3528 2858 3597; x_wconf 83' lang='grc' dir='ltr'>σεμναῖς</span> <span class='ocrx_word' id='word_1_504' title='bbox 2884 3518 3191 3578; x_wconf 78' lang='grc' dir='ltr'>συνὸἐδεται</span> <span class='ocrx_word' id='word_1_505' title='bbox 3225 3521 3552 3598; x_wconf 76' lang='grc' dir='ltr'>θεουργίαις.</span> 
     </span>
    </p>
   </div>
   <div class='ocr_carea' id='block_1_72' title="bbox 437 3613 3848 3690">
    <p class='ocr_par' dir='ltr' id='par_1_72' title="bbox 437 3613 3848 3690">
     <span class='ocr_line' id='line_1_72' title="bbox 437 3613 3848 3690; baseline -0.001 -14"><span class='ocrx_word' id='word_1_506' title='bbox 437 3624 880 3685; x_wconf 89' lang='lat' dir='ltr'>sermone,utut</span> <span class='ocrx_word' id='word_1_507' title='bbox 909 3618 984 3675; x_wconf 86' lang='lat' dir='ltr'>ad</span> <span class='ocrx_word' id='word_1_508' title='bbox 1011 3617 1234 3674; x_wconf 66' lang='lat' dir='ltr'>anthera</span> <span class='ocrx_word' id='word_1_509' title='bbox 1262 3616 1360 3672; x_wconf 89' lang='lat' dir='ltr'>hic</span> <span class='ocrx_word' id='word_1_510' title='bbox 1389 3616 1752 3672; x_wconf 88' lang='lat' dir='ltr'>sublimitate</span> <span class='ocrx_word' id='word_1_511' title='bbox 1773 3633 1880 3672; x_wconf 89' lang='lat' dir='ltr'>sua</span> <span class='ocrx_word' id='word_1_512' title='bbox 1908 3633 1976 3672; x_wconf 91' lang='lat' dir='ltr'>ac</span> <span class='ocrx_word' id='word_1_513' title='bbox 1999 3633 2178 3690; x_wconf 90' lang='lat' dir='ltr'>super</span> <span class='ocrx_word' id='word_1_514' title='bbox 2206 3617 2384 3673; x_wconf 70' lang='lat' dir='ltr'>caelos</span> <span class='ocrx_word' id='word_1_515' title='bbox 2410 3616 2742 3673; x_wconf 81' lang='lat' dir='ltr'>discurrere</span> <span class='ocrx_word' id='word_1_516' title='bbox 2789 3614 3090 3681; x_wconf 88' lang='lat' dir='ltr'>videatur;</span> <span class='ocrx_word' id='word_1_517' title='bbox 3123 3615 3334 3671; x_wconf 87' lang='lat' dir='ltr'>eodem</span> <span class='ocrx_word' id='word_1_518' title='bbox 3364 3614 3540 3688; x_wconf 89' lang='lat' dir='ltr'>plane</span> <span class='ocrx_word' id='word_1_519' title='bbox 3575 3613 3755 3670; x_wconf 87' lang='lat' dir='ltr'>modo</span> <span class='ocrx_word' id='word_1_520' title='bbox 3780 3621 3848 3672; x_wconf 91' lang='lat' dir='ltr'>et</span> 
     </span>
    </p>
   </div>
   <div class='ocr_carea' id='block_1_73' title="bbox 435 3705 3840 3784">
    <p class='ocr_par' dir='ltr' id='par_1_73' title="bbox 435 3705 3840 3784">
     <span class='ocr_line' id='line_1_73' title="bbox 435 3705 3840 3784; baseline -0.002 -18"><span class='ocrx_word' id='word_1_521' title='bbox 435 3709 748 3784; x_wconf 90' lang='lat' dir='ltr'>splendida</span> <span class='ocrx_word' id='word_1_522' title='bbox 759 3710 1017 3783; x_wconf 88' lang='lat' dir='ltr'>Virginis</span> <span class='ocrx_word' id='word_1_523' title='bbox 1049 3709 1150 3765; x_wconf 88' lang='lat' dir='ltr'>Dei</span> <span class='ocrx_word' id='word_1_524' title='bbox 1183 3708 1494 3765; x_wconf 89' lang='lat' dir='ltr'>Genitricis</span> <span class='ocrx_word' id='word_1_525' title='bbox 1513 3707 1787 3764; x_wconf 90' lang='lat' dir='ltr'>dormitio</span> <span class='ocrx_word' id='word_1_526' title='bbox 1807 3708 2326 3766; x_wconf 83' lang='lat' dir='ltr'>excellentissimis</span> <span class='ocrx_word' id='word_1_527' title='bbox 2343 3707 2792 3781; x_wconf 75' lang='lat' dir='ltr'>magnificisque</span> <span class='ocrx_word' id='word_1_528' title='bbox 2806 3707 2907 3763; x_wconf 89' lang='lat' dir='ltr'>Dei</span> <span class='ocrx_word' id='word_1_529' title='bbox 2929 3706 3208 3780; x_wconf 89' lang='lat' dir='ltr'>operibus</span> <span class='ocrx_word' id='word_1_530' title='bbox 3224 3712 3502 3765; x_wconf 85' lang='lat' dir='ltr'>conserta</span> <span class='ocrx_word' id='word_1_531' title='bbox 3515 3705 3840 3778; x_wconf 82' lang='lat' dir='ltr'>reperitur-</span> 
     </span>
    </p>
   </div>
   <div class='ocr_carea' id='block_1_74' title="bbox 542 3854 986 3920">
    <p class='ocr_par' dir='ltr' id='par_1_74' title="bbox 542 3854 986 3920">
     <span class='ocr_line' id='line_1_74' title="bbox 542 3854 986 3920; baseline -0.014 -6"><span class='ocrx_word' id='word_1_532' title='bbox 542 3859 560 3894; x_wconf 88' lang='grc'>¹</span> <span class='ocrx_word' id='word_1_533' title='bbox 589 3854 743 3914; x_wconf 85' lang='lat' dir='ltr'>Psal.</span> <span class='ocrx_word' id='word_1_534' title='bbox 769 3869 928 3920; x_wconf 81' lang='lat' dir='ltr'>xvm,</span> <span class='ocrx_word' id='word_1_535' title='bbox 963 3857 986 3908; x_wconf 79' lang='grc'><strong>1</strong></span> 
     </span>
    </p>
   </div>
   <div class='ocr_carea' id='block_1_75' title="bbox 1795 3942 2488 4007">
    <p class='ocr_par' dir='ltr' id='par_1_75' title="bbox 1795 3942 2488 4007">
     <span class='ocr_line' id='line_1_75' title="bbox 1795 3942 2488 4007; baseline -0.003 -1"><span class='ocrx_word' id='word_1_536' title='bbox 1795 3949 1942 4007; x_wconf 79' lang='lat' dir='ltr'>Ant.</span> <span class='ocrx_word' id='word_1_537' title='bbox 1977 3942 2271 4006; x_wconf 85' lang='lat' dir='ltr'>Ballerini</span> <span class='ocrx_word' id='word_1_538' title='bbox 2303 3947 2488 4005; x_wconf 72' lang='lat' dir='ltr'>notae.</span> 
     </span>
    </p>
   </div>
   <div class='ocr_carea' id='block_1_76' title="bbox 506 4093 2075 4166">
    <p class='ocr_par' dir='ltr' id='par_1_76' title="bbox 506 4093 2075 4166">
     <span class='ocr_line' id='line_1_76' title="bbox 506 4093 2075 4166; baseline 0 -16"><span class='ocrx_word' id='word_1_539' title='bbox 506 4095 584 4165; x_wconf 90' lang='lat'>(3)</span> <span class='ocrx_word' id='word_1_540' title='bbox 615 4094 690 4150; x_wconf 90' lang='lat' dir='ltr'>Ut</span> <span class='ocrx_word' id='word_1_541' title='bbox 742 4093 924 4166; x_wconf 88' lang='lat' dir='ltr'>probe</span> <span class='ocrx_word' id='word_1_542' title='bbox 971 4094 1339 4166; x_wconf 84' lang='lat' dir='ltr'>assequaris._</span> <span class='ocrx_word' id='word_1_543' title='bbox 1389 4093 1532 4166; x_wconf 84' lang='lat' dir='ltr'>quid</span> <span class='ocrx_word' id='word_1_544' title='bbox 1588 4093 1698 4149; x_wconf 89' lang='lat' dir='ltr'>sibi</span> <span class='ocrx_word' id='word_1_545' title='bbox 1730 4094 1894 4166; x_wconf 18' lang='lat' dir='ltr'>ivelit</span> <span class='ocrx_word' id='word_1_546' title='bbox 1950 4095 2075 4150; x_wconf 75' lang='lat' dir='ltr'>hmo</span> 
     </span>
    </p>
   </div>
   <div class='ocr_carea' id='block_1_77' title="bbox 435 4163 2074 4240">
    <p class='ocr_par' dir='ltr' id='par_1_77' title="bbox 435 4163 2074 4240">
     <span class='ocr_line' id='line_1_77' title="bbox 435 4163 2074 4240; baseline 0 -20"><span class='ocrx_word' id='word_1_547' title='bbox 435 4163 857 4240; x_wconf 78' lang='lat' dir='ltr'>Virginiscum</span> <span class='ocrx_word' id='word_1_548' title='bbox 907 4163 1526 4240; x_wconf 15' lang='lat' dir='ltr'>Deo_simili_t_udo,ri&#39;ac</span> <span class='ocrx_word' id='word_1_549' title='bbox 1557 4181 1626 4240; x_wconf 83' lang='lat' dir='ltr'>ea</span> <span class='ocrx_word' id='word_1_550' title='bbox 1664 4165 1910 4240; x_wconf 78' lang='lat' dir='ltr'>relegas,</span> <span class='ocrx_word' id='word_1_551' title='bbox 1945 4183 2074 4240; x_wconf 69' lang='lat' dir='ltr'>qua:</span> 
     </span>
    </p>
   </div>
   <div class='ocr_carea' id='block_1_78' title="bbox 437 4235 2077 4310">
    <p class='ocr_par' dir='ltr' id='par_1_78' title="bbox 437 4235 2077 4310">
     <span class='ocr_line' id='line_1_78' title="bbox 437 4235 2077 4310; baseline -0.001 -17"><span class='ocrx_word' id='word_1_552' title='bbox 437 4255 507 4294; x_wconf 80' lang='lat' dir='ltr'>ex</span> <span class='ocrx_word' id='word_1_553' title='bbox 539 4235 806 4310; x_wconf 75' lang='lat' dir='ltr'>ejusdem</span> <span class='ocrx_word' id='word_1_554' title='bbox 837 4236 1048 4292; x_wconf 84' lang='lat' dir='ltr'>lsidori</span> <span class='ocrx_word' id='word_1_555' title='bbox 1081 4236 1324 4310; x_wconf 66' lang='lat' dir='ltr'>Ilotnilia</span> <span class='ocrx_word' id='word_1_556' title='bbox 1354 4235 2077 4310; x_wconf 40' lang='lat' dir='ltr'>initiativitatem&#39;Virginis</span> 
     </span>
    </p>
   </div>
   <div class='ocr_carea' id='block_1_79' title="bbox 437 4307 2074 4382">
    <p class='ocr_par' dir='ltr' id='par_1_79' title="bbox 437 4307 2074 4382">
     <span class='ocr_line' id='line_1_79' title="bbox 437 4307 2074 4382; baseline -0.001 -19"><span class='ocrx_word' id='word_1_557' title='bbox 437 4311 488 4378; x_wconf 84' lang='lat'>(§</span> <span class='ocrx_word' id='word_1_558' title='bbox 517 4307 604 4382; x_wconf 71' lang='lat'>48,</span> <span class='ocrx_word' id='word_1_559' title='bbox 636 4310 864 4382; x_wconf 87' lang='lat' dir='ltr'>part._l,</span> <span class='ocrx_word' id='word_1_560' title='bbox 897 4324 1024 4382; x_wconf 75' lang='lat' dir='ltr'>pag.</span> <span class='ocrx_word' id='word_1_561' title='bbox 1072 4308 1325 4382; x_wconf 69' lang='lat'>238-239)</span> <span class='ocrx_word' id='word_1_562' title='bbox 1349 4307 1799 4382; x_wconf 12' lang='lat' dir='ltr'>subjecisselhic</span> <span class='ocrx_word' id='word_1_563' title='bbox 1818 4307 2074 4382; x_wconf 80' lang='lat' dir='ltr'>juverit:</span> 
     </span>
    </p>
   </div>
   <div class='ocr_carea' id='block_1_80' title="bbox 439 4379 2075 4450">
    <p class='ocr_par' dir='ltr' id='par_1_80' title="bbox 439 4379 2075 4450">
     <span class='ocr_line' id='line_1_80' title="bbox 439 4379 2075 4450; baseline 0.001 -16"><span class='ocrx_word' id='word_1_564' title='bbox 439 4380 598 4444; x_wconf 84' lang='lat' dir='ltr'>Quod</span> <span class='ocrx_word' id='word_1_565' title='bbox 617 4379 1006 4450; x_wconf 73' lang='lat' dir='ltr'>uero,inquit,</span> <span class='ocrx_word' id='word_1_566' title='bbox 1053 4380 1294 4449; x_wconf 77' lang='lat' dir='ltr'>pertinet</span> <span class='ocrx_word' id='word_1_567' title='bbox 1345 4380 1422 4434; x_wconf 86' lang='lat' dir='ltr'>ad</span> <span class='ocrx_word' id='word_1_568' title='bbox 1462 4379 1618 4434; x_wconf 69' lang='lat' dir='ltr'>hanc</span> <span class='ocrx_word' id='word_1_569' title='bbox 1646 4379 1715 4434; x_wconf 85' lang='lat' dir='ltr'>ab</span> <span class='ocrx_word' id='word_1_570' title='bbox 1771 4381 1922 4434; x_wconf 87' lang='lat' dir='ltr'>omni</span> <span class='ocrx_word' id='word_1_571' title='bbox 1947 4397 2075 4450; x_wconf 80' lang='lat' dir='ltr'>pec-</span> 
     </span>
    </p>
   </div>
   <div class='ocr_carea' id='block_1_81' title="bbox 440 4450 2082 4520">
    <p class='ocr_par' dir='ltr' id='par_1_81' title="bbox 440 4450 2082 4520">
     <span class='ocr_line' id='line_1_81' title="bbox 440 4450 2082 4520; baseline 0.001 -16"><span class='ocrx_word' id='word_1_572' title='bbox 440 4455 562 4520; x_wconf 85' lang='lat' dir='ltr'>cato</span> <span class='ocrx_word' id='word_1_573' title='bbox 589 4452 1008 4520; x_wconf 79' lang='lat' dir='ltr'>immunitatem,</span> <span class='ocrx_word' id='word_1_574' title='bbox 1039 4467 1195 4504; x_wconf 80' lang='lat' dir='ltr'>nemo</span> <span class='ocrx_word' id='word_1_575' title='bbox 1221 4450 1399 4520; x_wconf 82' lang='lat' dir='ltr'>magis</span> <span class='ocrx_word' id='word_1_576' title='bbox 1426 4466 1590 4520; x_wconf 86' lang='lat' dir='ltr'>quam</span> <span class='ocrx_word' id='word_1_577' title='bbox 1637 4453 2082 4507; x_wconf 83' lang='lat' dir='ltr'>innocentissima</span> 
     </span>
    </p>
   </div>
   <div class='ocr_carea' id='block_1_82' title="bbox 438 4519 2081 4589">
    <p class='ocr_par' dir='ltr' id='par_1_82' title="bbox 438 4519 2081 4589">
     <span class='ocr_line' id='line_1_82' title="bbox 438 4519 2081 4589; baseline 0.001 -15"><span class='ocrx_word' id='word_1_578' title='bbox 438 4519 542 4574; x_wconf 84' lang='lat' dir='ltr'>illa</span> <span class='ocrx_word' id='word_1_579' title='bbox 570 4520 796 4587; x_wconf 88' lang='lat' dir='ltr'>(sancta</span> <span class='ocrx_word' id='word_1_580' title='bbox 821 4519 991 4589; x_wconf 89' lang='lat' dir='ltr'>Virgo</span> <span class='ocrx_word' id='word_1_581' title='bbox 1027 4521 1226 4587; x_wconf 84' lang='lat' dir='ltr'>Maria)</span> <span class='ocrx_word' id='word_1_582' title='bbox 1254 4519 1672 4576; x_wconf 62' lang='lat' dir='ltr'>smnititudinem</span> <span class='ocrx_word' id='word_1_583' title='bbox 1713 4538 1835 4576; x_wconf 87' lang='lat' dir='ltr'>cum</span> <span class='ocrx_word' id='word_1_584' title='bbox 1865 4523 2081 4578; x_wconf 79' lang='lat' dir='ltr'>Curisto</span> 
     </span>
    </p>
   </div>
   <div class='ocr_carea' id='block_1_83' title="bbox 440 4591 2079 4663">
    <p class='ocr_par' dir='ltr' id='par_1_83' title="bbox 440 4591 2079 4663">
     <span class='ocr_line' id='line_1_83' title="bbox 440 4591 2079 4663; baseline 0.001 -19"><span class='ocrx_word' id='word_1_585' title='bbox 440 4593 605 4663; x_wconf 77' lang='lat' dir='ltr'>gessit</span> <span class='ocrx_word' id='word_1_586' title='bbox 634 4607 654 4654; x_wconf 88' lang='lat'><strong><em>;</em></strong></span> <span class='ocrx_word' id='word_1_587' title='bbox 683 4591 970 4660; x_wconf 79' lang='lat' dir='ltr'>oportebat</span> <span class='ocrx_word' id='word_1_588' title='bbox 1001 4593 1165 4658; x_wconf 87' lang='lat' dir='ltr'>enim,</span> <span class='ocrx_word' id='word_1_589' title='bbox 1219 4598 1281 4645; x_wconf 90' lang='lat' dir='ltr'>ut</span> <span class='ocrx_word' id='word_1_590' title='bbox 1307 4593 1435 4660; x_wconf 80' lang='lat' dir='ltr'>plus</span> <span class='ocrx_word' id='word_1_591' title='bbox 1463 4609 1626 4661; x_wconf 66' lang='lat' dir='ltr'>quam</span> <span class='ocrx_word' id='word_1_592' title='bbox 1657 4592 1798 4646; x_wconf 79' lang='lat' dir='ltr'>alius</span> <span class='ocrx_word' id='word_1_593' title='bbox 1827 4595 2079 4663; x_wconf 76' lang='lat' dir='ltr'>quilibet,</span> 
     </span>
    </p>
   </div>
   <div class='ocr_carea' id='block_1_84' title="bbox 440 4660 2084 4730">
    <p class='ocr_par' dir='ltr' id='par_1_84' title="bbox 440 4660 2084 4730">
     <span class='ocr_line' id='line_1_84' title="bbox 440 4660 2084 4730; baseline 0.001 -15"><span class='ocrx_word' id='word_1_594' title='bbox 440 4660 626 4730; x_wconf 83' lang='lat' dir='ltr'>genito</span> <span class='ocrx_word' id='word_1_595' title='bbox 654 4663 900 4730; x_wconf 75' lang='lat' dir='ltr'>genitria:</span> <span class='ocrx_word' id='word_1_596' title='bbox 933 4663 1352 4716; x_wconf 81' lang='lat' dir='ltr'>assimitaretur.</span> <span class='ocrx_word' id='word_1_597' title='bbox 1413 4660 1613 4716; x_wconf 69' lang='lat' dir='ltr'>merito</span> <span class='ocrx_word' id='word_1_598' title='bbox 1667 4660 1853 4728; x_wconf 51' lang='lat' dir='ltr'>igitur—</span> <span class='ocrx_word' id='word_1_599' title='bbox 1897 4664 2084 4719; x_wconf 87' lang='lat' dir='ltr'>eadem</span> 
     </span>
    </p>
   </div>
   <div class='ocr_carea' id='block_1_85' title="bbox 440 4731 2083 4804">
    <p class='ocr_par' dir='ltr' id='par_1_85' title="bbox 440 4731 2083 4804">
     <span class='ocr_line' id='line_1_85' title="bbox 440 4731 2083 4804; baseline 0.001 -17"><span class='ocrx_word' id='word_1_600' title='bbox 440 4733 542 4788; x_wconf 83' lang='lat' dir='ltr'>illa</span> <span class='ocrx_word' id='word_1_601' title='bbox 571 4733 1020 4804; x_wconf 75' lang='lat' dir='ltr'>innocentissima</span> <span class='ocrx_word' id='word_1_602' title='bbox 1048 4731 1384 4804; x_wconf 76' lang='lat' dir='ltr'>quibuslibet</span> <span class='ocrx_word' id='word_1_603' title='bbox 1439 4733 1768 4801; x_wconf 77' lang='lat' dir='ltr'>hominibus,</span> <span class='ocrx_word' id='word_1_604' title='bbox 1819 4741 2083 4804; x_wconf 84' lang='lat' dir='ltr'>quantum</span> 
     </span>
    </p>
   </div>
   <div class='ocr_carea' id='block_1_86' title="bbox 445 4801 2088 4874">
    <p class='ocr_par' dir='ltr' id='par_1_86' title="bbox 445 4801 2088 4874">
     <span class='ocr_line' id='line_1_86' title="bbox 445 4801 2088 4874; baseline 0.001 -16"><span class='ocrx_word' id='word_1_605' title='bbox 445 4821 540 4860; x_wconf 83' lang='lat' dir='ltr'>nec</span> <span class='ocrx_word' id='word_1_606' title='bbox 565 4801 685 4874; x_wconf 81' lang='lat' dir='ltr'>fari</span> <span class='ocrx_word' id='word_1_607' title='bbox 718 4801 864 4870; x_wconf 80' lang='lat' dir='ltr'>licet,</span> <span class='ocrx_word' id='word_1_608' title='bbox 905 4805 1106 4874; x_wconf 81' lang='lat' dir='ltr'>purior</span> <span class='ocrx_word' id='word_1_609' title='bbox 1137 4803 1478 4873; x_wconf 65' lang='lat' dir='ltr'>praedicatur</span> <span class='ocrx_word' id='word_1_610' title='bbox 1507 4821 1528 4867; x_wconf 86' lang='lat'><strong><em>;</em></strong></span> <span class='ocrx_word' id='word_1_611' title='bbox 1575 4821 1638 4860; x_wconf 87' lang='lat' dir='ltr'>ac</span> <span class='ocrx_word' id='word_1_612' title='bbox 1677 4801 1916 4874; x_wconf 75' lang='lat' dir='ltr'>proinde</span> <span class='ocrx_word' id='word_1_613' title='bbox 1970 4805 2088 4862; x_wconf 84' lang='lat' dir='ltr'>sola</span> 
     </span>
    </p>
   </div>
   <div class='ocr_carea' id='block_1_87' title="bbox 445 4873 1553 4946">
    <p class='ocr_par' dir='ltr' id='par_1_87' title="bbox 445 4873 1553 4946">
     <span class='ocr_line' id='line_1_87' title="bbox 445 4873 1553 4946; baseline -0.002 -16"><span class='ocrx_word' id='word_1_614' title='bbox 445 4878 592 4931; x_wconf 84' lang='lat' dir='ltr'>inter</span> <span class='ocrx_word' id='word_1_615' title='bbox 621 4875 862 4930; x_wconf 85' lang='lat' dir='ltr'>homines</span> <span class='ocrx_word' id='word_1_616' title='bbox 879 4876 988 4943; x_wconf 84' lang='lat' dir='ltr'>fuit</span> <span class='ocrx_word' id='word_1_617' title='bbox 1012 4873 1182 4946; x_wconf 67' lang='lat' dir='ltr'>plane</span> <span class='ocrx_word' id='word_1_618' title='bbox 1215 4877 1553 4946; x_wconf 82' lang='lat' dir='ltr'>incorrupta.</span> 
     </span>
    </p>
   </div>
   <div class='ocr_carea' id='block_1_88' title="bbox 514 4944 2086 5020">
    <p class='ocr_par' dir='ltr' id='par_1_88' title="bbox 514 4944 2086 5020">
     <span class='ocr_line' id='line_1_88' title="bbox 514 4944 2086 5020; baseline 0.001 -19"><span class='ocrx_word' id='word_1_619' title='bbox 514 4949 590 5013; x_wconf 74' lang='grc'>(4)</span> <span class='ocrx_word' id='word_1_620' title='bbox 613 4947 836 5020; x_wconf 74' lang='lat' dir='ltr'>Inferre</span> <span class='ocrx_word' id='word_1_621' title='bbox 867 4951 1024 5020; x_wconf 86' lang='lat' dir='ltr'>et__ex</span> <span class='ocrx_word' id='word_1_622' title='bbox 1055 4944 1146 5000; x_wconf 88' lang='lat' dir='ltr'>his</span> <span class='ocrx_word' id='word_1_623' title='bbox 1166 4944 1559 5020; x_wconf 66' lang='lat' dir='ltr'>licet,Gra§_eos</span> <span class='ocrx_word' id='word_1_624' title='bbox 1576 4946 1905 5020; x_wconf 85' lang='lat' dir='ltr'>perlsidori</span> <span class='ocrx_word' id='word_1_625' title='bbox 1939 4952 2086 5003; x_wconf 60' lang='lat' dir='ltr'>arta-</span> 
     </span>
    </p>
   </div>
   <div class='ocr_carea' id='block_1_89' title="bbox 444 5016 2089 5090">
    <p class='ocr_par' dir='ltr' id='par_1_89' title="bbox 444 5016 2089 5090">
     <span class='ocr_line' id='line_1_89' title="bbox 444 5016 2089 5090; baseline 0 -16"><span class='ocrx_word' id='word_1_626' title='bbox 444 5024 563 5076; x_wconf 90' lang='lat' dir='ltr'>tem</span> <span class='ocrx_word' id='word_1_627' title='bbox 595 5017 744 5090; x_wconf 87' lang='lat' dir='ltr'>nihil</span> <span class='ocrx_word' id='word_1_628' title='bbox 773 5016 1358 5090; x_wconf 19' lang='lat' dir='ltr'>detulisseAOpinioni</span> <span class='ocrx_word' id='word_1_629' title='bbox 1396 5017 1485 5090; x_wconf 87' lang='lat' dir='ltr'>illi</span> <span class='ocrx_word' id='word_1_630' title='bbox 1507 5016 1899 5090; x_wconf 71' lang='lat' dir='ltr'>quorumdam</span> <span class='ocrx_word' id='word_1_631' title='bbox 1927 5025 2089 5074; x_wconf 87' lang='lat' dir='ltr'>vete-</span> 
     </span>
    </p>
   </div>
   <div class='ocr_carea' id='block_1_90' title="bbox 442 5087 2092 5164">
    <p class='ocr_par' dir='ltr' id='par_1_90' title="bbox 442 5087 2092 5164">
     <span class='ocr_line' id='line_1_90' title="bbox 442 5087 2092 5164; baseline 0 -18"><span class='ocrx_word' id='word_1_632' title='bbox 442 5089 707 5164; x_wconf 84' lang='lat' dir='ltr'>rum.qui</span> <span class='ocrx_word' id='word_1_633' title='bbox 727 5105 762 5145; x_wconf 87' lang='lat' dir='ltr'>a</span> <span class='ocrx_word' id='word_1_634' title='bbox 780 5087 1081 5164; x_wconf 86' lang='lat' dir='ltr'>communi</span> <span class='ocrx_word' id='word_1_635' title='bbox 1105 5087 1402 5164; x_wconf 64' lang='lat' dir='ltr'>sententia</span> <span class='ocrx_word' id='word_1_636' title='bbox 1421 5089 1492 5164; x_wconf 75' lang='lat' dir='ltr'>de</span> <span class='ocrx_word' id='word_1_637' title='bbox 1516 5087 1724 5164; x_wconf 78' lang='lat' dir='ltr'>natura</span> <span class='ocrx_word' id='word_1_638' title='bbox 1749 5091 2092 5164; x_wconf 82' lang='lat' dir='ltr'>angelorum</span> 
     </span>
    </p>
   </div>
   <div class='ocr_carea' id='block_1_91' title="bbox 442 5159 1877 5234">
    <p class='ocr_par' dir='ltr' id='par_1_91' title="bbox 442 5159 1877 5234">
     <span class='ocr_line' id='line_1_91' title="bbox 442 5159 1877 5234; baseline -0.001 -16"><span class='ocrx_word' id='word_1_639' title='bbox 442 5159 928 5234; x_wconf 47' lang='lat' dir='ltr'>plane—materias</span> <span class='ocrx_word' id='word_1_640' title='bbox 959 5165 1197 5234; x_wconf 66' lang='lat' dir='ltr'>experte</span> <span class='ocrx_word' id='word_1_641' title='bbox 1217 5159 1560 5234; x_wconf 78' lang='lat' dir='ltr'>discessisse</span> <span class='ocrx_word' id='word_1_642' title='bbox 1587 5159 1877 5219; x_wconf 72' lang='lat' dir='ltr'>videntur.</span> 
     </span>
    </p>
   </div>
   <div class='ocr_carea' id='block_1_92' title="bbox 515 5231 2092 5306">
    <p class='ocr_par' dir='ltr' id='par_1_92' title="bbox 515 5231 2092 5306">
     <span class='ocr_line' id='line_1_92' title="bbox 515 5231 2092 5306; baseline 0.001 -18"><span class='ocrx_word' id='word_1_643' title='bbox 515 5235 586 5304; x_wconf 63' lang='lat'>(5:</span> <span class='ocrx_word' id='word_1_644' title='bbox 620 5231 1183 5306; x_wconf 82' lang='lat' dir='ltr'>Communissimam</span> <span class='ocrx_word' id='word_1_645' title='bbox 1227 5231 1322 5306; x_wconf 81' lang='lat' dir='ltr'>hic</span> <span class='ocrx_word' id='word_1_646' title='bbox 1376 5232 1559 5306; x_wconf 86' lang='lat' dir='ltr'>habes</span> <span class='ocrx_word' id='word_1_647' title='bbox 1601 5250 1959 5306; x_wconf 8' lang='lat' dir='ltr'>expressam,</span> <span class='ocrx_word' id='word_1_648' title='bbox 1997 5233 2092 5289; x_wconf 91' lang='lat' dir='ltr'>SS.</span> 
     </span>
    </p>
   </div>
   <div class='ocr_carea' id='block_1_93' title="bbox 445 5303 2096 5376">
    <p class='ocr_par' dir='ltr' id='par_1_93' title="bbox 445 5303 2096 5376">
     <span class='ocr_line' id='line_1_93' title="bbox 445 5303 2096 5376; baseline 0.001 -18"><span class='ocrx_word' id='word_1_649' title='bbox 445 5303 684 5376; x_wconf 80' lang='lat' dir='ltr'>Patrum</span> <span class='ocrx_word' id='word_1_650' title='bbox 715 5303 1405 5376; x_wconf 85' lang='lat' dir='ltr'>sententiam,Virginem</span> <span class='ocrx_word' id='word_1_651' title='bbox 1439 5303 1748 5376; x_wconf 77' lang='lat' dir='ltr'>Deiparam</span> <span class='ocrx_word' id='word_1_652' title='bbox 1783 5306 1843 5361; x_wconf 90' lang='lat' dir='ltr'>in</span> <span class='ocrx_word' id='word_1_653' title='bbox 1867 5305 2096 5362; x_wconf 90' lang='lat' dir='ltr'>univer-</span> 
     </span>
    </p>
   </div>
   <div class='ocr_carea' id='block_1_94' title="bbox 448 5374 1930 5447">
    <p class='ocr_par' dir='ltr' id='par_1_94' title="bbox 448 5374 1930 5447">
     <span class='ocr_line' id='line_1_94' title="bbox 448 5374 1930 5447; baseline 0.004 -21"><span class='ocrx_word' id='word_1_654' title='bbox 448 5374 531 5428; x_wconf 89' lang='lat' dir='ltr'>sis</span> <span class='ocrx_word' id='word_1_655' title='bbox 560 5376 869 5440; x_wconf 84' lang='lat' dir='ltr'>creaturis,</span> <span class='ocrx_word' id='word_1_656' title='bbox 893 5382 1024 5447; x_wconf 82' lang='lat' dir='ltr'>post</span> <span class='ocrx_word' id='word_1_657' title='bbox 1056 5374 1257 5438; x_wconf 67' lang='lat' dir='ltr'>Deum,</span> <span class='ocrx_word' id='word_1_658' title='bbox 1292 5374 1608 5446; x_wconf 83' lang='lat' dir='ltr'>primatum</span> <span class='ocrx_word' id='word_1_659' title='bbox 1641 5377 1930 5434; x_wconf 87' lang='lat' dir='ltr'>obtinere.</span> 
     </span>
    </p>
   </div>
   <div class='ocr_carea' id='block_1_95' title="bbox 517 5447 2094 5520">
    <p class='ocr_par' dir='ltr' id='par_1_95' title="bbox 517 5447 2094 5520">
     <span class='ocr_line' id='line_1_95' title="bbox 517 5447 2094 5520; baseline 0.003 -21"><span class='ocrx_word' id='word_1_660' title='bbox 517 5447 936 5520; x_wconf 70' lang='lat' dir='ltr'>(§)_Perpende</span> <span class='ocrx_word' id='word_1_661' title='bbox 958 5447 1071 5503; x_wconf 87' lang='lat' dir='ltr'>vim</span> <span class='ocrx_word' id='word_1_662' title='bbox 1119 5447 1448 5510; x_wconf 79' lang='lat' dir='ltr'>sententim.</span> <span class='ocrx_word' id='word_1_663' title='bbox 1504 5452 1688 5505; x_wconf 85' lang='lat' dir='ltr'>omnia</span> <span class='ocrx_word' id='word_1_664' title='bbox 1719 5466 1930 5520; x_wconf 86' lang='lat' dir='ltr'>nempe</span> <span class='ocrx_word' id='word_1_665' title='bbox 1964 5465 2094 5519; x_wconf 64' lang='lat' dir='ltr'>quae</span> 
     </span>
    </p>
   </div>
   <div class='ocr_carea' id='block_1_96' title="bbox 447 5513 2092 5646">
    <p class='ocr_par' dir='ltr' id='par_1_96' title="bbox 447 5513 2092 5646">
     <span class='ocr_line' id='line_1_96' title="bbox 447 5513 2092 5644; baseline 0.004 -76"><span class='ocrx_word' id='word_1_666' title='bbox 447 5513 522 5569; x_wconf 90' lang='lat' dir='ltr'>ad</span> <span class='ocrx_word' id='word_1_667' title='bbox 553 5513 847 5588; x_wconf 47' lang='lat' dir='ltr'>Virgin‘em</span> <span class='ocrx_word' id='word_1_668' title='bbox 879 5518 1194 5640; x_wconf 67' lang='lat' dir='ltr'>gloriosam</span> <span class='ocrx_word' id='word_1_669' title='bbox 1247 5520 1576 5644; x_wconf 69' lang='lat' dir='ltr'>pertinent,</span> <span class='ocrx_word' id='word_1_670' title='bbox 1621 5513 1912 5577; x_wconf 84' lang='lat' dir='ltr'>e&#39;usmodi</span> <span class='ocrx_word' id='word_1_671' title='bbox 1941 5513 2092 5583; x_wconf 75' lang='lat' dir='ltr'>esse,</span> 
     </span>
     <span class='ocr_line' id='line_1_97' title="bbox 447 5539 2092 5646; baseline 0.003 -7"><span class='ocrx_word' id='word_1_672' title='bbox 447 5591 514 5640; x_wconf 90' lang='lat' dir='ltr'>ut</span> <span class='ocrx_word' id='word_1_673' title='bbox 540 5587 865 5646; x_wconf 86' lang='lat' dir='ltr'>quamlibet</span> <span class='ocrx_word' id='word_1_674' title='bbox 915 5605 1216 5644; x_wconf 79' lang='lat' dir='ltr'>iumanam</span> <span class='ocrx_word' id='word_1_675' title='bbox 1270 5591 1480 5646; x_wconf 87' lang='lat' dir='ltr'>andem</span> <span class='ocrx_word' id='word_1_676' title='bbox 1505 5539 1812 5646; x_wconf 58' lang='lat' dir='ltr'>nobilitate</span> <span class='ocrx_word' id='word_1_677' title='bbox 1835 5609 1942 5646; x_wconf 84' lang='lat' dir='ltr'>sua</span> <span class='ocrx_word' id='word_1_678' title='bbox 1968 5591 2092 5645; x_wconf 87' lang='lat' dir='ltr'>vin-</span> 
     </span>
    </p>
   </div>
   <div class='ocr_carea' id='block_1_97' title="bbox 447 5587 2092 5656">
    <p class='ocr_par' dir='ltr' id='par_1_97' title="bbox 447 5587 2092 5656">
     <span class='ocr_line' id='line_1_98' title="bbox 447 5587 2092 5656; baseline 0.002 -16"><span class='ocrx_word' id='word_1_679' title='bbox 447 5591 514 5640; x_wconf 89' lang='lat' dir='ltr'>ut</span> <span class='ocrx_word' id='word_1_680' title='bbox 540 5587 865 5656; x_wconf 89' lang='lat' dir='ltr'>quamlibet</span> <span class='ocrx_word' id='word_1_681' title='bbox 895 5587 1216 5644; x_wconf 86' lang='lat' dir='ltr'>humanam</span> <span class='ocrx_word' id='word_1_682' title='bbox 1247 5587 1480 5646; x_wconf 87' lang='lat' dir='ltr'>laudem</span> <span class='ocrx_word' id='word_1_683' title='bbox 1505 5587 1812 5648; x_wconf 86' lang='lat' dir='ltr'>nobilitate</span> <span class='ocrx_word' id='word_1_684' title='bbox 1835 5609 1942 5648; x_wconf 83' lang='lat' dir='ltr'>sua</span> <span class='ocrx_word' id='word_1_685' title='bbox 1968 5591 2092 5645; x_wconf 86' lang='lat' dir='ltr'>vin-</span> 
     </span>
    </p>
   </div>
   <div class='ocr_carea' id='block_1_98' title="bbox 449 5657 2093 5728">
    <p class='ocr_par' dir='ltr' id='par_1_98' title="bbox 449 5657 2093 5728">
     <span class='ocr_line' id='line_1_99' title="bbox 449 5657 2093 5728; baseline 0.004 -18"><span class='ocrx_word' id='word_1_686' title='bbox 449 5663 607 5713; x_wconf 85' lang='lat' dir='ltr'>cant.</span> <span class='ocrx_word' id='word_1_687' title='bbox 641 5657 764 5728; x_wconf 84' lang='lat' dir='ltr'>Erit</span> <span class='ocrx_word' id='word_1_688' title='bbox 791 5658 1244 5728; x_wconf 83' lang='lat' dir='ltr'>enimt’ortasse,</span> <span class='ocrx_word' id='word_1_689' title='bbox 1303 5662 1394 5715; x_wconf 82' lang='lat' dir='ltr'>cui</span> <span class='ocrx_word' id='word_1_690' title='bbox 1455 5662 1786 5719; x_wconf 84' lang='lat' dir='ltr'>videbimur</span> <span class='ocrx_word' id='word_1_691' title='bbox 1841 5663 2093 5716; x_wconf 89' lang='lat' dir='ltr'>nimium</span> 
     </span>
    </p>
   </div>
   <div class='ocr_carea' id='block_1_99' title="bbox 451 5727 2094 5806">
    <p class='ocr_par' dir='ltr' id='par_1_99' title="bbox 451 5727 2094 5806">
     <span class='ocr_line' id='line_1_100' title="bbox 451 5727 2094 5806; baseline 0.002 -22"><span class='ocrx_word' id='word_1_692' title='bbox 451 5728 596 5798; x_wconf 91' lang='lat' dir='ltr'>quid</span> <span class='ocrx_word' id='word_1_693' title='bbox 616 5727 787 5806; x_wconf 72' lang='lat' dir='ltr'>nobis</span> <span class='ocrx_word' id='word_1_694' title='bbox 818 5735 1197 5806; x_wconf 61' lang='lat' dir='ltr'>praesumere,</span> <span class='ocrx_word' id='word_1_695' title='bbox 1234 5727 1303 5784; x_wconf 37' lang='lat' dir='ltr'>&#39;si</span> <span class='ocrx_word' id='word_1_696' title='bbox 1354 5749 1549 5806; x_wconf 28' lang='lat' dir='ltr'>erheo</span> <span class='ocrx_word' id='word_1_697' title='bbox 1598 5735 1774 5806; x_wconf 83' lang='lat' dir='ltr'>eﬂ&#39;ato</span> <span class='ocrx_word' id='word_1_698' title='bbox 1805 5733 2094 5806; x_wconf 85' lang='lat' dir='ltr'>originem</span> 
     </span>
    </p>
   </div>
   <div class='ocr_carea' id='block_1_100' title="bbox 451 5800 2098 5876">
    <p class='ocr_par' dir='ltr' id='par_1_100' title="bbox 451 5800 2098 5876">
     <span class='ocr_line' id='line_1_101' title="bbox 451 5800 2098 5876; baseline 0.001 -18"><span class='ocrx_word' id='word_1_699' title='bbox 451 5815 688 5876; x_wconf 88' lang='lat' dir='ltr'>quoque</span> <span class='ocrx_word' id='word_1_700' title='bbox 720 5800 972 5875; x_wconf 83' lang='lat' dir='ltr'>Virginis</span> <span class='ocrx_word' id='word_1_701' title='bbox 1001 5800 1266 5872; x_wconf 72' lang='lat' dir='ltr'>Deiparte</span> <span class='ocrx_word' id='word_1_702' title='bbox 1288 5802 1720 5860; x_wconf 86' lang='lat' dir='ltr'>nobilissimam</span> <span class='ocrx_word' id='word_1_703' title='bbox 1751 5800 1933 5863; x_wconf 71' lang='lat' dir='ltr'>fuisse</span> <span class='ocrx_word' id='word_1_704' title='bbox 1963 5820 2098 5864; x_wconf 76' lang='lat' dir='ltr'>con~</span> 
     </span>
    </p>
   </div>
   <div class='ocr_carea' id='block_1_101' title="bbox 2184 4091 3850 4164">
    <p class='ocr_par' dir='ltr' id='par_1_101' title="bbox 2184 4091 3850 4164">
     <span class='ocr_line' id='line_1_102' title="bbox 2184 4091 3850 4164; baseline -0.001 -14"><span class='ocrx_word' id='word_1_705' title='bbox 2184 4091 2731 4164; x_wconf 81' lang='lat' dir='ltr'>cludamuszquasi</span> <span class='ocrx_word' id='word_1_706' title='bbox 2763 4092 2874 4147; x_wconf 93' lang='lat' dir='ltr'>hoc</span> <span class='ocrx_word' id='word_1_707' title='bbox 2905 4091 3149 4164; x_wconf 81' lang='lat' dir='ltr'>perinde</span> <span class='ocrx_word' id='word_1_708' title='bbox 3201 4093 3299 4158; x_wconf 88' lang='lat' dir='ltr'>sit,</span> <span class='ocrx_word' id='word_1_709' title='bbox 3359 4108 3434 4164; x_wconf 85' lang='lat' dir='ltr'>ac</span> <span class='ocrx_word' id='word_1_710' title='bbox 3480 4091 3612 4164; x_wconf 89' lang='lat' dir='ltr'>plus</span> <span class='ocrx_word' id='word_1_711' title='bbox 3670 4107 3850 4164; x_wconf 66' lang='lat' dir='ltr'>asque</span> 
     </span>
    </p>
   </div>
   <div class='ocr_carea' id='block_1_102' title="bbox 2181 4163 3850 4236">
    <p class='ocr_par' dir='ltr' id='par_1_102' title="bbox 2181 4163 3850 4236">
     <span class='ocr_line' id='line_1_103' title="bbox 2181 4163 3850 4236; baseline -0.001 -14"><span class='ocrx_word' id='word_1_712' title='bbox 2181 4171 2488 4222; x_wconf 83' lang='lat' dir='ltr'>auctorum</span> <span class='ocrx_word' id='word_1_713' title='bbox 2521 4163 2697 4236; x_wconf 78' lang='lat' dir='ltr'>verba</span> <span class='ocrx_word' id='word_1_714' title='bbox 2727 4163 3214 4236; x_wconf 83' lang='lat' dir='ltr'>urgere,illasque</span> <span class='ocrx_word' id='word_1_715' title='bbox 3249 4163 3850 4236; x_wconf 27' lang='lat' dir='ltr'>eisdemisententias</span> 
     </span>
    </p>
   </div>
   <div class='ocr_carea' id='block_1_103' title="bbox 2185 4233 3850 4308">
    <p class='ocr_par' dir='ltr' id='par_1_103' title="bbox 2185 4233 3850 4308">
     <span class='ocr_line' id='line_1_104' title="bbox 2185 4233 3850 4308; baseline 0 -17"><span class='ocrx_word' id='word_1_716' title='bbox 2185 4237 2489 4308; x_wconf 72' lang='lat' dir='ltr'>attingere,</span> <span class='ocrx_word' id='word_1_717' title='bbox 2523 4233 2852 4308; x_wconf 9' lang='lat' dir='ltr'>degquibu&#39;s</span> <span class='ocrx_word' id='word_1_718' title='bbox 2879 4251 2952 4308; x_wconf 81' lang='lat' dir='ltr'>ne</span> <span class='ocrx_word' id='word_1_719' title='bbox 2980 4233 3366 4308; x_wconf 75' lang='lat' dir='ltr'>cogitaverim</span> <span class='ocrx_word' id='word_1_720' title='bbox 3389 4235 3850 4308; x_wconf 81' lang='lat' dir='ltr'>quidem.Atqui</span> 
     </span>
    </p>
   </div>
   <div class='ocr_carea' id='block_1_104' title="bbox 2187 4305 3853 4376">
    <p class='ocr_par' dir='ltr' id='par_1_104' title="bbox 2187 4305 3853 4376">
     <span class='ocr_line' id='line_1_105' title="bbox 2187 4305 3853 4376; baseline 0.001 -15"><span class='ocrx_word' id='word_1_721' title='bbox 2187 4305 2667 4376; x_wconf 51' lang='lat' dir='ltr'>mox‘sequentia</span> <span class='ocrx_word' id='word_1_722' title='bbox 2714 4305 3602 4362; x_wconf 28' lang='lat' dir='ltr'>ostendunt&#39;lsidorum‘inter</span> <span class='ocrx_word' id='word_1_723' title='bbox 3653 4305 3853 4363; x_wconf 83' lang='lat' dir='ltr'>admi-</span> 
     </span>
    </p>
   </div>
   <div class='ocr_carea' id='block_1_105' title="bbox 2187 4377 3850 4450">
    <p class='ocr_par' dir='ltr' id='par_1_105' title="bbox 2187 4377 3850 4450">
     <span class='ocr_line' id='line_1_106' title="bbox 2187 4377 3850 4450; baseline 0.001 -17"><span class='ocrx_word' id='word_1_724' title='bbox 2187 4377 2375 4434; x_wconf 86' lang='lat' dir='ltr'>randa</span> <span class='ocrx_word' id='word_1_725' title='bbox 2397 4377 2500 4432; x_wconf 90' lang='lat' dir='ltr'>illa</span> <span class='ocrx_word' id='word_1_726' title='bbox 2533 4379 2712 4450; x_wconf 82' lang='lat' dir='ltr'>etiam</span> <span class='ocrx_word' id='word_1_727' title='bbox 2742 4377 3070 4450; x_wconf 77' lang='lat' dir='ltr'>primordia</span> <span class='ocrx_word' id='word_1_728' title='bbox 3092 4385 3312 4432; x_wconf 68' lang='lat' dir='ltr'>sanetae</span> <span class='ocrx_word' id='word_1_729' title='bbox 3349 4378 3600 4450; x_wconf 87' lang='lat' dir='ltr'>Virginis</span> <span class='ocrx_word' id='word_1_730' title='bbox 3619 4377 3850 4434; x_wconf 89' lang='lat' dir='ltr'>diserte</span> 
     </span>
    </p>
   </div>
   <div class='ocr_carea' id='block_1_106' title="bbox 2187 4447 3851 4520">
    <p class='ocr_par' dir='ltr' id='par_1_106' title="bbox 2187 4447 3851 4520">
     <span class='ocr_line' id='line_1_107' title="bbox 2187 4447 3851 4520; baseline 0 -15"><span class='ocrx_word' id='word_1_731' title='bbox 2187 4465 2591 4505; x_wconf 87' lang='lat' dir='ltr'>enumerasse.</span> <span class='ocrx_word' id='word_1_732' title='bbox 2618 4448 2753 4520; x_wconf 82' lang='lat' dir='ltr'>Etsi</span> <span class='ocrx_word' id='word_1_733' title='bbox 2779 4447 3030 4520; x_wconf 86' lang='lat' dir='ltr'>ulterius</span> <span class='ocrx_word' id='word_1_734' title='bbox 3061 4465 3291 4520; x_wconf 67' lang='lat' dir='ltr'>quaeras</span> <span class='ocrx_word' id='word_1_735' title='bbox 3316 4447 3602 4520; x_wconf 75' lang='lat' dir='ltr'>quidnam</span> <span class='ocrx_word' id='word_1_736' title='bbox 3615 4450 3851 4505; x_wconf 86' lang='lat' dir='ltr'>miran-</span> 
     </span>
    </p>
   </div>
   <div class='ocr_carea' id='block_1_107' title="bbox 2189 4519 3854 4592">
    <p class='ocr_par' dir='ltr' id='par_1_107' title="bbox 2189 4519 3854 4592">
     <span class='ocr_line' id='line_1_108' title="bbox 2189 4519 3854 4592; baseline 0 -16"><span class='ocrx_word' id='word_1_737' title='bbox 2189 4521 2331 4576; x_wconf 90' lang='lat' dir='ltr'>dum</span> <span class='ocrx_word' id='word_1_738' title='bbox 2362 4520 2421 4574; x_wconf 93' lang='lat' dir='ltr'>in</span> <span class='ocrx_word' id='word_1_739' title='bbox 2444 4519 2784 4592; x_wconf 79' lang='lat' dir='ltr'>primordiis</span> <span class='ocrx_word' id='word_1_740' title='bbox 2813 4519 3060 4592; x_wconf 80' lang='lat' dir='ltr'>Virginis</span> <span class='ocrx_word' id='word_1_741' title='bbox 3080 4519 3349 4576; x_wconf 28' lang='lat' dir='ltr'>’lsidoro’</span> <span class='ocrx_word' id='word_1_742' title='bbox 3387 4521 3578 4577; x_wconf 84' lang='lat' dir='ltr'>visum</span> <span class='ocrx_word' id='word_1_743' title='bbox 3641 4521 3854 4591; x_wconf 84' lang='lat' dir='ltr'>fuerit,</span> 
     </span>
    </p>
   </div>
   <div class='ocr_carea' id='block_1_108' title="bbox 2191 4590 3854 4664">
    <p class='ocr_par' dir='ltr' id='par_1_108' title="bbox 2191 4590 3854 4664">
     <span class='ocr_line' id='line_1_109' title="bbox 2191 4590 3854 4664; baseline 0.001 -18"><span class='ocrx_word' id='word_1_744' title='bbox 2191 4591 2512 4664; x_wconf 82' lang='lat' dir='ltr'>ipsumadi</span> <span class='ocrx_word' id='word_1_745' title='bbox 2572 4591 2632 4644; x_wconf 91' lang='lat' dir='ltr'>in</span> <span class='ocrx_word' id='word_1_746' title='bbox 2679 4590 2930 4664; x_wconf 79' lang='lat' dir='ltr'>humilia</span> <span class='ocrx_word' id='word_1_747' title='bbox 2983 4591 3049 4645; x_wconf 86' lang='lat' dir='ltr'>de</span> <span class='ocrx_word' id='word_1_748' title='bbox 3089 4593 3519 4664; x_wconf 61' lang='lat' dir='ltr'>Prsesentatione</span> <span class='ocrx_word' id='word_1_749' title='bbox 3569 4590 3854 4663; x_wconf 64' lang='lat' dir='ltr'>Deiparz,</span> 
     </span>
    </p>
   </div>
   <div class='ocr_carea' id='block_1_109' title="bbox 2192 4663 3855 4737">
    <p class='ocr_par' dir='ltr' id='par_1_109' title="bbox 2192 4663 3855 4737">
     <span class='ocr_line' id='line_1_110' title="bbox 2192 4663 3855 4737; baseline 0 -19"><span class='ocrx_word' id='word_1_750' title='bbox 2192 4663 2527 4737; x_wconf 82' lang='lat' dir='ltr'>atqueipso</span> <span class='ocrx_word' id='word_1_751' title='bbox 2559 4663 2962 4737; x_wconf 79' lang='lat' dir='ltr'>proclamante</span> <span class='ocrx_word' id='word_1_752' title='bbox 2993 4663 3200 4737; x_wconf 80' lang='lat' dir='ltr'>audies</span> <span class='ocrx_word' id='word_1_753' title='bbox 3230 4666 3278 4733; x_wconf 85' lang='lat'>(§</span> <span class='ocrx_word' id='word_1_754' title='bbox 3311 4666 3396 4731; x_wconf 85' lang='grc'>13,</span> <span class='ocrx_word' id='word_1_755' title='bbox 3439 4669 3587 4737; x_wconf 81' lang='lat' dir='ltr'>part.</span> <span class='ocrx_word' id='word_1_756' title='bbox 3635 4667 3678 4730; x_wconf 86' lang='grc' dir='ltr'>Ι,</span> <span class='ocrx_word' id='word_1_757' title='bbox 3711 4680 3855 4737; x_wconf 85' lang='lat' dir='ltr'>pag.</span> 
     </span>
    </p>
   </div>
   <div class='ocr_carea' id='block_1_110' title="bbox 2194 4733 3860 4806">
    <p class='ocr_par' dir='ltr' id='par_1_110' title="bbox 2194 4733 3860 4806">
     <span class='ocr_line' id='line_1_111' title="bbox 2194 4733 3860 4806; baseline 0.002 -18"><span class='ocrx_word' id='word_1_758' title='bbox 2194 4736 2474 4801; x_wconf 61' lang='grc'>434435),</span> <span class='ocrx_word' id='word_1_759' title='bbox 2506 4733 2662 4806; x_wconf 88' lang='lat' dir='ltr'>inter</span> <span class='ocrx_word' id='word_1_760' title='bbox 2683 4734 2980 4806; x_wconf 82' lang='lat' dir='ltr'>magnalia</span> <span class='ocrx_word' id='word_1_761' title='bbox 3029 4733 3146 4797; x_wconf 89' lang='lat' dir='ltr'>illa,</span> <span class='ocrx_word' id='word_1_762' title='bbox 3209 4749 3314 4806; x_wconf 88' lang='lat' dir='ltr'>pro</span> <span class='ocrx_word' id='word_1_763' title='bbox 3364 4733 3578 4805; x_wconf 86' lang='lat' dir='ltr'>quibus</span> <span class='ocrx_word' id='word_1_764' title='bbox 3629 4733 3860 4806; x_wconf 62' lang='lat' dir='ltr'>grada-</span> 
     </span>
    </p>
   </div>
   <div class='ocr_carea' id='block_1_111' title="bbox 2197 4804 3864 4876">
    <p class='ocr_par' dir='ltr' id='par_1_111' title="bbox 2197 4804 3864 4876">
     <span class='ocr_line' id='line_1_112' title="bbox 2197 4804 3864 4876; baseline 0.002 -16"><span class='ocrx_word' id='word_1_765' title='bbox 2197 4821 2331 4860; x_wconf 89' lang='lat' dir='ltr'>rum</span> <span class='ocrx_word' id='word_1_766' title='bbox 2362 4805 2656 4860; x_wconf 87' lang='lat' dir='ltr'>canticum</span> <span class='ocrx_word' id='word_1_767' title='bbox 2707 4805 2886 4876; x_wconf 84' lang='lat' dir='ltr'>Virgo</span> <span class='ocrx_word' id='word_1_768' title='bbox 2941 4804 3280 4876; x_wconf 79' lang='lat' dir='ltr'>beataDeo</span> <span class='ocrx_word' id='word_1_769' title='bbox 3327 4804 3567 4874; x_wconf 83' lang='lat' dir='ltr'>obtulit,</span> <span class='ocrx_word' id='word_1_770' title='bbox 3624 4804 3682 4862; x_wconf 83' lang='lat' dir='ltr'>et</span> <span class='ocrx_word' id='word_1_771' title='bbox 3738 4807 3864 4863; x_wconf 88' lang='lat' dir='ltr'>hoc</span> 
     </span>
    </p>
   </div>
   <div class='ocr_carea' id='block_1_112' title="bbox 2199 4875 3864 4950">
    <p class='ocr_par' dir='ltr' id='par_1_112' title="bbox 2199 4875 3864 4950">
     <span class='ocr_line' id='line_1_113' title="bbox 2199 4875 3864 4950; baseline 0.002 -20"><span class='ocrx_word' id='word_1_772' title='bbox 2199 4875 2850 4950; x_wconf 72' lang='lat' dir='ltr'>esseenumerandum,</span> <span class='ocrx_word' id='word_1_773' title='bbox 2882 4875 3040 4950; x_wconf 84' lang='lat' dir='ltr'>quod</span> <span class='ocrx_word' id='word_1_774' title='bbox 3080 4875 3377 4934; x_wconf 82' lang='lat' dir='ltr'>afﬁrmare</span> <span class='ocrx_word' id='word_1_775' title='bbox 3403 4877 3476 4934; x_wconf 89' lang='lat' dir='ltr'>de</span> <span class='ocrx_word' id='word_1_776' title='bbox 3506 4894 3568 4933; x_wconf 91' lang='lat' dir='ltr'>se</span> <span class='ocrx_word' id='word_1_777' title='bbox 3600 4877 3729 4950; x_wconf 90' lang='lat' dir='ltr'>ipsa</span> <span class='ocrx_word' id='word_1_778' title='bbox 3743 4895 3864 4950; x_wconf 83' lang='lat' dir='ltr'>po-</span> 
     </span>
    </p>
   </div>
   <div class='ocr_carea' id='block_1_113' title="bbox 2201 4946 3862 5018">
    <p class='ocr_par' dir='ltr' id='par_1_113' title="bbox 2201 4946 3862 5018">
     <span class='ocr_line' id='line_1_114' title="bbox 2201 4946 3862 5018; baseline 0.004 -16"><span class='ocrx_word' id='word_1_779' title='bbox 2201 4947 2426 5002; x_wconf 87' lang='lat' dir='ltr'>tuerit:</span> <span class='ocrx_word' id='word_1_780' title='bbox 2477 4949 2540 5002; x_wconf 87' lang='lat' dir='ltr'>In</span> <span class='ocrx_word' id='word_1_781' title='bbox 2597 4946 2993 5018; x_wconf 69' lang='lat' dir='ltr'>iniquitatibus</span> <span class='ocrx_word' id='word_1_782' title='bbox 3039 4955 3300 5018; x_wconf 86' lang='lat' dir='ltr'>concepta</span> <span class='ocrx_word' id='word_1_783' title='bbox 3383 4965 3496 5004; x_wconf 88' lang='lat' dir='ltr'>non</span> <span class='ocrx_word' id='word_1_784' title='bbox 3571 4946 3862 5018; x_wconf 53' lang='lat' dir='ltr'>fu&#39;i....&#39;....</span> 
     </span>
    </p>
   </div>
   <div class='ocr_carea' id='block_1_114' title="bbox 2199 5019 3865 5090">
    <p class='ocr_par' dir='ltr' id='par_1_114' title="bbox 2199 5019 3865 5090">
     <span class='ocr_line' id='line_1_115' title="bbox 2199 5019 3865 5090; baseline 0.001 -14"><span class='ocrx_word' id='word_1_785' title='bbox 2199 5020 2381 5076; x_wconf 86' lang='lat' dir='ltr'>Solam</span> <span class='ocrx_word' id='word_1_786' title='bbox 2411 5035 2521 5075; x_wconf 86' lang='lat' dir='ltr'>non</span> <span class='ocrx_word' id='word_1_787' title='bbox 2551 5021 2798 5090; x_wconf 84' lang='lat' dir='ltr'>concepit</span> <span class='ocrx_word' id='word_1_788' title='bbox 2828 5019 2887 5074; x_wconf 85' lang='lat' dir='ltr'>in</span> <span class='ocrx_word' id='word_1_789' title='bbox 2911 5020 3154 5089; x_wconf 75' lang='lat' dir='ltr'>peccatis</span> <span class='ocrx_word' id='word_1_790' title='bbox 3183 5036 3267 5076; x_wconf 89' lang='lat' dir='ltr'>me</span> <span class='ocrx_word' id='word_1_791' title='bbox 3312 5027 3492 5076; x_wconf 81' lang='lat' dir='ltr'>mater</span> <span class='ocrx_word' id='word_1_792' title='bbox 3513 5037 3652 5076; x_wconf 86' lang='lat' dir='ltr'>mea.</span> <span class='ocrx_word' id='word_1_793' title='bbox 3683 5021 3865 5086; x_wconf 89' lang='lat' dir='ltr'>Quod</span> 
     </span>
    </p>
   </div>
   <div class='ocr_carea' id='block_1_115' title="bbox 2203 5089 3869 5164">
    <p class='ocr_par' dir='ltr' id='par_1_115' title="bbox 2203 5089 3869 5164">
     <span class='ocr_line' id='line_1_116' title="bbox 2203 5089 3869 5164; baseline 0.002 -19"><span class='ocrx_word' id='word_1_794' title='bbox 2203 5106 2340 5164; x_wconf 84' lang='lat' dir='ltr'>ergo</span> <span class='ocrx_word' id='word_1_795' title='bbox 2371 5095 2597 5164; x_wconf 76' lang='lat' dir='ltr'>spectat</span> <span class='ocrx_word' id='word_1_796' title='bbox 2615 5090 2688 5146; x_wconf 88' lang='lat' dir='ltr'>ad</span> <span class='ocrx_word' id='word_1_797' title='bbox 2712 5089 3212 5164; x_wconf 31' lang='lat' dir='ltr'>’interpretandas</span> <span class='ocrx_word' id='word_1_798' title='bbox 3250 5092 3650 5164; x_wconf 83' lang='lat' dir='ltr'>generaliores</span> <span class='ocrx_word' id='word_1_799' title='bbox 3679 5108 3869 5162; x_wconf 89' lang='lat' dir='ltr'>quas-</span> 
     </span>
    </p>
   </div>
   <div class='ocr_carea' id='block_1_116' title="bbox 2205 5161 3863 5236">
    <p class='ocr_par' dir='ltr' id='par_1_116' title="bbox 2205 5161 3863 5236">
     <span class='ocr_line' id='line_1_117' title="bbox 2205 5161 3863 5236; baseline 0.001 -18"><span class='ocrx_word' id='word_1_800' title='bbox 2205 5161 2339 5236; x_wconf 81' lang='lat' dir='ltr'>dam</span> <span class='ocrx_word' id='word_1_801' title='bbox 2374 5162 2465 5217; x_wconf 90' lang='lat' dir='ltr'>SS.</span> <span class='ocrx_word' id='word_1_802' title='bbox 2499 5163 2740 5236; x_wconf 76' lang='lat' dir='ltr'>Patrum</span> <span class='ocrx_word' id='word_1_803' title='bbox 2771 5161 3118 5236; x_wconf 69' lang='lat' dir='ltr'>sententias,</span> <span class='ocrx_word' id='word_1_804' title='bbox 3170 5161 3302 5236; x_wconf 66' lang='lat' dir='ltr'>quis</span> <span class='ocrx_word' id='word_1_805' title='bbox 3341 5163 3562 5236; x_wconf 88' lang='lat' dir='ltr'>diserte</span> <span class='ocrx_word' id='word_1_806' title='bbox 3592 5161 3714 5219; x_wconf 83' lang='lat' dir='ltr'>non</span> <span class='ocrx_word' id='word_1_807' title='bbox 3747 5180 3863 5220; x_wconf 81' lang='lat' dir='ltr'>ex-</span> 
     </span>
    </p>
   </div>
   <div class='ocr_carea' id='block_1_117' title="bbox 2203 5233 3863 5306">
    <p class='ocr_par' dir='ltr' id='par_1_117' title="bbox 2203 5233 3863 5306">
     <span class='ocr_line' id='line_1_118' title="bbox 2203 5233 3863 5306; baseline 0.001 -18"><span class='ocrx_word' id='word_1_808' title='bbox 2203 5234 2472 5306; x_wconf 86' lang='lat' dir='ltr'>primunt</span> <span class='ocrx_word' id='word_1_809' title='bbox 2501 5233 2790 5306; x_wconf 88' lang='lat' dir='ltr'>originem</span> <span class='ocrx_word' id='word_1_810' title='bbox 2825 5233 3077 5306; x_wconf 80' lang='lat' dir='ltr'>Virginis</span> <span class='ocrx_word' id='word_1_811' title='bbox 3133 5249 3168 5289; x_wconf 90' lang='lat' dir='ltr'>a</span> <span class='ocrx_word' id='word_1_812' title='bbox 3190 5233 3205 5236; x_wconf 62' lang='grc'>⁷</span> <span class='ocrx_word' id='word_1_813' title='bbox 3225 5240 3466 5305; x_wconf 85' lang='lat' dir='ltr'>peccato</span> <span class='ocrx_word' id='word_1_814' title='bbox 3498 5235 3863 5302; x_wconf 82' lang='lat' dir='ltr'>immunem,</span> 
     </span>
    </p>
   </div>
   <div class='ocr_carea' id='block_1_118' title="bbox 2205 5304 3868 5377">
    <p class='ocr_par' dir='ltr' id='par_1_118' title="bbox 2205 5304 3868 5377">
     <span class='ocr_line' id='line_1_119' title="bbox 2205 5304 3868 5377; baseline 0.001 -17"><span class='ocrx_word' id='word_1_815' title='bbox 2205 5304 2510 5377; x_wconf 77' lang='lat' dir='ltr'>aptissime</span> <span class='ocrx_word' id='word_1_816' title='bbox 2543 5304 2740 5359; x_wconf 82' lang='lat' dir='ltr'>tamen</span> <span class='ocrx_word' id='word_1_817' title='bbox 2767 5304 3154 5377; x_wconf 86' lang='lat' dir='ltr'>generalitate</span> <span class='ocrx_word' id='word_1_818' title='bbox 3187 5304 3292 5362; x_wconf 87' lang='lat' dir='ltr'>sua</span> <span class='ocrx_word' id='word_1_819' title='bbox 3330 5306 3600 5377; x_wconf 87' lang='lat' dir='ltr'>eamdem</span> <span class='ocrx_word' id='word_1_820' title='bbox 3633 5322 3868 5376; x_wconf 74' lang='lat' dir='ltr'>praero-</span> 
     </span>
    </p>
   </div>
   <div class='ocr_carea' id='block_1_119' title="bbox 2204 5375 3872 5450">
    <p class='ocr_par' dir='ltr' id='par_1_119' title="bbox 2204 5375 3872 5450">
     <span class='ocr_line' id='line_1_120' title="bbox 2204 5375 3872 5450; baseline 0.001 -19"><span class='ocrx_word' id='word_1_821' title='bbox 2204 5375 2485 5450; x_wconf 18' lang='lat' dir='ltr'>gativam»</span> <span class='ocrx_word' id='word_1_822' title='bbox 2514 5375 3047 5450; x_wconf 82' lang='lat' dir='ltr'>comprehendunt.</span> <span class='ocrx_word' id='word_1_823' title='bbox 3099 5393 3219 5431; x_wconf 92' lang='lat' dir='ltr'>non</span> <span class='ocrx_word' id='word_1_824' title='bbox 3265 5377 3320 5450; x_wconf 84' lang='lat' dir='ltr'>ii</span> <span class='ocrx_word' id='word_1_825' title='bbox 3376 5375 3872 5450; x_wconf 83' lang='lat' dir='ltr'>reprehendendi</span> 
     </span>
    </p>
   </div>
   <div class='ocr_carea' id='block_1_120' title="bbox 2207 5448 3875 5519">
    <p class='ocr_par' dir='ltr' id='par_1_120' title="bbox 2207 5448 3875 5519">
     <span class='ocr_line' id='line_1_121' title="bbox 2207 5448 3875 5519; baseline 0.001 -15"><span class='ocrx_word' id='word_1_826' title='bbox 2207 5456 2364 5514; x_wconf 87' lang='lat' dir='ltr'>sunt,</span> <span class='ocrx_word' id='word_1_827' title='bbox 2390 5448 2489 5519; x_wconf 88' lang='lat' dir='ltr'>qui</span> <span class='ocrx_word' id='word_1_828' title='bbox 2521 5449 2730 5503; x_wconf 67' lang='lat' dir='ltr'>nativa:</span> <span class='ocrx_word' id='word_1_829' title='bbox 2761 5448 3193 5503; x_wconf 89' lang='lat' dir='ltr'>sententiarum</span> <span class='ocrx_word' id='word_1_830' title='bbox 3223 5449 3276 5502; x_wconf 91' lang='lat' dir='ltr'>vi</span> <span class='ocrx_word' id='word_1_831' title='bbox 3329 5448 3723 5510; x_wconf 68' lang='lat' dir='ltr'>adhaerentes,</span> <span class='ocrx_word' id='word_1_832' title='bbox 3759 5465 3875 5506; x_wconf 78' lang='lat' dir='ltr'>cx—</span> 
     </span>
    </p>
   </div>
   <div class='ocr_carea' id='block_1_121' title="bbox 2208 5519 3878 5600">
    <p class='ocr_par' dir='ltr' id='par_1_121' title="bbox 2208 5519 3878 5600">
     <span class='ocr_line' id='line_1_122' title="bbox 2208 5519 3878 5600; baseline 0.003 -27"><span class='ocrx_word' id='word_1_833' title='bbox 2208 5536 2408 5600; x_wconf 74' lang='lat' dir='ltr'>presse</span> <span class='ocrx_word' id='word_1_834' title='bbox 2431 5535 2510 5600; x_wconf 75' lang='lat' dir='ltr'>ea</span> <span class='ocrx_word' id='word_1_835' title='bbox 2535 5519 3198 5600; x_wconf 54' lang='lat' dir='ltr'>consectarianeliciunt,</span> <span class='ocrx_word' id='word_1_836' title='bbox 3258 5537 3390 5600; x_wconf 71' lang='lat' dir='ltr'>quas</span> <span class='ocrx_word' id='word_1_837' title='bbox 3445 5519 3777 5600; x_wconf 68' lang='lat' dir='ltr'>virtualiter</span> <span class='ocrx_word' id='word_1_838' title='bbox 3802 5520 3878 5578; x_wconf 85' lang='lat' dir='ltr'>in</span> 
     </span>
    </p>
   </div>
   <div class='ocr_carea' id='block_1_122' title="bbox 2208 5589 3880 5664">
    <p class='ocr_par' dir='ltr' id='par_1_122' title="bbox 2208 5589 3880 5664">
     <span class='ocr_line' id='line_1_123' title="bbox 2208 5589 3880 5664; baseline 0.002 -20"><span class='ocrx_word' id='word_1_839' title='bbox 2208 5589 2281 5645; x_wconf 91' lang='lat' dir='ltr'>iis</span> <span class='ocrx_word' id='word_1_840' title='bbox 2311 5591 2713 5664; x_wconf 85' lang='lat' dir='ltr'>continentur,</span> <span class='ocrx_word' id='word_1_841' title='bbox 2740 5589 2842 5645; x_wconf 87' lang='lat' dir='ltr'>sed</span> <span class='ocrx_word' id='word_1_842' title='bbox 2873 5589 2962 5645; x_wconf 90' lang='lat' dir='ltr'>illi</span> <span class='ocrx_word' id='word_1_843' title='bbox 3021 5591 3196 5664; x_wconf 83' lang='lat' dir='ltr'>citius</span> <span class='ocrx_word' id='word_1_844' title='bbox 3251 5589 3487 5648; x_wconf 82' lang='lat' dir='ltr'>dicendi</span> <span class='ocrx_word' id='word_1_845' title='bbox 3537 5596 3695 5664; x_wconf 83' lang='lat' dir='ltr'>sunt</span> <span class='ocrx_word' id='word_1_846' title='bbox 3721 5609 3880 5664; x_wconf 89' lang='lat' dir='ltr'>pec-</span> 
     </span>
    </p>
   </div>
   <div class='ocr_carea' id='block_1_123' title="bbox 2209 5661 3879 5732">
    <p class='ocr_par' dir='ltr' id='par_1_123' title="bbox 2209 5661 3879 5732">
     <span class='ocr_line' id='line_1_124' title="bbox 2209 5661 3879 5732; baseline 0.003 -17"><span class='ocrx_word' id='word_1_847' title='bbox 2209 5677 2364 5728; x_wconf 87' lang='lat' dir='ltr'>care,</span> <span class='ocrx_word' id='word_1_848' title='bbox 2399 5661 2498 5732; x_wconf 87' lang='lat' dir='ltr'>qui</span> <span class='ocrx_word' id='word_1_849' title='bbox 2531 5662 2766 5717; x_wconf 87' lang='lat' dir='ltr'>obvium</span> <span class='ocrx_word' id='word_1_850' title='bbox 2799 5661 3230 5718; x_wconf 88' lang='lat' dir='ltr'>sententiarum</span> <span class='ocrx_word' id='word_1_851' title='bbox 3279 5679 3545 5732; x_wconf 86' lang='lat' dir='ltr'>sensum,</span> <span class='ocrx_word' id='word_1_852' title='bbox 3577 5661 3879 5721; x_wconf 68' lang='lat' dir='ltr'>nativam-</span> 
     </span>
    </p>
   </div>
   <div class='ocr_carea' id='block_1_124' title="bbox 2247 5731 3875 5861">
    <p class='ocr_par' dir='ltr' id='par_1_124' title="bbox 2247 5731 3875 5861">
     <span class='ocr_line' id='line_1_125' title="bbox 2247 5731 3875 5861; baseline 0.005 -74"><span class='ocrx_word' id='word_1_853' title='bbox 2247 5731 2810 5861; x_wconf 43' lang='lat' dir='ltr'>gguglrpplitudinem</span> <span class='ocrx_word' id='word_1_854' title='bbox 2844 5733 2918 5791; x_wconf 89' lang='lat' dir='ltr'>ad</span> <span class='ocrx_word' id='word_1_855' title='bbox 2947 5732 3206 5790; x_wconf 86' lang='lat' dir='ltr'>lubitum</span> <span class='ocrx_word' id='word_1_856' title='bbox 3261 5731 3564 5792; x_wconf 82' lang='lat' dir='ltr'>coarctare</span> <span class='ocrx_word' id='word_1_857' title='bbox 3619 5733 3712 5793; x_wconf 89' lang='lat' dir='ltr'>fas</span> <span class='ocrx_word' id='word_1_858' title='bbox 3746 5735 3875 5795; x_wconf 89' lang='lat' dir='ltr'>sibi</span> 
     </span>
    </p>
   </div>
  </div>
