4030 6212
237 337 347 399 121

1159 335 1416 400 SERMO
1458 338 1547 411 IN
1591 336 2151 403 DOllMITIONEM
2198 344 2271 403 B.
2315 343 2391 406 ’7.
2440 345 2735 407 MARLE.

3540 358 3659 424 122

299 471 370 528 Γ,
399 466 558 528 Ἀλλ’
585 465 681 524 ’ίνα
735 489 790 524 τι
852 468 1057 559 μικρὸν
1115 469 1144 526 ὁ
1202 468 1372 559 λόγος
1412 472 1817 559 προθειωρήᾲῃν
1848 474 1885 542 ἡ
1917 476 1957 544 Α

2072 478 2172 535 III.
2188 479 2397 535 Verum
2417 483 2484 537 ut
2500 485 2833 541 enarrando
2850 489 3130 559 mysterio
3149 493 3443 552 nonnulla
3458 512 3653 554 sermo

227 562 495 635 παναγνος
537 558 767 632 ὶπείπερ
819 558 898 622 εἷς
946 560 1074 635 βίον
1120 560 1271 630 ἧκεν,
1329 557 1417 616 ἵνα
1471 560 1535 615 τὸ
1590 557 1896 636 παράδοξον

232 649 404 705 ἐκεῖνο
450 647 719 724 διαπλέξῃ
782 648 1097 725 τεράστιον,
1152 650 1216 706 τό
1271 670 1335 726 γε
1379 650 1478 718 τὴν
1524 647 1789 717 δουλικὴν
1818 654 1898 723 τῷ

235 737 470 812 Δεσπότη
527 742 837 811 περιθεῖναι
900 739 1143 816 μορφὴν,
1204 738 1296 792 καὶ
1351 737 1428 801 εἰς
1481 738 1894 809 ἓνωτικωτάτην

232 826 323 881 καὶ
382 827 510 901 ὑπὲρ
558 824 734 901 λόγον
770 825 986 881 εὔνοιαν
1039 828 1204 901 [forte
1249 824 1486 902 ἓννοιαν]
1517 828 1609 882 τὸν
1640 825 1896 898 Πλαστην

231 917 456 990 συνάψαι
487 920 608 977 τοῖς
640 916 771 989 πρὶν
802 914 1213 988 ἀποκηρύκτοις
1242 915 1335 971 καὶ
1366 914 1660 989 πολεμίοις
1689 916 1898 990 ἀνθρώ·

228 1023 375 1072 ποις,
431 1002 638 1071 ἐαυτήν
698 1002 1012 1074 ἑξεικόνιζε,
1072 1004 1162 1059 καὶ
1223 1009 1407 1083 σαφῶς
1448 1000 1770 1082 διεμόρφου,
1804 1003 1900 1060 οἶά

223 1116 305 1157 τις
337 1095 551 1169 ἀγαθὸς
585 1096 903 1173 ζωγράφος,
948 1097 1087 1171 πρὸς
1132 1096 1232 1164 τήν
1280 1100 1380 1151 τοῦ
1420 1100 1774 1173 Δημιουργοῦ
1807 1096 1898 1152 καὶ

224 1186 349 1240 Ποῦ
380 1184 559 1255 αὑτῆς
589 1185 776 1240 εἰκόνα
806 1186 1014 1261 ὁρῶσα.
1044 1187 1245 1261 Ὥσπερ
1290 1186 1394 1263 γὰρ
1444 1187 1472 1241 ὁ
1521 1186 1777 1257 Κτίστης,
1809 1186 1898 1241 τὸν

224 1274 419 1349 χοϊκὸν
475 1268 941 1348 ἀναϐαλλόμενος
998 1282 1125 1349 παρ’
1183 1275 1351 1345 αὐτῆς
1409 1281 1638 1351 χιτῶνα,
1669 1276 1897 1331 ταπεινὰ

220 1363 447 1418 καὶτοῦ
502 1364 647 1443 χοὸς
704 1364 823 1435 ἄξια
879 1363 956 1427 εἷς
1015 1370 1121 1439 γῆν
1181 1361 1494 1436 ἐνεδείξατο·
1526 1364 1617 1419 καὶ
1643 1366 1896 1428 τέκτονος

220 1455 330 1531 γαρ
357 1451 605 1524 ἤκουσεν
649 1454 793 1525 υἱὸς,
821 1455 912 1509 καὶ
972 1452 1188 1530 λαπρὰν
1247 1453 1360 1510 οὔτ’
1389 1454 1660 1527 ᾠκείωσεν
1692 1453 1893 1525 οἰκίαν,
1942 1494 1949 1501 .

218 1542 374 1599 ἀλλὰ
432 1544 531 1598 καὶ
591 1543 901 1599 ἀλωπέκων
955 1544 1275 1618 πενέστερος
1312 1547 1406 1616 (b),
1437 1541 1545 1603 ποῦ
1574 1542 1755 1600 κλῖναι
1795 1542 1897 1599 οὐκ

222 1634 348 1708 εἶχε
406 1633 515 1702 τὴν
573 1631 845 1711 κεφαλὴν,
904 1633 998 1688 καὶ
1045 1629 1213 1688 παῖδα
1265 1633 1403 1709 πρὸς
1450 1632 1747 1710 ὑπουργίαν
1780 1632 1896 1687 οὔτ’

217 1718 471 1795 ἐπρίατο’
535 1720 701 1783 αὐτός
752 1742 812 1778 τε
882 1720 951 1791 ἦν
1027 1720 1366 1797 ἐξυπηρετῶν
1422 1726 1493 1798 τῇ
1555 1722 1745 1797 μητρὶ,
1801 1719 1895 1776 καὶ

2004 567 2346 638 prmmittat,
2369 571 2851 644 quandoquidem
2876 579 3193 647 purissima
3214 581 3318 639 illa
3336 582 3469 642 ideo
3499 586 3656 643 edita

2005 656 2067 711 in
2107 657 2263 712 hanc
2311 659 2489 715 vitam
2538 662 2753 730 fuerat,
2785 670 2851 719 ut
2880 668 3240 739 stupendum
3275 671 3425 729 illud
3456 675 3657 746 prodi-

2005 746 2168 819 gium
2226 752 2590 814 contexeret,
2647 752 2927 809 videlicet
2976 761 3041 811 ut
3090 757 3407 815 Dominum
3459 762 3659 820 servili

2004 834 2197 891 forma
2225 838 2487 906 vestiret,
2511 840 2966 914 arctissimoque
2998 849 3058 901 et
3086 845 3369 904 ineffabili
3398 848 3657 909 benevo-

2005 923 2204 980 lentiae
2225 926 2459 982 vinculo
2482 929 2819 986 Creatorem
2842 947 2977 987 cum
2998 934 3340 993 hominibus
3356 938 3484 1010 jam
3508 940 3653 999 olim

2005 1015 2354 1087 proscriptis
2407 1021 2467 1072 et
2514 1018 2842 1075 etiamnum
2890 1022 3149 1079 inimicis
3190 1024 3655 1101 devinciret(7);

2006 1102 2069 1157 in
2116 1103 2439 1177 imaginem
2484 1107 2725 1164 intuens
2776 1111 3072 1167 Creatoris
3118 1128 3186 1169 ac
3216 1114 3323 1171 filii
3356 1117 3469 1185 sui,
3496 1117 3657 1175 velut

2007 1194 2273 1265 egregius
2304 1194 2546 1265 quidam
2598 1198 2841 1268 scultor,
2891 1201 2965 1256 ad
3012 1201 3159 1259 illud
3192 1220 3320 1260 sese
3351 1206 3658 1279 exemplar

2007 1279 2309 1353 efﬁngere,
2334 1299 2585 1355 eamque
2608 1285 2669 1340 in
2700 1303 2764 1343 se
2782 1287 3037 1345 formam
3061 1292 3391 1363 exprimere
3415 1293 3663 1368 diligen-

2009 1374 2097 1424 ter
2148 1371 2470 1444 satagebat.
2523 1373 2595 1428 Et
2650 1391 2793 1431 sane
2851 1378 3356 1447 quemadmodum
3395 1382 3657 1455 Creator,

2006 1463 2304 1515 terrenam
2336 1478 2406 1516 ex
2441 1463 2572 1534 ipsa
2602 1465 2861 1521 tunicam
2893 1466 3156 1537 indutus,
3187 1469 3439 1527 humilia
3466 1476 3658 1527 terre-

2005 1563 2217 1619 naeque
2237 1550 2559 1607 conditioni
2583 1559 2982 1612 consentanea
3002 1557 3062 1612 in
3076 1559 3261 1614 terris
3282 1576 3403 1615 non
3420 1561 3653 1630 abnuit;

2006 1656 2144 1697 nam
2193 1647 2253 1696 et
2295 1646 2448 1713 fabri
2492 1645 2640 1714 ﬁlius
2692 1646 2882 1702 audiit
2936 1648 3036 1722 (8),
3094 1649 3457 1724 domumque
3494 1653 3655 1709 haud

2005 1730 2378 1801 splendidam
2394 1733 2813 1808 incoluit;quin
2826 1737 3305 1811 etiam,vulpibus
3316 1742 3653 1815 pauperior,

222 1812 406 1866 πάντα
436 1815 648 1882 ποιῶν,
682 1809 758 1864 ὧν
790 1807 1089 1886 ὀλιγωρεῖν
1122 1810 1234 1912 ,οὐκ
1280 1808 1340 1883 ἐᾷ
1367 1811 1430 1866 τὸ
1461 1809 1691 1912 φίλτρον
1730 1809 1894 1912 φιλο·
1926 1846 1957 1912 ἒ

2012 1836 2127 1877 non
2155 1820 2411 1877 habebat
2440 1822 2540 1878 ubi
2580 1807 2903 1882 reclinaret
2944 1807 3220 1902 caput—(9)
3247 1847 3261 1898 ;
3302 1807 3498 1903 neque
3529 1807 3659 1889 ser;

224 1899 481 1977 στόργως
551 1897 807 1955 τοκεῦσιν
865 1898 1327 1973 ὑποτασσόμενον,
1394 1901 1485 1955 καὶ
1570 1898 1648 1956 ἔτι
1705 1902 1896 1970 πένησι

219 1989 453 2060 πένητα,
524 1987 770 2066 Πτωχὸς
828 1986 935 2064 γὰρ
993 1985 1109 2061 εἶμι
1168 1986 1299 2062 ἐγὼ,
1349 1988 1437 2043 καὶ
1495 1986 1550 2043 ἐν
1600 1988 1794 2050 κόποις
1839 1985 1899 2043 ἐκ

220 2078 493 2150 νεότητός
556 2097 689 2152 μου·
750 2074 900 2133 οὕτω
955 2078 1047 2132 καὶ
1123 2079 1160 2147 ἡ
1233 2078 1352 2154 ἰερᾶ
1407 2078 1898 2154 Μητροπάρθενος,

220 2174 329 2223 τῶν
353 2167 503 2223 ἲσων
531 2166 712 2243 ἰχνῶν
744 2165 1017 2242 ἐχομένη,
1067 2163 1227 2244 ὄγκον
1273 2188 1332 2222 τε
1379 2166 1657 2244 ἠγάπησεν
1688 2164 1899 2238 οὐδένα,

225 2260 366 2331 μήτε
449 2253 772 2326 παιδίσκας,
862 2257 1007 2329 μήτε
1091 2254 1376 2331 θεραπείαν
1464 2257 1747 2325 ἡντιναοῦν
1816 2252 1901 2311 δε-

221 2350 530 2408 σποινικῶς
609 2345 778 2419 ἑαυτῇ
852 2344 1264 2419 παραστήσασα,
1338 2343 1428 2399 καὶ
1517 2344 1634 2419 βίον
1718 2341 1901 2399 εἷλκεν

228 2435 431 2503 εὖτελῆ
495 2431 769 2503 διαζῶσα·
832 2433 997 2506 ἑαυτῇ
1061 2433 1156 2504 μὲν
1224 2430 1368 2487 οἴκοι
1429 2453 1571 2507 μονῃ
1636 2432 1898 2508 χρωμένη

224 2526 427 2593 ἑαυτῆς
488 2520 761 2595 διακόνῳο
819 2524 886 2591 ἦν
948 2518 1006 2576 δῖε
1055 2515 1245 2592 ἔξωθεν
1304 2518 1477 2576 ἐδεῖτο
1533 2521 1900 2598 παραμυθίας,

226 2618 478 2690 χορηγῷ
506 2616 597 2684 τῷ
653 2611 812 2665 πάντ’
865 2610 1073 2685 ἀρίστῳ
1127 2610 1214 2665 καὶ
1278 2609 1410 2685 ὑπὲρ
1440 2610 1646 2672 πάντας
1682 2612 1901 2687 μαθητῇ

231 2704 556 2778 φιληθέντι,
613 2704 842 2777 Ἰωάννῃ
898 2707 979 2775 τῷ
1034 2702 1308 2778 παρθένῳ,
1376 2698 1457 2772 ὅν,
1512 2701 1751 2778 καθάπερ
1807 2705 1905 2772 τῆς

232 2776 549 2871 IIviro-.3,
610 2793 706 2847 καί
763 2776 1010 2871 χαρίτων
1076 2776 1171 2864 μὶν
1226 2788 1382 2846 ἕνεκα
1438 2790 1650 2863 ἄλλων,
1681 2776 1907 2852 οὖδενος

232 2880 280 2938 δ’
332 2886 509 2953 ἧττον
573 2880 669 2936 καὶ
734 2884 831 2936 τοῦ
888 2878 1133 2941 καλλους
1180 2886 1282 2950 τῆς
1329 2879 1637 2954 παρτενίας,
1698 2880 1817 2934 υἱὸυ
1876 2880 1905 2935 ὁ

226 2972 492 3042 πλάστης
554 2970 749 3026 ἑαυτὸν
808 2967 1251 3043 ἕκαινοόργὴσεν,
1312 2968 1455 3024 οὕτω
1486 2965 1575 3023 διὰ
1622 2968 1686 3025 τὸ
1713 2969 1907 3025 ταύτὸν

221 3070 329 3132 τῆς
364 3060 600 3135 ἁγνείας
629 3059 749 3113 υἱὸν
782 3056 1004 3123 ὗπξθεον
1032 3061 1100 3131 τῇ
1135 3059 1408 3134 Παρθένῳ,

2007 1909 2211 1965 vulum
2237 1911 2348 1965 sibi
2380 1911 2454 1967 ad
2482 1914 2885 1970 ministerium
2913 1920 3310 1990 comparavit;
3345 1920 3448 1976 sed
3470 1937 3502 1976 e
3524 1938 3667 1977 con-

2007 2012 2177 2054 verso
2236 2000 2361 2071 ipse
2420 2003 2591 2056 matri
2645 2003 3044 2062 ministerium
3100 2007 3440 2077 exhibebat,
3471 2025 3659 2082 eaque

2009 2088 2211 2143 omnia
2241 2088 2577 2160 prmstabat,
2604 2108 2736 2163 qua:
2756 2093 2973 2166 negligi
2997 2112 3119 2150 non
3142 2096 3285 2152 sinit
3315 2096 3417 2152 illa
3446 2099 3657 2169 pietas,

2010 2193 2142 2249 quas
2168 2177 2241 2233 ad
2274 2178 2720 2251 obsequendum
2742 2199 2849 2253 per
2867 2182 3360 2241 ferventissimum
3393 2203 3660 2243 amorem

2009 2266 2377 2337 parentibus,
2410 2268 2600 2340 iisque
2632 2269 2878 2342 insuper
2900 2274 3261 2345 pauperibus
3293 2275 3482 2332 filium
3514 2291 3658 2348 pau-

2010 2370 2212 2426 perem
2242 2355 2393 2411 solet
2419 2356 2729 2429 impellere
2754 2376 2767 2414 :
2798 2361 3021 2433 Pauper
3047 2365 3194 2418 enim
3237 2364 3433 2436 inquit
3453 2363 3496 2433 ²,
3542 2381 3662 2422 sum

2012 2458 2134 2513 ego,
2160 2449 2212 2499 et
2239 2446 2300 2499 in
2331 2445 2612 2502 laboribus
2641 2464 2675 2503 a
2693 2450 2988 2519 juvenlule
3015 2468 3137 2507 mea
3157 2468 3176 2507 :
3212 2452 3297 2508 ita
3325 2457 3384 2508 et
3413 2459 3662 2526 augusta

2012 2531 2121 2588 illa
2159 2534 2342 2589 Mater
2372 2534 2542 2607 Virgo
2600 2536 2810 2592 iisdem
2842 2539 3125 2596 insistens
3154 2542 3438 2614 vestigiis,
3468 2559 3661 2613 neque

2012 2620 2200 2677 ullum
2223 2622 2517 2679 adamavit
2532 2624 2973 2699 fastum,neque
2995 2628 3383 2696 ancillas,nec
3403 2629 3665 2702 aliquem

2013 2712 2317 2778 utcunque
2347 2709 2699 2767 famulatum
2731 2712 2841 2767 sibi
2891 2729 3056 2770 more
3102 2715 3479 2771 dominarum
3512 2717 3668 2771 asci-

2012 2796 2132 2863 vit;
2166 2796 2271 2853 sed
2300 2816 2621 2871 pauperem
2661 2807 3004 2858 constanter
3032 2803 3209 2859 vitam
3243 2805 3535 2872 trahebat,
3568 2822 3665 2861 se-

2014 2884 2270 2956 metipsa
2299 2887 2427 2943 sola
2455 2889 2567 2944 sibi
2596 2888 2818 2946 famula
2854 2896 3028 2948 utens
3078 2893 3237 2948 domi
3263 2918 3276 2960 ;
3307 2894 3370 2949 in
3400 2893 3473 2948 iis
3503 2910 3661 2966 vero,

2017 2990 2147 3044 quae
2177 2976 2545 3034 extrinsecus
2577 2979 2652 3035 ad
2673 2996 2848 3036 usum
2870 2984 3213 3055 quempiam
3245 2983 3359 3040 sibi
3390 3002 3538 3057 opus
3570 3002 3660 3042 es-

2015 3066 2169 3133 sent,
2202 3080 2442 3135 operam
2472 3067 2764 3124 adhibens
2793 3071 3001 3142 optimi
3033 3070 3192 3128 illius
3221 3090 3290 3129 ac
3318 3090 3439 3146 praa
3469 3075 3668 3130 omni—

226 3152 348 3211 bus
380 3150 599 3207 dilecti
654 3148 955 3220 discipuli,
1005 3150 1270 3215 Joannis,
1322 3149 1588 3220 inquam,
1633 3149 1901 3223 virginis,
1951 3167 2130 3222 quem
2173 3153 2393 3227 Virgini
2427 3156 2614 3214 filium
2649 3164 2892 3233 propter
2920 3161 3209 3217 castitatis
3238 3164 3665 3237 praarogatibus

234 3242 494 3296 Creator
526 3239 869 3301 suffecerat,
901 3236 1079 3309 plane
1111 3236 1318 3293 eadem
1350 3237 1575 3293 scilicet
1602 3237 1831 3293 ratione
1860 3254 1928 3294 ac
1957 3238 2083 3312 ipse
2114 3257 2250 3296 cum
2276 3242 2349 3297 ob
2380 3243 2523 3301 alias
2552 3248 2793 3318 quidem
2825 3249 3073 3306 eximias
3102 3250 3270 3306 dotes
3301 3236 3670 3311 tuminihilo-

228 3330 445 3385 minus
476 3328 559 3383 ob
593 3325 948 3399 virginitatis
978 3326 1235 3382 nitorem
1268 3331 1458 3382 semet
1485 3325 1823 3399 purissimas
1855 3325 2018 3384 illius
2050 3328 2241 3386 filium
2271 3347 2418 3387 novo
2445 3341 2717 3407 portento
2746 3339 3041 3398 effecerat.

302 3418 383 3473 A'.
440 3417 589 3485 Ἐζη
658 3413 857 3483 τοίνυν,
914 3413 1009 3468 τὸν
1084 3416 1209 3468 νοῦν
1265 3411 1648 3493 περιφέρουσα,
1707 3415 1742 3482 ἡ
1800 3417 1957 3484 τῶν(

2089 3421 2182 3475 IV.
2212 3422 2304 3478 Sic
2350 3423 2529 3495 igitur
2585 3443 2717 3497 qua:
2772 3428 2936 3485 ccelis
2992 3430 3137 3503 ipsis
3193 3428 3527 3500 sublimior,
3561 3448 3665 3489 seu

223 3505 485 3580 οὗρανῶν
544 3500 885 3577 ὑψηλοτέρα,
946 3499 1161 3575 μᾶλλον
1220 3499 1277 3557 δὲ
1332 3504 1401 3570 ἧς
1454 3503 1605 3572 ἣττω
1639 3500 1779 3576 μηδὶ
1810 3524 1909 3573 μι-

222 3598 348 3669 κρῷ
383 3592 581 3667 μέτρῳ
624 3591 694 3645 τα
739 3590 1016 3666 Σεραφέμ,
1065 3588 1253 3666 πόῤῥω
1299 3590 1594 3671 φαντασίας
1623 3591 1714 3646 καὶ
1747 3588 1908 3662 δόξης

229 3686 464 3752 ﬁxing
525 3684 713 3752 κενῆς,
771 3681 903 3754 λιτῇ
960 3681 1054 3735 καὶ
1111 3686 1345 3760 πενιχρᾷ
1401 3680 1672 3758 χαίρουσα
1703 3679 1904 3758 διαίτῃ,

223 3774 504 3846 Καθάπερ
564 3771 670 3847 γὰρ
725 3768 862 3844 αῦτῇ
920 3769 1048 3847 πρὶν
1103 3767 1163 3825 ἃν
1219 3769 1398 3827 ἐκεῖνα
1446 3770 1639 3847 ἐπιστῇ
1690 3772 1758 3827 τὰ
1807 3793 1905 3846 με·

220 3863 445 3940 γαλεῖα
506 3867 608 3917 τοῦ
665 3859 917 3929 δυνατοῦ,
985 3860 1077 3915 καὶ
1154 3856 1402 3935 Γαϐριὴλ
1478 3863 1541 3917 τὸ
1623 3864 1766 3940 μέγα
1814 3861 1904 3919 καὶ

225 3953 463 4029 ὑψηλὸν
524 3951 731 4025 κομίσῃ
795 3951 1175 4030 πρόσφθεγμα,
1244 3947 1397 4006 οὐδὲν
1450 3972 1506 4006 τι
1561 3955 1671 4007 τῶν
1702 3951 1903 4028 γηΐνων

224 4044 262 4112 ἢ
326 4040 606 4117 λαμπρὸν
665 4036 861 4107 ἑδόκει,
923 4040 960 4111 ἢ
1013 4040 1149 4114 πρὸς
1202 4040 1361 4095 ἑαυτὸ
1423 4046 1752 4113 μεταστῆσαι
1803 4041 1903 4111 τήν

230 4130 521 4205 μωρίαν
560 4128 803 4205 ἴσχυσεν,
854 4126 984 4183 ἀλλ’
1030 4128 1100 4197 ἦν
1154 4129 1247 4202 μὶν
1280 4127 1532 4184 ἁπάντων
1562 4129 1916 4207 ὖπερορῶσα,

225 4221 469 4296 οὖρανια
522 4216 584 4273 δὲ
633 4217 803 4287 αὐτῆς
860 4217 1177 4292 κατεκράτει
1214 4217 1374 4292 μόνα.
1424 4218 1514 4273 καὶ
1544 4222 1677 4274 Θεοῦ
1706 4219 1908 4293 θερμό-

226 4330 401 4370 τατος
447 4306 616 4382 ἔρως,
680 4306 725 4378 ᾧ
779 4305 871 4360 καὶ
929 4305 1062 4378 ὑπὲρ
1122 4303 1288 4381 λόγον
1347 4303 1577 4376 ἥνωται·
1632 4305 1777 4363 οὓτω
1814 4308 1906 4363 καὶ

237 4398 377 4470 μετα
425 4397 493 4452 τὸ
555 4396 651 4451 τὸν
705 4395 832 4449 Θεὸν
891 4394 1065 4470 Λόγον
1119 4399 1315 4463 τεκεῖν,
1372 4396 1459 4450 καὶ
1509 4396 1572 4450 τὸ
1620 4394 1773 4469 γένος
1828 4397 1905 4459 εἰς

232 4486 497 4562 οὐράνιον
540 4481 706 4555 δόξαν
759 4486 1081 4558 ἀνενεγκεῖν,
1136 4482 1247 4538 ἐκεῖ
1298 4505 1358 4539 τε
1410 4483 1502 4540 τὸν
1558 4484 1727 4555 αὐτῆς
1783 4485 1905 4540 Υἱὸν

2014 3511 2231 3568 melius
2261 3513 2533 3579 dixerim,
2566 3532 2697 3586 quae
2728 3516 2901 3590 longe
2932 3518 3239 3592 Seraphim
3274 3520 3667 3592 praecellebat,

2014 3600 2277 3658 alienum
2323 3603 2394 3658 ab
2447 3604 2609 3659 omni
2667 3608 3086 3675 ostentatione,
3119 3613 3178 3664 et
3206 3610 3474 3680 quamvis
3499 3609 3663 3666 inani

2014 3689 2203 3764 gloria
2235 3709 2471 3749 servans
2502 3693 2767 3751 animum
2797 3711 2866 3751 ac
2896 3695 3150 3769 simplici
3195 3698 3479 3770 tenuique
3507 3714 3659 3771 gau-

2014 3781 2160 3837 dens
2204 3781 2337 3836 vitaa
2380 3782 2629 3851 ratione,
2658 3783 2785 3838 dies
2834 3800 2972 3839 suos
3003 3783 3229 3855 agebat.
3264 3786 3663 3852 Quemadmo-

2015 3869 2156 3927 dum
2204 3870 2365 3926 enim
2408 3876 2729 3942 antequam
2778 3871 3063 3942 magnalia
3119 3874 3219 3927 illa
3263 3874 3550 3944 potentis3
3597 3876 3663 3931 in

2015 3976 2147 4016 eam
2203 3958 2632 4029 conferrentur,
2691 3960 3038 4033 priusquam
3098 3961 3324 4019 scilicet
3381 3979 3659 4031 magnum

2014 4047 2161 4106 illud
2191 4066 2258 4105 ac
2287 4049 2633 4121 praecelsum
2664 4050 2942 4106 nuntium
2973 4050 3208 4107 Gabriel
3238 4052 3351 4125 ipsi
3383 4053 3659 4122 deferret,

2014 4137 2164 4194 nihil
2194 4138 2256 4194 in
2287 4139 2541 4194 terrenis
2567 4136 2657 4195 vel
2686 4138 3065 4212 splendidum
3098 4139 3185 4194 illi
3216 4141 3539 4212 videbatur,
3569 4142 3659 4198 vel

2014 4225 2245 4283 beatam
2279 4226 2446 4283 illam
2475 4228 2702 4285 valebat
2733 4229 2807 4285 ad
2835 4245 2898 4284 se
2928 4234 3288 4297 convertere,
3323 4230 3426 4286 sed
3450 4237 3663 4288 cuncta

2014 4315 2139 4371 haec
2165 4314 2338 4388 plane
2370 4316 2754 4388 despiciebat,
2786 4318 3030 4389 soloque
3081 4317 3407 4374 caelestium
3458 4336 3661 4378 rerum

2014 4404 2249 4469 afTectu,
2281 4404 2818 4477 ardentissimoque
2849 4406 2953 4462 Dei
2985 4423 3209 4471 amore,
3242 4409 3336 4464 cui
3367 4414 3425 4465 et
3453 4409 3664 4468 inetia-

2013 4493 2214 4549 biliter
2238 4496 2558 4567 conjuncta
2587 4501 2733 4566 erat,
2768 4495 3116 4566 tenebatur;
3149 4497 3234 4553 sic
3263 4504 3321 4553 et
3349 4506 3662 4572 postquam

228 4578 321 4631 καὶ
385 4576 521 4631 Θεὸν
583 4571 852 4643 ἀνελθεῖν,
906 4573 971 4627 οὗ
1033 4569 1303 4646 μηδαμῶς
1372 4574 1601 4631 πώποτε
1665 4574 1957 4649 κεχώρι-Ῑ

2013 4584 2197 4639 Deum
2218 4583 2476 4640 Verbum
2504 4590 2729 4659 genuit,
2762 4591 2821 4641 et
2848 4587 2922 4642 ad
2954 4586 3251 4644 caelestem
3282 4569 3531 4662 gloriam
3552 4591 3661 4647 hu-

231 4689 385 4733 mc,
415 4670 533 4719 τῶν
561 4663 716 4719 κάτω
745 4663 1007 4737 κρείττων
1054 4660 1319 4738 ἐτύγχανε
1369 4663 1608 4734 πάντων,
1666 4663 1756 4720 καὶ
1793 4669 1901 4720 τῶν

230 4754 534 4829 Inopiam
576 4749 763 4821 οὐδὲν,
821 4749 902 4828 ἐφ’
962 4753 1047 4812 οἷς
1104 4749 1383 4827 ἅνθρωποι
1443 4755 1579 4831 μέγα
1622 4758 1902 4832 φρονοῦσι,

233 4845 405 4926 φίλου
433 4842 634 4921 τρόπῳ
664 4843 734 4917 τῇ
768 4840 1027 4915 Παρθένῳ
1054 4840 1320 4917 παρέστη.

306 5003 388 5075 (ὁ)
417 4996 565 5056 Cod.
600 4994 945 5072 πενέστερον.

2016 4691 2260 4731 manum
2289 4691 2474 4748 genus
2529 4677 2744 4746 evexit,
2801 4693 2870 4732 ac
2922 4677 3078 4734 filius
3137 4678 3266 4750 ejus
3294 4695 3362 4735 ac
3406 4679 3560 4735 Deus
3590 4695 3657 4735 eo

2015 4780 2286 4822 reversus
2331 4770 2437 4833 est,
2469 4764 2628 4821 unde
2686 4765 3031 4826 nullatenus
3085 4765 3407 4839 aliquando
3439 4767 3662 4823 disces-

2017 4859 2195 4926 serat,
2224 4855 2434 4913 inﬁma
2474 4855 2601 4912 haac
2636 4856 2838 4914 omnia
2884 4855 3333 4929 aspernabatur,
3360 4860 3419 4912 et
3448 4855 3598 4913 nihil
3629 4873 3660 4912 e

1621 5151 1768 5212 Ant.
1801 5148 2096 5212 Ballerini
2128 5154 2321 5212 nolaa.

310 5350 383 5420 (7)
411 5349 470 5405 Si
505 5345 692 5403 Maria
722 5345 911 5420 Deum
931 5342 1094 5397 inter
1126 5345 1183 5397 et
1210 5342 1757 5420 humanumgenus
1786 5345 1906 5420 Deo

243 5414 699 5493 ipsi'inimicum
727 5433 799 5472 ac
816 5414 1181 5493 damnatum
1206 5415 1521 5493 mediatrix
1546 5414 1905 5493 intercessit,

239 5484 307 5547 n't
336 5496 444 5547 hoc
471 5490 557 5546 illi
589 5487 1037 5551 reconciliaret,
1070 5484 1298 5541 distans
1328 5486 1510 5557 igitur
1539 5486 1612 5541 ab
1644 5487 1907 5543 inimicis

242 5573 299 5618 et
330 5565 446 5619 Deo
466 5567 715 5641 accepta
747 5557 1084 5641 exhibetur,
1113 5561 1173 5641 et
1201 5556 1452 5640 quidem
1465 5557 1550 5641 ad
1580 5557 1693 5613 hoc
1712 5565 1908 5641 exorta

242 5636 475 5691 dicitur.
525 5628 707 5705 Att-qui
752 5628 1074 5705 damnatio
1125 5633 1183 5705 et
1227 5628 1562 5705 inimicitia,
1609 5647 1741 5701 quae
1771 5629 1909 5705 uni-

244 5723 472 5765 versum
520 5699 710 5780 genus
751 5701 1074 5761 hominum
1127 5699 1406 5772 involvat,
1436 5700 1602 5760 nulla
1628 5699 1737 5759 'est
1766 5701 1903 5771 alia,

2017 5361 2192 5421 quam
2222 5361 2359 5421 quae
2386 5360 2420 5398 a
2449 5339 2912 5421 primaevo}ng
2955 5338 3125 5421 lapsu
3156 5335 3664 5421 duxitoriginem.

2020 5409 2187 5486 Virgo
2218 5409 2398 5487 igitur
2426 5409 2918 5487 a'bAheereditaria
2972 5409 3082 5464 hac
3138 5409 3381 5466 miseria
3436 5410 3668 5469 distans

2014 5483 2677 5568 δρεεὲιεὶᾶπαξευιιξέἒυιῖςη
2758 5553 2803 5568 .,
2980 5551 3034 5568 ..

2082 5557 2168 5627 (8)
2199 5551 2378 5611 Matth
2414 5554 2580 5627 XIII,
2614 5556 2719 5627 55H:
2757 5553 2944 5627 Nonne
2974 5551 3063 5608 hic
3091 5553 3350 5627 estfabri
3369 5555 3517 5627 ﬁlius
3538 5558 3567 5611 ?

2086 5624 2161 5698 l9)
2193 5630 2319 5682 Luc.
2354 5626 2448 5694 IX,
2493 5627 2599 5682 58:
2642 5624 2876 5698 _Vgulpesr
2924 5627 3110 5695 foveas
3167 5624 3437 5687 habent...
3492 5628 3668 5684 Filius

2013 5696 2199 5758 autem
2228 5699 2462 5756 hominis
2490 5712 2600 5760 non
2632 5696 2794 5755 habet
2821 5697 2920 5754 ubi.
2940 5705 3108 5772 caput
3134 5701 3383 5758 reclinet.
