4030 6212
360 372 478 436 123

363 510 601 568 caducis
656 526 849 580 recus,
900 509 970 566 de
1025 508 1240 583 quibus
1295 512 1604 582 tantopere
1654 509 2005 583 superbiant

364 618 436 674 ap
446 601 706 674 parebat.

434 693 677 746 Maxime
722 706 879 758 vero,
932 693 996 744 ut.
1045 705 1148 760 ego
1199 706 1339 744 sane
1387 688 1663 759 arbitror,
1697 694 2010 760 postquam

363 780 877 854 princelsissimam
933 779 1096 834 illam
1141 786 1316 850 atque
1366 779 1730 834 ineffabilem
1761 781 2012 850 gratiam

366 870 574 926 sortita
626 874 733 936 est,
791 875 854 923 ut
911 869 1136 924 scilicet
1194 871 1378 925 Deum
1430 869 1563 925 sinu
1596 887 1700 924 suo
1732 875 2012 942 gestaret,

365 957 748 1012 vehementer
776 974 842 1014 ac
874 958 1060 1014 multo
1094 960 1278 1031 magis
1309 976 1486 1030 quam
1537 961 1720 1031 prius,
1767 959 2013 1030 purissi-

367 1063 480 1102 ma)
519 1045 676 1102 illius
720 1053 853 1102 vota
902 1048 1340 1120 flagrantissimi
1399 1049 1618 1104 amoris
1652 1050 1783 1120 igne
1817 1048 1888 1102 ad
1917 1064 2012 1102 su-

366 1153 552 1208 perna
582 1143 639 1192 et
669 1137 743 1192 ad
773 1139 955 1193 Deum
986 1137 1348 1194 ferebantur.
1385 1141 1596 1209 Atque,
1656 1143 1718 1192 ut
1749 1138 2012 1193 tenuisse

366 1225 620 1280 terrenis
653 1226 844 1298 imago
878 1233 1230 1298 praesentem
1252 1243 1376 1282 rem
1406 1227 1650 1282 uberius
1681 1227 2012 1295 confirmet,

367 1315 871 1386 quemadmodum
891 1316 1179 1389 unigeniti
1202 1316 1309 1371 filii
1332 1321 1521 1372 mater
1540 1317 1833 1388 quapiam
1857 1314 2016 1371 haud

369 1419 572 1475 parem
621 1404 683 1458 in
741 1404 968 1475 prolem
1021 1406 1297 1460 aﬂ‘ectum
1341 1406 1693 1478 experitum,
1727 1406 1846 1460 sive
1879 1419 2016 1460 eum

371 1492 522 1547 hanc
545 1493 672 1566 jam
703 1492 892 1548 oculis
925 1493 1045 1549 suis
1088 1494 1300 1564 cernit,
1333 1494 1452 1549 sive
1501 1512 1632 1550 cum
1682 1495 1830 1550 votis
1862 1510 2015 1558 eam,

372 1593 688 1658 antequam
713 1594 1198 1660 consequeretur,
1221 1588 1691 1659 expetebat,utut
1710 1595 1902 1644 mater
1923 1603 2020 1643 au-

371 1676 496 1730 dire
516 1675 897 1746 cupidissime
917 1682 1175 1747 optaret;
1198 1694 1437 1748 prorsus
1457 1679 1612 1732 enim
1637 1677 2016 1732 manifestum

373 1770 480 1831 est,
517 1763 698 1820 multo
729 1765 1140 1821 amabiliorem
1171 1783 1298 1820 esse
1322 1767 1610 1835 sobolem,
1643 1784 1776 1822 cum
1805 1767 1928 1836 jam
1958 1766 2019 1821 in

371 1851 560 1908 lucem
593 1855 754 1908 venit
785 1861 842 1909 et
881 1855 1285 1926 experimento
1321 1857 1516 1912 suavis
1546 1855 1698 1910 facta
1727 1860 2018 1925 est,quam

1501 372 1791 434 Ismom
1835 357 2612 437 THESSALONICENSIS

2033 583 2088 650 A

3642 373 3764 434 124

2115 509 2413 578 homines,
2449 528 2648 568 amore
2703 511 2828 569 ullo
2873 511 2962 569 vel
3010 510 3216 586 exiguo
3266 509 3507 584 dignum
3541 507 3762 582 Virgini

2189 688 2440 745 Μάλιστα
2471 687 2548 760 δὶ,
2607 691 2742 745 κατά
2799 711 2861 764 γε
2916 691 3007 744 τὸν
3068 689 3196 763 ἐμὸν
3259 687 3448 764 λόγον,
3481 688 3567 742 καὶ
3622 688 3767 760 ματα

2114 777 2176 832 τὸ
2207 779 2392 833 παθεῖν
2422 780 2521 846 τὴν
2554 780 2797 856 ὑπερφυᾶ
2827 783 2891 852 (ε)
2935 779 3022 834 καὶ
3058 777 3291 855 ἄρρητον
3325 777 3483 850 χάριν
3528 775 3767 846 ἐκείνην,

2115 864 2235 937 ἥδε,
2269 868 2354 924 δτι
2386 869 2513 923 Θεὸν
2545 866 2786 943 ἤνεγκεν,
2848 867 2933 923 ἐπὶ
2998 866 3131 942 μέγα
3192 866 3248 922 ἂν
3308 867 3396 920 καὶ
3444 870 3542 922 τοῦ
3573 868 3768 940 προτε-

2119 977 2215 1032 ρον
2276 963 2460 1030 μεῖζον
2516 958 2680 1033 ἤρετο
2753 959 2921 1013 πόθου
2999 959 3034 1027 ἡ
3116 963 3216 1026 τῆς
3298 957 3567 1030 πανάγνου
3629 957 3768 1029 πρὸς

2119 1047 2306 1118 ὑψηλά
2359 1047 2450 1102 καὶ
2506 1049 2596 1103 τὸν
2648 1048 2776 1103 Θεὸν
2855 1048 3259 1122 ἐραστικωτάτη
3319 1043 3476 1124 φλόξ.
3538 1045 3634 1100 Καὶ
3693 1043 3769 1099 ’ἶν’

2117 1135 2274 1192 εἲκὼν
2339 1135 2506 1212 μικρᾶ
2559 1136 2812 1212 χοϊκόθεν
2876 1131 3155 1212 βεϐαιώσῃ
3205 1136 3298 1190 τὸν
3357 1133 3541 1208 λόγον,
3595 1135 3768 1198 καθά-

2117 1247 2216 1300 περ
2298 1247 2385 1289 τις
2469 1231 2806 1304 μονογενοῦς
2869 1228 3055 1301 μήτηρ
3133 1226 3234 1280 οὐκ
3288 1224 3348 1280 ἂν
3409 1224 3526 1280 ἴσον
3576 1225 3772 1279 σώσειε

2118 1314 2343 1396 φίλτρον
2402 1316 2525 1392 περὶ
2578 1318 2669 1373 τὸν
2720 1312 2909 1388 παῖδα,
2969 1316 3058 1371 καὶ
3118 1315 3206 1370 ὅτε
3259 1319 3450 1370 τοῦτον
3505 1311 3634 1383 εἶδε,
3674 1312 3771 1368 καὶ

2119 1405 2195 1461 ὅτ’
2253 1405 2440 1480 ᾐτεῖτο
2495 1407 2600 1480 πρὸ
2653 1410 2749 1462 τοῦ
2806 1411 3016 1485 τυχεῖν,
3065 1403 3110 1460 εί
3159 1405 3248 1460 καὶ
3280 1406 3399 1468 καθ’
3457 1398 3772 1478 ὑπερϐολῆν

2119 1495 2341 1550 ἀκοῦσαὶ
2393 1498 2577 1570 μήτηρ
2629 1494 2832 1562 ἐπόθει,
2883 1496 3057 1566 πάντη
3118 1515 3223 1549 που
3251 1493 3353 1570 γάρ
3385 1490 3557 1563 δῆλον
3587 1492 3771 1548 ὅτιτὸ

2119 1585 2272 1664 φανὲν
2305 1584 2391 1639 καὶ
2424 1585 2499 1647 εἷς
2551 1591 2739 1662 πεῖραν
2795 1588 2927 1654 ἧκον
2981 1582 3085 1654 ἡδὺ
3143 1587 3240 1640 τοῦ
3291 1586 3462 1657 μήπω
3492 1586 3653 1638 τοῦτο
3679 1603 3770 1656 γε·

2119 1673 2346 1749 γονότος
2375 1672 2794 1749 ἐρασμιώτερον·
2851 1675 2996 1728 οὕτω
3047 1670 3114 1741 δὴ
3167 1673 3256 1727 καὶ
3311 1673 3429 1745 μεθ’
3483 1671 3770 1746 ὑπεροχῆς

2121 1765 2204 1821 ὅτι
2234 1763 2496 1834 πλείστης
2527 1764 2616 1820 καὶ
2648 1765 2770 1840 περὶ
2819 1766 2917 1832 τῆς
2974 1765 3249 1839 ίΙανάγνου
3284 1761 3598 1836 λογίζεσθαι
3629 1763 3772 1837 χρή.

2123 1855 2185 1911 El
2216 1855 2316 1932 γὰρ
2361 1858 2528 1909 ταῦτα
2560 1855 2588 1909 6
2619 1853 2797 1924 πηλὸς
2859 1852 3060 1928 ίσχύει,
3113 1853 3166 1907 τί
3222 1851 3281 1906 ἃν
3341 1851 3517 1913 εἴποις
3551 1849 3639 1904 ἐπὶ
3669 1857 3773 1920 τῆς

366 1957 509 1997 "eum
553 1943 818 1998 nondum
878 1949 1014 1999 nata
1069 1946 1292 2010 fuerat;
1353 1945 1608 2016 idipsum
1655 1943 1920 2016 profectu
1953 1959 2020 1999 ac

2138 1945 2349 2018 ὅψηλῆς
2396 1942 2603 2013 ἐκείνης
2652 1943 2740 1998 καὶ
2792 1941 2936 2004 θείας
2988 1940 3345 2014 οίκονομίας;
3395 1941 3514 1995 Ἔτι
3559 1936 3637 2005 δὲ,
3671 1960 3774 1993 κια-

374 2047 605 2086 summa
635 2047 768 2086 cum
802 2033 1201 2103 prmcellentia
1246 2034 1422 2089 etiam
1456 2034 1528 2088 de
1570 2034 1890 2105 purissima
1919 2033 2020 2088 illa.

375 2123 833 2178 existimandum
885 2130 992 2179 est.
1046 2125 1104 2182 Si
1156 2126 1314 2180 enim
1360 2131 1632 2180 terrenus
1681 2125 1806 2180 haec
1854 2141 2021 2180 amor

373 2211 726 2285 efficit,quid
747 2215 1046 2271 enimvero
1070 2215 1140 2270 de
1164 2216 1404 2271 sublimi
1432 2215 1535 2270 illa
1556 2232 1621 2271 ac
1643 2214 1839 2270 divina
1869 2230 2020 2269 (eco-

374 2305 578 2360 nomia
607 2303 974 2359 dicendum?
1021 2310 1104 2359 Ac
1152 2321 1353 2360 rursus
1395 2304 1891 2376 quemadmodum
1921 2303 2020 2375 qui

2129 2034 2294 2109 θάπερ
2327 2034 2354 2087 6
2377 2034 2438 2088 τὸ
2467 2038 2608 2096 οεῖον
2639 2037 2799 2088 ποῖον
2823 2036 3008 2095 ποθῶν
3032 2030 3284 2102 λουτρὸν,
3312 2029 3444 2104 μετᾶ
3471 2030 3533 2083 τὸ
3564 2034 3773 2104 τυχεῖν,

2131 2120 2504 2197 διαυγέστερος
2565 2122 2624 2176 ἄν
2671 2120 2754 2192 εἴη
2815 2121 2906 2176 καὶ
2965 2121 3290 2196 θερμότερος
3322 2120 3381 2174 ἐκ
3408 2126 3508 2188 τῆς
3548 2116 3778 2186 τελετῆς

2132 2213 2270 2288 πρὸς
2299 2209 2473 2286 ἔρωτα
2523 2217 2688 2276 θεῖον·
2743 2213 2832 2268 τὸν
2886 2211 3004 2266 ’ἶσον
3056 2209 3258 2286 τρόπον
3289 2209 3375 2265 καὶ
3410 2207 3534 2283 περὶ
3566 2205 3785 2263 ἐκείνων

2134 2299 2193 2355 ἂν
2224 2323 2307 2364 τις
2338 2301 2658 2380 ψηφίσαιτο.

377 2395 644 2448 divinum
676 2399 914 2464 excptat
941 2393 1260 2460 lavacrum,
1295 2400 1607 2466 postquam
1654 2393 1801 2448 illud
1843 2399 2147 2450 assecutus
2193 2398 2282 2449 est
2320 2399 2430 2463 est,
2482 2392 2734 2449 lucidior
2780 2411 2920 2449 sane
2969 2392 3166 2460 fuerit,
3196 2397 3254 2448 et
3285 2408 3314 2447 e
3347 2394 3620 2463 suscepto
3653 2400 3792 2462 my“

379 2483 559 2540 sterio
592 2482 665 2537 ad
695 2482 796 2537 Dei
825 2499 1087 2539 amorem
1119 2484 1438 2539 ferventior
1464 2501 1477 2549 ;
1509 2483 1633 2554 pari
1667 2483 1839 2538 modo
1873 2488 1932 2539 et
1960 2483 2031 2538 de
2062 2483 2155 2538 his
2186 2482 2508 2539 decernere
2539 2499 2774 2555 aequum
2805 2483 3005 2539 fuerit.

449 2573 513 2628 V.
548 2571 789 2636 Quando
837 2587 972 2627 vero
1021 2572 1113 2626 his
1162 2579 1218 2628 et
1266 2572 1411 2628 illud
1459 2573 1726 2641 accessit,
1772 2578 1835 2628 ut
1880 2572 2026 2628 divi-

383 2677 497 2717 nus
528 2659 629 2714 ille
661 2665 878 2730 tanque
911 2660 1162 2717 dilectus
1210 2661 1392 2716 Filius
1422 2678 1456 2716 a
1486 2661 1821 2717 veneranda
1851 2662 2026 2717 Geni-

384 2751 528 2806 trice
561 2749 734 2822 longe
765 2750 1018 2818 abesset,
1065 2767 1179 2820 quo
1223 2751 1460 2805 tandem
1509 2766 1688 2806 sensu
1733 2751 2025 2822 ejusmodi

383 2845 634 2896 matrem
657 2839 931 2894 affectam
952 2839 1168 2911 putas?
1196 2841 1377 2895 Nemo
1401 2856 1642 2911 prorsus
1671 2856 1738 2894 ex
1765 2840 2027 2894 homini-

380 2929 512 2996 bus,
545 2945 742 2995 nemo,
777 2929 1042 2999 inquam,
1071 2933 1172 2984 aut
1203 2929 1470 2984 enariare
1490 2929 1703 2996 verbis,
1725 2934 1824 2984 aut
1856 2945 2026 2983 exco-

378 3019 583 3090 gitare,
617 3022 815 3074 mente
847 3018 1120 3089 quiverit,
1173 3023 1393 3089 quanta
1436 3023 1568 3090 post
1616 3017 1932 3073 Salvatoris
1964 3018 2026 3073 in

381 3108 555 3164 caelos
582 3106 990 3163 ascensionem
1046 3108 1265 3162 amoris
1311 3107 1439 3177 ejus
1488 3108 1571 3162 vis
1602 3107 1782 3163 fuerit
1812 3112 1938 3162 tum
1965 3108 2026 3162 in

380 3198 538 3252 hunc
561 3196 910 3268 ipsum,tum
930 3196 989 3250 in
1009 3212 1075 3251 ea
1097 3213 1226 3268 qua:
1245 3196 1426 3250 Filius
1444 3196 1569 3266 ipse
1589 3195 2027 3267 diligeret.Quo-

381 3285 543 3342 niam
573 3302 708 3341 vero
739 3291 876 3340 ante
917 3283 1335 3340 admirandum
1378 3289 1611 3355 partum
1644 3301 1814 3339 suum
1847 3301 1882 3339 a
1913 3302 2028 3340 ca:-

382 3375 517 3431 lesti
552 3375 650 3430 illo
684 3375 952 3447 principe
981 3374 1185 3429 audire
1213 3373 1358 3428 illud
1383 3372 1743 3441 meruerat‘,
1766 3376 2028 3429 Invenisti

2210 2571 2282 2628 E'.
2315 2573 2446 2628 Ὅτε
2502 2568 2559 2626 δὲ
2615 2573 2703 2626 καὶ
2754 2571 2890 2646 πρὸς
2944 2571 3164 2632 τοῦτοις
3220 2577 3320 2640 τῆς
3375 2570 3522 2643 ἱερᾶς
3573 2567 3780 2638 ἀπέστη

2142 2661 2349 2735 μητρὸς
2381 2661 2409 2715 6
2467 2667 2611 2725 θεῖος
2669 2659 2812 2716 οὕτω
2866 2661 2955 2716 καὶ
3014 2659 3352 2740 φιλούμενος
3383 2665 3535 2724 Παῖς,
3565 2663 3682 2719 πῶς
3717 2655 3785 2710 ἃν

2139 2749 2239 2804 οἳει
2299 2746 2593 2804 διακεῖσθαι
2651 2750 2748 2818 την
2804 2750 3060 2819 τοιαύτην
3123 2749 3368 2824 μητέρα;
3429 2743 3555 2801 Οὐδ’
3599 2746 3658 2800 ’ἀν
3707 2745 3788 2806 εἷς

2136 2843 2244 2893 τῶν
2278 2840 2544 2906 ἁπάντων,
2606 2835 2788 2900 οὐδεὶς
2845 2837 3066 2908 ἐξειπεῖν
3125 2838 3160 2907 ἢ
3210 2837 3405 2891 ἐννοεῖν
3461 2831 3606 2910 ἔχοι,
3657 2835 3786 2888 οἷον

2138 2925 2314 3003 ἐκείνῃ
2348 2928 2408 2982 τὸ
2439 2927 2666 3002 φίλτρον
2726 2927 2858 3000 μετᾶ
2911 2929 3010 2998 την
3062 2930 3159 2982 τοῦ
3209 2933 3468 3000 Σωτῆρος
3504 2923 3784 2996 ἀνάληψιν

2138 3019 2275 3094 πρὸς
2307 3017 2465 3073 αὑτόν
2496 3038 2576 3085 τε,
2607 3017 2696 3072 καὶ
2731 3018 2862 3092 ἅπερ
2895 3014 3055 3078 αὑτὸς
3105 3015 3301 3096 ἐφίλει.
3336 3013 3492 3073 Ἀλλ’
3533 3013 3644 3068 ἐπεὶ
3673 3013 3790 3088 πρὸ

2138 3111 2235 3162 τοῦ
2264 3104 2575 3182 παραδόξου
2605 3107 2792 3177 τόκου,
2844 3107 3010 3181 Εὗρες
3059 3107 3247 3185 χάριν,
3279 3105 3477 3174 ἢκουσε
3511 3102 3653 3178 παρὰ
3684 3106 3791 3158 τοῦ

2139 3197 2600 3272 ἀρχιστρατήγου,
2665 3199 2765 3265 τῆς
2846 3199 3176 3268 θεοπρεποῦς
3263 3195 3478 3272 ἀγάπης
3564 3189 3787 3262 δηλαδῆ

2137 3285 2226 3341 καὶ
2283 3285 2503 3360 ἀρετῆς,
2563 3287 2661 3354 τήν
2715 3289 2810 3340 τοῦ
2866 3289 3054 3340 καινοῦ
3109 3286 3273 3340 τόκου
3331 3281 3620 3338 ἀντίδοσιν·
3673 3277 3790 3336 ἔδει

2139 3373 2334 3430 λοιπὸν
2383 3376 2473 3430 καὶ
2525 3373 2780 3451 λαμπρᾶς
2828 3372 3010 3430 ἔπειτα
3059 3372 3238 3445 ἄλλης
3278 3371 3583 3428 ἀπολαῦσαι
3616 3371 3788 3449 χάρι-

384 3468 645 3535 gratiam,
678 3465 895 3520 amoris
925 3463 1150 3520 scilicet
1198 3465 1315 3519 Deo
1348 3463 1508 3534 digni
1541 3480 1608 3518 ac
1637 3463 1892 3530 virtutis,
1922 3479 2027 3519 ceu

2139 3485 2230 3526 τος
2256 3467 2325 3538 τῇ
2356 3434 2626 3538 πανάγνῳι,
2659 3434 2788 3538 πρὶς
2818 3463 2961 3527 θείαν
2995 3434 3236 3539 ἀγάπην,
3265 3462 3403 3538 ᾗπερ
3435 3465 3514 3534 (d)
3548 3434 3791 3534 s'iprijt'zt,

385 3555 517 3610 novi
550 3554 707 3609 illius
758 3559 960 3626 partus
1006 3553 1549 3608 remunerationem
1577 3570 1590 3619 ;
1623 3551 1932 3624 oportebat
1961 3552 2032 3607 de

388 3649 622 3708 caalero,
656 3648 720 3697 ut
751 3641 1070 3714 purissima
1102 3641 1223 3707 illa,
1257 3659 1386 3713 qua)
1435 3643 1632 3714 prouti
1665 3641 1889 3697 dictum
1921 3647 2031 3709 est,

389 3734 462 3790 ad
495 3735 596 3788 Dei
629 3750 891 3790 amorem
937 3733 1343 3788 sublimiorem
1387 3732 1857 3804 divinioremque
1889 3749 2035 3788 con-

393 3823 722 3893 scenderat,
771 3824 882 3879 alio
937 3840 1173 3894 quoque
1232 3839 1417 3893 eoque
1477 3823 1791 3893 splendido
1824 3821 2036 3877 deinde

389 3931 637 3970 munere
671 3913 978 3968 ditaretur.
1026 3913 1088 3967 Id
1140 3918 1338 3968 autem
1387 3913 1608 3967 factum
1656 3929 1773 3968 non
1805 3911 2034 3977 fuerat;

391 4013 449 4061 et
479 4006 627 4061 ratio
661 4006 722 4059 in
771 4010 1048 4076 promptu
1107 4009 1214 4070 est,
1274 4003 1413 4074 quia
1444 4019 1658 4073 nempe
1691 4003 1750 4056 in
1782 4003 1891 4057 hac
1922 4001 2039 4056 vita

391 4095 542 4151 nihil
601 4094 846 4149 omnino
897 4093 1159 4164 reperire
1209 4099 1334 4147 erat
1380 4092 1720 4164 prmcelsius
1770 4108 1838 4146 eo
1882 4090 2040 4160 quod

389 4184 514 4256 jam
548 4185 740 4240 fuerat
768 4189 1057 4238 assecuta.
1107 4183 1307 4252 Itaque
1356 4197 1489 4235 cum
1541 4180 1716 4245 nihil,
1751 4185 2038 4251 quantum

393 4277 481 4332 fas
514 4276 608 4331 hic
648 4280 823 4336 esset,
857 4273 1246 4330 excellentius
1290 4272 1436 4327 ratio
1487 4271 1911 4342 suppeditaret,
1942 4287 2040 4326 su-

395 4371 629 4437 pererat
659 4365 924 4428 omnino,
957 4369 1022 4417 ut
1064 4379 1198 4417 cum
1233 4361 1410 4417 caelos
1441 4360 1886 4426 conscenderet,
1920 4359 2039 4415 cla-

396 4455 520 4509 rius
571 4471 747 4522 quam
795 4454 1049 4524 cogitare
1103 4451 1297 4519 liceat,
1349 4451 1622 4522 supernis
1663 4450 1886 4522 gratiis,
1922 4449 2042 4504 sui-

397 4559 511 4614 que
544 4542 651 4596 filii
683 4559 749 4596 ac
782 4543 883 4595 Dei
935 4541 1352 4613 splendoribus
1400 4541 1715 4596 frueretur.
1767 4538 2041 4606 Quando-

399 4631 640 4702 quidem
672 4630 851 4685 etiam
879 4630 1144 4685 Salvator
1165 4646 1378 4684 novum
1405 4629 1719 4700 quemdam
1753 4634 1956 4700 potum
1981 4629 2043 4684 in

397 4727 644 4795 paterno
675 4736 855 4793 regno
887 4735 1264 4775 communem
1300 4735 1432 4774 cum
1467 4718 1774 4789 discipulis
1827 4718 1950 4772 suis
1979 4734 2043 4772 se

2142 3550 2584 3630 φιλοσόφωτερόν
2678 3573 2736 3607 τε
2827 3552 2916 3608 καὶ
3000 3551 3318 3626 ἓνθεώτερον
3398 3544 3791 3619 άναϐεεηκυία.

2141 3646 2313 3700 Τοῦτο
2345 3640 2400 3697 δὲ
2431 3641 2492 3697 ού
2533 3643 2735 3719 γὲγονε¹
2791 3642 2854 3698 τὸ
2915 3640 2971 3698 δὲ
3029 3643 3224 3710 αἲτιον,
3259 3642 3332 3702 ὡς
3365 3640 3558 3716 ξικιστά
3585 3659 3646 3714 γε
3676 3643 3792 3692 τῶν

2143 3732 2394 3788 ἁπάντων
2453 3730 2624 3800 οὑδὲν,
2683 3733 2745 3788 οὗ
2803 3733 3124 3807 τετύχηκεν,
3197 3731 3367 3805 εὑρεῖν
3433 3731 3547 3785 οἷὸν
3606 3749 3662 3782 τε
3722 3728 3799 3797 ἦν

2146 3820 2484 3898 ὑψηλότερον
2518 3820 2570 3876 ἐν
2607 3819 2749 3894 τῷδε
2810 3827 2889 3896 τῷ
2947 3821 3070 3898 βίῳ·
3131 3819 3270 3875 ὥστε
3314 3818 3426 3875 ἐπεὶ
3472 3817 3804 3891 λαμπρότε-

2146 3933 2262 3988 ρον,
2313 3911 2388 3973 ὡς
2437 3911 2556 3980 ἐνῆν
2605 3911 2844 3980 ἐνταῦθα,
2901 3909 3064 3986 λόγος
3117 3907 3293 3971 ούὸεῖς
3344 3912 3639 3984 συγχωρεῖ,
3677 3905 3808 3961 λεί-

2145 4022 2301 4056 πεται
2358 3999 2460 4073 ἄρα
2519 4022 2651 4074 μετα
2706 4003 2803 4069 τήν
2866 4000 2940 4062 εἷς
2998 3999 3254 4075 οὐρανοὺς
3304 3996 3565 4070 ἐκδημίαν
3595 3997 3805 4072 τρανό-

2145 4111 2300 4165 τερον
2362 4091 2493 4166 ὑπὶρ
2551 4090 2578 4144 ό
2635 4090 2725 4144 καὶ
2786 4088 3098 4165 λογίζεσθαι
3149 4086 3342 4158 ἔξεστι,
3391 4091 3497 4143 τῶν
3545 4085 3804 4165 χαρίτων

2148 4181 2256 4235 ἂνω
2286 4180 2376 4234 καὶ
2426 4176 2800 4251 λαμπηδόνων
2855 4183 2952 4232 τοῦ
3007 4177 3210 4248 ταύτης
3268 4179 3395 4232 Υἱοῦ
3451 4179 3807 4254 κατατρυφᾷν

2147 4269 2239 4324 καὶ
2299 4271 2454 4324 Οεοῦ.
2514 4269 2635 4323 Ὅτι
2689 4267 2779 4320 καὶ
2832 4267 2859 4320 ὁ
2921 4266 3118 4340 Σωτήρ
3175 4267 3394 4337 καινῆςξξ
3423 4285 3569 4325 τινος
3620 4260 3670 4317 ἐν
3725 4266 3810 4338 τῇ

2149 4361 2388 4433 πατρικῇ
2451 4355 2702 4431 βασιλείᾳ
2758 4362 3091 4424 κοινωνῆσαι
3150 4360 3263 4416 τοῖς
3325 4357 3594 4428 μαθηταῖς
3627 4351 3812 4427 ἐπηγ-

2149 4449 2370 4526 γείλατο
2416 4448 2648 4516 πόσεως,
2694 4449 2794 4517 τὴν
2837 4445 3207 4526 φανερωτέραν
3264 4445 3458 4499 ἐκεῖθεν
3503 4449 3607 4512 τῆς
3655 4441 3814 4516 πρὸς

2151 4540 2280 4596 Θεὸν
2337 4539 2579 4599 ὲνώσεως
2636 4541 2814 4612 γεῦσιν
2859 4537 3070 4605 καινὴν,
3147 4537 3327 4607 οἶμαι,
3392 4534 3550 4588 πόσιν
3613 4528 3822 4602 διαση-

2154 4629 2382 4703 μαίνων,
2439 4629 2505 4696 ἧς
2574 4630 2679 4681 τῶν
2753 4622 2976 4681 δικαίων
3054 4624 3342 4692 πινόντων,
3401 4621 3582 4698 χαίρει
3642 4619 3813 4682 Θεός·

2149 4715 2237 4771 καὶ
2268 4714 2418 4770 τοῦτ’
2469 4711 2620 4781 αὐτὸ,
2666 4712 2764 4780 τήν
2812 4711 3006 4786 χαρὰν,
3055 4709 3212 4764 πόσιν
3263 4712 3473 4782 ἡγεῖται
3525 4707 3674 4774 Θεὸς,
3708 4709 3814 4762 καὶ

396 4811 742 4868 habiturum
780 4808 1052 4880 promisit
1070 4807 1113 4877 ⁵,
1161 4807 1294 4862 novi
1339 4811 1511 4878 potus
1559 4807 1822 4873 nomine,
1853 4811 1921 4861 ut
1950 4823 2027 4861 ar'

2161 4803 2251 4860 διὰ
2277 4806 2438 4860 τοῦτο
2481 4801 2760 4874 συμπίνειν
2820 4797 3226 4872 ἀνωμολογεῖτο
3283 4802 3400 4861 τοῖς
3449 4795 3659 4869 κήρυξι.
3698 4797 3819 4852 Καὶ

396 4901 607 4967 bitror,
641 4899 984 4972 signiﬁcans
1017 4895 1447 4970 expressiorem
1471 4893 1607 4950 inde
1639 4900 1875 4968 gustum
1907 4911 2045 4950 con-

393 4989 724 5063 junctionis
755 5003 891 5044 cum
923 4988 1198 5058 Deo,quo
1229 4983 1539 5057 potu,dum
1572 4985 1850 5040 fruuntur
1871 4984 2044 5056 justi,

396 5081 614 5156 gaudet
644 5079 819 5147 Deus,
853 5083 911 5134 et
954 5077 1066 5133 hoc
1113 5077 1330 5149 ipsum,
1365 5091 1578 5146 nempe
1607 5073 1910 5145 gaudium,
1939 5089 2048 5129 ceu

399 5179 603 5245 potum
636 5172 790 5226 Deus
823 5167 1020 5232 habet,
1050 5183 1118 5223 ac
1146 5171 1457 5238 prOpterea
1493 5180 1556 5219 se
1588 5181 1721 5220 cum
1753 5162 2048 5236 Evangelii

402 5261 777 5334 praeconibus
823 5257 1149 5314 bibiturum
1193 5255 1598 5327 profitebatur.
1651 5256 1722 5308 Et
1768 5253 2050 5324 quoniam

472 5361 494 5394 ⁴
527 5361 658 5416 Luc.
693 5377 730 5429 ι,
759 5360 848 5414 30.
925 5359 947 5395 ⁵
977 5358 1155 5416 Marc.
1189 5373 1298 5424 xw,
1331 5358 1438 5423 25;
1474 5355 1606 5411 Luc.
1642 5371 1776 5423 χχιι,
1810 5355 1898 5409 30.

2154 4894 2268 4968 εἲγε
2329 4893 2405 4966 μή
2462 4891 2667 4962 καρπὸς
2716 4887 2806 4944 καὶ
2861 4889 3019 4951 οὗτος
3079 4887 3414 4960 ἐταμιεύετο,
3475 4885 3557 4940 ὅτι
3607 4885 3701 4939 καὶ
3742 4886 3820 4941 τὸ

2154 4983 2281 5058 πρὶν
2347 4976 2781 5055 ὑπερϐάλλεσθαι
2849 4978 2984 5053 πρὸς
3051 4977 3180 5032 Θεὸν
3249 4976 3366 5050 εἶχε
3432 4972 3682 5051 φίλτρον,
3716 4975 3824 5030 καὶ

2157 5068 2235 5128 ἔτι
2305 5071 2442 5144 μετὰ
2505 5075 2605 5138 τῆς
2665 5065 2818 5143 ἁγίας
2886 5064 3098 5137 ἐκείνης
3162 5065 3382 5140 σαρκὸς,
3426 5062 3502 5118 ’ἶν’
3553 5058 3821 5136 ἀμοιῦὣν

2157 5159 2408 5237 ἀρρήτων
2442 5156 2552 5214 ἄνω
2611 5155 2925 5236 ἐμφορηθῇ,
2985 5153 3062 5211 ἔτι
3121 5152 3176 5210 δὲ
3234 5155 3321 5210 καὶ
3355 5151 3550 5215 ἄλλοις
3584 5152 3833 5219 ἐνταῦθα

2159 5253 2459 5326 παρασχεῖν
2519 5246 2729 5318 ὄνησιν,
2779 5245 3024 5321 ἀπαίρων
3095 5245 3154 5299 ἂν
3207 5245 3236 5301 6
3289 5244 3592 5318 μονογενὴς
3643 5241 3832 5314 αὐτῆς

1757 5519 1904 5579 Ant.
1937 5514 2229 5580 Ballerini
2259 5519 2449 5576 notae.

485 5704 553 5779 (ο)
583 5706 670 5762 lta
699 5703 828 5763 cod.
859 5707 1199 5760 constanter
1228 5717 1333 5774 pro
1366 5699 1634 5777 ὑπερφυῆ.

2239 5696 2318 5768 (d)
2348 5693 2486 5752 Cod.
2517 5691 2681 5771 ἦπερ.
