4090 6208
267 353 384 415 125

1199 344 1456 407 SERMO
1499 345 1579 405 IN
1625 342 2180 405 DOBMITIONEM
2223 341 2292 401 B.
2339 342 2415 403 V.
2463 341 2762 402 MARI/E.

3571 347 3686 428 ιεθ

269 486 395 545 Υἱὸς
453 475 949 556 σονανελάμϐανεν,
1010 480 1186 555 οἶμαι,
1245 477 1333 535 καὶ
1391 480 1491 550 τήν
1544 478 1752 555 μητερα
1784 477 1919 554 πρὸς

2037 494 2206 534 amor
2235 477 2297 533 in
2320 479 2526 547 Deum,
2560 493 2675 550 quo
2715 478 2947 550 pridem
3001 479 3265 548 ardebat,
3327 480 3683 551 etiamnum,

277 574 433 648 ὕψος.

272 667 712 722 incrementum
777 667 1034 735 poterat,
1094 665 1162 717 ut
1227 659 1630 716 ineﬂ‘abilibus
1680 659 1940 732 prmmiis
1981 657 2318 714 cmlestibus
2376 657 2609 713 abunde
2656 659 2830 714 ditari
2909 658 3170 727 deberet,

2039 567 2179 623 dum
2203 573 2409 624 sancta
2437 567 2542 624 illa
2573 584 2749 624 carne
2777 568 3179 637 detinebatur,
3211 571 3420 644 ingens
3451 588 3686 628 sumere

3250 660 3496 733 insuper
3553 678 3688 716 vero

272 756 410 812 aliis
442 770 673 826 quoque
699 752 833 808 heic
857 753 1070 807 aﬂ‘erre
1102 755 1335 823 poterat
1355 749 1674 806 utilitatem
1709 767 1722 818 ;
1749 751 1876 821 jam
1905 746 2020 804 nisi
2051 748 2300 827 fructus,
2332 749 2501 818 isque
2533 753 2753 816 tantus,
2787 749 3125 804 reconditus
3157 749 3388 818 fuisset,
3444 752 3688 809 Matrem

273 861 528 918 quoque,
563 850 626 898 ut
647 843 924 911 arbitror,
957 841 1299 914 unigenitus
1343 841 1473 912 ejus
1499 839 1704 907 Filius,
1731 856 1868 894 cum
1900 837 2252 905 discederet,
2285 838 2346 892 in
2370 838 2580 893 coelum
2612 854 2812 894 secum
2837 839 3194 896 sustulisset.

339 937 454 988 Ὀτι
488 931 568 1000 δὲ,
627 932 765 988 καθᾶ
819 933 1161 1006 προέφημεν,
1213 927 1304 984 8ιᾶ⁵
1359 931 1452 985 τὸν
1504 928 1628 1004 περὶ
1683 932 1752 985 τὰ
1806 933 1925 992 θεῖα

269 1027 463 1089 πόθον,
498 1021 700 1091 εὐτελῆ
727 1021 816 1076 καὶ
849 1021 1179 1101 ἀφιλότιμον
1207 1017 1264 1074 ἄν
1299 1019 1451 1075 εἷλκε
1483 1019 1603 1094 βίον
1635 1020 1669 1084 ἡ
1718 1018 1926 1094 Πάναγυ

265 1134 376 1182 νος,
410 1117 691 1168 κατενοεῖν
724 1105 892 1181 ἔξεστι
920 1111 1014 1165 καὶ
1045 1107 1169 1166 ὦδε.
1204 1110 1292 1172 Ὠς
1349 1109 1396 1164 εἰ
1463 1108 1554 1163 καὶ
1621 1109 1697 1180 μή
1756 1104 1920 1177 τηλιο

263 1201 438 1271 καύτη
500 1222 566 1278 γε
626 1200 839 1255 οἲχοθεν
891 1197 1178 1274 ἆτῦγχανεν
1237 1195 1390 1268 οὖσα,
1437 1197 1514 1260 ὡς
1557 1194 1640 1274 ἄρ’
1672 1193 1922 1271 ἐδείχθη,

261 1293 324 1346 τὸ
351 1297 461 1345 πᾶν
505 1285 787 1365 ὖπερϐὰσα
815 1287 971 1365 γένος
1035 1289 1103 1360 τῇ
1161 1292 1270 1342 τῶν
1331 1283 1572 1342 ἆστᾶτων
1631 1285 1920 1361 ὑπεροψίᾳ’

262 1378 394 1435 ἄλλ’
455 1380 542 1435 ’ὀτι
598 1376 792 1434 τοῦτδν
847 1371 1048 1447 ἔτεκεν,
1100 1375 1162 1432 οὗ
1190 1377 1281 1431 τὸν
1320 1378 1420 1446 τῆς
1445 1374 1640 1450 ἰσχύος
1669 1371 1790 1450 ᾔδει
1825 1374 1919 1447 μὲν

263 1474 453 1547 σαφῶς
496 1469 794 1543 θησαυρὸν,
822 1467 887 1523 τὸ
919 1466 1075 1523 λιτὸν
1103 1463 1160 1521 δὲ
1215 1465 1311 1522 οὐκ
1358 1465 1543 1540 ἠγνόει
1611 1465 1709 1521 τοῦ
1772 1465 1920 1541 βίου,

260 1559 352 1614 καὶ
383 1559 564 1630 ὅπως,
625 1557 738 1629 ἐξὸν
777 1555 1186 1626 διακονηθῆναι,
1240 1552 1559 1624 διακονῆσαι
1593 1553 1792 1620 εἵλετο,
1821 1555 1922 1624 τὴν

263 1647 510 1723 ἐσχάτην
572 1667 630 1702 τε
691 1642 838 1722 ἔχειν
893 1646 1058 1716 τάξιν,
1119 1643 1246 1706 τοὺς
1295 1649 1405 1698 τῶν
1464 1641 1747 1717 πρωτείων
1770 1641 1918 1721 ἐφιε-

266 1737 465 1813 μένους
523 1733 793 1805 ἐδίδασκε,
851 1739 970 1796 πῶς
1029 1731 1091 1789 ἄν
1159 1730 1436 1804 ἀπᾴδοντα
1518 1731 1598 1802 τῷ
1680 1734 1919 1804 ταπεινῷ

264 1823 597 1898 διεπράξατο
660 1821 942 1899 δεσπότῃ;
1007 1823 1106 1879 Διά
1161 1826 1328 1877 ταῦτα
1381 1819 1562 1876 τοίνυν
1624 1819 1704 1876 ἀεὶ
1750 1819 1816 1874 τὰ
1866 1839 1923 1874 τε

267 1916 443 1987 σεμνᾶ
495 1914 590 1968 καὶ
649 1913 723 1967 ὧν
788 1912 1078 1989 ὑπέρτερον
1134 1908 1310 1980 οὖδὶν,
1379 1907 1574 1988 ἐφίλει·
1635 1908 1726 1964 καὶ
1808 1913 1916 1963 τῶν

266 2003 506 2079 ῥεόντων
572 2003 840 2077 ὑπερορᾷν
896 2003 1110 2077 ᾑρεῖτο,
1169 2001 1261 2056 καὶ
1321 2000 1590 2062 ταπεινῶς
1650 1997 1808 2076 ἄγαν,
1859 1999 1934 2059 ὡς

2109 929 2274 994 Quod
2305 934 2521 995 autem,
2556 929 2710 984 sicut
2739 931 3436 1004 praemissimus,pr0pter
3457 931 3683 989 divina-

2034 1034 2169 1072 rum
2219 1035 2421 1072 rerum
2475 1018 2837 1074 desiderium
2897 1037 3218 1092 pauperem
3277 1028 3335 1076 et
3381 1021 3454 1077 ab
3515 1023 3680 1078 omni

2034 1108 2426 1163 ostentatione
2458 1107 2712 1163 alienam
2745 1110 3062 1181 purissima
3083 1110 3188 1166 illa
3207 1112 3384 1166 vitam
3417 1111 3678 1176 duceret,

2032 1195 2119 1250 vel
2150 1213 2220 1251 ex
2248 1197 2358 1251 hoc
2390 1198 3256 1270 perspicerelicet.Quanquam
3283 1201 3441 1256 enim
3472 1206 3681 1273 suopte

2035 1283 2273 1357 ingenio
2307 1301 2374 1340 ac
2423 1291 2632 1357 sponte
2693 1287 2850 1343 hunc
2896 1288 3162 1344 animum
3215 1306 3336 1344 non
3386 1291 3683 1362 gessisset,

2037 1373 2372 1445 cujusmodi
2406 1380 2711 1431 ostensum
2745 1375 2942 1447 palam
2974 1383 3061 1432 est
3120 1377 3170 1431 ei
3199 1377 3482 1441 adfuisse,
3515 1385 3581 1435 ut
3613 1381 3675 1436 in

2034 1478 2236 1518 rerum
2269 1462 2541 1519 labilium
2573 1471 2916 1538 contemptu
2946 1471 3188 1522 cunctos
3218 1467 3396 1539 plane
3429 1469 3690 1524 antecel-

2029 1552 2181 1608 leret
2217 1571 2230 1620 ;
2255 1560 2316 1610 at
2345 1572 2480 1611 vero
2513 1555 2797 1627 quoniam
2827 1556 2994 1610 illum
3018 1559 3504 1629 genuerat,cujus
3535 1559 3675 1614 hinc

2033 1644 2275 1714 quidem
2311 1645 2662 1700 immensam
2693 1645 3016 1717 potentiam
3041 1647 3224 1718 probe
3254 1653 3518 1716 noverat,
3537 1648 3674 1703 inde

2032 1749 2166 1788 vero
2198 1733 2487 1790 humilem
2529 1751 2648 1790 non
2707 1735 3012 1808 ignorabat
3070 1737 3204 1791 vitae
3261 1737 3576 1805 rationem,
3627 1743 3684 1792 et

2039 1841 2155 1898 quo
2179 1831 2372 1897 pacto,
2406 1842 2538 1881 cum
2573 1826 2862 1881 ministris
2895 1826 2980 1880 uti
3013 1827 3064 1881 ei
3091 1827 3316 1894 liceret,
3344 1829 3684 1884 ministrare

2039 1919 2240 1970 tamen
2283 1915 2487 1970 maluit
2517 1914 2559 1983 ⁸,
2605 1932 2671 1970 ac
2726 1923 3108 1987 praeceperat,
3171 1923 3237 1971 ut
3293 1917 3681 1974 novissimum

2040 2001 2233 2058 locum
2266 2009 2560 2070 tenerent,
2595 2004 2693 2074 qui
2728 2006 2901 2076 primi
2936 2021 3064 2060 esse
3086 2005 3390 2072 vellent";
3426 2023 3682 2078 quomo-

266 2093 501 2167 εἴρηται.
543 2092 633 2146 καὶ
667 2090 889 2169 ἀόγκως
929 2092 1115 2166 βιοῦν.

2045 2091 2117 2147 do
2149 2092 2380 2148 vivendi
2406 2094 2698 2148 rationem
2732 2093 2804 2148 ab
2851 2093 3064 2150 humili
3098 2096 3347 2150 Domino
3379 2095 3684 2152 dissonam

264 2186 490 2240 tectata
518 2199 785 2254 unquam
816 2182 1027 2237 fuisset
1053 2182 1081 2236 ‘2
1111 2182 1210 2237 His
1241 2182 1442 2254 itaque
1473 2181 1546 2236 de
1577 2180 1768 2237 causis
1800 2180 1954 2236 hanc
1984 2181 2194 2253 ipsam,
2227 2182 2454 2237 honore
2486 2199 2626 2238 sane
2658 2183 2894 2254 dignam
2926 2189 2984 2239 et
3014 2201 3130 2255 qua
3174 2185 3561 2240 excellentius
3593 2192 3684 2241 est

265 2271 443 2338 nihil,
472 2289 783 2343 nunquam
815 2287 936 2326 non
969 2271 1174 2326 dilexit
1207 2276 1303 2336 ;et
1333 2271 1690 2327 caducarum
1724 2287 1923 2326 rerum
1955 2276 2384 2343 contemptum,
2417 2272 2502 2328 uti
2547 2272 2769 2328 dictum
2829 2279 2936 2341 est,
2986 2275 3282 2346 vitamque
3343 2273 3510 2330 valde
3567 2275 3681 2332 hu—

263 2363 471 2418 milem
507 2367 568 2418 et
594 2363 846 2418 tumoris
878 2367 1177 2434 expertem
1211 2361 1321 2417 sibi
1351 2361 1547 2433 elegit.

342 2452 400 2519 ζ’.
439 2449 599 2508 Οῧτω
650 2447 708 2505 δὲ
767 2450 844 2512 εἰς
897 2455 998 2524 γῆν
1043 2443 1471 2524 αἰθεροϐκτούσῃ
1547 2451 1616 2524 τῇ
1681 2449 1926 2523 μακαπίᾳ

266 2536 503 2615 ἄγγελος
547 2536 902 2612 ὑψηλοτάτην
935 2534 1123 2593 ἄνοδον
1172 2538 1390 2610 μηνύει.
1437 2537 1569 2611 Περὶ
1621 2536 1683 2593 οὗ
1731 2536 1921 2613 λόγος,

268 2629 344 2689 ὡς
377 2624 628 2704 Γαϐριὴλ
657 2629 725 2698 ἦν
795 2629 823 2683 ὁ
855 2633 1024 2697 θεῖος,
1081 2625 1142 2690 ὃς
1165 2623 1232 2696 δὴ
1292 2628 1382 2682 καὶ
1427 2623 1557 2682 τάδε
1604 2631 1918 2703 προσεῖπεν·

267 2719 329 2776 Ὅ
371 2719 612 2790 Κτίστης
643 2724 751 2774 τῶν
785 2718 1060 2787 ἁπάντων,
1092 2717 1183 2772 καὶ
1216 2722 1351 2772 Θεοῦ
1383 2718 1513 2780 Θεὸς
1569 2717 1768 2794 Λόγος,
1827 2716 1917 2772 καὶ

270 2808 391 2870 Υἱὸς
451 2809 567 2876 σὸς,
600 2807 762 2864 καλεῖ
810 2828 888 2880 σε,
935 2803 1192 2881 Ιιαρθὲνε,
1252 2808 1378 2883 παρ’
1447 2805 1642 2880 ἑαυτῷο
1693 2808 1780 2862 καὶ
1844 2805 1922 2871 εἰς

267 2896 461 2970 τρίτην
513 2897 650 2969 μετὰ
710 2899 812 2968 τήν
878 2893 1038 2969 ἐμὴν,
1089 2895 1134 2950 ὦ
1185 2894 1524 2970 πανύμνητε,
1578 2894 1834 2973 ἀγγελίαν
1890 2896 1918 2950 ὁ

266 2985 487 3060 ῢψηλὸς
516 2983 863 3057 ὖποδέξεσθαί
895 3005 952 3040 σε
1000 2982 1412 3060 διηυτρὲπισται
1472 2985 1680 3061 χώρος.
1737 2986 1917 3061 Χαρᾶς

268 3071 325 3130 δὲ
355 3075 574 3151 πλῆρες
621 3075 711 3131 καὶ
769 3075 834 3130 τὸ
893 3073 1215 3150 εὐαγγέλιον
1281 3073 1456 3145 τουτὶ,
1512 3075 1777 3153 Παναγνε,
1825 3074 1913 3130 καὶ

266 3172 366 3225 τοῦ
395 3167 528 3238 πρίν
587 3187 672 3220 σοι
716 3162 806 3220 δὸν
847 3165 1131 3236 ἀσπασμὸν
1179 3163 1385 3219 ἐκεῖνοι)
1457 3165 1788 3238 μηνύσαντος
1841 3163 1916 3226 είς

265 3260 459 3332 τέρψιν
507 3251 685 3311 ἐνδέον
746 3250 924 3310 οὐδὲν.
989 3253 1238 3326 Καθάπερ
1308 3255 1412 3332 γὰρ
1473 3253 1805 3332 εὐφροσύνης
1854 3252 1920 3322 ἧν

271 3346 453 3403 ἰκεῖνο
503 3344 565 3398 τὸ
609 3342 909 3420 πρόσρημα
946 3339 1140 3419 γέμον,
1191 3343 1275 3398 δτι
1333 3343 1470 3417 μόνη
1536 3344 1631 3400 τὸν
1679 3342 1926 3414 πλάστην

270 3431 576 3495 ἰεᾶστασας
631 3433 713 3495 σίς
767 3439 872 3508 γῆν
923 3433 1190 3504 κανιόντα,
1250 3432 1394 3488 οὕτω
1453 3433 1542 3488 καὶ
1598 3437 1688 3488 νῦν
1739 3438 1925 3509 χαῖρε,

272 3523 654 3598 εὖλογημένη,
688 3521 773 3576 ὅτι
805 3521 971 3594 μόνος
1005 3522 1032 3576 ὁ
1062 3523 1280 3576 πάντων
1311 3521 1586 3592 Δεσπότης
1632 3522 1706 3584 εἰς
1758 3521 1922 3598 οὖρα-

270 3613 401 3676 νοῦς
456 3634 516 3667 σε
576 3609 780 3681 δέξεται
840 3611 1108 3668 ἀνιοῦσαν.
1169 3612 1336 3669 Ἔνθα
1391 3609 1660 3684 Θυμηδίας
1717 3611 1925 3690 dcimo

271 3701 596 3776 πλησθήσῃ,
684 3701 772 3754 καὶ
854 3702 1182 3764 θεοπθεποῦς
1271 3698 1494 3772 ὁμιλίας
1577 3699 1923 3766 ἆπολαῦσεις.

272 3793 397 3848 Θεία
455 3789 516 3846 δέ
564 3810 622 3844 σε
674 3788 1122 3865 ὗπερλαμπρυνιῖ
1179 3787 1350 3851 ἀίδιος
1407 3787 1629 3864 ἀγλαΐα,
1689 3790 1926 3846 καὶοῖον

275 3885 488 3955 χιτῶνα
546 3879 804 3955 λαμπρὸν
859 3879 1008 3949 ζωήν
1061 3876 1322 3953 ἐνδυθήσῃ
1381 3878 1624 3948 αἰώνιον,
1692 3877 1925 3955 ἄῤῥητόν

275 3989 357 4024 σοι
393 3966 649 4024 διδοῦσαν
691 3969 922 4044 τρυφὴν,
979 3970 1078 4037 τὴν
1135 3967 1211 4028 εἷς
1271 3967 1470 4030 αἶῶνας
1527 3966 1772 4024 ἄπαυστοι
1829 3971 1922 4024 σὺν

269 4062 348 4130 τῷ
392 4057 507 4128 1⁸ἷῷ
573 4077 668 4111 σου
725 4057 816 4110 καὶ
867 4060 982 4127 Θεῷ
1039 4053 1380 4132 ἆγαλλίασιν.
1446 4060 1616 4131 Χαῖρε
1708 4053 1924 4131 λοιπὸν,

269 4145 480 4222 ἁγνείας
535 4143 664 4215 ἥλιε
713 4140 1078 4218 διαυγὲπατεο
1141 4145 1325 4218 χαῖρε,
1384 4139 1730 4220 ἀλάϐαστρον
1784 4145 1922 4201 εὐω-

271 4231 391 4299 δίας
419 4235 667 4306 ἀλήκτου
699 4233 1098 4305 πληρεστατοψ
1135 4239 1318 4310 χαῖρε,
1381 4234 1706 4307 ζωοπάροχε
1758 4241 1921 4306 κῆπε,

270 4329 370 4392 τῆς
419 4323 714 4388 ἀθανασίας
759 4323 907 4403 φῦων
946 4325 1208 4398 καρπούς.
1269 4325 1457 4399 Χαῖρε,
1509 4323 1590 4380 ὅτι
1635 4324 1724 4378 καὶ
1778 4327 1920 4381 ἀσω-

273 4414 482 4486 μάτους
510 4411 870 4491 φαιδρότερον
901 4409 1202 4478 ἐκστίλϐεις
1232 4416 1307 4489 (e)
1333 4416 1564 4470 τοιαῦτά
1617 4436 1702 4471 σοι
1757 4415 1921 4489 κομί-

265 4510 459 4576 ζοντας
489 4503 808 4580 εὐαγγέλια,
840 4505 902 4559 οὗ
937 4527 1032 4578 μοι
1064 4506 1239 4584 σαφὴς
1282 4506 1315 4573 ἡ
1350 4510 1514 4578 πεῖρα
1567 4504 1919 4570 διδάσκαλος.

2106 2451 2195 2510 VI.
2228 2451 2375 2506 Cum
2405 2468 2582 2524 porro
2606 2451 2779 2508 beata
2804 2452 2908 2508 illa
2932 2453 3232 2510 cmlestem
3259 2454 3552 2526 ejusmodi
3597 2455 3680 2510 vi-

2033 2546 2156 2598 tam
2179 2541 2239 2596 in
2273 2546 2430 2597 terra
2455 2541 2715 2614 degeret,
2745 2543 2816 2598 de
2839 2559 3091 2598 ascensu
3122 2544 3250 2615 ejus
3295 2545 3368 2600 ad
3423 2561 3682 2616 superna

2031 2629 2276 2704 angelus
2307 2631 2390 2686 illi
2415 2631 2690 2686 nuntium
2726 2630 2935 2686 defert.
2968 2633 3037 2686 Et
3066 2632 3224 2688 hunc
3267 2632 3508 2702 quidem
3564 2639 3680 2689 tra-

2030 2717 2176 2774 ditio
2204 2719 2476 2791 perhibet
2505 2719 2768 2774 divinum
2801 2720 2979 2775 fuisse
3031 2719 3380 2788 Gabrielem,
3431 2721 3530 2791 qui
3577 2721 3670 2776 his

2028 2807 2482 2880 prorsusverbis
2512 2825 2642 2863 eam
2690 2810 2903 2863 an‘atus
2943 2812 3073 2863 est:
3124 2811 3340 2864 Rerum
3399 2809 3665 2866 omnium

2029 2899 2288 2968 Creator,
2344 2898 2446 2953 Dei
2494 2897 2748 2953 Verbum
2807 2899 2979 2967 Deus,
3009 2902 3067 2951 et
3097 2897 3257 2952 illius
3307 2903 3464 2966 tuus,
3496 2904 3574 2965 te,
3630 2915 3663 2954 ο

2028 2989 2224 3061 Virgo,
2258 2987 2332 3044 ad
2365 3003 2425 3042 se
2458 2992 2621 3042 vocat
2648 3001 2662 3054 ;
2692 2993 3050 3059 paratusque
3107 2985 3375 3042 sublimis
3430 2991 3520 3044 est
3573 2988 3666 3044 lo-

2028 3096 2152 3144 cus,
2184 3079 2284 3150 qui
2318 3082 2394 3148 te,
2428 3095 2461 3133 ο
2493 3077 2662 3133 laude
2690 3078 2850 3133 omni
2882 3077 3430 3150 dignissima,tertio
3462 3078 3532 3133 ab
3558 3079 3670 3137 hac

2031 3185 2164 3225 mea
2194 3167 2484 3240 legatione
2520 3167 2637 3234 die,
2672 3168 2944 3240 excipiat.
2979 3169 3095 3223 Hoc
3127 3173 3322 3222 autem
3369 3169 3668 3240 nuntium,

2034 3275 2067 3314 ο
2090 3257 2429 3330 purissima,
2463 3262 2522 3312 et
2551 3257 2744 3329 ipsum
2774 3257 2970 3328 gaudii
3002 3257 3247 3329 plenum
3279 3262 3387 3325 est,
3421 3274 3530 3314 nec
3559 3259 3669 3313 mi-

2030 3363 2143 3402 nus
2171 3345 2390 3401 laetitia:
2421 3346 2591 3401 aﬂ‘ert
2620 3362 2687 3400 ac
2717 3346 2882 3417 prius
2902 3345 3068 3412 illud',
3102 3347 3260 3418 quod
3291 3346 3396 3402 tibi
3449 3347 3672 3404 saluta-

2032 3436 2258 3490 tionem
2292 3433 2451 3490 illam
2484 3434 2714 3491 detulit.
2749 3435 2907 3491 Sicut
2933 3437 3091 3491 enim
3131 3436 3504 3494 lmlissimum
3562 3436 3673 3492 fuit

2031 3525 2177 3581 illud
2202 3525 2551 3596 alloquium,
2583 3530 2899 3598 prepterea
2929 3526 3084 3598 quod
3114 3528 3450 3584 Creatorem
3482 3527 3542 3582 in
3561 3533 3674 3582 ter-

2031 3633 2158 3672 ram
2190 3617 2649 3672 descendentem
2707 3617 2835 3672 sola
2886 3616 3228 3688 portandum
3283 3615 3666 3688 suscipiebas,

2033 3706 2116 3762 ita
2147 3711 2204 3760 et
2234 3723 2392 3762 nunc
2417 3706 2545 3778 jam
2577 3705 2786 3777 gaude,
2822 3723 2854 3760 o
2909 3704 3237 3772 benedicta,
3261 3707 3542 3776 quoniam
3575 3721 3672 3759 rc-

2032 3812 2166 3850 rum
2198 3796 2462 3850 omnium
2495 3795 2778 3850 Dominus
2811 3801 2866 3849 te
2900 3793 2971 3849 ad
3021 3794 3200 3848 cmlos
3249 3793 3670 3849 ascendentem

2032 3881 2195 3937 solus
2226 3881 2497 3952 excipiet.
2516 3881 2599 3935 lbi
2625 3881 3298 3952 ineﬂ'abilijucunditate
3323 3879 3669 3950 repleberis,

2029 3970 2344 4041 divinaque
2360 3970 2655 4025 consortio
2675 3969 3492 4042 perfrueris.Fulgentissimm
3512 3969 3671 4024 enim

2028 4060 2180 4117 lucis
2227 4066 2283 4115 te
2325 4060 2578 4132 plendor
2636 4077 2758 4115 non
2808 4059 3108 4130 periturus
3171 4058 3561 4124 collustrabit,
3613 4063 3673 4115 et

2029 4151 2290 4224 quodam
2323 4149 2737 4222 quasifulgido
2771 4149 3122 4206 indumento
3174 4150 3291 4204 vita
3348 4149 3667 4204 circumve-

2028 4241 2224 4296 stieris
2257 4245 2497 4307 mterna,
2539 4256 2669 4310 quae
2720 4239 3152 4294 inenarrabiles
3180 4238 3283 4293 tibi
3318 4237 3582 4302 delicias,
3615 4243 3672 4293 et

2024 4328 2165 4400 juge
2193 4329 2254 4382 in
2285 4327 2500 4382 saecula
2530 4344 2665 4382 cum
2695 4328 2815 4382 filio
2844 4332 2942 4383 tuo
2976 4345 3044 4382 ac
3076 4329 3192 4383 Deo
3232 4326 3512 4400 gaudium
3565 4325 3674 4380 tri-

2031 4419 2192 4474 buat.
2225 4419 2342 4473 Ave
2375 4417 2572 4490 igitur,
2606 4419 2693 4474 sol
2750 4418 3026 4490 puritatis
3082 4417 3477 4474 nitentissime
3508 4416 3618 4487 (l0)
3653 4431 3668 4484 ;

2028 4524 2154 4575 ave,
2186 4506 2544 4563 alabastrum
2577 4508 2755 4564 odore
2779 4524 3084 4580 nunquam
3116 4507 3426 4564 deficiente
3459 4506 3674 4580 plenis-

261 4597 376 4663 Τῆς
407 4591 467 4648 δὶ
525 4593 760 4657 ἆιιςώου
790 4593 882 4648 καὶ
943 4581 1257 4663 ἀειθαλοῦς,
1289 4597 1354 4664 ἧς
1401 4594 1584 4668 τεύξῃ,
1643 4593 1918 4673 γλυκότη-

2032 4598 2286 4665 simum;
2319 4613 2442 4669 ave,
2477 4596 2683 4654 hortus
2714 4598 2889 4654 vitam
2921 4598 3286 4672 germinans,
3319 4603 3378 4653 et
3426 4597 3673 4653 immor-

331 4767 587 4828 ‘Matth.
625 4785 721 4835 xx,
743 4769 813 4824 28
844 4767 1020 4837 ;Luc.
1052 4784 1192 4838 χιιι,
1215 4771 1305 4823 2‘7.
1381 4767 1405 4802 "
1435 4770 1636 4826 Matth.
1667 4785 1763 4837 xx,
1793 4771 1884 4824 26.

1611 4950 1756 5010 Ant.
1806 4949 2107 5012 Ballerini
2136 4955 2325 5013 notas.

329 5172 401 5241 (e)
424 5169 719 5227 Henricus
737 5167 1083 5241 Stephanus
1139 5169 1431 5241 (Thesaur.
1466 5168 1547 5241 ad!
1577 5169 1639 5226 V.
1672 5160 1906 5241 nimi»)

255 5239 475 5298 vitiatae
503 5239 749 5299 lectioni
781 5239 1043 5296 tribuere
1078 5240 1287 5296 maluit
1319 5239 1592 5312 exempla
1627 5239 1906 5312 quasdam

257 5317 467 5370 activa;
519 5312 978 5386 signiﬁcationis
1031 5312 1189 5368 verbi
1229 5305 1518 5386 “metu;
1581 5305 1675 5366 hic
1731 5328 1906 5383 porro

253 5387 468 5442 lsidori
503 5383 674 5441 locus
705 5384 1070 5439 contrarium
1103 5383 1351 5440 suadere
1403 5383 1650 5439 videtur.

331 5460 448 5536 (10)
489 5455 874 5536 Mller-timus
895 5456 1190 5536 superius,
1241 5456 1386 5536 solis
1417 5454 1721 5536 -typo,_qui
1779 5471 1909 5526 pro-

253 5526 539 5602 prius'est
558 5526 779 5602 Christi
815 5526 1254 5602 Domini,etiam
1278 5526 1573 5602 Virginem
1595 5526 1907 5602 Deiparam

254 5597 623 5658 adumbrari.
651 5598 756 5653 Hic
782 5613 918 5652 vero
939 5597 1271 5670 explicatur
1299 5597 1777 5670 expressiusqqu
1796 5597 1910 5670 ista

254 5673 624 5749 comparatio
657 5673 904 5743 spectet.
930 5667 1210 5727 Videlicet
1229 5667 1388 5727 sicut
1403 5669 1669 5726 Christus
1682 5667 1910 5725 dicitur

2015 5169 2106 5248 Sgl
2123 5171 2385 5248 justiﬁes,
2421 5168 2514 5248 sic
2527 5169 2697 5248 Virgo
2718 5167 3070 5248 beatissima
3095 5164 3428 5248 appellatur
3455 5163 3663 5248 sol‘pu-

2013 5236 2220 5308 ritatis,
2253 5236 2423 5312 isque
2453 5236 2870 5312 intentissimas.
2894 5236 3467 5312 AtAcum‘Christum
3493 5236 3668 5312 dici-

2016 5329 2148 5368 mus
2179 5306 2356 5368 Solem
2376 5313 2643 5382 justitim,
2679 5312 2789 5365 hoc
2808 5309 3140 5382 signiﬁcare
3173 5306 3664 5382 volumus,justi-

2017 5384 2160 5438 tiam
2190 5378 2405 5438 Christi
2438 5384 2520 5437 ita
2549 5378 2887 5452 perfectam'
2905 5395 3054 5452 esse,
3083 5385 3151 5434 ut
3171 5378 3319 5452 nihil
3343 5378 3666 5452 perfectius

2017 5454 2337 5526 excogitari
2369 5458 2530 5524 quat.
2552 5451 2642 5526 Ea
2689 5452 2866 5524 igitur
2918 5455 2977 5506 et
3023 5451 3392 5526 de_Virgi_n’e
3437 5453 3663 5526 paritas

2016 5521 2414 5598 niten'tissima
2443 5521 2820 5595 prmdicatur,
2848 5539 2965 5598 qua
2995 5521 3146 5598 nihil
3174 5521 3392 5598 purius
3412 5521 3664 5598 concipi

2017 5596 2223 5670 possit,
2240 5613 2306 5652 ac
2320 5600 2634 5670 propterea
2659 5610 2789 5668 quae
2808 5595 3069 5668 cujusvis
3096 5595 3245 5653 nmvi
3260 5595 3661 5669 suspicionem

2019 5667 2226 5742 procul
2257 5684 2291 5724 a
2312 5667 2372 5724 se
2405 5667 2660 5740 rejiciat.
