4090 6208
268 315 386 376 129

1218 306 1486 372 SERMO
1529 309 1612 374 IN
1656 310 2217 379 DORMITIONEM
2261 319 2335 381 B.
2382 319 2452 382 V.
2502 320 2800 387 ΜΑΒῙΕ.

3564 337 3681 402 130

270 445 526 520 ὀδυρμοῦ
573 445 671 500 τὸν
728 440 928 499 κλόνον
1001 445 1268 533 πενθικῶς
1340 441 1656 533 προαρύσηε
1827 440 1920 500 ἅτε

2031 449 2230 508 batur.
2261 452 2397 510 Erat
2428 455 2509 523 id,
2540 463 2607 512 ut
2637 462 2798 530 poto,
2830 459 3138 531 prozlentis
3176 462 3421 533 luctum,
3464 474 3521 523 et
3549 468 3678 528 loco

272 532 342 604 δὴ
374 541 476 604 τῆς
502 532 722 589 πάντων
752 531 1053 607 ἁγιωτέρας
1082 528 1173 586 καὶ
1233 530 1574 606 ἀσυγκρίτως
1622 530 1930 604 καλλίστης

274 621 670 697 διεσταλμένης
697 620 973 677 συνοίκου.
1032 620 1200 695 Οἶμαι
1260 616 1318 675 δὲ
1363 620 1455 676 καὶ
1508 620 1608 691 ὡς,
1659 618 1809 696 ε’ἶπερ
1848 622 1925 685 εἰς

274 725 384 795 γῆν
416 714 665 777 πλείονος
696 711 779 771 ἔτι
810 710 973 787 δόξης
1002 707 1112 769 ἔδει
1141 715 1211 787 τῇ
1241 712 1513 789 πανάγνῳ,
1561 713 1652 769 καὶ
1704 711 1928 789 οὐρανὸς

275 809 361 880 ἂν,
393 805 481 861 καὶ
530 807 627 880 γῆ,
687 804 779 859 καὶ
836 802 1102 875 θάλασσα,
1158 802 1251 858 καὶ
1309 806 1453 858 πᾶσα
1508 802 1697 873 τότεὴ
1731 802 1924 875 κτίσις,

268 895 471 954 ἓκαστα
502 905 703 974 θρῆνον
762 889 1193 966 ἀναπλεξάμενα,
1252 887 1552 962 δυνηθῆναι
1602 891 1782 967 εἶχον,
1832 891 1924 947 καὶ

265 989 458 1064 γοερὸν
520 986 846 1059 ἁνωμῶξαι,
894 985 995 1053 τὴν
1053 980 1321 1055 ἐκδημίαν
1382 978 1767 1060 ὀλοφυρόμενα
1822 988 1925 1053 τῆς

266 1076 567 1151 Παρθένου·
598 1076 692 1132 καὶ
722 1076 752 1130 ὁ
781 1072 1095 1133 τελευταῖος
1147 1069 1208 1126 ἄν
1247 1067 1422 1126 ἐδόκει
1473 1071 1714 1143 σεισμὸς,
1758 1069 1821 1126 οὗ
1860 1072 1923 1128 τὸ

264 1163 543 1244 ρρικῶδες
574 1165 666 1222 καῖ
698 1162 921 1240 νεκροὺς
953 1161 1221 1236 ἀκούομεν
1272 1159 1596 1235 ἆνκψώσειν,
1646 1160 1785 1216 ὥστε
1833 1161 1921 1216 καὶ

264 1256 340 1315 εἰς
400 1253 595 1331 αἰθέρα
642 1248 1048 1335 νεφελοϐατεῖν,
1107 1250 1183 1312 ὡς
1244 1249 1412 1326 μικρᾶ
1497 1244 1765 1328 διαφέρων
1819 1257 1920 1321 τῆς

261 1343 347 1401 ἐπ’
377 1344 592 1416 ἐκείνην
649 1348 749 1399 τοῦ
809 1344 1014 1418 θρήνου
1059 1340 1363 1411 κυκήσεως.
1395 1340 1517 1397 Ὅτι
1564 1336 1622 1395 δὲ
1670 1343 1768 1395 τοῦ
1820 1361 1920 1414 με-

255 1455 451 1511 γιστου
492 1432 587 1489 καὶ
638 1430 703 1489 οὗ
758 1433 897 1509 πρὸς
958 1426 1112 1502 δόξαν
1147 1428 1595 1505 περιφανέστερον
1626 1423 1797 1501 οὐδὲν,
1828 1428 1919 1484 τὸν

259 1525 394 1580 Θεὸν
422 1527 658 1579 τεκοῦσα
686 1520 979 1596 τετύχηκε,
1025 1518 1193 1595 λόγου
1223 1516 1419 1573 λοιπὸν
1470 1517 1573 1572 οὐκ
1623 1516 1689 1585 ἧν
1744 1514 1914 1588 ἃξιον⁸

253 1614 512 1670 τοιοῦτόν
542 1635 596 1669 τι
625 1615 791 1691 γῆθεν
838 1612 977 1668 κατᾶ
1030 1611 1130 1680 τήν
1181 1608 1328 1663 θείαν
1388 1606 1599 1679 ἰκείνην
1650 1628 1912 1682 κοιμησιν

251 1704 749 1775 καινοτομηθῆναι.

2036 541 2362 611 gemituum
2397 550 2624 601 motum
2654 547 2827 604 illum
2859 548 3103 623 lugubre
3161 570 3230 609 ex
3278 555 3398 612 imo
3448 557 3681 628 cientis,

2037 628 2192 700 quod
2254 632 2482 691 scilicet
2539 635 3016 695 conturbernalis
3069 641 3174 697 illa
3238 660 3365 710 sua,
3427 648 3686 705 sanctior

2034 720 2349 789 universis,
2401 729 2461 779 et
2506 725 2656 781 citra
2703 730 3208 800 comparationem
3259 750 3499 791 omnem
3547 736 3684 807 pul-

2034 807 2471 884 cherrimaU2)
2495 812 2624 886 jam
2664 815 2999 874 discessura
3049 826 3224 877 esset.
3276 824 3346 877 Et
3385 823 3678 895 siquidem

2033 896 2246 967 majori
2280 898 2523 971 insuper
2552 902 2741 974 gloria
2771 907 3041 962 exornari
3088 908 3150 964 in
3200 912 3376 966 terris
3429 914 3681 982 purissi-

2034 1000 2191 1041 mam
2225 987 2383 1043 illam
2415 992 2791 1064 oportuisset,
2826 995 3147 1065 enimvero,
3178 1004 3247 1053 ut
3283 1016 3388 1072 ego
3434 1001 3673 1072 quidem

2033 1074 2308 1145 arbitror,
2329 1085 2386 1134 et
2408 1079 2618 1136 celum
2644 1086 2807 1150 tunc,
2830 1089 2889 1139 et
2922 1090 3097 1153 terra,
3122 1092 3179 1143 et
3202 1105 3385 1154 mare,
3418 1096 3476 1145 et
3506 1108 3675 1148 crea-

2032 1168 2178 1220 tura:
2211 1183 2443 1236 omnes,
2486 1168 2732 1242 lugubre
2777 1174 2920 1243 quid
2974 1176 3219 1248 singulae
3269 1180 3673 1251 concinentes,

2030 1257 2387 1312 commoveri
2419 1257 2782 1328 debuissent,
2816 1267 2873 1317 et
2914 1264 3168 1338 Virginis
3208 1267 3535 1325 discessum
3585 1270 3677 1326 la-

2026 1349 2364 1401 mentantes
2395 1346 2579 1402 flebili
2611 1366 2750 1405 voce
2783 1351 3173 1422 ingemiscere
3205 1372 3219 1424 ;
3254 1373 3321 1412 ac
3354 1358 3476 1414 visa
3520 1366 3680 1416 esset

2026 1439 2325 1504 postrema
2354 1434 2459 1491 illa
2480 1437 2605 1510 jam
2637 1439 2842 1497 adesse
2873 1446 3214 1514 commotio,
3251 1447 3421 1519 cujus
3464 1448 3674 1506 horro-

2024 1537 2152 1577 rem
2182 1522 2272 1578 vel
2303 1524 2462 1595 ipsos
2497 1531 2763 1583 mortuos
2792 1530 3061 1587 novimus
3106 1539 3463 1603 erecturum,
3495 1543 3562 1594 ut
3608 1539 3670 1596 in

2023 1626 2162 1666 aera
2192 1612 2380 1667 instar
2407 1613 2655 1670 nubium
2686 1616 3061 1688 discurrant;
3112 1639 3321 1694 parum
3365 1626 3512 1682 adeo
3556 1628 3671 1685 ista

2021 1715 2055 1754 a
2084 1698 2319 1773 lugubri
2364 1702 2468 1758 illa
2513 1710 2756 1777 propter
2810 1707 3108 1781 Virginem
3163 1712 3534 1772 conturbatio
3582 1717 3667 1772 vi-

253 1797 501 1852 deretur
531 1794 846 1850 absimilis.
881 1795 956 1848 At
996 1791 1281 1864 quoniam
1332 1791 1525 1863 Virgo,
1565 1795 1770 1862 utpote
1815 1790 1919 1871 Dei
1969 1799 2157 1846 mater
2203 1792 2431 1865 effecta,
2482 1794 2663 1853 decus
2721 1799 2991 1856 omnium
3040 1804 3392 1873 maximum,
3445 1813 3502 1862 et
3551 1821 3668 1878 quo

255 1883 641 1958 splendidius
671 1882 823 1938 nihil
855 1880 1126 1938 conferre
1160 1879 1235 1936 ad
1281 1879 1532 1953 gloriam
1580 1884 1797 1952 potest,
1844 1880 2053 1935 sortita
2090 1880 2218 1953 jam
2266 1881 2477 1950 fuerat,
2538 1885 2704 1940 nulla
2749 1889 3089 1958 postulabat
3140 1894 3312 1960 ratio,
3365 1900 3433 1950 ut
3483 1897 3674 1967 quod-

253 1977 419 2048 piam
447 1975 745 2047 ejusmodi
774 1990 992 2031 novum
1022 1977 1361 2045 portentum
1389 1972 1463 2027 ob
1490 1971 1749 2027 divinam
1778 1969 1942 2026 illam
1972 1970 2394 2029 dormitionem
2424 1992 2454 2031 e
2488 1980 2645 2032 terra
2673 1977 2968 2037 ederetur.

329 2067 388 2122 I'.
422 2063 580 2121 Ἐπεὶ
614 2060 672 2118 δὲ
700 2064 730 2117 ὁ
760 2062 857 2137 μὶ)
893 2060 1044 2124 οἶκος
1073 2057 1201 2131 ἔστη
1258 2064 1356 2115 τοῦ
1405 2056 1631 2127 κλόνου,
1661 2061 1698 2130 ἡ
1730 2056 1793 2145 δὲ,
1819 2078 1915 2133 με.

2094 2062 2168 2118 Χ.
2202 2063 2520 2135 Postquam
2553 2081 2688 2138 ergo
2722 2066 2932 2124 domus
2964 2072 3209 2128 cessavit
3238 2091 3273 2129 a
3311 2080 3498 2145 motu,
3535 2092 3671 2135 cum

254 2153 516 2215 τὰστασις
548 2152 732 2230 φωτὸς
766 2150 949 2229 ἔργον,
979 2148 1070 2205 καὶ
1098 2153 1195 2206 τοῦ
1245 2147 1661 2227 λαμπροτάτου,
1712 2144 1908 2219 ἀνέπτη

257 2247 415 2319 φῶτα
444 2242 641 2312 ἣκιστά
669 2261 732 2317 γε
763 2240 998 2317 βραχέα,
1027 2243 1262 2295 τοσαῦτα
1310 2235 1388 2306 δὲ,
1438 2237 1537 2294 ὅσα
1577 2239 1770 2315 πλήρη
1817 2238 1909 2294 τὸν

256 2334 410 2387 οἷκον
441 2332 623 2409 φωτὸς
669 2331 756 2385 καὶ
809 2329 1112 2403 ὁλολαμπῆ
1161 2328 1449 2400 πεποίηκε’
1496 2332 1666 2385 Τοῦτο
1715 2324 1772 2383 δὲ
1818 2327 1912 2399 ἧν,

252 2416 447 2498 ἔμοιγε
478 2418 654 2492 δοκεῖ,
682 2422 782 2490 τήν
812 2423 1109 2490 τηνικαῦτα
1154 2422 1261 2473 τῶν
1318 2417 1565 2493 ἀγγέλων
1614 2414 1911 2491 ἐπιδημίαν

257 2510 694 2589 ὑποφαιτούσης,
727 2510 820 2564 ἅτε
851 2506 1214 2579 καταλλήλου
1248 2506 1345 2563 τοῦ
1377 2508 1556 2586 φωτὸς
1584 2502 1759 2579 ὄντος,
1790 2511 1907 2570 τοῖς

252 2603 351 2655 τοῦ
382 2603 519 2655 Θεοῦ
548 2597 922 2675 λειτουργοῖς,
955 2597 1030 2661 ὡς
1071 2601 1179 2672 πῦρ
1227 2594 1430 2674 φλὲγον
1488 2597 1906 2670 πεποιημὲνοιςσ

252 2686 379 2744 ούδὶ
406 2688 514 2763 γὰρ
548 2686 695 2766 εἶχεν
751 2683 940 2761 ἓτερον
991 2685 1343 2760 οἰκειότερον,
1391 2685 1437 2758 ᾧ
1487 2685 1548 2740 ἂν
1600 2686 1728 2749 τοὺς
1782 2684 1909 2750 νόας

250 2779 417 2854 γῆθεν
449 2775 739 2846 ξενίσαιτο·
772 2772 963 2839 ἄλλως
993 2776 1036 2838 θ’
1065 2775 1149 2829 ὅτι
1190 2773 1282 2829 καὶ
1335 2771 1545 2851 σφόδρα
1573 2772 1641 2843 ἦν
1684 2775 1747 2831 τὸ
1795 2778 1910 2856 φῶς

249 2863 451 2920 οξκεῖον
483 2860 647 2937 αύτῇ,
678 2862 896 2918 πάντων
933 2862 1066 2937 οὔσῃ
1099 2862 1489 2940 φωνεινοτάτῃ.

248 2957 527 3014 scelestas
570 2956 816 3029 spiritus
871 2955 1127 3027 hospitio
1178 2955 1521 3027 exciperet;

247 3046 666 3115 lucidissimaa,
698 3046 800 3101 lux
828 3050 987 3101 esset
1014 3043 1485 3101 accommodata.

317 3137 444 3193 Εἶτ’
478 3133 825 3208 ἐκκορησασα
854 3132 917 3187 τὸ
959 3129 1261 3207 δωμάτιον,
1310 3133 1400 3187 καὶ
1448 3134 1549 3203 τήν
1599 3132 1747 3207 ἱερὰν
1793 3132 1910 3191 κλί-

247 3248 369 3296 νην,
426 3224 511 3303 ἐφ’
540 3226 673 3297 ᾕτὸ
722 3224 905 3298 τίμιον
962 3219 1248 3280 διανέπαυε
1300 3228 1484 3298 σῶμα,
1541 3223 1596 3279 εὗ
1641 3220 1906 3293 διαθεῖσα,

244 3314 430 3371 τᾶλλα
457 3336 522 3371 τε
578 3314 1043 3390 παρασκευάσασα,
1099 3312 1200 3368 ὅσα
1252 3317 1397 3393 ταφῇ
1453 3312 1755 3386 νομίζεται,
1809 3313 1904 3377 τὰς

2024 2150 2309 2207 transitus
2339 2151 2438 2208 ille
2474 2154 2725 2228 Virginis
2768 2156 2843 2213 ad
2891 2174 3071 2230 opera
3120 2159 3270 2216 lucis
3325 2168 3385 2219 et
3427 2165 3668 2236 quidem

2021 2237 2473 2310 fulgentissimm
2506 2248 2819 2315 spectaret,
2871 2247 3069 2302 statim
3119 2250 3359 2321 exiguas
3404 2252 3533 2325 ipsa
3579 2254 3668 2309 fa-

2022 2326 2204 2391 culas,
2240 2345 2456 2401 easque
2508 2336 2594 2387 tot
2640 2333 2934 2402 accendit,
2982 2342 3126 2408 quot
3181 2355 3248 2393 ac
3298 2340 3665 2413 implendam

2021 2414 2154 2472 luce
2178 2417 2701 2493 domum,eamque
2724 2422 3102 2495 splendidam
3125 2427 3387 2499 undique
3409 2430 3668 2486 efﬁcien-

2022 2503 2157 2561 dam
2190 2507 2332 2563 satis
2364 2515 2581 2566 essent.
2617 2513 2728 2566 Per
2752 2512 2880 2569 haec
2910 2519 3129 2582 autem,
3162 2522 3227 2571 ut
3258 2517 3402 2573 mihi
3427 2521 3667 2589 quidem

2021 2593 2270 2665 videtur,
2304 2597 2627 2654 instantem
2643 2599 2770 2671 jam
2798 2602 3141 2675 angelorum
3175 2604 3488 2663 adventum
3516 2607 3670 2663 indi-

2020 2684 2208 2754 cabat,
2241 2703 2376 2742 cum
2406 2686 2681 2744 videlicet
2711 2690 2813 2747 Dei
2857 2691 3248 2763 administris,
3298 2696 3517 2767 quippe
3563 2698 3666 2768 qui

2015 2774 2156 2832 facti
2187 2780 2326 2831 sunt
2386 2777 2535 2851 ignis
2583 2795 2764 2835 urens
2793 2780 2835 2847 ⁸,
2886 2779 2983 2836 lux
3032 2784 3285 2838 maxime
3340 2791 3664 2858 congruat;

2018 2882 2157 2922 nam
2212 2866 2365 2922 nihil
2410 2867 2688 2934 habebat,
2739 2869 2919 2939 aliud,
2980 2889 3094 2945 quo
3146 2875 3340 2959 aptius
3384 2876 3444 2931 in
3490 2879 3666 2933 terris

1581 2955 1914 3027 praesertim
1960 2973 2095 3013 vero
2145 2974 2280 3014 cum
2331 2963 2389 3015 et
2432 2958 2545 3032 ipsi
2597 2960 2847 3035 Virgini,
2895 2968 3097 3035 utpote
3142 2955 3344 3023 rerum
3396 2968 3666 3026 omnium

2090 3136 2314 3194 Deinde
2331 3156 2464 3195 cum
2480 3137 2902 3198 domunculam
2924 3142 3210 3201 verrendo
3223 3152 3664 3220 perpurgasset,

2018 3231 2076 3282 et
2105 3227 2507 3284 venerandum
2552 3227 2721 3284 illum
2767 3229 3074 3301 lectulum,
3134 3234 3196 3288 in
3233 3251 3348 3306 quo
3398 3234 3662 3308 aliquam

2016 3317 2246 3374 solebat
2274 3319 2531 3390 pretioso
2564 3320 2797 3392 corpori
2828 3338 2934 3377 suo
2977 3322 3246 3395 requiem
3301 3324 3461 3393 dare,
3512 3342 3661 3382 con-

248 3403 417 3481 φίλας
456 3403 598 3477 αὐτῇ
652 3403 899 3479 γείτονας
952 3399 1324 3477 ωγκαλεῖται.
1384 3404 1453 3459 Αἱ
1505 3399 1564 3457 δὲ
1620 3403 1754 3472 ἦσαν
1807 3401 1905 3459 δύο

2022 3407 2193 3463 cinne
2224 3406 2633 3480 disposuisset,
2690 3417 2934 3467 cum-et
2980 3412 3117 3481 alia,
3174 3430 3543 3487 quascunque
3595 3415 3658 3472 in

245 3493 513 3570 πενιχραὶ
544 3495 718 3569 χῆραι
766 3496 874 3548 τῶν
924 3489 1118 3548 ἐνδεῶν
1168 3491 1263 3567 μὲν
1311 3492 1410 3546 ὅσα
1456 3491 1593 3569 πρὸς
1647 3490 1785 3567 βίον,
1831 3491 1906 3555 ὡς

250 3580 309 3639 δὲ
336 3587 408 3657 τῇ
438 3581 660 3639 πάντων
695 3581 896 3639 οἰκεῖαι
955 3577 1221 3656 βασιλίδι,
1262 3582 1350 3637 καὶ
1397 3585 1505 3636 τῶν
1555 3579 1722 3650 αὐτῆς
1775 3579 1910 3653 κλη-

252 3673 512 3746 ρονόμοι,
545 3672 622 3732 ὡς
652 3667 756 3744 ἄρα
790 3671 927 3744 μετᾶ
991 3671 1183 3743 μικρὸν
1213 3671 1241 3726 ὁ
1274 3670 1437 3746 λόγος
1483 3666 1746 3741 δηλώσει,
1798 3674 1907 3725 τῶν

252 3762 313 3817 ἐκ
339 3760 594 3836 λιπαρῶν
626 3760 719 3816 καὶ
757 3758 965 3836 βαθέων
995 3758 1161 3816 οἷ’κων
1200 3757 1693 3836 εὐδαιμονέστεραι.
1755 3765 1915 3815 Γνωα

254 3851 387 3925 ρὶζει
446 3852 634 3907 τοίνυν
694 3849 916 3911 ταύταις
969 3850 1071 3919 τήν
1154 3845 1437 3920 ἐκδημίαν·
1504 3851 1603 3904 τοῦ
1667 3846 1910 3925 ἀγγέλου

255 3936 421 4011 δηλοῖ
448 3940 519 3995 τὶ
548 3938 793 4014 ῥηματω
823 3939 888 3995 τὸ
916 3942 1011 3995 τοῦ
1067 3938 1262 4010 ἑαυτῆς
1327 3939 1454 3993 Υἶοῦ
1499 3938 1592 3994 καὶ
1649 3944 1909 4014 Σωτῆρος

252 4027 509 4104 ἀγγέλλει
544 4031 795 4102 μήνυμα*
831 4025 1060 4083 δείκνυσι
1092 4027 1184 4084 καὶ
1209 4028 1303 4084 τὸν
1336 4024 1563 4096 κλαδον,
1597 4027 1686 4083 καὶ
1718 4025 1906 4105 λόγοις

251 4118 545 4194 ἰξιτηρίοις
588 4115 919 4190 διησπᾶζετο
977 4122 1098 4181 ταῖς
1152 4118 1477 4194 γνωρίμοιςο
1536 4116 1626 4173 καὶ
1675 4117 1735 4180 ἅς
1783 4120 1907 4198 εἶχε

251 4203 430 4263 διττὰς
463 4207 722 4276 ἔσθ’ξτις,
783 4212 892 4263 τῶν
944 4211 1137 4286 χηρῶν
1193 4205 1443 4281 ἐνείματο
1498 4205 1739 4284 ἑκατέρην
1783 4207 1907 4263 οὐδὲ

244 4297 347 4371 γὰρ
402 4299 470 4366 ἦν
537 4298 639 4352 ’ὀσα
695 4317 761 4372 γε
816 4296 893 4359 εἰς
948 4297 1218 4371 Θησαυρὸν
1276 4290 1460 4372 ἕτερον
1534 4300 1604 4371 τῇ
1652 4298 1906 4374 πανάγνῳ

246 4382 283 4454 ἥ
341 4383 591 4450 πλοῦτος
648 4386 935 4464 ὑπερφυῶν
987 4384 1217 4461 ἀρετῶν,
1273 4384 1365 4441 καὶ
1425 4385 1456 4441 ὅ
1507 4406 1562 4442 τι
1620 4386 1903 4462 ἀναγκαῖον

245 4472 424 4530 εἷλκεν
458 4477 496 4545 ἡ
528 4474 714 4552 χρεία.

2018 3496 2325 3552 funeribus
2356 3498 2467 3553 rite
2507 3498 2964 3570 adhibebantur,
3019 3509 3384 3576 apparasset,
3437 3504 3660 3561 vicinas

2021 3585 2132 3641 sibi
2155 3586 2375 3643 amicas
2397 3594 2694 3645 convocat.
2730 3590 2861 3646 Ista:
2891 3608 3068 3663 porro
3100 3590 3231 3648 dum
3258 3599 3426 3649 erant
3457 3595 3662 3667 inopes

2019 3674 2230 3746 viduae,
2250 3693 2540 3748 pauperes
2562 3678 2803 3748 quidem
2827 3679 2985 3752 quod
3005 3680 3077 3736 ad
3104 3681 3235 3736 vita:
3258 3682 3663 3740 conditionem

2021 3764 2253 3833 attinet,
2286 3771 2580 3836 quatenus
2610 3772 2807 3823 autem
2859 3770 3077 3840 regina:
3127 3770 3535 3827 universorum
3585 3772 3666 3828 fa-

2020 3851 2303 3919 miliares,
2338 3855 2496 3909 etin
2546 3854 2814 3925 ejusdem
2864 3855 3295 3923 haereditatem,
3352 3859 3438 3914 uti
3487 3860 3664 3932 paulo

2018 3947 2152 4013 post
2181 3958 2375 3997 sermo
2408 3942 2731 4013 enarrabit,
2777 3945 2997 4015 ascitas,
3040 3945 3406 4017 quibuslibet
3453 3949 3543 4003 vel
3592 3964 3664 4003 ex

2016 4029 2298 4102 opulenta
2327 4031 2633 4103 nobilique
2664 4031 2841 4089 domo
2868 4033 3108 4091 feminis
3129 4034 3445 4095 feliciores.
3478 4038 3663 4094 Ilasce

2017 4119 2197 4191 igitur
2225 4119 2296 4176 de
2328 4119 2595 4178 discessu
2627 4139 2731 4179 suo
2763 4130 3005 4194 monet;
3040 4131 3279 4181 enarrat
3329 4125 3507 4181 verba
3555 4143 3662 4183 an-

2014 4209 2326 4281 geli;Filii
2355 4227 2423 4266 ac
2450 4211 2769 4269 Salvatoris
2833 4214 2923 4269 sui
2972 4214 3247 4269 nuntium
3296 4216 3521 4287 aperit;
3573 4232 3665 4271 ra-

2014 4314 2179 4354 mum
2211 4316 2445 4372 quoque
2478 4299 2594 4356 illis
2651 4302 2931 4371 ostendit,
2982 4309 3041 4358 et
3096 4302 3290 4358 verbis
3334 4300 3667 4360 discedenti

2013 4389 2289 4461 congruis
2348 4389 2779 4446 consuetudine
2837 4392 2948 4447 sibi
3007 4391 3307 4449 devinctas
3364 4401 3666 4464 postremo

2015 4477 2270 4547 salutat;
2304 4482 2432 4534 tum
2464 4478 2658 4549 binas,
2693 4497 2839 4553 quas
2869 4480 3126 4537 habebat
3153 4489 3367 4554 vestes,
3427 4485 3666 4556 utrique

241 4565 433 4622 viduae
465 4565 792 4622 distribuit.
825 4567 1023 4638 Neque
1057 4565 1216 4622 enim
1246 4565 1578 4638 purissima)
1611 4565 1697 4621 illi
1745 4564 1907 4623 aliud
1956 4565 2262 4638 quidpiam
2310 4567 2574 4625 thesauri
2626 4575 2771 4643 erat,
2824 4587 3002 4642 quam
3051 4571 3664 4630 eminentissimarum

238 4659 527 4714 virtutum
560 4674 726 4730 opes,
760 4663 821 4713 et
848 4658 897 4713 si
928 4657 1071 4730 quid
1101 4658 1233 4714 vitae
1262 4673 1405 4714 usus
1437 4658 1773 4714 necessario
1804 4657 2093 4731 exigebat.

309 4751 419 4811 IA‘.
458 4751 613 4808 Ἐπεὶ
643 4747 702 4807 δὲ
730 4751 941 4807 τούτων
983 4751 1050 4806 τὰ
1090 4750 1257 4824 σεμνᾶ
1290 4748 1466 4806 ἐκεῖνα
1505 4747 1765 4822 διήκουσε
1801 4749 1898 4827 γύ-

2078 4752 2169 4808 ΧΙ.
2205 4753 2313 4810 Ubi
2342 4770 2475 4811 vero
2508 4755 2634 4811 haac
2666 4755 2989 4813 audierunt
3037 4757 3303 4815 honestae
3355 4758 3474 4815 illa:
3529 4774 3664 4815 mu-

236 4844 627 4916 νσία,γοερῶς
682 4839 1006 4914 ἀνῴμωξαν,
1064 4843 1275 4914 πικρῶς
1337 4838 1396 4895 ἐκ
1446 4840 1645 4915 βάθους
1697 4838 1904 4896 ἐστένα-

242 4934 358 5005 ξαν,
390 4929 649 5005 δακρύων
680 4929 882 5003 ῥύακας
924 4924 1233 4987 ἆπὲϐλυσαν
1282 4932 1390 4985 τῶν
1441 4928 1762 5011 ὀφθαλμῶνο
1808 4930 1896 4986 καὶ

311 5050 470 5107 Psal.
504 5065 627 5119 cm,
658 5049 713 5105 4.

310 5418 383 5497 (ﬂ.
410 5421 586 5497 Ferte
612 5414 1041 5497 ,πρραρξιούεξηςι

303 5487 412 5562 (l2)
442 5487 1540 5562 Cernis‘de'VirginejDeiparadicenti
1573 5487 1663 5544 Vel
1686 5492 1896 5561 sponte

236 5577 303 5637 ac
313 5560 486 5637 nulla
496 5566 794 5637 poscente
814 5560 1284 5637 causa_e;cidere
1301 5560 1509 5637 laudes
1524 5560 1900 5637 incom’parat

231 5633 364 5693 bilis
404 5628 760 5693 sanctitatis
807 5638 867 5689 et
908 5628 1422 5707 pulchritudinis:
1473 5631 1620 5689 adeo
1676 5628 1899 5689 scilice-

2008 4841 2274 4910 lieres,in
2292 4842 2708 4902 lamentabiles
2731 4846 2987 4920 gemitus
3009 4854 3439 4921 proruperunt;
3464 4863 3667 4904 amara

2011 4949 2083 4988 ex
2113 4932 2230 4989 imo
2262 4933 2558 4992 ducebant
2609 4936 2884 5009 suspiria,
2937 4936 3335 5010 lacrymarum
3377 4936 3666 5010 proﬂuvia

2003 5416 2098 5489 vix
2125 5415 2201 5489 de
2233 5416 2470 5488 Virgine
2503 5416 2683 5489 Maria
2711 5416 2969 5489 cogitare
3002 5415 3161 5489 licet,
3197 5415 3340 5489 quin
3382 5415 3667 5489 singula-

2003 5487 2262 5553 rissima,
2294 5487 2413 5557 qua
2440 5487 2641 5613 fulget,
2662 5487 2945 5543 sanctitas
2971 5504 3039 5544 ac
3061 5487 3440 5561 pulchritudo
3462 5487 3656 5545 niten-

2005 5558 2238 5613 tissima
2268 5559 2456 5613 menti
2488 5575 2521 5613 ο
2566 5565 2848 5613 versetur.

2005 5563 2238 5616 tissima
2268 5563 2456 5616 menti
2488 5563 2848 5614 obversetur.
