4090 6208
421 367 531 430 131
1579 357 1871 420 ISIDORI
1911 357 2036 419 ΤΗΙ

2236 355 2668 420 LONICENSIS
3725 360 3851 421 132

418 513 490 554 ex
510 496 697 554 oculis
752 494 1210 569 profundebant,
1272 497 1332 550 et
1386 508 1510 548 non
1573 490 1816 548 ferendo
1865 489 2029 546 cordi

2234 488 2353 543 ικέτ’
2410 487 2569 564 εἶχον
2630 487 2858 558 άνεκτην
2914 483 3163 563 καρδίαν.
3229 489 3344 545 Ποῦ
3432 483 3491 544 εὶ
3568 487 3849 563 ἀπαίρεις,

423 587 628 644 dolore
695 582 1201 642 discindebantur.
1249 582 1374 648 Quo
1419 598 1580 650 vero,
1632 579 2038 653 inquiebant,‘

2234 595 2435 644 ιασκον,
2468 576 2680 652 Κνρία;
2739 579 2853 632 Ποῦ
2898 577 3002 646 τὴν
3048 576 3268 648 οἴκησιν
3317 575 3500 649 εἵλου,
3552 577 3849 636 Δέσποινα,

423 675 696 740 Domina,
727 674 961 731 abitura
989 689 1050 728 es
1070 672 1098 728 ?
1127 671 1379 728 Ubinam
1409 685 1628 726 novum
1659 668 1769 724 tibi
1816 665 2037 724 domici

2238 671 2552 742 ουργῆσαις
2619 667 2758 723 Τινα
2821 665 2996 722 τόπον
3053 669 3252 740 σεαυτῇ
3332 667 3648 737 καθήκοντα
3701 685 3851 744 παρ-

421 764 568 821 lium
611 769 894 832 statuere,
939 779 972 818 o
1002 760 1272 830 Domina,
1321 757 1632 816 decrevisti
1658 757 1686 812 ?
1740 757 2036 822 Quamnax

2236 753 2524 824 κεύασαςς
2579 758 2754 816 1Ιοῖος
2811 753 3048 828 λειμὼν,
3105 774 3416 830 παντερπνα
3493 754 3675 836 φέρων
3753 755 3851 812 dv-

423 869 742 926 congruam
773 852 879 908 tibi
910 850 1112 908 sedem
1159 849 1432 922 parasti?
1477 847 1785 914 Quodnam
1834 852 2038 918 pratum

2238 864 2316 896 ,ων
2347 839 2556 913 κάλλη,
2583 842 2648 898 τὸ
2679 841 2772 897 σὺν
2806 839 3123 913 ὑποδέξεται
3153 842 3346 917 τίμιον
3379 840 3599 906 κάλλος
3626 860 3642 912 ;
3677 848 3853 907 Ποῖος

413 943 886 1017 jucundissimas
907 929 1027 1014 pra:
1049 959 1112 997 se
1136 941 1334 996 ferens
1351 937 1566 994 (lorum
1587 941 1946 1004 venustates,
1965 935 2028 990 hc

2240 951 2286 988 μα
2311 928 2480 995 τόπος
2504 933 2602 986 τοῦ
2629 927 3124 1007 χρυσοειδεστάτου
3155 933 3244 988 καὶ
3295 929 3701 1008 λαμπροτάτου
3750 953 3855 990 σοι)

422 1015 754 1089 norandam
775 1035 1144 1087 venustatem
1158 1034 1321 1085 tuam
1338 1025 1630 1099 excipiet?
1656 1025 1797 1092 Quis
1826 1023 2037 1080 tandem

2241 1018 2409 1083 ιεάους
2436 1018 2638 1096 γένοιτ’
2695 1019 2756 1075 ἂν
2796 1015 3024 1090 ἱκανόςς
3072 1024 3199 1084 Πῶς
3247 1019 3308 1076 δὲ
3357 1021 3421 1077 οὗ
3469 1027 3544 1098 γῆ
3603 1022 3696 1078 καὶ
3749 1020 3856 1079 0&-

421 1121 588 1178 locus
638 1137 886 1192 corpore
939 1124 1040 1175 tuo
1083 1116 1518 1191 fulgentissima
1582 1131 1651 1172 ac
1707 1113 2036 1170 nitidissimi

2244 1129 2380 1176 ισσα,
2405 1108 2496 1168 καὶ
2522 1107 2552 1165 ὁ
2589 1108 2868 1186 περίγειος
2896 1106 3038 1173 ἄπας
3084 1111 3323 1185 κόσμος,
3373 1112 3476 1182 τήν
3527 1113 3629 1182 σήν
3680 1109 3859 1184 ἐκδη-

419 1210 634 1283 dignus
659 1209 884 1265 fuerit?
915 1205 1219 1275 Quomodo
1267 1211 1468 1262 autem
1520 1203 1850 1260 discessum
1899 1207 2034 1258 tuun

2242 1199 2310 1254 ἴαν
2353 1196 2646 1274 ὄδῦριταις
2697 1203 2820 1264 Πῶς
2869 1200 3090 1256 ἂσειστα
3145 1199 3295 1276 μένει
3335 1203 3405 1258 τὰ
3456 1206 3732 1278 στοιχεῖα,
3783 1202 3857 1258 τὸ

421 1305 580 1356 terra
609 1317 677 1356 ac
700 1315 865 1355 mare
897 1303 956 1354 et
985 1297 1199 1363 omnis,
1230 1313 1360 1368 quae
1383 1299 1602 1350 terram
1625 1291 1832 1358 ambit,
1865 1309 2036 1348 rorun

2240 1284 2321 1364 ἱγα
2377 1285 2468 1342 καὶ
2517 1286 2688 1344 οἷονιῖ
2745 1287 2952 1346 τούτων
3022 1291 3490 1348 συνεκτικώτατον
3559 1298 3855 1370 στοιχεῖον

419 1389 774 1447 universitas
805 1405 928 1444 non
959 1387 1322 1442 lamentetur
1340 1383 1370 1440 ?
1397 1381 1702 1450 Quomodo
1725 1381 2034 1454 inquassat

2240 1376 2448 1450 »όμινον
2479 1371 2894 1449 ἔπιϐλὲποντα;
2937 1377 3119 1450 Ἀλλ’,
3175 1379 3254 1442 ὡς
3302 1376 3471 1452 ἔοικε,
3522 1381 3702 1462 χαρὰν
3748 1380 3855 1438 ἐλ-

418 1483 702 1537 maneant
733 1477 1054 1545 elementa,
1089 1491 1225 1530 cum
1258 1473 1457 1529 nobile
1477 1472 1611 1541 hoc,
1645 1488 1760 1544 quo
1809 1469 2030 1527 maxim

2239 1464 2327 1535 ἶζει
2354 1468 2423 1540 τῇ
2465 1469 2532 1539 σῇ
2597 1467 2940 1540 μεταστάσει,
3000 1465 3372 1544 κηδεμονικὴν
3417 1470 3622 1526 ἑαυτῶν
3680 1492 3854 1528 συνο-

422 1575 482 1627 et
510 1571 640 1642 ipsa
667 1568 846 1624 veluti
878 1566 1280 1632 continentur,
1313 1563 1673 1620 elementum
1692 1560 1930 1617 dissolvi
1948 1577 2037 1616 cex

2236 1553 2289 1622 ἦν
2315 1553 2407 1609 καὶ
2439 1553 2574 1642 μετᾲ
2604 1557 2706 1642 τὴν
2739 1555 2838 1626 σὴν
2896 1555 3156 1614 ἀνάλυσιν
3197 1557 3498 1635 περιμένει.
3541 1555 3686 1616 Οὐδὲ
3734 1561 3851 1637 γὰρ

421 1640 618 1715 nant?
642 1661 715 1713 At
739 1655 1046 1730 gaudium,
1076 1661 1142 1711 ut
1169 1659 1330 1726 puto,
1363 1652 1540 1724 plane
1573 1667 1644 1706 ex
1674 1650 1928 1707 transitu
1967 1653 2036 1704 tui

2252 1645 2464 1730 μφορᾶς
2512 1640 2698 1730 γέγονὲ
2742 1663 2794 1698 τι
2832 1647 2955 1730 τῶν
2993 1647 3101 1700 σῶν
3143 1642 3344 1716 αἶ’τιον,
3389 1643 3453 1704 οὗ
3484 1645 3667 1718 λύπην
3712 1645 3859 1719 ἐδη-

421 1748 535 1804 sibi
599 1729 977 1820 pollicentur,
1029 1759 1351 1816 perennem
1401 1741 1630 1797 scilicet
1701 1738 1812 1794 sibi
1863 1754 2036 1794 curan

2240 1729 2512 1820 ιούργησεν
2569 1729 2634 1820 οὗ
2703 1731 2876 1796 πάθος
2931 1729 3134 1804 ἔτεκεν,
3211 1735 3311 1791 οὐκ
3390 1732 3565 1812 ἄλγος
3628 1732 3855 1811 ἔφυσεν.

421 1815 619 1894 etiam
637 1841 769 1908 post
798 1833 1226 1890 resolutionem
1258 1838 1422 1886 tuam
1453 1833 1819 1901 exspectant.
1867 1829 2036 1898 Nequa

2239 1839 2298 1894 ﬁt
2340 1819 2410 1874 τά
2473 1819 2750 1900 φθάσαντα
2815 1819 2998 1878 πίστιν
3068 1823 3260 1894 ἱκανὴν
3303 1828 3413 1880 τῶν
3487 1820 3854 1898 μελλόντων.

2239 1905 2402 1930 \‘D,’
2436 1907 2592 1930 ,,,,,-
2690 1909 2787 1930 -..Ι
2907 1907 2986 1930 δι
3094 1915 3120 1928 ν
3256 1912 3436 1930 εἱλισ
3496 1919 3522 1930 ·
3660 1919 3690 1930 -
3819 1919 3854 1930 ..-

407 1911 580 1980 ’θηίω
614 1905 940 1996 quidpiam,
982 1921 1141 1992 quod
1189 1919 1262 1975 ad
1307 1923 1363 1974 te
1415 1921 1660 1991 spectet,
1713 1914 2022 1972 calamitati

2244 1905 2333 1964 λλ⁹
2357 1907 2404 1963 εί
2434 1907 2656 1964 κάκεῖνα
2688 1909 2874 1986 χαίρει
2905 1907 2997 1966 διά
3023 1915 3211 1973 ταῦτα,
3247 1912 3379 1969 ἀλλ’
3411 1915 3549 1988 ἡμῖν
3591 1919 3694 1996 φεῦ
3746 1919 3859 1974 τοῦ

419 2028 686 2084 unquam
705 2027 884 2067 causa
907 2009 1155 2075 exstitit,
1174 2025 1293 2064 non
1316 2006 1537 2062 invexit
1560 2021 1910 2071 mrumnam,
1943 2019 2034 2058 n01

2244 2009 2379 2063 ιθοος
2411 1999 2422 2054 !
2453 1999 2522 2052 ’Ὢ
2565 2005 2665 2068 τῆς
2709 2001 3043 2076 συμφορᾶςί
3093 1996 3270 2058 Βαϐαὶ
3313 2007 3415 2058 τοῦ
3458 2010 3661 2080 πικροῦ
3717 2025 3859 2082 χω-

417 2101 722 2157 tristitiam
753 2097 1004 2172 peperit,
1037 2114 1158 2154 non
1189 2096 1436 2168 protulit
1465 2094 1769 2161 dolorem;
1804 2099 1864 2148 et
1908 2109 2030 2164 pra;

2237 2087 2424 2160 αμοὸί
2475 2087 2610 2146 Οὐαὶ
2655 2090 2792 2164 ἡμῖν
2843 2096 2943 2160 τῆς
2984 2087 3251 2166 ὀδυνηρᾶς
3311 2093 3481 2157 esse!
3529 2093 3632 2158 Τίς
3685 2098 3852 2168 ἡμᾶς

417 2191 592 2247 terita
623 2188 862 2262 quidem
885 2187 1161 2242 idoneam
1191 2185 1264 2240 de
1314 2183 1530 2240 futuris
1585 2182 1764 2238 ﬁdem
1811 2182 2032 2238 faciunl

2219 2177 2365 2254 ρεξῆς
2403 2179 2890 2252 παραμυθήσεταις
2935 2178 3035 2242 Τίς
3082 2177 3143 2235 ἄν
3187 2182 3325 2254 ἡμῖν
3374 2182 3583 2257 γένοιτο
3640 2186 3834 2260 παρή-

417 2281 494 2335 At
521 2279 570 2332 si
601 2277 764 2332 hisce
797 2275 868 2332 de
899 2275 1092 2331 causis
1121 2272 1312 2328 laetari
1342 2271 1463 2327 illis
1494 2271 1653 2334 licet,
1684 2269 1857 2324 nobis
1905 2286 2032 2325 vero

2216 2285 2382 2341 ορος;
2425 2265 2640 2339 μᾶλλον
2674 2263 2731 2322 δὲ
2759 2266 2841 2330 τίς
2873 2263 3204 2334 διδάσκαλος
3231 2270 3323 2326 καὶ
3373 2271 3581 2347 σωτήρ,
3630 2273 3831 2348 ψυχὴν

419 2368 573 2423 eheu
603 2364 807 2421 dolorl
841 2365 885 2419 Ο
917 2363 1225 2419 calamitas
1251 2361 1263 2416 !
1297 2361 1450 2416 Proh
1481 2359 1694 2415 acerba
1725 2358 2020 2431 separatio

2222 2353 2531 2431 αμπρύνων,
2574 2355 2850 2432 καθαίρων
2899 2353 3165 2426 διάνοιαν,
3215 2363 3342 2414 νοῦν
3397 2362 3676 2438 φωτίζων,
3725 2361 3837 2418 ὅσα

420 2457 545 2512 Heu
579 2455 744 2510 triste
775 2452 948 2508 nobis
976 2447 1418 2524 spectaculum!
1450 2449 1593 2514 Quis
1621 2447 1796 2503 nobis
1834 2447 1896 2503 in
1925 2463 2033 2520 pos

2226 2450 2312 2518 μῖν
2341 2443 2650 2523 ἒτύγχανες,
2683 2447 2946 2504 Δὲσποινα
2976 2467 2990 2518 ;
3022 2443 3309 2513 Ἀνάϐασις
3347 2451 3486 2520 θεία,
3529 2450 3621 2508 καὶ
3673 2462 3841 2527 χειρὶ

419 2550 616 2601 terum
646 2543 914 2598 levamen
946 2539 1186 2612 aliquod
1215 2537 1520 2611 porriget?
1549 2537 1687 2602 Qua;
1730 2536 1902 2592 nobis
1953 2535 2034 2592 eri

2224 2535 2263 2590 ιὶ
2295 2534 2520 2612 γλώττῃ
2552 2537 2615 2592 τὸ
2647 2541 2810 2615 σοφὸν
2839 2543 3162 2615 προαιοεῖσα
3188 2557 3202 2609 ;
3238 2543 3361 2602 Πῶς
3395 2537 3456 2595 ἄν
3484 2538 3672 2612 ἣλιος,
3702 2539 3744 2611 ἤ
3775 2561 3839 2596 τι

417 2633 826 2691 consolatrix?
873 2632 998 2686 Imo
1056 2645 1190 2684 vero
1241 2627 1374 2700 quis
1416 2627 1698 2699 magister
1753 2631 1814 2682 et
1857 2631 2028 2682 aucto

2224 2623 2288 2680 ὒν
2315 2623 2584 2702 λαμπρῶν
2615 2623 2818 2703 ἕτερον,
2873 2629 3104 2704 τερπνόν
3149 2648 3203 2684 τι
3256 2635 3454 2706 χρῆμα
3503 2631 3692 2708 φανείη
3723 2637 3839 2701 τῆς

416 2723 646 2791 salutis,
677 2719 940 2778 animam
972 2716 1286 2792 splendore
1309 2731 1629 2782 exornans,
1675 2715 2028 2788 cogitatione

2214 2716 2272 2784 ἧς
2328 2714 2673 2794 γλυκυτάτης
2732 2713 2911 2792 ὅψεως
2969 2717 3340 2794 στερηθείσαις
3395 2719 3492 2776 καὶ
3546 2717 3829 2793 ὁμιλίαςς

411 2827 803 2886 perpurgans,
859 2812 1118 2865 mentem
1177 2805 1544 2874 illuminans,
1595 2821 1726 2876 quas
1771 2804 1992 2875 omnia,

2212 2801 2348 2860 00.3!
2407 2803 2465 2859 σε
2517 2805 2636 2879 μὲν,
2696 2807 2742 2860 ὦ
2789 2805 3130 2863 παντάνασσα
3184 2811 3320 2864 Θεοῦ
3379 2811 3586 2880 Μῆτερ,
3641 2813 3827 2884 χαρᾶς

402 2903 674 2969 Domina,
732 2906 796 2956 tu
843 2898 1016 2956 nobis
1059 2895 1236 2954 eras?
1281 2896 1420 2962 Quis
1471 2894 1645 2952 nobis
1696 2894 1798 2951 ﬁat
1844 2894 2017 2969 gradu

2213 2889 2438 2964 ιδέεεται
2474 2893 2567 2949 καὶ
2613 2894 2992 2970 περιπτύξεται
3041 2893 3260 2968 πληθὺς
3306 2895 3704 2969 άνεκλάλητος,
3752 2897 3828 2969 ἤν

401 2989 776 3048 ascensionis
806 2989 876 3044 ad
911 2989 1119 3055 Deum,
1165 3001 1344 3058 opere
1387 2985 1552 3057 justa
1595 3001 1663 3040 ac
1712 2983 1913 3057 lingua
1964 3001 2016 3040 se

2214 2986 2294 3046 ›ῦς
2347 2982 2542 3059 ἀπορεῖ
2591 2989 2913 3064 ζωγραφεῖν,
2969 2987 3050 3063 ὅγ’
3099 2984 3398 3064 ἐλευθέρως
3444 2990 3614 3044 πάντα
3661 3009 3829 3044 σκια-

402 3082 690 3154 pientiam
725 3079 984 3135 edocens
1003 3077 1031 3132 τι
1060 3074 1364 3142 Quomodo
1397 3074 1485 3130 sol
1515 3079 1618 3130 ant
1633 3073 1753 3130 alia
1769 3074 1994 3147 qumvis

2208 3077 2410 3152 ραφῶν,
2449 3075 2538 3130 καὶ
2573 3073 2692 3130 οἷόν
2741 3097 2795 3132 τι
2839 3076 3034 3151 χορὸς,
3084 3073 3287 3148 ἡδονὴν
3331 3079 3393 3134 τὸ
3436 3078 3690 3154 σύστημα
3721 3101 3823 3136 cu-

404 3168 860 3242 splendentibus
891 3164 1018 3223 caeli
1055 3163 1317 3220 molibus
1345 3163 1573 3235 aliquid
1621 3163 1794 3219 nobis
1836 3162 2019 3234 jucun

2204 3163 2376 3234 εύξας,
2407 3163 2657 3236 ἀκάματα
2686 3160 2967 3236 διαπηδῶν
2992 3168 3070 3240 (g)
3092 3163 3282 3230 ἀϊδίως
3299 3167 3388 3224 καὶ
3408 3187 3819 3246 περιχορευσει,

411 3223 615 3315 ditatis
632 3223 932 3320 conferat,
963 3271 1099 3311 cum
1131 3259 1374 3326 aspectu
1405 3223 1466 3308 et
1492 3223 1922 3309 consuetudine
1953 3257 2026 3308 tu:

2209 3223 2589 3328 zivyiuxesi‘b:
2651 3223 3182 3330 nspzsllﬁsmitlxov
3236 3223 3294 3313 δὲ
3340 3223 3824 3330 τοῡτὲ,”πὲνθᾷξςῖ

405 3347 756 3404 dulcissima
797 3345 1019 3402 orbata:
1066 3341 1406 3400 fuerimus?
1433 3343 1507 3398 Te
1538 3359 1697 3411 vero,
1731 3359 1764 3398 ο
1797 3342 2020 3398 univers

2208 3361 2336 3396 aut:
2368 3339 2607 3417 βασιλὶς,
2637 3345 2737 3410 τῆς
2767 3363 2827 3398 τε
2865 3341 3048 3418 λύπης
3084 3345 3148 3402 τὸ
3178 3344 3322 3403 πολὺ
3369 3347 3461 3404 καὶ
3507 3347 3598 3426 ἀφ’
3650 3351 3823 3422 ἡμῶν

402 3437 630 3510 regina,
667 3435 770 3492 Dei
799 3436 1004 3500 Mater,
1037 3433 1288 3506 excipiet
1319 3435 1378 3488 et
1403 3431 1798 3488 circumdabit
1819 3432 2017 3488 inenai

2212 3429 2409 3507 ρελεῖν,
2446 3431 2534 3487 καὶ
2575 3433 2750 3509 χαρὰν
2805 3435 2942 3507 ἡμῖν
2997 3443 3338 3512 χορηγῆσαι,
3385 3437 3478 3493 καὶ
3529 3439 3634 3512 μὴ.
3687 3440 3827 3496 πάν-

401 3525 611 3582 rabilis
641 3524 839 3599 gaudii
880 3522 1212 3598 plenitudo,
1259 3521 1434 3594 cujus
1494 3521 1745 3577 vividam
1795 3522 2016 3594 specier

2208 3543 2270 3578 »ν
2298 3522 2474 3598 χαρὰν
2502 3523 2594 3578 καὶ
2627 3522 2716 3579 ἐπὶ
2745 3527 2814 3600 τῇ
2843 3529 2912 3600 σῇ
2962 3524 3084 3600 ἱερᾷ
3133 3523 3452 3604 δεχομένων
3503 3524 3700 3602 ἐξόδῳ,
3753 3528 3823 3586 τὸ

399 3633 591 3684 mens,
617 3620 752 3672 utut
781 3614 856 3671 ad
889 3611 1182 3684 quidlibet
1203 3611 1316 3668 sibi
1347 3609 1630 3668 audacter
1650 3610 2014 3683 efﬁngendul

2207 3616 2262 3680 ἧς
2295 3609 2443 3674 ἀνίας
2477 3610 2640 3686 βέΛος
2681 3613 2830 3668 τουτὶ
2892 3613 3084 3688 μόναις
3133 3616 3271 3688 ἡμῖν
3319 3613 3581 3692 παραθεῖν
3629 3615 3822 3691 ἒμπηο

398 3709 557 3769 nata,
587 3702 811 3760 nullam
843 3707 1038 3774 potest
1087 3701 1422 3773 concipere,
1474 3716 1542 3756 ac
1586 3699 1766 3754 veluti
1817 3700 2052 3767 chorus,
2161 3699 2446 3777 γνῦμενον.

401 3794 770 3867 voluptatum
831 3808 1112 3848 coronam
1161 3795 1498 3856 contexens;
1549 3787 1718 3845 nulla
1766 3787 2183 3863 defatigatione
2233 3791 2538 3860 exsiliens,
2587 3792 2952 3850 incessanter
2995 3794 3244 3852 choreas
3291 3795 3515 3854 circum
3590 3801 3648 3852 te
3697 3797 3821 3856 du-

400 3889 514 3952 cet,
546 3889 605 3938 et
638 3889 691 3939 te
723 3881 982 3939 suaviter
1011 3879 1482 3936 circumambiet.
1515 3881 1704 3934 Tuum
1734 3894 1910 3950 porro
1955 3885 2064 3947 est,
2115 3896 2148 3936 o
2194 3896 2435 3953 prorsus
2494 3880 2847 3938 admiranda
2893 3883 3115 3958 regina,
3172 3890 3231 3942 et
3273 3901 3382 3942 nos
3430 3885 3645 3942 acerba
3693 3886 3818 3944 hac

399 3975 684 4031 maestitia
737 3973 954 4042 levare,
1007 3971 1407 4045 gaudiumque
1466 3969 1639 4026 nobis
1690 3969 2004 4042 impertiri,
2064 3987 2259 4044 neque
2307 3971 2699 4042 committere,
2766 3979 2832 4031 ut
2888 3975 3030 4032 dum
3088 3977 3291 4032 omnia
3346 3977 3408 4033 in
3483 3994 3650 4036 sacro
3705 3982 3814 4035 tuo

397 4079 643 4119 excessu
675 4061 880 4118 laetitia
907 4062 1188 4136 gestiunt,
1220 4078 1328 4116 nos
1361 4059 1502 4114 solm
1533 4059 1647 4115 hoc
1677 4058 1902 4114 doloris
1933 4059 2115 4117 telum
2146 4059 2399 4116 inﬁxum
2429 4078 2722 4130 geramus.

464 4154 584 4209 ΧΠ.
614 4153 701 4210 Ad
731 4153 857 4208 hinc
907 4151 1124 4224 Virgo:
1175 4152 1290 4206 Vos
1337 4149 1601 4222 quidem,
1646 4149 1862 4222 inquit,
1897 4167 1929 4206 ο
1958 4150 2050 4206 di-

2221 4151 2328 4206 IB'.
2383 4151 2524 4228 Πρὸς
2580 4156 2772 4226 ταῦτα,
2827 4154 2980 4228 ’Υμῖν
3044 4155 3160 4230 μὲν,
3219 4151 3414 4236 ἔφησεν
3445 4157 3482 4228 ἡ
3512 4158 3811 4233 Παρθένος,

396 4242 588 4310 lectas,
649 4241 853 4298 dolore
911 4239 1098 4296 afﬁcit
1139 4239 1412 4313 migratio
1463 4255 1616 4306 mea,
1668 4238 1848 4310 idque
1901 4239 2011 4294 mit

2196 4237 2408 4316 .cpilau,
2440 4237 2704 4320 ὀδυνηρὸν
2744 4245 2780 4314 ἡ
2812 4241 2920 4319 ἐμὴ
2965 4245 3314 4320 μετάστασις,
3363 4247 3456 4302 καὶ
3504 4247 3664 4302 τοῦτό
3708 4269 3811 4322 μοι

395 4337 556 4388 certo
589 4332 799 4388 suadet
828 4331 1038 4404 ingens
1069 4330 1131 4386 in
1162 4345 1256 4386 me
1289 4345 1458 4384 amor
1485 4333 1696 4384 vester.
1727 4327 2008 4400 thuidel

2197 4330 2494 4416 οιεῖσαφὲς
2521 4331 2584 4386 τὸ
2618 4331 2758 4409 μέγα
2802 4334 2927 4411 περὶ
2981 4332 3080 4408 ἐμὲ
3126 4334 3357 4416 φίλτρον
3404 4336 3684 4412 ὑμέτερον.
3743 4337 3811 4396 Ei

398 4419 448 4474 si
489 4419 773 4476 discessio
831 4436 965 4476 mea
1018 4419 1133 4475 hoc
1177 4419 1374 4491 ipsum
1433 4417 1740 4488 duntaxat,
1780 4423 2013 4474 mutua:

2199 4417 2252 4472 ἓν
2283 4415 2376 4473 οῦν
2425 4424 2586 4478 τοῦτο
2649 4421 2802 4493 αὐτὸ,
2863 4415 3146 4497 διάζευξις
3183 4416 3344 4498 μόνον
3374 4427 3410 4496 ἡ
3450 4425 3814 4502 ἀναχώρησις

397 4524 612 4580 nempe
645 4509 1099 4580 sejunctionem,
1133 4523 1334 4564 secum
1365 4507 1568 4574 ferret,
1609 4506 1770 4564 haud
1817 4506 2012 4564 medio

2198 4526 2246 4578 ν,
2276 4504 2499 4583 ἤλγησα
2526 4507 2588 4564 ἄν
2648 4509 2710 4566 οὗ
2763 4509 3000 4586 μετρίως
3047 4511 3138 4566 καὶ
3189 4514 3352 4583 αὓτη,
3399 4513 3472 4568 ὧν
3517 4513 3813 4592 περιειχό-

395 4597 576 4652 criter
605 4597 735 4670 ipsa
757 4612 992 4668 quoque
1033 4595 1320 4664 dolerem,
1373 4613 1504 4652 cum
1559 4595 1632 4651 ab
1684 4595 1758 4651 iis
1803 4613 2010 4668 prorsu

2196 4617 2290 4668 ην,
2325 4597 2400 4652 ὢν
2427 4599 2526 4668 τὴν
2557 4598 2785 4676 γνώμην
2816 4597 3063 4678 ἐφίλουν,
3095 4600 3172 4656 ὧν
3221 4601 3320 4671 τήν
3370 4603 3508 4678 πρὸς
3551 4603 3616 4658 τὸ
3662 4603 3811 4677 βέλ-

389 4685 697 4752 avellerer,
732 4701 880 4756 quas
909 4683 1252 4756 diligebam,
1283 4699 1539 4754 quarum
1582 4683 1843 4739 studium
1894 4685 2004 4740 mil:

2198 4705 2269 4740 ιον
2320 4682 2510 4742 ἄνοδον
2567 4687 2706 4762 ἒμήν
2761 4687 3042 4764 ἐνόμιζον,
3099 4691 3406 4746 παντάπασι
3463 4687 3813 4766 διισταμένηο

387 4775 634 4832 charum
659 4780 786 4832 erat
835 4779 895 4831 et
926 4789 1180 4846 quarum
1209 4772 1273 4828 in
1303 4771 1517 4828 melius
1553 4772 1884 4844 profectum
1916 4775 2002 4848 ips

2198 4773 2268 4830 τεὶ
2301 4771 2358 4830 δὲ
2389 4775 2416 4830 ὁ
2447 4777 2624 4834 πάντα
2663 4779 2787 4856 περὶ
2838 4780 2990 4854 ἡμᾶς
3035 4777 3268 4854 ὑψηλῶς
3316 4781 3813 4856 θαυματοποιήσας

389 4881 589 4922 meum
621 4863 939 4922 habebam.
971 4864 1046 4918 At
1078 4861 1362 4935 quoniam
1387 4861 1692 4929 Dominus,
1717 4862 1818 4934 qui
1839 4869 2004 4920 nostr

2197 4866 2462 4940 εσπὸτης,
2485 4869 2577 4924 καὶ
2607 4869 2670 4925 τὸ
2697 4869 3035 4940 τελευταῖον,
3069 4871 3145 4934 ὡς
3175 4871 3232 4927 εὗ
3285 4869 3430 4942 οῖδα,
3477 4877 3641 4929 τοῦτο
3684 4879 3812 4938 τοῖς

391 4954 596 5012 omnia
627 4960 750 5012 tam
813 4951 1094 5010 sublimia
1143 4967 1210 5008 ac
1262 4966 1506 5023 prorsus
1546 4950 1698 5006 mira
1745 4953 2006 5024 prmstitit

2194 4957 2380 5013 θάσασι
2437 4955 2797 5032 κατάλληλον
2851 4965 3203 5036 συμπερανεῖ,
3284 4959 3396 5016 ἴστε
3447 4958 3504 5018 δὶ
3566 4956 3809 5036 βεϐαίως

389 5051 760 5118 postremum
792 5044 904 5100 hoc
935 5058 1196 5115 quoque,
1227 5045 1294 5096 ut
1341 5038 1524 5114 probe
1566 5039 1710 5109 scio,
1772 5042 2004 5114 superio

2193 5066 2224 5109 ης
2283 5042 2398 5102 οὗθ’
2458 5048 2612 5121 ὑμῶν
2705 5048 3118 5123 ἀποστήσομαι,
3202 5048 3385 5130 φίλαι,
3447 5052 3537 5106 καὶ
3594 5053 3808 5124 καρπὸν

387 5137 553 5192 ribus
597 5140 1065 5192 consentaneum
1115 5130 1370 5196 efﬂciet;
1421 5147 1526 5203 pro
1569 5134 1731 5186 certo
1775 5130 2002 5188 habeati

2198 5134 2355 5208 Βονῆς
2407 5145 2796 5216 συγκομεεῖσθε
2845 5139 3122 5217 λαμπρόν.
3172 5143 3284 5199 Τοῦ
3333 5142 3624 5200 κόπτεσθαι
3675 5148 3813 5220 γοῦν

385 5225 582 5292 velim,
603 5242 799 5298 neque
821 5240 914 5280 me
939 5239 974 5279 a
993 5220 1181 5287 vobis,
1205 5237 1238 5276 ο
1261 5219 1511 5288 dilectas,
1542 5219 1782 5292 penitus
1817 5218 2000 5278 disces

2200 5226 2234 5281 ιὶ
2295 5233 2613 5302 περιπαθῶς
2678 5228 3016 5304 παυσάμεναί.
3113 5229 3430 5306 θρηνῳδεῖν,
3498 5235 3658 5306 κοινῇ
3690 5218 3815 5306 -τῷ

387 5331 606 5388 suram,
639 5323 698 5372 et
730 5315 976 5373 uberem
1016 5309 1411 5386 jucunditatis
1459 5309 1717 5366 fructum
1757 5310 1896 5368 hinc
1939 5328 2002 5370 vo

2199 5321 2357 5390 ινατῷ
2408 5319 2843 5394 προσανάγωμεν
2919 5317 3148 5390 αἴνεσιν,
3215 5319 3443 5378 πολλῶν
3503 5342 3562 5379 τε
3617 5320 3814 5380 ἄλλων

1720 5433 1870 5494 Aut.
1914 5431 2214 5498 Ballerini
2257 5442 2451 5502 notas.

391 5617 403 5632 .
458 5547 536 5620 (g)
561 5547 704 5634 βοά.
746 5542 1128 5634 διαπηδῶντας
1154 5562 1168 5604 :
1197 5562 1363 5605 .num
1411 5561 1550 5604 vero
1593 5544 1828 5621 syllaba
1873 5565 1972 5612 τας
2020 5549 2306 5612 mendum
2356 5553 2457 5628 sit,
2497 5569 2575 5614 an
2627 5554 2709 5615 sit
2754 5557 3040 5617 articulus
3085 5558 3282 5628 vocis,
3331 5576 3465 5634 qua
3521 5557 3822 5621 exciderit

387 5619 684 5679 incertum
712 5619 898 5676 videri
929 5623 1143 5692 potest.
