4090 6208
260 346 372 406 133

1486 343 1748 404 SERMO
1790 343 1871 404 IN
1915 341 2473 405 DORMITIONEM

3557 360 3672 422 134

259 474 431 544 ἕνεκα,
491 476 581 530 καὶ
617 475 690 528 ὧν
742 471 820 537 εἷς
885 473 983 546 ἐμὲ
1017 472 1318 549 μεγαλείων
1377 472 1908 552 μεγαλοφωνοτάτου

2033 480 2406 547 percepturus
2431 481 2634 534 esse.A
2653 480 2816 537 luctu
2848 484 3028 556 igitur
3053 503 3121 543 ac
3150 491 3374 545 marstis
3397 490 3674 549 lamentis

259 563 518 625 κώδωνος
550 562 872 639 τρανότερον
908 559 1248 620 διεσάλπισε.

2035 568 2642 636 temperantes,simul
2663 589 2870 628 omnes
2892 575 3371 648 Omnipotentem
3402 580 3676 636 laudibus

267 666 646 732 extollamus,
671 670 797 719 tum
833 663 906 719 ob
947 664 1066 719 alia
1104 663 1313 735 multa,
1345 669 1471 720 tum
1503 664 1576 720 ob
1607 663 1902 736 magnalia
1932 662 1992 717 in
2022 678 2116 717 me
2147 669 2503 736 perpetrata,
2536 685 2666 739 quae
2697 669 2823 743 ipse
2844 673 3082 730 vocibus
3112 694 3232 748 prae
3265 678 3468 751 quovis
3497 696 3676 737 cano-

266 773 350 812 raa
383 755 533 811 tuba:
566 754 767 809 sonitu
797 753 1153 809 clarioribus
1186 754 1528 810 illustravit.

340 845 423 900 ll‘.
484 844 728 899 Τοιαῦτα
779 847 881 910 τῆς
939 841 1217 916 ῐιανᾶγνου
1295 838 1594 912 διξιοῦσης,
1653 842 1743 898 καὶ
1800 845 1918 902 ταῖς

269 929 578 1006 γνωρίμοις
637 927 846 999 ἡδονὴν
905 929 1288 1001 ἐνπαζοῦσης,
1347 928 1460 1002 ἅτε,
1520 941 1620 1000 της
1666 928 1920 1004 γλώττης

264 1023 604 1092 θεοκινήτως
663 1018 833 1090 αὐτῆς
892 1019 1244 1098 ὑπηχούσης,
1309 1021 1424 1094 ῥεῖν
1486 1041 1544 1076 τε
1591 1018 1768 1090 ἡδέως
1802 1018 1922 1074 δια-

263 1111 628 1182 πλασθεὲσης,
681 1111 774 1166 καὶ
831 1116 953 1175 τοῖς
1006 1109 1435 1185 ἆκροωμένοιςς
1496 1113 1686 1187 χάριεν
1744 1111 1919 1188 ἐμφυ-

264 1202 440 1257 τεῦειν
471 1201 702 1274 κίνημα,
733 1197 927 1274 διηχεῖ
982 1201 1078 1273 μὲν
1135 1200 1361 1273 οὐρανὸς
1418 1199 1695 1278 ἐξαίφνης,
1756 1201 1919 1275 βρον-

262 1291 359 1351 τὰς
390 1285 740 1364 ἑπιϐρὲμων,
789 1291 881 1344 καὶ
939 1289 1105 1344 οἱονεί
1163 1309 1273 1345 τιντ
1321 1289 1618 1364 σημαντρῳ
1673 1293 1752 1362 τῷ
1796 1289 1922 1363 παρ’

268 1379 472 1435 ἑαυτοῦ
502 1379 734 1454 πατάγῳ
761 1378 892 1441 τοὺς
924 1379 990 1434 τὰ
1049 1375 1228 1448 ἐξόδια
1285 1383 1353 1452 τῇ
1413 1378 1580 1454 μητρὶ
1634 1381 1731 1435 τοῦ
1787 1382 1919 1434 Θεοῦ

265 1470 773 1542 κειτουργήσοντας
801 1465 1155 1537 διαναστῆναι
1187 1466 1423 1526 κελεύει.

337 1556 586 1634 Νεφέλαι
641 1553 699 1612 δὲ
750 1556 1102 1632 πολλαχόθεν
1189 1554 1412 1628 διέθεον,
1498 1559 1692 1632 ὄχημα
1774 1556 1919 1630 ξενον

270 1647 470 1707 ἑαυτὰς
506 1644 824 1700 ὑποκλίνειν
855 1642 1182 1700 σπεύδουσαι
1238 1651 1355 1710 τοῖς
1414 1643 1798 1717 διακονήσουσι
1851 1649 1920 1719 τῇ

260 1741 423 1810 ταθῇ-
459 1735 811 1793 Ἐνετείλατο
839 1735 940 1811 γὰρ
970 1734 1216 1812 νεφέλαις
1254 1734 1608 1810 ὑπεράνωθεν,
1758 1757 1920 1812 φησιν

262 1827 290 1880 ὁ
320 1827 470 1885 θεῖος
503 1821 694 1879 Δαῦίό·
727 1826 817 1879 καὶ
849 1825 1036 1879 πάλιν·
1073 1826 1134 1881 ’11
1185 1821 1411 1897 δύναμις
1469 1824 1634 1880 αὐτοῦ
1690 1823 1743 1879 ἐν
1803 1831 1921 1886 ταῖς

2099 840 2242 898 XIII.
2274 847 2424 903 Dum
2448 848 2556 904 hos
2574 852 2894 923 purissima
2915 855 3020 912 illa
3063 874 3370 914 sermones
3403 860 3670 929 haberet,

2030 939 2088 988 et
2117 935 2513 995 familiaribus
2553 941 2726 999 dulce
2764 945 3086 1004 instillaret
3138 949 3425 1019 solamen,
3455 952 3673 1024 quippe

2031 1025 2200 1096 cujus
2231 1027 2432 1100 lingua
2461 1029 2726 1087 divinum
2771 1034 2914 1106 quid
2946 1053 3230 1094 resonans
3263 1044 3320 1092 et
3351 1039 3423 1094 ad
3484 1040 3678 1095 suavi-

2031 1121 2211 1171 tatem
2243 1119 2685 1188 eﬂundendam,
2705 1129 2763 1177 et
2791 1125 2864 1180 ad
2885 1125 3272 1198 ingerendum
3297 1129 3677 1185 audientibus

2023 1205 2422 1277 jucunditatis
2459 1227 2700 1266 sensum
2731 1219 2870 1269 nata
2901 1221 3028 1270 erat
3061 1235 3074 1283 ;
3135 1217 3374 1272 insonat
3431 1224 3674 1290 repente

2033 1295 2265 1364 coelum,
2295 1299 2630 1355 tonitrubus
2659 1301 2941 1370 fremens,
2973 1321 3040 1359 ac
3070 1305 3299 1379 fragore
3345 1323 3473 1376 suo,
3535 1324 3676 1379 quo-

2035 1382 2170 1440 dam
2204 1385 2380 1442 veluti
2414 1387 2579 1460 signo
2607 1390 2765 1459 dato,
2799 1392 3123 1460 ministros,
3177 1396 3277 1466 qui
3333 1397 3436 1452 Dei
3497 1398 3673 1453 matri

2035 1480 2300 1530 extrema
2328 1479 2685 1548 persolvant,
2709 1481 2882 1551 jubet
2911 1499 3239 1555 assurgere.

2104 1564 2297 1620 Nubes
2321 1582 2456 1621 vero
2476 1584 2507 1622 e
2537 1568 2741 1624 multis
2758 1572 3025 1641 partibus
3047 1580 3670 1638 accurrentes,novum

2032 1668 2314 1710 curruum
2344 1672 2529 1727 genus
2558 1674 2686 1712 sese
2709 1657 2934 1714 funeris
2954 1663 3326 1718 curatoribus
3339 1680 3672 1735 supponere

2032 1743 2448 1813 properabant.
2505 1748 2790 1802 Mandavit
2844 1750 3002 1804 enim
3063 1752 3296 1808 nubibus
3326 1754 3577 1824 desuper,
3611 1759 3676 1808 ut

2032 1837 2096 1884 ut
2117 1831 2312 1902 inquit
2342 1833 2574 1890 divinus
2607 1837 2784 1891 David
2816 1839 2872 1904 9;
2905 1845 2964 1894 et
2993 1857 3197 1896 rursus
3223 1841 3265 1876 ¹⁰
3292 1859 3303 1894 ;
3336 1844 3526 1898 Virtus
3556 1843 3679 1912 ejus

263 1913 541 1991 νεφέλαις
574 1916 675 1983 τήν
726 1913 1044 1983 ἑντεθεῖσαν,
1106 1913 1287 1986 οἶμαι,
1343 1913 1672 1992 προγράφων
1737 1914 1914 1988 ἰσχὺν,

2034 1922 2092 1973 in
2121 1921 2394 1989 nubibus;
2424 1922 2675 1978 inditam
2706 1925 3073 1993 videlicet,ut
3102 1935 3263 1999 puto,
3299 1929 3417 1984 vim
3468 1909 3674 2001 praesi-

263 2005 298 2072 ἦ
328 2003 462 2067 τοὺς
488 2006 734 2078 κήρυκας
767 1998 1142 2059 διεϐἀττασεν.

336 2095 440 2149 ω’.
475 2090 626 2148 Ἑδει
657 2093 758 2166 γὰρ
791 2095 1077 2164 κινηθῆναι
1143 2113 1211 2147 τα
1267 2093 1397 2162 ἄνω,
1449 2093 1542 2148 καὶ
1599 2093 1837 2165 καθάπερ
1867 2113 1918 2149 τι

261 2185 449 2240 καινὸν
481 2181 834 2252 ὑποδέξεσθαι
897 2181 1166 2254 μέλλοντα
1215 2189 1433 2257 χρῆμα,
1489 2184 1558 2238 τὰ
1617 2184 1712 2258 μὶν
1777 2185 1916 2238 ὑπα-

260 2273 570 2350 νοίγεφοαι,
603 2269 865 2346 εὒρύτερα
907 2271 1134 2341 ἑαυτῶν,
1166 2272 1213 2326 εἰ
1272 2271 1391 2327 οἷόν
1447 2293 1524 2341 τε,
1586 2269 1922 2328 διαπλαττό-

262 2383 422 2435 μενα,
453 2362 523 2416 τε
556 2358 600 2415 δ’
634 2361 969 2436 ὑποχωρεῖν,
1028 2363 1276 2430 σώζοντα
1331 2363 1432 2431 τήν
1491 2359 1654 2429 αἷδὼ,
1714 2360 1806 2417 καὶ
1853 2362 1920 2418 τὰ

263 2453 360 2524 μὲν
388 2455 502 2505 τῶν
533 2449 836 2522 ἑπομένων,
869 2448 1013 2506 ἄλλα
1045 2447 1102 2504 δὲ
1131 2455 1239 2505 τῶν
1268 2450 1710 2525 προπεμπόντων
1765 2452 1914 2522 τάξιν

262 2543 485 2604 ἑαυτοῖς
517 2537 802 2604 διαθεῖναι·
843 2540 933 2594 καὶ
980 2538 1124 2595 οὕτω
1179 2541 1364 2615 θροῦν,
1423 2539 1498 2602 ὡς
1557 2541 1752 2609 εἰπεῖν,
1809 2538 1919 2596 ὁὶνω

262 2628 712 2694 διακτυπεῖσθαι.
1781 2640 1788 2645 ’

333 2907 661 2980 Θαυμαστὸν
699 2904 758 2962 δὲ
784 2903 968 2974 οὐδὲν,
999 2905 1045 2961 εἷ
1096 2902 1332 2981 θορύϐου
1391 2905 1580 2982 πόῤῥω
1643 2909 1714 2963 τὰ
1768 2909 1919 2964 κάτω

261 2999 567 3070 τετήρηται
598 2997 688 3052 καὶ
721 2999 966 3069 σεισμοῦ·
1002 2997 1061 3054 Ὀ
1093 2996 1324 3070 οὐρανὸς
1349 2996 1443 3068 μὲν
1472 2996 1598 3072 γὰρ,
1659 2998 1751 3051 οἶα
1803 3019 1919 3053 και-

258 3089 351 3141 νὸν
413 3085 740 3157 κειμήλιον,
798 3081 1104 3158 παράδοξον
1163 3081 1534 3158 εἰσδεξάμενος
1621 3087 1916 3159 θησαυρὸν,

255 3174 494 3238 εἰκότως
527 3170 922 3249 διεθορυϐεῐτο,
964 3173 1054 3228 καὶ
1109 3171 1324 3248 σχολὴν
1375 3173 1523 3249 ἄγειν
1582 3176 1690 3230 οὐκ
1747 3177 1914 3253 εἶχεν,

254 3265 446 3338 ὥσπερ
506 3263 739 3338 ἐρευνῶν
797 3263 1076 3318 ἀνακυκῶν
1137 3263 1348 3333 ἑαυτὸν,
1425 3263 1486 3318 ἄν

253 3354 480 3424 οἴκησιν
515 3356 585 3424 τῇ
615 3353 876 3427 Δεσποίνῃ
908 3355 1272 3428 παράσχοιτοο
1327 3359 1395 3426 γῆ
1458 3351 1536 3423 δὶ,
1596 3355 1772 3428 οἶμαι,
1835 3355 1923 3414 διὰ

249 3447 420 3498 τοῦτο
481 3441 790 3512 ἆκλόνητος
847 3439 1075 3514 ἔμεινεν,
1137 3440 1222 3497 ὅτι
1279 3461 1338 3496 τε
1393 3439 1528 3513 αὕτη
1586 3443 1679 3498 τὸν
1733 3447 1918 3501 καινὸν

249 3531 454 3600 ἀνῆκεν
519 3529 828 3605 ἄνθρωπον,
894 3532 992 3600 τήν
1075 3529 1363 3604 Παρθένον,
1419 3531 1511 3584 καὶ
1575 3536 1771 3588 τοῦτον
1831 3535 1917 3592 ἐπὶ

258 3622 410 3676 πολὺ
443 3620 702 3692 περιόντα
760 3617 933 3694 ἔφερε·
995 3618 1086 3673 καὶ
1137 3619 1203 3687 ἦν
1263 3616 1366 3693 ἄρα
1427 3623 1538 3674 τῶν
1597 3619 1918 3688 ἀκολούθων

269 3708 561 3782 μηδενέπὶ
611 3715 728 3770 τοῖς
775 3708 1044 3776 εἰωθόσιν,
1106 3708 1152 3762 εί
1208 3709 1298 3764 καὶ
1373 3707 1562 3772 ἄλλως
1619 3710 1916 3786 παράδοξα,

270 3797 832 3873 διαπράττεσθαισκαὶ
879 3797 961 3852 ὅτι
1019 3817 1120 3872 περ
1179 3796 1294 3852 οὐδ’
1349 3796 1438 3852 ἐπὶ
1502 3801 1706 3873 μακρὸν
1760 3805 1919 3859 κατί-

268 3911 391 3966 χειν
425 3888 634 3961 ἔμελλε
661 3891 763 3957 τὴν
793 3888 1062 3961 πάναγνον
1100 3885 1524 3957 τελευτήσασαν,
1585 3887 1731 3945 ἀλλὰ
1790 3894 1916 3947 θᾶτ-

263 3999 352 4033 τον
383 3983 502 4039 τοῖς
536 3977 646 4032 ἅνω
694 3977 1095 4050 παραπέμψειν,
1144 3973 1241 4030 ’ίνα
1295 3980 1415 4038 τοῖς
1477 3975 1710 4049 ὑψηκοῖς
1767 3978 1917 4054 λαμ-

2027 2007 2338 2079 gniflcans,
2372 2012 2825 2084 quaaEvangelii
2858 2032 3162 2085 praecones
3194 2019 3539 2088 asportavit.

2099 2098 2237 2154 XIV.
2271 2102 2340 2154 Et
2366 2116 2473 2171 par
2503 2107 2624 2156 erat
2675 2104 2956 2174 profecto,
2994 2109 3060 2159 ut
3090 2122 3348 2178 superna
3395 2121 3668 2162 commo-

2028 2194 2324 2255 verentur,
2352 2193 2409 2244 et
2440 2195 2643 2261 utpote
2673 2191 2957 2262 quiddam
2999 2211 3240 2266 prorsus
3266 2211 3480 2250 novum
3513 2195 3573 2250 in
3607 2213 3669 2251 se

2030 2283 2398 2349 susceptura,
2423 2279 2540 2334 alia
2564 2280 2803 2352 quidem
2834 2298 2896 2336 se
2951 2283 3117 2354 ipsis,
3151 2284 3199 2338 si
3258 2284 3386 2339 fieri
3447 2290 3671 2357 posset,

2028 2366 2240 2423 latiora
2314 2369 2522 2425 effecta
2575 2371 2756 2426 veluti
2805 2373 3229 2443 penderentur,
3279 2373 3395 2429 alia
3453 2380 3673 2442 autem,

2027 2455 2189 2511 velut
2217 2457 2571 2530 obsequium
2604 2466 2940 2517 reverenter
2989 2463 3347 2532 exhibentia,
3398 2464 3528 2520 loco
3587 2479 3677 2518 ce-

2028 2546 2241 2602 derent
2273 2564 2286 2614 ;
2315 2553 2373 2602 et
2389 2565 2595 2604 rursus
2627 2555 2691 2605 ut
2717 2550 2830 2606 ista
2886 2557 3255 2622 postremum
3305 2552 3675 2622 subsequen-

2029 2637 2200 2706 tium,
2233 2637 2349 2694 alia
2376 2655 2512 2692 vero
2543 2639 2800 2710 primum
2833 2641 3225 2710 praeeuntium
3249 2641 3520 2695 ordinem
3560 2639 3671 2693 sibi

2031 2733 2336 2782 sumerent
2362 2745 2374 2795 ;
2408 2733 2584 2799 atque
2615 2729 2696 2783 ita
2725 2729 2988 2800 quidam,
3022 2735 3087 2783 ut
3117 2730 3198 2784 ita
3228 2727 3666 2797 dicam,tumul-

2029 2817 2324 2872 tuentium
2355 2817 2628 2871 fremitus
2661 2817 2720 2870 in
2749 2819 3022 2888 supernis
3050 2823 3421 2888 personaret.

2099 2903 2266 2968 Quod
2299 2922 2431 2960 vero
2456 2905 2736 2960 inferiora
2763 2906 2945 2960 hmca
2986 2906 3242 2961 tumultu
3295 2911 3354 2962 et
3411 2922 3672 2961 commo-

2030 2993 2192 3048 tione
2223 2993 2640 3059 abstinuerint,
2685 2995 2773 3049 nil
2805 2995 3022 3050 mirum
3075 2995 3258 3051 videri
3299 2995 3490 3050 debet.
3528 2997 3673 3050 Nam

2029 3083 2238 3140 oculum
2261 3089 2462 3154 utpote
2494 3101 2708 3140 novum
2741 3084 3044 3140 cimelium
3094 3101 3160 3140 ac
3193 3085 3536 3140 thesaurum
3568 3084 3671 3139 ad-

2027 3174 2365 3229 mirandum
2396 3180 2798 3246 excepturum.
2831 3175 3042 3230 merito
3067 3191 3166 3229 sus
3222 3173 3412 3245 deque
3470 3173 3669 3229 turba-

1578 3266 1678 3333 τήν
1764 3265 1913 3337 ἀξίαν
1946 3273 1990 3342 C
2027 3263 2220 3329 batur,
2255 3281 2448 3336 neque
2480 3264 2691 3337 degere
2713 3264 2898 3320 otiose
2930 3269 3180 3336 poterat,
3206 3265 3424 3336 quippe
3441 3279 3576 3319 cum
3607 3279 3669 3318 se

2031 3359 2228 3426 partes
2251 3355 2310 3409 in
2341 3371 2548 3410 omnes
2610 3361 2843 3412 vertens
2882 3356 3233 3426 requireret,
3268 3371 3384 3426 qua
3436 3355 3666 3410 ratione

2032 3444 2384 3517 condignam
2407 3445 2624 3517 reginae
2658 3445 2858 3501 sedem
2890 3446 3201 3518 praeberet.
3237 3451 3309 3500 At
3346 3461 3482 3500 vero
3514 3450 3673 3499 terra

2030 3533 2274 3602 idcirco,
2302 3539 2368 3589 ut
2384 3539 2552 3606 puto,
2581 3535 3010 3608 imperturbata
3069 3536 3312 3604 mansit,
3348 3541 3474 3590 tum
3529 3535 3672 3604 quia

2029 3640 2244 3678 novum
2277 3624 2433 3679 hunc
2453 3624 3085 3698 hominem,Virginem
3115 3641 3348 3695 nempe,
3383 3624 3511 3693 ipsa
3542 3638 3673 3693 pro-

2030 3713 2266 3781 tulerat,
2298 3719 2424 3769 tum
2447 3715 2585 3784 quia
2615 3714 2773 3770 hunc
2820 3715 3014 3785 ipsum
3065 3714 3299 3785 jamdiu
3356 3728 3538 3782 penes
3601 3727 3667 3766 se

2029 3804 2316 3859 viventem
2346 3803 2642 3858 retinebat
2674 3809 2771 3868 ;et
2800 3808 3266 3857 consentaneum
3298 3801 3500 3870 utique
3533 3799 3662 3866 fuit,

2027 3899 2093 3948 ut
2118 3894 2177 3947 in
2209 3893 2384 3947 rebus
2415 3891 2526 3946 sibi
2559 3891 2880 3959 consuetis,
2904 3887 3662 3960 ututalioquinstupendis,

2027 3983 2177 4039 nihil
2225 3986 2742 4046 commoveretur;
2795 3987 2916 4035 tum
2979 3980 3154 4035 etiam
3214 3978 3471 4049 denique
3529 3977 3668 4047 quia

263 4073 414 4141 πρῶς
446 4065 913 4141 ἀνθαμιλληθείη,
945 4063 1192 4120 δεικνῦσα
1221 4065 1338 4120 οἷον
1374 4067 1403 4121 ὁ
1431 4068 1678 4128 ταπεινὸς
1733 4073 1914 4146 χῶρος

2033 4073 2331 4144 Virginem
2364 4071 2733 4126 demortuam
2773 4087 2893 4125 non
2925 4069 3027 4125 diu
3057 4067 3215 4141 apud
3265 4084 3328 4122 se
3369 4072 3672 4122 servatura

259 4157 708 4231 ἆνθρωποπρεπῆ
737 4153 1108 4233 διεμόριξωσεν
1151 4152 1442 4228 ἀνδριάντα
1485 4155 1575 4209 καὶ
1613 4161 1722 4212 τῶν
1753 4158 1914 4235 οὐρα-

2033 4169 2172 4230 erat,
2207 4161 2310 4217 sed
2340 4161 2498 4216 brevi
2521 4160 2595 4215 ad
2624 4177 2870 4232 superos
2903 4158 3409 4224 transmissura,ut
3439 4154 3673 4226 egregia

263 4247 386 4301 Itum
421 4247 740 4321 ὑπέρτερον.

2033 4252 2408 4307 contentione
2441 4249 2714 4322 supernis
2738 4248 3140 4314 aemularetur,
3173 4262 3240 4300 ac
3271 4262 3443 4316 porro
3467 4249 3671 4298 osten-

259 4337 446 4407 deret,
476 4337 792 4409 qualenam
816 4337 1050 4392 humilis
1069 4336 1165 4392 hic
1195 4335 1359 4393 locus
1389 4337 1750 4395 conditionis
1769 4341 1976 4414 utique
2009 4343 2284 4398 humanae
2316 4347 2375 4396 at
2413 4338 2747 4394 caelestibus
2783 4337 3067 4408 quibusve
3115 4334 3373 4390 nobilius
3430 4332 3671 4388 simula-

252 4444 422 4483 crum
454 4428 849 4483 eﬂ‘ormasset.

326 4519 434 4572 IE'.
469 4514 573 4570 Διὰ
599 4518 770 4569 ταῦτα
796 4514 1002 4582 τοίνυν,
1062 4513 1136 4576 ὡς
1195 4507 1350 4593 ἔφην,
1411 4514 1640 4590 οὐρανὸς
1706 4515 1910 4576 ἐσείετο

2090 4522 2207 4577 XV.
2239 4521 2324 4577 Ob
2363 4535 2462 4575 eas
2517 4518 2718 4590 igitur,
2779 4531 2926 4588 quas
2985 4515 3126 4586 dixi,
3185 4531 3393 4572 causas
3447 4511 3660 4569 coelum

250 4607 340 4661 καὶ
376 4600 630 4682 ἐϐρόντα,
661 4604 752 4658 καὶ
793 4602 926 4666 ὅλος
957 4604 1024 4672 ἦν
1055 4605 1179 4679 περὶ
1231 4605 1330 4672 τήν
1395 4601 1677 4681 ὑποδοχὴν
1735 4607 1908 4684 ἀσχο-

248 4693 527 4769 λούμενος
583 4701 686 4763 τῆς
747 4693 1034 4769 μακαρίας.
1084 4693 1182 4746 Καὶ
1242 4689 1308 4762 δὴ
1383 4693 1494 4751 τῶν
1579 4695 1902 4771 βροντιαίων

248 4783 483 4839 ἐκείνων
544 4781 712 4861 ἤχων
772 4781 1248 4858 συρρηγνυμένων,
1305 4781 1545 4857 καθάπερ
1625 4784 1678 4839 τί
1773 4779 1908 4845 άάλ-

245 4895 450 4952 πιγγες
510 4875 668 4947 νόμῳ
735 4875 967 4948 στρατοῦ
1025 4873 1124 4941 τὴν
1170 4872 1463 4947 παράταξιν
1547 4871 1903 4950 διυπνίζουσι,

245 4965 339 5019 τὸν
364 4966 493 5018 ’ἰσον
524 4962 730 5038 τρόποι
764 4963 815 5016 οἱ
848 4960 1162 5036 λειτουργοῖ
1193 4967 1293 5030 τῆς
1335 4961 1506 5032 ὁσίας,
1539 4963 1612 5017 ὧν
1669 4967 1736 5020 τὰ
1792 4965 1907 5023 ὦτα

241 5055 340 5109 τὸν
397 5055 599 5128 κρότον
671 5050 982 5126 ἐγνώρισεν,
1041 5051 1161 5104 οἷον
1219 5047 1449 5120 εὔζωνοι
1522 5055 1904 5123 καταστάντες,

365 5143 610 5216 καθάπερ
661 5141 865 5202 ἵππους
910 5141 1006 5203 τὰς
1059 5137 1287 5218 νεφέλας
1336 5135 1658 5211 ἀναϐέντες,
1723 5141 1904 5213 ἤλαυ-

239 5255 353 5303 νον,
410 5229 738 5294 σπεύδοντες
817 5228 1045 5291 ἑαυτοὺς
1127 5229 1376 5300 συντάξαι
1432 5233 1502 5304 τῇ
1561 5231 1692 5310 φίλῃ
1739 5254 1908 5309 παρα-

234 5324 407 5395 τάξει,
460 5323 612 5396 λέγω
664 5318 721 5375 δὲ
771 5323 852 5391 τῷ
902 5319 1117 5394 στρατῷ
1165 5323 1274 5374 τῶν
1348 5318 1625 5396 ἀγγάλων.
1699 5323 1906 5380 Γίνεται

237 5412 424 5468 τοίνυν
462 5414 497 5482 ἡ
532 5408 626 5465 διὰ
673 5405 910 5486 νεφελῶν
967 5405 1273 5483 παράδοξος
1328 5406 1509 5479 ἐκείνη
1570 5409 1901 5477 συνέλευσις.

235 5500 457 5559 uno”
516 5501 625 5576 γὰρ
677 5502 787 5553 τῶν
840 5497 1096 5574 κηρῦκων
1156 5494 1417 5576 ἀλλαχοῦ
1468 5504 1569 5569 τῆς
1629 5505 1736 5579 γῆς
1794 5506 1902 5560 τῶν

309 5631 333 5670 ³
355 5629 515 5690 Psal.
538 5644 751 5696 Lxxvu,
785 5628 874 5686 23.
951 5625 1000 5664 ¹⁸
1026 5624 1180 5683 Psal.
1212 5639 1382 5697 um,
1415 5626 1503 5682 35.

2019 4611 2248 4683 magnis
2270 4608 2603 4681 agitabatur
2634 4607 2914 4672 motibus,
2947 4606 3256 4677 ciebatque
3283 4605 3564 4670 tonitrua,
3597 4618 3669 4658 ac

2023 4705 2209 4756 totum
2241 4714 2370 4756 sese
2400 4697 2474 4753 ad
2503 4696 2919 4768 excipiendam
2944 4696 3177 4752 beatam
3213 4694 3370 4751 illam
3401 4693 3665 4749 studiose

2018 4789 2377 4846 conferebat.
2413 4790 2482 4842 Et
2505 4787 2712 4860 utique
2746 4786 3015 4842 excitatis
3046 4785 3162 4840 illis
3188 4785 3514 4841 tonitruum
3537 4781 3664 4835 fra-

2017 4880 2277 4952 goribus,
2305 4895 2422 4934 non
2455 4894 2626 4934 secus
2647 4894 2715 4933 ac
2745 4894 2852 4949 per
2883 4875 3159 4931 tubarum
3179 4875 3483 4945 elangores
3507 4887 3670 4925 exer-

2018 4971 2168 5025 citus
2201 4971 2264 5025 in
2289 4973 2640 5024 consuetum
2684 4983 2893 5040 pugnas
2956 4964 3226 5020 ordinem
3288 4965 3661 5024 convocatur,

2016 5061 2173 5117 haud
2206 5060 2380 5116 aliter
2402 5060 2660 5115 ministri
2691 5063 2910 5114 sancta;
2938 5056 3468 5128 Virginis,quorum
3489 5064 3663 5104 aures

2015 5149 2215 5221 magni
2237 5149 2416 5220 hujus
2440 5146 2762 5202 murmuris
2785 5143 3069 5199 indicium
3095 5133 3664 5214 agnoverunt,veluti

2016 5240 2319 5315 praecincti
2381 5239 2604 5295 milites
2658 5240 3058 5305 assurgentes,
3091 5249 3157 5288 ac
3206 5228 3453 5285 nebulas
3497 5224 3668 5297 quasi

2018 5347 2202 5402 equos
2229 5327 2724 5393 conscendentes,
2757 5323 3166 5384 accurrebant,
3199 5318 3388 5374 amico
3421 5315 3665 5388 agmini,

2015 5418 2364 5491 angelorum
2391 5415 2615 5472 scilicet
2645 5411 3154 5474 exercitui,semet
3184 5408 3506 5480 adjungere
3527 5422 3666 5477 pro-

2013 5510 2311 5584 perantes.
2351 5506 2473 5579 Ope
2506 5519 2642 5578 ergo
2673 5499 2921 5558 nubium
2956 5497 3341 5556 admirandus
3376 5495 3472 5554 ille
3531 5511 3668 5555 con-
