4030 6212
417 352 532 415 135

1572 346 1867 410 ISIDORl
1910 344 2665 413 THESSALONICENSIS

3703 346 3824 409 136

415 492 627 545 ventus
692 486 777 541 lit.
838 487 1150 541 Praecones
1215 480 1376 537 enim
1416 480 1736 553 Evangelii,
1786 496 1919 536 cum
1965 478 2067 536 alii

2178 477 2425 553 περάτων
2476 477 2735 550 διιόντος,
2796 480 2886 535 καὶ
2944 481 3036 536 τὸν
3095 477 3338 551 ἄσηπτον
3401 479 3491 534 καὶ
3548 480 3823 551 σωτήριον

424 576 570 633 alios
602 582 772 632 terrae
797 573 945 630 ﬁnes
978 572 1401 638 discurrerent,
1425 575 1482 625 et
1538 570 1948 642 incorruptum
1998 585 2066 624 ac

426 668 689 722 salutare
749 678 952 719 semen
1011 661 1073 716 in
1132 661 1363 717 animas
1412 658 1769 727 infidelium,
1800 658 1977 714 veluti
2004 658 2067 713 in

424 752 711 824 quosdam
754 749 972 820 sulcos,
997 754 1365 822 Spargerent,
1399 754 1539 803 tunc
1571 747 1719 803 miro
1751 746 1925 803 modo
1948 763 2068 803 una

423 857 635 897 omnes
666 840 727 895 in
758 840 1095 911 purissimae
1128 838 1550 894 domunculam
1590 842 1837 909 repente
1887 837 2067 893 delati

424 935 832 986 convenerunt
866 944 1094 1001 ;neque
1126 927 1236 1000 ipsi
1263 928 1481 991 solum,
1513 927 1618 983 sed
1655 932 1713 982 et
1740 926 2068 983 caelestium

420 1020 660 1091 sapiens
692 1019 792 1074 ille
820 1023 1130 1074 enarrator
1150 1016 1465 1088 Dionysius
1484 1015 1856 1089 Areopagita,
1886 1014 2069 1071 subli-

426 1109 658 1180 misque
681 1107 1123 1175 Hierotheus,et
1150 1104 1537 1161 admirandus
1561 1105 2069 1173 Timotheus,nec-

426 1215 551 1254 non
585 1203 644 1252 et
673 1196 909 1253 celeber
939 1196 1041 1250 ille
1076 1195 1349 1264 Jacobus,
1380 1194 1573 1250 Sionis
1621 1194 2069 1267 Ecclesiaﬁtunc

425 1286 815 1359 prmsul.Sunt
843 1291 1042 1341 autem
1074 1285 1175 1355 qui
1205 1284 1505 1340 afﬁrment
1533 1289 1819 1355 praeterea
1839 1288 2069 1355 septua-

423 1377 585 1449 ginta
617 1376 939 1449 discipulos
969 1375 1194 1431 ibidem
1224 1374 1484 1431 adfuisse
1513 1391 1527 1441 ;
1562 1375 1661 1445 qui
1695 1390 1838 1430 sane
1868 1378 1927 1430 et
1955 1374 2067 1445 ipsi

423 1467 485 1520 in
516 1472 746 1538 partem
769 1465 947 1536 hujus
986 1480 1223 1537 quoque
1245 1464 1565 1520 ministerii
1594 1463 1727 1519 ideo
1777 1469 1916 1519 sunt
1969 1480 2066 1519 vo-

423 1555 633 1623 cati,ut
663 1557 816 1610 sicut
837 1560 896 1610 et
924 1554 1043 1610 alia
1064 1554 1345 1625 mysteria
1374 1570 1441 1609 ac
1466 1553 1747 1625 prmcelsa
1771 1558 2065 1625 portenta,

424 1643 507 1699 ila
536 1649 596 1697 et
620 1660 751 1715 qum
781 1658 941 1699 nunc
988 1641 1364 1715 gerebantur,
1424 1659 1632 1698 eorum
1675 1643 1878 1715 lingua
1932 1641 2067 1697 aliis

426 1746 663 1802 quoque
694 1735 1021 1786 enarraret.

495 1886 637 1941 XVI.
672 1888 742 1940 Et
772 1886 831 1940 hi
864 1884 1103 1956 quidem
1132 1884 1203 1940 ad
1245 1885 1827 1941 intemeratissimam
1861 1900 2067 1940 conve—
2098 1864 2142 1931 Β

423 1979 642 2029 nerunt
673 1981 882 2029 eterra
915 1991 930 2040 ;
958 1991 988 2029 e
1034 1973 1193 2029 cmlis
1239 1990 1375 2029 vero
1422 1975 1605 2046 justa,
1646 1978 1711 2029 ut
1753 1990 1860 2046 par
1918 1978 2063 2039 erat,

424 2065 787 2137 persoluturi
817 2064 1118 2120 communi
1161 2065 1427 2120 omnium
1485 2065 1772 2133 Domina‘,
1831 2064 2067 2135 agmina

432 2155 802 2227 angelorum,
829 2154 1270 2226 justorumque,
1306 2155 1407 2226 qui
1435 2160 1611 2210 antea
1662 2154 2064 2219 decesserant,

424 2246 741 2300 universus
772 2250 976 2316 cmtus,
1029 2244 1345 2301 multitudo
1376 2244 1554 2315 plane
1586 2244 1919 2311 innumera,
1967 2260 2067 2298 ac-

428 2338 761 2387 currerunt.
796 2334 866 2386 Et
896 2349 1038 2388 sane
1061 2349 1176 2403 quo
1209 2333 1339 2388 ﬁeri
1368 2338 1539 2404 pacto
1563 2337 1782 2404 posset,
1810 2337 1874 2385 ut
1924 2331 2067 2386 dum

423 2422 667 2475 Creator
693 2436 760 2474 ac
782 2421 1019 2493 sapiens
1042 2420 1361 2493 Legislator
1391 2421 1602 2493 legem,
1630 2438 1761 2492 qua:
1791 2426 2068 2492 parentes

425 2526 460 2565 a
483 2508 620 2564 {iliis
649 2509 1031 2566 honorandos
1062 2510 1482 2582 prmeipit,ipse
1508 2510 1857 2579 studiosius,
1887 2525 2068 2580 quam

420 2598 717 2669 quispiam
749 2597 927 2668 ullus,
974 2597 1265 2667 servabat,
1311 2617 1377 2654 ac
1406 2605 1722 2672 prOpterea
1775 2598 1849 2655 ad
1880 2600 2068 2654 hono-

419 2684 674 2740 raudam
707 2686 1010 2757 propriam
1044 2687 1875 2758 matrem,sanctissimamque
1907 2686 2069 2741 illius

422 2776 686 2832 animam
754 2776 1167 2849 excipiendam
1222 2794 1486 2849 praesens
1517 2779 1641 2850 ipse
1692 2778 1917 2845 aderat,
1949 2794 2067 2833 non

422 2865 603 2919 simul
634 2881 842 2920 omnes
874 2866 1719 2938 accurrerent,etservulorum
1744 2884 2067 2939 more,qum

424 2952 498 3008 ad
521 2953 1098 3022 funus,deductionis
1129 2972 1503 3028 pompam,ac
1532 2974 1729 3013 sacros
1760 2957 2068 3028 exsequia-

425 3059 559 3098 rum
591 3044 739 3099 ritus
771 3044 1092 3116 pertinent,
1120 3046 1251 3117 puri
1281 3046 1617 3117 purissimas
1648 3063 1770 3102 non
1824 3052 2067 3118 prmsta-

425 3137 561 3186 rent
587 3130 614 3185 ‘2
642 3132 912 3187 Profecto
936 3137 995 3187 et
1026 3137 1181 3188 terra
1198 3138 1256 3187 et
1287 3148 1448 3189 mare
1477 3139 1536 3187 et
1579 3132 1690 3199 sol,
1715 3138 1771 3188 et
1838 3132 2069 3204 reliqua

2176 568 2376 643 σπόρον
2408 573 2526 631 ταῖς
2581 574 2690 624 τῶν
2747 568 3015 638 ἀπίστων,
3075 566 3165 625 οἷά
3218 587 3317 643 περ
3379 564 3630 638 αὕλαξιν,
3683 564 3826 621 ἕντι-

2174 656 2355 719 Οέντος
2410 661 2641 733 ψυχαῖς,
2697 657 2821 714 τότε
2893 657 3089 721 πάντες
3146 654 3467 734 παραδόξως
3526 652 3822 726 συνῆλθον,

2174 745 2369 822 ἀθρόον
2391 745 2702 810 ἐπιστάντες
2759 748 2840 819 τῷ
2898 753 3001 817 τῆς
3056 746 3327 821 πανάγνου
3385 742 3673 819 δωματιῳ,
3729 745 3825 801 καὶ

2174 833 2273 890 οὐκ
2302 834 2455 891 αὐτοὶ
2491 837 2682 910 μόνον,
2713 834 2861 892 ἀλλὰ
2908 838 2997 892 καὶ
3069 838 3099 892 6
3163 841 3271 892 τῶν
3322 835 3587 911 οὐρανίων
3658 836 3830 908 σοφὸς

2178 925 2492 1002 ὑφηγητῇ,
2523 925 2803 988 Διονῦσίος
2846 928 2874 982 6
2924 926 3344 1003 Ἀρεοπαγίτης,
3398 926 3428 981 ὅ
3478 946 3538 981 τι
3605 922 3827 998 ὑψηλὸς

2175 1014 2578 1088 Ἱερόθεος,κκὶ
2634 1016 2662 1070 6
2719 1015 3030 1088 θαυμαστὸς
3086 1016 3383 1088 Τιμόθεος,
3448 1009 3532 1070 ἔτι
3588 1009 3645 1069 δὲ
3670 1013 3763 1068 καὶ
3794 1012 3826 1067 6

2171 1104 2271 1172 τῆς
2333 1103 2477 1158 Σιὼν
2530 1105 2658 1160 τότε
2710 1101 2978 1180 πρόεδρος
3030 1102 3386 1175 Ἐκκλησίας,
3478 1097 3738 1166 Ἰἆκωόος
3791 1101 3825 1157 6

2172 1192 2334 1250 πάνυ.
2374 1192 2502 1251 Elui
2534 1190 2593 1249 δὶ
2632 1193 2687 1249 οἳ
2716 1214 2841 1271 φασι
2901 1192 2994 1249 καὶ
3021 1192 3154 1256 τοὺς
3204 1188 3584 1266 ἑϐδομήκοντα
3642 1201 3828 1265 μαθη-

2171 1280 2268 1343 τὰς
2300 1288 2687 1357 συμπαρεῖναι*
2718 1284 2976 1339 κοινωνοὶ
3020 1280 3080 1338 δὲ
3111 1283 3261 1337 οὗτοι
3292 1282 3380 1337 καὶ
3438 1282 3666 1352 ταυτησῖ
3723 1284 3827 1347 τῆς

2175 1365 2447 1431 διακονίας
2478 1368 2813 1442 ἐκλήθησαν,
2857 1372 2932 1434 ὡς
2989 1368 3050 1426 ἅν
3095 1368 3243 1426 ἄλλα
3295 1390 3353 1425 τε
3409 1372 3684 1443 μυστήρια
3733 1370 3831 1424 καὶ

2176 1457 2364 1532 ὑψηλὰ
2392 1459 2658 1532 θεάματα,
2721 1464 2889 1515 ταῦτα
2947 1457 3014 1531 δὴ
3070 1460 3138 1515 τὰ
3195 1460 3455 1534 παρόντα,
3515 1461 3550 1528 ἡ
3609 1458 3825 1513 τούτων

2173 1546 2397 1626 γλῶττα
2424 1548 2517 1603 καὶ
2547 1546 2749 1612 ἄλλοις
2780 1545 3100 1623 διακονήσῃ.

2247 1820 2339 1889 Ῑζ’.
2374 1819 2475 1876 Καὶ
2535 1819 2683 1896 παρὰ
2717 1820 2811 1892 μὲν
2877 1825 2978 1889 τῆς
3035 1823 3142 1895 γῆς
3189 1838 3349 1880 ουτος
3388 1817 3524 1888 ἦσαν
3554 1815 3821 1891 ἐπιδεδη-

2178 1909 2414 1982 μηκότες
2472 1913 2542 1983 τῇ
2591 1909 2981 1984 παναχράντῳ’
3035 1908 3246 1988 ἄνωφεν
3308 1906 3366 1964 δὶ
3422 1908 3665 1983 στρατιαὶ
3707 1913 3822 1964 τῶν

2174 1995 2447 2072 ἀγγέλων,
2478 2000 2705 2052 καὶτῶν
2740 1996 2963 2052 δικαίων
3015 1999 3044 2053 6
3110 1998 3491 2071 προμεταστὰς
3542 1995 3824 2074 σύλλογος

2175 2085 2336 2151 ἅπας,
2369 2082 2582 2154 πλῆθος
2605 2085 2696 2139 καὶ
2744 2084 2983 2158 ἀριθμοῦ
3037 2090 3282 2161 κρεῖττον
3337 2082 3695 2161 συνέδραμον,
3749 2088 3824 2159 τῇ

2175 2195 2286 2229 των
2318 2172 2465 2229 ὅλων
2500 2174 2766 2249 Δεσποίνῃ
2810 2173 3248 2251 ἀφοσιωσάμενοι
3304 2173 3371 2228 τὰ
3425 2172 3627 2229 εἰκότα.
3695 2177 3826 2235 Πῶς

2177 2259 2235 2317 δὶ
2265 2262 2365 2318 οὐκ
2420 2256 2645 2336 ἔμελλε,
2701 2265 2799 2317 τοῦ
2847 2264 3075 2317 Κτίστου
3131 2262 3222 2317 καὶ
3278 2266 3453 2339 σοφοῦ
3515 2261 3821 2334 νομοθέτου

2173 2352 2269 2406 τὸν
2299 2353 2424 2414 τοὺς
2451 2352 2704 2413 τεκόντας
2732 2355 2897 2425 τιμᾷν
2948 2349 3239 2407 κελεύοντα
3303 2351 3472 2424 νόμον
3532 2349 3748 2424 μᾶλλον
3780 2348 3822 2421 ἤ

2175 2436 2372 2503 πᾶντες
2435 2440 2726 2511 σώζοντος,
2782 2440 2872 2495 καὶ
2930 2438 3020 2495 διὰ
3073 2443 3235 2495 τοῦτο
3286 2447 3522 2514 τιμῆσαι
3578 2459 3825 2515 παραγε-

2174 2531 2402 2605 νομὲνου
2442 2533 2539 2600 τὴν
2592 2530 2793 2586 οἰκείαν
2865 2529 3097 2606 μητέρα,
3146 2529 3236 2585 καὶ
3268 2525 3512 2600 δέξασθαι
3578 2548 3823 2604 παραγε-

2178 2621 2410 2695 νομένου
2440 2621 2542 2689 τήν
2574 2619 2778 2676 οἰκείαν
2811 2619 3040 2694 μητέρα,
3071 2618 3161 2674 καὶ
3193 2615 3442 2690 δέξασθαι
3473 2619 3597 2687 ζτήν
3648 2620 3830 2694 ἁγιω-

2176 2712 2343 2781 τάτην
2397 2710 2565 2780 αὐτῆς
2622 2712 2834 2785 ψυχὴν,
2921 2710 2998 2783 μὴ
3049 2708 3109 2766 ἅν
3167 2704 3408 2771 ἅπαντας
3462 2707 3825 2784 συνδραμεῖν,

2175 2800 2267 2855 καὶ
2333 2796 2605 2860 δουλικῶς
2657 2800 2784 2860 τοὺς
2835 2797 3106 2874 καθαροὺς
3152 2802 3220 2872 τῇ
3279 2798 3637 2873 καθαρωτάτη
3707 2794 3831 2852 δια-

2174 2897 2400 2959 κονῆσαι
2430 2889 2496 2944 τὰ
2522 2895 2623 2959 τῆς
2651 2888 2883 2966 ἐκφορᾶς
2913 2888 3003 2944 καὶ
3046 2894 3387 2962 προπομπῆς
3445 2888 3534 2942 καὶ
3592 2893 3827 2957 τελετῆς

2178 2979 2324 3054 ἱερᾶς
2355 2998 2378 3044 ;
2437 2979 2540 3034 Καὶ
2590 2984 2660 3052 γῆ
2722 2976 2780 3033 δὲ
2832 2978 3050 3039 πάντως
3110 2973 3192 3047 ἄν,
3257 2978 3352 3033 καὶ
3407 2975 3670 3045 θάλασσα,
3728 2977 3827 3032 καὶ

2176 3064 2362 3138 ἥλιος,
2392 3066 2480 3123 καὶ
2510 3068 2577 3122 τα
2608 3065 2777 3122 λοιπᾶ
2804 3071 2913 3122 τῶν
2974 3068 3124 3122 κάτω
3180 3072 3571 3143 συγκινηθῆναι
3632 3065 3825 3141 εἶχον,

2179 3156 2350 3231 εἷμή,
2384 3158 2622 3232 καθάπερ
2653 3153 2894 3231 εἴρηται,
2950 3162 3052 3226 τῆς
3114 3156 3264 3211 κάτω
3321 3152 3482 3228 δόξης
3539 3153 3656 3210 ἐπεὶ
3720 3151 3828 3211 οὒκ

427 3220 733 3278 mundana
753 3222 957 3279 omnia
972 3228 1270 3279 commota
1298 3221 1809 3291 fuissent,nisi,uti
1840 3222 2064 3279 dictum

2176 3220 2279 3302 ἔδει
2456 3220 3021 3319 πανέγνιρ,,ἠρεμεῖν
3102 3220 3531 3321 προσετάγησαν
3623 3241 3821 3305 ἄλλως

422 3316 530 3380 est,
561 3312 763 3384 gloria:
788 3330 818 3369 e
846 3312 1225 3370 terrestribus
1251 3314 1602 3386 purrissima
1631 3313 1731 3369 illa
1762 3330 1881 3369 non
1911 3312 2060 3368 indi-

426 3407 623 3473 gente,
656 3409 1021 3475 praeceptum
1077 3402 1169 3458 his
1224 3402 1453 3474 fuisset,
1516 3409 1579 3458 ut
1635 3404 2058 3475 quiescerent;

421 3491 754 3563 praesertim
788 3508 947 3560 vero,
993 3492 1152 3563 quod
1198 3492 1539 3549 nullatenus
1596 3500 2060 3550 consentaneum

424 3581 653 3649 fuisset,
686 3586 751 3636 ut
780 3580 855 3636 ad
885 3598 1143 3654 superna
1171 3582 1503 3638 transeunti
1527 3583 1770 3655 aliquod
1801 3600 1871 3639 ex
1898 3584 2059 3639 hisce

425 3669 650 3725 infimis
698 3670 1098 3729 ministerium
1155 3690 1303 3745 opus
1352 3688 1482 3729 esse
1545 3673 1897 3739 videretur;
1957 3672 2062 3729 sed

420 3759 711 3828 caelestes,
771 3759 928 3830 quod
987 3767 1044 3816 et
1097 3761 1317 3817 factum
1375 3768 1484 3828 est,
1543 3761 1903 3819 descendere
1954 3779 2064 3834 par

420 3855 668 3919 esset,ut
698 3850 799 3921 qui
831 3867 962 3906 eam
992 3851 1054 3906 in
1087 3851 1266 3908 ccelos
1316 3852 1648 3923 suscepturi
1701 3858 1891 3921 erant,
1950 3852 2061 3924 ipsi

418 3939 690 3996 eamdem
722 3939 920 3995 debito
951 3940 1271 3998 famulatus
1288 3942 1514 3999 honore
1537 3948 2059 4015 prosequerentur.

423 4029 588 4094 Quod
617 4029 664 4083 si
695 4034 907 4084 eterra
952 4046 1189 4102 quoque
1243 4032 1459 4087 chorus
1511 4032 1916 4104 apostolorum
1948 4031 2062 4087 mi-

420 4120 652 4175 nisterii
712 4120 872 4177 illius
921 4123 1166 4178 effectus
1216 4129 1304 4177 est
1359 4123 1696 4195 particeps;
1744 4130 1806 4178 at
1844 4124 1964 4178 illis
2002 4122 2062 4178 id

425 4216 706 4280 tanquam
739 4210 1067 4266 cmlestium
1090 4211 1321 4267 mmulis
1353 4212 1636 4285 contigit;
1686 4214 1787 4269 uni
1845 4215 2063 4286 quippe

421 4297 651 4356 Christo
682 4300 973 4369 vivebant,
1029 4305 1089 4356 et
1136 4302 1348 4374 spiritu
1390 4302 1453 4357 in
1495 4302 1835 4359 cxlestibus
1874 4320 2064 4359 versa-

2166 3356 2226 3392 τε
2253 3333 2343 3390 καὶ
2372 3335 2473 3404 τήν
2500 3334 2638 3410 πρὸς
2682 3335 2749 3390 τὰ
2805 3330 2913 3388 ἅνω
2970 3332 3363 3407 μεθισταμένην
3412 3337 3522 3387 τῶν
3579 3329 3824 3388 ἀκολοῦ-

2169 3427 2275 3480 οων
2307 3424 2409 3479 οὐκ
2436 3424 2501 3493 ἦν
2532 3430 2635 3494 τῆς
2663 3421 2722 3478 ἑκ
2747 3427 2855 3477 τῶν
2884 3422 3030 3478 κάτω
3090 3421 3300 3478 δεῖσθαι
3350 3419 3657 3483 διακονίας’
3711 3417 3828 3477 ἔδει

2169 3511 2227 3569 δὲ
2278 3513 2405 3575 τοὺς
2465 3512 2716 3586 ὑψηλοὺς
2773 3511 3075 3581 κατελθεῖν,
3138 3510 3171 3567 6'
3227 3512 3319 3567 καὶ
3375 3507 3556 3583 ἐξέϐη,
3617 3508 3829 3581 ἵνατῆν

2167 3603 2279 3657 ἄνω
2344 3595 2749 3676 προσλαϐἑσθαι
2814 3598 3075 3672 ἔμελλον,
3135 3597 3514 3671 διακονήσωσι
3572 3599 3709 3654 κατᾶ
3761 3601 3832 3654 τὸ

2171 3689 2334 3754 εἰκός.
2412 3686 2567 3746 Είδὶ
2624 3689 2717 3745 καὶ
2791 3695 2959 3765 γῆθεν
3009 3695 3110 3759 τῆς
3184 3686 3531 3765 λειτουργίας
3607 3689 3636 3742 6
3708 3692 3830 3743 τῶν

2169 3781 2422 3857 κηρύκων
2491 3780 2819 3849 ἐκοινώνησε
2877 3778 3101 3850 κύκλος,
3162 3776 3290 3834 ἀλλ’
3379 3779 3454 3841 ὡς
3512 3775 3829 3855 ἐφάμιλλοι

2171 3876 2289 3934 τοῖς
2342 3868 2555 3932 ἀὺλοις·
2626 3871 2852 3943 Χριστῷ
2899 3869 3002 3944 γὰρ
3069 3866 3206 3937 ἔζων
3261 3868 3434 3942 μόνῳ·
3466 3867 3532 3923 τὰ
3591 3868 3702 3923 ἂνω
3729 3868 3831 3923 καὶ

2173 3959 2351 4032 ᾤκουν
2381 3964 2461 4031 τῷ
2490 3957 2781 4031 πνεύματι·
2813 3957 3059 4022 κάκεῖθεν
3118 3956 3304 4012 αὐτοῖς
3361 3953 3414 4011 εἶ’
3473 3976 3558 4017 τις
3615 3956 3683 4026 ἧν
3736 3957 3834 4031 cpi-

2172 4048 2293 4115 λος,
2324 4049 2491 4105 εἶκαὶ
2525 4049 2553 4103 6
2584 4047 2781 4126 χοϊκὸς
2848 4045 3027 4101 αὐτῶν
3090 4046 3423 4109 χιτωνίσκος
3479 4042 3559 4101 ἔτι
3612 4048 3683 4120 τῇ
3747 4049 3829 4119 γῇ

2172 4138 2559 4213 προσεσόρετο·
2629 4136 2730 4191 οὐκ
2797 4134 2900 4209 ἂρα
2951 4134 3044 4191 διὰ
3096 4139 3263 4192 ταῦτα
3313 4135 3445 4213 φαίη
3489 4154 3574 4196 τις
3644 4132 3705 4188 ἄν
3766 4131 3833 4188 εὖ

2174 4232 2388 4307 φρονῶν
2415 4231 2522 4283 τῶν
2575 4224 2685 4281 ἄνω
2744 4222 3024 4289 λείπεσθαι
3081 4225 3208 4288 τούς
3276 4222 3568 4299 λαμπροὺς
3626 4219 3835 4298 ἄνδρας

2174 4315 2432 4380 ἐκείνους.

424 4400 661 4471 bantur,
686 4408 797 4457 eta
827 4402 972 4459 cwlo
998 4408 1124 4459 erat
1153 4404 1201 4458 si
1243 4404 1377 4475 quis
1434 4403 1580 4475 ipsis
1629 4410 1757 4459 erat
1811 4406 2058 4473 amicus,
2089 4422 2428 4478 quanquam
2463 4410 2766 4461 terrenum
2798 4420 3002 4460 eorum
3046 4402 3458 4461 indumentum
3516 4401 3712 4458 adhuc
3771 4402 3841 4459 in

424 4493 581 4544 terra
600 4490 964 4546 volutaretur
996 4509 1009 4546 :
1041 4508 1109 4547 ac
1138 4500 1452 4565 prepterea
1498 4493 1769 4564 quisquis
1811 4495 2025 4567 sapiat,
2060 4494 2219 4552 haud
2276 4494 2508 4567 superis
2555 4496 2805 4551 cessisse
2845 4494 3094 4550 eximios
3151 4492 3286 4549 illos
3344 4492 3618 4549 homines
3667 4491 3842 4548 alar-

418 4578 685 4633 maverit.

498 4705 922 4760 Verumtamen
959 4703 1179 4775 duplex
1236 4722 1469 4776 quoque
1529 4707 1862 4779 purissimas
1905 4708 2066 4767 illius

2244 4709 2323 4767 Οὐ
2359 4710 2466 4781 μὴν
2521 4705 2671 4763 ἀλλὰ
2713 4707 2806 4765 καὶ
2853 4707 2917 4763 τὸ
2948 4705 3127 4763 διττὸν
3173 4710 3275 4773 τῆς
3323 4708 3615 4782 παναγνου,
3673 4707 3842 4782 ψυχὴ

425 4792 782 4860 substantia,
817 4792 1019 4848 anima
1050 4792 1155 4849 illa
1206 4795 1480 4850 videlicet
1528 4801 1586 4851 et
1636 4792 1870 4869 corpus,
1929 4816 2074 4854 con-

423 4887 712 4955 gruenter
741 4881 1148 4937 ministerium
1180 4887 1303 4938 tum
1335 4898 1369 4937 ει
1394 4884 1729 4939 coelestibus
1749 4891 1865 4942 tum
1893 4903 1928 4942 a
1954 4893 2074 4943 ter-

424 4971 721 5027 restribus
754 4970 1041 5043 exigebat.
1066 4976 1258 5043 Atque
1291 4972 1372 5027 ita
1402 4972 1598 5045 reipsa
1619 4974 1841 5029 factum
1873 4981 1979 5031 est.
2005 4979 2076 5031 Et

424 5060 523 5116 illa
554 5060 799 5134 quidem
832 5059 1336 5116 terrmluminaria
1354 5066 1488 5117 utut
1507 5062 1581 5118 ad
1602 5064 2073 5134 prmstantiorem

421 5152 879 5222 sublimemque
902 5150 1208 5207 cohortem
1251 5156 1605 5225 spectarent,
1642 5159 1837 5208 tamen
1868 5157 2072 5226 utpote

421 5245 678 5298 terrenae
701 5240 1032 5297 etiamnum
1078 5239 1437 5297 conditionis
1484 5241 1886 5298 ministerium
1936 5258 2074 5315 erga

428 5330 850 5400 aspectabilem
881 5330 1045 5386 illius
1067 5347 1313 5387 summm
1335 5331 1681 5388 venerandae
1700 5337 1930 5403 partem
1951 5332 2074 5389 obi-

434 5415 596 5474 bant.
672 5419 889 5474 Divinaa
945 5437 1081 5476 vero
1132 5420 1398 5493 ejusdem
1454 5422 1668 5478 animai
1720 5421 2070 5478 famulatum

427 5505 842 5578 exhibuerunt,
872 5516 1165 5582 quotquot
1194 5511 1661 5569 erantcmlorum
1694 5513 1925 5582 incolae,
1957 5519 2071 5570 ter-

428 5610 753 5666 renamque
782 5598 1181 5654 conditionem
1204 5602 1894 5673 praetergredientes.Sed
1911 5608 2053 5659 etex

427 5683 557 5742 istis
588 5683 914 5742 nobiliores
942 5691 1107 5759 puto,
1158 5690 1716 5759 prmstantioresque
1775 5706 1914 5765 erga
1969 5691 2053 5748 di-

2184 4798 2291 4874 γὰρ
2321 4796 2498 4867 ἐκείνη
2529 4795 2619 4852 καί
2665 4798 2846 4869 σῶμα,
2903 4793 3279 4867 καταλλήλως
3332 4797 3430 4865 τήν
3483 4793 3840 4871 λειτουργίαν

2182 4886 2241 4943 ὲκ
2270 4908 2328 4943 τε
2356 4891 2466 4941 τῶν
2497 4883 2604 4940 ἅνω
2633 4886 2723 4940 καὶ
2756 4885 2903 4942 κάτω
2957 4885 3159 4956 ἐζήτει.
3217 4886 3287 4943 Ὃ
3346 4881 3415 4954 δὴ
3473 4888 3567 4940 καὶ
3620 4883 3840 4961 γέγονε.

2184 4975 2285 5033 Καὶ
2351 4975 2402 5029 οἱ
2467 4974 2562 5049 μὶν
2622 4981 2906 5053 φωστῆρες
2965 4972 3163 5030 ἐκεῖνοι
3220 4978 3300 5047 τῷ
3354 4975 3676 5051 φαινομὲνῳ
3731 4981 3844 5044 τῆς

2181 5066 2456 5140 παντίμου
2484 5066 2583 5135 τήν
2632 5063 2907 5121 διακονίαν
2957 5062 3390 5137 ἀποδεδώκασιν,
3448 5062 3504 5119 οἵ
3558 5062 3844 5136 δήπουθεν

2182 5152 2343 5211 ἔτ’ἐκ
2378 5158 2489 5210 τῶν
2538 5152 2708 5225 κάτω,
2767 5153 2813 5208 εἰ
2869 5154 2961 5208 καὶ
3018 5162 3119 5224 τῆς
3177 5152 3484 5228 κρείττονος
3529 5153 3620 5208 καὶ
3681 5153 3835 5229 ὕψη-

2183 5242 2289 5313 λῆς
2318 5242 2618 5321 ἐτύγχανον
2655 5240 2869 5317 μοίρας·
2900 5245 2970 5316 τῇ
3002 5239 3061 5297 δὲ
3090 5242 3208 5314 θείᾳ
3240 5241 3450 5314 ἐκείνης
3513 5245 3671 5317 ψυχῆ
3727 5243 3836 5313 τὴν

2184 5332 2524 5407 λειτουργίαν
2584 5329 2850 5403 ἐτέλεσεν,
2909 5330 3038 5386 ὅσον
3099 5331 3351 5406 οὐράνιόν
3415 5352 3475 5387 τε
3554 5331 3648 5386 καὶ
3729 5338 3846 5408 γῆς

2183 5422 2471 5499 ὑπέρτερον
2493 5421 2583 5490 ἦν.
2617 5420 2785 5494 Οἶμαι
2844 5416 2922 5493 δὶ,
2977 5421 3069 5476 καὶ
3125 5421 3333 5477 τούτων
3384 5421 3436 5476 οἱ
3498 5417 3851 5497 ὑψηλότεροι

2182 5514 2240 5567 ἅν
2271 5512 2361 5568 καὶ
2393 5508 2767 5585 λαμπρότεροι
2829 5506 3153 5580 διακονῆσαι
3210 5509 3525 5587 προσῆλθον
3580 5513 3652 5584 τῇ
3713 5509 3845 5584 θείᾳ

2167 5600 2346 5668 ἕκείνη
2382 5601 2474 5656 καὶ
2505 5599 2838 5673 παναμώμῳ
2868 5602 3050 5676 ψυχῇ.
3084 5597 3160 5658 Οὔ
3204 5600 3394 5675 χάριν,
3461 5598 3573 5678 ἐγώ
3628 5619 3687 5655 τι
3744 5622 3855 5662 νο..

2170 5689 2455 5767 ulto),qu
2488 5688 2516 5744 6
2547 5688 2695 5751 θεῖος
2745 5685 2934 5765 εἴρηκε
2990 5683 3176 5745 Δαϐίδ.
3239 5687 3315 5747 Τὸ
3372 5686 3671 5767 πρόσωπόν
3733 5710 3852 5747 σου
