4090 6208
217 321 311 381 137

212 448 579 509 λιταδεῦουσιν
654 448 707 501 οἱ
801 444 1061 502 πλούσιοι
1147 449 1247 499 τοῦ
1343 444 1501 500 λαοῦ·
1604 448 1673 519 τῇ

213 539 474 597 πλουσίου
524 542 684 616 φωνῇ
741 537 806 590 τὸ
862 535 1049 609 περιὸν
1111 535 1246 609 ὑπὲρ
1304 535 1432 597 τοὺς
1497 532 1703 596 ἄλλους
1758 540 1858 603 τῆς

213 630 401 705 ἀρετῆς
438 625 778 687 ὑποφαίνων.

1131 311 1397 376 SERMO
1440 313 1519 374 IN
1562 310 2148 376 DORMITIONEM
2191 314 2262 374 B.
2310 312 2384 374 V.
2433 313 2740 377 MARUE.

3507 318 3623 380 I38

1767 448 1862 499 τοῦ
1895 450 1942 513 Α
1976 445 2171 501 vinam
2196 445 2360 502 illam
2385 453 2443 502 et
2471 447 3083 504 immaculatissimam
3105 448 3367 505 animam
3381 449 3489 522 (13)
3513 449 3625 506 hoc

1968 535 2243 609 perfungi
2277 535 2472 594 ofﬁcio
2505 539 2766 610 aggressi
2800 544 2956 594 sunt.
2991 540 3201 611 Atque,
3242 545 3307 595 ut
3345 540 3493 595 mihi
3541 541 3623 596 vi-

1971 624 2162 689 detur,
2185 626 2337 681 hanc
2356 627 2428 682 ob
2444 644 2684 683 causam
2704 628 2884 684 etiam
2912 628 3145 685 divinus
3176 629 3357 685 David
3387 630 3581 701 inquit
3606 647 3620 685 :

217 722 438 777 Vultum
488 724 643 772 tuum
692 715 1139 787 deprecabuntur
1193 714 1387 771 divites
1426 713 1605 784 plebis
1653 713 1722 782 ¹¹,
1777 729 1878 768 eos
1928 714 2155 770 scilicet
2201 715 2434 771 divitum
2490 717 2730 773 nomine
2788 717 3128 789 designans,
3190 719 3289 790 qui
3370 720 3622 791 reliquis

211 810 414 864 virtute
443 806 898 862 antecellerent.

272 925 505 997 Ἔμοιγε
538 918 597 974 δὲ
625 917 777 973 δοκεῖ
820 919 895 979 ὡς
945 915 1071 973 οὐδὲ
1124 923 1224 987 τῆς
1269 918 1417 972 κάτω
1477 913 1535 971 ἄν
1576 921 1683 971 τῶν
1726 915 1857 971 ἀπο-

206 1012 405 1067 στόλων
438 1012 475 1078 ἡ
508 1007 911 1080 πολυόμνητος
942 1003 1243 1079 ἐπιδημίας
1277 1003 1498 1076 ἐδεήθη,
1542 1007 1632 1059 καὶ
1682 1005 1859 1069 οὕτως

203 1100 456 1175 αἰθερίας,
492 1097 549 1153 εἴ
600 1119 666 1166 γε
728 1099 804 1169 μὴ
863 1097 1020 1158 οὗτος
1077 1096 1143 1165 ἦν
1174 1096 1202 1150 6
1233 1096 1458 1166 σκοπὸς,
1503 1092 1578 1149 ’ἶν’
1632 1095 1716 1149 ὅτι
1766 1095 1854 1150 καὶ

200 1186 468 1263 ἆγγελικὴ
497 1187 641 1261 πρὸς
696 1188 798 1254 τῆν
844 1184 1100 1254 τοιαύτην
1153 1181 1502 1259 λειτουργίαν
1556 1179 1857 1257 συνέδραμε

205 1277 593 1349 διακόσμησις,
631 1272 804 1344 δῆλον
862 1277 996 1347 ἡμῖν
1045 1274 1282 1347 γένηται.
1331 1275 1424 1328 Ἐκ
1467 1271 1570 1346 γὰρ
1618 1275 1715 1326 τοῦ
1763 1293 1855 1348 φα-

194 1371 343 1441 νεροῦ
387 1364 559 1420 τοῦδε
610 1364 703 1418 καὶ
765 1364 911 1418 οὓτω
954 1358 1265 1436 παριδὸξου
1319 1361 1462 1433 μένει
1510 1359 1599 1414 καὶ
1657 1359 1720 1413 τὸ
1776 1361 1852 1432 μὴ

193 1456 468 1530 ὁρώμενον
549 1447 950 1531 ἀναμνρίϐολον·
1031 1451 1276 1524 καθάπερ
1350 1448 1439 1503 καὶ
1522 1450 1549 1503 6
1628 1450 1853 1522 Σωτὴρ,

193 1544 500 1623 ’Δςοέωνταί
581 1563 688 1610 σοι,
767 1545 849 1613 τῶ
924 1538 1224 1614 παραλύτῳ
1300 1543 1515 1613 πρῶτον
1615 1537 1852 1611 εἶ’ρηκεν,

196 1636 247 1689 αἱ
272 1634 546 1709 ἁμαρτίαι
578 1649 697 1686 σου·
761 1629 937 1685 ἐκεῖνο
998 1626 1044 1683 δ’
1094 1624 1280 1684 ἔπειτα
1334 1628 1496 1705 σαφὲς
1551 1627 1849 1701 προτιθεὶς,

194 1724 275 1780 καὶ
306 1724 371 1778 Ἀ
386 1743 506 1797 ραι,
540 1720 865 1796 προσέταξε,
893 1719 984 1774 τὸν
1016 1713 1341 1795 κράόῧατον.

257 1997 357 2053 ΙΖ’.
392 1994 548 2051 Ἐπεὶ
584 1990 663 2061 δὲ,
696 1992 755 2046 ὅν
813 1991 1024 2065 εἳρηται
1073 1988 1302 2065 τρόπον,
1363 1989 1413 2042 οἱ
1477 1986 1712 2061 μαθηταὶ
1758 1990 1855 2040 τοῦ

190 2086 477 2141 Δεσπότου
507 2083 601 2137 καὶ
635 2084 664 2136 ὁ
696 2081 891 2142 λοιπὸς
946 2081 1090 2154 ἱερὸς
1142 2076 1434 2153 σύλλογος,
1486 2078 1543 2131 ὅν
1594 2078 1794 2153 φθάσας
1827 2076 1855 2129 6

190 2175 357 2248 λόγος
421 2172 738 2248 ἐγνώρισεν,
810 2171 1097 2246 ὑπερφυῶς
1184 2171 1523 2243 παρέστησαν
1596 2169 1665 2240 τῇ
1723 2186 1851 2219 παν·

122 2260 130 2265 ’
190 2267 359 2339 ἀγνῳ,
421 2267 504 2334 τῷ
564 2261 660 2335 μὲν
718 2256 1009 2333 παραδόξῳ
1062 2264 1165 2327 τῆς
1215 2253 1548 2331 συνδρομῆς,
1622 2255 1731 2324 ὃπη
1797 2274 1856 2308 τε

189 2350 340 2414 ὄντες
376 2359 484 2420 τῆς
519 2357 625 2426 γῆς
658 2350 787 2425 παρ’
818 2345 1089 2417 ἀλλήλων
1139 2344 1512 2420 μανθάνοντες,
1562 2348 1654 2398 καί
1704 2344 1853 2404 ὅπως

183 2444 392 2519 ἀθρόον
453 2441 532 2503 εἷς
589 2438 785 2494 ταυτὸν
843 2441 911 2512 τῇ
971 2437 1139 2511 ἀερίῳ
1199 2432 1469 2504 συνῆλθον
1558 2430 1853 2507 διαρπαγῇ,

192 2528 411 2610 σιρόδρα
463 2526 838 2600 τεθαυμᾶκασι
896 2526 989 2580 σύν
1046 2546 1109 2598 γε
1146 2526 1214 2598 τῇ
1280 2521 1518 2596 μακαρίᾳ
1578 2520 1850 2597 Παρθένῳ.

184 2626 293 2681 Καὶ
344 2627 519 2678 τοῦτο
580 2618 637 2675 δὲ
696 2613 863 2673 Δαϐἶδ
920 2619 949 2672 ὁ
1010 2615 1273 2691 μακάριος
1333 2614 1727 2690 προεκρὸτησεν
1777 2612 1857 2668 ἐγ-

174 2712 451 2782 θειᾶζων·
515 2710 618 2771 Τίς
670 2708 723 2763 ἐν
780 2705 1031 2784 νεφέλαις
1102 2705 1429 2775 ἷσωθήσεται
1501 2708 1581 2776 τῷ
1637 2702 1854 2777 Κυρίῳ;

255 2980 512 3049 Χάριτας
559 2973 618 3031 δὲ
664 2975 1108 3050 ὁμολογήσαντες
1157 2976 1236 3044 τῷ
1287 2976 1507 3046 Σωτῆρι
1553 2976 1655 3040 τῆς
1699 2968 1854 3034 αἴθε-

2034 923 2217 976 Porro
2250 940 2352 992 ego
2386 922 2624 993 quidem
2666 924 2748 979 sic
2782 924 2994 991 sentio,
3030 922 3176 979 nihil
3227 941 3374 995 opus
3403 924 3613 994 fuisse,

1969 1017 2033 1066 ut
2064 1012 2567 1082 quemadmodum
2600 1013 2838 1067 aetherei
2874 1013 3048 1081 cives,
3092 1013 3177 1067 sic
3228 1019 3285 1067 et
3337 1031 3409 1068 ex
3456 1020 3615 1070 terra

1967 1101 2040 1156 ad
2064 1100 2512 1171 obsequendum
2555 1102 2767 1173 Virgini
2804 1103 2967 1156 omni
2999 1103 3224 1157 honore
3249 1103 3612 1173 dignissimas

1965 1190 2215 1260 apostoli
2258 1192 2662 1255 convenirent,
2696 1191 2805 1244 nisi
2841 1192 2953 1246 hoc
3001 1196 3331 1263 spectatum
3379 1192 3609 1262 fuisset,

1966 1285 2030 1334 ut
2061 1285 2267 1334 notum
2299 1280 2470 1335 nobis
2502 1281 2691 1348 lieret,
2742 1280 3042 1351 angelicos
3090 1297 3324 1351 quoque
3369 1282 3610 1337 ordines

1965 1368 2039 1422 ad
2062 1368 2171 1422 hoc
2198 1368 2537 1423 obeundum
2560 1386 2777 1424 munus
2805 1371 3198 1425 concurrisse.
3223 1371 3303 1424 Ex
3326 1387 3394 1425 eo
3427 1371 3608 1436 enim,

1964 1458 2122 1528 quod
2156 1458 2534 1513 manifestum
2568 1465 2658 1515 est
2696 1460 2972 1530 idemque
3024 1461 3170 1515 adeo
3225 1462 3607 1533 stupendum,

1965 1548 2198 1602 ﬁrmam
2225 1546 2401 1601 fidem
2432 1548 2812 1619 indipiscitur
2834 1556 2891 1603 et
2916 1548 3083 1615 illud,
3119 1549 3278 1619 quod
3316 1550 3377 1604 in
3408 1551 3609 1606 oculos

1963 1652 2084 1690 non
2108 1636 2390 1702 incurrit;
2426 1636 2927 1707 quemadmodum
2953 1639 3129 1692 etiam
3161 1639 3425 1694 Salvator
3446 1639 3610 1710 prius

1880 1709 1926 1773 Β
1959 1724 2108 1779 dixit
2135 1725 2501 1797 paaalytico:
2556 1726 2929 1781 Remittuntur
2978 1729 3078 1782 tibi
3118 1734 3350 1798 peccata
3392 1709 3488 1784 tua
3522 1729 3608 1794 ’3;

1966 1819 2023 1868 et
2053 1814 2266 1869 deinde
2315 1814 2483 1881 illud,
2536 1815 2694 1885 quod
2743 1817 3053 1887 perspicue
3097 1818 3471 1887 cernebatur,
3523 1818 3612 1872 in-

1966 1901 2192 1970 dicans,
2226 1903 2507 1973 praecepit
2533 1920 2545 1956 :
2581 1904 2728 1958 Tolle
2754 1905 3047 1973 grabatum
3078 1906 3144 1958 ¹³.

2034 1991 2208 2046 XVII.
2270 1993 2588 2061 Postquam
2634 2010 2769 2064 ergo
2821 1993 3096 2063 discipuli
3171 1994 3426 2060 Domini,
3492 2010 3613 2064 qua

1965 2082 2228 2137 diximus
2258 2082 2509 2148 ratione,
2544 2088 2603 2137 et
2632 2082 2918 2153 reliquus,
2945 2099 3118 2153 quem
3153 2083 3213 2138 in
3236 2089 3610 2138 antecessum

1968 2188 2162 2226 sermo
2222 2171 2731 2239 commemoravit,
2779 2189 2945 2227 sacer
2993 2179 3198 2239 cretus,
3282 2172 3495 2227 mirum
3546 2173 3610 2227 in

1966 2259 2206 2314 modum
2240 2277 2439 2315 coram
2473 2260 2704 2332 Virgine
2763 2260 3084 2332 purissima
3127 2261 3502 2331 adstiterant,
3554 2266 3639 2317 et'

1965 2349 2117 2405 alter
2137 2349 2378 2421 quidem
2402 2349 2474 2404 ab
2496 2349 2681 2406 altero
2713 2350 3010 2415 audiebat,
3051 2356 3176 2406 tum
3202 2350 3447 2406 ubinam
3498 2356 3616 2405 ter-

1964 2454 2165 2493 rarum
2197 2444 2551 2507 versaretur,
2586 2445 2710 2494 tum
2743 2439 3041 2511 quomodo
3098 2440 3159 2495 in
3208 2457 3408 2496 aerem
3461 2439 3616 2511 rapti

1964 2530 2413 2585 miroitinerein
2437 2529 2711 2584 eumdem
2743 2530 2935 2585 locum
2971 2531 3272 2601 extemplo
3314 2530 3617 2585 convenis-

1966 2625 2118 2687 sent,
2149 2619 2532 2673 vehementer
2561 2619 2735 2673 simul
2768 2637 2900 2673 cum
2938 2620 3174 2691 Virgine
3207 2618 3379 2674 beata
3410 2617 3617 2673 obstu-

1965 2714 2242 2780 puerunt.
2277 2711 2457 2764 Porro
2488 2708 2547 2762 id
2578 2725 2812 2779 quoque
2864 2709 3044 2763 David
3100 2708 3269 2765 valde
3313 2708 3615 2763 admirans

1966 2797 2110 2854 olim
2142 2797 2443 2852 cecinerat
2463 2796 2739 2866 inquiens
2762 2813 2774 2851 :
2800 2799 2930 2861 Quis
2960 2799 3019 2851 in
3043 2797 3278 2852 nubibus
3297 2796 3613 2867 zquabitur

1967 2886 2202 2942 Domino
2235 2884 2279 2923 ¹⁴
2299 2887 2325 2940 ?

2041 2973 2266 3028 Deinde
2306 2989 2440 3028 cum
2484 2972 2702 3045 gratias
2760 2972 3044 3029 Salvatori
3091 2973 3368 3029 concordi
3413 2972 3613 3029 animo

193 3069 321 3145 ρίας
381 3065 605 3135 ἐκείνης
654 3065 906 3134 πτήσεως
947 3059 1173 3117 πολλῶν
1212 3080 1271 3115 τε
1318 3058 1506 3116 ἄλλων
1548 3055 1864 3145 ἓνεκαηκαῖ

1979 3062 2411 3134 persolvissent,
2446 3067 2569 3117 tum
2603 3079 2708 3133 pro
2740 3062 2843 3117 illo
2874 3080 2981 3135 per
3001 3063 3223 3118 aztbera
3244 3062 3459 3134 volatu,
3488 3067 3616 3119 tum

187 3141 275 3212 ἔτι
342 3156 427 3228 μή
472 3150 866 3226 ἐπιδημήσασιν
926 3151 1026 3220 τήν
1086 3148 1476 3222 πολυύμνητον
1528 3141 1852 3218 κατέλαϐον,

186 3242 345 3301 ἀλλὰ
393 3245 493 3300 καὶ
555 3239 691 3297 ἰδεῖν
752 3238 834 3295 ἔτι
889 3243 1203 3314 περιοῦσαν,
1261 3238 1349 3293 καὶ
1412 3239 1732 3315 ἀγιασθῆναι
1784 3241 1855 3311 τῇ

184 3334 452 3406 διακονίᾳ
496 3333 812 3403 ἠξιώθησαν
857 3328 1056 3404 ἐκείνῃ,
1108 3331 1330 3384 τοιαῦτα
1382 3328 1856 3406 προσεφθέγγοντο

194 3426 268 3497 τῇ
300 3421 590 3494 Θεοτόκῳ.

264 3603 387 3660 ΙιΓ.
420 3600 486 3658 Τί
532 3620 642 3669 σοι,
692 3596 974 3668 Δέσποινα,
1025 3594 1242 3666 ἐπάξιον
1271 3592 1331 3649 ἄν
1363 3596 1398 3663 ἡ
1429 3591 1638 3665 πηλίνη
1690 3612 1861 3669 προσ-

198 3692 452 3762 πλέξειεν
502 3687 749 3763 ἡμετέρα
795 3686 1017 3763 γλῶττα
1057 3704 1071 3755 ;
1126 3690 1289 3741 Ποῖον
1338 3684 1505 3754 αἶνον,
1560 3683 1618 3739 ὅν
1666 3684 1694 3738 6
1740 3688 1859 3747 καθ’

201 3784 358 3855 ἡμᾶς
389 3784 635 3857 γεῶργεῖ
661 3781 811 3849 νοῦς,
868 3782 989 3839 ταῖς
1037 3780 1156 3836 σαῖς
1202 3772 1571 3850 ἀναλογοῦντα
1616 3770 1861 3845 δώσομεν

204 3871 507 3946 ἆγλαΐαιςς
565 3866 699 3927 Τίνα
752 3866 948 3940 κρότον
1003 3862 1216 3941 μεγάλα
1273 3861 1700 3932 διασαλπίζοντα
1743 3867 1861 3926 τοῖς

201 3965 321 4022 τοῖς
385 3957 915 4034 μεγαλουργῆμασιν
966 3955 1161 4016 ἱκανῶς
1228 3951 1489 4027 ἀντηχεῖν
1569 3952 1864 4027 συγχωρή-

211 4068 419 4121 σομενς
484 4046 654 4107 Ποίας
708 4044 1107 4118 εὐπορήσαντες
1164 4040 1435 4121 εὖφημίας
1481 4040 1679 4112 ταύτην
1757 4045 1866 4096 τῶν

214 4142 324 4191 σῶν
356 4135 510 4206 ἀξίαν
542 4133 994 4211 ἐπιψηφιούμεοα
1024 4127 1393 4206 λαμπηδόνων
1420 4151 1435 4202 ;

279 4317 379 4370 Διὶ
412 4316 492 4384 σε,
536 4313 801 4389 [live-(va,
860 4309 1081 4385 οὐρανὸν
1138 4310 1166 4364 6
1221 4307 1498 4378 Δεσπότης
1559 4308 1866 4383 παρήγαγε,

1970 3168 2075 3224 pro
2108 3151 2241 3206 aliis
2271 3151 2477 3206 multis
2508 3151 2834 3221 beneﬁciis,
2878 3157 3003 3207 tum
3054 3152 3233 3208 etiam
3277 3153 3434 3224 quod
3484 3152 3615 3207 Vir-

1966 3242 2163 3314 ginem
2198 3257 2441 3312 prorsus
2472 3241 2868 3296 venerandam
2898 3242 3164 3297 nondum
3196 3259 3227 3297 e
3252 3242 3504 3297 terrenis
3533 3240 3619 3297 di-

1966 3347 2230 3404 gressam
2262 3330 2643 3400 reperissent,
2678 3331 2782 3386 sed
2814 3337 2873 3386 et
2920 3331 3117 3388 videre
3169 3332 3361 3388 adhuc
3410 3348 3619 3403 super-

1969 3420 2188 3485 stitem,
2223 3423 2281 3473 et
2310 3418 2642 3475 ministerio
2676 3421 2778 3475 illo
2810 3420 3165 3477 sanctiﬁcari
3215 3420 3375 3494 digni
3424 3420 3611 3477 habiti
3702 3439 3709 3447 ·

1967 3507 2244 3575 fuissent,
2278 3505 2440 3561 hisce
2473 3508 2785 3579 Deiparam
2818 3509 3057 3564 vocibus
3089 3509 3328 3564 allocuti
3351 3514 3508 3564 sunt.

2038 3596 2232 3651 XVIII.
2291 3596 2478 3660 Quam
2533 3597 2661 3666 tibi,
2713 3616 2746 3652 ο
2792 3599 3065 3668 Domina,
3116 3614 3419 3664 coronam,
3482 3614 3615 3667 quae

1970 3684 2261 3755 condigna
2294 3688 2348 3738 te
2377 3685 2474 3751 sit,
2509 3690 2706 3741 texere
2737 3685 2898 3743 lutea
2927 3686 3131 3757 lingua
3160 3690 3365 3741 nostra
3393 3683 3622 3755 queat?

1970 3772 2279 3840 Quodnam
2296 3773 2668 3829 offerendum
2683 3773 2789 3828 tibi
2816 3774 3154 3829 encomium
3172 3775 3429 3829 humana
3448 3788 3620 3827 mens

1972 3870 2177 3919 nostra
2242 3861 2524 3931 elaboret,
2604 3863 2761 3932 quod
2835 3862 3250 3935 splendoribus
3322 3863 3437 3917 tuis
3512 3877 3619 3933 par

1973 3953 2258 4011 exsistat?
2288 3954 2470 4018 Quem
2502 3951 2774 4023 plausum
2797 3953 2985 4008 instar
3013 3951 3169 4008 tubae
3193 3953 3308 4008 alte
3330 3967 3620 4008 resonan-

1973 4048 2096 4099 tem
2154 4040 2612 4116 magniﬁcentiis
2663 4042 2779 4097 tuis
2824 4046 2958 4115 apte
3003 4041 3362 4115 respondere
3417 4057 3619 4097 cense-

1974 4132 2230 4188 bimus?
2280 4134 2434 4198 Quas
2495 4131 2820 4204 excogitare
2879 4131 3083 4188 laudes
3158 4131 3506 4203 poterimus,
3554 4134 3621 4185 ut

1978 4221 2321 4293 quampiam
2354 4225 2454 4275 tuo
2487 4236 2807 4290 congruam
2840 4219 3053 4290 fulgori
3078 4219 3468 4275 decernamus
3490 4219 3518 4273 ?

2049 4312 2298 4381 Propter
2329 4314 2404 4376 te,
2440 4325 2472 4363 ο
2504 4308 2845 4380 purissima,
2876 4308 3163 4364 Dominus
3209 4308 3425 4364 caelum
3470 4322 3621 4363 con-

205 4411 315 4480 γῆν
368 4401 729 4476 ἒθεμελίωσε,
784 4397 1081 4468 θάλασσαν,
1128 4397 1320 4469 ἣλιον,
1362 4397 1530 4472 χάριν
1577 4417 1635 4451 τε
1694 4394 1873 4467 ἄλλην

1979 4399 2149 4465 didit,
2183 4405 2402 4453 terram
2433 4397 2720 4464 fundavit,
2755 4413 2941 4467 mare,
2976 4397 3163 4453 solem
3212 4403 3388 4469 atque
3444 4396 3624 4453 aliam

203 4493 295 4548 καὶ
351 4491 666 4566 σεμνότητα
738 4488 829 4545 καὶ
885 4486 1091 4561 κόσμον
1153 4487 1436 4558 ὑπέστησε.
1524 4486 1622 4540 Διᾶ
1669 4486 1725 4540 σὶ
1783 4487 1872 4541 καὶ

212 4584 343 4647 ὅσος
402 4586 543 4657 ἡμῖν
605 4580 867 4636 ἐννοεῖται
928 4576 1247 4651 διάκοσμος.
1310 4576 1386 4631 Σὺ
1437 4575 1539 4652 γὰρ
1605 4578 1640 4644 ἡ
1698 4595 1873 4650 παρα-

214 4678 435 4752 σχοῦσα
484 4676 617 4727 πᾶσι
673 4670 737 4725 τὸ
793 4666 1032 4743 βέλτιονο
1093 4667 1190 4723 τοῦ
1250 4663 1307 4721 δὲ
1363 4663 1644 4742 βελτίονος
1698 4662 1871 4736 ἕνεκα,

210 4764 304 4818 καὶ
369 4766 471 4817 τοῦ
531 4761 588 4816 εὗ
646 4760 790 4815 εἶναι
874 4761 1084 4835 τυχεῖν,
1138 4758 1175 4827 ἡ
1232 4756 1407 4819 κτίσις
1467 4754 1730 4831 ἐξυφάνθῃ
1797 4759 1875 4828 τῷ

210 4856 458 4925 Ποιητῇ’
521 4847 615 4904 διὰ
670 4849 750 4919 σὲ,
808 4844 1182 4919 πολυύμνητι,
1238 4845 1332 4899 καὶ
1399 4846 1587 4916 ἡμεῖς,
1660 4844 1751 4899 καὶ
1811 4844 1873 4899 οὐ

211 4947 386 4999 τοῦτο
428 4940 627 5015 μόνον,
672 4936 820 4994 ἀλλὰ
870 4937 959 4991 καὶ
1014 4937 1107 4992 τὸν
1166 4936 1296 4991 Θεὸν
1350 4929 1593 5011 ἔγνωμεν
1653 4932 1742 4989 διὰ
1797 4936 1876 5008 σὲ,

202 5033 296 5088 καὶ
329 5031 559 5102 πλάνης
609 5026 1021 5102 ἀπηλλάγημεν
1068 5026 1158 5082 καὶ
1209 5025 1427 5093 σκότου,
1483 5024 1576 5079 καὶ
1620 5026 1717 5096 τὴν
1768 5029 1877 5080 τῶν

204 5119 468 5197 ἀρρήτων
526 5119 747 5196 ἀγαθῶν
808 5115 1173 5190 περιμένομεν
1257 5120 1477 5183 κτῆσιν⁸
1535 5112 1625 5168 καὶ
1693 5112 1739 5167 εἰ
1801 5115 1876 5187 μή

196 5214 302 5266 τοῦ
345 5209 520 5285 ζόφου
553 5205 813 5277 λυθῆναι,
843 5204 935 5261 καὶ
989 5203 1136 5259 οὕτω
1192 5206 1301 5261 τῶν
1358 5202 1516 5267 θείων
1559 5201 1880 5281 ἐμφορηθῆ-

281 5338 329 5374 ¹¹
363 5336 524 5392 Psal.
558 5351 712 5404 XLIV,
747 5334 834 5389 I3.
913 5332 960 5368 ¹²
990 5332 1127 5387 Luc.
1158 5346 1212 5399 ν,
1241 5330 1331 5384 20.
1410 5328 1455 5363 ¹³
1486 5327 1630 5384 ibid.
1662 5331 1752 5400 24,

1984 4487 2309 4562 quamlibet
2367 4491 2758 4555 venustatem,
2821 4493 2881 4542 et
2939 4486 3139 4555 decus,
3221 4494 3281 4543 et
3353 4492 3629 4543 ornatum

1983 4579 2249 4637 creavit:
2300 4583 2542 4650 propter
2589 4583 2643 4633 te
2696 4582 2786 4632 est
2834 4577 3124 4650 quidquid
3168 4577 3397 4635 ordinis
3442 4579 3632 4634 menti

1982 4674 2204 4726 nostras
2259 4669 2627 4724 obversatur.
2675 4669 2759 4723 Tu
2805 4668 2964 4723 enim
3023 4685 3108 4734 es,
3160 4685 3291 4739 quae
3338 4666 3632 4723 universis

1982 4757 2295 4813 meliorem
2355 4762 2571 4813 statum
2642 4759 3047 4829 comparasti:
3128 4774 3266 4812 nam
3346 4762 3633 4812 creatures

1983 4863 2193 4902 omnes
2223 4851 2289 4902 ut
2316 4846 2379 4901 in
2410 4845 2626 4902 melius
2657 4846 3033 4918 proﬁcerent,
3070 4850 3131 4901 et
3176 4852 3243 4902 ut
3289 4844 3633 4900 felicitatem

1986 4942 2470 5008 assequerentur,
2522 4953 2556 4992 a
2604 4936 2920 4992 Conditore
2969 4935 3269 5008 productus
3330 4938 3514 4990 sunt:
3573 4929 3635 4985 id

1987 5045 2122 5083 vero
2155 5032 2213 5083 et
2244 5044 2352 5083 nos
2384 5032 2626 5099 propter
2667 5032 2745 5094 te,
2779 5044 2811 5082 ο
2843 5026 3192 5100 dignissima
3235 5024 3397 5080 omni
3439 5019 3635 5086 laude,

1988 5118 2290 5174 consecuti
2340 5134 2588 5185 sumus;
2637 5133 2833 5187 neque
2878 5116 2991 5171 hoc
3041 5114 3253 5182 solum,
3304 5111 3409 5166 sed
3454 5111 3638 5165 Deum

1988 5209 2236 5280 insuper
2264 5214 2507 5280 propter
2534 5213 2594 5262 te
2645 5205 3049 5279 cognovimus,
3098 5209 3160 5259 'et
3208 5202 3280 5259 ab
3332 5216 3531 5257 errore
3572 5216 3640 5256 ac

1828 5329 1875 5366 “
1904 5330 2054 5388 Psal.
2090 5349 2357 5399 uxxvm,
2392 5336 2444 5386 7.
2501 5372 2509 5377 -

1572 5448 1721 5507 Ant.
1766 5446 2062 5509 Ballerini
2106 5453 2296 5509 notae.

282 5595 393 5676 (β)
428 5590 577 5673 Vide
612 5580 1679 5676 summampillamtpuritatemjribui
1709 5584 1907 5639 animae
1939 5580 2215 5657 Virginis,
2250 5581 2399 5642 adeo
2431 5585 2498 5639 ut
2526 5579 2679 5639 nihil
2708 5578 3104 5641 dubitandum
3138 5578 3237 5653 sit,
3280 5596 3359 5642 an
3388 5576 3463 5642 ad
3491 5578 3641 5640 inte-

214 5653 492 5742 gritatem
520 5658 884 5735 virginalem
914 5656 1069 5714 forte
1099 5653 1227 5712 hinc
1257 5653 1595 5711 referantur

547 5785 827 5847 ΡΔτΕοῐ..
876 5773 1198 5843 CXXXIX.

3295 5776 3333 5837 ὃ
