4090 6208
463 319 576 384 139

1595 309 1882 372 lSlDORI
1923 307 2221 370 TIlESSA
2237 305 2687 368 LONICENSIS

3770 311 3896 373 MO

459 454 722 511 tenebris
743 453 929 526 erepti
949 469 1176 521 sumus,
1199 458 1258 508 et
1277 446 1768 508 inenarrabilium
1807 446 2099 501 bonorum

2218 462 2296 496 ναι
2329 443 2462 514 ἡμῖν
2494 438 2756 516 ἐξεγένετο
2782 437 2874 495 ὁιά
2931 445 3050 510 σοῦ,
3101 441 3246 518 μηγὶ
3295 444 3400 511 τήν
3458 443 3644 518 ἀρχὴν
3693 447 3774 517 (In)
3823 444 3890 501 ἄν

459 544 898 616 possessionem
917 547 1365 614 exspectamus;
1399 546 1458 596 et
1485 555 1676 610 neque
1709 535 2107 608 exoptandum

461 633 636 690 nobis
659 633 890 702 fuisset,
913 637 980 688 ut
1006 633 1078 688 ab
1110 632 1281 688 initio
1313 645 1674 696 crearemur,
1701 626 1816 682 nisi
1841 626 2109 682 futurum

460 724 633 780 nobis
661 723 891 790 fuisset,
923 727 990 778 ut
1019 739 1126 793 per
1155 727 1209 778 te
1228 721 1302 778 ab
1335 719 1552 775 erroris
1586 718 1982 774 liberaremur
2011 730 2108 770 ca-

461 815 664 886 ligine,
698 819 756 869 et
796 813 880 868 sic
932 811 1175 868 demum
1223 811 1436 867 divinis
1485 807 1834 864 muneribus
1882 803 2107 860 affatim

461 904 791 960 ditaremur
821 902 954 974 (14).
988 903 1236 973 Propter
1264 906 1319 956 te
1362 902 1701 972 perpetrata
1747 900 1886 952 sunt
1933 893 2108 960 mira,

461 997 520 1049 et
547 994 702 1049 Deus
731 1008 854 1047 non
885 990 1238 1063 dedignatus
1269 993 1358 1046 est
1387 995 1606 1044 terram
1655 987 1812 1042 hanc
1855 983 2108 1057 pedibus

459 1083 710 1151 calcare,
752 1085 812 1137 et
841 1080 1111 1136 homines
1142 1080 1204 1134 in
1237 1077 1380 1152 ccelo
1413 1074 1799 1133 tabernacula
1849 1072 1960 1129 sibi
2015 1071 2114 1126 de-

460 1173 736 1229 flxerunt.
768 1173 854 1227 Tu
881 1169 1134 1227 feliciter
1180 1169 1255 1225 ad
1306 1170 1492 1224 Deum
1539 1163 2004 1240 properantibus
2051 1165 2111 1218 et

458 1262 874 1319 fulcimentum
901 1276 983 1325 es,
1017 1265 1075 1316 et
1101 1259 1327 1325 lumen,
1359 1275 1427 1314 ac
1456 1257 1614 1312 velut
1642 1271 1789 1312 aura
1838 1250 2111 1325 quaedam

464 1352 686 1415 suavis,
717 1367 849 1422 qum
879 1349 1146 1406 laborem
1179 1346 1538 1404 ascendendi
1571 1344 1821 1402 allevat:
1863 1346 1929 1398 tu
1979 1357 2111 1396 eos-

2218 528 2482 602 εὐξαίμεθα
2535 529 2780 603 γενέσθαι
2840 529 2965 603 περὶ
3023 531 3184 602 ἡμῶν
3246 530 3439 588 αὐτοῦ.
3498 532 3600 588 Διὰ
3677 533 3738 589 σὲ
3793 535 3894 608 γέ-

2215 639 2342 694 γονε
2403 619 2471 672 τὰ
2533 615 2834 691 παράδοξα,
2898 619 2990 673 καὶ
3056 620 3190 684 Θεὸς
3272 627 3518 692 πατῆσαι
3613 629 3722 697 γῆν
3790 623 3897 680 οὐκ

2217 706 2516 778 ἀπηξίωσε,
2546 706 2636 762 καὶ
2680 705 2734 762 έν
2793 707 3010 782 οὐρανῷ
3067 710 3271 780 σκηνὰς
3314 704 3518 784 ἔπηξαν
3577 711 3892 789 ἄνθρωποι.

2218 794 2290 852 Σὺ
2319 801 2436 858 τοῖς
2492 795 2548 850 εὖ
2601 793 2831 852 πλέουσι
2896 796 3036 872 πρὸς
3090 798 3220 853 Θεὸν
3279 792 3534 874 ἔρεισμα,
3593 802 3891 881 φώτισμα,

2219 886 2336 941 οἷόν
2391 905 2476 947 τις
2525 883 2684 954 ἡδεῖα
2736 885 2900 956 πνοὴ,
2961 887 3061 956 τὴν
3111 884 3306 943 ἄνοδον
3363 889 3765 964 εὐμαρίζουςω
3822 892 3890 949 σὺ

2218 978 2334 1036 τοῖς
2389 973 2621 1047 ἀπόροις
2680 971 2947 1051 ἕμπόροις
3003 975 3140 1051 πρὸς
3201 977 3332 1032 Θεὸν
3387 973 3764 1053 κυϐερνήτης.
3809 983 3892 1039 Σὺ

2216 1069 2295 1139 τῷ
2343 1065 2476 1143 γένει
2527 1065 2742 1141 γεέννης
2801 1064 2988 1143 ἕγένου
3040 1069 3354 1144 χωρισμὸς,
3401 1073 3496 1126 καὶ
3545 1070 3896 1146 παραδείσου

2219 1152 2388 1218 δόσις.
2425 1157 2522 1210 Διά
2553 1157 2610 1210 σὶ
2655 1154 2874 1224 λοιπὸν,
2923 1153 2980 1212 εἷ’
3020 1179 3072 1213 τι
3123 1162 3323 1234 τρυγᾷν
3373 1157 3607 1226 ἐνταῦθα
3655 1163 3898 1238 πάρεστι

2219 1246 2472 1319 τερπνὸν,
2503 1243 2592 1300 καὶ
2623 1243 2690 1316 ἢν
2721 1246 2750 1300 6
2776 1242 2998 1319 μέλλων
3045 1247 3164 1322 βίος
3207 1246 3448 1325 ἅρῥητον
3496 1251 3637 1324 ἡμῖν
3687 1251 3896 1329 εὐφρο·

2225 1337 2388 1408 σύνην
2421 1337 2657 1413 παρέξει.

464 1443 598 1499 dem
626 1459 731 1514 per
751 1441 919 1498 devia
947 1439 1321 1497 ambulantes
1350 1437 1556 1511 dirigis
1612 1435 1688 1492 ad
1735 1436 1943 1491 Deum.
1987 1433 2070 1488 Tu
2117 1429 2444 1486 humanum
2491 1446 2679 1502 genus
2728 1431 2889 1488 inter
2937 1436 2996 1488 et
3041 1431 3381 1505 gehennam
3442 1437 3772 1506 separatio,
3824 1441 3900 1496 tu

463 1531 724 1604 paradisi
754 1530 985 1604 largitio
1017 1527 1314 1586 exstitisti.
1347 1527 1474 1582 Tibi
1504 1525 1760 1596 denique
1790 1519 2171 1579 referendum
2202 1524 2292 1574 est
2321 1523 2651 1592 acceptum,
2683 1519 2975 1593 quidquid
3006 1521 3102 1578 hic
3133 1522 3372 1578 haurire
3394 1523 3596 1580 solatii
3627 1526 3793 1594 licet,
3829 1532 3900 1584 et

465 1619 756 1692 quidquid
786 1618 1106 1674 ineﬂ'abilis
1134 1617 1356 1673 lautitias
1389 1616 1588 1672 futura
1617 1614 1736 1668 vita
1763 1611 1938 1668 nobis
1977 1607 2286 1682 prabebit.

533 1710 678 1766 XIX.
710 1710 779 1764 Et
809 1708 1014 1780 utique
1039 1707 1326 1778 quamdiu
1368 1705 1562 1771 nobis,
1591 1720 1624 1758 ο
1672 1701 1944 1768 Domina,
1975 1713 2110 1798 san-

2289 1695 2389 1752 ῙΘ’.
2425 1693 2581 1752 Ἀλλ’
2607 1692 2712 1759 ’ἕως
2755 1697 2875 1772 μὶν,
2909 1698 2955 1754 ὦ
3000 1696 3283 1772 Δέσποινα,
3331 1702 3430 1771 τὴν
3490 1702 3590 1770 σὴν
3638 1703 3896 1779 ἁγιωτάο

2222 1803 2320 1808 ____
2860 1785 2949 1808 Le.
3068 1783 3148 1808 κν--
3244 1807 3247 1808 ,
3463 1789 3479 1808 ε
3648 1792 3662 1808 .
3758 1793 3776 1808 .
3824 1800 3858 1808 _

465 1800 791 1856 ctissimam
817 1803 977 1854 tuam
1006 1797 1259 1851 formam
1280 1793 1521 1861 intueri,
1545 1797 1604 1848 et
1621 1808 1728 1863 per
1748 1805 1877 1847 eam
1901 1786 2114 1844 sancti-

468 1889 658 1958 ficari,
688 1888 926 1959 tuisque
957 1886 1181 1959 perfrui
1211 1885 1415 1957 gratiis
1471 1882 1744 1949 dabatur,
1775 1877 2120 1934 videbamur

469 1977 640 2035 nobis
671 1993 805 2033 cum
836 1975 983 2031 Filio
1015 1974 1114 2030 illo
1147 1979 1247 2030 tuo
1279 1990 1346 2029 ac
1369 1972 1663 2028 Salvatore
1693 1973 1894 2024 nostro
1938 1963 2119 2022 simul

470 2067 713 2135 versari,
746 2072 804 2122 et
832 2063 1331 2121 inenarrabilibus
1361 2061 1482 2118 illis
1529 2060 1707 2132 potiri
1755 2055 2008 2114 deliciis.
2058 2053 2118 2111 Si

473 2157 633 2212 enim
662 2155 762 2211 ille
793 2155 867 2212 ad
897 2155 1077 2211 caalos
1107 2152 1552 2210 ascendendum
1582 2149 1694 2205 sibi
1745 2165 1872 2204 esse
1928 2143 2116 2212 duxit,

475 2245 654 2316 idque
684 2245 882 2316 reipsa
927 2244 1142 2310 effecit,
1191 2248 1250 2298 et
1297 2241 1590 2314 sejunctio
1643 2239 1746 2294 illa
1792 2237 2117 2292 humanam

477 2335 606 2406 ejus
661 2334 840 2388 vitam
900 2333 1073 2388 nobis
1128 2331 1306 2387 veluti
1355 2327 1711 2395 adimebat;
1771 2332 1830 2382 at
1884 2325 2117 2379 divinus

472 2423 661 2480 sancti
695 2422 944 2494 Spiritus
973 2420 1280 2489 adventus,
1305 2425 1363 2474 et
1383 2424 1504 2482 tua,
1537 2435 1570 2472 ο
1602 2415 1919 2488 purissima
1965 2429 2116 2484 pras-

470 2511 684 2580 sentia,
717 2517 774 2568 et
805 2528 913 2566 nos
944 2509 1101 2566 haud
1141 2509 1251 2564 levi
1298 2505 1741 2581 perfundebant
1784 2502 2017 2569 solatio,
2061 2505 2120 2556 et

474 2599 788 2657 Salvatoris
849 2600 1112 2655 absentis
1175 2599 1374 2654 locum
1433 2593 1808 2668 supplebant.
1867 2591 2116 2647 Maxime

469 2708 606 2746 vero
633 2691 706 2746 iis
737 2707 808 2746 ex
837 2689 1077 2754 nostris,
1103 2687 1320 2759 quibus
1370 2686 1573 2742 datum
1622 2700 1742 2739 non
1791 2681 2007 2748 fuerat,
2051 2683 2117 2734 ut

467 2780 698 2836 Domini
728 2784 973 2851 aspectu
1003 2777 1117 2833 frui
1152 2780 1416 2850 possent,
1448 2774 1577 2830 loco
1625 2769 1943 2828 Salvatoris
1989 2772 2115 2824 erat

465 2869 836 2927 lucidissima
859 2867 1041 2924 facies
1091 2873 1213 2933 tua,
1263 2866 1325 2920 in
1373 2882 1490 2936 qua
1527 2863 1763 2932 Christi,
1813 2859 1945 2916 Filii
2003 2859 2112 2928 tui,

463 2958 676 3015 faciem
707 2959 1102 3012 intuerentur.
1136 2959 1347 3026 Atque,
1379 2959 1444 3009 ut
1487 2968 1732 3024 prorsus
1763 2951 1977 3014 dicam.
2009 2953 2112 3004 tua

463 3047 666 3102 omnia
685 3045 1154 3102 consolationem
1185 3043 1246 3097 in
1263 3059 1374 3098 nos
1398 3047 1458 3098 et
1477 3039 1937 3113 incomparabile
1958 3039 2110 3095 leva-

466 3140 735 3192 mentum
765 3132 1002 3189 abunde
1034 3131 1438 3188 effundebant.

538 3221 1032 3293 Quandoquidem
1052 3221 1491 3288 vero,Creatore
1507 3219 1592 3275 sic
1609 3218 1862 3287 volente,
1895 3223 2116 3290 postre-

471 3329 568 3368 mo
607 3327 766 3366 nunc
811 3327 920 3365 nos
963 3315 1022 3364 et
1063 3309 1383 3380 alloqueris
1429 3313 1487 3362 ct
1534 3308 1607 3363 ob
1661 3307 1862 3362 oculos
1911 3306 2115 3378 habes,

470 3400 768 3456 enimvero
798 3399 891 3454 vix
927 3397 1174 3454 ferenda
1202 3397 1517 3470 prmsentia
1537 3397 1666 3452 hanc
1687 3395 1857 3451 nobis
1883 3401 2114 3468 parent,

473 3506 684 3562 resque
714 3489 776 3544 in
799 3505 1094 3544 summam
1118 3487 1274 3543 cedit
1295 3486 1716 3543 calamitatem.
1736 3489 1935 3557 Angor
1957 3487 2116 3541 enim

470 3580 533 3634 in
563 3595 672 3634 nos
710 3579 902 3633 instar
941 3577 1160 3633 lancea}
1183 3577 1313 3648 jam
1344 3575 1695 3648 intorqueri,
1727 3592 1946 3646 corque
1979 3592 2115 3630 nos-

469 3673 628 3724 trum
657 3666 886 3724 acerbis
917 3665 1141 3721 doloris
1188 3665 1318 3720 telis
1369 3665 1576 3738 impeti
1623 3663 1794 3720 nobis
1847 3664 2114 3719 videtur:

467 3760 767 3833 quoddam
798 3757 979 3815 veluti
1001 3757 1345 3814 incendium
1368 3757 1634 3814 videmur
1653 3757 1824 3812 nobis
1847 3772 2114 3827 cernere,

470 3847 629 3922 quod
656 3848 856 3904 minax
879 3848 1008 3920 jam
1039 3852 1217 3918 caput
1246 3851 1518 3902 nostrum
1542 3843 1818 3901 invadat:
1849 3845 2116 3900 animam

468 3945 735 3996 nostram
766 3936 1206 3993 transverberat
1227 3936 1356 4009 jam
1415 3935 1665 4008 gladius,
1715 3933 1873 3990 haud
1916 3934 2117 3990 minus

471 4026 902 4100 propemodum
960 4043 1028 4081 ac
1082 4025 1154 4081 de
1214 4030 1287 4088 te,
1347 4024 1829 4093 honoratissima,
1909 4024 2119 4078 beatus

471 4118 726 4191 Symeon
753 4115 1171 4190 prmnuntiavit
1197 4114 1258 4170 '5.
1291 4117 1418 4170 Jam
1443 4131 1562 4169 non
1586 4114 1878 4185 ejusmodi
1896 4119 1986 4169 est
2005 4115 2119 4170 ista

472 4207 802 4276 calamitas,
836 4221 1014 4278 quam
1046 4204 1200 4260 ferre
1231 4203 1531 4276 possimus
1560 4219 1572 4257 :
1605 4219 1726 4258 non
1757 4219 1827 4258 ea
1865 4203 1993 4275 jam
2031 4209 2119 4259 est

464 4296 775 4369 praesentis
818 4293 1042 4350 doloris
1091 4293 1403 4360 acerbitas,
1453 4292 1546 4348 cui
1587 4307 1758 4346 mens
1806 4309 2117 4350 occurrere

463 4389 803 4440 constanter
825 4383 1014 4438 valeat
1038 4399 1050 4436 :
1086 4399 1205 4436 non
1229 4381 1370 4435 sinit
1387 4381 1515 4452 jam
1536 4381 1864 4435 immensus
1877 4397 2114 4452 mceror,

2220 1803 2320 1854 την
2396 1784 2612 1861 μορφὴν
2687 1785 2778 1840 καὶ
2853 1785 2982 1861 ὁρᾷν
3059 1783 3314 1861 εἴχομεν,
3388 1789 3480 1844 καὶ
3531 1792 3662 1866 παρ’
3711 1793 3897 1864 αὐτῆς

2223 1871 2560 1946 ἀγιάζεσθαι,
2609 1877 2719 1929 τῶν
2779 1878 2887 1929 σῶν
2939 1873 3312 1938 ἀπολαύοντες
3363 1878 3635 1956 χαρίτων,
3689 1879 3898 1956 ἐκείνῳ

2223 1967 2460 2016 συνεῖναι
2516 1961 2608 2018 καὶ
2664 1965 2947 2019 κοινωνεῖν
2993 1963 3318 2040 ἐνομίζομεν
3378 1967 3586 2046 ἀφάτου
3643 1978 3894 2048 τρυφῆς,

2220 2054 2301 2122 τῷ
2331 2054 2408 2124 σῷ
2437 2051 2549 2124 Υἱῷ
2577 2050 2667 2108 καὶ
2715 2055 2958 2127 Σωτῆρι.
3019 2053 3082 2110 Εἴ
3132 2053 3237 2130 γὰρ
3289 2054 3452 2120 οὗτος
3497 2055 3899 2136 ἀναληφθῆναι

2225 2137 2335 2196 δεῖν
2378 2141 2538 2214 ᾤετο,
2595 2141 2684 2198 καὶ
2739 2144 3030 2216 πεποίηκε,
3079 2145 3231 2200 καὶὸ
3263 2146 3554 2224 χωρισμὸς
3602 2148 3705 2217 τήν
3761 2150 3900 2204 καθ’

2223 2231 2370 2303 ἡμᾶς
2402 2229 2556 2286 εἷλκε
2614 2233 2759 2302 ζωὴν
2822 2230 3071 2306 ἐκεῖνος,⁴
3111 2230 3240 2289 ἀλλ’
3287 2237 3322 2303 ἡ
3376 2235 3494 2298 θεία
3547 2241 3648 2291 τοῦ
3695 2243 3897 2314 Παρα-

2221 2318 2432 2390 κλήτου
2494 2319 2775 2384 έπέλευσις
2841 2322 2933 2377 καὶ
3000 2325 3035 2392 ἡ
3101 2324 3193 2393 σή,
3250 2323 3510 2399 πάναγνε,
3577 2328 3890 2402 παρουσία,

2220 2405 2424 2480 ἡδονήν
2485 2429 2542 2465 τε
2597 2412 2734 2484 ἡμῖν
2796 2409 3074 2482 ἐνέπαξαν
3129 2412 3194 2467 οὐ
3243 2415 3467 2487 μικρὰν,
3515 2414 3605 2470 καὶ
3657 2416 3724 2471 τὸ
3781 2422 3891 2473 τοῦ

2222 2505 2478 2572 Σωτῆρος
2536 2499 2928 2574 ἀνεπλήρωσαν
2987 2499 3291 2576 ὑστέρημα.
3351 2505 3450 2564 Οἷς
3522 2502 3578 2560 δὲ
3635 2504 3894 2578 μάλιστα

2217 2595 2326 2646 τῶν
2373 2592 2465 2646 σὺν
2520 2593 2658 2666 ἡμῖν
2711 2595 2810 2662 τῆς
2867 2589 3194 2664 δεσποτικῆς
3258 2594 3362 2650 οὐκ
3414 2595 3730 2653 ἀπολαῦσαι
3787 2612 3893 2675 γε-

2217 2679 2439 2757 γένηται
2472 2679 2616 2749 θέας,
2667 2683 2694 2737 ὁ
2754 2679 3216 2757 φωτοειδέστατος
3265 2685 3364 2746 σὸς
3410 2688 3702 2762 χαρακτὴρ
3759 2689 3897 2746 ἀντὶ

2216 2774 2313 2824 τοῦ
2343 2775 2600 2844 Σωτῆρος
2629 2769 2720 2824 καὶ
2767 2771 2834 2839 ἦν
2884 2770 2976 2824 καὶ
3025 2767 3202 2827 ἐδόκει
3249 2773 3342 2827 καὶ
3401 2778 3498 2829 σοῦ
3554 2774 3893 2854 σπλαγχνου

2217 2861 2478 2934 Χριστοῦ.
2547 2861 2676 2928 Καὶ,
2738 2859 2978 2930 καθάπαξ
3037 2859 3232 2929 εἰπεῖν,
3291 2863 3640 2936 παραμυθίας
3707 2862 3886 2941 ἔγεμε

2214 2951 2284 3012 τά
2314 2951 2380 3005 σὰ
2408 2949 2545 3026 πρὸς
2573 2951 2723 3024 ἡμᾶς
2755 2951 2847 3006 καὶ
2875 2949 3274 3026 ἀπαραμίλλου
3307 2951 3614 3029 ῥᾳστώνης.

2291 3215 2446 3275 Ἐπεὶ
2487 3214 2544 3272 δὲ
2573 3219 2664 3270 νῦν
2696 3217 2857 3290 ἡμῖν,
2895 3220 2994 3272 τοῦ
3043 3215 3295 3274 Πλάστου
3355 3218 3726 3294 βουλομένου,
3780 3224 3883 3280 καὶ

2219 3303 2502 3361 τελευταῖα
2566 3306 2921 3383 προσφθέγγῃ
2979 3306 3070 3362 καὶ
3143 3302 3535 3384 προσϐλέπεις,
3623 3313 3887 3390 ἀφόρητα

2223 3399 2422 3470 μικροῦ
2476 3393 2627 3450 δοκεῖ
2692 3395 2758 3450 τὰ
2823 3394 3086 3470 παρόντα,
3149 3397 3404 3476 συμφορά
3491 3398 3723 3473 μεγίστη
3807 3403 3877 3458 τὸ

2219 3488 2448 3558 πρᾶγμα
2472 3483 2784 3548 καθίσταται
2845 3483 2974 3542 Οἷὸν
3021 3506 3074 3540 τι
3124 3481 3254 3560 δόρυ
3307 3485 3538 3552 σείεσθαι
3586 3489 3653 3544 τὸ
3697 3491 3885 3555 πάθος

2220 3575 2506 3649 ἡγοῢμεθα
2563 3574 2681 3638 καθ’
2747 3575 2932 3647 ἡμῶν,
2992 3571 3174 3646 λύπης
3239 3574 3375 3650 βέλη
3433 3577 3604 3652 πικρά
3664 3587 3881 3656 χωρεῖν

2219 3664 2356 3718 κατά
2408 3670 2508 3732 τῆς
2567 3664 2835 3738 ἡμετέρας
2894 3661 3136 3738 καρδίας’
3195 3665 3272 3727 ὡς
3324 3662 3504 3743 φλόγα
3551 3667 3682 3740 ὁρᾷν
3735 3669 3879 3726 κατὰ

2220 3749 2464 3825 κεφαλῆς
2520 3754 2681 3826 ἡμῶν
2767 3750 3096 3808 ἀπειλοῦσαν
3156 3758 3478 3828 στρατεῦσαι
3544 3756 3882 3832 νομίζομεν·

2222 3839 2466 3919 ῥομφαία
2495 3842 2594 3911 τήν
2625 3841 2896 3916 ἡμετέραν
2925 3838 3035 3912 ἤδη
3079 3839 3359 3921 διέρχεται
3413 3845 3624 3920 ψυχὴν,
3672 3845 3882 3922 σχεδὸν

2222 3929 2331 4005 οὐχ
2357 3933 2520 4000 ἧττον
2548 3933 2614 4000 ἧς
2653 3931 2682 3986 6
2715 3933 2984 4005 μακίριος
3025 3932 3254 4005 Συμεὼν
3306 3931 3562 4006 ἐμήνυσε,
3617 3935 3888 4011 πάντιμε,

2219 4022 2342 4096 περὶ
2378 4024 2494 4078 σοῦ.
2527 4021 2726 4078 Οὐκέτι
2775 4024 2883 4076 τῶν
2931 4020 3163 4078 ἀνεκτῶν
3213 4024 3350 4096 ἡμῖν
3383 4025 3418 4093 ἡ
3447 4023 3680 4096 τοιαύτη
3731 4047 3886 4100 συμ-

2221 4112 2381 4189 φορά·
2428 4111 2611 4167 οὐκέτι
2667 4115 2776 4166 τῶν
2831 4113 3114 4186 παρόντων
3173 4111 3438 4188 ἀλγεινῶν
3497 4117 3534 4184 ἡ
3594 4112 3880 4193 δριμύτης

2220 4200 2465 4257 ἄσειστον
2525 4199 2584 4272 ἐᾷ
2647 4201 2738 4256 τὸν
2789 4200 3082 4278 λογισμόνο
3146 4203 3330 4258 οὐκέτι
3385 4205 3450 4260 τὸ
3531 4203 3704 4280 βάρος
3772 4215 3880 4278 τῆς

2221 4292 2369 4354 ἀνίας
2411 4293 2486 4366 μή
2545 4294 2861 4346 καταπεσεῖν
2909 4294 3056 4366 ἡμᾶς
3105 4298 3405 4372 συγχωρεῖ,
3451 4294 3542 4349 καὶ
3591 4294 3880 4359 ἀσθενείας

2222 4377 2452 4460 ἔλεγχον
2491 4385 2810 4456 παρασχεῖν.
2871 4385 2994 4443 Πῶς
3036 4381 3140 4457 γὰρ
3191 4383 3281 4438 καὶ
3324 4381 3580 4458 γλῶτταν
3629 4391 3882 4460 σιγῶσαν

459 4476 527 4528 ut
556 4488 677 4527 non
706 4471 905 4527 animo
938 4470 1303 4539 decidamus,
1335 4487 1402 4526 ac
1433 4474 1636 4525 nostra
1655 4469 1850 4541 palam
1877 4489 1939 4527 se
1971 4489 2102 4544 pro-

2218 4474 2343 4548 ὁρᾷν
2389 4469 2634 4544 οἷ’σομεν,
2690 4471 2756 4539 ἧς
2789 4469 2817 4524 6
2848 4465 3052 4544 γλυκὺς
3105 4470 3198 4526 καὶ
3245 4469 3574 4548 μελιῤῥυτος
3625 4475 3882 4552 φθόγγος

540 4568 586 4606 ³⁵
614 4569 750 4624 Luc.
784 4585 844 4639 ιι,
875 4571 964 4624 35.

1799 4663 1942 4724 Ant.
1990 4663 2293 4729 Ballerini
2334 4667 2524 4725 uotze.

529 4787 605 4858 (ὁ)
635 4783 774 4842 Cod.
806 4783 1110 4857 τηναρχήν.

528 4855 644 4929 (1⁷4)
674 4859 804 4912 Hinc
837 4855 1043 4912 eadem
1083 4872 1277 4930 sensa,
1322 4855 1604 4930 nimirum
1655 4856 1812 4926 quod
1838 4865 2101 4930 propter

455 4926 753 5003 Virginem
778 4930 1086 5003 Deiparam
1106 4926 1346 5003 condita
1376 4927 1501 5003 hinc
1524 4944 1721 5003 rerum
1747 4926 2100 5003 universitas

451 4998 654 5068 fuerit,
708 4998 1109 5073 quod—eidem
1170 4998 1732 5073 \‘irgini_(lebeatur
1768 5001 2098 5073 _quidquid

449 5074 698 5145 reliquis
726 5070 1018 5128 creaturis
1049 5071 1206 5125 inest
1229 5070 1460 5145 decoris
1483 5086 1550 5145 ac
1574 5070 2098 5145 sple_ndoris,quod

453 5141 711 5217 denique
727 5145 922 5201 Maria:
944 5148 1251 5214 acceptum
1271 5141 1647 5197 referendum
1673 5143 1767 5209 sit,
1794 5149 1916 5199 tum
1941 5141 2099 5216 quod

453 5225 666 5274 caetera
695 5218 898 5273 omnia
931 5217 1110 5270 finem
1140 5231 1309 5270 suum
1343 5219 1756 5283 assequentur.
1793 5220 1914 5270 tum
1941 5217 2100 5287 quod

453 5289 781 5344 humanum
805 5305 990 5360 genus
1022 5289 1083 5341 in
1129 5302 1390 5360 princeps
1423 5287 1582 5360 Aolim
1630 5287 1968 5360 prolapsum
2014 5307 2100 5344 re-

451 5357 878 5430 staurationem
910 5377 977 5416 ac
1001 5375 1165 5430 spem
1193 5357 2098 5430 salutisinvenerit,lizncomnia,

451 5429 717 5502 inquam.
753 5432 1012 5486 Isidorus
1033 5429 1285 5484 liberius
1317 5429 1599 5500 deinceps
1623 5437 1973 5502 prosecutus
2013 5438 2103 5488 est

453 5500 515 5554 in
548 5501 816 5574 homilia,
849 5518 1027 5572 quam
1059 5501 1266 5557 habuit
1295 5504 1353 5574 in
1389 5500 1640 5574 Deiparaé
1663 5503 2100 5574 Natale,quam-

455 5587 570 5642 que
621 5571 893 5643 superius
942 5575 1112 5642 (part.
1158 5589 1198 5640 ι,
1249 5571 1362 5627 col.
1415 5573 1540 5643 600)
1579 5572 1707 5643 jam
1759 5571 2100 5632 dedimus...

452 5641 635 5699 Porro
659 5641 840 5717 (quod
864 5642 923 5698 in
946 5641 1103 5700 notis
1125 5643 1386 5698 homiliae
1419 5643 1504 5699 illi
1525 5641 1809 5718 subjectis
1832 5648 2107 5705 manifes-

2211 4789 2471 4844 stissime
2500 4785 2888 4860 ostendimus)
2911 4786 3203 4860 ejusmodi
3234 4793 3322 4844 est
3342 4793 3462 4844 tota
3483 4789 3876 4848 hmcmcono-

2205 4860 2346 4928 mia,
2379 4866 2446 4915 ut
2486 4859 2684 4931 eidem,
2711 4859 2960 4931 prorsus
3011 4875 3100 4930 re;
3126 4865 3324 4931 ugnet.
3359 4861 3604 4916 Mariam
3653 4862 3879 4920 eadem

2203 4932 2306 4986 illo
2330 4932 2503 5004 ruina
2523 4930 2861 5004 obvolutam
2883 4930 3088 4993 fuisse.
3109 4930 3240 5001 quas
3264 4931 3528 5004 reliquos
3545 4931 3878 5004 Admifilios

2207 5002 2484 5074 perdidit.
2539 5002 2599 5057 ld
2653 5018 2788 5057 vero
2858 5007 2916 5057 et
2955 5003 3232 5074 praesenti
3273 5002 3414 5058 loco
3463 5005 3604 5058 satis
3649 5003 3875 5062 elucet.

2211 5073 2408 5148 Neque
2432 5073 2594 5148 enim
2609 5079 2921 5148 contentus
2940 5073 3088 5129 ratio
3104 5073 3417 5148 patitur,ut
3437 5076 3604 5147 Virgo
3619 5091 3869 5148 quoque

2203 5147 2276 5202 iis
2293 5144 2551 5218 tenebris
2568 5144 2888 5218 etcaligine
2905 5144 3570 5218 putetu'r.circumsepta
3597 5144 3866 5216 quarum

2204 5217 2475 5288 depulsio
2501 5234 2604 5287 per
2625 5217 2816 5287 ipsam
2838 5217 3240 5287 exspectanda
3253 5220 3477 5272 erat.Et
3496 5220 3648 5274 conti
3661 5226 3876 5276 rmant

2213 5287 2469 5360 idipsum
2504 5289 2831 5360 sequentia,
2875 5287 2973 5342 ubi
3013 5289 3180 5360 Virgo
3205 5288 3498 5344 salutatur
3527 5305 3635 5344 ceu
3659 5306 3881 5347 murus

2214 5359 2481 5415 dividens
2511 5360 2668 5413 inter
2695 5359 3024 5431 humanum
3056 5359 3242 5431 genus
3285 5377 3352 5416 ac
3402 5361 3761 5431 gehennam.
3816 5363 3880 5417 Si

2213 5432 2373 5487 enim
2396 5431 2682 5503 universo
2705 5430 2966 5503 humano
2998 5430 3199 5503 generi
3240 5431 3314 5486 ob
3346 5430 3603 5488 veterem
3633 5432 3882 5503 lapsum

2211 5505 2499 5586 gehennm
2549 5501 2785 5558 addicto
2831 5501 3074 5586 Mariam
3129 5519 3501 5586 accenseash
3519 5503 3618 5574 qui
3671 5501 3892 5575 posset

2215 5574 2346 5649 ipsa
2376 5574 2534 5632 idem
2561 5589 2748 5647 genus
2779 5589 2813 5630 a
2841 5574 3116 5647 gehenna
3145 5590 3454 5648 separasse
3475 5574 3502 5630 τέ
