4090 6208
253 328 351 388 111
1164 319 1435 384 SERMO
1476 320 1567 384 1N
1614 321 2169 391 DORMITIONEM
2217 332 2288 392 B.
2335 332 2407 393 ν.
2456 333 2754 397 MARLE.
3557 341 3669 403 M2

250 461 371 515 Θεὸν
399 478 461 513 τε
488 454 694 532 ἤγαγεν
736 455 816 517 εἷς
874 458 1004 532 γῆν,
1062 453 1155 510 καὶ
1212 455 1347 527 ἡμῖν
1404 453 1673 530 ἐτύγχανε
1727 475 1883 532 παρα-

2008 460 2109 517 dat
2138 463 2476 521 inﬁrmitas.
2510 468 2634 533 Quo
2684 468 2844 524 enim
2893 473 3067 540 pacto
3111 467 3263 525 ferat
3308 469 3567 541 animus,
3596 478 3666 528 ut

256 547 411 622 μυθὲα
470 544 668 620 μεγίση
726 549 844 605 τοῖς
898 541 1047 618 παρᾶ
1092 546 1201 597 τῶν
1245 541 1486 597 ἀπίστων
1546 541 1748 607 δεινοῖς
1818 543 1883 600 ἔνι

2006 556 2229 607 mutam
2264 568 2392 609 eam
2423 572 2741 612 cernamus
2793 556 3077 629 linguam,
3130 558 3302 631 cujus
3332 575 3440 614 vox
3473 559 3667 617 dulcis

248 640 618 716 τυγχάνουσις
678 638 803 695 Πῶς
888 630 1114 706 ὄμματα
1182 628 1461 707 προσιδεῖν
1535 633 1623 687 καὶ
1732 632 1883 704 ἣλιοι

2006 643 2065 694 et
2093 641 2386 699 melliﬂua
2416 649 2542 700 tum
2574 646 2759 701 Deum
2789 628 3108 702 attraxitin
3133 628 3350 703 terram
3376 650 3508 720 (l5),
3532 653 3660 705 tum

253 724 458 801 ἁφεγγῆ
496 720 845 795 καρτερήσει,
878 719 953 773 ῶν
1012 721 1049 788 ἡ
1108 717 1357 787 καΛλονή
1415 718 1506 774 καὶ
1564 717 1883 795 λαμπρότης

2003 744 2114 783 nos
2146 729 2274 786 dira
2303 732 2375 788 ab
2402 733 2741 790 inﬁdelibus
2772 735 3097 792 tolerantes
3126 735 3277 791 mire
3300 717 3608 794 reficiebat
3626 738 3656 794 ἰ

249 818 324 886 τῷ
378 810 560 885 ἀδύτῳ
605 815 752 891 φωτῖ
807 809 898 865 καὶ
928 807 1287 885 προσεπλάκη
1345 808 1437 863 καὶ
1464 808 1770 886 προσεφύη,
1801 810 1883 867 καῖ

2005 819 2310 883 Quomodo
2340 822 2434 877 vel
2482 823 2568 879 sol
2616 824 2742 895 ipse
2786 825 3047 896 patiatur
3092 825 3224 882 luce
3269 826 3508 882 orbatos
3558 843 3659 883 eos

248 902 319 967 εἷς
344 904 410 957 τά
466 908 572 971 τῆς
619 907 722 975 γῆς
766 896 1052 974 ἐπέλαμψε
1107 899 1323 973 πάρατα
1381 904 1566 987 ,Πῶς
1614 898 1711 955 οὖν
1756 901 1883 974 ἡμῖν

2006 911 2271 964 contueri
2324 911 2548 981 oculos,
2613 930 2865 985 quorum
2919 918 3195 970 venustas
3253 930 3321 971 ac
3374 914 3660 987 splendor

246 991 536 1062 ἀκινήτους
583 987 771 1065 ὄψεται
823 988 915 1045 καὶ
971 994 1044 1066 γῆ
1103 993 1320 1076 χεῖρα-ς,
1368 985 1426 1043 α’ί
1484 988 1577 1043 τὸν
1654 988 1883 1060 Κτίστην

2003 994 2399 1054 inaccessibili
2433 1001 2548 1057 luci
2582 1006 2638 1056 et
2672 1002 3104 1058 totusintendit
3124 985 3435 1060 etdeﬁxus
3458 1005 3651 1076 haesit,

241 1077 561 1148 ἐϐάστασαν,
590 1081 652 1135 ’ὀν
682 1078 817 1149 αύτὴ
852 1083 1131 1153 χωρῆσαι,
1186 1075 1284 1133 κάν
1332 1077 1569 1148 τοσαύτη
1633 1078 1883 1154 μυριάκις

2001 1090 2058 1140 et
2078 1086 2151 1141 ad
2170 1088 2319 1143 ﬁnes
2334 1105 2522 1161 usque
2542 1096 2713 1147 terra:
2733 1091 2994 1147 refulsit?
3009 1093 3313 1158 Quomodo
3333 1093 3643 1151 nobiscum

239 1173 321 1240 ἦν,
356 1168 730 1245 ὡμολόγησεν
758 1168 820 1223 ἄν
842 1167 1135 1224 ἀσθένειαν.

1999 1176 2178 1230 etiam
2202 1182 2359 1234 terra
2380 1186 2648 1235 carentes
2672 1186 2838 1236 metu
2874 1197 2972 1237 eas
3016 1199 3228 1238 manus
3267 1182 3490 1239 videbit
3510 1200 3643 1254 qua:

236 1264 573 1318 Creatorem
589 1264 1175 1333 portaverunt,quem
1187 1259 1495 1314 continere
1508 1259 1524 1313 i
1535 1260 1897 1330 psa,etiamsi
1909 1261 2329 1322 deciesmillies
2344 1274 2440 1325 tan
2451 1275 2505 1325 ta
2518 1271 2893 1337 esset,adbuc
2907 1275 3104 1327 tamen
3119 1289 3180 1327 se
3195 1289 3364 1345 posse
3375 1273 3647 1345 negaret?

301 1349 490 1419 ’Δλλ³,
552 1349 628 1410 ὡς
681 1346 848 1416 ἔοικε,
914 1346 1196 1423 συμφορὰν
1254 1348 1394 1419 ἡμῖν
1450 1345 1541 1401 καὶ
1596 1346 1798 1418 ταύτην
1860 1348 1883 1402 ὁ

2071 1354 2182 1409 Sed
2212 1355 2384 1427 plane
2416 1358 2574 1414 hunc
2604 1377 2842 1432 quoque
2868 1377 3183 1415 maerorem
3213 1366 3447 1434 tempus
3472 1361 3644 1417 nobis

232 1442 435 1516 χρόνος
490 1436 830 1510 ἐταμιεύετν.
876 1434 982 1493 Καὶ
1027 1435 1134 1510 γὰρ
1196 1434 1389 1524 πρώην
1457 1434 1548 1489 τὸν
1631 1434 1883 1524 Ηλάστην

1997 1443 2285 1501 servabat.
2334 1448 2463 1503 Jam
2526 1450 2685 1505 enim
2752 1449 3090 1506 Creatorem
3148 1452 3345 1524 ipsum
3405 1451 3645 1508 funibus

230 1530 561 1602 ὶλκόμενον,
635 1524 1036 1603 γυμνούμενον,
1125 1522 1555 1599 μαστιγούμενον
1584 1526 1620 1592 ί,
1784 1528 1883 1591 τῆς

1994 1540 2379 1606 pertractum,
2413 1539 2724 1608 nudatum,
2759 1539 3011 1612 ﬂagellis
3070 1522 3312 1612 cassum,
3371 1544 3425 1612 (ο
3458 1546 3641 1608 tuam,

230 1625 349 1687 σῆς,
439 1613 710 1685 Δέσποτα,
801 1612 1181 1688 μακροθυμίας
1241 1613 1253 1667 l
1305 1612 1493 1685 νεκρὸν
1565 1611 1880 1686 ἑωράκαμεν

1994 1621 2263 1692 Domine,
2294 1626 2663 1698 "patientiam
2699 1630 2741 1698 l)
2790 1611 2862 1684 ini
2898 1629 3056 1703 ligno
3102 1611 3303 1687 crucis
3342 1611 3645 1687 mortuum
3734 1624 3737 1633 ’

226 1707 309 1762 ἐπὶ
368 1703 570 1777 ξύλου·
628 1703 719 1759 καὶ
775 1707 891 1771 νῦν,
1047 1706 1276 1793 πρᾶγμα
1340 1700 1617 1774 θαύματος
1694 1701 1879 1777 πέραί

1994 1712 2218 1783 pridem
2252 1715 2525 1774 vidimus.
2573 1720 2717 1773 Nam
2750 1735 2886 1791 ergo
2946 1699 3000 1790 (ο
3057 1719 3280 1775 factum
3333 1725 3639 1793 stuporem

223 1796 418 1869 νεκρὰν
450 1794 556 1862 τήν
585 1792 792 1848 ἐκείνου
828 1787 1037 1866 μητέρα
1080 1790 1171 1845 καὶ
1226 1785 1384 1860 ἱὸεῖν,
1439 1790 1530 1844 καὶ
1579 1793 1659 1863 τῷ
1722 1790 1880 1868 τάφῳ

1994 1818 2228 1859 omnem
2245 1805 2484 1862 vincens
2511 1806 2572 1878 ἔ),
2591 1812 2782 1863 mater
2804 1808 2931 1879 ejus
2954 1814 3011 1863 et
3026 1814 3261 1865 mortua
3278 1810 3440 1866 hisce
3454 1809 3643 1865 oculis

218 1883 465 1958 καλύψαι
495 1884 806 1959 πρόκειται.
866 1886 990 1943 Πῶς
1042 1878 1128 1955 ἄρ’
1184 1878 1248 1934 ού
1305 1876 1694 1954 ὃακρύσομεν;
1755 1883 1880 1944 Πῶς

1994 1892 2348 1963 aspicienda,
2399 1900 2457 1949 et
2505 1876 2734 1951 tumulo
2788 1876 3167 1953 recondenda
3231 1903 3452 1953 manet.
3512 1899 3637 1962 Quo

220 1976 285 2032 ού
316 1973 650 2046 στενάξομεν
689 1991 704 2041 ;
736 1975 863 2033 Πῶς
894 1970 957 2025 ού
986 1970 1350 2043 πενθήσομεν,
1388 1969 1453 2024 τὸ
1508 1967 1682 2043 γλυκὺ
1741 1972 1878 2043 φῶς,

214 2065 281 2120 τὸ
300 2063 538 2137 τερπνὸν
570 2059 752 2126 ἃνθος,
782 2059 847 2114 τὸ
896 2056 1092 2121 εὐῶδες
1155 2055 1350 2132 μύρον,
1407 2056 1501 2112 τὸν
1559 2055 1876 2132 περικαλλῆ

218 2152 500 2225 λειμῶνα,
529 2151 595 2205 τὸ
619 2146 884 2223 θεοδόχον
925 2154 1141 2218 σκῆνος,
1179 2147 1279 2214 τήν
1334 2146 1594 2224 θεοφόρον
1651 2144 1878 2225 φιάλην,

213 2243 307 2298 τὸν
371 2240 670 2317 ὀφθαλμὸν
726 2243 826 2294 τοῦ
879 2238 1115 2311 κόσμου,
1168 2235 1233 2292 τὸ
1290 2234 1736 2313 φωταυγέστατον
1792 2230 1878 2291 ἔσ-

210 2351 448 2407 οπτρον,
480 2330 551 2385 τὸ
590 2331 733 2385 θεῖον
777 2325 1111 2401 κάτοπτρον,
1148 2325 1213 2381 τὸ
1273 2321 1583 2400 παράδοκον
1638 2323 1879 2400 ἄγαλμα,

210 2423 314 2489 τήν
346 2419 635 2490 ἀλησινῆς
666 2421 798 2472 πᾶσι
848 2421 997 2486 ζωῆς
1054 2413 1252 2481 αἶτίαν,
1304 2414 1394 2468 καὶ
1450 2412 1628 2470 ἄλλου
1683 2416 1881 2476 παντὸς

206 2510 486 2579 πρόξενον
530 2507 762 2582 ἀγαθοῦ,
794 2505 902 2580 πρὸ
933 2508 1041 2559 τῶν
1068 2503 1353 2577 ἡμετέρων
1386 2501 1687 2582 ὀφθαλμῶν
1719 2500 1876 2573 ἐκδη-

208 2602 455 2671 μοῦσαν,
506 2596 869 2669 ἀπαίραυσαν,
935 2592 1373 2666 μεθισταμένην,
1441 2596 1540 2666 φεῦ
1601 2593 1613 2648 !
1672 2591 1877 2647 ἅπνοον

210 2689 465 2761 δρῶντες
491 2704 506 2753 ;
533 2689 660 2747 Πῶς
678 2682 778 2738 ούκ
798 2680 1050 2758 ἄλγεινὸν
1073 2684 1211 2755 ἡμῖν
1236 2681 1264 2736 ὁ
1286 2680 1379 2743 σὸς
1406 2680 1696 2755 χωρισμὸς
1721 2699 1735 2749 ;
1758 2686 1879 2744 Πῶς

206 2778 318 2832 οὐκ
342 2775 574 2849 ἂνιαρὸν
601 2774 901 2848 ήστέρησις
924 2791 941 2842 ς
967 2775 1091 2832 Πῶς
1122 2768 1187 2825 ού
1214 2770 1423 2844 κικρὸν,
1452 2774 1572 2832 πῶς
1599 2768 1660 2824 ού
1682 2768 1880 2848 φρίκης

207 2867 419 2942 γέμον,
475 2865 693 2941 νεκρὸν,
752 2860 1032 2933 ἀκίνητον,
1096 2856 1306 2938 ἄφωνον
1370 2860 1436 2915 τὸ
1522 2860 1882 2935 ζωοπάροχον

205 2959 413 3017 σκεῦος
445 2948 781 3026 παραδοῦναι
806 2955 887 3022 τῷ
918 2951 1071 3027 τάφῳ
1100 2970 1114 3019 ;
1150 2947 1431 3019 Σείσθητι,
1452 2954 1549 3023 γῆ,
1582 2948 1670 3003 καὶ
1731 2947 1879 3020 ἢλιε,

213 3041 628 3117 μελανδύθητι,
682 3041 773 3095 καί
833 3038 1064 3115 ούρανοῦ
1112 3038 1283 3111 τάξις,
1343 3038 1566 3113 ῥάγηθι,
1614 3037 1705 3092 καὶ
1764 3039 1882 3093 οἳαν

209 3133 307 3189 ἰπὶ
338 3136 446 3189 τοῦ
478 3133 831 3206 Μονογενοῦς
880 3128 1074 3198 αὐτῆς,
1134 3124 1223 3182 διὰ
1278 3128 1379 3194 τήν
1435 3123 1878 3204 φρικωδεστάτην

1996 1980 2197 2052 itaque
2220 1988 2391 2054 pacto
2414 2000 2448 2038 a
2470 1984 2747 2055 lacrymis
2774 1985 3236 2057 temperabimus
3265 1985 3293 2040 ?
3336 1986 3641 2052 Quomodo

1986 2071 2259 2141 suspiriis
2280 2089 2590 2143 parcemus
2614 2073 2642 2128 ?
2658 2074 2965 2139 Quomoda
2981 2073 3190 2130 abesse
3234 2080 3415 2146 queat
3435 2075 3634 2142 ﬂetus,

1986 2158 2129 2214 dum
2157 2158 2327 2216 dulce
2351 2161 2508 2217 istud
2529 2162 2752 2229 lumen,
2777 2168 3089 2219 venustum
3114 2162 3346 2232 ﬂorem,
3367 2163 3637 2236 fragrans

1986 2255 2378 2319 unguentum,
2450 2251 2922 2323 pulcherrimum
2997 2257 3257 2325 pratum,
3311 2253 3638 2309 tentorium

1990 2338 2173 2392 Deum
2206 2340 2539 2409 continens,
2571 2340 2831 2413 phialam
2849 2341 2966 2398 Deo
3004 2341 3263 2414 plenam,
3293 2342 3501 2398 mundi
3523 2342 3638 2415 (16)

1988 2427 2453 2484 nitentissimum
2482 2430 2810 2501 speculum,
2863 2431 3124 2488 divinam
3167 2431 3490 2505 imaginem
3528 2431 3640 2503 (1⁸7)

1987 2517 2375 2574 simulacrum
2406 2518 2846 2587 admirandum,
2881 2537 3031 2576 verm
3062 2522 3194 2576 vitm
3225 2521 3503 2576 omnibus
3531 2537 3640 2576 au-

1987 2607 2253 2675 ctricem,
2273 2613 2330 2662 et
2355 2609 2613 2679 cujusvis
2634 2609 2880 2663 alterius
2900 2609 3040 2664 boni
3055 2625 3296 2665 causam
3309 2625 3430 2680 prae
3452 2608 3640 2664 oculis

1988 2696 2212 2751 nostris
2242 2695 2429 2762 abire,
2451 2696 2779 2763 discedere,
2811 2698 2950 2752 hinc
2979 2699 3256 2769 migrare,
3290 2697 3442 2753 eheu
3470 2696 3482 2751 l
3517 2697 3639 2768 spi-

1987 2784 2137 2840 ritus
2158 2790 2461 2856 expertem
2484 2785 2598 2857 ipsi
2619 2785 2939 2841 viderimus
2961 2786 2989 2840 ‘2
3009 2786 3314 2851 Quomodo
3339 2802 3457 2841 non
3478 2801 3641 2841 acer-

1986 2873 2128 2929 bum
2192 2873 2361 2929 nobis
2427 2874 2606 2929 fuerit
2680 2874 2786 2931 abs
2857 2880 2914 2929 te
2986 2874 3269 2948 sejungi?
3332 2874 3637 2940 Quomodo

1988 2978 2110 3018 non
2166 2966 2439 3018 mmstum
2491 2967 2547 3018 te
2614 2962 2887 3034 privari?
2945 2961 3250 3029 Quomodo
3299 2979 3422 3019 non
3472 2979 3640 3020 ama-

1987 3067 2141 3121 rum,
2187 3050 2485 3123 quomodo
2536 3069 2657 3108 non
2714 3051 2957 3124 plenum
3007 3053 3294 3124 horroris,
3344 3069 3444 3109 vas
3486 3050 3639 3108 illud

1988 3140 2165 3197 vitam
2198 3141 2492 3213 praebens,
2526 3146 2850 3212 mortuum,
2883 3148 3050 3199 motu
3105 3158 3173 3199 ac
3202 3158 3345 3199 voce
3405 3157 3637 3209 carens,

210 3220 513 3293 νάκρωσιν,
571 3218 676 3287 τήν
734 3213 859 3286 ἴσην
899 3214 989 3269 καὶ
1044 3217 1138 3269 νῦν
1202 3212 1482 3288 βαρύτητα
1534 3218 1636 3281 τῆς
1673 3211 1880 3290 ὀφρύος

1994 3231 2314 3303 sepulturaa
2344 3231 2625 3288 tradere?
2651 3234 2961 3288 Tremores
2986 3233 3113 3306 jam
3145 3232 3324 3302 cieas,
3373 3249 3407 3288 o
3457 3237 3638 3300 terra,

213 3305 557 3379 ἐνδείξασθε.

1995 3325 2176 3393 tuque
2211 3326 2427 3392 atrum,
2461 3340 2494 3380 ο
2527 3323 2633 3391 sol,
2664 3323 2861 3379 velum
2891 3305 3150 3391 assume,
3183 3329 3243 3380 et
3288 3326 3641 3380 consuetum

1993 3410 2101 3465 tibi
2133 3411 2428 3481 ordinem,
2460 3430 2493 3468 ο
2526 3412 2762 3481 caelum,
2810 3414 3119 3486 abrumpe,
3170 3417 3231 3468 et
3278 3413 3517 3484 qualem
3565 3410 3639 3469 ad

1991 3499 2311 3555 terriﬁcam
2367 3501 2665 3573 Unigeniti
2715 3502 2845 3575 ejus
2894 3506 3169 3567 mortem,
3230 3518 3433 3574 parem
3480 3517 3641 3557 nunc

1993 3604 2228 3659 quoque
2259 3590 2708 3647 maestissimum
2738 3595 2998 3646 vestrum
3029 3590 3255 3646 luctum
3285 3589 3601 3646 ostendite.

2061 3677 2486 3735 Verumtamen
2513 3684 2591 3749 te,
2623 3696 2657 3735 ο
2687 3679 2792 3736 Dei
2810 3680 3010 3748 Mater,
3043 3678 3435 3734 inetl'abilium
3452 3678 3642 3734 hono-

1990 3783 2125 3822 rum
2152 3785 2370 3824 corona
2409 3768 2663 3840 excipiet
2690 3786 2702 3824 :
2737 3772 2793 3824 te
2825 3766 3252 3840 circumcinget
3278 3766 3485 3823 laetitia
3513 3782 3638 3821 om-

1991 3872 2129 3911 nem
2158 3857 2378 3912 mentis
2409 3861 2648 3928 captum
2681 3855 2972 3912 excedens
3001 3872 3014 3912 :
3047 3861 3103 3911 te
3139 3855 3442 3927 gaudium,
3474 3855 3643 3927 cujus

1991 3963 2333 4003 mensuram
2422 3962 2617 4017 neque
2707 3947 2942 4001 animus
3033 3946 3369 4019 concipere,
3444 3961 3640 4017 neque

1993 4035 2186 4107 eloqui
2220 4035 2425 4109 lingua
2472 4040 2686 4107 potest,
2730 4041 2787 4090 et
2827 4035 3100 4101 deducet,
3147 4040 3206 4091 et
3250 4040 3307 4091 te
3353 4035 3642 4091 eomitans

1992 4125 2466 4191 circumambiet,
2499 4129 2558 4180 et
2585 4142 2770 4197 penes
2801 4142 2862 4181 se
2884 4126 2944 4181 in
2971 4124 3188 4180 smcula
3216 4124 3563 4180 recumbere
3586 4129 3641 4179 te

1986 4214 2258 4286 jubebit:
2292 4220 2349 4269 et
2391 4213 2732 4270 laetissimus
2775 4214 3038 4286 profecto
3089 4212 3384 4285 ejusmodi
3429 4213 3641 4282 exitus,

234 4307 405 4381 θάπερ
468 4307 549 4379 μή
606 4308 793 4359 καινοῦ
846 4323 998 4367 τινος
1043 4302 1602 4379 τερατουργουμένου,
1630 4301 1723 4357 τὸν
1754 4303 1882 4378 ὂρον

1994 4308 2058 4359 ut
2085 4303 2361 4368 arbitror,
2414 4301 2619 4370 efﬁcit,
2659 4308 2727 4358 ut
2756 4308 2815 4357 et
2862 4303 2989 4358 hmo
3034 4318 3237 4358 rerum
3290 4301 3644 4358 universitas

234 4394 399 4465 σώζει
429 4394 527 4450 τὸν
556 4390 713 4451 ἴδιον,
744 4397 856 4462 Τῆς
887 4398 984 4461 σῆς
1019 4388 1067 4446 δ’
1095 4390 1156 4446 ἄν
1202 4390 1288 4461 εἲη
1348 4388 1567 4459 λοιπὸν,
1627 4393 1883 4468 θεοχαρί-

1994 4391 2332 4448 nullatenus
2356 4396 2653 4447 commota
2673 4390 2878 4457 fuerit,
2904 4391 3023 4447 imo
3046 4407 3183 4447 vero
3206 4391 3644 4463 quodammodo

231 4488 397 4554 τῶτε,
426 4481 522 4539 καὶ
551 4480 812 4555 παναγίας
840 4483 1027 4556 ψυχῆς
1055 4480 1145 4535 καὶ
1177 4477 1457 4554 δυνάμεως
1515 4480 1605 4536 καὶ
1663 4482 1726 4537 τὸ
1786 4478 1883 4536 λυ-

1994 4478 2266 4553 gaudeat,
2298 4495 2366 4536 ac
2395 4478 2575 4534 veluti
2623 4479 2774 4535 nihil
2804 4480 2937 4535 novi
2988 4496 3056 4536 ac
3102 4479 3381 4553 stupendi
3413 4485 3644 4553 agatur,

231 4578 370 4629 ποῦν
429 4575 583 4646 ἡμᾶς
644 4570 951 4642 ἐξιάσασθαι
997 4569 1179 4648 νέφος,
1232 4570 1321 4624 καὶ
1378 4570 1622 4645 χαρίτων
1652 4574 1744 4645 γεῦ
1798 4591 1883 4626 σαι

1995 4586 2101 4625 suo
2133 4587 2195 4625 se
2227 4569 2433 4625 ordine
2466 4569 2961 4636 contineat.Quod
2986 4569 3285 4642 reliquum
3317 4576 3424 4640 est,
3457 4588 3648 4643 quan-

227 4667 341 4720 τῶν
375 4668 508 4733 σῶν,
542 4660 769 4736 ἐπείπερ
813 4663 904 4715 νῦν
936 4658 993 4715 εὖ
1051 4660 1275 4738 πράττει
1320 4659 1387 4715 τὰ
1442 4659 1615 4715 πάντα
1670 4660 1761 4714 καὶ
1816 4664 1883 4735 τῇ

1994 4658 2315 4731 doquidem
2347 4663 2405 4714 et
2429 4658 2503 4715 ad
2530 4660 2848 4716 transitum
2878 4664 3049 4716 tuum
3081 4677 3242 4717 nunc
3272 4661 3475 4716 omnia
3492 4660 3644 4718 bene

231 4755 298 4828 σῇ
338 4751 692 4826 μεταστάσει.

1995 4749 2372 4821 feliciterque
2390 4749 2630 4818 habent,
2652 4750 3041 4808 sanctissimae
3057 4752 3293 4821 animm,
3316 4768 3350 4807 ο
3375 4752 3493 4807 Deo
3517 4752 3650 4808 cha-

292 3677 484 3737 Ἀλλᾶ
540 3680 600 3734 σὶ
663 3678 855 3751 μὶν,ὧ
909 3680 1044 3733 Θεοῦ
1104 3677 1317 3751 Μῆτερ,
1379 3674 1631 3753 ἆῤῥήτῶν
1663 3675 1880 3751 ἀγαθῶν

222 3770 501 3842 ἐκδέξεται
576 3767 803 3830 κύκλος*
869 3767 1000 3841 ὑπὲρ
1054 3769 1177 3821 νοῦν
1247 3764 1552 3843 εύφροσύνη
1602 3784 1885 3841 περιστοι-

228 3867 365 3935 γιεῖ·
394 3860 570 3935 χαρὰ,
601 3859 670 3928 ἧς
702 3854 826 3912 οὔτε
855 3859 981 3918 νοῦς
1018 3855 1211 3931 μὲτρον
1245 3853 1483 3927 ὠδίνειν,
1516 3850 1639 3910 οὔτε
1695 3852 1885 3931 γλῶσα

231 3951 501 4027 προάγειν
534 3945 675 4018 οἶδε,
696 3945 787 4002 καὶ
818 3945 1156 4020 προπέμψει,
1215 3944 1304 4000 καὶ
1361 3941 1740 3999 ἀκολουθοῦσα
1786 3964 1885 4000 πε-

234 4042 546 4114 ριζητήσει,
588 4036 679 4092 καὶ
734 4034 975 4098 αἷωνίως
1050 4032 1330 4090 ἀνακλινεῖ
1384 4033 1510 4107 παρ’
1567 4034 1753 4109 ὲαυτῇ’
1813 4031 1882 4089 δι’

231 4128 398 4201 ἦᾶρα
453 4129 556 4196 τήν
614 4132 717 4195 τῆς
774 4129 950 4201 χαρᾶς
1008 4118 1246 4193 ἔκϐασιν,
1305 4123 1380 4186 ὡς
1424 4122 1727 4198 ἡγούμεθα,
1761 4119 1885 4179 ὀῦτε

230 4215 358 4275 τόδε
387 4217 453 4273 τὸ
484 4221 590 4271 πᾶν
619 4214 917 4285 tamen,
975 4213 1104 4270 ἀλλ’
1154 4212 1317 4268 οἶονεὶ
1374 4212 1583 4288 χαίρει,
1638 4213 1729 4269 καὶ
1782 4234 1883 4269 κα-

1599 4906 1740 4966 Ant.
1772 4902 2071 4967 Ballerini
2098 4909 2286 4965 notat.

2000 5082 2203 5148 param
2236 5063 2497 5148 appellat
2525 5062 2822 5149 imaginem
2843 5063 3109 5133 divinam,
3138 5062 3298 5119 disce
3321 5080 3391 5119 ex
3412 5063 3643 5134 iis,qua3

2000 5137 2140 5193 allbl
2186 5137 2367 5204 (hom.
2404 5153 2462 5191 ιη
2497 5136 2647 5204 υεῳ.
2682 5138 2934 5191 Annunt.
2966 5138 2994 5204 §
3049 5138 3138 5203 21,
3172 5151 3300 5204 sup.
3355 5150 3486 5204 pag.
3518 5135 3643 5204 419)

2002 5145 2140 5193 alibi
2186 5145 2367 5206 (hom.
2404 5145 2462 5191 in
2497 5145 2647 5207 Deip.
2682 5145 2934 5191 Annunt.
2966 5145 2994 5204 ς
3049 5145 3138 5203 21,
3172 5151 3300 5207 sup.
3355 5150 3486 5207 pag.
3518 5145 3604 5190 4Ιὶ

2002 5208 2342 5286 afﬁrmavit,
2368 5207 2641 5286 videlicet
2670 5207 2731 5286 in
2760 5208 2875 5262 sola
2897 5206 3146 5286 Deipara
3166 5206 3472 5286 impletum

2004 5297 2153 5339 esse.
2189 5279 2346 5351 quod
2379 5280 2531 5333 Deus
2562 5278 2858 5351 hominem
2888 5276 3288 5351 plasmatum};
3317 5276 3465 5351 dixit
3491 5278 3643 5347 (Gen.

2002 5369 2043 5413 ι,
2080 5351 2167 5420 16)
2200 5348 2223 5404 ε’
2240 5352 2530 5405 Faciamus
2560 5348 2836 5403 hominem
2862 5348 2937 5402 ad
2964 5350 3261 5420 imaginem
3285 5355 3338 5420 et
3383 5350 3644 5405 similitu-

2002 5418 2184 5502 dinem
2217 5426 2456 5502 nostram
2482 5424 2846 5502 {propterea
2875 5418 3032 5502 quod
3063 5424 3123 5474 et
3151 5420 3210 5474 in
3242 5418 3369 5475 sola
3394 5422 3647 5502 ‘Deipara

2003 5495 2194 5564 imago
2227 5490 2329 5546 illa
2357 5506 2425 5545 ac
2447 5488 2810 5564 similitudo
2855 5488 3087 5564 nullum
3119 5507 3294 5564 passa
3325 5498 3411 5549 est
3460 5488 3648 5550 detri.

2004 5559 2296 5632 menvtum,
2339 5567 2397 5617 et
2444 5560 2505 5615 in
2526 5559 2665 5636 sola
2713 5560 2961 5632 Deipara
3001 5559 3195 5636 imago
3227 5563 3426 5622 divina
3475 5582 3645 5625 suam

2005 5630 2289 5693 assecuta
2302 5638 2393 5689 est
2411 5630 2859 5706 perfectionem.

298 5070 313 5106 ¹
341 5067 489 5125 Cod.
517 5063 1060 5139 μαστιγόμενον,εθά
1084 5069 1237 5139 post.
1264 5082 1422 5122 man.
1433 5063 1889 5139 μαστιγούμενον.

298 5138 935 5214 (151Deuminterram
948 5138 1242 5214 attraxere
1260 5138 1379 5214 illa;
1401 5138 1853 5214 vocesLuc.I,38)
1876 5154 1890 5193 :

225 5210 361 5269 Ecce
389 5212 603 5267 ancilla
619 5211 861 5277 Domini,
877 5210 1130 5277 ﬁatmihi
1150 5211 1442 5265 secundum
1462 5211 1681 5265 verbum
1715 5216 1888 5266 tuum.

294 5288 311 5345 (
322 5286 411 5355 16)
438 5281 673 5355 Recole;
689 5297 826 5355 qua:
849 5281 921 5336 de
943 5281 1054 5355 hac
1081 5281 1373 5355 sententia
1396 5281 1653 5337 diximus
1683 5282 1742 5335 in
1767 5285 1891 5355 not,

218 5356 349 5426 ad§
379 5353 455 5410 vn
483 5353 759 5426 homiliaa
796 5354 1065 5426 Theodori
1095 5353 1335 5426 Sinaitae
1369 5355 1525 5426 (sup.
1575 5369 1706 5425 pag.
1736 5354 1891 5426 A223),

215 5423 344 5484 ubi
359 5426 564 5498 palam
624 5423 866 5498 elucet,_
897 5424 1114 5479 oculum
1167 5425 1361 5498 mundi
1407 5425 1541 5480 ideo
1576 5423 1893 5498 :Virginem

222 5495 699 5576 appellari,quia
726 5495 1056 5576 cmcitatem
1089 5511 1196 5576 per
1216 5496 1476 5567 primum
1509 5495 1649 5551 Adm
1684 5495 1885 5568 pecca.

225 5565 348 5627 tum
374 5565 695 5627 induciam
728 5583 852 5623 non
885 5565 1139 5622 incurrit

290 5646 308 5705 ζ
318 5647 405 5718 17)
434 5640 593 5711 Quid
627 5638 745 5695 sibi
774 5637 913 5695 velit
942 5638 1226 5711 Isidorus,
1258 5653 1392 5695 cum
1425 5637 1724 5712 Virginem
1754 5638 1895 5695 Dei-
