4090 6208
473 320 587 384 143

1615 317 1905 412 ISlDQRl
1947 315 2708 380 THESSALONICENSlS

3773 317 3892 377 H4

468 457 726 524 rissima,
758 454 1159 527 potentiaeque
1192 458 1306 508 tuae
1329 453 1458 526 jam
1492 453 1685 521 fuerit,
1719 460 1776 510 et
1808 454 2084 523 tristitiae,
2116 469 2233 524 qua
2262 469 2372 509 nos
2401 453 2714 518 afﬁcimur,
2746 450 3055 523 disjecisse
3105 449 3354 521 nubem,
3387 452 3733 525 gratiasque
3767 457 3900 508 tuas

467 545 789 618 gustandas
821 545 992 599 nobis
1032 545 1318 614 praebere.

542 635 656 688 ΧΧ.
692 634 835 688 Cum
867 638 1065 688 autem
1099 632 1392 702 ejusmodi
1423 633 1684 704 alloquia
1713 633 2108 704 lacrymarum

2300 633 2380 688 K'.
2415 631 2539 687 Ἐπὶ
2573 627 2630 685 δὲ
2685 631 2750 684 τὰ
2805 633 3032 684 τοιαῦτα
3087 632 3461 702 προσρήματα
3522 627 3781 706 δακρυων
3836 652 3896 686 τε

472 724 628 778 rivos
661 723 1084 794 exprimerent,
1117 723 1216 793 qui
1252 723 1530 778 intimum
1579 722 1908 794 prodebant
1955 722 2120 776 dolo-

471 829 622 875 rem,
654 829 770 882 quo
804 811 983 866 divini
1015 829 1318 882 praecones
1369 813 1530 866 intus
1559 812 1905 879 urebantur,
1951 811 2122 865 beata

469 918 706 972 quoque
737 900 836 955 illa
871 902 1039 971 Virgo
1071 900 1373 972 paululum
1393 918 1598 956 eorum
1622 918 1683 956 se
1705 900 1891 956 dolori
1914 917 2122 954 conso-

467 993 662 1062 ciavit,
705 991 1110 1062 lacrymasque
1161 991 1349 1046 oculis
1398 991 1624 1046 effudit.
1685 995 1758 1044 At
1815 991 2117 1045 tristitiam

469 1098 606 1136 mox
658 1082 936 1136 vincens:
1004 1083 1130 1136 Non
1195 1079 1612 1152 lacrymarum,
1680 1079 1896 1150 inquit,
1962 1094 2120 1133 nunc

467 1176 704 1241 tempus
731 1175 841 1237 est,
873 1186 906 1224 ο
938 1169 1154 1241 egregii
1189 1169 1450 1223 ministri
1482 1169 1818 1224 communis
1849 1167 2120 1222 omnium

466 1259 726 1329 Domini,
775 1275 896 1313 non
927 1275 1104 1314 causa
1135 1259 1326 1313 luctus
1367 1258 1636 1330 migratio
1667 1273 1798 1312 mea
1829 1262 1918 1311 est
1947 1273 1960 1321 ;
1993 1273 2116 1310 non

466 1363 787 1420 provocare
835 1347 908 1402 ad
956 1348 1210 1417 gemitus
1257 1346 1433 1400 debet
1488 1346 1547 1400 in
1597 1346 1774 1401 caelos
1823 1345 2115 1413 ascensio,

465 1453 661 1508 neque
709 1454 1023 1493 mmrorem
1059 1453 1264 1508 parere
1311 1437 1382 1490 ad
1416 1437 1753 1490 Creatorem
1786 1435 2114 1504 Filiumque

464 1543 662 1582 meum
688 1526 994 1598 profectio.
1027 1526 1178 1580 lllud
1209 1541 1393 1579 unum
1424 1523 1746 1579 dolendum
1779 1525 1907 1593 fuit,
1931 1523 2116 1577 Judae-

464 1632 634 1669 orum
666 1615 944 1670 adversus
977 1614 1338 1669 Salvatorem
1387 1613 1622 1668 insania
1656 1630 1668 1666 :
1715 1613 1815 1668 illa
1871 1628 2114 1682 prorsus

463 1705 679 1771 tristia,
712 1720 780 1758 ac
809 1709 1025 1774 praeter
1057 1704 1143 1757 fas
1173 1719 1351 1756 omne
1383 1719 1450 1757 ac
1483 1702 1694 1772 legem,
1727 1701 1940 1771 quibus
1973 1701 2108 1754 odio

462 1793 690 1862 percita
719 1797 989 1846 creatura
1041 1792 1101 1845 in
1133 1792 1470 1846 Creatorem
1527 1807 1701 1844 suum
1753 1789 2116 1844 debecchata

469 1885 594 1934 est:
630 1880 728 1934 illa
759 1897 900 1935 sane
933 1881 993 1935 in
1025 1880 1378 1934 miserrimis
1425 1879 1722 1934 censenda
1754 1876 2114 1948 (Salvatoris)

2228 720 2472 795 ῥεύματα
2525 717 2950 795 προσεζήντλει,
3008 721 3039 773 ἄ
3066 727 3168 788 τῆς
3201 717 3354 774 ἔνδον
3385 721 3600 798 φλογὸς
3663 717 3896 796 ἅγγελος

2224 811 2290 878 ἦν
2319 813 2428 864 τῶν
2463 807 3174 884 θεοκηρῦκων,συνήλγησε
3234 810 3328 882 μὲν
3389 808 3479 864 ἐπὶ
3543 810 3743 884 μικρὸν
3805 811 3895 865 xui

2225 899 2260 966 ἡ
2318 897 2582 973 μακαρία,
2637 897 2728 952 καὶ
2791 897 3023 970 δάκρυον
3080 897 3342 968 ἀπέςταξε
3399 902 3510 952 τῶν
3563 896 3892 978 ὀφθαλμῶν

2223 986 2482 1060 κρείττων
2545 983 2602 1041 δὲ
2653 987 2918 1062 γενομένη
3004 990 3102 1040 τοῦ
3179 986 3409 1056 πάθους,
3479 987 3560 1044 Οὐ
3615 985 3894 1062 δακρύων,

2225 1076 2414 1151 φησὶν,
2446 1076 2682 1149 ὁπαρών
2713 1076 2926 1150 καιρὸς,
2962 1075 3158 1150 ἀγαθοὶ
3200 1081 3300 1131 τοῦ
3353 1081 3549 1132 κοινοῦ
3611 1077 3893 1133 Δεσπότου

2225 1162 2488 1220 διάκονοι·
2550 1165 2612 1220 οὐ
2665 1165 2892 1225 πένθους
2954 1165 3209 1230 ὑπόθεσις
3266 1164 3444 1238 ἡέμή
3537 1168 3892 1242 μεράστασις·

2224 1257 2290 1310 οὐ
2330 1255 2621 1325 ποιητικὸν
2682 1258 3000 1330 στεναγμῶν
3050 1257 3084 1324 ή
3140 1256 3279 1329 πρὸς
3336 1256 3604 1329 οὐρανοὺς
3665 1255 3890 1318 ἄνοδος·

2225 1343 2289 1398 οὐ
2330 1345 2626 1422 κατηφείας
2656 1344 2830 1400 αἶ’τιον
2863 1347 2898 1414 ἡ
2961 1345 3098 1420 πρὸς
3155 1341 3248 1400 τόν
3311 1345 3556 1414 Κτίστην
3615 1347 3707 1400 xci
3773 1348 3891 1402 υἱὸν

2221 1432 2357 1506 ἐμὸν
2384 1433 2762 1511 ἀναχώρησις.
2796 1434 3004 1490 Ἐκεῖνο
3040 1435 3210 1507 μόνον
3239 1438 3346 1488 τῶν
3405 1439 3756 1509 σκυθρωπῶν
3815 1435 3882 1505 ἦν

2221 1524 2256 1589 ἡ
2318 1523 2442 1596 περὶ
2490 1523 2582 1575 τὸν
2643 1524 2877 1590 Σωτῆρα
2933 1523 3193 1597 παροινία
3249 1527 3360 1578 τῶν
3415 1523 3727 1580 Ἰουδαίων
3816 1526 3886 1578 τὰ

2220 1609 2443 1686 ἀλγεινὰ
2470 1610 2664 1680 ἐκεῖνα,
2696 1611 2786 1666 καὶ
2819 1608 2975 1682 δίκης
3016 1606 3118 1682 ἔξω
3167 1614 3257 1668 καὶ
3313 1615 3525 1686 νόμων,
3595 1617 3693 1670 οἷα
3748 1615 3888 1670 κατᾶ

2217 1703 2318 1753 τοῦ
2388 1698 2639 1754 Πλάστου
2721 1701 2785 1754 τὸ
2880 1700 3117 1774 ἀπεχθὲς
3191 1698 3550 1777 έξεϐιὶκχευσε
3627 1702 3884 1778 πλάσμα.

2221 1785 2396 1842 έκεῖνο
2451 1792 2558 1841 τῶν
2619 1786 2824 1865 σφόδρα
2874 1789 3136 1863 ἀνιαρῶν,
3192 1792 3228 1859 ἡ
3287 1791 3594 1867 γύμνωσις,
3655 1794 3691 1861 ἡ
3729 1793 3891 1866 στρέ-

2223 1871 2454 1948 ϐλωσις,
2514 1879 2568 1930 αἱ
2630 1879 2910 1951 μάστιγες,
2971 1879 3022 1932 oi
3081 1877 3412 1954 ἐμπαιγμοὶ,
3469 1881 3562 1935 καὶ
3612 1880 3881 1947 τέλος,ὢ

471 1971 814 2038 denudatio,
867 1975 1113 2037 tortura,
1159 1970 1362 2040 ﬂagra,
1413 1969 1691 2034 ludibria,
1745 1985 1812 2023 ac
1857 1967 2108 2037 denique

2219 1971 2286 2039 γῆ
2321 1965 2410 2018 xui
2459 1963 2632 2036 ἣλιεέ
2695 1967 2722 2020 ὁ
2762 1965 3220 2029 ἀπευκταιότατος
3276 1968 3526 2030 θάνατος.
3592 1975 3704 2025 Ποῦ
3755 1968 3814 2025 δὲ
3844 1973 3879 2039 ἡ

420 2120 432 2130 ο
473 2076 508 2114 o
541 2064 699 2114 terra
729 2065 786 2113 et
816 2058 943 2114 sol!
981 2075 1140 2114 mors
1189 2058 1458 2114 omnium
1490 2058 1814 2113 teterrima.
1867 2057 2115 2111 Ubinam

482 2162 617 2206 vero
649 2150 870 2220 injuria
899 2150 971 2204 iis
1001 2149 1210 2205 illata?
1238 2149 1396 2204 Nihil
1427 2165 1568 2204 sane
1601 2154 1741 2202 tunc
1763 2147 2122 2214 habuerunt,

485 2241 644 2312 quod
697 2245 1122 2312 quererentur;
1174 2245 1234 2296 et
1277 2239 1702 2294 beneficiorum
1753 2236 2022 2293 cumulus
2060 2251 2128 2290 ac

482 2335 951 2401 perpetratorum
968 2329 1376 2384 miraculorum
1390 2329 1616 2384 novitas
1629 2329 1888 2383 animum
1903 2342 2130 2388 eorum,

489 2424 623 2473 utut
653 2418 1082 2489 pravissimum,
1113 2418 1186 2473 ad
1217 2419 1697 2472 emendationem
1722 2416 2133 2488 provocabant.

2227 2049 2428 2128 ὕϐριςς
2469 2057 2636 2117 ’Ένθα
2681 2051 2849 2126 μηδὲν
2909 2057 3038 2127 μήτ’
3087 2055 3336 2131 ἐγκαλεῖν
3397 2059 3577 2136 εἶχον·
3630 2061 3724 2114 καὶ
3776 2066 3886 2115 τῶν

2233 2142 2550 2218 εὐεργεσιῶν
2607 2146 2642 2213 ἡ
2697 2143 2934 2214 πληθὺς,
2992 2145 3084 2199 καὶ
3141 2148 3316 2214 ἡτῶν
3349 2148 3594 2221 σημείων
3629 2169 3888 2206 καινοτο-

2241 2233 2362 2306 μία,
2393 2231 2491 2287 κᾶν
2530 2234 2631 2302 τὴν
2663 2232 3042 2306 πονηροτάτην
3100 2233 3574 2310 ἐπηνωρθώσαντο
3633 2241 3896 2314 γνώμην.

2243 2321 2317 2376 ra
2347 2318 2403 2376 δὲ
2437 2323 2552 2394 μετ’
2582 2319 2758 2376 ἐκεῖνα
2784 2322 2873 2376 xui
2903 2319 3027 2398 περί
3057 2325 3206 2396 ἡμᾶς
3238 2322 3410 2380 πάντα
3460 2326 3629 2402 χαρὰ,
3688 2325 3898 2400 ἡδονή,

2245 2411 2453 2482 τέρψις,
2485 2411 2669 2484 ἑορτή,
2698 2409 2864 2480 λευκή
2898 2432 2983 2473 τις
3013 2413 3215 2486 ἡμέρα.

478 2508 616 2572 Qua;
646 2523 820 2577 porro
848 2507 1162 2562 subsecuta
1191 2512 1329 2562 sunt
1359 2507 1538 2562 etiam
1571 2506 1766 2577 quoad
1796 2522 1924 2573 nos,
1956 2503 2160 2559 omnia
2187 2501 2488 2572 gaudium,
2530 2500 2908 2574 voluptatem,
2933 2503 3398 2574 jucunditatem,
3429 2505 3702 2576 lmtitam,
3736 2526 3903 2566 sere-

476 2613 621 2652 num
654 2596 971 2666 quemdam
1004 2597 1160 2651 diem
1193 2597 1430 2651 habent.

546 2683 696 2748 Quid
756 2684 963 2738 enim?
1017 2685 1229 2738 Annon
1289 2689 1526 2739 sanctos
1585 2683 1826 2754 angelos
1879 2681 2122 2737 cernitis

473 2788 636 2826 nunc
667 2772 943 2826 alacriter
958 2773 1356 2840 advenientes,
1384 2779 1442 2827 et
1471 2773 1670 2826 la'tum
1697 2772 1838 2843 quid
1860 2770 2122 2840 undique

473 2859 865 2931 eXplicantes,
887 2877 1000 2932 quo
1033 2866 1092 2915 et
1121 2861 1587 2916 dulcedinemet
1608 2859 2124 2932 benignitatemet

470 2949 778 3004 lenitatem
809 2967 929 3020 prae
962 2955 1149 3004 semet
1177 2949 1397 3017 ferunt,
1448 2951 1659 3020 hisque
1692 2967 1800 3005 nos
1843 2949 2118 3004 suaviter.

473 3038 878 3108 alloquuntur,
923 3045 982 3093 et
1031 3040 1238 3110 ingens
1268 3039 1432 3109 quid,
1493 3056 1688 3094 meum
1737 3054 1952 3109 nempe
1983 3038 2120 3094 hinc

474 3125 798 3182 discessum
825 3127 1134 3182 nuntiant?
1157 3131 1369 3182 Annon
1394 3129 1692 3199 justorum
1711 3128 1918 3182 videtis
1950 3142 2118 3180 exer—

2303 2685 2321 2700 '
2352 2681 2398 2736 II
2430 2676 2538 2754 οὺχ
2567 2681 2727 2754 ὁρᾶτε
2768 2684 2860 2734 νῦν
2916 2677 3183 2758 φαιδροὺς
3237 2681 3370 2745 τοὺς
3415 2685 3596 2756 ἱεροὺδ
3647 2707 3898 2764 παραγεο

2229 2767 2485 2840 νομένους
2526 2767 2814 2844 ἀγγέλους,
2857 2769 2949 2824 xui
2998 2768 3357 2846 πολλαχόθεν
3401 2775 3465 2828 τὸ
3516 2775 3712 2849 χάριεν
3772 2775 3895 2832 ἐπι-

2231 2856 2628 2932 δεικνυμένους,
2661 2857 2732 2912 δι’
2763 2860 2838 2914 ὧν
2868 2881 2928 2914 τε
2957 2862 2992 2929 ἡ
3022 2860 3300 2934 γλυκύτης
3331 2863 3423 2917 καὶ
3480 2867 3544 2918 τὸ
3603 2868 3888 2938 προσηνὲς

2227 2947 2409 3010 αὐτοῖς
2466 2947 2786 3018 ἐπικάθηται
2843 2949 2935 3004 καὶ
3000 2955 3197 3024 πρᾶον,
3247 2952 3339 3006 καὶ
3391 2949 3460 3007 δι’
3493 2953 3566 3008 ὧν
3591 2955 3732 3026 ἡμῖν
3779 2954 3892 3026 ἡδὺ

2226 3035 2625 3112 προσλαλοῦσι,
2657 3037 2746 3092 καὶ
2779 3039 2920 3112 ἱερὸν
2953 3061 3005 3094 τι
3031 3047 3226 3114 χρῆμα
3281 3043 3384 3110 τήν
3447 3039 3716 3116 ἐκδημίαν
3780 3067 3896 3119 μη-

2225 3127 2442 3182 νύουσιν
2473 3147 2487 3198 ;
2519 3127 2641 3202 Οὐχ
2672 3127 2831 3199 ὁρᾶτε
2861 3128 3112 3203 στρατιὰν
3169 3133 3278 3185 τῶν
3335 3127 3585 3198 δικαίων,
3643 3133 3891 3210 λαμπρὰ

474 3216 1000 3286 citum,splendore
1019 3217 1514 3279 circumamietos.
1530 3233 1596 3272 ac
1614 3217 1790 3272 veluti
1815 3216 2108 3282 salientes,

2227 3211 2732 3290 περιϐεϐλημένην,
2763 3216 2853 3272 καὶ
2902 3217 3016 3272 οἷον
3075 3223 3404 3293 σκιρτῶσαν,
3462 3219 3882 3296 ἀγαλλομενην,

473 3305 1052 3372 exsultantes,amice
1067 3305 2118 3376 alloquentes,meamquedissolutio-

471 3411 610 3450 nem
635 3395 1085 3466 exspectantes?
1121 3395 1281 3450 Haud
1306 3401 1772 3450 consentaneum
1798 3401 1886 3448 est
1915 3395 2112 3465 igitur,

473 3501 507 3540 a
536 3485 928 3556 prmsentibus
977 3492 1035 3540 et
1081 3486 1305 3558 angelis
1355 3491 1413 3539 et
1458 3487 1679 3540 sanctis
1723 3485 1962 3540 dissona
2007 3501 2112 3540 seu

470 3575 692 3629 sentire
723 3591 829 3630 seu
849 3591 1150 3647 peragere,
1172 3574 1466 3628 auttlendi
1488 3591 1554 3628 ac
1580 3573 1945 3628 lamentandi
1971 3579 2111 3628 tem-

465 3681 577 3737 pus
608 3681 848 3719 censere
881 3669 1020 3718 tunc
1049 3663 1278 3729 adesse,
1313 3680 1540 3734 quanco
1587 3664 1854 3718 cwlestes
1903 3680 2109 3716 omnes

463 3753 643 3810 simul
675 3771 807 3808 cum
831 3754 1104 3809 Creatore
1136 3753 1402 3808 laetitiam
1425 3759 1604 3825 agunt
1629 3769 1641 3818 ;
1665 3769 1858 3823 neque
1889 3769 1997 3823 par
2019 3757 2110 3807 est

454 3843 736 3916 lugubres
760 3848 966 3898 cantus
989 3843 1285 3914 persequi,
1313 3843 1548 3914 quando
1570 3842 1786 3896 festum
1811 3859 1942 3896 cum
1966 3857 2104 3913 gau-

456 3933 554 3988 dio
578 3932 994 3988 celebrandum
1019 3938 1126 3986 est.
1155 3931 1320 3986 Haud
1351 3948 1588 4002 mquum
1613 3936 1720 3995 est,
1754 3931 1878 3986 haec
1900 3930 2102 4001 quovis

452 4022 662 4096 plausu
685 4028 862 4092 atque
885 4021 1279 4076 exsultatione
1295 4021 2100 4092 splendidioralacrymarum

453 4112 742 4169 etfusione
788 4110 1157 4176 obnubilare,
1211 4127 1406 4182 neque
1455 4110 1565 4164 vile
1607 4109 1750 4179 quid
1793 4126 1860 4164 ac
1911 4109 2102 4164 tristia

451 4208 651 4263 mente
701 4201 921 4275 agitare
966 4206 1068 4256 aut
1113 4200 1275 4271 loqui
1328 4199 1616 4272 congruit,
1670 4199 1811 4253 dum
1871 4199 2098 4254 ratione

452 4294 736 4352 ineffabili
770 4298 830 4350 et
859 4310 988 4365 quae
1019 4294 1199 4348 Deum
1231 4293 1456 4356 deceat,
1505 4309 1663 4347 nunc
1709 4307 1944 4362 quoque
1971 4291 2098 4362 ipse

452 4386 626 4440 nobis
655 4402 918 4457 prmsens
938 4385 1138 4440 cumin
1156 4402 1404 4440 numero
1424 4385 1737 4456 spirituum
1770 4383 2097 4438 caelestium

455 4473 721 4528 exercitu
749 4473 990 4528 Creator
1009 4473 1194 4537 adest,
1229 4481 1292 4529 ut
1325 4474 1488 4536 mihi,
1523 4479 1581 4529 et
1610 4474 1848 4545 quidem
1881 4474 2095 4528 iterum

2227 3308 2450 3382 θυμήρη
2483 3307 3029 3385 προσφφεγγομένην,
3061 3309 3150 3362 καὶ
3179 3311 3280 3378 τὴν
3310 3308 3448 3382 ἐμὴν
3506 3308 3892 3387 ἐκδεχομένην

2225 3395 2481 3450 ἀνάλυσιν
2517 3415 2529 3463 ;
2563 3397 2680 3451 Οὐκ
2711 3393 2810 3468 ἄρα
2829 3397 3082 3452 τάναντία
3129 3398 3221 3452 καὶ
3267 3404 3488 3474 φρονεῖν
3544 3401 3638 3454 καὶ
3699 3409 3884 3458 ποιεῖν

2222 3488 2328 3539 τῶν
2375 3485 2692 3562 έςεστώτων
2751 3485 2841 3538 xxi
2901 3483 3142 3562 ἀγγέλων
3200 3486 3291 3541 xui
3341 3488 3512 3562 ἁγίων
3573 3498 3883 3564 προσῆκεν,

2221 3574 2282 3628 οὐ
2332 3571 2636 3649 τραγῳδίας
2725 3573 2913 3647 καιρὸν
2988 3575 3228 3629 τίθεσθαι
3289 3577 3378 3630 καὶ
3438 3573 3726 3651 ὀδυρμῶν,
3789 3581 3885 3636 ὅτε

2220 3664 2510 3743 συγχαίρει
2576 3669 2656 3736 τῷ
2705 3661 2920 3738 Ηλέστῃ
2985 3663 3052 3718 τὰ
3124 3665 3484 3740 ὑπερκόσμια·
3565 3669 3700 3744 οὐχ,
3791 3671 3888 3727 ὅτι

2216 3754 2600 3828 πανηγυρίζειν
2676 3749 2784 3807 ἔδει
2887 3753 3231 3832 χαρμόσυνα,
3370 3757 3628 3825 «moi/sim
3728 3756 3888 3830 ᾠδὴν

2219 3837 2623 3906 ἀναϐάλλεαθαι
2658 3845 2791 3916 χρή.
2825 3843 2903 3900 Οὐ
2934 3843 3000 3897 τὰ
3056 3843 3258 3915 κρότου
3316 3844 3520 3906 παντὸς
3577 3847 3671 3900 καὶ
3723 3868 3884 3921 σκιρ-

2211 3933 2476 4004 τημάτων
2537 3929 2898 4006 λαμπρότερα
2965 3931 3188 4007 έκχύσει
3290 3935 3510 4007 θρήνων
3587 3934 3880 4012 ἀμαυροῦν

2213 4022 2377 4096 ἄξιον·
2456 4022 2556 4078 οὐκ
2622 4021 2846 4098 ἆῤῥήτω
2910 4023 3124 4098 τρόπῳ,
3189 4023 3281 4078 καὶ
3308 4025 3412 4096 οἳῳ
3445 4028 3563 4096 Θεῷ
3601 4035 3880 4102 προσῆκε,

2209 4117 2306 4169 τοῦ
2348 4111 2582 4168 Κτίστου
2637 4111 2728 4166 καὶ
2781 4115 2869 4166 νῦν
2923 4114 3060 4184 ἡμῖν
3119 4109 3437 4168 ἐπιστάντος
3501 4116 3619 4188 μεθ’
3673 4115 3880 4191 ὑπερα-

2207 4201 2395 4259 πείοου
2453 4205 2704 4277 στρατιᾶς
2759 4199 3086 4274 νοουμένης,
3145 4202 3218 4263 ὡς
3279 4199 3338 4256 ἄν
3401 4223 3495 4276 μοι
3553 4204 3649 4258 καὶ
3696 4206 3878 4276 αὖθις,

2209 4294 2299 4346 οἷα
2344 4288 2586 4361 δυνατὸς,
2647 4295 2824 4364 χαρᾶς
2891 4289 3154 4364 μεγαλεῖα
3199 4293 3436 4366 ποιήσῃ,
3499 4295 3758 4350 ταπεινόν
3820 4317 3876 4350 τι

2207 4382 2500 4436 καὶταῦτα
2553 4384 2665 4435 τῶγ
2721 4377 3015 4434 ἐπωδύνων
3075 4385 3225 4434 νοοῖν
3285 4377 3321 4449 ἤ
3375 4381 3706 4458 φθέγγεσθαι
3763 4381 3880 4440 δεῖο

2207 4467 2542 4546 ἀγάλλεσθαι
2570 4465 2626 4522 δὲ
2681 4467 2930 4542 μᾶλλον,
2988 4466 3078 4523 xui
3140 4469 3418 4541 μουσικῶς
3449 4471 3741 4542 τερετίζειν
3774 4471 3877 4527 εὗ·-

451 4562 646 4634 prouti
666 4567 874 4632 potens
890 4562 1282 4633 est,gaudium
1303 4563 1888 4634 magniﬁcentissime
1903 4563 2097 4618 confe-

2219 4561 2442 4638 ρρόσυνα
2471 4556 2698 4614 δίκαιονσ
2732 4559 2818 4614 ’ὁτι
2851 4563 2939 4612 xui
2986 4557 3092 4612 ἅπὸ
3121 4563 3219 4613 τοῦ
3269 4563 3360 4614 νῦν
3415 4560 3469 4614 αἱ
3527 4563 3708 4634 γενεαὶ
3771 4568 3882 4616 τιτᾶ-

450 4657 575 4718 rat;
609 4651 726 4706 imo
753 4668 886 4706 vero
920 4651 1214 4707 exsultare
1257 4651 1511 4723 expedit,
1544 4658 1602 4706 et
1650 4653 1800 4708 laetis
1830 4650 2091 4707 modulis

451 4741 683 4796 cantica
738 4740 1120 4813 permiscere,
1183 4741 1664 4812 quandoquidem
1722 4747 1783 4797 et
1831 4759 1900 4796 ea:
1946 4758 2092 4798 nunc

445 4834 824 4902 generationes
873 4847 1054 4886 omnes
1095 4847 1178 4886 me
1225 4831 1438 4886 beatam
1475 4831 1656 4886 dicent
1689 4830 1754 4898 1⁸,
1805 4835 1864 4885 et
1913 4847 2093 4903 ange-

440 4921 638 4978 lorum
669 4920 987 4978 multitudo
1037 4938 1171 4976 cum
1218 4920 1570 4976 sublimibus
1625 4920 1866 4990 hymnis
1914 4937 2092 4976 causa

437 5010 625 5066 nostri
672 5011 877 5082 utique
923 5008 1314 5064 exsultatione
1365 5009 1594 5082 gestiet,
1651 5013 1706 5060 et
1757 5006 2088 5064 humanum

432 5103 561 5174 pari
584 5101 760 5159 modo
779 5117 964 5174 genus
985 5100 1364 5174 congaudens
1379 5100 1610 5155 sonoris
1629 5099 1869 5154 vocibus
1885 5099 2088 5156 laudes

432 5208 596 5248 meas
611 5191 924 5264 praecelsas
948 5190 1288 5246 celebrabit.
1314 5188 1479 5255 Quod
1499 5190 1545 5244 si
1563 5188 1749 5257 vobis,
1773 5206 1805 5243 ο
1825 5189 2086 5246 Creatori

432 5279 1090 5352 conjudices,discessio
1116 5297 1247 5336 mea
1270 5279 1412 5350 quid
1441 5281 1604 5336 triste
1625 5279 1798 5336 modo
1822 5278 2082 5348 videtur;

433 5372 494 5422 at
512 5367 585 5422 ad
608 5368 846 5425 brevem
877 5370 1106 5436 horam,
1142 5371 1359 5442 quippe
1391 5369 1490 5440 qui
1513 5369 1705 5424 adhuc
1738 5368 1857 5441 legi
1889 5370 2086 5426 carnis

433 5453 694 5524 obnoxii,
725 5458 838 5515 hoc
869 5458 1240 5516 sustinebitis
1265 5476 1279 5527 ;
1313 5457 1489 5532 paulo
1538 5463 1674 5531 post
1703 5475 1858 5530 vero,
1903 5459 2083 5516 etiam

503 5605 548 5645 ⁸⁸
579 5606 696 5666 Luc
724 5625 765 5681 ι,
805 5610 896 5666 48.

2205 4671 2292 4706 σαι
2329 4648 2656 4724 μακαριοῦσι
2691 4669 2781 4722 με,
2811 4649 2898 4703 xui
2929 4646 3066 4703 νόων
3105 4648 3200 4722 μὶν
3233 4646 3449 4718 πληθὺς
3483 4651 3579 4704 σὺν
3633 4649 3880 4724 ᾅσμασιν

2207 4738 2442 4814 ὑψηλοῖς
2530 4738 2660 4812 ὑπὲρ
2752 4739 2914 4810 ἡμῶν
3009 4739 3312 4814 σκιρτήσει,
3387 4739 3716 4815 ἀνθρωπίνη
3807 4740 3876 4800 δὶ

2200 4828 2422 4905 γλῶττα
2457 4827 2666 4905 μεγάλα
2715 4827 2926 4901 ὁμοίως
2982 4827 3192 4902 ἠχήσει
3249 4827 3502 4905 ἐγκώμια
3565 4830 3870 4904 χαίρουσα.

2201 4919 2266 4976 Ei
2297 4917 2344 4974 δ’
2375 4919 2526 4992 ὑμῖν,
2553 4917 2598 4972 ὦ
2629 4916 2972 4973 συνδικασταὶ
3001 4922 3099 4972 τοῦ
3158 4917 3435 4990 Πλάστου,
3493 4923 3588 4976 ὧν
3638 4922 3876 4997 ἀνιαρὸν

2198 5011 2232 5078 ἡ
2268 5007 2624 5082 ἅναχώρησις
2659 5003 2830 5074 δοκεῖ,
2864 5004 2992 5061 ἀλλ’
3024 5005 3112 5062 ἐπὶ
3167 4996 3365 5082 μικρὸν
3396 5011 3583 5074 τοῦτο,
3644 5009 3722 5072 ὡς
3775 4996 3873 5066 ἔτι

2197 5102 2278 5170 τῷ
2313 5104 2414 5166 τῆς
2441 5097 2638 5170 σαρκὸς
2667 5093 2877 5150 εἷ’κουσι
2907 5095 3084 5170 νόμῳ·
3123 5096 3257 5169 μετᾶ
3305 5097 3488 5173 βραχὺ
3540 5094 3618 5167 δὲ,
3683 5101 3875 5170 μήπω

2197 5188 2406 5254 καὶτῆς
2435 5189 2536 5262 γῆς
2569 5185 2876 5255 ἐκστάντες,
2935 5183 3097 5259 πείρᾳ
3147 5185 3212 5242 τὸ
3273 5193 3374 5256 τῆς
3416 5193 3597 5262 χαρᾶς
3657 5187 3877 5244 εἴσεσθε

2200 5277 2446 5354 μέγεθος’
2506 5276 2596 5331 καὶ
2648 5275 2747 5344 τὴν
2805 5273 3038 5330 ἐντεῦθεν
3107 5275 3445 5353 εὐφροσύνην
3527 5278 3620 5332 xui
3649 5275 3874 5334 καλλο-

2194 5368 2316 5436 νὴν,
2371 5367 2464 5422 καὶ
2517 5367 2581 5420 τὸ
2641 5364 2785 5443 μέγα
2849 5371 2949 5436 τῆς
3014 5363 3259 5436 ἀληθοῦς
3315 5362 3522 5436 ἡδονῆς
3581 5365 3874 5440 πέλαγος,

2194 5457 2436 5532 ἐξυμνεῖν
2492 5455 2602 5537 οὐχ
2659 5455 2766 5511 οἷοί
2813 5475 2874 5511 τε
2939 5450 3142 5522 ἔσεσθε.
3200 5451 3355 5513 Ἀλλ’
3391 5455 3530 5534 ὣρα,
3563 5455 3748 5538 φίλοι,
3797 5462 3874 5538 τῇ
