4090 6208
224 402 350 463 145

1184 396 1457 459 SERMO
1498 396 1572 458 IN
1620 395 2191 460 DORMITIONEM
2235 401 2306 461 B.
2350 402 2424 463 V.
2471 400 2770 464 MARUE.

3538 400 3652 463 146

214 538 319 588 τοῦ
394 534 756 605 Δημιουργοῦ
832 527 1224 604 λειτουργῆσαι
1299 528 1588 605 ψήφῳοκαὶ
1644 529 1707 582 τὸ
1787 529 1879 599 μὲν

1998 531 2069 586 ab
2098 532 2206 587 hac
2232 538 2385 588 terra
2408 534 2672 589 nondum
2696 534 2936 606 egressi,
2963 533 3418 605 amplitudinem
3442 536 3646 607 gaudii

214 622 354 694 ἐμὸν
415 621 572 693 ὑμεῖς
618 624 782 690 σῶμα
840 617 931 672 καὶ
980 615 1303 687 κηδεύσατε,
1361 617 1451 670 καὶ
1508 616 1886 690 συγκαλύψατε

219 712 406 783 τάφιιν
461 711 488 764 ὃ
546 706 605 763 δὲ
656 708 918 777 Πλάστης
947 707 1037 761 καὶ
1098 707 1222 769 Υἱὸς
1268 706 1400 780 ἐμὸς
1434 708 1749 781 θεοπρεπῶς
1780 727 1891 760 πα-

218 799 534 874 ραλήψεται
570 798 633 853 τὸ
665 802 905 871 πνεῦμα.

2006 622 2257 692 experiri
2310 624 2625 694 incipietis,
2680 624 3062 694 laetitiamque
3122 640 3188 679 ac
3238 626 3648 695 praestantiam

2003 716 2180 780 atque
2227 713 2585 767 immensum
2638 731 2757 767 non
2808 730 2967 767 vana)
3015 713 3337 784 voluptatis
3384 714 3628 787 pelagus

2003 802 2161 870 quod
2180 802 2392 856 exinde
2411 808 2941 874 consequetur,nec
2956 803 3255 857 celebrare
3275 803 3517 873 quidem
3536 821 3643 875 pro

219 892 438 946 merito
469 896 562 945 sat
595 889 889 944 valebitis.
920 887 1033 944 Sed
1085 886 1211 959 jam
1257 888 1405 942 hora
1449 891 1554 951 est,
1590 904 1622 941 ο
1681 885 1901 955 dilecti,
1928 891 2217 944 Creatoris
2274 908 2480 961 parere
2538 893 2863 957 voluntati;
2898 898 2955 946 et
2998 909 3098 945 vos
3155 892 3397 961 quidem
3429 909 3643 965 corpus

219 998 425 1036 meum
460 988 517 1035 et
549 979 854 1046 curabitis,
889 994 956 1033 ac
984 978 1256 1049 sepulcro
1284 976 1653 1041 recondetis;
1686 977 1959 1047 spiritum
1992 996 2126 1032 vero
2157 978 2396 1034 Creator
2425 998 2489 1035 ac
2524 982 2703 1035 Filius
2732 998 2899 1035 meus
2932 980 3209 1036 divinitus
3242 982 3514 1052 excipiet.

481 1069 607 1124 Ἐπὶ
669 1067 888 1128 τούτοις
953 1066 1213 1142 εὐλογίας
1248 1064 1432 1127 αὐτοῖς
1506 1068 1539 1133 ἡ
1617 1065 1883 1141 πάναγνος

214 1157 559 1231 μεταδίδωσι
589 1160 681 1217 καὶ
710 1160 806 1219 τάς
839 1156 1021 1232 ψυχάς
1066 1156 1143 1218 εἰς
1190 1157 1254 1213 τὸ
1302 1157 1491 1234 χάριεν
1541 1154 1879 1229 μετατίθησι·

214 1249 344 1303 πᾶσί
408 1269 470 1302 τε
525 1247 753 1320 εἰρήνην
828 1244 1120 1321 ἐπεύχεται
1176 1245 1268 1299 καὶ
1322 1246 1391 1299 τὰ
1457 1248 1722 1317 σωτήριω
1792 1243 1880 1299 καὶ

192 1336 350 1408 μετὰ
395 1340 574 1391 τοῦτο
625 1333 815 1389 λύεται
871 1335 966 1408 μὲν
1021 1336 1057 1404 ἡ
1115 1334 1347 1409 παναγία
1396 1334 1549 1408 ψυχὴ
1580 1337 1676 1388 τοῦ
1708 1353 1880 1387 πανα-

200 1428 477 1502 γεστάτου
531 1427 790 1497 σώματος
845 1423 1070 1495 ἐκείνου,
1125 1428 1245 1485 ταῖς
1292 1420 1350 1477 δὲ
1392 1426 1489 1477 τοῦ
1553 1426 1878 1496 μονογενοῦς

197 1515 373 1584 αύτῆς
406 1516 502 1570 καῖ
530 1513 973 1587 παντοκράτορος
1005 1511 1262 1567 ἐντίθεται
1294 1512 1506 1590 χερσίν.

265 1606 370 1662 Ἦν
409 1602 506 1658 οῦν
543 1601 682 1658 ἰδεῖν
713 1602 869 1667 εὐθὺς
908 1603 978 1656 τά
1030 1606 1139 1656 τῶν
1191 1600 1539 1676 Θεοκηρύκων
1596 1599 1707 1653 ὦτα
1738 1598 1873 1654 ἐκείι-

188 1715 295 1749 νων
330 1696 535 1767 ῧμνων
588 1691 843 1769 ἀρρήτων
896 1691 1147 1766 ἀοράτως
1215 1689 1598 1764 πληρούμενα.
1636 1690 1735 1743 Καὶ
1766 1689 1871 1764 γὰρ

188 1786 253 1853 ἦν
313 1784 345 1838 ὀ
416 1783 593 1855 μέσον
654 1782 890 1856 οὐρανοῦ
944 1781 1036 1835 καὶ
1095 1786 1202 1855 γῆς
1257 1784 1445 1853 χῶρος
1496 1778 1871 1855 ἀγιοπρεποῦς

192 1875 336 1934 ἅπας
374 1869 676 1948 συλλόγου
729 1868 939 1946 γέμων,
989 1869 1043 1924 οἳ
1094 1870 1183 1923 καί
1232 1874 1311 1940 τῷ
1361 1863 1603 1941 Δεσπότῃ
1646 1867 1864 1944 φέροντι

185 1963 295 2030 τήν
361 1960 514 2015 Θείαν
590 1958 798 2028 ἐκείνην
856 1960 1040 2033 ψυχὴν
1109 1957 1393 2031 συνῄεσαν,
1453 1956 1572 2030 ἱερὰ
1625 1954 1861 2029 ᾄσματα,

187 2051 370 2127 λόγου
423 2051 682 2125 κρείττω,
732 2047 823 2103 καὶ
876 2047 1042 2121 μέλος
1082 2046 1390 2122 ἐλέγχοντα
1436 2051 1562 2115 πᾶν,
1595 2050 1663 2119 τῇ
1719 2052 1862 2100 Παν-

184 2143 422 2213 σμώμῳ
479 2141 574 2194 καὶ
636 2140 817 2212 Μητρὶ
887 2142 986 2193 τοῦ
1043 2142 1177 2192 Θεοῦ
1233 2137 1417 2213 Λόγου
1474 2132 1860 2208 προσᾴδοντες.

178 2232 476 2294 Ἐντεῦθεν
532 2230 589 2282 αἱ
644 2228 914 2304 γνώριμοι
974 2232 1083 2281 τῶν
1136 2224 1390 2297 ᾀσμάτων
1450 2224 1668 2280 ἐκείνων
1703 2226 1861 2280 ἀκοαὶ

177 2319 405 2390 ἡδονήν
484 2315 772 2392 ἐδέχοντο,
830 2318 1105 2392 ἁγιασμοῦ
1167 2313 1402 2388 πλήρεις
1456 2314 1715 2391 ἐγίνοντο,
1770 2314 1861 2369 καὶ

180 2407 372 2464 ούκὲτ’
424 2408 576 2484 ἄγειν
636 2406 792 2481 εἶχον
851 2403 1086 2479 σχολήν·
1146 2401 1413 2458 διανίσθαι
1473 2401 1530 2459 δὲ
1583 2403 1678 2465 τὰς
1729 2403 1859 2457 Eat}-

177 2503 299 2553 τῶίν
374 2497 569 2571 ψυχάς
644 2495 697 2548 οἱ
774 2492 1074 2548 ἀπόστολοι
1150 2492 1569 2567 παρεσκεύαζον,
1629 2496 1748 2553 τοῖς
1803 2511 1861 2545 τε

176 2586 387 2646 ἆύλοις
419 2587 668 2648 κάτωθεν
717 2580 985 2654 συνᾴδειν,
1035 2580 1364 2652 κατάλληλά
1391 2602 1450 2636 τε
1477 2586 1594 2642 τοῖς
1626 2581 1859 2652 νοουμέ-

176 2697 325 2743 νοες,
392 2676 471 2738 ὡς
534 2672 788 2739 δυνατὸν,
846 2673 936 2726 καὶ
1013 2670 1376 2746 προσπλέκειν
1433 2670 1523 2724 καὶ
1583 2670 1860 2744 συμφθεγ-

178 2767 405 2841 γεσθαι,
441 2762 685 2837 μελέτην
708 2762 962 2817 ἐτίθεντο.

2067 1071 2207 1125 XXI.
2236 1073 2371 1125 Post
2403 1072 2525 1126 haec
2558 1071 3037 1126 benedictionem
3083 1073 3166 1126 eis
3194 1074 3512 1143 purissima
3543 1074 3640 1129 illa

1995 1159 2277 1229 impertit,
2301 1176 2732 1229 mterroremque
2753 1176 2956 1215 eorum
2979 1160 3039 1213 in
3059 1160 3321 1215 lzetitiam
3342 1167 3639 1217 transmu-

1994 1252 2095 1313 tat,
2130 1253 2187 1302 et
2218 1249 2491 1302 omnibus
2522 1266 2727 1320 pacem
2767 1254 3044 1318 precatur
3072 1265 3139 1302 ac
3187 1249 3459 1305 salutem.
3489 1252 3633 1305 Tum

1990 1351 2125 1388 vero
2175 1351 2208 1389 a
2262 1336 2659 1389 sacratissimo
2708 1336 2805 1390 illo
2854 1352 3096 1407 corpore
3147 1336 3393 1391 solvitur
3435 1338 3636 1393 anima

1988 1423 2383 1486 sanctissima,
2412 1430 2586 1494 atque
2619 1424 2907 1495 unigeniti
2960 1430 3017 1479 et
3047 1426 3470 1497 omnipotentis
3503 1427 3631 1498 ejus

1986 1515 2113 1568 Filii
2149 1515 2422 1570 manibus
2455 1516 2765 1587 excipitur.

2057 1605 2221 1660 Ilicet
2250 1622 2386 1679 ergo
2419 1622 2661 1661 cernere
2688 1612 2814 1661 erat
2845 1606 3180 1661 divinorum
3211 1607 3447 1662 illorum
3478 1625 3631 1679 pra:-

1983 1709 2197 1748 conum
2242 1712 2414 1750 aures
2463 1696 2962 1750 inenarrabilibus
3015 1695 3289 1751 melodiis
3346 1697 3629 1753 invisibili

1980 1784 2156 1838 modo
2204 1790 2516 1839 recreatas.
2566 1786 2862 1849 Quantum
2912 1785 3071 1839 enim
3113 1785 3324 1839 cmlum
3372 1787 3529 1841 inter
3558 1803 3626 1842 ac

1979 1875 2198 1926 terram
2225 1873 2484 1927 medium
2511 1874 2765 1944 spatium
2792 1875 3122 1944 interjacet,
3147 1879 3331 1929 totum
3366 1875 3624 1946 splendi-

1973 1960 2045 2015 do
2073 1962 2385 2016 tenebatur
2434 1967 2772 2017 sanctorum
2821 1962 3074 2033 agmine,
3110 1963 3210 2033 qui
3261 1963 3440 2017 simul
3484 1981 3621 2019 cum

1971 2050 2217 2104 Domino
2249 2050 2507 2104 divinam
2539 2051 2703 2105 illam
2754 2051 3012 2105 animam
3062 2051 3288 2107 ferente
3323 2053 3612 2108 ascende-

1966 2138 2127 2207 bant,
2163 2143 2221 2193 et
2248 2139 2818 2193 lmmaculatissimaa
2868 2139 2955 2193 illi
2988 2155 3054 2193 ac
3084 2140 3185 2193 Dei
3245 2140 3411 2194 Verbi
3445 2142 3612 2195 Matri

1968 2243 2135 2282 sacra
2160 2228 2391 2283 cantica
2442 2228 2689 2299 quodvis
2740 2227 2928 2283 melos
2978 2228 3275 2283 vincentia
3322 2245 3389 2284 ac
3419 2230 3611 2286 verbis

1967 2332 2087 2371 non
2112 2316 2433 2385 efferenda,
2459 2316 2940 2374 modulabantur.
2970 2316 3058 2371 Ad
3080 2318 3256 2372 hosce
3274 2334 3448 2388 porro
3472 2336 3611 2374 con-

1967 2412 2175 2461 centus
2220 2407 2463 2462 auribus
2515 2408 2895 2478 excipiendos
2944 2406 3210 2477 admissi,
3237 2407 3613 2477 jucunditate

1968 2496 2503 2567 perfundebantur,
2565 2499 2789 2553 sanctis
2844 2497 3232 2569 replebantur
3317 2499 3612 2569 sensibus,

1967 2604 2158 2658 neque
2181 2588 2437 2660 amplius
2452 2590 2579 2659 jam
2598 2589 2818 2643 inertes
2839 2590 3069 2644 trahere
3088 2605 3285 2644 moras
3305 2596 3608 2660 poterant;

1966 2677 2067 2731 sed
2093 2695 2229 2732 suas
2257 2679 2508 2748 quisque
2532 2678 2938 2749 apostolorum
2963 2678 3193 2732 animas
3217 2679 3476 2733 excitare
3501 2685 3612 2733 sat-

1966 2765 2236 2837 agebant,
2264 2771 2321 2820 et
2351 2766 2422 2820 ab
2456 2766 2547 2819 his
2579 2764 2714 2820 imis
2743 2782 2877 2819 suas
2904 2764 3242 2820 cmlestibus
3274 2782 3443 2821 voces
3464 2766 3607 2837 jun-

177 2872 348 2929 gere,
384 2860 445 2909 et
477 2858 661 2925 prout
690 2853 842 2906 vires
873 2850 1111 2919 dabant,
1146 2849 1352 2906 laudes
1397 2849 1490 2917 iis,
1520 2866 1649 2920 quae
1698 2866 1839 2906 aure
1871 2853 2294 2924 percipiebant,
2349 2859 2780 2908 consentaneas
2812 2858 3009 2907 texere
3060 2858 3119 2908 et
3157 2853 3335 2908 simul
3372 2854 3607 2926 hymnis

182 2943 485 3017 plaudere
516 2940 858 2996 studebant.

257 3032 360 3087 Διᾶ
421 3035 598 3086 ταῦτα
653 3029 745 3083 καὶ
799 3029 828 3082 ὁ
887 3028 1187 3099 θαυμάσιος
1245 3026 1526 3103 Ἰερόθεος,
1570 3030 1705 3083 κατὰ
1758 3030 1850 3084 τὸν

178 3125 333 3177 θεῖον
404 3120 584 3175 εἰπεῖν
653 3115 957 3185 Διονύσιον,
1027 3114 1085 3178 ὅς
1150 3116 1287 3191 ἅπερ
1351 3117 1584 3190 ἑώρακεν
1641 3117 1853 3193 ἀπαρά-

177 3232 406 3287 γραπτα
478 3212 768 3282 μαρτυρεῖ,
837 3203 1083 3278 ’ἔκδημος
1139 3205 1357 3280 γέγονεν
1426 3206 1580 3277 ὅλος,
1644 3206 1852 3277 ἐξιστά-

181 3320 348 3372 μενος
430 3298 656 3366 ἑαυτοῦ,
734 3296 833 3363 τήν
906 3295 1039 3368 πρὸς
1110 3294 1177 3348 τὰ
1273 3294 1582 3368 ὑμνούμενα
1652 3316 1847 3351 κοινω·

177 3389 301 3443 vim
381 3388 648 3461 πάσχων,
737 3384 830 3439 καὶ
921 3384 1054 3457 πρὸς
1130 3383 1342 3439 πάντων
1443 3386 1517 3438 ὧν
1618 3386 1850 3454 ἠκούετο

172 3477 269 3531 καὶ
327 3477 573 3549 ἑωρᾶτο,
649 3473 739 3527 καὶ
823 3472 1146 3545 ἐγινώςκετο
1208 3474 1297 3528 καὶ
1356 3472 1455 3528 οὐκ
1513 3473 1851 3547 ἐγινώσκετο,

173 3565 503 3635 θεόληπτος
578 3563 713 3617 εἶναι
789 3561 879 3616 καὶ
955 3565 1101 3623 θεῖος
1202 3563 1520 3637 κρινόμενος
1610 3563 1851 3636 ὑμνολό-

173 3677 275 3732 τος
436 3660 504 3711 Ὀ
537 3651 605 3721 ’δὴ
665 3653 761 3707 καὶ
817 3656 946 3705 πᾶσι
1005 3649 1191 3706 δοῦναι
1249 3653 1351 3707 οὐκ
1379 3653 1599 3714 ἀπεικὸς
1630 3658 1745 3712 τοῖς
1775 3656 1854 3724 τῷ

184 3747 498 3818 ζωαρχικῷ
546 3741 638 3796 καὶ
687 3738 937 3814 θεοδόχῳ
984 3738 1379 3815 συνδραμοῦσιν
1418 3741 1608 3814 ἒκείνῳ
1638 3742 1852 3814 σώματι

182 3834 279 3887 καὶ
309 3839 429 3887 τῶν
459 3831 726 3906 οὐρανίων
753 3831 1097 3903 αἰσθομένοις
1129 3827 1438 3903 ὑμνῳδιῶν.

264 3924 387 3979 ΚΗ.
420 3921 559 3979 Τίνα
612 3920 714 3996 γὰρ
776 3921 853 3991 μὴ
913 3919 1126 3998 χαίρειν
1187 3919 1275 3973 καὶ
1319 3925 1530 3995 κροτεῖν
1561 3920 1651 3974 καὶ
1682 3939 1854 3993 προσ-

180 4017 373 4084 υμνεῖν
425 4006 490 4063 ἃν
548 4008 739 4079 ἐκίνει,
797 4009 885 4063 καὶ
943 4014 1062 4070 τοῖς
1123 4006 1362 4082 ὑψηλοῖς
1411 4010 1598 4063 ποθεῖν
1627 4008 1851 4063 συντάτ-

176 4104 367 4156 τεσθαι
422 4096 732 4171 μελῳδοῖς,
810 4097 919 4174 εἲγε
993 4097 1113 4167 ἐνῆν
1191 4097 1520 4173 ἀφίπτασθαι
1568 4099 1667 4161 τῆς
1723 4105 1849 4173 γῆς,

178 4192 251 4245 ὧν
298 4191 334 4244 ά
364 4186 578 4258 διειδής
636 4188 775 4255 ἂκοή
825 4188 919 4248 τὰς
961 4187 1226 4261 ἐμμελεῖς
1278 4187 1487 4249 ἐκείνας
1540 4186 1630 4242 καὶ
1685 4187 1852 4261 ὑπερ-

182 4286 340 4359 γυεῖς
376 4276 676 4352 ὑπεδέχετο
706 4276 1049 4352 ἱερουργίας,
1080 4271 1141 4337 ἃς
1174 4271 1465 4350 Χερουϐίμ
1508 4296 1567 4331 τε
1616 4277 1708 4330 καὶ
1760 4282 1853 4330 Σε-

184 4369 391 4447 ραοὶμ,
441 4368 534 4421 καὶ
565 4370 602 4436 ἡ
635 4365 906 4442 ἀγγελική
956 4370 1101 4419 πᾶσα
1146 4361 1532 4437 διακόσμησις,
1565 4358 1642 4419 ἔτι
1676 4362 1732 4419 δὲ
1761 4363 1849 4419 καὶ

183 4461 221 4527 ἡ
283 4464 396 4511 τῶν
452 4457 824 4532 πρωτοτόκων
879 4452 1143 4526 ἐκκλησία
1219 4454 1355 4509 κατᾶ
1418 4455 1509 4509 τὸν
1583 4455 1849 4529 μακάριον

189 4546 436 4616 Παῦλον,
505 4546 595 4616 εἴη
664 4543 713 4599 δ’
780 4545 840 4599 ἄν
890 4549 1050 4600 τοῦτο
1106 4549 1462 4619 πατριαρχῶν
1511 4544 1685 4623 ψυχαὶ
1761 4543 1852 4598 καὶ

188 4642 495 4716 προερητῶν
558 4640 704 4709 ὁμοῦ
754 4635 844 4689 καὶ
903 4632 1125 4689 δικαίων
1183 4639 1289 4689 τῶν
1351 4635 1851 4708 ἀπογεγραμμένων

1443 3386 1517 3438 ὧν

2035 3034 2317 3101 Quocirca
2345 3038 2401 3088 et
2430 3033 2812 3089 admirandus
2845 3033 2940 3088 ille
2973 3033 3329 3090 Hierotheus
3361 3037 3445 3100 (ut
3474 3052 3605 3090 ver-

1964 3123 2052 3178 bis
2073 3128 2208 3179 utar
2233 3122 2412 3178 divini
2446 3123 2704 3194 Dionysii
2734 3123 2796 3192 ίτ,
2822 3123 2920 3193 qui
2944 3139 3032 3192 ea,
3058 3140 3189 3194 quae
3212 3124 3335 3195 ipse
3355 3124 3605 3194 viderat,

1963 3212 2193 3268 sincere
2241 3213 2515 3283 testatur)
2543 3220 2686 3269 totus
2734 3219 2893 3267 extra
2920 3229 2975 3267 se
3017 3219 3211 3283 raptus
3250 3216 3348 3281 est,
3400 3216 3608 3285 quippe

1964 3305 2061 3372 qui
2113 3303 2186 3357 ad
2241 3319 2325 3371 ea,
2388 3318 2509 3371 quae
2563 3303 2918 3369 canebantur,
2974 3303 3373 3372 participanda
3420 3306 3609 3371 fuerat

1964 3391 2223 3457 adscitus,
2253 3397 2304 3445 et
2351 3391 2418 3445 ab
2468 3391 2740 3460 omnibus,
2767 3407 2802 3445 a
2851 3392 3049 3461 quibus
3088 3391 3415 3446 audiebatur
3443 3398 3492 3447 et
3522 3394 3607 3445 vi-

1962 3480 2193 3533 debatur
2220 3482 2330 3534 sive
2350 3482 2492 3533 notis
2510 3482 2620 3534 sive
2645 3480 2872 3549 ignotis,
2896 3480 3086 3535 divino
3106 3484 3330 3536 numine
3350 3484 3604 3551 afﬂatus,

1961 3569 2287 3638 diuinusque
2310 3569 2563 3623 laudator
2582 3569 2917 3623 censebatur.
2944 3568 3109 3632 Quod
3130 3568 3369 3639 quidem
3390 3570 3604 3623 merito

1963 3660 2019 3711 et
2045 3656 2115 3710 de
2146 3656 2393 3726 reliquis
2424 3656 2698 3710 omnibus
2748 3656 3205 3711 existimandum
3248 3660 3354 3721 est,
3390 3656 3489 3725 qui
3530 3656 3604 3710 ad

1961 3761 2174 3816 corpus
2228 3746 2394 3811 illud,
2468 3745 2600 3799 vitae
2681 3744 3039 3816 principium
3116 3744 3338 3813 Deique
3395 3760 3601 3814 capax,

1960 3838 2366 3898 accurrerunt,
2400 3838 2459 3887 et
2488 3832 2754 3887 cmlestes
2786 3831 2937 3885 illos
2969 3830 3209 3885 audiere
3255 3836 3601 3886 concentus.

2032 3922 2199 3976 XXII.
2236 3922 2304 3974 Et
2333 3937 2475 3974 sane
2509 3921 2642 3989 quis
2672 3936 2792 3975 non
2824 3918 2897 3973 ad
2929 3918 3345 3974 collaetandum
3377 3935 3604 3990 permo-

1959 4016 2217 4075 veretur,
2251 4014 2308 4063 et
2337 4008 2411 4063 ad
2456 4007 2883 4080 plaudendum,
2916 4007 3239 4079 laudesque
3280 4008 3601 4078 canendas,

1960 4116 2028 4155 ac
2078 4099 2403 4157 cmlestium
2456 4098 2690 4153 illorum
2749 4103 3170 4165 concentuum,
3217 4098 3514 4168 siquidem
3572 4115 3605 4153 θ

1960 4194 2119 4243 terra
2148 4188 2379 4243 avolare
2411 4188 2498 4242 fas
2548 4194 2725 4255 esset,
2768 4182 3166 4259 exoptandum
3214 4187 3602 4254 consortium,

1961 4276 2196 4346 quando
2219 4275 2525 4347 perspicue
2556 4275 2898 4329 ferebantur
2924 4275 2998 4329 ad
3021 4290 3225 4328 aurem
3253 4274 3603 4329 suivissimm

1960 4365 2075 4419 illas
2108 4380 2173 4418 ac
2201 4381 2472 4435 supernas
2507 4363 2863 4434 hymnodize,
2897 4380 3042 4433 quas
3072 4367 3130 4416 et
3172 4361 3513 4426 Cherubim,
3548 4366 3607 4417 et

1960 4454 2290 4525 Seraphim,
2316 4460 2374 4507 et
2403 4470 2610 4508 omnes
2638 4453 2985 4525 angelorum
3011 4452 3268 4519 ordines,
3292 4468 3526 4507 necnon
3548 4455 3607 4507 et

1952 4543 2388 4615 primitivorum,
2430 4543 2601 4614 juxta
2652 4542 2893 4597 beatum
2943 4542 3190 4597 Paulum
3243 4540 3308 4610 '3,
3356 4541 3605 4608 ecclesia,

1960 4635 2174 4690 animae
2207 4634 2453 4701 scilicet,
2478 4639 2540 4687 ut
2571 4638 2733 4705 puto,
2759 4633 3230 4704 patriarcharum
3262 4638 3319 4688 et
3344 4632 3602 4703 prophe-

193 4730 243 4784 ἐν
302 4728 585 4803 οὐρανοῖς,
641 4728 713 4799 τῇ
783 4724 1041 4801 πανάγνῳ
1114 4724 1203 4778 καὶ
1269 4720 1641 4797 θεοειδεστάτῃ
1698 4723 1852 4799 ψυχῇ

1975 4740 2154 4779 sarum
2188 4723 2365 4778 simul
2396 4729 2454 4777 et
2476 4723 2777 4793 justorum
2809 4724 3077 4779 omnium
3100 4724 3161 4780 in
3193 4726 3353 4782 cmlis
3380 4728 3603 4783 descri-

189 4817 516 4877 καλλιεπιῖκ
567 4836 629 4871 τε
685 4814 778 4869 καὶ
836 4811 1198 4892 ἠδυφθόγγως
1255 4809 1480 4886 ἐπῇδον,
1541 4813 1629 4867 καὶ
1690 4808 1852 4886 ἔμελ-

190 4928 312 4977 πον,
367 4907 458 4960 καὶ
522 4903 760 4977 σεμνῶς,
818 4902 1275 4979 τελετουργικῶς,
1334 4900 1588 4977 ἀρρήτως
1641 4900 1852 4981 ἐξύφαι·

189 5017 323 5065 νον;
381 4998 514 5053 “Οτε
554 4993 648 5048 καὶ
709 4997 807 5047 τοῦ
867 4994 1223 5066 Δημιουργοῦ
1280 4991 1714 5065 προερχομένου,
1759 4992 1852 5045 σὺν

188 5084 363 5161 ἦδονῇ
393 5106 454 5140 τε
480 5082 718 5156 πλείστῃ
778 5080 868 5136 καὶ
933 5078 1256 5157 ἀγαλλιάσει
1299 5081 1400 5149 τήν
1442 5082 1855 5152 παναμώμητον

187 5182 286 5246 τῆς
316 5175 484 5230 αὐτοῦ
537 5172 764 5244 Μητρὸς
819 5164 1075 5248 φέροντος
1108 5171 1319 5244 ψυχήν,
1350 5171 1416 5239 ἧς
1448 5164 1563 5227 οὗθ’
1590 5167 1852 5246 ἡδύτερον

261 5299 304 5334 ³⁷
333 5299 414 5354 De
446 5296 565 5351 div.
600 5293 833 5350 nomin.
865 5307 994 5363 cap.
1026 5293 1078 5348 3.
1156 5288 1204 5326 ¹⁸
1234 5290 1408 5346 Hebr.
1441 5307 1541 5360 xu,
1568 5292 1656 5346 23.

1962 4819 2221 4885 ptorum,
2244 4812 2578 4884 purissima}
2602 4812 2685 4866 illi
2708 4829 2773 4867 ac
2797 4813 2912 4867 Deo
2936 4814 3230 4869 similimaa
3254 4817 3467 4871 anima;
3491 4817 3603 4889 (18)

1964 4903 2272 4957 concinnis
2302 4918 2369 4957 ac
2402 4901 2571 4956 dulce
2598 4902 2947 4956 sonantibus
2970 4902 3208 4959 vocibus
3235 4905 3528 4960 canebant
3548 4911 3605 4959 ct

1963 4992 2443 5057 modulabantur,
2478 4998 2535 5045 et
2565 4991 2781 5045 decora
2812 4989 3090 5062 quadam,
3123 4999 3347 5058 sancta,
3395 4993 3604 5047 ineffa-

1962 5082 2184 5152 bilique
2222 5082 2451 5137 ratione
2502 5080 2845 5135 harmoniae
2894 5080 3333 5135 contexebant‘?
3360 5080 3604 5145 Quando

1963 5173 2237 5228 Creatore
2269 5172 2396 5243 ipso
2419 5174 2721 5242 prweunte
2748 5174 2805 5224 et
2827 5184 3060 5225 summa
3080 5185 3215 5223 cum
3231 5168 3605 5240 jucunditate

1553 5419 1695 5479 Ant.
1727 5416 2026 5479 Ballerini
2057 5421 2244 5477 notas.

253 5559 319 5627 (ι’)
358 5558 421 5613 In
454 5555 640 5612 editis
673 5552 924 5627 Dionys._
947 5545 1263 5627 ὑμνολόγος
1293 5547 1629 5627 κρινόμενος.

255 5622 364 5699 (t8)
398 5628 545 5708 Vide
574 5641 761 5708 quam
785 5622 1508 5708 sgpiusauctor‘inwlcat
1528 5624 1848 5708 maximam

193 5692 359 5758 illam
380 5692 644 5775 Virginis
668 5712 807 5754 cum
830 5692 948 5752 Deo
970 5692 1446 5765 similitudinem,
1473 5712 1651 5766 quam
1676 5696 1848 5752 modo

1960 5548 2376 5622 quidemcum
2399 5562 2630 5622 summa
2661 5544 2966 5622 conjungit
2987 5546 3264 5617 puritate,
3287 5546 3431 5605 alias
3461 5566 3602 5609 vero

1959 5617 2293 5703 expressius
2323 5619 2572 5703 dixerat,
2597 5618 2659 5672 in
2682 5617 3055 5703 immunitate
3079 5636 3315 5693 quoque
3341 5638 3376 5677 a
3396 5625 3601 5703 quavis

1959 5689 2252 5767 spirituali
2286 5691 2664 5764 corruptione
2695 5706 2763 5747 ac
2793 5689 2925 5747 labe
2956 5689 3545 5767 esse‘reponendam.
