4090 6208
229 376 352 438 “9

226 507 440 582 ψυχᾶς,

225 597 453 669 κειμένη
481 593 572 650 καὶ
610 592 695 650 ἐπ’
743 592 913 669 ὤμων
943 593 1243 674 φερομένη,
1273 599 1675 673 προσεχορήγει
1707 620 1765 655 τε
1796 600 1885 655 καὶ

226 685 562 759 κατῴγαζε.

294 959 417 1014 ΚΔ’.
448 957 535 1016 Τὰ
566 956 627 1013 δὲ
662 960 756 1029 ἦν,
818 959 893 1023 ὡς
950 957 1003 1015 ἐν
1060 958 1227 1014 εἰκόνι
1265 966 1663 1036 σκιαγραφῆσαι
1699 964 1885 1035 μικρᾷ,

221 1048 324 1102 ὅσα
352 1046 621 1123 περὶτῆς
678 1049 1039 1120 πανυμνήτου
1093 1048 1185 1103 καὶ
1243 1049 1296 1104 οὶ
1344 1048 1516 1104 πάλαι
1547 1050 1888 1129 προέγραφον

214 1134 406 1202 τύποι,
468 1137 647 1206 σκηνή
696 1136 788 1190 καὶ
839 1131 1097 1205 κιϐωτὸς,
1151 1137 1240 1192 καὶ
1320 1137 1556 1211 τρόπαια
1609 1138 1885 1200 Μωυσέως

217 1225 307 1280 καὶ
338 1227 547 1299 τέρατα
577 1226 668 1279 καὶ
717 1224 918 1299 τᾶλλα,
980 1222 1051 1281 δι’
1095 1226 1171 1282 ὦν
1232 1221 1512 1298 Ἑϐραίοις
1567 1225 1657 1282 καὶ
1710 1225 1776 1296 ἦν
1822 1228 1886 1283 τὸ

215 1318 418 1387 σεμνὸν
478 1316 574 1369 καὶ
632 1312 833 1385 ἐδόκει,
883 1314 974 1371 καὶ
1055 1316 1156 1370 ὅσα
1210 1320 1513 1393 προφητῶυ
1570 1314 1887 1389 ἐμπνεύσεις

210 1405 676 1479 θεουργικώτατα
734 1402 1155 1460 διεγωδώνισανο
1215 1405 1334 1459 εἶτα
1388 1404 1479 1460 καὶ
1535 1405 1602 1459 τὰ
1658 1402 1886 1479 λαμπρὰ

204 1494 327 1549 κατ’
385 1492 566 1562 αὐτ-ἦν
624 1494 823 1562 ἐκεῖνα,
898 1494 1050 1558 ’ὅπως
1133 1492 1184 1565 ἐξ
1271 1493 1574 1569 ἀνθρώπων
1656 1491 1887 1567 ὑψηλῶς

203 1583 522 1659 προῆλθεν,
568 1580 769 1647 ἄϐατος
842 1583 900 1639 ὅν
950 1584 1081 1657 ᾤκει
1132 1585 1326 1657 τόπος,
1378 1581 1530 1647 ὅπως
1591 1583 1883 1659 οὐρανόθεν

204 1674 491 1753 ἐτρέφετο,
553 1674 677 1736 οἷος
737 1672 1027 1748 ἀσπασμὸς
1084 1671 1141 1729 ὅν
1203 1671 1441 1745 ἐδέξατο,
1503 1674 1532 1727 ὁ
1606 1673 1884 1751 ὑπερφυὴς

202 1764 293 1819 καὶ
356 1764 650 1842 ἄφραστος
675 1765 837 1826 τόκος
896 1763 1117 1833 ἐκεῖνος,
1193 1764 1257 1819 τὸ
1312 1764 1582 1836 ἡμέτερον
1640 1761 1670 1818 ὅ
1713 1783 1884 1836 παρα-

1151 372 1420 435 SERMO
1460 374 1543 437 IN
1586 374 2145 440 DORMITIONEM
2191 379 2260 440 Β.
2308 379 2379 442 ν.
2427 380 2719 444 ΜΑΒΙᾹ.

533 509 896 581 μουσουργεῖν
964 505 1281 581 θεοπρεπῶς
1362 508 1623 575 ὑπεκίνει,
1696 508 1786 565 καὶ
1846 511 1879 582 ἡ

2014 514 2201 571 instar
2220 515 2429 588 plectri
2459 532 2665 574 eorum
2694 518 2926 576 animas
2956 522 3125 592 quasi
3169 523 3420 582 totidem
3466 528 3655 588 citha-

3542 395 3663 459 150

2005 620 2100 659 ras
2130 603 2477 675 pulsans,ad
2508 606 2937 663 modulandum
2954 608 3232 666 divinitus
3254 618 3654 688 permovebat,

2003 696 2181 765 atque
2203 694 2330 765 ipsa
2365 695 2552 767 Virgo,
2586 713 2717 768 quae
2740 698 3002 770 jacebat,
3035 716 3362 775 eorumque
3389 706 3653 766 humeris

1997 782 2358 855 gestabatur,
2408 784 2706 842 mentibus
2746 803 2951 843 eorum
3009 789 3212 846 lumen
3269 794 3653 870 adspergens,

1999 872 2367 944 suggerebat.

2068 961 2250 1016 XXIV,
2293 963 2497 1027 Porro,
2529 968 2596 1017 ut
2634 979 2840 1020 eorum
2886 966 3059 1023 breve
3092 969 3333 1027 schema
3370 973 3653 1032 exhibea-

1998 1065 2151 1116 mus,
2190 1051 2484 1122 ejusmodi
2514 1051 2759 1109 fuerunt
2787 1062 3080 1128 quotquot
3139 1058 3209 1115 de
3240 1060 3653 1123 laudatissima

1996 1136 2235 1211 Virgine
2266 1145 2325 1194 et
2380 1145 2606 1197 veteres
2660 1144 3117 1216 prmfigurabant
3174 1149 3316 1220 typi,
3377 1152 3652 1211 videlicet

1999 1227 2472 1298 tabernaculum,
2508 1235 2565 1285 et
2595 1247 2752 1301 arca,
2784 1238 2843 1287 et
2901 1240 3121 1307 tropaaa
3150 1238 3383 1309 Moysis,
3431 1246 3490 1296 et
3517 1259 3647 1314 por-

1996 1321 2183 1385 tenta,
2244 1323 2303 1373 et
2359 1318 2610 1389 reliqua,
2697 1337 2950 1392 quorum
3007 1326 3195 1397 gratia
3265 1328 3647 1388 Hebraeorum

1997 1407 2305 1479 Synagoga
2370 1411 2428 1462 et
2477 1413 2603 1464 erat
2656 1415 2713 1465 et
2786 1412 3108 1482 putabatur
3172 1419 3529 1489 veneranda,
3590 1427 3649 1478 et

1997 1511 2367 1567 quaecunque
2391 1496 2761 1555 divinissima
2791 1500 2974 1556 afﬂati
3026 1504 3329 1575 prophetae
3359 1508 3648 1579 praedica—

1995 1591 2206 1640 verunt
2237 1586 2351 1658 (21)
2384 1602 2396 1641 :
2429 1587 2643 1643 deinde
2669 1594 2726 1644 et
2754 1590 3043 1660 praeclara
3071 1592 3196 1662 illa,
3220 1612 3352 1665 quas
3401 1597 3648 1670 impleta

1995 1673 2059 1728 in
2090 1674 2218 1746 ipsa
2245 1674 2502 1745 fuerant,
2526 1677 2676 1731 ratio
2708 1694 2923 1751 nempe
2949 1681 3235 1751 praecelsa
3259 1682 3396 1757 (22),
3428 1703 3547 1758 qua
3575 1704 3648 1743 ex

1994 1763 2339 1820 hominibus
2371 1772 2499 1822 orta
2526 1767 2739 1837 fuerat,
2776 1769 3116 1828 inaccessus
3165 1775 3418 1848 (templi)
3457 1777 3644 1847 locus,

206 1849 385 1921 δόξως
432 1859 565 1925 παρ’
595 1850 765 1920 αὐτῆς
815 1853 844 1906 ὁ
904 1849 1160 1954 Ῐέλάστης
1209 1847 1607 1925 περιεϐάλλετο
1654 1848 1878 1925 ἔνδυμα,

1994 1871 2172 1926 quem
2204 1856 2656 1926 inhabitaverat,
2690 1858 2967 1927 caelestis,
3000 1879 3118 1933 quo
3177 1847 3404 1922 nutrita
3426 1867 3642 1937 fuerat,

205 1942 239 2008 ἦ
271 1942 457 2010 καινή
484 1942 536 2013 γ’
571 1939 621 2012 ἐξ
655 1939 823 2009 αὐτῆς
852 1935 1161 1995 ἐκϐλύσασα
1207 1940 1287 2012 τῷ
1346 1943 1684 2017 Δημιουργῷ
1748 1940 1880 2015 τρά-

202 2038 368 2100 πεζα.
409 2032 578 2105 Ἐμοὶ
611 2028 815 2101 δοκεῖν,
876 2032 1000 2107 περὶ
1058 2032 1225 2101 αὐτῆς
1271 2030 1441 2105 μόνης
1476 2032 1567 2086 καὶ
1647 2032 1675 2086 ὁ
1734 2037 1877 2095 θεῖος

200 2121 499 2197 προέφησε
561 2117 752 2191 Δαϐἰὸ,
846 2122 893 2177 εί
952 2124 1039 2177 καὶ
1093 2127 1254 2177 πᾶσιν
1322 2121 1574 2195 ἐπᾴδεται
1628 2126 1741 2193 νῦν,
1793 2124 1876 2194 τὸ,

197 2213 493 2286 Μακάριοι
557 2213 609 2265 οἱ
668 2210 897 2285 ἄμωμοι
944 2211 995 2266 ἐν
1061 2208 1197 2285 ὁδῷ,
1283 2212 1336 2267 οἱ
1405 2212 1765 2287 πορευόμενοι
1829 2211 1881 2267 ἐν

192 2303 357 2373 νόμῳ
428 2302 664 2375 Κυρίοψ
724 2300 979 2376 μακάριοι
1054 2302 1105 2356 οἱ
1163 2300 1543 2377 ἐξερευνῶντες
1604 2301 1671 2356 τὰ
1743 2321 1883 2377 μαρ-

188 2392 357 2464 τὸρια
423 2389 618 2459 αὐτοῦ,
695 2389 749 2444 ἐν
808 2388 914 2464 ὅλῃ
974 2387 1175 2464 παρδίᾳ
1251 2390 1644 2461 ἐκζητήσουσιν
1696 2386 1877 2448 αὐτόν.

190 2479 319 2538 Τίνι
382 2481 492 2557 γὰρ
585 2479 647 2535 ἄν
708 2478 1045 2555 οἰκειότερον
1110 2480 1146 2549 ἢ
1206 2483 1276 2555 τῇ
1349 2480 1609 2557 πανάγνῳ
1663 2478 1880 2556 γένοιτο

192 2573 376 2625 ταῦτα
411 2589 427 2637 ;
459 2571 564 2626 Ἠν
596 2569 657 2623 ἄν
721 2568 825 2645 ἄρα
878 2569 1168 2625 καὶτοῦτο
1227 2569 1289 2625 οὗ
1350 2570 1558 2647 φαῦλον
1610 2570 1686 2632 είς
1727 2567 1881 2625 α’ίνου

194 2660 548 2734 προσθήκην
597 2664 715 2721 τοῖς
790 2660 1129 2733 θεοκήρυξιν.
1212 2663 1332 2715 Ἔτι
1405 2656 1485 2729 δὲ,
1569 2660 1705 2715 κατὰ
1786 2661 1877 2715 τὸν

196 2749 359 2822 ἱερὸν
456 2747 768 2818 Διονύσιον,
849 2749 949 2818 τήν
1054 2745 1487 2823 ἆπειροδύναμον
1570 2748 1883 2825 ἀγαθότητα

195 2846 310 2907 τῆς
414 2840 725 2913 θεαρχικῆς
832 2836 1089 2911 ἐξύμνουν
1197 2838 1492 2901 ἀσθενείας·
1584 2835 1753 2908 δηλοῖ
1826 2834 1883 2893 δὶ

196 2932 403 2995 τοῦτο,
477 2930 617 3002 ἅπερ
668 2928 696 2982 ὁ
755 2926 888 3001 ἐμὸς
952 2929 1168 2999 Ἰησοῦς
1226 2924 1297 2983 δι’
1354 2927 1451 3000 ἐμὲ
1505 2928 1573 2983 τὰ
1624 2924 1883 2983 πάνδεινα

200 3017 390 3073 ἐκεῖνα
472 3017 569 3072 καὶ
684 3011 1126 3091 ὑϐριστικώτατα
1233 3015 1600 3096 ἐφιλοσόφησε
1708 3018 1878 3088 πάθη.

198 3110 455 3166 Τοιαῦτα
485 3105 694 3177 τοίνυν,
742 3108 833 3161 καὶ
893 3106 968 3168 ὡς
1023 3108 1160 3175 ἡμῖν
1214 3105 1458 3180 ἐξυμνεῖν
1515 3104 1614 3161 οὐκ
1669 3101 1764 3175 ἔνι,
1820 3106 1883 3162 τὸ

198 3199 315 3273 γὰρ
342 3197 521 3252 εἰπεῖν
555 3197 758 3251 ἱκανῶς
790 3202 893 3265 τῆς
946 3195 1161 3251 ἐκείνων
1220 3192 1390 3251 δεῖται
1450 3201 1658 3273 φώνῆς,
1727 3195 1881 3271 ἱερο-

198 3291 433 3361 πρεπῶς
463 3285 598 3359 ἄγαν
641 3286 694 3340 οἱ
747 3283 995 3358 λαμπροὶ
1054 3284 1431 3359 νεκροπομποὶ
1464 3282 1877 3359 δοξολογοῦντες

200 3374 437 3449 διῂεσαν
462 3375 563 3444 τὴν
595 3370 746 3431 ὁδόν.

1993 1944 2180 2011 cibus,
2215 1944 2516 2013 salutatio,
2549 1962 2667 2017 qua
2691 1947 2885 2003 fuerat
2942 1950 3251 2019 honorata,
3285 1962 3640 2025 supernatu-

1983 2032 2126 2088 ralis
2157 2033 2256 2088 ille
2296 2038 2473 2104 atque
2505 2034 2824 2091 ineffabilis
2872 2043 3097 2109 partus,
3139 2040 3489 2111 humanum,
3519 2062 3635 2115 quo

1987 2139 2057 2178 ex
2084 2123 2213 2195 ipsa
2269 2124 2510 2179 Creator
2564 2125 2715 2181 miro
2773 2127 2948 2183 modo
2992 2128 3470 2187 circumamictus
3523 2138 3636 2203 est,

1985 2213 2427 2279 indumentum,
2486 2230 2723 2282 novum,
2792 2216 2950 2287 quod
2993 2217 3065 2273 ab
3118 2219 3246 2291 ipsa
3297 2220 3633 2289 effluxerat,

1986 2304 2247 2395 Qi'eatori
2279 2303 2653 2395 alimentum.
2695 2307 2785 2371 Et,
2817 2311 2882 2361 ut
2912 2307 3058 2362 mihi
3093 2309 3335 2380 quidem
3381 2312 3635 2395 videtur,

1987 2393 2059 2449 de
2098 2394 2227 2465 ipsa
2259 2393 2386 2449 sola
2406 2394 2639 2450 divinus
2678 2395 2858 2451 David
2883 2397 3234 2455 vaticinatus
3255 2400 3406 2457 illud
3422 2393 3638 2463 fuerat,

1987 2482 2145 2554 quod
2170 2489 2369 2539 tamen
2404 2482 2476 2539 de
2508 2484 2788 2540 omnibus
2846 2502 3009 2543 nunc
3056 2488 3188 2543 cani
3241 2489 3438 2545 solet:
3485 2493 3643 2547 Beati

1986 2573 2332 2627 immaculati
2360 2574 2419 2626 in
2448 2574 2559 2639 via,
2593 2572 2694 2643 qui
2749 2574 3038 2630 ambulant
3086 2578 3145 2631 in
3195 2577 3311 2647 lege
3369 2579 3644 2644 Domini;

1987 2662 2134 2717 beati
2209 2662 2308 2731 qui
2399 2667 2722 2718 scrutantur
2771 2662 3085 2719 testimonia
3165 2667 3301 2735 ejus,
3392 2668 3449 2721 in
3529 2674 3643 2724 toto

1987 2749 2149 2805 corde
2170 2751 2472 2820 exquirunt
2499 2766 2620 2805 eum
2653 2749 2721 2804 ³ο.
2780 2751 2860 2806 De
2918 2768 3036 2822 quo
3094 2753 3258 2808 enim
3310 2771 3646 2827 congruen-

1985 2838 2126 2908 tius,
2160 2855 2339 2910 quam
2366 2838 2438 2893 de
2460 2838 2781 2910 purissima
2832 2839 2957 2908 illa,
2988 2840 3106 2896 dici
3146 2842 3273 2897 haac
3302 2848 3581 2914 poterant
3607 2845 3637 2901 ?

1986 2929 2058 2984 Et
2086 2928 2224 2983 hinc
2250 2928 2430 3000 igitur
2451 2927 2611 2983 haud
2663 2928 2787 2983 leve
2844 2929 3107 3000 profecto
3148 2930 3431 2988 laudandi
3461 2948 3637 3006 argu-

1987 3022 2258 3075 mentum
2308 3017 2522 3073 divinis
2551 3017 2927 3089 praaconibus
2960 3018 3308 3075 addebatur.
3366 3022 3638 3095 Insuper,

1985 3113 2054 3163 ut
2077 3106 2329 3162 eximius
2366 3106 2564 3178 inquit
2593 3107 2911 3179 Dionysius
2933 3109 3066 3178 (23),
3099 3111 3362 3167 immensa
3384 3114 3641 3183 potentia

1978 3196 2278 3268 praditam
2327 3196 2533 3252 divinae
2566 3196 2910 3265 inﬁrmitatis
2953 3198 3353 3256 collaudabant
3430 3203 3643 3259 bonita-

1988 3292 2092 3342 tem
2120 3304 2141 3350 ;
2195 3301 2373 3357 quam
2423 3285 2665 3356 quidem
2709 3285 2902 3357 palam
2957 3288 3281 3345 ostendunt
3331 3292 3640 3363 passiones

1988 3375 2101 3431 illae
2126 3374 2318 3447 plenae
2349 3374 2569 3430 doloris
2601 3380 2659 3431 et
2689 3376 3243 3449 contumelim,quas
3271 3382 3439 3438 lesus
3471 3400 3640 3442 meus

200 3474 463 3541 propter
492 3481 589 3521 me
620 3465 857 3520 ardenti
882 3463 1078 3520 studio
1105 3464 1440 3536 exquisivit.
1471 3465 1605 3520 Haec
1634 3464 1857 3536 itaque,
1889 3468 1948 3520 et
1976 3480 2046 3520 ea
2069 3464 2322 3529 ratione,
2380 3480 2499 3535 qua
2545 3463 2796 3537 hymnos
2827 3465 3024 3522 dicere
3065 3468 3238 3524 nobis
3286 3486 3408 3527 non
3441 3471 3639 3545 datur,

208 3556 446 3628 quippe
479 3571 616 3625 qum
641 3559 710 3609 ut
736 3559 871 3626 apte
897 3559 1248 3626 promantur
1275 3553 1516 3610 illorum
1548 3553 1660 3610 sibi
1690 3570 1890 3610 vocem
1920 3553 2518 3627 postulant,insignes
2548 3553 2637 3609 illi
2670 3553 2966 3611 demortui
2996 3558 3260 3630 corporis
3287 3558 3638 3619 deductores

201 3644 423 3702 laudes
456 3643 888 3699 decentissima
917 3643 1037 3699 ritu
1066 3642 1438 3699 celebrantes
1459 3643 1611 3699 viam
1632 3642 2015 3717 peragebant.

286 3734 411 3789 ΚΕΖ
457 3728 623 3789 Ἀλλ’
652 3729 753 3785 οὐκ
798 3732 867 3800 ἦν
924 3727 1118 3787 ἀνεκτᾶ
1169 3736 1337 3787 ταῦτα
1391 3735 1470 3805 τῷ
1499 3732 1702 3810 φθόνῳ’
1766 3729 1881 3786 οὐδ’

203 3823 246 3887 ἢ
277 3820 504 3896 πονηρᾶ
533 3820 735 3897 γνώμη
769 3817 948 3898 φέρειν
982 3821 1107 3900 εἶχε
1147 3821 1248 3890 τὴν
1301 3820 1461 3896 χύσιν
1504 3824 1602 3876 τοῦ
1650 3820 1875 3898 ἀγαθοῦ·

206 3910 333 3966 οὐδ’
366 3911 529 3978 ὁτῆς
572 3908 767 3971 κακίας
824 3908 1118 3988 ἐφευρετής
1172 3909 1410 3985 ἡσυχίαν
1470 3907 1616 3986 ἄγειν
1667 3910 1876 3986 ἠγάπα,

210 3999 287 4061 ὦς
330 3997 513 4054 ἄλλον
564 3999 720 4073 ἀέρα,
776 3999 868 4053 τὸν
913 3999 1186 4072 ἁγιασμὸν
1244 4000 1387 4074 ὁρῶν
1444 3996 1876 4079 ἐφαπλούμενον·

204 4089 298 4144 καὶ
335 4085 430 4142 διὰ
458 4092 625 4143 τοῦτο
658 4088 723 4143 τὸ
763 4087 1045 4162 πρόθυμον
1104 4093 1174 4163 τῇ
1234 4089 1403 4160 κακίᾳ
1452 4086 1743 4158 διακονεῖν,
1815 4088 1879 4143 τὸ

207 4177 387 4249 δεξιὸν
450 4177 686 4253 ὄργανον
731 4176 957 4257 φαύλων
1048 4180 1541 4252 συμπερασμάτων,
1596 4177 1659 4234 τὰ
1719 4177 1878 4255 εὐφυ-

206 4270 534 4351 χωρᾶτατον
570 4268 939 4345 ἐργαστήριον
993 4268 1085 4324 καὶ
1143 4267 1320 4340 ζάλης
1378 4270 1466 4325 καὶ
1521 4272 1728 4345 μάχης,
1785 4269 1876 4325 καὶ

2059 3732 2224 3788 ΧΧν.
2242 3734 2455 3788 Verum
2468 3731 2625 3788 haud
2639 3718 2886 3788 ferenda
2910 3734 3035 3791 haec
3064 3736 3191 3792 visa
3222 3743 3360 3794 sunt
3379 3739 3639 3812 invidim;

1988 3842 2182 3898 neque
2237 3826 2592 3881 effusionem
2641 3824 2781 3881 boni
2840 3826 3093 3883 tolerare
3149 3834 3383 3902 poterat
3425 3849 3636 3903 pravus

1988 3915 2269 3981 animus;
2304 3930 2497 3984 neque
2547 3914 2787 3969 malitiae
2845 3916 3039 3971 omnis
3085 3918 3408 3975 architecto
3465 3921 3636 3978 deses

1987 4002 2289 4059 arridebat
2341 4002 2550 4069 otium,
2602 4019 2738 4058 cum
2792 4003 3309 4063 sanctificatricem
3356 4008 3632 4067 virtutem

1986 4080 2271 4164 tanquam
2321 4092 2568 4148 alterum
2620 4109 2820 4148 aerem
2887 4092 3142 4149 diffundi
3199 4104 3517 4167 cerneret;
3577 4105 3637 4155 et

1985 4182 2411 4255 proptereaid,
2446 4181 2604 4253 quod
2645 4187 2778 4254 apte
2824 4183 3097 4254 pravitati
3139 4184 3472 4256 inserviret,
3504 4188 3630 4243 ido-

1989 4288 2168 4326 neum
2206 4270 2611 4343 improborum
2644 4271 2973 4326 facinorum
2995 4272 3483 4347 instrumentum,
3508 4293 3638 4333 am-

211 4355 467 4434 θορύῧων
525 4359 620 4414 καὶ
674 4357 851 4435 φόνων
910 4358 973 4413 τὸ
1030 4355 1362 4429 τελευταῖον,
1445 4359 1537 4416 τὸν
1612 4357 1881 4434 βάσκανον

1993 4360 2323 4433 plissimam
2354 4365 2412 4415 et
2443 4360 2697 4415 turbinis
2726 4366 2783 4414 et
2811 4376 3023 4433 pugna)
3073 4367 3132 4417 et
3179 4364 3540 4421 tumultuum
3571 4383 3639 4423 ac

212 4448 528 4527 ὀφθαλμὸν,
560 4449 660 4516 τήν
692 4445 952 4522 καθέδραν
974 4453 1072 4503 τοῦ
1097 4443 1386 4515 διαϐόλου,
1419 4450 1482 4504 τὸ
1504 4449 1878 4524 πονηρότατον

1993 4450 2246 4521 denique
2278 4449 2529 4505 caadium
2560 4449 2883 4518 officinam,
2909 4450 3191 4507 liventem
3222 4454 3481 4525 oculum,
3514 4456 3640 4513 dia.

214 4536 647 4615 δημιούργημα,
682 4535 832 4613 λέγω
860 4538 986 4600 τοὺς
1018 4534 1338 4604 Ἰουδαίους,
1391 4536 1631 4611 ἒκμαίνει
1688 4536 1875 4608 πάλιν,

211 4627 460 4701 καθάπερ
516 4626 656 4681 κατὰ
709 4628 947 4700 Χριστοῦ
1004 4626 1290 4701 πρότερον,
1322 4624 1465 4682 οὕτω
1495 4627 1583 4682 καὶ
1615 4631 1706 4682 νῦν
1737 4628 1877 4682 κατὰ

212 4721 313 4773 τοῦ
344 4719 540 4791 νεκροῦ
568 4721 673 4785 τῆς
700 4712 904 4770 ἐκείνου
932 4715 1177 4789 Μητρός.

288 4959 339 4995 ³ο
361 4958 523 5016 Psal.
558 4973 752 5029 cxvui,
781 4958 898 5014 1-3.

1987 4539 2107 4594 boli
2140 4537 3007 4610 cathedram,malignissimam
3029 4546 3385 4611 creaturam,
3405 4544 3639 4601 Iudaeos

1986 4628 2140 4693 dico,
2174 4625 2675 4698 quemadmodum
2706 4634 2881 4684 antea
2911 4628 3191 4687 adversus
3212 4632 3531 4704 Christum,
3555 4635 3639 4691 sic

1985 4722 2044 4775 et
2068 4734 2230 4773 nunc
2260 4716 2540 4772 adversus
2564 4716 2761 4773 Matris
2794 4718 2921 4790 ejus
2945 4718 3292 4792 cadaver,ad
3311 4722 3633 4780 immanem

1981 4807 2197 4863 iterum
2228 4806 2490 4865 furorem
2518 4806 2726 4879 percit.

1582 5089 1730 5149 Ant.
1763 5085 2062 5150 Ballerini
2092 5093 2280 5150 notae.

277 5220 390 5289 (21)
406 5216 577 5283 Quod
611 5231 749 5289 ergo
767 5215 843 5272 ad
857 5216 1158 5289 Virginem
1181 5219 1491 5291 Deiparam
1513 5218 1874 5291 praesignan-

208 5290 343 5347 dam
376 5295 723 5362 spectarent
747 5293 1047 5362 quotquot
1087 5305 1273 5360 penes
1320 5290 1551 5345 Iudaeos
1600 5290 1768 5346 sacra
1815 5296 1874 5346 et

206 5360 549 5418 veneranda
589 5360 984 5432 habebantur,
1017 5360 1279 5431 itemque
1323 5362 1483 5432 quod
1545 5362 1609 5418 in
1659 5362 1872 5417 veteris

209 5433 552 5490 testamenti
602 5430 913 5503 prodigiis,
972 5448 1039 5503 ac
1118 5430 1542 5503 prophetarum
1620 5433 1871 5489 oraculis

212 5507 415 5562 eadem
449 5502 924 5576 praecelsaVirgo
955 5502 1430 5576 adumbraretur,
1463 5504 1520 5576 id
1553 5522 1621 5559 ex
1644 5511 1875 5576 aposto-

212 5577 342 5643 lica,
369 5574 463 5631 uti
480 5580 669 5645 patet,
704 5574 977 5629 doctrina
1008 5580 1067 5629 et
1095 5575 1366 5645 exemplo
1397 5574 1728 5630 deducitur.

280 5652 389 5719 (22)
452 5646 693 5703 Videsis
753 5646 1259 5719 intergpraeclara
1310 5646 1562 5719 Virginis
1602 5650 1875 5719 portenta

217 5716 467 5794 primam
500 5733 750 5791 quoque
787 5716 1054 5788 ejusdem
1112 5716 1703 5791 originem'censeri:
1748 5720 1876 5788 pri-

1979 5236 2145 5292 mam,
2180 5220 2448 5291 inquam,
2498 5221 2808 5290 originem;
2856 5236 3048 5291 neque
3099 5219 3258 5275 enim
3317 5219 3389 5292 de
3442 5220 3633 5292 ipsius

1980 5291 2291 5347 Nativitate
2323 5292 2619 5364 singulare
2653 5292 2969 5364 quidpiam
2987 5295 3213 5364 veteres
3237 5291 3629 5364 tradiderunt.

2055 5364 2168 5433 (23)
2207 5365 2283 5434 De
2313 5363 2436 5418 Div.
2460 5364 2840 5434 Nomin.rcap.
2875 5366 2927 5416 3.
2955 5363 3120 5417 Hunc
3142 5363 3407 5434 Dionysii
3434 5363 3632 5420 locum

1982 5433 2066 5488 sic
2124 5432 2401 5503 explanat
2449 5433 2503 5486 S.
2556 5433 2841 5487 Maximus
2899 5435 3115 5503 Marlyr
3184 5434 3268 5499 (in
3300 5432 3507 5491 'Schol.
3557 5437 3631 5492 ad

1983 5502 2383 5629 eumd.loc.)
2446 5519 2458 5557 :
2523 5505 2778 5557 Divinam
2834 5502 3262 5560 imbecillitatem
3320 5503 3636 5577 (ἀσθένειαν)

1983 5576 2070 5629 hic
2101 5580 2255 5629 vocat
2283 5592 2348 5629 υο
2374 5574 2659 5629 untariam
2690 5575 3192 5629 condescensionem
3247 5580 3379 5629 Filii
3408 5581 3507 5629 Dei
3557 5580 3632 5629 ad

1982 5576 2070 5631 hic
2101 5580 2255 5631 vocat
2283 5574 2659 5629 voluntariam
2690 5575 3192 5633 condescensionem
3247 5574 3379 5635 Filii
3405 5581 3507 5637 Dei
3557 5580 3632 5635 ad

1983 5663 2176 5719 cm'pus
2206 5647 2408 5717 absque
2430 5652 2675 5717 peccato.
