4030 6212
397 361 507 426 151

1543 358 1834 422 lSlDURI
1875 361 1986 420 'l‘H
1996 359 2340 422 ESSALON
2350 361 2527 423 ICEN
2537 363 2652 424 SIS

3691 364 3813 427 152

469 495 746 552 Fastibus
767 495 968 568 itaque
1025 500 1082 551 et
1135 495 1456 567 lapidibus,
1517 497 1651 551 etsi
1703 493 1847 566 quid
1889 495 2049 552 aliud

2234 493 2431 564 Καὶδή
2465 493 2734 570 ῥοπάλοις
2764 497 2854 552 καὶ
2901 495 3080 563 λίθοις
3144 497 3235 552 καὶ
3295 503 3412 563 τοῖς
3465 504 3818 578 προστυχοῦ-

398 585 470 642 ad
502 602 712 641 manus
741 584 1036 652 veniebat,
1056 584 1216 639 velut
1247 587 1428 640 armis
1444 586 1517 641 ad
1534 585 1850 640 vindictam
1873 586 2050 656 aptis,

396 676 540 746 imo,
573 683 639 731 ut
669 675 944 731 nonnulli
980 681 1245 744 narrant,
1280 675 1458 731 etiam
1489 675 1702 747 gladiis
1754 675 2066 742 inslructi,,

397 765 677 822 adversus
706 765 841 820 illos
875 764 1027 819 sacri
1061 764 1289 820 funeris
1321 765 1650 828 ministros,
1692 764 2051 836 pretiosissi-

396 873 703 927 mumque,
737 854 897 925 quod
930 853 1311 918 efferebatur,
1345 855 2058 922 tabernaculum,irratio-

395 945 658 1001 nabilius
683 961 861 1016 quam
888 945 1014 1000 fera
1037 944 1526 1016 quaelibetsimul
1556 960 1766 999 omnes
1798 944 2052 998 irruunt.

397 1036 600 1106 Neque
637 1039 834 1090 tamen
867 1039 970 1090 aut
999 1051 1030 1088 e
1063 1034 1208 1089 caelo
1241 1034 1425 1106 ignita
1465 1033 1728 1105 procella
1775 1031 2057 1088 scelestos

399 1125 754 1197 absumpsit,
789 1130 890 1180 aut
921 1125 1160 1195 iniquos
1194 1123 1446 1179 fulmina
1471 1123 2060 1189 combusserunt,aut

396 1214 558 1270 velut
592 1214 736 1270 olim
793 1215 1023 1270 Dathan
1072 1213 1163 1268 illi
1213 1219 1272 1269 et
1321 1213 1542 1268 Abiron
1600 1212 1808 1268 eadem
1874 1212 2055 1282 stirpe

397 1305 701 1378 prognatis
731 1303 952 1360 factum
984 1303 1280 1371 novimus,
1313 1301 1626 1359 dehiscens
1659 1302 1832 1357 tellus
1874 1299 2060 1356 auda-

400 1393 701 1449 cissimam
732 1393 1078 1465 progeniem
1109 1391 1417 1464 deglutivit
1444 1409 1458 1460 ;
1495 1392 1598 1447 sed
1637 1391 1755 1447 alia
1785 1388 2057 1461 quaedam

399 1482 654 1538 audaces
681 1483 907 1538 invadit
928 1481 1094 1548 ultio,
1130 1497 1259 1553 quaa
1300 1481 1410 1535 etsi
1465 1480 1584 1536 illis
1623 1479 1838 1536 acerba
1867 1482 2058 1534 morte

397 1571 577 1626 vitam
602 1587 723 1626 non
753 1570 1022 1635 abstulit,
1055 1570 1198 1624 satis
1231 1575 1428 1625 tamen
1460 1569 1770 1625 admonuit
1787 1574 1912 1623 tum
1933 1584 2056 1635 eos,

402 1659 502 1731 qui
527 1659 746 1714 eruditi
778 1659 862 1714 sic
890 1664 1052 1723 sunt,
1115 1664 1242 1714 tum
1273 1658 1444 1728 alios,
1501 1658 1718 1730 quibus
1767 1657 1906 1714 tacti
1939 1657 2060 1711 vin-

403 1747 561 1804 dicta
591 1747 813 1802 factum
845 1747 1222 1814 enarrabant,
1246 1764 1320 1803 ne
1351 1747 1696 1804 sceleratam
1724 1763 1965 1802 manum
1995 1746 2057 1800 in

407 1853 512 1892 eos
541 1836 910 1908 (discipulos)
943 1841 1268 1892 moverent.
1322 1837 1457 1892 Haac
1504 1842 1702 1892 autem
1756 1835 1900 1890 ultio
1949 1834 2060 1890 fuit
2091 1871 2134 1935 Β

407 1933 576 1984 atrox
599 1927 839 1984 luminis
862 1927 1090 1984 orbatio
1113 1934 1172 1983 et
1199 1928 1520 1984 artiﬁciosa
1561 1929 1816 1994 caecitas,
1850 1943 2055 1999 quem-

409 2017 730 2074 admodum
761 2018 1023 2074 cmcitate
1071 2018 1254 2073 animi
1285 2035 1528 2090 prorsus
1559 2035 1628 2074 ac
1682 2017 2057 2089 potissimum

406 2105 776 2162 laborabant.
819 2108 938 2162 Ista
993 2123 1170 2178 porro
1202 2107 1508 2162 calamitas
1549 2123 1581 2161 a
1629 2105 2056 2162 nefandissimo

405 2195 648 2267 quidem
679 2211 827 2251 ausu
849 2211 950 2251 eos
977 2196 1242 2251 continet
1275 2213 1289 2263 ;
1322 2211 1431 2251 nec
1482 2201 1683 2252 tamen
1737 2195 1871 2250 illos
1923 2210 2056 2250 vere

409 2283 692 2356 deceptos
724 2300 791 2339 ac
814 2284 1031 2356 impios
1060 2284 1132 2340 ab
1157 2301 1358 2340 errore
1381 2289 1438 2340 et
1462 2285 1675 2341 acerbo
1694 2284 1827 2340 odio
1841 2283 2062 2340 abstra-

405 2371 498 2427 hit
531 2387 544 2438 ;
579 2371 683 2426 sed
713 2372 938 2440 miseri,
996 2373 1130 2428 aliis
1189 2389 1290 2428 eos
1339 2372 1789 2437 deducentibus,
1832 2371 2059 2443 justam

403 2458 564 2518 illam
597 2459 847 2517 immitis
878 2460 1157 2516 facinoris
1205 2478 1464 2532 pmnam,
1505 2461 1896 2534 promeritum
1928 2477 2060 2516 vere

403 2544 774 2616 thesaurum,
799 2551 1041 2606 domum
1065 2555 1461 2624 reportarunt.

481 2641 679 2695 XXVI.
714 2641 929 2695 Verum
953 2656 1108 2695 unus
1133 2639 1376 2711 quidam
1431 2657 1462 2695 e
1491 2639 1756 2712 profanis
1788 2640 2062 2696 sacerdo-

415 2728 572 2784 tibus
595 2727 862 2801 synedrii
885 2728 1042 2784 illius
1064 2729 1296 2784 Christo
1329 2728 1566 2796 infensi,
1601 2745 1699 2800 qui
1724 2730 2060 2785 calamitate

416 2817 523 2874 illa
543 2821 734 2873 tactus
761 2834 882 2873 non
909 2817 1121 2884 fuerat,
1157 2817 1271 2872 alio
1294 2833 1473 2888 quam
1503 2817 1786 2890 antiquus
1820 2819 1920 2874 ille
1950 2820 2065 2875 Oza

422 2906 889 2972 consilio,stulto
913 2923 1156 2976 prorsus
1187 2907 1435 2978 impetu,
1470 2913 1750 2978 tanquam
1783 2909 1882 2978 qui
1914 2908 2062 2964 duce

414 2995 666 3052 rationis
698 2995 924 3052 lumine
981 2995 1344 3063 destituitur,
1400 3012 1610 3052 manus
1656 2997 1946 3065 immittit,
1999 3001 2065 3052 ut

419 3084 711 3140 tenaciter
739 3083 1198 3155 apprehendens
1229 3084 1482 3138 retineat
1505 3085 1682 3156 inque
1697 3089 1912 3139 terram
1929 3102 2062 3140 cum

409 3173 737 3246 ignominia
751 3177 971 3228 evertat
987 3189 1184 3228 arcam
1208 3173 1371 3227 illam
1393 3189 1633 3244 prorsus
1646 3173 2036 3228 venerandam
2047 3215 2062 3240 ,

411 3277 479 3320 ac
510 3261 1026 3333 pretiosissimum,
1050 3261 1150 3331 qui
1174 3261 1234 3315 in
1267 3277 1335 3315 ea
1351 3260 1670 3328 ferebatur,
1699 3261 2066 3328 thesaurum,
2096 3233 2147 3299 Ο

409 3350 556 3407 illud
587 3349 831 3422 inquam
852 3349 1250 3421 corpus,unde
1284 3353 1370 3404 tot
1400 3354 1698 3421 portenta,
1733 3349 1974 3422 dejiciat
2002 3367 2070 3406 ac

411 3440 558 3496 diris
579 3439 961 3497 contumeliis
973 3439 1193 3495 afficiat
1219 3441 1292 3494 At
1315 3439 1840 3511 Virginisjacentis
1857 3440 2074 3496 invicta

411 3529 594 3585 virtus
633 3530 728 3585 hic
757 3546 990 3601 quoque
1021 3529 1240 3584 mirum
1264 3529 1385 3584 edit
1416 3529 2072 3600 portentum.Quemad-

411 3619 655 3676 modum
677 3620 838 3674 enim
859 3635 931 3674 ex
952 3618 1318 3674 vibrantibus
1331 3633 1578 3674 arcuum
1601 3619 1794 3673 nervis
1811 3635 1874 3673 se
1891 3619 2075 3690 prori-

419 3709 591 3784 piunt
614 3711 858 3782 sagittaa,
890 3713 948 3764 et
986 3725 1102 3780 quo
1138 3709 1270 3764 lataa
1297 3700 1538 3778 fuerint,
1568 3709 1798 3764 haerent
1835 3709 2070 3764 infixas;

420 3799 578 3857 haud
608 3815 777 3854 secus
808 3799 1056 3870 impurae
1075 3797 1188 3854 illae
1215 3815 1429 3854 manus
1446 3797 1626 3853 simul
1647 3804 1824 3869 atque
1837 3815 2072 3855 sacrum

415 3887 702 3947 lectulum
735 3888 1079 3960 attigerunt,
1111 3905 1234 3943 non
1259 3887 1518 3959 amplius
1549 3887 1929 3944 immittentis
1942 3889 2071 3960 jam

417 3983 608 4046 erant,
633 3976 754 4045 sed,
789 3993 822 4032 ο
853 3976 1188 4048 prodigium
1226 3976 1239 4032 Ι
1293 3975 1512 4031 lectulo
1567 3976 1798 4042 defixae,
1830 3982 1890 4033 et
1939 3994 2073 4033 con-

417 4067 724 4125 tuentibus
749 4084 911 4122 nova)
960 4066 1128 4138 impii
1168 4083 1348 4122 ausus
1403 4083 1590 4138 pmnw
1631 4067 1916 4123 indicium
1947 4085 2074 4140 per-

417 4162 784 4216 manserunt.
817 4158 1137 4228 Aggressor
1165 4173 1339 4226 porro
1371 4155 1774 4211 scelestisillis
1789 4157 2072 4213 multatus

417 4249 618 4319 armis,
651 4265 721 4304 ex
752 4246 896 4319 ipsis
918 4245 1134 4301 cubitis
1163 4244 1519 4301 cernebatur
1552 4262 1814 4314 mancus,
1847 4246 2072 4302 doloris

422 4355 634 4396 sensus
664 4352 1058 4403 aerumnosas,
1085 4334 1320 4407 jactura
1377 4335 1600 4390 infelix.
1659 4337 1879 4390 Novum
1911 4335 2072 4390 enim

424 4425 624 4482 videre
655 4429 782 4482 erat
810 4423 1234 4496 spectaculum,
1265 4441 1478 4480 manus
1519 4423 1745 4479 scilicet
1774 4422 2076 4479 admiran-

423 4516 565 4572 dum
613 4515 674 4568 in
706 4512 952 4568 modum
999 4531 1030 4568 e
1085 4513 1302 4569 lectulo
1350 4513 1700 4585 pendentes,
1760 4513 2074 4584 calidoque

2161 605 2242 638 σιν
2269 583 2493 656 ἄλλοις,
2529 586 2620 641 οἷά
2652 607 2752 660 περ
2782 586 3142 662 ἀμυντηρίοις
3192 589 3556 662 χρησάμενοι,
3589 584 3670 643 ἔτι
3725 589 3821 644 καὶ

2161 673 2386 752 ξίφεσιν,
2409 674 2484 737 ὥς
2516 697 2676 750 φασιν
2707 675 2865 744 ἔνιοι,
2933 678 3106 750 ὁμόσε
3136 683 3384 758 χωροῦσι
3435 679 3630 754 θηρίου
3677 699 3821 734 παν-

2160 763 2276 832 τὸς,
2309 761 2656 840 ἀλογώτερον
2689 765 2824 820 κατά
2853 771 2961 821 τῶν
3003 767 3154 840 ἱερᾶς
3211 766 3264 838 ἐξ
3296 767 3517 842 ἀγωγῆς
3549 764 3820 823 διακόνων

2163 848 2378 906 ἐκείνων
2422 855 2512 908 καὶ
2575 858 2674 910 τοῦ
2727 849 3226 930 διαϐασταζομένου
3283 857 3624 930 τιμιωτάτου
3681 858 3822 927 σκή-

2163 960 2304 1003 νους.
2341 943 2588 1012 Σκηπτοὶ
2655 941 2712 1000 δὲ
2770 942 2972 999 ἄνωθεν
3031 946 3126 1020 μέν
3185 945 3245 1001 ού
3301 944 3628 1024 κατέφλεξαν
3687 944 3828 1010 τοὺς

2163 1029 2506 1104 ἀλιτηρίους,
2541 1031 2666 1088 ούδέ
2699 1033 2952 1109 κεραυνοὶ
3010 1033 3139 1098 τοὺς
3194 1035 3546 1111 παρανόμους
3577 1035 3824 1106 ἐνέπρη-

2165 1139 2278 1191 σαν,
2311 1127 2381 1197 γῆ
2412 1117 2469 1175 δὲ
2500 1121 2564 1176 ού
2613 1119 2908 1201 διηνοίχθη
2965 1124 3055 1178 καὶ
3083 1123 3326 1180 ,κατέπιε
3379 1125 3441 1180 τὸ
3497 1123 3820 1198 πάντολμον

2163 1207 2338 1282 γένος,
2381 1209 2456 1274 ὡς
2483 1208 2658 1265 πάλαι
2714 1212 2842 1274 τοὺς
2900 1209 2962 1268 έκ
3014 1220 3203 1289 πηγῆς
3247 1221 3347 1282 τῆς
3415 1215 3586 1284 αὐτῆς
3645 1214 3824 1278 Δαθάν

2166 1295 2368 1352 ἐκεῖνον
2412 1298 2687 1372 ἀκούομεν
2763 1303 2854 1355 καί
2911 1296 3208 1376 ’Δϐειρώνο
3269 1302 3416 1358 ἄλλά
3468 1324 3554 1366 τις
3598 1301 3824 1373 ἐνήπτει

2167 1382 2218 1440 δ’
2411 1393 2464 1424 κ
2578 1386 2609 1442 λ
2703 1411 2730 1422 υ
2773 1395 2794 1406 “
2923 1389 2941 1422 ί
3390 1396 3414 1408 ’⁸
3514 1391 3543 1402 ⁹
3659 1392 3673 1409 ’

2205 1407 2289 1457 ικη
2347 1408 2462 1450 τοι..
2511 1409 2572 1442 το
2620 1411 2822 1462 μηιαις
2863 1391 3038 1466 ἕτερα,
3093 1393 3130 1462 ἢ
3176 1392 3267 1447 καὶ
3321 1413 3418 1448 του
3448 1398 3572 1466 ,ζῃν
3631 1413 3677 1448 ει
3724 1391 3824 1446 καὶ

2167 1477 2244 1548 μή
2339 1481 2550 1552 πικρῶς
2641 1475 2878 1542 ἐκείνους
2959 1479 3300 1558 ἀφήρπασεν,
3375 1479 3520 1536 ἀλλά
3601 1501 3666 1555 γε
3736 1481 3820 1554 μὴ

2167 1562 2349 1620 ἄδικον
2385 1571 2547 1641 χεῖρα
2601 1573 2766 1622 κινεῖν
2804 1568 2940 1624 κατὰ
2993 1573 3102 1624 τῶν
3154 1569 3420 1626 τοιούτων
3479 1569 3818 1640 ἐπαίδευσεν,

2167 1653 2366 1716 αὐτούς
2417 1676 2474 1710 τε
2545 1654 2675 1718 τοὺς
2738 1657 3028 1730 μαθόντας,
3080 1659 3170 1714 καὶ
3231 1662 3314 1724 οἷς
3371 1659 3434 1714 τὸ
3491 1654 3698 1732 συμϐὰν
3761 1660 3822 1715 οἱ

2166 1742 2462 1817 πληγέντες
2507 1744 2814 1822 ἐξέφραζον.
2844 1747 2910 1802 Ἥ
2970 1745 3094 1818 δίκη
3146 1745 3203 1803 δὲ
3253 1749 3320 1818 ἦν
3377 1748 3604 1824 ἀορασία
3633 1746 3817 1822 δεινή,

2166 1833 2257 1888 καὶ
2286 1836 2514 1909 τεχνικὴ
2544 1833 2848 1912 τύφλωσις,
2905 1834 3038 1912 ὅπερ
3087 1836 3260 1900 ὅντως
3315 1837 3612 1914 ἐτύγχανον
3659 1833 3822 1903 ὄντες

2163 1923 2363 1978 ἐκεῖνοι
2390 1924 2526 1978 κατὰ
2573 1925 2785 2000 ψυχὴν,
2843 1923 2992 2002 εἷ’περ
3052 1925 3195 1982 ἄλλο
3253 1949 3328 1984 τι.
3391 1929 3486 1984 Καὶ
3544 1929 3578 1996 ἡ
3611 1926 3814 2004 πληγὴ

2161 2016 2262 2082 τῆς
2298 2015 2399 2086 μὲν
2423 2014 2791 2087 ἀνοσιωτάτης
2857 2015 3050 2092 ἀπάγει
3100 2016 3343 2091 τόλμης,
3399 2023 3494 2073 τοῦ
3552 2015 3608 2074 δὲ
3663 2017 3821 2074 πλα-

2165 2105 2354 2158 νᾶσθαι
2385 2103 2476 2158 καὶ
2535 2105 2894 2180 προσκόπτειν
2944 2105 3072 2169 τοὺς
3127 2106 3581 2182 πεπλανημένους
3639 2105 3822 2170 ὅντως

2167 2190 2400 2254 ἐκείνους
2453 2193 2546 2248 καὶ
2605 2195 2832 2267 μιαροὺς
2917 2194 2978 2250 οὐ
3034 2195 3224 2270 πόρῥω
3290 2196 3632 2271 προτίθησιν·
3685 2195 3830 2252 ἀλλ’

2168 2279 2371 2352 ἄθλιοι,
2424 2281 2611 2338 ἃλλων
2660 2283 2843 2347 αὐτοῖς
2901 2283 3245 2361 ἡγουμένων,
3315 2293 3414 2355 τῆς
3463 2287 3831 2360 ἀσυμπαθοῦς

2169 2371 2503 2447 ἐκστρατείας
2575 2375 2673 2442 τὴν
2745 2370 2955 2430 δικαίαν
3021 2374 3229 2446 ἐκείνην
3313 2377 3551 2452 μάστιγα
3635 2374 3834 2434 οἳκαδε

2168 2461 2414 2542 φέροντες
2435 2461 2806 2539 έθησαύριζον.

2241 2654 2348 2724 KC.
2383 2655 2478 2716 Εἷς
2510 2651 2568 2710 δέ
2596 2676 2680 2718 τις
2709 2659 2818 2710 τῶν
2869 2650 3124 2730 βεϐήλων
3179 2656 3372 2732 ἱερέων
3429 2662 3527 2713 τοῦ
3584 2677 3836 2732 γριστο-

2173 2745 2357 2819 μάχου
2388 2741 2664 2818 συνεδρίου
2693 2742 2924 2815 ἐκείνου,
2969 2747 3046 2818 μή
3093 2751 3174 2818 τῷ
3209 2745 3315 2820 ἳσῳ
3371 2747 3528 2802 πάθει
3558 2747 3830 2822 πληγεὶς,

2169 2833 2361 2910 ἀφίησι
2390 2832 2488 2894 τὰς
2518 2837 2730 2906 χεῖρας,
2761 2831 2950 2896 ἄλλως
3002 2834 3078 2897 ὡς
3137 2834 3290 2906 Ὀξὰν
3341 2839 3374 2892 k
3427 2834 3652 2904 ἐκεῖνος,
3713 2835 3833 2903 ὅλη

2174 2925 2333 2995 μωρᾷ
2387 2925 2455 2994 τῇ
2515 2921 2683 2998 ῥύμῃ,
2741 2923 2982 2998 καθάπερ
3043 2924 3122 2997 μὴ
3203 2928 3332 2980 νοῦν
3389 2921 3593 3000 ὁδηγὸν
3652 2921 3838 3000 ἔχω’,

2172 3009 2313 3066 ὥστε
2385 3010 2544 3084 ἀπρὶξ
2628 3006 2938 3085 λαϐόμενος
2990 3015 3348 3089 περιγράψαι,
3425 3015 3518 3070 καὶ
3576 3014 3654 3078 εἷς
3723 3022 3843 3088 γῆν

2175 3097 2382 3172 ἀτίμως
2439 3104 2759 3174 καταγαγεῖν
2813 3101 2914 3168 τὴν
2971 3101 3242 3174 πάντιμον
3295 3097 3532 3158 κιϐωτὸν
3591 3101 3841 3176 ἐκείνην,

2171 3187 2263 3241 καὶ
2316 3186 2406 3240 τὸν
2469 3183 2520 3240 ὲν
2567 3187 2708 3262 αὐτῇ
2765 3188 3101 3261 τιμιώτατον
3154 3190 3446 3264 θησαυρὸν,
3503 3191 3595 3245 τὸν
3625 3193 3847 3263 θαυμα-

2174 3275 2406 3350 τουργὸν
2465 3272 2662 3329 ἐκεῖνον
2715 3273 2866 3350 λέγω
2920 3277 3130 3352 νεκρὸν,
3190 3277 3374 3353 ἰκχέαι
3420 3280 3511 3334 καὶ
3588 3280 3656 3334 τὰ
3714 3276 3841 3334 δει-

2175 3364 2372 3418 νότατα
2427 3359 2718 3439 ἐξυϐρίσαι.
2779 3363 2936 3422 Ἀλλ’
2994 3368 3028 3435 ἡ
3085 3365 3305 3442 ἄμαχος
3384 3375 3485 3437 τῆς
3571 3368 3848 3440 κειμένης

2177 3451 2334 3513 ἰσχὺς
2392 3459 2792 3528 θαυματουργεῖ
2845 3454 3120 3510 κάνταῦθα
3183 3452 3510 3529 παράδοξον.
3572 3459 3842 3532 Καθάπερ

2174 3541 2276 3617 γὰρ
2302 3545 2402 3596 τοῦ
2430 3544 2752 3613 κινήσαντος
2783 3542 3016 3618 ὀργάνου
3046 3543 3112 3599 τά
3168 3543 3304 3620 βέλη
3355 3543 3677 3616 διίστανται,
3739 3548 3841 3610 οἷς

2175 3629 2236 3684 ’ἀν
2305 3628 2526 3694 ἐπέλθοι
2576 3631 2920 3706 πηγνύμενα·
2981 3631 3156 3696 οὕτως
3219 3635 3275 3688 αἱ
3361 3629 3592 3709 βέϐηλοι
3642 3641 3842 3709 χεῖρες

2176 3718 2376 3775 ἐκεῖναι
2434 3723 2574 3794 ὁμοῦ
2627 3741 2686 3776 τε
2739 3715 2966 3800 ἔφθασαν
3025 3723 3161 3778 κατά
3219 3727 3316 3778 τοῦ
3371 3725 3522 3797 ἱεροῦ
3587 3725 3845 3797 σκίμπο-

2177 3806 2288 3879 δος,
2323 3808 2410 3864 καὶ
2440 3813 2540 3864 τοῦ
2575 3807 2882 3885 βάλλοντος
2953 3809 3128 3866 οὐκέτ’
3184 3813 3340 3880 ἦσαν,
3399 3811 3530 3867 ἀλλ’
3586 3809 3840 3886 ἔμειναν,

2175 3896 2222 3952 ὢ
2277 3902 2374 3954 τοῦ
2427 3898 2705 3971 θαύματος
2766 3900 2778 3956 Ξ
2841 3897 3173 3977 ἒμπαγεῖσαι
3228 3907 3310 3974 τῷ
3363 3899 3652 3974 σκίμποδι·
3735 3905 3839 3959 καὶ

2174 3994 2291 4050 τοῖς
2323 3989 2492 4063 ὁρῶσι
2557 3990 2656 4058 τὴν
2710 3992 2812 4054 τῆς
2877 3994 3119 4065 πονηρᾶς
3173 3989 3390 4065 τόλμης
3448 3993 3642 4060 καινήν
3692 4013 3844 4064 στη-

2178 4076 2488 4132 λιτεύουσαι
2521 4074 2700 4145 δίκην.
2733 4078 2794 4135 Ὁ
2867 4075 2924 4134 δὲ
2979 4077 3251 4153 πολέμιος
3310 4079 3472 4156 ἃχειρ
3527 4079 3841 4153 ἐδείκνυτο,

2257 4163 2432 4220 αὐτῶν
2464 4165 2726 4240 ἀγκώνων
2755 4167 2825 4221 τὰ
2881 4165 3040 4223 ἃδικα
3101 4166 3236 4243 βέλη
3297 4169 3598 4242 ζημιωθεὶς
3629 4169 3845 4240 ἐκεῖνα,

2178 4253 2410 4317 ὶλεεινὸς
2494 4259 2590 4310 τοῦ
2660 4255 2885 4326 πάθους,
2944 4256 3134 4320 ’ἅθλιος
3198 4265 3301 4327 τῆς
3367 4263 3670 4338 συμφορᾶς,
3731 4261 3849 4316 Ἦν

2176 4344 2276 4420 γὰρ
2309 4341 2442 4399 ίδεῖν
2471 4340 2644 4416 θέαμα
2683 4345 2885 4414 καινὸν,
2947 4345 3040 4407 τὰς
3104 4347 3197 4419 μὲν
3262 4351 3454 4421 χεῖρας
3509 4345 3851 4422 παραδόξως

2177 4437 2274 4488 τοῦ
2306 4430 2609 4506 σκίμποδος
2665 4433 3095 4509 ἀπῃωρημένας,
3152 4435 3240 4489 καὶ
3299 4436 3498 4511 θερμὸν
3540 4435 3849 4511 ἐκρεούσας

2180 4523 2342 4592 αἷμα·
2393 4522 2488 4576 τὸν
2573 4518 2630 4576 δὲ
2713 4521 2841 4598 πρὶν
2914 4520 3204 4596 τολμητὴν
3278 4524 3477 4580 ἐκεῖνον
3531 4527 3670 4580 κατὰ
3732 4533 3852 4602 γῆς

423 4619 632 4660 cruore
666 4606 1024 4669 manantes;
1059 4617 1194 4655 eum
1252 4617 1408 4665 vero,
1451 4603 1551 4672 qui
1613 4603 1776 4674 prius
1833 4609 2064 4660 steterat

2179 4609 2537 4684 τραυματίαν,
2581 4609 2769 4682 α’ἱματι
2825 4613 3187 4688 πεφυρμένον,
3249 4612 3533 4690 ἐῤῥιμένον
3584 4617 3604 4670 ι
3648 4601 3852 4695 ὥσπερ

423 4690 636 4758 audax,
668 4689 830 4744 humi
844 4687 1145 4758 jacentem
1178 4689 1468 4758 saucium,
1501 4691 1785 4763 sanguine
1807 4693 2080 4764 inquina-

422 4788 570 4849 tum,
603 4779 936 4852 projectum
966 4779 1126 4835 velut
1154 4779 1403 4836 cadaver
1433 4783 1754 4855 quodpiam
1794 4786 2076 4858 lacrymis

425 4869 804 4946 plorandum,
836 4868 1143 4924 hominem
1181 4873 1522 4926 truncatum
1552 4873 1852 4941 manibus,
1883 4881 1942 4929 et
1970 4875 2076 4931 has

423 4961 664 5036 quidem
695 4975 894 5015 coram
925 4957 1112 5014 oculis
1143 4959 1629 5030 aspicientem,de
1663 4962 1854 5034 primo
1877 4969 2076 5020 autem

425 5068 632 5110 earum
665 5065 822 5105 nexu
851 5065 1090 5120 prorsus
1120 5048 1560 5120 desperantem,
1592 5055 1651 5106 et
1699 5051 1880 5108 simul
1938 5071 2075 5110 suas

2183 4719 2236 4753 τι
2293 4704 2494 4772 πτῶμα
2551 4697 2797 4774 δακρύων
2849 4699 3021 4773 ἄξιον,
3075 4700 3360 4775 ’ἄνθρωπον
3419 4701 3551 4778 δίχα
3605 4710 3852 4781 χειρῶν

2185 4787 2346 4848 αύτὰς
2381 4789 2477 4862 μὲν
2508 4789 2716 4863 ὁρῶντα
2742 4791 2848 4862 πρὸ
2878 4789 3199 4867 ὀφθαλμῶν,
3255 4793 3356 4861 τήν
3417 4789 3474 4848 δὲ
3525 4793 3652 4868 πρὶν
3701 4816 3856 4870 συμ-

2186 4877 2342 4950 φυΐαν
2391 4877 2636 4947 καθάπαξ
2716 4877 3072 4953 ἀπειρηκότα,
3147 4881 3238 4934 καὶ
3307 4883 3446 4954 μήτε
3532 4882 3853 4958 θαρροῦντα

2185 4972 2418 5038 ζητῆσαι
2448 4965 2543 5028 τὰς
2573 4971 2786 5042 χεῖρας,
2829 4968 2922 5022 καὶ
2949 4967 3017 5022 αὗ
3069 4974 3134 5044 τῇ
3165 4972 3272 5026 τῶν
3332 4969 3514 5044 μελῶν
3547 4975 3854 5050 συγγενείᾳ

2184 5057 2319 5131 πρὸς
2346 5057 2445 5125 τήν
2475 5054 2687 5127 αἳτησιν
2716 5056 3162 5132 τυραννούμενον.

431 5160 553 5201 non
585 5139 907 5226 audentem
929 5155 1144 5195 manus
1173 5137 1503 5210 requirere,
1534 5139 1834 5213 simulque
1881 5143 2038 5214 ipsas
2085 5146 2428 5219 requirendi
2487 5147 2781 5205 desiderio
2825 5149 2900 5206 ob
2958 5149 3362 5208 membrorum
3420 5155 3854 5226 cognationem

423 5223 852 5280 excruciatum.

495 5313 567 5368 At
597 5311 774 5369 discit
803 5325 911 5384 per
937 5326 1030 5384 ea,
1061 5325 1192 5382 quae
1223 5325 1435 5382 passus
1452 5309 1664 5382 fuerat,
1689 5311 1947 5385 jacentis
1963 5314 2076 5370 vir-

2255 5314 2418 5372 Ἀλλ’
2449 5315 2792 5393 έπιγινωσκει
2851 5314 2921 5374 δι’
2977 5317 3055 5374 ὧν
3127 5319 3362 5376 πέπονθε
3415 5326 3516 5392 τῆς
3572 5324 3848 5400 κειμένης

2749 5439 2778 5454 ρ

1817 5467 1942 5527 Aut
1972 5465 2262 5528 Bellerini
2290 5473 2457 5530 nota:

507 5593 798 5669 (k)_Cod.o_
822 5597 920 5669 Ζᾶν
957 5609 970 5646 :
1005 5593 1162 5669 Ὢζάν
1191 5601 1406 5669 autem,
1422 5614 1527 5669 pro
1556 5595 1680 5666 Ὀζά
1710 5598 1890 5656 habet
1918 5604 1977 5655 et
2001 5597 2282 5656 edit.Ald.

507 5663 562 5740 (ι)
585 5665 671 5720 Ita
693 5663 878 5720 codex
898 5668 1024 5720 tum
1051 5665 1168 5735 hic,
1201 5671 1326 5724 tum
1357 5663 1519 5724 alibi.
