4090 6208
309 360 430 425 153

1224 357 1477 420 SERMO
1522 360 1604 422 IN
1648 360 2211 425 DORMI’I‘IONEM
2261 366 2328 425 B.
2376 366 2450 427 V.
2498 367 2806 429 MARI/E.

3614 373 3734 439 154

307 498 410 566 τήν
443 494 696 569 δύναμιν.
730 495 984 569 Ηρόσεισι
1031 492 1213 549 τοίνυν
1254 492 1440 563 ἱκέτης
1488 492 1741 558 ἐλεεινός·
1793 515 1965 569 προσ-

2081 502 2286 555 tutem.
2337 500 2510 557 Miser
2540 519 2675 576 ergo
2712 503 2940 559 accedit
2992 505 3275 577 supplex:
3310 514 3498 564 semet
3529 509 3600 565 ad
3631 525 3734 581 pe-

312 588 502 642 πίπτει
561 591 684 648 τοῖς
743 590 850 639 τῶν
906 581 1231 640 ἀποστόλων
1290 581 1470 638 ποσίν·
1523 578 1819 653 ἀντιϐολεῖ,
1854 583 1971 639 δεῖ-

310 700 401 733 ται
459 680 704 749 θερμῶς,
765 675 950 749 πηγὰς
1010 670 1259 748 δακρύων
1316 672 1529 750 ἀφίησι,
1582 673 1837 748 κηρύττει
1876 677 1974 728 τοῦ

312 770 560 842 Χριστοῦ
609 787 714 837 μου
763 764 864 832 τήν
913 761 1163 836 δύναμιν,
1217 760 1425 831 δοξάζει
1460 762 1527 831 τὰ
1577 761 1841 839 μεγαλεῖα
1872 770 1973 832 τῆς

311 856 522 911 ἐκείνου
585 855 832 927 Μητρὸς,
889 851 1102 927 ἔξαρνος
1153 850 1358 924 γίνεται
1414 858 1513 920 τῆς
1573 849 1743 905 πάλαι
1804 873 1972 906 κακο-

312 944 471 1015 δὸξ,,.)
527 942 838 1013 θρησκείας·
918 941 1009 996 καὶ
1089 940 1207 995 ἀντὶ
1262 940 1472 995 τούτων
1528 940 1969 1010 ἀποκαταστῆναι

314 1034 463 1105 αὖτῷ
508 1032 608 1095 τὰς
663 1036 876 1106 χεῖρας,
928 1031 993 1085 τὸ
1054 1030 1191 1102 μέγα
1243 1028 1474 1084 αἰτεῖται
1526 1032 1632 1082 τῶν
1672 1029 1972 1102 ἀνθρώπων

313 1123 569 1198 ὄργανον.
618 1121 771 1178 Ἐπεὶ
829 1117 887 1174 δὲ
926 1120 1263 1193 παροφθῆναι
1322 1117 1426 1173 οὐκ
1474 1118 1540 1187 ἦν
1598 1119 1696 1187 τήν
1756 1116 1969 1191 ὁμολοο

313 1212 436 1290 γίαν
496 1210 836 1289 εἰσφέροντα,
892 1209 982 1263 καὶ
1041 1205 1130 1263 διὰ
1185 1210 1347 1262 τοῦτο
1406 1201 1704 1280 πληγέντα,
1759 1206 1851 1261 ἳνα
1879 1210 1971 1263 τὸν

315 1300 695 1377 σταυρωθέντα
754 1298 984 1373 κηρύξῃ,
1050 1296 1313 1372 τυγχάνει
1378 1302 1480 1366 τῆς
1540 1294 1775 1367 δεήσεως
1830 1296 1969 1371 εύχῇ

318 1392 412 1464 μὶν
469 1396 581 1445 τῶν
630 1387 974 1466 ἀποστόλων,
1032 1383 1253 1459 δυνάμει
1313 1382 1371 1439 δὲ
1428 1386 1525 1453 τῆς
1582 1382 1968 1461 ἐκφερομένης·

312 1482 401 1535 καὶ
461 1481 586 1534 οἷον
643 1481 739 1531 τοῦ
786 1472 1089 1549 σκίμποδος
1169 1474 1223 1528 αἱ
1299 1479 1483 1548 χεῖρες
1538 1471 1971 1545 ἐκπετασοεῖσαι,

310 1575 388 1642 τῷ
421 1571 677 1645 συγγενεῖ
733 1568 834 1635 τήν
890 1566 1038 1634 τάξιν
1093 1561 1297 1619 ἔσωσαν
1355 1563 1591 1635 σώματι,
1624 1562 1714 1617 καὶ
1756 1563 1973 1638 γέγονεν

314 1663 499 1735 ἄρτιος
559 1657 749 1731 ψυχὴν
807 1655 899 1709 καὶ
958 1658 1118 1725 σῶμα
1174 1651 1375 1713 ἐκεῖνος
1436 1653 1465 1706 6
1524 1651 1831 1727 ἅνθρωπος,
1880 1652 1972 1707 καὶ

315 1750 459 1804 οὕτω
521 1746 737 1822 χαίρων
798 1742 941 1818 διῄει
996 1742 1084 1797 καὶ
1149 1740 1470 1817 μεγαλύνων
1526 1743 1626 1811 τήν
1679 1742 1967 1817 Παναγνον.

2082 588 2185 643 des
2214 592 2615 661 apostolorum
2655 595 3020 664 prosternit;
3073 603 3295 665 exorat,
3354 600 3736 654 vehementer

2082 679 2429 749 obtestatur,
2487 682 2880 754 lacrymarum
2930 686 3084 741 rivos
3146 689 3418 756 effundit,
3452 690 3735 760 praedicat

2079 769 2294 825 Christi
2330 774 2443 826 mei
2478 774 2773 843 virtutem,
2803 776 3098 845 magnalia
3130 777 3328 832 Matris
3362 779 3490 849 ejus
3521 781 3730 845 effert;

2078 860 2363 930 pristimae
2405 878 2596 932 pravae
2663 866 3069 935 superstitioni
3130 868 3404 921 nuntium
3436 869 3729 936 remittit;

2078 955 2253 1019 atque
2286 949 2497 1004 horum
2530 952 2716 1021 gratia
2746 959 2812 1006 ut
2850 953 2963 1007 sibi
3011 970 3239 1021 manus,
3274 972 3552 1027 magnum
3580 957 3731 1012 illud

2079 1039 2422 1094 hominibus
2480 1042 2846 1111 praesidium,
2913 1043 3254 1111 reddantur_
3322 1046 3491 1100 enixe
3540 1052 3728 1118 rogat.

2079 1128 2570 1199 Quandoquidem
2603 1136 2800 1185 autem
2831 1131 3247 1203 despiciendus
3298 1151 3415 1188 non
3449 1141 3593 1199 erat,
3626 1137 3727 1206 qui

2079 1221 2515 1276 confessionem
2546 1222 2851 1291 offerebat,
2876 1230 2935 1279 et
2955 1225 3055 1295 qui
3088 1225 3219 1279 ideo
3250 1242 3568 1296 percussus
3597 1227 3728 1281 fue-

2076 1314 2188 1374 rat,
2222 1315 2285 1364 ut
2316 1311 2661 1366 crucifixum
2695 1313 3064 1383 praedicaret,
3110 1314 3537 1370 intercessione
3579 1332 3726 1388 apo-

2078 1397 2384 1463 stolorum,
2417 1415 2483 1452 ac
2513 1399 2724 1454 virtute
2756 1400 3077 1471 illiusquae
3110 1403 3486 1471 efferebatur,
3510 1405 3627 1459 voti
3660 1405 3728 1459 fit

2077 1501 2319 1556 compos
2345 1503 2359 1551 ;
2392 1503 2458 1541 ac
2492 1504 2705 1542 manus
2726 1505 2759 1543 a
2781 1489 2997 1545 lectulo
3016 1491 3194 1545 veluti
3217 1492 3726 1561 avolantes,suum

2078 1582 2324 1647 cognato
2356 1577 2589 1647 corpori
2622 1578 2892 1634 ordinem
2927 1584 3150 1634 sartum
3197 1586 3417 1636 tectum
3451 1581 3729 1636 reddide-

2077 1670 2237 1734 runt,
2268 1665 2585 1736 animaque
2618 1668 2794 1722 simul
2846 1668 3023 1723 homo
3055 1670 3151 1725 ille
3185 1676 3241 1724 et
3271 1688 3515 1742 corpore
3548 1688 3728 1726 sanus

2080 1755 2323 1808 effectus
2348 1761 2457 1820 est,
2478 1761 2535 1811 et
2564 1757 2648 1811 sic
2678 1757 2941 1829 gaudens
2972 1759 3095 1813 ibat
3114 1776 3181 1814 ac
3205 1760 3584 1831 purissimam
3610 1777 3731 1816 ma-

317 1841 404 1909 Τῷ
442 1834 503 1891 δὲ
564 1834 764 1898 ἰαθέντι
802 1832 979 1904 τούτῳ
1026 1829 1239 1907 φύλλον
1286 1828 1679 1906 ἐγχειρίζουσιν
1732 1832 1782 1885 o't
1832 1830 1969 1884 ἀπό-

2076 1843 2384 1914 gniﬁcans.
2419 1828 2733 1915 Postquam
2776 1852 2973 1901 autem
3004 1828 3241 1903 sanitati
3274 1849 3583 1904 restitutus
3616 1854 3722 1916 est,

319 1924 511 1981 στολσι
542 1928 641 1979 τοῦ
671 1920 908 1989 θαλλοῦ,
965 1919 1024 1975 ὅν
1081 1923 1151 1992 τῇ
1211 1917 1468 1992 Παρθένῳ
1503 1918 1770 1997 παρέσχεν
1805 1920 1835 1973 6
1865 1917 1965 1994 ἄγ-

312 2014 497 2091 γελος,
530 2014 619 2067 καὶ
676 2010 882 2085 ἰατρὸν,
940 2012 1315 2083 χειροτονοῦσι
1372 2012 1477 2063 τῶν
1508 2007 1961 2087 ἐκτυφλωθέντων

311 2100 579 2179 Ἐϐραίων
632 2099 850 2155 ἐκείνων
905 2099 996 2152 καὶ
1046 2104 1159 2167 τῆς,
1209 2098 1390 2173 ὑγωῦς
1444 2098 1659 2171 κήρυκα
1708 2097 1961 2159 πίστεως.

306 2196 361 2249 Ὀ
421 2190 477 2247 δὲ
541 2191 702 2259 σώζει
758 2188 852 2243 καὶ
907 2186 1092 2265 ἄμφω·
1144 2189 1290 2241 ἱᾶται
1342 2189 1435 2260 μὲν
1481 2190 1560 2258 τῷ
1605 2186 1799 2263 φύλλῳ
1837 2185 1964 2248 τοὺς

303 2281 634 2355 πληγέντας,
686 2278 735 2333 εἴ
783 2276 873 2331 καὶ
930 2274 1131 2354 τυφλοὶ
1186 2272 1459 2349 διέμειναν
1490 2275 1587 2345 τὴν
1621 2277 1826 2354 ψυχήν·
1859 2277 1960 2346 τήν

303 2370 359 2427 δὲ
384 2370 576 2441 ἀληθῆ
611 2365 767 2439 δόξαν
799 2364 1078 2442 σεσίγηκεν
1111 2362 1392 2421 οὐδέποτε.

371 2641 493 2697 KZ'.
552 2642 823 2718 Ἔχαιρον
894 2636 987 2693 οῦν
1061 2636 1113 2691 οἱ
1187 2634 1524 2708 νεκροπομοὶ
1581 2638 1649 2708 τῇ
1707 2654 1959 2689 καινοτο-

303 2730 405 2804 μίᾳ
432 2734 535 2785 τοῦ
593 2728 896 2801 θαύματος,
944 2727 1035 2783 καὶ
1094 2730 1210 2787 τοῖς
1248 2724 1439 2799 ὕμνοις
1496 2722 1703 2787 ἄλλους
1734 2722 1956 2799 ἐπικρο-

292 2826 550 2889 τοῦντες,
611 2816 963 2898 φαιδρότεροι
1026 2818 1125 2887 τὴν
1176 2815 1265 2871 ἐπὶ
1318 2817 1409 2870 τὶν
1463 2814 1629 2892 τάφον
1686 2814 1952 2889 ἐχώρουν.

290 2912 621 2982 Γεθσημανὴ
654 2912 943 2983 τοιγαροῦν
977 2906 1172 2968 αὐτοὺς
1215 2903 1566 2984 ὑποδέχεται,
1610 2903 1697 2958 καὶ
1727 2906 1754 2959 6
1784 2905 1953 2981 τάφος

284 3002 379 3055 τὸν
414 3000 562 3073 ἱερὸν
596 2998 801 3053 ἐκεῖνον
851 2996 1031 3067 ἐζήτει
1077 2995 1300 3074 φόρτον.
1333 2995 1401 3050 Οἱ
1448 2991 1504 3048 δὲ
1544 2994 1857 3056 καταθέντες
1890 2993 1953 3049 τὸ

289 3091 561 3164 παναγιον
594 3086 769 3142 ἐκεῖνο
818 3083 1113 3158 κειμήλιον
1156 3086 1252 3154 τὴν
1307 3084 1539 3154 ὑστάτην
1570 3080 1827 3153 ἐπᾴδουσι
1860 3080 1954 3137 δο-

286 3177 576 3252 ξολογίαν.
624 3176 755 3234 Εἶτα
802 3177 894 3230 τὸν
946 3172 1186 3245 ἄσηπτον
1239 3172 1530 3247 θησαυρὸν,
1561 3173 1624 3227 τὸ
1655 3174 1952 3242 θαυμαστιο

284 3271 383 3323 κὸν
412 3271 632 3334 σκεῦος,
682 3265 746 3320 τὸ
798 3263 1051 3337 οὐράνιον
1101 3269 1297 3337 χρῆμα
1366 3261 1468 3316 ὑπὸ
1523 3268 1627 3335 γῆν
1681 3260 1954 3336 κρύπτου-
1988 3242 2031 3309 C

286 3380 396 3425 σιν,
429 3359 462 3412 δ
493 3356 583 3411 καὶ
621 3355 871 3430 οὐρανῶν
906 3354 1219 3428 ὑπέρτερον.

368 3535 520 3595 Ἐπεί
583 3534 642 3590 δὲ
700 3535 877 3590 πάντα
937 3529 1191 3603 διήνυστο
1249 3531 1676 3606 μεγαλπρεπῶς,
1734 3531 1825 3585 καὶ
1885 3531 1958 3585 ὡς

294 3628 492 3702 ἀπῄτει
533 3627 603 3682 τὰ
650 3624 770 3680 κατ’
813 3624 1006 3692 αύτὴν,
1059 3622 1148 3676 καὶ
1194 3622 1265 3676 τὰ
1310 3628 1410 3690 τῆς
1462 3621 1690 3699 ἐκφορᾶς
1740 3621 1961 3689 καὶτῆς

294 3725 471 3795 ταφῆς
505 3716 735 3777 εἰκότως
792 3712 1084 3792 ἀφωσίωτο
1140 3714 1210 3785 τῇ
1268 3710 1454 3785 Μητρὶ
1510 3714 1607 3765 τοῦ
1643 3714 1799 3780 Θεοῦ,
1831 3709 1959 3783 ἐμέ-

307 3827 480 3878 μνητο
513 3807 612 3877 μὲν
647 3805 700 3857 οἱ
750 3800 911 3858 καλοῖ
972 3805 1078 3856 τῶν
1138 3799 1408 3873 λαμπρῶν
1465 3796 1682 3853 ἐκείνων
1718 3797 1959 3854 διάκονοι

304 3897 391 3949 καὶ
439 3892 793 3967 λειτουργίας
844 3889 1023 3961 ἄλλης
1078 3893 1180 3955 τῆς
1236 3894 1331 3943 τοῦ
1387 3887 1765 3965 κηρύγματος.
1799 3886 1959 3945 Ἀλλ’

306 3982 489 4039 ούτεὸ
521 3981 695 4046 πόθος
750 3982 837 4035 καὶ
898 3985 961 4036 τὸ
1018 3978 1140 4053 περὶ
1196 3980 1295 4047 τήν
1345 3978 1612 4053 πάναγνον
1652 3976 1957 4047 ἀποστῆναι

302 4072 555 4146 ἐπέτρεπε
615 4064 800 4139 σέϐας,
857 4068 948 4124 καὶ
1008 4068 1151 4144 ἱεραί
1206 4088 1347 4130 τινες
1406 4066 1607 4122 ἄνωθεν
1660 4065 1955 4142 ὑμνῳδίαιι

299 4161 549 4235 καῖὺπέρ
608 4165 712 4228 τῆς
772 4156 1170 4228 πολυυμνητου
1226 4154 1357 4228 δόξα
1415 4155 1672 4231 ἀσίγητος
1706 4158 1843 4230 μετὰ
1873 4180 1954 4212 τιο

302 4272 388 4313 νος
443 4251 755 4326 ὑπερφυοῦς
802 4243 1031 4309 εὐωδίας
1090 4245 1276 4309 αύτόθι
1324 4245 1412 4300 καὶ
1468 4245 1542 4307 εἰς
1589 4243 1778 4320 τρίτην
1823 4268 1956 4301 κατ-

308 4347 457 4417 εῖχον
513 4340 714 4400 αὐτοὺς
770 4342 952 4409 μεῖζον
983 4334 1020 4405 ἤ
1051 4341 1170 4397 ταῖς
1223 4342 1463 4409 σειρῆσιν
1495 4336 1522 4389 6
1559 4338 1726 4408 μῦθος
1766 4333 1956 4391 δίδωσι

305 4438 406 4486 τῶν
469 4430 781 4504 παριόντων
851 4430 1228 4499 κατακρατεῖν.
1287 4423 1413 4479 Θεία
1482 4422 1538 4479 δὲ
1602 4421 1812 4487 πάντως
1864 4427 1952 4480 καὶ

305 4522 445 4576 τοῦτ’
494 4521 565 4589 ἦν
616 4516 926 4590 οἰκονομία,
983 4515 1072 4569 ἳνα
1128 4513 1219 4569 καὶ
1284 4511 1461 4569 ἄλλου
1522 4514 1821 4589 μυστηρίου
1862 4516 1953 4590 γέ-

2077 1933 2327 2002 apostoli
2342 1933 2610 1988 frondem
2630 1935 2680 1989 ei
2701 1935 3467 2007 tradduntgerminis,quod
3483 1938 3725 2007 angelus

2079 2020 2306 2092 Virgini
2338 2022 2708 2090 exhibuerat,
2742 2029 2799 2077 et
2826 2040 2960 2078 eum
2992 2029 3118 2079 turn
3166 2026 3464 2080 medicum
3497 2026 3724 2080 consti-

2076 2116 2254 2166 tuunt
2282 2111 2523 2165 illorum
2557 2113 2954 2181 Hebraeorum,
2988 2113 3203 2184 quibus
3232 2114 3544 2184 ademptus
3565 2115 3722 2170 visus

2075 2200 2287 2270 fuerat,
2349 2204 2473 2256 tum
2529 2218 2686 2256 sanan
2746 2202 2883 2257 fidei
2942 2219 3299 2273 praeconem.
3358 2203 3489 2274 Ipse
3546 2219 3723 2274 porro

2075 2294 2395 2359 utrumque
2426 2306 2489 2345 re
2522 2290 2649 2360 ipsa
2677 2295 2957 2361 praestat:
2992 2295 3051 2345 et
3079 2290 3307 2345 frondis
3339 2291 3579 2361 quidem
3611 2308 3722 2362 ope

2072 2377 2347 2432 medetur
2374 2379 2691 2449 percussis,
2714 2384 3016 2451 utcunque
3039 2379 3134 2434 isti
3161 2379 3441 2435 inanimae
3462 2381 3725 2436 caecitate

2071 2467 2511 2538 permanserint
2538 2485 2551 2535 ;
2584 2484 2781 2523 veram
2839 2474 3039 2524 autem
3096 2468 3427 2525 doctrinam
3457 2485 3723 2540 nuquam

2071 2556 2309 2612 silentio
2340 2559 2580 2628 pressit.

2145 2647 2363 2701 XXVII.
2397 2647 2505 2711 Qui
2537 2663 2673 2719 ergo
2705 2647 3079 2704 deducebant
3127 2650 3391 2714 cadaver,
3426 2666 3574 2704 novo
3609 2650 3720 2703 hoc

2072 2734 2341 2805 prodigio
2373 2735 2747 2804 laetabantur,
2780 2742 2956 2806 atque
2982 2738 3220 2808 hymnis
3252 2738 3401 2793 alios
3433 2738 3721 2809 adjicien-

2072 2828 2160 2877 tes
2191 2824 2469 2895 hymnos,
2508 2825 2827 2880 alacriores
2857 2826 3006 2880 viam
3041 2826 3115 2880 ad
3167 2826 3505 2897 sepulcrum
3533 2842 3723 2896 usque

2069 2914 2516 2984 percurrebant.
2582 2916 2726 2970 Hinc
2786 2932 2888 2971 eos
2936 2916 3157 2987 excipit
3203 2917 3614 2983 Gethsemane,
3667 2919 3727 2998 et

2073 3003 2341 3059 tumulus
2374 3021 2608 3060 sacrum
2658 3004 2806 3060 illud
2850 3005 3083 3077 pondus
3134 3006 3245 3060 sibi
3295 3005 3595 3077 poscebat.
3630 3005 3726 3059 Hil

2070 3098 2269 3148 autem
2328 3093 2716 3164 purissimum
2775 3093 2926 3149 illud
2982 3094 3287 3150 cimelium
3339 3099 3721 3165 reponentes,

2069 3187 2398 3253 postremas
2430 3181 2482 3237 ei
2516 3182 2720 3238 laudes
2770 3182 3127 3253 persolvunt.
3178 3182 3401 3239 Deinde
3452 3183 3721 3239 incorru-

2068 3277 2234 3343 ptum
2268 3272 2634 3338 thesaurum,
2668 3289 2765 3328 vas
2814 3273 3251 3339 admirandum,
3285 3273 3521 3329 caeleste
3548 3273 3717 3342 illud,
3798 3262 3805 3265 ’

2070 3361 2228 3432 quod
2277 3362 2436 3418 caelis
2477 3362 2622 3434 ipsis
2674 3368 2764 3418 est
2812 3362 3149 3430 sublimius,
3182 3362 3289 3418 sub
3323 3368 3479 3418 terra
3508 3379 3719 3419 recon-

2070 3450 2238 3505 dunL

2138 3542 2459 3610 Postquam
2492 3545 2691 3596 autem
2724 3541 2925 3596 omnia
2957 3556 3188 3596 summo
3221 3557 3355 3596 cum
3388 3542 3635 3608 honore,
3662 3544 3720 3596 et

2067 3647 2173 3700 pro
2205 3629 2365 3684 illius
2396 3629 2703 3702 dignitate,
2736 3639 2975 3701 peracta
3012 3635 3171 3697 sunt,
3204 3635 3263 3685 et
3292 3646 3423 3700 quae
3455 3629 3715 3700 pertine-

2068 3718 2208 3774 bant
2235 3719 2309 3773 ad
2339 3718 2518 3773 funus
2548 3736 2613 3774 ac
2645 3719 3031 3790 sepulturam,
3065 3718 3259 3789 prouti
3294 3718 3394 3772 Dei
3436 3716 3717 3772 Genitrici

2067 3807 2473 3876 conveniebat,
2506 3808 2617 3861 rite
2671 3813 2811 3861 sunt
2866 3806 3116 3877 expleta,
3175 3806 3444 3877 praeclari
3512 3822 3714 3860 rerum

2066 3898 2277 3952 harum
2310 3895 2632 3950 illustrium
2681 3895 2940 3949 ministri
2992 3893 3195 3963 utique
3228 3892 3300 3948 ad
3333 3893 3585 3947 alterum
3612 3908 3715 3947 eo-

2064 4002 2197 4040 rum
2225 4001 2464 4051 munus,
2498 3982 2938 4055 praedicationis
2968 3981 3541 4049 videlicet,animum
3575 3998 3718 4037 con-

2064 4078 2386 4128 verterunt.
2420 4079 2493 4126 At
2532 4088 2726 4144 neque
2775 4089 2964 4138 amor,
2998 4088 3189 4142 neque
3222 4072 3550 4127 reverentia
3581 4086 3719 4142 erga

2065 4164 2445 4235 purissimam
2468 4161 2625 4217 illam
2644 4161 3308 4233 permittebant,utinde
3322 4161 3719 4217 avellerentur

2066 4258 2124 4308 et
2154 4251 2421 4306 caelestes
2450 4250 2694 4321 quidam
2736 4250 2886 4305 sacri
2911 4256 3256 4315 concentus,
3286 4266 3353 4304 ac
3381 4266 3500 4304 non
3532 4249 3714 4304 inter-

2064 4340 2387 4396 missalaus
2406 4340 2562 4394 illius
2582 4339 2740 4394 omni
2756 4340 2981 4394 honore
2995 4339 3355 4411 dignissimae
3378 4338 3557 4393 simul
3579 4353 3715 4393 cum

2065 4431 2231 4485 mirae
2264 4428 2572 4499 cujusdam
2608 4429 2913 4483 suavitatis
2953 4429 3296 4500 fragrantia.
3324 4428 3539 4484 melius
3571 4444 3713 4484 sane

2063 4536 2130 4575 ac
2159 4519 2220 4572 in
2252 4518 2559 4572 Sirenibus
2590 4518 2705 4572 vim
2747 4518 3053 4574 detinendi
3092 4524 3521 4590 praetereuntes
3550 4536 3715 4575 com-

300 4633 488 4666 νωνται
520 4609 779 4676 ἐπόπται,
827 4607 916 4661 καὶ
966 4605 1150 4660 πιστοὶ
1197 4606 1430 4680 κήρυκες
1478 4608 1574 4659 τοῦ
1617 4603 1891 4680 φανέντος,
1924 4604 1954 4660 6'

2073 4608 2457 4662 miniscantur
2486 4607 2721 4671 fabulae,
2749 4606 2884 4662 illos
2909 4607 3129 4663 ibidem
3157 4609 3229 4664 ad
3253 4610 3495 4665 tertium
3526 4624 3714 4680 usque

296 4706 382 4754 νῦν
416 4702 445 4755 6
476 4700 647 4773 λόγος
679 4696 810 4772 ἐρεῖ.

2063 4696 2221 4751 diem
2252 4695 2573 4751 retinuere.
2611 4697 2824 4750 Verum
2883 4701 2941 4751 et
2994 4696 3051 4750 id
3106 4697 3303 4752 divino
3353 4714 3595 4768 prorsus
3626 4701 3718 4752 est

296 4792 541 4849 numine
564 4790 808 4856 factum,
840 4791 905 4843 ut
935 4785 1180 4841 alterius
1211 4800 1449 4857 quoque
1480 4786 1743 4857 mysterii
1777 4790 2141 4857 spectatores
2168 4784 2495 4856 fidelesque
2522 4785 2779 4857 portenti
2810 4785 2970 4840 illius
2993 4803 3293 4857 praecones
3315 4786 3530 4855 forent,
3556 4787 3715 4857 quod

295 4887 647 4937 enarratura
678 4893 838 4932 nunc
869 4875 1056 4931 oratio
1092 4879 1201 4931 est.

364 4970 496 5025 KH’.
562 4962 827 5040 Βραδύνει
878 4984 962 5025 τις
1012 4966 1121 5017 τῶν
1176 4959 1525 5030 ἀποστόλων,
1576 4961 1666 5017 καὶ
1724 4962 1957 5037 ἄμοιρος

299 5060 499 5135 γίνεται
549 5062 653 5126 τῆς
703 5053 826 5127 περὶ
881 5054 981 5123 τὴν
1039 5054 1217 5131 ταφὴν
1248 5050 1457 5122 ἐκείνην
1492 5048 1786 5113 διακονίας.
1825 5052 1958 5108 Εἶτα

298 5149 484 5225 φθάνει
541 5149 643 5209 τῆς
733 5142 924 5216 τρίτης
1007 5140 1302 5211 ἐπιστάσης
1385 5142 1616 5214 ἡμέρας·
1698 5140 1953 5213 μανθάνει

298 5236 397 5303 τήν
441 5231 683 5305 διαέριον
741 5233 849 5285 τῶν
907 5226 1323 5283 συναποστόλων
1381 5226 1706 5282 συνέλευσιν·
1743 5231 1954 5301 μυεῖται

296 5326 362 5380 τὰ
418 5317 700 5398 παράδοξα
772 5318 952 5374 ἐκεῖνα
1024 5316 1117 5373 καὶ
1189 5316 1485 5392 πράγματα
1549 5318 1638 5373 καὶ
1699 5315 1954 5392 μελῳδή.

303 5432 465 5489 ματα,
524 5411 617 5467 καὶ
673 5407 851 5465 πάντα
902 5403 1295 5475 ἐκδιδάσκεται,
1345 5408 1435 5462 οἷα
1488 5407 1627 5462 κατᾶ
1667 5409 1766 5477 τὴν
1808 5407 1956 5481 ἱερὰν

297 5497 451 5574 ἐξέϐη
507 5499 764 5569 τελετήν.
821 5498 910 5559 Ὦς
970 5494 1027 5551 δὲ
1085 5494 1310 5572 οὐράνιά
1392 5515 1512 5551 τινα
1566 5495 1656 5552 καὶ
1712 5498 1956 5575 ὑπερφυᾶ

302 5591 610 5648 διακοόσειε
668 5588 739 5643 τὰ
826 5584 1156 5662 πραχθέντα,
1214 5582 1573 5655 ἐκπλήττεται
1677 5588 1797 5661 μὲν,
1864 5588 1953 5642 καὶ

301 5680 596 5756 θαυμάζει,
655 5675 814 5754 ἀλγεῖ
870 5672 950 5748 δὲ,
1004 5674 1080 5738 ὡς
1137 5672 1303 5749 εῗκὸς,
1352 5674 1440 5731 καὶ
1494 5671 1739 5751 λύπηρὸν
1786 5674 1956 5732 οἲεταί

2126 4965 2375 5019 XXVIII.
2425 4963 2825 5019 Procrastinat
2871 4963 3271 5035 apostolorum
3322 4962 3583 5033 quidam,
3619 4966 3712 5014 at-

2055 5072 2169 5125 que
2200 5056 2345 5112 adeo
2375 5072 2578 5110 exsors
2624 5060 2827 5111 manet
2872 5055 3103 5110 funerei
3154 5053 3314 5108 illius
3364 5051 3705 5114 ministerii,

2055 5145 2443 5201 Illucescente
2500 5144 2638 5199 dein
2699 5144 2877 5198 tertia
2926 5144 3021 5198 die
3081 5142 3361 5197 advenit:
3420 5140 3586 5196 audit
3633 5141 3706 5196 de

2054 5235 2527 5305 coapostolorum
2558 5250 2664 5305 per
2713 5233 2939 5288 aethera
2970 5232 3029 5286 in
3063 5229 3339 5286 eumdem
3372 5230 3565 5285 locum
3601 5231 3705 5285 ad-

2052 5328 2275 5380 ventu:
2354 5322 2526 5378 discit
2599 5321 2671 5376 de
2742 5321 2912 5376 miris
2984 5319 3100 5375 illis
3171 5324 3292 5374 tum
3350 5318 3519 5375 factis
3576 5325 3703 5375 tum

2053 5411 2459 5477 concentibus,
2535 5414 2711 5480 atque
2794 5409 2993 5464 omnia
3067 5408 3333 5478 docetur,
3418 5425 3705 5481 quaecun-

2053 5517 2168 5572 que
2200 5501 2259 5553 in
2316 5513 2483 5553 sacra
2540 5496 2641 5551 illa
2688 5512 2905 5568 pompa
2957 5502 3292 5553 evenerant.
3346 5498 3450 5555 Ubi
3500 5504 3699 5557 autem

2053 5588 2309 5644 caelestia
2341 5585 2614 5658 quaedam
2646 5602 2711 5641 ac
2742 5590 2958 5657 praeter
2982 5592 3208 5643 naturae
3240 5587 3398 5659 leges
3421 5589 3573 5644 mira
3600 5607 3701 5661 pa-

2052 5682 2204 5735 trata
2234 5674 2477 5749 audivit,
2511 5675 2857 5751 percellitur
2894 5676 3018 5750 ipse
3053 5683 3110 5734 et
3140 5676 3537 5752 obstupescit;
3570 5684 3698 5736 tum
