4030 6212
304 371 422 435 155

1457 365 1757 432 ISIDORI
1801 365 2574 430 THESSALONIGENSIS

3601 369 3720 432 156

303 521 460 565 νει-α
492 509 558 562 ut
587 522 682 562 res
704 503 1138 575 ferebat,dolet,
1163 504 1562 575 acerbumque
1586 502 1766 558 habet
1795 501 1954 574 quod

2082 499 2128 555 τὸ
2201 495 2436 574 συμϐὰν,
2497 499 2587 556 καὶ
2654 497 2862 580 σφόδρα
2935 499 3242 573 πληττεται
3306 501 3406 573 τὴν
3467 499 3720 578 καρδίαν,

306 597 418 653 sibi
449 600 746 664 evenerat,
781 601 839 650 et
868 595 1082 649 intimo
1116 593 1294 649 corde
1345 593 1614 648 tristatur
1645 593 1964 648 vehemen-

309 693 417 754 ter,
450 685 609 757 quod
640 685 802 740 solus
834 683 1061 738 tardius
1091 684 1338 750 venerit,
1373 683 1535 737 solus
1566 681 1723 738 haud
1747 681 1962 753 dignus

306 777 550 832 etl'ectus
605 773 803 839 fuerit,
859 772 959 843 qui
1003 777 1060 827 et
1105 773 1267 828 illam
1300 788 1530 827 summe
1561 770 1962 826 venerandam

306 871 607 938 postrema
637 880 706 918 ea
747 863 896 918 hora
942 863 1187 930 videret,
1221 878 1684 934 supremumque
1716 861 1803 916 illi
1834 861 1962 916 vale

303 955 546 1018 diceret,
580 958 637 1008 et
668 958 911 1024 aspectu
945 957 1028 1007 tot
1059 951 1418 1008 mirabilium
1441 952 1738 1006 frueretur
1764 967 1777 1005 :
1803 950 1963 1006 solus

304 1043 384 1099 ibi
415 1042 684 1098 funebris
730 1042 1098 1096 cmremonia)
1143 1057 1274 1097 cum
1310 1041 1540 1096 dilectis
1573 1040 1748 1095 sociis
1777 1039 1961 1111 parti-

306 1148 446 1204 ceps
476 1149 595 1187 non
631 1131 946 1187 exstiterit.
993 1133 1062 1186 At
1109 1147 1268 1197 vero,
1323 1128 1808 1202 quandoquidem
1839 1133 1964 1184 stu-

305 1221 518 1294 pendis
549 1221 668 1276 illis
698 1237 820 1276 non
850 1221 1122 1288 atfuerat,
1171 1219 1284 1275 hoc
1334 1219 1545 1275 saltem
1574 1223 1760 1291 rogat,
1796 1222 1864 1273 ut
1891 1216 1965 1272 ad

307 1311 494 1367 beatae
527 1310 691 1366 illius
722 1309 1065 1382 sepulcrum
1097 1309 1213 1364 sibi
1247 1308 1421 1364 liceat
1468 1307 1772 1373 accedere,
1805 1322 1966 1362 amo-

303 1400 692 1471 ventibusque
726 1399 812 1455 eis
839 1397 1208 1471 operculum,
1249 1397 1499 1454 cadaver
1539 1396 1686 1452 illud
1717 1395 1964 1467 intueri,

307 1494 365 1546 et
395 1489 763 1560 amplecti,et
787 1485 1069 1553 adorare;
1103 1486 1216 1542 hoc
1251 1487 1410 1542 enim
1442 1491 1613 1557 pacto
1647 1490 1704 1540 et
1725 1482 1967 1556 aliquod

310 1579 421 1634 sibi
454 1579 518 1632 in
550 1577 888 1632 calamitate
921 1575 1200 1632 solatium
1223 1575 1497 1648 praeberi,
1520 1574 1967 1647 plurimumque

308 1668 527 1725 auferri
559 1667 853 1732 maeroris,
922 1671 981 1723 et
1039 1666 1336 1722 tarditatis
1398 1664 1789 1738 ignominiam
1821 1679 1968 1735 quo-

311 1755 628 1813 dammodo
660 1754 880 1826 depelli
927 1771 1102 1827 posse
1161 1753 1578 1810 arbitrabatur.
1617 1755 1966 1826 Symmystm

311 1846 512 1916 itaque
538 1860 763 1900 morem
797 1845 849 1900 ei
883 1850 1154 1917 gerentes
1178 1845 1423 1917 (quippe
1445 1843 1545 1915 qui
1567 1843 1783 1899 dilecto
1807 1843 1967 1898 socio

313 1933 633 1990 admodum
683 1933 911 1989 dolenti
961 1932 1403 2004 condolebant),
1435 1932 1733 2004 supplices
1765 1937 1823 1986 et
1851 1933 1969 1986 Deo

315 2028 374 2079 et
401 2023 566 2080 Matri
611 2023 742 2094 ejus
799 2039 1005 2095 preces
1065 2023 1420 2079 eﬂuderunt.
1453 2023 1596 2078 Cum
1626 2038 1763 2076 vero
1795 2038 1969 2093 oper-

317 2112 518 2168 culum
557 2112 694 2168 dein
726 2129 757 2168 e
789 2113 1062 2184 sepulcro
1106 2113 1485 2177 amovissent,
1520 2129 1553 2167 ο
1586 2116 1926 2184 portentum
1954 2110 1965 2164 ι

317 2200 566 2256 cadaver
614 2217 993 2272 nequaquam
1042 2201 1414 2256 invenerunt.
1448 2202 1575 2256 Non
1621 2200 1778 2254 enim
1810 2216 1969 2254 mor-

319 2293 458 2346 tuus
486 2293 610 2344 erat
643 2289 775 2346 fons
804 2291 974 2356 vitae;
1036 2306 1227 2360 neque
1269 2290 1484 2344 humus
1531 2306 1600 2344 ac
1631 2289 1970 2359 sepulcrum

321 2379 423 2434 diu
454 2386 650 2452 tegere
695 2397 793 2434 vas
838 2379 984 2434 illud
1001 2395 1242 2450 prorsus
1281 2395 1496 2434 novum
1529 2383 1777 2450 poterat,
1813 2377 1971 2447 quod

2069 588 2154 644 ὅτι
2188 591 2354 662 μόνος
2384 592 2772 664 καθυστέρησε,
2834 590 2998 665 μόνος
3053 591 3153 647 ούκ
3212 591 3414 663 ἠξίωτο
3445 593 3536 648 καὶ
3591 589 3724 648 ἰδεῖν

2069 679 2169 748 τήν
2212 679 2481 753 πάντιμον
2540 677 2877 750 τελευταῖον,
2935 681 3028 735 καὶ
3083 679 3384 736 ἀποδοῦναι
3429 681 3496 738 τὰ
3538 681 3725 754 ἐξιτή-

2073 788 2184 842 ρια,
2241 769 2332 824 καὶ
2385 775 2487 838 τῆς
2540 768 2660 831 θέας
2717 773 2826 824 τῶν
2903 769 3218 844 Θαυμασίων
3284 775 3492 850 τυχεῖν⁶
3557 771 3726 845 μόνος

2073 855 2298 912 ἐνταῦθα
2361 865 2460 929 τῆς
2524 859 2647 933 περῖ
2722 859 2821 928 τήν
2889 859 3122 936 ἐκφορὰν
3189 865 3305 922 τοῖς
3370 860 3554 938 φίλοις
3619 862 3726 917 οὐκ

2075 947 2406 1018 ἐκοινώνησε
2463 949 2830 1026 λειτουργίας.
2889 950 3067 1020 Ἀλλ’,
3129 951 3347 1028 ἐπείπερ
3415 950 3722 1031 ἀπελείφθη

2072 1043 2180 1092 τῶν
2240 1035 2558 1113 παραδόξων
2626 1037 2869 1109 ἐκείνων,
2932 1045 3014 1112 τῷ
3069 1041 3223 1118 τάφῳ
3269 1040 3589 1116 προσελθεῖν
3637 1041 3730 1096 αἴ-

2071 1132 2243 1182 τεῖται
2273 1134 2374 1197 τῆς
2431 1130 2724 1203 μακαρίας,
2782 1131 2869 1184 καὶ
2929 1129 2992 1186 τὸ
3059 1129 3326 1202 κάλυμμα
3357 1129 3416 1185 ὲκ
3449 1132 3615 1203 μέσου
3649 1142 3730 1195 θε-

2077 1214 2273 1290 μένων,
2341 1213 2472 1272 ἰδεῖν
2534 1219 2626 1273 τὸν
2691 1218 2902 1292 νεκρὸν,
2968 1217 3058 1273 καὶ
3124 1218 3568 1292 περιπτύξασθαι,
3633 1221 3728 1274 καὶ

2075 1312 2469 1380 προσκυνῆσαι,
2519 1306 2611 1362 καὶ
2643 1308 2790 1363 οὑτω
2844 1313 3034 1386 τυχεῖν
3091 1309 3438 1382 παραμυθίας
3477 1309 3727 1382 ἐνόμιζεν

2073 1393 2161 1449 ἐπὶ
2215 1399 2285 1468 τῇ
2337 1400 2611 1472 συμφορᾷ,
2659 1401 2761 1466 τῆς
2800 1417 2862 1452 τε
2892 1397 3043 1459 ἀνίας
3098 1397 3161 1452 τὸ
3201 1402 3456 1453 πλεῖστον
3511 1418 3733 1473 περιαι-

2077 1484 2308 1557 ρεῖσθαι,
2359 1484 2450 1539 καὶ
2501 1486 2601 1554 τήν
2655 1491 2756 1554 τῆς
2818 1481 3156 1561 βραδυτῆτος
3231 1486 3545 1565 ὑποχωρεῖν
3597 1483 3732 1542 ἀδο-

2077 1573 2211 1644 ξίαν,
2268 1575 2334 1632 Οἱ
2368 1572 2460 1628 οὗν
2504 1579 2819 1648 συμμῦσται
2865 1574 3190 1646 πεισθέντες,
3240 1575 3588 1652 συνήλγησαν
3623 1575 3727 1653 γὰρ

2079 1664 2217 1718 πάνυ
2275 1661 2660 1740 περιαλγοῦντι
2717 1669 2795 1737 τῷ
2851 1664 3020 1744 φίλῳ,
3077 1665 3248 1740 εύγάς
3304 1665 3615 1740 ἱκετηρίους
3644 1667 3726 1739 τῷ

2078 1756 2195 1822 Θεῷ
2224 1773 2282 1806 τε
2337 1751 2649 1826 ἀνέπεμψαν
2708 1753 2800 1808 καὶ
2851 1757 2920 1828 τῇ
2978 1751 3187 1809 ἐκείνου
3227 1755 3420 1830 μητρί.
3453 1753 3555 1811 Καὶ
3591 1755 3731 1828 μετὰ

2077 1845 2261 1911 τοῦτο,
2292 1843 2500 1916 γυμνὸν
2528 1846 2625 1898 τοῦ
2673 1843 3035 1916 καλύμματος
3078 1843 3171 1899 τὸν
3215 1844 3387 1919 τάφαν
3429 1843 3735 1914 πεποιηκόο

2078 1950 2190 1997 τες,
2221 1929 2315 1986 τὸν
2361 1931 2570 2006 νεκρὸν,
2603 1930 2648 1986 ὤ
2676 1937 2774 1987 τοῦ
2822 1933 3096 2004 θαύματος
3122 1934 3134 1988 ι
3184 1928 3431 2008 εὕρισκον
3461 1929 3734 2006 οὐδαμοῦ.

2075 2017 2216 2078 Οὐδὲ
2256 2020 2362 2096 γὰρ
2411 2021 2596 2096 νεκρὸς
2645 2022 2711 2090 ἦν
2759 2023 2793 2091 ἡ
2845 2023 2994 2095 πηγὴ
3027 2029 3126 2092 τῆς
3155 2027 3324 2094 ζωῆς,
3373 2019 3500 2078 οὐδὲ
3529 2030 3598 2098 γῆ
3633 2016 3734 2078 καὶ

2074 2111 2244 2189 τάφος
2275 2107 2570 2165 καλύπτειν
2627 2111 2772 2190 εἶχεν
2821 2110 2906 2166 ἐπὶ
2965 2111 3170 2186 μακρὸν
3199 2112 3262 2166 τὸ
3290 2112 3382 2168 τὸν
3432 2113 3730 2188 ἀχώρητον

2077 2205 2342 2275 χωρῆσαν
2409 2199 2724 2254 καινότατον
2785 2204 2991 2262 σκεῦος·
3035 2197 3126 2255 διὰ
3177 2205 3337 2256 τοῦτο
3375 2201 3564 2281 ἂφίησι
3607 2203 3730 2275 μὲν,

2079 2289 2172 2342 ἅτε
2225 2289 2301 2360 μή
2351 2286 2528 2362 ἐκείνῃ
2574 2289 2642 2344 τά
2692 2289 2842 2344 κάτω
2889 2287 3207 2360 καάλληλα·
3259 2288 3424 2346 ἄνεισι
3471 2289 3528 2346 δὲ
3562 2293 3736 2367 ὑπερ-

2079 2380 2253 2454 φυῶς,
2312 2370 2437 2430 ἔνθα
2485 2377 2514 2432 ὁ
2563 2381 2830 2454 συγγενὴς
2875 2377 3015 2452 αὐτῇ
3064 2380 3463 2454 παρεσκεύαστο
3522 2385 3732 2456 χῶρος,

322 2467 994 2538 incomprehensibilem
1028 2467 1088 2522 iu
1110 2484 1172 2522 se
1203 2466 1772 2539 comprehenderat;
1806 2470 1982 2536 atque
2014 2465 2234 2521 idcirco
2288 2483 2417 2522 eam
2448 2467 2714 2540 dimittit,
2766 2473 2969 2538 utpote
3000 2470 3098 2526 cui
3128 2470 3336 2526 intima
3363 2469 3490 2526 hmo
3526 2469 3741 2526 nulla-

321 2561 497 2613 tenus
527 2561 929 2614 consentanea
957 2562 1179 2612 essent.
1213 2558 1344 2629 Ipsa
1374 2573 1548 2628 porro
1579 2555 1920 2612 mirandum
1950 2555 2012 2610 in
2037 2555 2282 2612 modum
2313 2573 2381 2613 eo
2411 2557 2697 2627 ascendit,
2719 2558 2819 2614 ubi
2849 2575 3143 2632 congruus
3170 2560 3258 2616 illi
3289 2565 3528 2632 paratus
3558 2559 3726 2616 locus

321 2647 538 2704 fuerat.

391 2737 587 2793 XXIX.
628 2737 836 2792 Fertur
865 2753 1040 2808 porro
1073 2740 1132 2792 et
1160 2735 1275 2792 alia
1305 2735 1544 2792 traditio
1592 2737 1792 2807 (quam
1839 2735 1972 2806 qui-

330 2825 466 2882 dem
495 2825 805 2882 incredula
828 2843 863 2883 a
889 2824 1166 2882 ﬁdelibus
1209 2841 1351 2882 aure
1400 2824 1589 2896 excipi
1620 2830 1834 2880 caetera
1863 2841 1974 2896 pu-

334 2915 586 2972 rissima)
645 2915 940 2989 magnalia
987 2915 1336 2988 neutiquam
1393 2914 1792 2987 permittunt),
1825 2915 1976 2970 hanc

333 3005 582 3073 scilicet,
637 3010 954 3077 postquam
1002 3005 1279 3077 sepulcro
1326 3009 1482 3060 tecta
1519 3005 1646 3076 jam
1679 3004 1891 3074 fuerat,
1919 3009 1978 3059 et

330 3098 651 3165 antequam
683 3093 753 3160 is,
779 3094 881 3164 qui
908 3091 1100 3148 serius
1128 3093 1407 3158 accurrit,
1430 3092 1974 3160 advenisset,visam

2157 2735 2278 2791 Ke‘.
2335 2736 2494 2813 Ἔχει
2551 2733 2610 2791 δὶ
2665 2735 2755 2791 καὶ
2821 2735 3006 2812 λόγος,
3074 2736 3132 2793 δν
3193 2742 3316 2801 τοῖς
3378 2743 3592 2802 πιστοῖς
3659 2739 3724 2794 ού

2086 2830 2361 2899 συγχωρεῖ
2427 2822 2723 2881 διαπιστεῖν
2791 2826 2857 2881 τά
2919 2827 3054 2881 κατά
3125 2827 3224 2896 τὴν
3291 2827 3582 2904 πάναγνον,
3651 2826 3730 2890 ὡς

2085 2908 2187 2986 ἄρα
2243 2911 2485 2968 τεθέαται
2543 2919 2658 2976 τοῖς
2712 2915 3043 2978 ἀποστόλοις
3103 2915 3239 2989 μετά
3289 2916 3389 2986 τῆν
3445 2914 3591 2990 ἱεράν
3634 2936 3737 2971 τα-

2085 3003 2216 3078 φὴν,
2247 3001 2373 3076 πρὶν
2431 3001 2467 3072 ἢ
2523 3004 2614 3058 τὸν
2661 3003 2998 3080 βραδύναντα
3049 3001 3532 3078 ἐπιδεδημηκέναι,
3576 3003 3734 3079 μάλα

2087 3088 2358 3166 λαμπρῶς
2410 3091 2488 3154 εἷς
2575 3093 2836 3167 ούρανοὺς
2895 3093 3136 3162 ἀνιοῦσα,
3204 3094 3294 3149 καὶ
3365 3094 3500 3166 μετά
3565 3092 3733 3166 δόξης

320 3181 506 3238 fuisse
531 3181 818 3253 apostolis
849 3181 924 3236 ad
955 3181 1127 3237 czelos
1155 3180 1634 3253 splendidissime
1657 3181 1969 3237 ascenden-

2086 3179 2378 3256 ἀγγελικῆς
2438 3182 2569 3255 ὑπὲρ
2630 3179 2792 3258 λόγον
2863 3181 3274 3259 προερχομένη.
3340 3182 3430 3238 καὶ
3490 3182 3736 3260 ἀῤῥήτου

324 3279 466 3343 tem,
487 3275 762 3344 interque
783 3271 1078 3343 angelicos
1099 3271 1356 3327 honores
1383 3272 1532 3326 mire
1556 3273 1975 3343 procedentem

327 3367 506 3435 atque
537 3378 736 3418 aerem
785 3360 1072 3416 ineﬂ‘abili
1131 3361 1481 3433 implentem
1536 3360 1878 3433 fragrantia.
1911 3364 1980 3417 Et

2085 3269 2177 3324 τὸν
2236 3270 2366 3345 ἀὲρα
2421 3269 2761 3345 πληρώσασα
2813 3269 3060 3334 εὐωδίας.
3122 3278 3275 3350 Σαφῆ
3309 3269 3368 3328 δὶ
3394 3271 3575 3344 τούτῳ
3632 3274 3738 3342 τὴν

2088 3357 2360 3430 ἀπόδειξιν
2391 3356 2582 3414 δίδωσι
2613 3361 2701 3415 καὶ
2729 3363 2764 3431 ἡ
2796 3366 2894 3415 τοῦ
2922 3361 3093 3438 τάφου
3123 3361 3370 3423 κένωσις.

323 3452 460 3509 huic
490 3449 732 3524 quidem
761 3450 934 3505 famas
983 3448 1352 3506 luculentam
1400 3448 1579 3505 ﬁdem
1634 3449 1776 3506 illud
1825 3452 2004 3508 etiam
2043 3451 2203 3519 facit,
2249 3451 2411 3522 quod
2457 3467 2706 3508 vacuum
2749 3452 2890 3508 dein
2930 3453 3270 3526 sepulcrum
3299 3453 3477 3510 fuerit
3515 3453 3734 3510 inven-

323 3547 474 3600 tum.

393 3630 570 3688 Aliud
591 3630 836 3702 insuper
864 3633 1196 3696 enarratur,
1229 3629 1387 3701 quod
1414 3634 1471 3685 et
1498 3628 1652 3685 facto
1708 3627 1835 3702 ipso
1859 3629 1974 3684 evi-

323 3719 671 3778 dentissima
717 3719 1126 3790 conﬁrmatur,
1173 3725 1357 3774 totam
1412 3735 1656 3792 prorsus
1708 3717 1972 3790 corporis

322 3812 484 3870 illius
513 3810 818 3884 purissimi
850 3811 1097 3883 figuram
1129 3809 1398 3882 sepulcro
1437 3810 1788 3881 impressam
1820 3825 1968 3877 esse,

325 3917 394 3958 ac
426 3899 686 3971 sculptili
745 3898 924 3954 veluti
986 3916 1163 3971 opere
1222 3898 1594 3971 designatum
1645 3897 1969 3953 clarissime

327 3990 511 4058 cerni,
546 3994 832 4062 quantum
857 3988 1166 4060 qualemve
1199 3987 1393 4044 locum
1425 3986 1872 4044 tabernaculum
1901 3985 1970 4041 il-

325 4079 428 4136 lud
457 4078 720 4134 divinum
749 4077 832 4133 ibi
865 4077 1200 4150 depositum
1231 4077 1696 4148 occupaverit,ut
1722 4075 1969 4143 scilicet,

329 4167 833 4241 quemadmodum
865 4167 1011 4222 mihi
1036 4165 1285 4233 videtur,
1303 4166 1364 4220 in
1387 4165 1500 4221 hoc
1521 4180 1756 4236 quoque
1787 4164 1972 4236 puris-

325 4257 476 4314 sima
523 4256 629 4312 illa
675 4255 1130 4311 similitudinem
1175 4271 1308 4309 cum
1352 4253 1647 4310 Salvatore
1685 4261 1958 4327 gereret;

327 4353 386 4403 et
415 4348 567 4402 sicut
595 4347 658 4402 in
693 4345 998 4402 Dominico
1027 4345 1128 4400 illo
1155 4344 1426 4416 sepulcro
1449 4343 1575 4401 sola
1597 4345 1802 4401 relicta
1834 4351 1973 4400 sunt

324 4433 524 4496 lintea,
557 4434 638 4489 ita
668 4439 726 4487 et
755 4435 813 4488 in
847 4434 1158 4488 Genitricis
1187 4433 1522 4488 Conditoris
1552 4434 1822 4505 sepulcro
1846 4434 1972 4490 sola

323 4537 430 4594 pro
462 4519 662 4575 linteis
697 4522 989 4592 impressa
1010 4528 1344 4577 servaretur
1374 4523 1602 4596 imago:
1635 4528 1760 4578 tum
1792 4523 1970 4578 etiam

323 4613 388 4664 ut
419 4607 608 4680 ipsius
638 4610 1082 4681 assumptionis,
1114 4627 1244 4681 quae
1277 4617 1553 4666 narratur
1583 4618 1640 4667 et
1686 4611 1968 4672 creditur.

321 4696 676 4770 praeclarum
725 4697 1068 4769 perenniter
1111 4700 1518 4756 testimonium
1550 4701 1675 4772 ipse
1708 4700 1971 4755 tumulus

322 4785 681 4842 intuentium
704 4786 890 4843 oculis
913 4785 1217 4860 objiceret,
1237 4805 1355 4844 non
1379 4806 1547 4844 secus
1570 4805 1637 4844 ac
1669 4805 1969 4844 sacrarum

323 4891 560 4948 quoque
593 4874 1017 4932 laudatissimm
1047 4876 1211 4934 illius
1241 4876 1639 4950 lacrymarum
1678 4878 1969 4948 impressa

323 4967 491 5041 signa
520 4965 848 5022 etiamnum
879 4965 1117 5040 praefert
1159 4967 1214 5039 (ο
1246 4971 1586 5039 portentum
1613 4965 1649 5038 !)
1684 4965 1834 5036 lapis
1868 4965 1967 5020 ille

323 5057 717 5126 venerandus,
742 5057 840 5129 qui
875 5064 1174 5114 mortuum
1207 5057 1569 5112 Salvatorem
1601 5054 1852 5111 sindone
1883 5055 1969 5111 in-

321 5147 583 5206 volutum
615 5147 866 5219 excepit,
898 5145 1118 5218 quique
1147 5144 1368 5200 uestris
1398 5150 1456 5200 et
1485 5143 1672 5200 oculis
1701 5149 1759 5200 et
1789 5143 1968 5200 tactui

324 5239 641 5294 manifesta
671 5237 1064 5308 lacrymarum
1095 5236 1262 5307 signa
1283 5233 1542 5289 exhibet.

393 5327 560 5382 XXX.
593 5329 664 5381 Et
693 5343 833 5382 sane
891 5343 999 5398 par
1030 5325 1272 5382 omnino
1323 5331 1469 5394 erat,
1501 5328 1566 5380 ut
1603 5324 1785 5397 (quod
1816 5324 1973 5380 circa

323 5419 568 5470 caeteros
597 5421 832 5473 sanctos
863 5416 1082 5472 factum
1121 5416 1416 5488 novimus)
1447 5415 1596 5472 nihil
1632 5431 1838 5472 eorum
1870 5415 1973 5471 de-

326 5501 706 5574 cideret,qum
729 5505 802 5560 ad
824 5506 1159 5563 testandam
1189 5507 1524 5579 purissima)
1557 5505 1973 5563 celsitudinem

325 5596 662 5663 opportuna
689 5593 898 5649 forent.
933 5597 1275 5652 Prmsertim
1302 5613 1437 5652 vero
1467 5612 1601 5651 cum
1632 5596 1974 5652 nullatenus

324 5685 788 5738 consentaneum
823 5687 997 5750 esset,
1029 5688 1094 5737 ut
1132 5684 1207 5740 ad
1238 5685 1728 5744 sanctificationis
1755 5691 1975 5743 nostra

2149 3629 2275 3686 Ἔτι
2324 3623 2381 3682 δὲ
2440 3625 2656 3706 λέγεται
2711 3627 2802 3683 καὶ
2855 3627 3029 3692 ἄλλος
3078 3628 3462 3706 ἐναργέστατος
3503 3631 3596 3686 καὶ
3628 3630 3739 3686 αύ-

2076 3717 2193 3786 τὸς,
2234 3715 2568 3794 ἐγγραφῆναι
2599 3721 2678 3790 τῷ
2713 3718 2870 3797 τάφῳ
2918 3716 3050 3774 ὅλον
3114 3717 3252 3789 δῆτα
3295 3719 3390 3775 τὸν
3429 3719 3599 3775 τύπον
3631 3723 3733 3776 τοῦ

2080 3805 2337 3880 σανάγνου
2400 3805 2608 3862 ἐκείνου
2676 3807 2949 3880 σώματος’
3031 3807 3123 3863 καὶ
3188 3808 3428 3882 καθάπερ
3492 3807 3554 3864 ἐκ
3610 3806 3737 3864 δια-

2077 3894 2299 3972 γλυφῆς
2328 3916 2472 3958 τινος
2522 3893 2895 3971 ἀριδηλότατα
2943 3896 3353 3969 ὲξεικονίζεσθαι
3403 3899 3497 3954 τὸν
3535 3900 3734 3971 τόπον,

2079 3985 2204 4041 ὅσον
2250 3985 2340 4040 καὶ
2391 3987 2510 4040 οἷον
2561 3987 2595 4054 ἡ
2654 3989 2752 4041 τοῦ
2811 3986 2960 4042 θείου
3011 3990 3243 4058 σκήνους
3274 3987 3472 4064 ἐπέσχε
3499 3989 3733 4053 κατάθες

2079 4094 2184 4143 σις,
2213 4072 2339 4149 ἐμοὶ
2370 4071 2538 4142 δοκεῖ,
2586 4072 2675 4130 ’ἱνα
2729 4076 2830 4145 τήν
2889 4077 3026 4151 πρὸς
3069 4077 3163 4132 τὸν
3199 4079 3432 4145 Σωτῆρα
3459 4076 3734 4134 κάνταῦθα

2078 4166 2229 4239 σώσῃ
2287 4165 2570 4219 κοινωνίαν
2625 4165 2660 4233 ἡ
2718 4165 3009 4241 πάναγνος.
3072 4165 3173 4222 Καὶ
3226 4163 3409 4242 ὥσπερ
3457 4167 3487 4221 ὁ
3530 4163 3734 4222 δεσπο-

2076 4258 2228 4317 τικὸς
2253 4255 2422 4328 τάφος
2451 4252 2652 4317 ἐκεῖνος
2700 4253 2767 4310 τὰ
2819 4253 3006 4318 ὀθόνια
3059 4253 3345 4332 διετήρησε
3387 4258 3548 4330 μόνα,
3581 4258 3731 4312 οὕτω

2078 4342 2168 4398 καὶ
2199 4345 2228 4398 ὁ
2257 4350 2359 4412 τῆς
2386 4346 2484 4397 τοῦ
2531 4343 2760 4398 Κτίστου
2817 4344 3039 4418 Μητρὸς
3093 4346 3285 4422 τάφος,
3314 4346 3406 4400 τὸν
3445 4343 3736 4420 ἔγκοιλαν-

2079 4432 2234 4488 θέντα
2279 4433 2444 4504 μόνον
2497 4432 2665 4488 τύπον
2725 4432 2845 4488 ἀντὶ
2902 4439 3012 4489 τῶν
3079 4435 3306 4498 ὀθονίων
3373 4437 3528 4512 φέρῃ’
3592 4437 3742 4512 πρὸς

2080 4515 2138 4574 δὲ
2180 4519 2271 4573 καὶ
2322 4517 2470 4581 ὅπως
2523 4525 2624 4588 τῆς
2681 4518 2980 4594 λεγομένης
3032 4521 3123 4576 καὶ
3181 4521 3576 4594 πιστευομένης
3603 4526 3736 4599 περὶ

2080 4608 2251 4677 αὐτῆς
2311 4605 2636 4681 ἀναλήψεως
2687 4607 2944 4682 λαμπρὰν
3002 4609 3083 4664 hei
3149 4611 3365 4685 παρέχῃ
3421 4612 3484 4666 τὸ
3535 4615 3734 4684 μνῆμα

2003 4701 2194 4792 υτοῖς
2223 4697 2388 4792 ὁρςυσι
2448 4698 2546 4766 τήν
2613 4699 2934 4792 μαρτυρίαν,
2969 4699 3088 4792 οῒογ
3143 4696 3212 4768 δὴ
3261 4701 3351 4754 καὶ
3403 4704 3508 4754 τῶν
3565 4701 3734 4776 ἱερῶν

2077 4793 2177 4856 τῆς
2217 4785 2613 4860 πολυυμνήτου
2662 4785 2906 4863 δακρύων
2962 4787 3017 4850 ἐς
3065 4785 3222 4865 δεῦρο
3271 4788 3417 4869 φέρει
3459 4789 3588 4852 τοὺς
3636 4789 3746 4846 τύ-

2077 4897 2214 4938 πους
2272 4877 2300 4931 ὁ
2353 4876 2444 4931 τὸν
2504 4882 2739 4951 Σωτῆρα
2797 4873 3084 4951 δεξάμενος
3141 4875 3348 4933 σινδό-σι
3406 4879 3590 4953 νεκρὸν
3655 4881 3749 4934 εὶ-

2077 4963 2428 5038 λισσόμενον,
2461 4961 2506 5019 ὢ
2534 4969 2630 5020 τοῦ
2656 4965 2933 5040 θαύματος
2958 4967 2971 5022 !
2997 4961 3292 5040 σεϐάσμιος
3325 4964 3500 5035 λίθος,
3526 4966 3586 5030 ὅς
3619 4968 3741 5024 ἀπό

2075 5075 2134 5110 τε
2179 5060 2279 5124 τῆς
2333 5052 2510 5128 ὅψεως
2558 5055 2647 5110 καὶ
2699 5056 2839 5132 άφῆς
2885 5057 3089 5132 τρανὴν
3138 5057 3280 5129 ἡμῖν
3325 5059 3424 5125 τήν
3469 5062 3578 5112 τῶν
3635 5054 3738 5112 δα-

2077 5143 2257 5220 κρύων
2286 5143 2470 5200 εἰκόνα
2499 5141 2865 5220 διασημαίνει.

2154 5325 2234 5384 Λ’.
2269 5325 2476 5402 Ἐχρῆν
2535 5325 2658 5400 γὰρ,
2717 5323 2788 5379 δι’
2846 5325 2919 5378 ὧν
2973 5324 3037 5380 τὸ
3095 5323 3231 5398 ὕψος
3286 5318 3395 5379 ἔδει
3431 5324 3738 5398 μηνύεσθαι

2078 5421 2180 5484 τῆς
2234 5414 2540 5489 Πανάγνου,
2603 5411 2774 5486 μηδὲν
2831 5413 2968 5468 κατά
3019 5412 3149 5476 τοὺς
3206 5412 3436 5475 λοιποὺς
3472 5411 3742 5490 διαῤῥεῖν.

2081 5502 2312 5564 ’Ἄλλως
2372 5522 2432 5556 τε
2480 5504 2571 5557 καὶ
2603 5500 2716 5558 οὐδ’
2785 5503 2846 5558 ἂν
2903 5503 2970 5572 ἦν
3037 5501 3345 5558 ἀκόλουθον
3378 5511 3743 5572 πιστευθῆναι

2087 5593 2182 5666 μὶν
2251 5594 2388 5665 ἡμῖν
2484 5595 2593 5646 τῶν
2672 5591 2883 5648 λοιπῶν
2949 5593 3118 5667 ἁγίων
3192 5594 3258 5647 τὰ
3324 5591 3442 5668 ἱερά
3508 5594 3746 5666 σώματα

2085 5683 2354 5756 ἀγιασμοῦ
2401 5678 2598 5756 ἕνεκεν,
2645 5685 2743 5739 τοῦ
2788 5679 2844 5740 δὲ
2893 5703 2956 5760 γε
3005 5683 3220 5740 πάντων
3265 5682 3573 5758 ἀγιωτάτου
3630 5685 3750 5740 σώο
