4090 6208
281 432 397 492 I57

1155 429 1419 494 SERMO
1461 430 1541 494 IN
1585 425 2170 495 DORMITIONEM
2214 427 2285 489 Β.
2332 427 2407 489 ν.
2453 426 2748 490 ΜΑΒΙιΕ.

3597 442 3713 502 158

284 586 455 639 ματος
484 564 703 634 ἐκείνης
754 565 889 638 μήτ’
933 561 1097 641 ἲχνος
1144 566 1178 636 ἢ
1226 585 1417 636 τυπον,
1466 565 1502 635 ἢ
1550 585 1606 621 τι
1651 568 1761 621 τῶν
1794 561 1942 619 ἐκεί-

2057 562 2405 635 praesidium
2452 569 2801 619 caeterorum
2862 565 3103 635 quidem
3155 575 3496 629 sanctorum
3543 592 3713 635 sacra

280 676 381 724 νην
445 654 953 729 σκιαγραφοῦντων,
1010 651 1182 727 μηδὲν
1233 653 1647 733 περιλελεῖφθαι
1699 652 1769 710 δι’
1816 653 1944 723 ἲσην

283 742 483 801 αἰτίαν.
533 744 709 815 Οἶμαι
760 739 842 811 δὲ,
891 741 983 797 καὶ
1031 739 1128 796 ’ίνα
1169 743 1234 797 τὸ
1285 742 1473 818 περιὸν
1520 741 1597 805 είς
1629 742 1947 819 άγιαστικὴν

284 828 523 905 δῦναμιν
570 837 674 900 τῆς
718 832 1002 907 πανάγνου
1051 827 1365 906 διαδειχθῇ,
1408 829 1497 886 διὰ
1524 832 1690 888 τοῦτο
1721 830 1949 886 καὶτῶν

282 920 575 995 ἁχράντων
636 918 856 974 ἐκείνων
919 917 1112 992 μελῶν
1171 920 1249 981 εἰς
1305 923 1455 992 ἡμᾶς
1512 921 1565 974 οἱ
1588 919 1750 975 τύποι
1788 919 1945 992 μόνοι

278 1008 634 1082 παρέμειναν,
706 1008 797 1063 ἅτε
862 1004 929 1077 δὴ
999 1011 1161 1063 τοῦτο
1215 1006 1527 1081 δυναμένων
1563 1028 1577 1077 ;
1617 1005 1831 1081 μᾶλλον
1888 1004 1946 1062 δὲ

274 1098 363 1152 καὶ
428 1096 601 1151 πλέον
660 1101 769 1151 τῶν
820 1100 918 1151 τοῦ
968 1097 1116 1171 ίεροῦ
1178 1095 1391 1167 ἐκείνης
1423 1095 1681 1171 λειψάνου
1732 1096 1941 1165 τύπων,

278 1185 411 1260 ὅπερ
456 1185 546 1240 ἐπὶ
578 1191 689 1240 τῶν
722 1185 935 1240 λοιπῶν
970 1185 1138 1261 ἁγίων
1170 1183 1302 1241 ὅλον
1332 1187 1395 1241 τὸ
1419 1184 1696 1259 λείψανον.

2058 668 2307 724 corpora
2337 652 2509 707 nobis
2540 653 3060 723 concrederentur,
3090 658 3335 731 virginei
3366 680 3501 719 vero
3533 666 3714 741 hujus

2057 746 2343 812 corporis,
2377 746 2644 796 omnium
2680 758 2821 797 sane
2844 746 3225 815 sanctissimi,
3260 766 3370 805 nec
3400 755 3710 828 vestigium

2057 845 2169 884 nec
2199 831 2392 899 imago
2424 846 2533 885 nec
2556 831 2857 902 quidpiam
2879 834 3041 889 aliud
3084 853 3213 892 eam
3261 840 3623 900 adumbrans
3649 845 3710 901 in

2057 917 2332 974 eumdem
2367 920 2546 973 ﬁnem
2570 920 3311 991 relinqueretur.Arbitror
3342 934 3710 1001 autem,ideo

2057 1007 2238 1061 etiam
2270 1006 2784 1063 immaculatorum
2819 1026 3023 1066 eorum
3047 1014 3454 1073 membrorum
3488 1019 3706 1092 figuras

2055 1097 2468 1152 tantummodo
2500 1098 2574 1152 ad
2606 1115 2714 1153 nos
2760 1115 2947 1173 usque
3005 1105 3387 1176 remansisse,
3422 1114 3485 1162 ut
3516 1112 3711 1181 potior

2054 1184 2125 1240 ad
2155 1185 2646 1241 sanctiﬁcaudum
2677 1188 2765 1241 vir
2787 1188 2867 1243 tui
2901 1190 3232 1259 purissimae
3265 1197 3702 1269 ostenderetur,

275 1294 411 1333 cum
441 1276 721 1332 videlicet
748 1276 946 1349 palam
978 1277 1168 1344 ﬁeret,
1201 1276 1347 1333 illud
1379 1277 1599 1348 ipsum,
1631 1275 1790 1347 quod
1819 1276 2049 1347 integra
2078 1273 2329 1329 aliorum
2364 1280 2705 1331 sanctorum
2736 1277 2984 1350 pignora
3012 1287 3315 1354 praestant,
3373 1285 3432 1341 id
3480 1286 3697 1359 ipsum,

275 1368 461 1423 immo
492 1382 633 1421 vero
666 1366 845 1421 etiam
876 1365 1011 1437 plus
1040 1382 1214 1438 posse
1247 1365 1371 1422 sola
1400 1380 1701 1422 sacrarum
1735 1366 1864 1437 ejus
1896 1364 2239 1420 exuviarum
2269 1365 2533 1436 vestigia.

347 1455 485 1512 KA'.
520 1452 677 1510 Ἀλλ’
726 1451 851 1507 οὐδὲ
893 1459 995 1522 τῆς
1045 1453 1203 1527 ἁγίας
1252 1452 1313 1508 ἂν
1363 1450 1572 1524 ἐκείνης
1603 1451 1835 1522 εἰκόνος,
1867 1452 1944 1513 ὡς

2125 1452 2322 1507 XXXI.
2358 1455 2594 1523 Verum,
2626 1460 2693 1509 ut
2720 1457 2866 1510 mihi
2897 1457 3141 1528 quidem
3172 1461 3424 1531 videtur,
3450 1482 3523 1520 ne
3546 1467 3704 1539 ejus-

274 1540 449 1618 ἕγωγε
533 1543 722 1616 οἶμαι,
778 1541 845 1596 τά
925 1546 1152 1597 τοιαῦτα
1211 1540 1486 1614 δήπουθεν
1568 1541 1942 1616 εἷκονίσματα,

2054 1542 2217 1597 modi
2249 1542 2490 1614 quidem
2515 1551 2734 1600 sancta)
2765 1546 2927 1601 illius
2959 1548 3236 1621 imaginis
3266 1554 3531 1626 vestigia,
3564 1555 3707 1611 divi-

274 1631 430 1709 λὲγω
479 1628 539 1685 δὲ
585 1632 715 1693 τοὺς
762 1630 942 1693 θείους
989 1630 1216 1697 τύπους,
1266 1633 1443 1709 φέρειν
1495 1631 1641 1707 εἶχεν
1690 1633 1725 1701 ἠ
1766 1636 1862 1706 γῆ,
1896 1630 1944 1685 εἲ

320 1741 329 1743 -
425 1722 441 1739 ε
671 1721 687 1743 ι
757 1720 1013 1743 ηυηΔ
1072 1720 1161 1743 ηπ
1217 1721 1337 1743 νυμ
1408 1719 1565 1743 κηνκρε
1623 1717 1941 1743 ﬁxis-”

2053 1646 2162 1686 nas
2187 1632 2430 1702 inquam
2462 1632 2593 1688 illas
2623 1634 2860 1706 ﬁguras,
2889 1638 3190 1709 suscipere
3215 1645 3371 1696 terra
3388 1644 3700 1715 potuisset,

2047 1720 2159 1743 _.'-:
2194 1738 2432 1743 .__-_-__-
2465 1722 2703 1743 n___n-_
2770 1741 2831 1743 ,-,
2896 1742 2901 1743 ,
3094 1729 3198 1743 παι·
3348 1731 3358 1741 ο
3598 1733 3663 1743 ι-.

274 1741 338 1798 γε
370 1722 452 1794 μή
510 1718 604 1774 καὶ
665 1721 694 1774 ὁ
755 1720 1014 1791 Ηλάστης
1069 1720 1163 1775 καὶ
1217 1721 1340 1783 Υἱὸς
1398 1719 1568 1791 αὐτῆς
1616 1717 1943 1802 πολυειδοῦς

2047 1720 2159 1775 nisi
2194 1738 2435 1792 prorsus
2465 1722 2706 1778 Creator
2727 1741 2963 1796 quoque
2994 1744 3062 1783 ac
3094 1729 3277 1785 Filius
3309 1731 3459 1802 ejus,
3492 1733 3701 1789 multi—

271 1806 451 1864 ἕνεκεν
500 1807 773 1883 ὠφελείας
823 1815 941 1871 τοῖς
988 1810 1140 1867 κάτω
1187 1811 1288 1879 τήν
1338 1810 1542 1865 οἱκείαν
1589 1807 1798 1879 ἐκείνην
1846 1798 1935 1863 καὶ

274 1899 419 1963 θείαν
489 1896 810 1973 ἐδωρήσατο
908 1901 1150 1977 μορφήν.
1239 1897 1491 1975 Αὐγάρῳ,
1558 1898 1617 1961 ὃς
1684 1895 1940 1969 Ἐδέσσης

272 1992 490 2065 ἠγεῖτο,
608 1987 700 2043 τὸν
820 1987 1092 2062 ἀτίμητον
1213 1986 1415 2042 ἐκεῖνον
1519 1986 1846 2060 ἐμπιστευθῆ
1854 2008 1937 2042 ναι

270 2077 550 2151 ἀκούομεν
619 2076 915 2151 θησαυρόν.
954 2079 1069 2134 Ἵνα
1129 2074 1312 2132 τοίνυν
1390 2078 1466 2151 μὴ
1527 2081 1609 2150 τῷ
1684 2077 1793 2149 Υἱῷ
1830 2080 1939 2131 τῶν

266 2169 405 2223 ’ἰσων
466 2165 813 2238 ἀπολίπηται
862 2168 1128 2223 κάνταῦθα
1175 2170 1210 2238 ἠ
1280 2168 1655 2242 ὓπεράμωμος
1712 2170 1933 2243 Μήτηρ,

272 2253 365 2312 διὰ
391 2260 568 2312 ταῦτα
595 2255 688 2311 καὶ
720 2261 793 2334 γῇ
828 2257 1247 2333 συγκεχώρηται
1294 2257 1391 2319 τὰς
1422 2257 1572 2332 ἱερὰς
1603 2256 1829 2327 ἐκείνας,
1863 2257 1936 2318 ὡς

271 2346 515 2423 ἀῖρηται,
547 2346 892 2422 θησαυρίζειν
926 2342 1247 2424 σφραγῖδας.

343 2525 498 2583 Ἐπεὶ
546 2528 640 2582 καὶ
687 2527 827 2582 κατὰ
870 2523 1058 2581 πολλὰ
1099 2525 1162 2580 ἂν
1205 2523 1320 2581 ’ἰδοι
1369 2546 1452 2588 τις
1499 2522 1645 2580 ἄλλα
1685 2531 1765 2597 τῳ
1808 2524 1932 2580 Κτί-

274 2635 372 2690 at];
427 2617 494 2671 τὸ
546 2614 776 2693 ἐμφερὲς
829 2616 1106 2685 σώζουσαν
1153 2616 1256 2683 τὴν
1306 2614 1706 2690 πανάχραντον.
1748 2614 1932 2670 Καθά-

270 2726 372 2779 περ
421 2706 531 2779 γάρ
581 2703 788 2767 ἐκεῖνος
847 2701 966 2760 ἔπιε
1026 2706 1122 2777 μὲν
1178 2706 1242 2760 τὸ
1302 2709 1401 2760 τοῦ
1457 2704 1685 2759 θανάτου
1736 2701 1806 2758 δι’
1835 2701 1935 2776 ἒμὶ

268 2800 566 2874 ποτήριον,
626 2799 691 2854 οὗ
748 2798 886 2853 κατᾶ
938 2796 1068 2860 τοὺς
1123 2797 1357 2861 λοιποὺς
1434 2795 1492 2853 δὲ
1541 2803 1651 2853 τῶν
1708 2802 1931 2872 νεκρῶν,

274 2889 541 2961 μόνιμον,
598 2888 676 2951 ὡς
751 2887 943 2958 εἰπεῖν,
1026 2886 1202 2943 οὶκίαν
1268 2888 1361 2943 τὸν
1418 2888 1587 2963 τάῳον
1640 2885 1931 2958 ἔκτήσατο,

270 2975 439 3046 ana,
498 2978 564 3033 τὸ
614 2983 895 3053 προσῆκον
952 2975 1102 3049 αὐτῷ
1172 2978 1513 3054 καταγώγιον
1572 2975 1929 3048 ἐπιζητήσας,

2047 1810 2217 1882 plicis
2235 1811 2622 1867 emolumenti
2641 1830 2799 1886 ergo,
2814 1816 3113 1887 propriam
3130 1819 3294 1874 illam
3313 1819 3698 1893 divinumque

2050 1899 2299 1971 ﬁguram
2324 1902 2706 1957 terrestribus
2736 1902 2891 1958 dono
2942 1905 3225 1963 dedisset.
3251 1908 3554 1979 Siquidem
3581 1912 3699 1967 Ab-

2047 1994 2315 2064 garo,qui
2339 1994 2569 2050 Edessee
2601 1995 2997 2068 principatum
3028 2000 3693 2073 obtinebat,pretiosum

2045 2082 2216 2138 illum
2248 2083 2521 2141 audimus
2569 2087 2952 2143 commissum
3006 2089 3188 2145 fuisse
3222 2091 3585 2149 thesaurum.
3619 2094 3691 2150 Ut

2046 2188 2182 2244 ergo
2213 2189 2288 2228 ne
2318 2174 2379 2228 in
2414 2175 2523 2230 hoc
2554 2174 2796 2246 quidem
2826 2178 3143 2248 purissima
3168 2180 3350 2234 Mater
3381 2179 3688 2237 dissimilis

2043 2261 2188 2317 Filio
2221 2268 2395 2333 esset,
2446 2270 2761 2336 propterea
2790 2266 2903 2322 hoc
2932 2268 3110 2323 etiam
3143 2268 3344 2324 datum
3375 2275 3466 2325 est
3496 2275 3693 2340 terrm,

2044 2355 2110 2406 ut
2138 2367 2305 2407 sacra
2334 2351 2432 2408 illa
2460 2354 2647 2420 signa,
2691 2354 2848 2409 velut
2880 2355 3223 2413 thesaurum
3254 2359 3596 2431 quemdam,
3628 2366 3695 2417 ut

2044 2438 2270 2496 dictum
2299 2446 2407 2509 est,
2437 2457 2619 2513 penes
2643 2460 2704 2499 se
2737 2445 3113 2503 reconderet.

2116 2532 2186 2584 Et
2214 2547 2359 2587 sane
2382 2532 2560 2588 etiam
2591 2534 2786 2604 quoad
2813 2534 2931 2589 alia
2982 2535 3157 2607 plura
3209 2538 3515 2608 pervidere
3558 2541 3690 2610 quis

2044 2620 2281 2692 poterit,
2315 2622 2931 2679 Immaculatissimam
2963 2641 3098 2681 cum
3117 2627 3390 2682 Creatore
3423 2627 3693 2683 similitu-

2044 2708 2245 2764 dinem
2278 2726 2561 2766 servasse.
2581 2712 2726 2766 Nam
2746 2714 3246 2782 quemadmodum
3267 2714 3367 2771 ille
3397 2715 3547 2771 bibit
3567 2717 3695 2787 qui-

2044 2796 2179 2853 dem
2209 2803 2451 2869 propter
2468 2815 2564 2854 me
2585 2799 2862 2871 poculum
2882 2803 3112 2867 mortis,
3144 2820 3264 2858 non
3281 2809 3481 2860 tamen
3503 2806 3694 2860 instar

2043 2886 2298 2943 aliorum
2328 2892 2698 2943 mortuorum
2720 2888 3086 2957 stabilem,ut
3105 2891 3187 2947 ita
3208 2891 3424 2959 dicam,
3449 2893 3689 2949 domum

2044 2974 2382 3047 sepulcrum
2414 2974 2524 3030 sibi
2557 2976 2783 3045 habuit,
2817 2978 2920 3033 sed
2950 2983 3018 3033 ut
3045 2996 3368 3052 congruam
3400 2988 3697 3052 quaereret

274 3064 492 3137 ανὲστη·
549 3062 696 3119 οὕτω
752 3064 844 3120 καὶ
902 3067 937 3135 η
996 3069 1095 3120 τοῦ
1150 3068 1507 3142 Δημιουργοῦ
1573 3066 1773 3139 Μήτηρ
1830 3065 1934 3121 ὑπὸ

2046 3063 2156 3119 sibi
2189 3063 2413 3132 sedem,
2436 3065 2759 3120 resurrexit
2783 3081 2797 3132 ;
2828 3066 2913 3122 sic
2944 3068 3122 3123 etiam
3152 3070 3484 3127 Conditoris
3515 3073 3698 3128 Mater

272 3160 380 3229 γῆν
444 3154 543 3226 μὲν
593 3151 786 3223 ἦλθεν,
848 3154 962 3226 ἅμα
1015 3173 1076 3208 τε
1131 3152 1336 3209 ἒκεῖνον
1400 3152 1739 3228 μιμουμένη,
1781 3157 1848 3227 τῇ
1878 3173 1937 3207 τε

274 3241 483 3297 ἐκείνου
559 3244 730 3318 ψήφῳ
805 3241 1130 3314 πειθομένη,
1197 3242 1264 3312 ἢν
1338 3244 1396 3297 οἱ
1470 3243 1734 3317 πρόγονοι
1808 3241 1937 3316 πρὶν

271 3329 594 3399 ἀκηκόασιν,
656 3330 723 3399 ἦν
787 3330 893 3405 γὰρ
952 3328 1177 3399 ἀληθῶς
1230 3330 1322 3385 καὶ
1379 3329 1517 3399 αὖτή
1580 3350 1639 3385 εκ
1684 3336 1783 3399 τῆς
1810 3336 1935 3405 γῆς,

274 3419 440 3473 εἶκαὶ
475 3416 650 3491 μηδὲν
696 3439 750 3472 τι
798 3420 991 3495 γήϊνον
1042 3420 1179 3474 κατᾶ
1229 3416 1472 3474 διάνοιαν
1504 3413 1705 3496 ἔφερεν·
1740 3417 1935 3489 ἀνέστη

278 3504 356 3575 δὲ,
410 3508 503 3561 καὶ
560 3506 640 3568 εἷς
698 3507 963 3581 οὐρανοὺς
1018 3506 1246 3577 ἀνέπτη,
1306 3506 1432 3572 ἔνθα
1486 3508 1574 3562 καὶ
1643 3508 1671 3562 ὁ
1736 3507 1937 3577 ταύτης

276 3597 424 3659 Υἱός.
477 3597 586 3654 Καὶ
650 3594 832 3670 ὥσπερ
877 3599 1177 3671 τριήμερος
1238 3595 1416 3666 ἐκείνη
1449 3598 1483 3665 ἡ
1531 3595 1763 3673 ἐγερσις,
1821 3616 1937 3651 πα-

278 3685 602 3759 ραπλησίως
662 3686 754 3740 τὸν
810 3684 929 3740 ’ἰσον
988 3685 1221 3760 ἀριθμὸν
1276 3689 1385 3740 τῶν
1449 3687 1667 3760 ἡμερῶν
1702 3684 1935 3757 ἐτήρησε

276 3774 366 3827 καὶ
422 3776 583 3845 αὐτή·
636 3775 728 3829 καὶ
776 3774 1018 3848 καθάπερ
1063 3776 1099 3845 ἡ
1156 3779 1256 3829 τοῦ
1316 3774 1593 3830 Δεσπότου
1646 3774 1932 3836 ἀνάστασις

278 3869 415 3941 σαφῆ
470 3863 567 3935 μὲν
615 3865 752 3935 ἡμῖν
799 3862 892 3916 τὸν
941 3862 1174 3937 ἀριθμὸν
1224 3861 1485 3937 ἐγνώρισε
1526 3867 1636 3917 τῶν
1686 3865 1936 3936 ἡμερῶν,

280 3951 360 4007 δτι
418 3954 745 4027 τριήμερος,
803 3945 1001 4027 ἔκρυψε
1073 3949 1131 4006 δὲ
1204 3953 1304 4020 τὴν
1382 3948 1550 4027 ὥραν⁶
1615 3952 1708 4007 τὸν
1768 3951 1935 4008 αὐτὸν

281 4041 476 4114 τρόπον
510 4042 602 4096 καὶ
633 4039 723 4095 ἐπὶ
754 4047 855 4110 τῆς
878 4045 977 4096 τοῦ
1007 4045 1140 4096 Θεοῦ
1171 4041 1420 4116 Μητρός.

346 4221 476 4277 ΑΒ’.
509 4221 635 4276 ’Ἑτι
669 4216 728 4273 δὲ
772 4218 862 4273 καὶ
911 4219 1001 4274 τὸν
1062 4219 1163 4274 τοῦ
1221 4218 1462 4295 φοίνικος
1511 4216 1738 4292 κλάδον,
1772 4220 1830 4275 ’ὸν
1864 4216 1934 4275 δι’

275 4307 511 4386 ἀγγέλου
585 4312 659 4382 τῇ
738 4308 998 4382 μακαρίᾳ,
1075 4308 1315 4384 καθάπερ
1406 4306 1640 4386 ἔφημεν,
1716 4308 1936 4382 πέπομ-

276 4419 364 4477 ιρεν
421 4399 450 4453 ὁ
510 4398 667 4466 Θεὸς,
730 4396 866 4470 πρὸς
930 4397 1136 4467 ταύτην
1166 4395 1229 4451 ἃν
1260 4399 1418 4469 οἶμαι
1466 4397 1566 4466 τὴν
1613 4396 1797 4452 εἰκόνα
1832 4402 1929 4452 τοῦ
1963 4438 2009 4503 D

276 4492 309 4503 .-
399 4492 425 4503 .ι
652 4485 663 4503 1
888 4491 923 4503 ιν
967 4487 991 4503 Δ
1012 4483 1023 4503 θ
1325 4485 1339 4503 \
1459 4484 1479 4503 Χ
1511 4482 1559 4503 νδ
1737 4486 1751 4503 ι
1860 4490 1887 4501 υ

272 4492 528 4560 Σωτῆρος
606 4485 809 4562 φέρειν.
887 4483 1133 4560 Καθάπερ
1213 4485 1350 4558 μετᾶ
1421 4482 1640 4540 κλάδων
1705 4486 1757 4540 οἱ
1820 4490 1928 4541 τῶν

266 4573 531 4653 Ἐϐραίων
559 4574 779 4646 παῖδες,
811 4576 875 4631 τὸ
899 4582 999 4645 τῆς
1027 4577 1217 4639 κακίας
1256 4574 1459 4631 ἄδολον
1488 4576 1702 4645 πλῆθος
1733 4574 1930 4647 ἐκεῖνο,

264 4671 347 4739 τῷ
378 4674 603 4739 Σωτῆρι
634 4666 915 4736 ὑπήντων,
935 4662 1281 4738 ψελλιζοῦσῃ
1310 4685 1370 4720 τε
1400 4663 1622 4740 γλώττῃ
1654 4665 1745 4719 τὸν
1779 4667 1928 4720 αἶνον

262 4757 357 4809 καὶ
403 4757 468 4811 τὸ
528 4749 694 4815 σέϐας
736 4755 1086 4825 κατήρτιζον’
1145 4754 1237 4808 καὶ
1296 4753 1372 4817 ὡς
1425 4751 1649 4817 ἐκείνοις
1677 4751 1824 4823 ἐνῆν,
1860 4741 1930 4809 δι’

264 4845 339 4899 ὧν
395 4843 652 4913 ἐποίουν,
727 4843 956 4913 νικητὴν
1031 4845 1129 4897 τοῦ
1204 4841 1435 4897 θανάτου
1498 4842 1591 4897 τὸν
1652 4843 1925 4915 Δεσπότην

260 4933 577 5010 ὑπέφαινον·
639 4931 784 4988 οὕτω
844 4928 912 5000 δὴ
962 4936 1043 5003 τῷ
1088 4930 1267 5003 πάσης
1315 4931 1550 5006 ἁμυήτῳ
1591 4932 1782 4995 κακίας
1832 4933 1925 5008 ἆγ-

2047 3157 2265 3207 terram
2294 3153 2501 3224 utique
2550 3153 2751 3222 subiit,
2805 3161 2931 3211 tum
2978 3163 3046 3212 ut
3083 3157 3294 3214 Filium
3337 3160 3692 3230 imitaretur,

2046 3247 2172 3297 tum
2203 3243 2384 3298 etiam
2415 3248 2482 3298 ut
2510 3243 2671 3299 illius
2702 3251 2939 3317 pareret
2981 3250 3295 3305 sententias
3343 3250 3481 3323 (24),
3516 3268 3692 3321 quam

2046 3331 2188 3386 olim
2220 3338 2673 3404 protoparentes
2704 3334 3039 3403 audierant,
3074 3338 3293 3410 quippe
3325 3355 3456 3411 qum
3479 3345 3537 3395 et
3565 3340 3697 3412 ipsa

2045 3436 2178 3474 vere
2209 3436 2240 3475 e
2274 3424 2432 3475 terra
2461 3426 2606 3491 erat,
2659 3421 2767 3475 etsi
2822 3423 2972 3477 nihil
3010 3428 3316 3480 terrenum
3365 3425 3693 3482 secundum

2046 3507 2313 3563 animum
2339 3515 2615 3581 gereret;
2675 3516 3088 3567 verumtamen
3131 3514 3478 3583 resurrexit,
3539 3521 3597 3569 et
3634 3516 3695 3570 in

2046 3599 2243 3667 cmlos,
2276 3599 2377 3654 ubi
2408 3605 2535 3655 erat
2564 3604 2622 3654 et
2660 3600 2843 3655 Filius
2876 3602 3028 3672 ejus,
3089 3603 3358 3659 avolavit.
3392 3605 3460 3657 Et
3490 3620 3697 3674 quem-

2046 3688 2368 3747 admodum
2439 3691 2795 3746 resurrectio
2872 3690 2976 3746 illa
3051 3694 3225 3748 tertia
3295 3693 3391 3748 die
3448 3693 3694 3765 contigit

2047 3780 2321 3835 eumdem
2352 3779 2599 3851 perinde
2632 3778 2863 3834 dierum
2894 3795 3213 3835 numerum
3251 3786 3309 3835 et
3337 3781 3464 3852 ipsa
3494 3798 3690 3836 serva-

2044 3869 2163 3935 vit;
2213 3875 2271 3925 et
2302 3869 2454 3924 sicut
2502 3868 2808 3924 Dominica
2838 3870 3195 3924 resurrectio
3227 3876 3428 3941 aperte
3485 3870 3691 3940 utique

2045 3957 2216 4013 nobis
2240 3957 2497 4029 prodidit
2520 3957 2746 4012 dierum
2772 3973 3110 4027 numerum,
3132 3958 3373 4014 tertium
3397 3958 3691 4029 videlicet,

2045 4040 2307 4104 attamen
2358 4047 2566 4101 horam
2608 4044 2904 4113 occuluit;
2955 4046 3231 4102 eumdem
3265 4048 3326 4103 in
3357 4047 3601 4104 modum
3635 4053 3693 4104 et

2046 4136 2151 4192 Dei
2181 4136 2350 4192 Matri
2372 4134 2594 4191 factum
2626 4141 2737 4191 est.

2114 4226 2282 4282 XXII.
2315 4224 2489 4280 Illum
2542 4224 2790 4295 insuper
2832 4224 3046 4295 palmae
3090 4242 3346 4292 ramum,
3378 4243 3555 4299 quem
3586 4244 3694 4299 per

2042 4315 2319 4387 angelum
2344 4314 2529 4369 beatm
2557 4313 2667 4380 illi,
2702 4314 2787 4368 uti
2816 4313 3098 4378 diximus,
3130 4316 3283 4369 Deus
3327 4316 3508 4381 misit,
3541 4317 3694 4371 ima-

2043 4405 2240 4477 ginem
2262 4409 2404 4475 puto
2436 4403 2657 4458 referre
2684 4402 3017 4459 Salvatoris.
3041 4405 3553 4468 Quemadmodum
3578 4406 3694 4461 sci-

2042 4492 2183 4548 licet
2212 4491 2381 4563 pueri
2416 4489 2816 4556 Hebraeorum,
2851 4491 3023 4546 turba
3050 4491 3153 4548 illa
3181 4493 3424 4548 malitia)
3456 4510 3688 4566 expers,

2044 4598 2178 4637 cum
2209 4579 2390 4635 ramis
2446 4580 2732 4635 Salvatori
2771 4581 3181 4651 occurrebant,
3215 4590 3273 4638 et
3324 4583 3689 4640 balbutiente

2041 4667 2245 4739 lingua
2270 4665 2477 4721 laudes
2525 4665 2964 4736 persolvebaut,
3012 4668 3494 4741 praestabautque
3521 4668 3690 4725 obse-

2041 4756 2271 4828 quium,
2303 4760 2362 4811 et
2390 4754 2586 4827 prouti
2618 4759 2897 4826 poterant
2941 4772 3049 4827 per
3074 4773 3164 4825 ea,
3206 4774 3338 4828 qum
3385 4758 3691 4828 gerebant,

2037 4845 2320 4901 victorem
2354 4844 2561 4899 mortis
2596 4844 2910 4900 Dominum
2934 4845 3381 4917 proclamabant
3404 4866 3418 4913 ;
3444 4847 3524 4901 ita
3546 4862 3689 4900 sane

2040 4933 2319 5006 etangelo
2337 4933 2410 4990 ab
2425 4934 2587 4989 omni
2600 4933 2830 4989 malitia
2842 4950 3011 5006 puro,
3026 4934 3433 4992 innocentium
3447 4934 3686 4990 illorum

1628 5061 1770 5122 Ant.
1806 5060 2100 5123 Ballerini
2130 5067 2324 5124 notae.

332 5200 447 5272 (24)
469 5195 845 5272 Sententiam
867 5192 1020 5272 hanc
1041 5191 1223 5272 refert
1242 5191 1392 5248 liber
1414 5192 1656 5249 Genesis
1673 5193 1775 5263 (Ill,
1798 5194 1917 5272 18):

260 5266 439 5327 Donec
474 5266 779 5324 revertaris
805 5266 864 5319 in
912 5266 1225 5330 terram,de
1253 5280 1364 5334 qua
1401 5272 1651 5335 sumptus
1680 5281 1753 5333 es,
1785 5268 1920 5335 quia

248 5344 433 5414 pulvis
464 5358 553 5414 es,
574 5346 633 5414 et
658 5338 722 5393 in
744 5336 1031 5414 puluerem
1061 5335 1367 5391 reverteris.
1401 5336 1688 5414 Quocirca
1717 5335 1921 5414 subdit

253 5409 494 5470 auctor:
522 5412 744 5490 quippe
773 5413 824 5462 et
852 5409 1132 5490 ipsarem
1146 5423 1201 5490 ξ.
1222 5416 1375 5461 terra
1404 5414 1544 5463 erat.
1577 5410 1652 5463 At
1678 5410 1919 5490 nequis

250 5490 505 5562 putaret,
534 5478 837 5562 Virginem
861 5478 1095 5561 beatam
1120 5478 1279 5562 illius
1303 5495 1540 5562 quoque
1564 5478 1918 5562 participem

253 5550 966 5632 Exstitisse_reatus,_quj
1018 5551 1457 5632 mortis‘causa
1497 5550 1628 5618 fuit,
1674 5550 1919 5632 propter

252 5647 421 5702 quem
455 5624 691 5683 scilicet
718 5622 975 5702 gratuito
1020 5622 1491 5702 immortalitatis
1525 5622 1772 5702 munere
1796 5622 1916 5679 hu-

248 5693 489 5759 manum
519 5693 1138 5772 genus'exspoliatum
1172 5698 1283 5762 est,
1316 5693 1593 5768 protinus
1619 5695 1776 5752 idem
1810 5710 1914 5751 au-

2030 5200 2157 5251 ctor
2186 5192 2388 5249 subdit
2412 5208 2423 5247 :
2463 5193 2789 5261 Quanquam
2811 5193 2893 5245 nit
2924 5198 3199 5261 terrenum
3216 5193 3508 5246 secundum
3529 5209 3679 5247 men-

2030 5272 2139 5320 tem
2178 5266 2346 5333 Virgo
2373 5269 2601 5335 gereret.
2630 5260 2789 5335 ’Quin
2823 5262 2943 5335 imo
2966 5260 3224 5335 ulterius
3245 5262 3383 5317 hinc
3407 5278 3471 5335 se
3504 5264 3679 5320 otl‘ert

2028 5330 2444 5405 argumentum
2494 5332 2889 5405 immunitatis
2936 5330 3192 5405 Virginis
3247 5349 3281 5387 a
3329 5334 3520 5405 primo
3575 5336 3678 5392 illo

2027 5402 2215 5462 reatu.
2251 5407 2306 5479 Si
2355 5405 2522 5479 enim
2564 5421 2632 5457 ex
2680 5402 2888 5456 lsidori
2941 5404 3235 5479 sententia
3283 5402 3349 5459 et
3393 5405 3559 5479 Virgo
3608 5425 3677 5463 eo

2025 5480 2165 5533 vitio
2198 5478 2416 5531 infecta
2444 5476 2672 5537 fuisset,
2706 5489 2961 5543 pronum
2984 5474 3228 5530 omnino
3256 5482 3382 5532 erat
3400 5474 3515 5533 hoc
3542 5479 3671 5536 loco

2025 5548 2391 5621 verissimam
2411 5563 2478 5621 ac
2501 5545 2871 5617 potissimam
2895 5560 3141 5621 causam,
3156 5549 3362 5621 mortis
3384 5551 3669 5621 proferre,

2024 5619 2296 5695 videlicet
2324 5618 2624 5695 Virginem
2656 5631 2893 5695 quoque
2938 5632 3005 5672 ea
3049 5618 3232 5695 animi
3289 5618 3667 5695 corruptione

2024 5697 2238 5750 tactam
2271 5688 2478 5758 fuisse,
2511 5705 2641 5761 qum
2673 5688 2975 5745 hominem
3006 5691 3184 5747 morti
3215 5688 3479 5751 tradidit:
