4030 6212
331 365 446 426 159

1473 359 1772 423 ISIDUiil
1814 354 2596 420 THESSAIDNICENSIS

3624 356 3742 420 160

332 514 652 570 puerorum
683 497 834 564 loco,
867 513 1065 552 ramus
1096 495 1267 550 datus
1298 494 1510 560 fuerat,
1535 500 1598 549 ut
1621 509 1756 548 eum
1783 489 1967 546 Domi-

2088 484 2233 561 γέλῳ
2272 485 2389 540 ἀντὶ
2455 490 2562 541 τῶν
2627 483 2839 540 ἀκάκων
2907 485 3112 557 νηπίων
3181 484 3400 544 ἐκείνων
3442 488 3470 544 6
3530 488 3739 553 θαλλὸς

331 605 421 642 nae
453 588 707 648 afferret,
743 603 962 656 perque
995 583 1055 638 id
1085 584 1455 640 referendam
1487 583 1558 638 de
1592 588 1780 638 morte
1799 581 1975 635 victo-

333 677 478 730 riam
515 675 893 746 significaret.

405 765 496 819 Sic
528 771 586 818 et
619 765 678 817 in
713 764 872 818 hisce
904 762 1218 834 imaginem
1252 763 1436 826 illam,
1483 777 1660 832 quam
1692 759 1972 827 diximus,

333 859 533 907 exacte
568 853 626 906 in
659 869 719 907 se
753 853 1071 924 purissima
1113 853 1363 907 servavit
1418 854 1485 905 Et
1533 868 1639 922 par
1683 855 1808 904 erat
1838 866 1972 920 pro-

333 943 504 1008 fecto,
538 941 780 996 utbona
838 943 1020 996 Mater
1066 942 1124 996 in
1175 942 1450 996 omnibus
1501 956 1716 995 novum
1760 939 1972 993 Filium

333 1030 684 1095 imitaretur,
721 1031 1013 1101 simulque
1047 1036 1108 1085 ut
1137 1031 1231 1086 hic
1266 1047 1481 1085 novum
1513 1029 1655 1100 quid
1708 1033 1765 1083 et
1793 1028 1864 1084 ab
1900 1027 1972 1082 iis

329 1119 505 1190 plane
537 1120 835 1174 diversum
877 1121 1064 1185 fieret,
1116 1137 1246 1190 quae
1280 1120 1435 1173 inter
1480 1119 1630 1173 ﬁlios
1688 1122 1970 1172 consueto

331 1217 554 1266 naturae
574 1210 780 1264 ordine
798 1211 1132 1282 progenitos
1147 1226 1470 1280 eorumque
1485 1215 1759 1281 parentes
1782 1207 1975 1263 solent

331 1300 673 1370 contingere
731 1301 860 1354 Fert
892 1300 1050 1354 enim
1099 1304 1322 1354 naturai
1373 1299 1490 1367 lex,
1523 1305 1588 1353 ut
1633 1297 1802 1352 bonis
1833 1295 1972 1351 filiis

330 1389 535 1458 Optimi
563 1395 763 1460 patres
793 1406 900 1444 ceu
931 1389 1231 1459 exemplar
1279 1394 1720 1460 proponantur;
1768 1391 1832 1441 ut
1857 1385 1972 1441 sci-

331 1478 468 1532 licet
501 1495 569 1532 ex
601 1479 885 1533 diuturna
914 1478 1300 1550 experientia,
1333 1494 1464 1548 qua)
1486 1494 1558 1532 ex
1577 1477 1778 1548 elapsa
1799 1479 1970 1532 aetate

333 1567 678 1637 parentibus
739 1566 1005 1632 accessit,
1083 1566 1304 1636 optima
1378 1582 1628 1637 quasque
1695 1563 1970 1636 colligere

333 1660 573 1724 queant.
608 1657 681 1709 At
702 1655 762 1708 in
794 1671 942 1709 nova
971 1655 1073 1709 Dei
1105 1657 1283 1709 Matre
1317 1671 1346 1709 e
1377 1655 1671 1710 contrario
1730 1670 1972 1725 prorsus

330 1759 392 1797 se
427 1760 520 1796 res
551 1743 778 1812 habuit,
813 1747 871 1798 et
894 1744 1056 1798 Matri
1094 1760 1278 1798 novus
1302 1745 1430 1814 ejus
1459 1743 1640 1798 Filius
1673 1742 1736 1798 in
1773 1759 1970 1797 exem-

2080 571 2476 650 ἐγκεχείριστο,
2533 572 2624 628 ’ἶνα
2679 578 2748 648 τῇ
2806 575 3071 650 Δεσποίνῃ
3142 577 3384 651 προσάξῃ
3449 579 3570 651 (m),
3641 579 3733 632 καὶ

2079 664 2178 732 τήν
2207 667 2304 718 τοῦ
2335 662 2563 718 θανάτου
2591 663 2745 734 νίκην
2778 665 3086 739 ὑπογράφῃ.

2149 751 2336 815 Οὕτως
2385 755 2420 823 ἡ
2472 753 2740 830 πάναγνος
2797 749 3038 828 ἀκριϐῶς
3081 754 3350 810 κάνταῦθα
3396 759 3494 826 τὴν
3541 755 3735 828 δηλω-

2080 847 2258 906 θεῖσαν
2295 839 2546 897 διέσωσεν
2605 841 2786 898 εἰκόνα
2842 841 3074 913 ἐκείνην.
3135 842 3286 902 Ἔδει
3316 847 3416 922 γὰρ
3445 852 3515 920 τῇ
3550 849 3734 924 ἄγαθῇ

2079 930 2258 1004 Μητρὶ
2383 928 2462 1008 ἐφ’
2555 928 2722 984 ἅπασι
2828 931 2918 985 τὸν
3025 934 3210 986 καινὸν
3314 933 3734 1008 ἐκμιμήσασθαι

2078 1019 2219 1074 Υἳὸν·
2284 1020 2468 1074 καινὸν
2508 1015 2566 1074 δέ
2617 1040 2670 1074 τι
2709 1021 2798 1074 καὶ
2846 1021 3198 1098 ἀντίστροξον
3265 1033 3738 1096 καινοτομηθῆναι

2079 1108 2300 1164 ἐνταῦθα
2363 1109 2508 1183 παρά
2575 1130 2639 1184 γε
2693 1109 2760 1164 τὰ
2823 1115 2941 1173 τοῖς
3005 1113 3140 1166 κατὰ
3198 1119 3360 1191 φῦσιν
3427 1113 3564 1168 υἱέσι
3595 1117 3738 1187 πρὸς

2075 1198 2201 1259 τοὺς
2239 1198 2493 1262 τεκόντας
2527 1197 2850 1271 τελούμενα.
2882 1201 2943 1258 Ὁ
2976 1201 3070 1273 μὲν
3111 1202 3217 1275 γὰρ
3256 1204 3478 1279 φυσικὸς
3512 1224 3741 1280 συγχω-

2079 1291 2161 1360 ρεῖ
2195 1287 2362 1359 νόμος
2419 1291 2536 1350 τοῖς
2583 1288 2805 1362 ἀγαθοῖς
2853 1294 2960 1344 τῶν
3019 1286 3229 1345 παίδων
3258 1290 3566 1366 ἀρχέτυπον
3597 1294 3734 1356 τοὺς

2076 1371 2325 1449 ἀρίστους
2410 1377 2725 1450 προκεῖσθαι
2802 1376 3050 1452 πατέρας·
3121 1375 3194 1432 ’ἶν’
3279 1373 3459 1458 ἔχοιεν
3518 1378 3578 1435 ἐκ
3629 1387 3740 1450 τῆς

2075 1459 2438 1538 πρεσϐυτέρας
2506 1465 2717 1536 πείρας,
2781 1466 2841 1533 ἢν
2908 1467 2936 1520 6
3002 1465 3205 1544 φθάσας
3275 1467 3476 1542 χρόνος
3529 1467 3739 1544 ἐχορή-

2075 1573 2212 1627 γησε
2276 1558 2391 1615 τοῖς
2473 1557 2709 1623 τοκεῦσι,
2799 1553 3084 1632 συλλέγειν
3151 1557 3217 1612 τὰ
3277 1555 3565 1614 κάλλιστα·
3637 1558 3732 1614 ἐπὶ

2077 1639 2136 1697 δὲ
2163 1649 2262 1712 τῆς
2293 1649 2485 1712 καινῆς
2536 1647 2632 1698 τοῦ
2680 1647 2814 1699 Θεοῦ
2865 1646 3087 1720 Μητρὸς
3148 1645 3457 1702 τούναντίου
3505 1647 3729 1721 γέγονεν

2077 1733 2240 1800 ἅπαν,
2309 1732 2396 1786 καὶ
2467 1733 2494 1787 6
2554 1731 2674 1794 νέος
2740 1731 2946 1802 ἐκείνης
3014 1734 3139 1796 Υἱὸς
3186 1733 3264 1798 εἷς
3305 1734 3612 1811 ἀρχέτυπον
3653 1739 3728 1809 τῇ

326 1830 458 1902 plar
507 1836 594 1885 est
645 1832 1003 1903 propositus,
1055 1832 1114 1886 in
1173 1848 1420 1902 eamque
1474 1831 1598 1886 Filii
1651 1830 1967 1902 imaginem

2080 1820 2257 1896 Μητρὶ
2317 1819 2612 1895 προύτέθη,
2671 1822 2762 1877 καὶ
2829 1823 2964 1896 πρὸς
3023 1823 3230 1893 ἐκείνην
3303 1825 3562 1901 ἀφορῶσα
3629 1842 3733 1891 105

326 1919 528 1975 oculos
549 1920 864 1991 purissima
885 1921 986 1975 illa
1008 1921 1289 1992 defigens,
1307 1928 1365 1976 et
1389 1921 1618 1976 colores
1642 1926 1700 1976 et
1720 1921 1967 1975 formam

2080 1912 2204 1964 Υἱοῦ
2251 1910 2350 1980 τὴν
2410 1909 2591 1965 εἰκόνα
2646 1913 2680 1980 ἡ
2735 1911 3031 1986 Πάναγνος,
3089 1913 3177 1967 καὶ
3209 1913 3401 1982 ἑαυτὴν
3458 1913 3735 1988 ἐχρώννυε

327 2015 386 2065 et
415 2009 776 2065 lineamenta
808 2011 869 2064 in
911 2012 1288 2082 semetipsam
1329 2011 1738 2066 transferebat.
1772 2013 1969 2080 Neque

329 2116 460 2154 vero
518 2105 735 2171 praeter
791 2100 1081 2154 rationem
1115 2101 1173 2155 id
1223 2100 1442 2155 factum
1477 2107 1582 2155 est.
1631 2100 1760 2154 Alia
1809 2099 1969 2154 enim

326 2188 686 2260 sublimique
719 2189 944 2243 ratione
978 2189 1233 2244 Verbum
1265 2191 1505 2245 Creator
1545 2206 1611 2244 ac
1639 2189 1969 2259 purissima:

324 2277 505 2332 Filius
536 2294 668 2331 vere
700 2284 1045 2348 prototypus
1079 2285 1136 2332 et
1165 2279 1372 2348 quavis
1405 2296 1464 2332 re
1497 2277 1614 2333 alia
1668 2277 1972 2348 antiquior

327 2364 688 2432 exsistebat;
738 2365 990 2434 ideoque
1051 2383 1344 2438 congruus
1408 2365 1754 2420 servabatur
1799 2363 1966 2432 ordo,

322 2458 390 2507 ut
435 2453 496 2506 in
541 2452 883 2507 inferiorem
941 2453 1120 2508 decus
1170 2470 1345 2508 omne
1395 2470 1425 2509 e
1479 2453 1783 2525 superiore
1831 2470 1970 2524 pro-

325 2543 554 2598 flueret.

395 2630 614 2687 XXXII.
657 2632 948 2696 Quoniam
994 2634 1108 2704 (25)
1165 2639 1363 2689 autem
1424 2633 1495 2689 de
1555 2634 1750 2705 palma
1789 2635 1966 2706 paulo

327 2726 461 2775 ante
493 2720 772 2785 diximus,
813 2738 1054 2777 necesse
1105 2739 1234 2778 esse
1284 2724 1579 2792 existimo,
1628 2729 1685 2778 et
1740 2724 1966 2779 arboris

327 2809 720 2881 proprietates
769 2810 1199 2878 demonstrare,
1251 2819 1309 2866 et
1356 2829 1536 2884 quam
1588 2814 1714 2868 istm
1745 2813 1968 2869 habent

324 2898 779 2956 similitudinem
833 2918 968 2956 cum
1018 2901 1337 2973 purissima
1397 2903 1723 2958 secundum
1766 2920 1967 2959 meum

317 2989 632 3060 judicium.
695 2991 985 3054 Quoniam
1055 2993 1103 3046 si
1177 3009 1299 3046 non
1371 2991 1538 3047 valde
1611 2994 1966 3049 conveniens

2075 1999 2163 2055 καὶ
2213 1996 2510 2078 διεμόρφου
2555 1999 2645 2054 καὶ
2696 1997 3031 2070 διεικόνιζεν.
3086 2000 3244 2057 Ἀλλ’
3293 2001 3392 2057 οὐκ
3429 1996 3530 2073 ἔξω
3562 2001 3733 2080 λόγου

2075 2089 2165 2144 καὶ
2213 2093 2394 2145 τοῦτο.
2443 2089 2540 2146 Ἢν
2599 2089 2700 2167 γὰρ
2751 2091 2867 2145 καθ’
2915 2087 3098 2165 ἓτερσν
3149 2091 3239 2145 καὶ
3282 2090 3492 2165 ὑψηλὸν
3522 2091 3730 2165 τρόπον

2074 2178 2431 2254 πρωτότυπον
2476 2177 2648 2240 ὐντως
2714 2178 2803 2233 καὶ
2854 2179 3051 2242 παντὸς
3121 2176 3297 2235 ἄλλου
3364 2175 3733 2256 πρεσϐύτερον

2076 2268 2103 2321 6
2167 2267 2510 2340 Δημιουργὸς
2571 2266 2742 2343 Λόγος
2795 2267 2884 2323 καὶ
2953 2268 3074 2330 Υἱὸς
3120 2275 3222 2338 τῆς
3277 2269 3566 2346 πανάγνοψ
3633 2272 3726 2326 καὶ

2076 2353 2162 2411 διὰ
2212 2358 2357 2411 τοῦτ’
2402 2355 2632 2426 ἐσώζετο
2694 2358 2757 2412 τὸ
2800 2357 2967 2427 εἰκὸς,
3011 2361 3109 2412 105
3157 2356 3445 2424 ἐλάττονος
3504 2359 3610 2414 ἀπό
3661 2380 3729 2436 γε

2072 2449 2170 2500 τοῦ
2196 2443 2500 2520 κρείττονος
2531 2443 2833 2520 δεχομένου
2855 2447 2952 2515 τὴν
2978 2445 3255 2522 εὒλογίαν.

2145 2636 2264 2690 AI".
2327 2634 2474 2690 Ἑπεῖ
2506 2631 2554 2688 δ’
2593 2635 2622 2690 6
2654 2633 2822 2710 λόγος
2869 2635 2992 2709 περὶ
3034 2639 3132 2691 τοῦ
3175 2635 3418 2714 φοίνικος
3452 2639 3643 2713 μικρόν
3667 2661 3723 2694 τι

2073 2723 2274 2800 φθάσας
2317 2721 2616 2794 ἐδήλωσεν,
2676 2725 2965 2799 ἀναγκαῖον
3024 2725 3176 2798 οἶμαι
3206 2727 3302 2789 τάς
3351 2747 3409 2782 τε
3439 2725 3725 2798 ἰδιότητας

2074 2812 2240 2884 δεῖξαι
2287 2817 2385 2868 τοῦ
2449 2811 2693 2890 δένδρου.
2751 2817 2842 2869 καὶ
2900 2815 2985 2870 ὅτι
3040 2817 3294 2893 φέρουσιν
3352 2816 3506 2873 αὗται
3579 2821 3729 2896 πρὸς

2071 2905 2169 2972 τήν
2201 2902 2502 2978 Πάναγνον,
2554 2904 2690 2959 κατά
2739 2925 2800 2980 γε
2855 2905 2950 2959 τὸν
2999 2903 3132 2978 ἐμὸν
3190 2903 3380 2982 λόγον.
3443 2908 3592 2964 Ἑπεὶ
3625 2908 3732 2964 οὐκ

2072 2989 2156 3060 ἂν,
2189 2992 2235 3047 εἰ
2270 2993 2345 3067 μὴ
2401 2989 2608 3067 σφόδρα
2661 2995 2936 3067 προσῇκεν
2995 2995 3160 3068 αὐτῇ,
3211 2998 3459 3050 τοιοῦτον
3494 2995 3728 3076 ε’ἰληφεν

323 3085 480 3135 esset
521 3079 652 3152 ipsi,
713 3097 832 3136 non
891 3081 1094 3154 utique
1147 3084 1320 3138 talem
1373 3101 1406 3139 a
1469 3085 1585 3140 Deo
1642 3086 1967 3157 accepisset

2080 3081 2131 3136 ἐκ
2160 3087 2293 3136 Θεοῦ
2322 3078 2544 3139 κλάδον.

319 3185 572 3224 ramum.

394 3257 598 3313 Palma
628 3259 805 3315 arbor
841 3278 1050 3333 parum
1103 3263 1342 3334 quidem
1392 3269 1774 3319 conversatur
1825 3281 1960 3319 cum

325 3353 500 3414 terra,
535 3352 593 3403 et
625 3355 874 3419 tantum,
919 3356 1163 3422 qratum
1211 3353 1398 3422 possit
1455 3354 1857 3409 necessarium
1888 3353 1964 3409 ad

321 3453 494 3492 suum
535 3442 753 3491 statum
784 3438 1095 3494 humorem
1153 3440 1472 3496 attrahere.
1525 3442 1735 3497 Tendit
1764 3449 1963 3498 autem

321 3543 578 3594 sursum,
613 3533 842 3582 erectos
863 3528 1198 3600 producens
1222 3547 1416 3588 ramos
1441 3546 1453 3596 ;
1479 3537 1537 3585 et
1569 3530 1643 3586 ad
1671 3549 1962 3588 summam

320 3632 421 3672 eos
479 3615 853 3670 altitudinem
908 3617 1174 3689 porrigit,
1225 3619 1305 3673 ita
1362 3626 1427 3673 ut
1455 3620 1556 3690 qui
1614 3621 1855 3687 videret,
1889 3622 1964 3677 ad

321 3704 532 3760 cmlum
564 3706 871 3775 pervenire
917 3705 1190 3764 arborem
1242 3709 1498 3780 cogitare
1547 3709 1790 3764 diceret.
1835 3711 1966 3767 Haec

323 3811 456 3848 vero
491 3794 801 3849 manifeste
825 3796 1094 3867 effigiant
1123 3813 1356 3853 summe
1388 3797 1746 3853 laudandam
1783 3799 1966 3871 Virgi-

326 3902 482 3940 nem.
514 3886 658 3939 Nam
694 3884 794 3940 illa
825 3903 1062 3957 quoque
1097 3903 1282 3958 pauca
1313 3887 1552 3958 quidem
1596 3890 1965 3945 terrestrium

323 3973 750 4046 participabat:
786 3975 916 4029 dico
948 3981 1144 4030 autem
1177 3976 1544 4043 alimentum,
1581 3995 1877 4046 somnum,
1910 3985 1968 4035 et

324 4080 693 4134 quaecunque
725 4068 862 4118 sunt
894 4065 1248 4120 necessaria.
1286 4066 1375 4120 Sic
1407 4066 1564 4122 enim
1598 4066 1723 4122 haec
1765 4067 1965 4124 mode-

327 4155 412 4205 ste
444 4150 856 4222 participabat,
893 4156 949 4206 et
981 4157 1046 4206 ut
1075 4152 1478 4207 necessarium
1511 4159 1599 4208 est
1631 4153 1877 4222 homini,
1905 4159 1970 4208 ut

325 4240 664 4296 ostenderet
694 4240 850 4311 quod
883 4258 950 4295 ex
971 4240 1312 4296 hominibus
1340 4247 1467 4298 orta
1489 4249 1613 4298 est:
1649 4245 1967 4315 omniaque

327 4331 440 4384 fert
473 4330 1334 4402 ipsahumanmlegis,quamvis
1362 4331 1688 4387 secundum
1708 4334 1966 4389 animam

1990 3217 2034 3283 ο
2143 3261 2202 3318 Ὀ
2233 3259 2406 3336 φοίνιξ
2456 3261 2518 3316 τὸ
2557 3257 2776 3334 δένδρον
2833 3262 3043 3342 βραχέα
3093 3265 3189 3338 μὲν
3240 3265 3310 3336 τῇ
3337 3267 3410 3341 γῇ
3442 3285 3724 3338 προσομι-

2067 3349 2175 3407 λεῖ⁸
2223 3350 2310 3405 καὶ
2359 3355 2644 3422 τοσοῦτον,
2692 3350 2814 3406 ὅσον
2872 3353 2972 3420 τήν
3029 3353 3322 3431 ἀναγκαίαν
3378 3353 3556 3410 ἕλκειν
3630 3356 3724 3410 ἰκ-

2072 3436 2214 3514 μάδα
2267 3437 2403 3513 πρὸς
2479 3440 2661 3493 στάσιν
2735 3442 2834 3508 τὴν
2895 3442 3108 3498 ἑαυτοῦ
3179 3440 3395 3498 σπεύδει
3455 3441 3512 3498 δὲ
3571 3444 3712 3514 ἅνω,

2068 3526 2304 3589 κλάδους
2355 3526 2610 3592 ῗθυτενεῖς
2658 3525 3018 3604 προϐάλλων,
3068 3532 3157 3586 καὶ
3202 3532 3429 3595 τούτους
3479 3531 3567 3588 ἐπὶ
3601 3536 3719 3606 μή·

2068 3639 2250 3673 κιστον
2302 3616 2441 3689 ὕψος
2492 3615 2800 3688 ἀναδιδοὺς,
2845 3619 2919 3681 ὡς
2971 3622 3170 3696 φθάσαι
3230 3623 3322 3676 τὸν
3372 3621 3595 3697 οὐρανὸν
3641 3624 3724 3678 εἶ-

2070 3727 2164 3762 πεν
2212 3703 2271 3760 ἄν
2315 3727 2397 3768 τις
2449 3703 2574 3761 tam
2619 3704 2856 3779 μελέτην
2907 3713 3074 3772 θεῖναι
3121 3710 3185 3765 τὸ
3249 3707 3484 3784 δένδρον.
3533 3713 3724 3767 Ταῦτα

2071 3793 2129 3849 δὲ
2171 3799 2352 3872 σαφῶς
2399 3795 2647 3864 εἶκονίζει
2692 3797 2790 3864 τήν
2841 3795 3254 3869 πολυύμνητον.
3315 3799 3548 3869 Κάκείνη
3611 3799 3724 3876 γὰρ

2073 3881 2236 3957 ὀλίγα
2295 3883 2390 3956 μὲν
2436 3887 2544 3938 τῶν
2589 3881 2792 3958 γηΐνων
2843 3881 3135 3940 έκοινώνει’
3189 3886 3333 3962 φημί
3385 3884 3440 3941 δὲ
3487 3889 3731 3964 τροφήν,

2073 3973 2261 4045 ὕπνον,
2311 3973 2401 4026 καί
2459 3971 2557 4026 ὅσα
2623 3975 2730 4027 τῶν
2776 3973 3100 4047 ἀναγκαίων·
3153 3973 3296 4029 οὕτω
3345 3975 3447 4052 γὰρ
3512 3974 3727 4031 τούτων

2074 4062 2175 4136 ἄρα
2245 4066 2466 4138 μετεῖχε
2533 4060 2847 4139 σωφρόνως,
2897 4061 2986 4116 καὶ
3042 4063 3117 4125 ὡς
3180 4063 3470 4138 ἀναγκαῖον
3526 4064 3734 4140 ἀνθρώ-

2073 4172 2185 4223 πῳ,
2226 4149 2354 4213 ὥσθ’
2401 4150 2484 4204 ὅτι
2532 4170 2590 4204 τε
2639 4148 2686 4220 ἐξ
2734 4149 3036 4225 ἀνθρώπων
3079 4154 3112 4220 ἡ
3167 4151 3404 4228 πρόοδος
3437 4154 3573 4228 αὐτῇ
3609 4152 3734 4210 δεῖ-

2075 4240 2180 4311 ξαι,
2230 4238 2398 4293 πάντα
2444 4260 2502 4293 τε
2551 4230 2685 4308 αὕτη
2739 4238 2887 4317 φέρει
2932 4243 3030 4294 τοῦ
3069 4241 3402 4314 ἀνθρωπείου
3446 4244 3645 4317 νόμου,
3679 4245 3732 4300 εἰ

2075 4330 2168 4383 καί
2215 4329 2314 4397 τήν
2362 4329 2588 4401 γνώμην
2652 4329 2789 4403 πρὸς
2857 4329 3178 4404 ἀνθρώπους
3225 4329 3324 4386 οὒκ
3389 4332 3455 4401 ἧν
3505 4353 3558 4387 τι
3608 4354 3736 4388 κοι-

331 4419 479 4474 nihil
511 4436 644 4474 cum
677 4420 1022 4474 hominibus
1071 4438 1386 4477 commune
1441 4427 1566 4477 erat
1613 4423 1967 4494 purissimae.

2080 4417 2164 4470 νὸν
2217 4419 2284 4489 τῇ
2335 4415 2600 4492 πανάγνῳο
2651 4415 2720 4470 τὰ
2767 4415 2946 4489 πλείῳ
2995 4414 3054 4471 δὲ
3100 4419 3187 4472 καὶ
3233 4418 3332 4472 ὅσα
3382 4419 3518 4494 πρὸς
3559 4419 3736 4495 λόγον

329 4509 394 4562 ln
425 4507 696 4578 pluribus
726 4515 944 4575 autem,
979 4526 1110 4578 quae
1141 4511 1213 4564 ad
1244 4512 1532 4566 rationem
1592 4512 1806 4567 animae
1839 4529 1967 4582 spe-

2080 4501 2222 4558 ἕλκει
2257 4506 2464 4577 ψυχῆς,
2519 4502 2630 4557 ἄνω
2676 4523 2734 4558 τε
2783 4504 2920 4578 πρὸς
2972 4503 3160 4578 ὑψηλὰ
3201 4504 3292 4560 καὶ
3338 4505 3469 4579 ὑπὲρ
3502 4507 3739 4581 οὐρανὸν

333 4600 513 4661 ctant,
555 4611 789 4649 sursum
846 4595 918 4650 ad
952 4597 1231 4652 sublimia
1288 4606 1346 4653 et
1375 4599 1450 4654 ad
1504 4600 1716 4654 cmlum
1777 4601 1967 4670 ipsum

2080 4591 2238 4647 αὐτὸν
2273 4590 2435 4657 διέθει
2465 4613 2522 4647 τε
2553 4591 2641 4648 καὶ
2674 4589 2939 4648 διίππευε.

329 4684 731 4758 percurrebat,
765 4689 822 4738 et
854 4685 1022 4754 quasi
1045 4703 1196 4756 equo
1229 4688 1504 4742 celeriter
1533 4689 1873 4744 vehebatur.

401 4775 561 4831 Sicut
601 4775 760 4830 enim
818 4775 1121 4844 animalia,
1155 4794 1286 4846 qua)
1336 4777 1445 4832 alis
1504 4779 1751 4848 prardita
1808 4785 1966 4846 sunt,

329 4864 697 4922 descendunt
727 4864 970 4936 quidem
1002 4864 1063 4919 in
1098 4869 1339 4935 terram,
1393 4868 1806 4921 necessitatem
1865 4884 1974 4922 na-

339 4965 484 5012 turae
518 4953 908 5023 consolantia,
941 4953 1044 5009 sed
1077 4971 1312 5026 semper
1341 4955 1622 5011 sublimia
1665 4961 1722 5011 et
1771 4972 1969 5011 aerem

332 5045 690 5113 desiderant,
728 5049 938 5099 etcum
973 5044 1315 5100 hominibus
1355 5045 1692 5101 conversari
1723 5045 1969 5113 nolunt;

333 5137 415 5191 sic
443 5137 491 5190 si
526 5135 778 5192 habebat
809 5132 879 5188 ad
918 5140 1132 5190 terram
1157 5135 1398 5206 quidem
1452 5135 1791 5206 purissima,
1825 5151 1972 5205 quo-

331 5225 491 5280 niam
515 5226 692 5282 homo
715 5229 880 5289 erat;
907 5228 1150 5297 prapter
1173 5223 1528 5280 modestiam
1568 5229 1766 5282 autem
1787 5223 1971 5280 animi

2150 4771 2402 4844 Καθάπερ
2452 4773 2558 4846 γὰρ
2602 4774 2714 4825 τῶν
2766 4771 2941 4841 ζώων,
2997 4772 3100 4827 ὅσα
3147 4772 3329 4850 τρένρει
3357 4775 3572 4850 πτερὸν,
3600 4775 3742 4830 κάτ-

2077 4880 2184 4915 εισι
2249 4860 2342 4933 μὶν
2407 4860 2484 4922 εἰς
2555 4867 2682 4934 γῆν,
2731 4861 2828 4929 τήν
2885 4864 3116 4937 φυσικὴν
3169 4863 3406 4938 ἀνάγκην
3477 4886 3738 4940 παραμυ-

2081 4949 2340 5022 θούμενα,
2387 4950 2450 5006 τὸ
2496 4947 2554 5004 δὲ
2611 4951 2745 5024 ὕψος
2797 4949 2878 5005 ἀεὶ
2949 4951 3038 5006 καὶ
3087 4953 3178 5008 τὸν
3242 4954 3371 5028 ἀέρα
3417 4960 3595 5026 ποθεῖ,
3639 4957 3742 5012 καὶ

2078 5044 2194 5100 τοῖς
2243 5039 2552 5114 ἀνθρώποις
2601 5044 2882 5094 κοινωνεῖν
2931 5040 3041 5120 οὐχ
3089 5043 3342 5116 αἱρεῖται·
3396 5043 3568 5106 οὕτως
3617 5046 3744 5123 εἶχε

2079 5129 2216 5203 πρὸς
2247 5137 2349 5205 γῆν
2395 5130 2491 5203 μὲν
2523 5131 2558 5198 ἡ
2591 5129 2876 5205 πάναγνος,
2927 5125 3068 5186 διότι
3117 5132 3417 5206 ἄνθρωπος,
3463 5130 3551 5188 διὰ
3581 5129 3636 5190 δὲ
3669 5137 3742 5192 16

2079 5224 2294 5297 σῶφρον
2349 5225 2449 5290 τῆς
2507 5218 2756 5294 γνώμης,
2815 5219 2952 5296 πρὸς
3031 5219 3276 5298 μετέωρά
3333 5243 3392 5278 τε
3446 5223 3536 5280 καὶ
3595 5229 3744 5288 θεῖα.

1674 5371 1816 5432 Ant.
1863 5367 2163 5432 Ballerini
2195 5373 2384 5430 notm.

401 5528 522 5604 (ηι)
550 5529 1303 5604 -Ροειθικωδηπροσαγάγῃ,

413 5600 732 5674 (23)_liujus
753 5600 1101 5674 paragraphi
1137 5600 1462 5657 versionem
1498 5603 1772 5674 praebeo,
1805 5619 1980 5672 quam

339 5670 690 5746 Hippolytus
721 5670 1039 5728 Marraciu's
1049 5673 1178 5743 jam
1198 5670 1552 5746 vulgaverat.
1584 5670 1786 5745 Neque
1818 5670 1980 5733 enim

2090 5545 2286 5600 operai
2316 5528 2572 5602 pretium
2605 5532 2750 5602 erat,
2783 5527 2920 5584 huic
2968 5529 3295 5602 particulae,
3329 5546 3505 5602 quam
3537 5530 3747 5592 dubia

2091 5617 2340 5673 prorsus
2361 5600 2494 5673 fidei
2548 5616 2675 5656 esse
2724 5601 2786 5656 in
2835 5600 3180 5658 Prmfatione
3227 5600 3371 5672 dixi',
3419 5602 3745 5663 ulteriores

2091 5670 2262 5731 curas
2291 5670 2593 5731 abbibere.
