4030 6212
261 341 366 403 161

1175 338 1448 402 SERMO
1489 337 1568 400 ΙΝ
1613 339 2176 403 DORMITIONEM
2219 343 2289 403 B.
2335 344 2405 404 V.
2457 345 2763 408 MARUE.

3552 359 3575 415 1
3591 355 3666 414 (i2

256 473 679 549 καὲκαθίπερὸ
713 470 1004 548 ὀφθαλμὸς
1069 473 1169 548 ὁρᾷ
1233 473 1326 545 μὶν
1385 470 1449 527 τᾶ
1505 473 1694 547 ὁρατὰ,
1757 474 1916 547 ψαύει

2034 477 2308 534 sublimia
2366 484 2424 535 et
2463 481 2659 538 divma
2713 487 3248 557 contemplabatur.
3283 494 3351 546 Et
3381 497 3666 564 quemad-

263 561 314 618 δὲ
339 560 565 624 οὐδενὸς
619 567 727 617 τῶν
785 561 1088 636 ὁρῶμένων
1146 563 1181 631 ἡ
1237 565 1335 616 τοῦ
1405 559 1693 634 ὀφθαλμοῦ
1753 563 1900 638 σὰρξ,

257 651 374 709 οὖδέ
404 660 506 722 τῆς
549 651 814 722 τοιαύτης
873 649 1046 708 δεῖται
1099 656 1195 708 τοῦ
1253 653 1401 726 θίγεν
1459 654 1589 726 (sic)
1647 653 1903 729 ἀνάγκης,

251 741 470 803 ἣατοῖς
500 741 802 814 θεωμένοις
863 736 1232 816 προσϐάλλῃ,
1292 739 1442 798 ἄλλᾶ
1499 748 1754 798 κοινωνεῖ
1809 745 1902 815 μὲν

253 837 285 901 ἡ
317 827 441 904 ὄψις
469 835 571 886 τοῖ’)
593 831 988 903 προκειμενου,
1025 831 1168 901 μένει
1201 827 1256 884 δὲ
1311 833 1347 900 ἡ
1405 837 1506 900 τῆς
1563 828 1739 906 ὅψεως
1798 832 1904 904 ὕλη

257 922 286 976 ἃ
311 921 712 997 παράπαυστος
747 925 858 976 τῶν
894 921 1256 1000 φαινομένων·
1290 922 1380 976 τὸν
1435 921 1595 977 αὐτὸν
1654 920 1720 992 δὴ
1782 922 1910 996 τρό-

260 1033 354 1066 πον
389 1011 486 1066 καὶ
515 1014 856 1067 κοινωνοῦσα
886 1011 978 1066 καὶ
1020 1009 1247 1084 ἄμικτος
1295 1016 1403 1066 τῶν
1436 1015 1532 1066 τοῦ
1589 1013 1726 1086 χοὸς
1787 1009 1912 1086 ἔμε-

255 1122 331 1156 νεν
359 1102 394 1170 ἡ
433 1102 812 1175 πανσὶμωμος.

319 1190 598 1266 ῐιρῦσεστι
659 1196 740 1264 τῷ
799 1189 1004 1269 φοίνικι
1063 1189 1152 1245 καὶ
1209 1187 1419 1261 ἰδιότης
1475 1190 1647 1264 ἐτέρα,
1713 1193 1746 1260 ἡ
1835 1188 1911 1258 δὲ,

255 1283 468 1357 πρόεισι
499 1285 600 1354 μὶν
634 1289 736 1352 τῆς
763 1285 863 1357 γῆς
894 1283 924 1336 6
956 1282 1152 1354 φοίνιξ,
1201 1283 1278 1344 ὡς
1322 1283 1410 1338 καὶ
1463 1283 1530 1338 τὰ
1587 1281 1756 1337 λοιπά
1807 1283 1912 1337 τῶν

265 1370 521 1448 δέιδρων,
555 1371 777 1446 αὐξάνει
813 1370 871 1428 δὲ
911 1373 974 1426 οὐ
1034 1373 1152 1427 κατ’
1209 1373 1404 1428 ὲκεῖνα·
1463 1373 1592 1435 τοὺς
1663 1373 1758 1444 μὲν
1812 1373 1917 1447 γὰρ

273 1459 514 1522 κλάδους
546 1461 638 1516 ἐπὶ
673 1460 810 1536 μέγα
842 1460 984 1536 αἶ’ρει
1021 1467 1215 1533 μῆκος,
1248 1462 1322 1521 ὡς
1354 1461 1590 1536 εἴρηται,
1627 1462 1691 1516 τὸ
1749 1459 1805 1516 δε
1858 1483 1921 1535 γε

262 1561 356 1622 τῆς
417 1558 676 1630 κορυφῆς
733 1553 934 1626 πάχος.
995 1551 1119 1606 ὅσον
1176 1548 1234 1605 ἅν
1289 1557 1387 1620 τῆς
1443 1558 1546 1627 γῆς
1611 1551 1918 1626 ὕπερκΰψας

258 1640 397 1717 ἔχων
427 1641 657 1717 φανείη,
712 1645 877 1696 τοῦτο
934 1642 1254 1714 προσθήκης
1313 1637 1546 1713 ἄμοιρον
1595 1643 1920 1710 ἡστινοσοῦν

1214 1726 1236 1745 λ

261 1733 401 1805 μένει
463 1729 792 1804 διατηρῶνο
843 1731 935 1784 καὶ
989 1733 1152 1784 τοῦτο
1211 1729 1266 1784 δὲ
1342 1731 1478 1804 πρὸς
1557 1729 1659 1797 τὴν
1748 1729 1921 1783 πάνα-

2017 566 2266 623 modum
2299 567 2506 624 oc'ulus
2530 571 2691 626 videt
2721 574 2963 644 quidem
3015 579 3290 649 visibilia,
3335 582 3480 638 nihil
3525 602 3663 640 vero

2017 671 2380 729 eorum,qua3
2413 659 2948 732 videntur,attingit
2971 667 3121 722 oculi
3145 685 3302 738 caro,
3320 687 3428 726 nec
3461 673 3670 744 hujus-

2018 745 2177 800 modi
2211 748 2489 818 tangendi
2522 751 2874 806 necessitate
2908 752 2988 807 illi
3017 772 3164 825 opus
3194 764 3282 813 est
3327 760 3400 814 ad
3459 763 3665 819 viden-

2021 832 2160 888 dum
2197 850 2208 888 :
2245 835 2346 889 sed
2379 837 2694 907 participat
2725 840 2963 908 quidem
2999 844 3154 898 visus
3180 846 3499 918 objectum,
3534 869 3663 906 ma-

2020 928 2124 976 net
2151 928 2348 978 autem
2382 926 2630 980 materia
2657 927 2815 981 visus
2848 928 3069 1000 absque
3104 949 3170 987 eo
3203 936 3360 1004 quod
3407 939 3667 1010 attingat

2020 1027 2118 1065 res
2147 1011 2453 1080 visibiles;
2514 1015 2719 1070 eodem
2767 1018 2942 1072 modo
2990 1021 3544 1082 lmmaculatissima
3600 1035 3657 1082 et

2021 1103 2386 1174 participans
2409 1111 2465 1162 et
2493 1107 2747 1162 immista
2775 1125 2810 1163 a
2842 1111 3090 1166 terrenis
3121 1115 3422 1173 manebat.

2095 1193 2277 1248 Adest
2303 1194 2514 1264 palma)
2547 1203 2603 1251 et
2632 1197 2749 1253 alia
2775 1201 3104 1270 proprietas
3131 1219 3143 1268 ;
3169 1211 3258 1259 est
3287 1211 3483 1262 autem
3516 1208 3660 1264 hmo:

2026 1281 2372 1352 producitur
2401 1285 2638 1354 quidem
2665 1287 2862 1356 palma
2885 1289 2956 1343 de
2978 1295 3662 1363 terra,quemadmodum

2027 1376 2086 1424 et
2117 1370 2359 1441 reliqua)
2382 1372 2657 1439 arbores;
2691 1376 2904 1431 crescit
2933 1383 3130 1434 autem
3163 1397 3282 1437 non
3313 1383 3466 1438 sicut
3493 1385 3613 1440 illa)
3647 1403 3662 1453 ;

2029 1475 2168 1513 nam
2200 1476 2398 1514 ramos
2429 1462 2667 1531 quidem
2701 1463 2775 1518 ad
2806 1483 3079 1537 magnam
3103 1471 3673 1544 extollitlongitudi-

2030 1563 2189 1613 nem,
2225 1554 2289 1602 ut
2319 1548 2541 1604 dictum
2572 1557 2700 1620 .est,
2759 1556 3120 1611 summitatis
3176 1565 3376 1616 autem
3435 1564 3669 1618 tramite

2031 1636 2384 1707 crassitiem,
2418 1656 2596 1710 quam
2632 1647 2766 1697 tunc
2798 1643 2996 1715 habet,
3031 1663 3162 1702 cum
3197 1649 3268 1702 de
3321 1655 3476 1706 terra
3534 1669 3674 1722 pro-

2033 1726 2210 1782 ducta
2266 1731 2626 1799 apparuerit,
2682 1733 2834 1786 hanc
2908 1744 3218 1792 conservat
3265 1739 3674 1812 cujuscunque

264 1843 388 1896 γνον
419 1825 626 1876 τοῦτον
663 1821 819 1892 οἶμαι
880 1819 1232 1896 σκιαγραφεὶν
1291 1817 1478 1892 λόγον’
1541 1820 1606 1876 Ἠ
1655 1816 1924 1893 Παρθένος

2034 1817 2353 1872 additionis
2381 1825 2714 1891 expertem;
2749 1830 2808 1877 et
2836 1823 2946 1879 hoc
2968 1832 3165 1881 autem
3187 1827 3261 1882 ad
3294 1830 3672 1899 purissimam

263 1911 517 1986 προῆλθε
553 1909 656 1982 μὲν
685 1912 784 1974 τῆς
812 1905 954 1970 ἰδίας
990 1908 1219 1982 μητρὸς,
1252 1906 1433 1984 ὥσπερ
1492 1906 1803 1984 ἅνθρωπος,
1833 1907 1924 1963 καὶ

269 1997 353 2056 διὰ
379 2005 554 2055 τοῦτο
587 1999 658 2054 τὸ
691 1998 928 2073 ἀρχαῖον
961 1998 1166 2073 πάχος,
1201 1996 1343 2074 λέγω
1373 1994 1430 2052 δὲ
1457 1999 1557 2067 τήν
1592 1999 1926 2073 προγονικὴν

271 2089 564 2164 ἁμαρτίαν,
604 2089 722 2162 μεθ’
753 2089 818 2156 ἧς
851 2086 1137 2162 ἐγεννήθη.
1193 2087 1318 2155 ἤντε
1373 2086 1648 2150 ἀκουσίως
1707 2085 1924 2160 εἴληφε,

268 2178 559 2257 διαερυγεῖν
649 2198 706 2233 τε
761 2177 968 2252 τρόπος
1033 2177 1102 2246 ἦν
1162 2173 1362 2247 οὐδεὶς,
1417 2175 1542 2232 οὐδὲ
1603 2172 1921 2253 ὑπερϐῆναι·

263 2270 381 2343 περὶ
433 2271 506 2336 ἧς
559 2267 652 2322 καὶ
707 2267 736 2321 6
798 2267 946 2328 θεὶος
1005 2264 1296 2344 φιλοσοφεῖ
1351 2262 1538 2337 Δαϐἶδ,
1601 2267 1687 2324 Ἐν
1745 2267 1920 2340 ἀμαρ-

262 2358 426 2418 τίαις.
483 2357 730 2431 ιράσκων,
795 2353 1048 2425 ἐκίσσησὲ
1109 2373 1174 2427 με
1222 2357 1256 2424 ἡ
1318 2355 1505 2429 μήτηρ
1563 2375 1687 2427 μον.
1775 2355 1922 2411 Ταί-

267 2468 362 2516 τ-ςν
426 2443 575 2513 δῆτα
631 2444 721 2499 καὶ
771 2445 944 2516 μόνην
1006 2444 1135 2513 ἧκεν
1188 2443 1264 2504 εἰς
1332 2444 1454 2518 βίον
1529 2443 1781 2520 φέρουσα,
1831 2445 1919 2498 καὶ

269 2540 346 2606 τῷ
377 2536 526 2610 γένει
557 2531 826 2588 δεικνῦσα·
877 2540 1202 2608 παχύτητος
1261 2530 1305 2586 δ’
1367 2533 1547 2606 ἑτέρας
1607 2533 1920 2588 οὑτινοσοῦν

271 2621 494 2692 δηλαδὴ
545 2622 722 2696 ῥύπου
786 2622 1092 2677 παντάπασι
1174 2620 1475 2696 μεμένηκεν
1555 2619 1918 2684 ἀνεπίδεκτοςο

262 2713 350 2767 καὶ
411 2711 478 2766 οὐ
529 2715 693 2766 τοῦτο
753 2711 945 2784 μόνον,
1003 2708 1152 2766 ἀλλὰ
1197 2710 1406 2765 καὶτὸν
1437 2715 1687 2783 πατρῷον
1717 2709 1918 2765 ἐκεῖνον

266 2803 354 2856 καὶ
415 2799 672 2876 ὀλέθριον
720 2801 918 2870 ἑαυτῆς
979 2799 1246 2876 ἂπέῥριψε
1303 2799 1536 2874 κλῆρον⁶
1586 2801 1705 2864 καθ’
1763 2799 1792 2854 6'
1851 2798 1918 2870 δὴ

251 2891 339 2944 τιαὲ
388 2890 627 2959 ταυτησὶ
686 2889 1026 2964 περιεγένετο
1075 2895 1174 2957 τῆς
1253 2889 1482 2950 ε’κὸνος.
1541 2891 1602 2946 Ὀ
1663 2890 1758 2962 μὶν
1813 2889 1918 2964 γὰρ

259 2979 433 3057 going
499 2975 630 3034 οὔτε
693 2977 723 3033 δ
780 2977 1004 3046 mussi:
1084 2974 1250 3048 ἔδειξε
1305 2977 1427 3052 περὶ
1495 2979 1594 3048 τήν
1654 2978 1918 3056 κορυφὴν,

264 3068 590 3122 ἀποτίθεται
620 3067 826 3142 πάχος,
853 3063 980 3122 οὔτε
1010 3066 1176 3139 οὗπερ
1231 3060 1388 3141 ἔσχεν
1437 3065 1697 3144 ἐξαρχῆς,
1761 3064 1917 3122 ἔλατ·

262 3178 354 3212 τον
409 3156 716 3227 πεποίηκεν
763 3153 1138 3214 οὐδεπώποτε.
1197 3156 1259 3211 Ἦ
1317 3153 1376 3210 δὲ
1463 3155 1722 3231 μακαρία,
1799 3157 1912 3210 οἷον

265 3246 398 3320 ὑπὲρ
431 3245 610 3301 πᾶσίν
655 3266 718 3301 τε
765 3243 905 3300 οὖσα
959 3244 1143 3300 εἳκόνα
1192 3244 1401 3320 ἀπείρῳ
1457 3265 1516 3300 τε
1569 3249 1649 3318 τῷ
1710 3246 1915 3318 μέτρῳ,

260 3336 352 3390 καὶ
385 3335 520 3390 αὖτό
556 3329 834 3409 ὑπερεᾶσα
864 3335 928 3392 τὸ
981 3333 1154 3408 γένος,
1217 3331 1441 3390 ἔσπευσε
1493 3333 1583 3388 καὶ
1634 3334 1697 3388 τὸ
1755 3335 1922 3409 ἀρχέ-

266 3447 428 3502 γονον
463 3425 671 3499 πάχος,
721 3423 866 3502 φτ,μὶ
930 3420 988 3477 δὲ
1037 3423 1128 3478 τὸν
1184 3421 1388 3477 ἐκεῖνον
1450 3418 1750 3494 Ἀδαμαῖον
1799 3420 1924 3476 ὄλι-

267 3526 416 3584 σθον,
471 3509 778 3567 ἀποϐαΑεῖν
840 3532 900 3566 τε
965 3510 1058 3566 καὶ
1115 3510 1396 3584 ἀποξὲσαι,
1435 3511 1524 3567 καὶ
1590 3511 1681 3566 τὸν
1741 3507 1926 3585 ἀνδρι-

261 3605 412 3672 άντα,
503 3605 597 3657 τὸν
680 3597 969 3675 ἄνθρωπον
1058 3597 1226 3676 λέγω,
1291 3601 1412 3654 οἷον
1497 3599 1824 3674 ἐχάλκευσεν
1895 3600 1923 3653 ὁ

266 3692 642 3766 Δημιουργὸς,
714 3685 1011 3744 στίλϐοντα
1112 3690 1201 3744 καὶ
1279 3688 1532 3764 λαμπρὸν

263 3784 352 3836 καὶ
407 3803 476 3837 ττ
534 3779 607 3849 δὴ
665 3781 862 3836 τούτου
897 3776 1355 3856 παραδοξότερον,
1389 3781 1472 3834 ὅτι
1505 3779 1568 3834 οὐ
1605 3781 1802 3856 μικρὰν
1835 3778 1917 3834 εἷ’-

263 3871 388 3926 λετο
415 3877 578 3947 σχεῖν
612 3873 895 3946 κάθαρσιν,
928 3869 1021 3924 καὶ
1049 3866 1134 3923 οἵα
1191 3867 1250 3924 ἄν
1314 3869 1452 3944 αὐτῇ
1515 3869 1655 3942 μὸνῇ
1714 3869 1921 3944 γένοντο

261 3964 444 4032 ἱκανή·
505 3959 656 4015 ἀλλὰ
705 3959 950 4032 τοσούτῳ
1005 3959 1374 4032 καθαρότητος
1443 3959 1594 4034 βάθει
1651 3979 1923 4033 προσομι-

263 4051 429 4119 λῆσαι
465 4047 857 4126 διηγωνίσατο,
903 4047 1018 4122 ὅτῳ
1069 4050 1158 4103 καὶ
1217 4046 1415 4112 ἂλλοις
1449 4045 1635 4124 ἐκχέαι
1695 4046 1924 4119 δεδύνη-

268 4162 378 4210 ται,
409 4140 584 4213 ῥῦπον
631 4160 691 4195 τε
748 4137 1059 4194 ἀποκλῦσαι
1117 4134 1186 4193 δι’
1243 4137 1410 4194 αὐτοῦ
1452 4137 1546 4194 τὸν
1605 4137 1920 4213 παχύτατον

267 4247 324 4282 τε
349 4229 438 4281 καὶ
479 4227 835 4302 μιαρώτατον
847 4269 862 4284 .

1626 3691 1920 3763 ἀποφῆναγ

339 4321 482 4392 Πρὸς
512 4317 732 4380 τούτοις
775 4315 832 4372 δέ
861 4317 952 4373 καὶ
996 4319 1026 4372 6
1081 4321 1177 4373 τοῦ
1235 4317 1480 4392 φοίνικος
1537 4317 1764 4391 καρπὸς,
1825 4315 1924 4372 ὅσα

271 4406 364 4479 ἰμὶ
413 4408 686 4480 νομίζειν,
752 4407 844 4460 τὸν
905 4407 1086 4462 καινὸν
1147 4411 1422 4483 ζωγραφεῖ
1468 4412 1568 4476 τῆς
1637 4403 1922 4480 παρθενίας

271 4497 409 4555 πᾶν,
445 4497 698 4570 Καθάπερ
756 4495 860 4571 γὰρ
919 4496 948 4549 6
1015 4499 1112 4550 τοῦ
1176 4491 1396 4570 δένδρου
1453 4494 1654 4550 τούτου
1713 4493 1924 4570 καρπός

1949 3207 1998 3272 C

2032 1905 2183 1961 hanc
2214 1906 2411 1972 habet,
2445 1914 2510 1962 ut
2533 1909 2807 1976 arbitror,
2840 1913 3132 1968 rationem
3173 1916 3466 1988 imaginis.
3527 1920 3672 1976 Nata

2029 1995 2380 2065 estquidem
2411 1998 2581 2069 Virgo
2615 2017 2684 2054 ex
2717 2000 2956 2071 propria
2987 2009 3196 2072 matre,
3229 2005 3383 2059 sicut
3439 2007 3617 2062 homo
3651 2027 3663 2063 :

2031 2087 2090 2136 et
2119 2083 2251 2138 ideo
2281 2085 2589 2156 antiquam
2621 2089 3112 2158 crassitiem,dico
3139 2100 3337 2148 autem
3362 2101 3668 2164 peccatum

2031 2171 2338 2241 originale,
2370 2192 2505 2228 cum
2530 2193 2644 2246 quo
2677 2183 2814 2232 nata
2835 2177 2967 2244 fuit,
3000 2186 3057 2234 et
3087 2181 3245 2251 quod
3277 2181 3458 2237 invito
3501 2200 3670 2239 acce-

2031 2266 2217 2332 perat,
2241 2262 2406 2318 nullo
2437 2265 2611 2320 modo
2636 2271 2870 2336 poterat
2899 2269 3116 2325 evitare
3146 2287 3255 2326 nec
3303 2273 3668 2346 transgredi:

2030 2349 2105 2404 de
2137 2367 2254 2421 qua
2282 2358 2339 2406 et
2367 2351 2534 2408 divus
2581 2355 2759 2410 David
2815 2357 3255 2429 philosophavit
3303 2360 3552 2416 dicens!
3609 2363 3670 2418 In

2021 2443 2261 2509 peccatis
2290 2442 2538 2512 concepit
2569 2461 2652 2498 me
2681 2452 2856 2499 mater
2883 2463 3004 2500 mea
3036 2446 3100 2502 21.
3128 2448 3245 2503 Hoc
3269 2449 3447 2518 igitur
3475 2450 3667 2505 solum

2028 2529 2088 2582 in
2113 2530 2264 2585 hanc
2288 2531 2461 2586 vitam
2481 2531 2639 2587 edita
2659 2533 3139 2600 tulit,oslendens
3163 2538 3424 2592 humano
3444 2541 3666 2609 generi:

2027 2618 2268 2674 alterius
2327 2637 2461 2674 vero
2520 2622 2832 2690 crassitiei,
2919 2624 3330 2696 cujuscunque
3399 2627 3672 2682 videlicet

2027 2709 2464 2780 inquinainenti
2515 2727 2756 2780 prorsus
2781 2713 3026 2781 incaan
3060 2715 3296 2768 mansit.
3330 2717 3446 2770 Nec
3478 2717 3670 2773 solum

2028 2796 2158 2860 hoc,
2194 2797 2297 2851 sed
2331 2797 2488 2852 illam
2524 2814 2758 2868 quoque
2805 2805 3110 2869 paternam
3162 2808 3219 2855 et
3274 2803 3669 2872 perniciosam

2028 2890 2248 2939 sortem
2281 2885 2498 2955 ahjecit
2528 2903 2562 2940 a
2594 2901 2676 2950 se,
2720 2887 2872 2941 sicut
2910 2888 3089 2942 etiam
3141 2889 3293 2944 hanc
3351 2890 3670 2962 imaginem

2029 2973 2346 3044 superavit.
2380 2977 2523 3030 Nam
2553 2975 2753 3046 palma
2781 2992 2891 3032 nec
2922 2977 3109 3047 illam,
3139 2995 3341 3050 quam,
3373 2995 3509 3036 cum
3538 2987 3670 3037 orta

2029 3065 2226 3130 fuerit,
2299 3067 2646 3121 monstravit
2721 3068 2880 3124 circa
2935 3071 3364 3138 summitatem,
3423 3071 3670 3144 deponit

2031 3154 2385 3222 crassitiem,
2417 3161 2475 3212 et
2507 3157 2695 3225 illam,
2729 3175 2907 3230 quam
2925 3159 2997 3214 ab
3030 3160 3200 3215 initio
3223 3160 3452 3231 habuit,
3487 3163 3668 3217 mino-

2037 3261 2163 3300 rem
2225 3245 2362 3300 fecit
2419 3262 2685 3317 unquam
2737 3249 2842 3320 (se.
2868 3251 3195 3322 nunquam).
3261 3253 3436 3308 Beata
3471 3258 3670 3308 autem

2032 3334 2199 3405 Virgo
2249 3335 2418 3404 quasi
2473 3352 2653 3406 supra
2710 3354 2948 3393 omnem
3006 3341 3295 3396 exsistens
3351 3341 3671 3414 imaginem

2027 3424 2263 3478 inﬁnito
2297 3425 2606 3480 intervallo
2637 3426 2952 3497 ipsumque
2985 3444 3171 3500 genus
3200 3447 3508 3502 superans,
3534 3449 3671 3502 pro-

2027 3513 2248 3582 peravit
2283 3512 2356 3566 ad
2388 3512 2554 3567 illam
2584 3513 2892 3584 antiquam
2924 3516 3277 3582 crassitiem,
3309 3517 3541 3585 Adami,
3579 3518 3667 3572 in-

2029 3618 2226 3674 quam,
2258 3601 2489 3673 lapsum
2521 3603 3344 3675 abjiciendum,statuamque,
3367 3607 3670 3662 hominem

2032 3691 2299 3762 inquam,
2351 3709 2527 3762 quem
2587 3692 2794 3763 Opifex
2847 3693 3168 3760 fabricavit,
3200 3694 3572 3764 splendidam
3603 3711 3672 3751 ac

2031 3779 2282 3836 nitidam
2315 3779 2745 3836 ostendendam
2779 3799 2790 3848 ;
2827 3786 2886 3836 et
2914 3781 3072 3850 quod
3111 3781 3520 3836 admirabilius
3561 3789 3668 3849 est,

2033 3869 2170 3939 quia
2202 3886 2320 3924 non
2361 3886 2598 3939 parvam
2633 3870 2817 3924 voluit
2873 3869 3089 3924 habere
3147 3870 3580 3940 purgationem,
3614 3875 3673 3924 et

2031 3975 2162 4028 quae
2195 3959 2308 4029 ipsi
2332 3957 2442 4012 soli
2463 3959 2764 4014 sut'ticeret
2795 3979 2810 4025 ;
2845 3959 2947 4014 sed
2969 3974 3104 4013 cum
3129 3964 3289 4014 tanta
3311 3958 3674 4029 profundita-

2031 4053 2087 4103 te
2118 4047 2392 4120 puritatis
2423 4049 2758 4104 conversari
2784 4053 2995 4104 conata
3021 4053 3130 4116 est,
3162 4053 3226 4102 ut
3268 4049 3400 4104 aliis
3433 4063 3671 4118 quoque

2032 4137 2336 4193 ell‘undere
2368 4137 2974 4210 potuerit,sordesque
3002 4153 3327 4209 expurgare
3359 4153 3464 4208 per
3483 4137 3674 4208 ipsam

2034 4227 2434 4284 crassissimas
2457 4243 2524 4283 ac
2555 4226 3032 4282 Scelestissimas.

2104 4318 2194 4373 Ad
2217 4319 2343 4373 haec
2374 4323 2574 4374 autem
2607 4318 2838 4373 fructus
2870 4335 3105 4389 quoque
3129 4319 3316 4390 ipsius
3349 4319 3577 4390 palmae,
3611 4322 3677 4372 ut

2032 4423 2137 4479 ego
2169 4406 2445 4473 arbitror,
2478 4422 2694 4460 novum
2731 4407 2983 4477 Virginis
3022 4407 3236 4462 Filium
3261 4408 3488 4481 ﬁgurat.
3514 4408 3677 4463 Sicut

2041 4497 2200 4552 enim
2231 4495 2479 4566 hujusce
2501 4494 2730 4551 arboris
2759 4497 2986 4552 fructus
3019 4503 3107 4553 est
3136 4497 3376 4569 quidem
3407 4498 3675 4570 pulchri-

271 4581 377 4638 ἰστι
438 4585 535 4657 μὲν
593 4585 698 4653 τήν
755 4603 815 4638 τε
872 4581 1020 4657 ὢραν
1090 4579 1369 4656 λαμπρὸς,
1428 4581 1520 4638 καὶ
1569 4585 1668 4652 τὴν
1741 4586 1922 4658 γεῦσιν

2034 4585 2237 4641 tudine
2271 4585 2638 4656 splendidus,
2672 4593 2729 4641 et
2757 4593 2933 4658 gustu
2961 4587 3151 4642 dulcis
3175 4587 3308 4659 plus
3338 4605 3516 4660 quam
3549 4587 3671 4643 alii:

275 4671 404 4742 ὴέὒς
438 4674 577 4748 ὑπὲρ
606 4672 737 4735 τοὺς
770 4671 1027 4742 λοιποὺς,
1061 4671 1090 4726 ὅ
1139 4668 1196 4726 δὲ
1247 4667 1400 4727 ἔνδον
1447 4670 1734 4742 καλύπτει,
1792 4671 1930 4726 πάνυ

271 4765 470 4842 πὲρ-»κε
504 4767 638 4839 (sic)
700 4762 923 4840 στεῤῥὸν
971 4763 1062 4818 καὶ
1114 4759 1412 4840 συντριϐῆς
1479 4760 1676 4837 σχεδὸν
1731 4761 1930 4818 ἀνώτε-

283 4855 566 4931 pomo-31m
599 4853 668 4926 δή
702 4855 792 4912 καὶ
825 4857 854 4911 6
905 4854 1037 4929 ἐμός
1105 4855 1364 4933 Χριστὸς,
1425 4856 1452 4910 6
1503 4861 1604 4925 τῆς
1657 4853 1930 4930 Παρθένου

277 4948 498 5018 καρπὸς,
525 4947 624 5002 τὸν
661 4945 760 5018 μὲν
812 4945 1095 5020 ὁρώμενον
1159 4943 1366 5020 γλυκὺς
1423 4941 1514 5000 καὶ
1571 4943 1796 5018 ὡραῖος,
1855 4943 1930 5006 ὡς

277 5031 471 5099 ἤκιστᾶ
524 5055 589 5109 γε
637 5039 749 5090 τῶν
807 5033 1059 5088 ἁπάντων
1115 5029 1311 5105 οὐδεὶς,
1369 5033 1432 5087 τὸ
1507 5029 1563 5087 δὲ
1635 5032 1931 5104 νοούμενον

280 5123 505 5203 ἰσχυροῦ
565 5127 768 5188 παντὸς
837 5124 1288 5200 ἐπικρατέστερος
1381 5123 1470 5179 καὶ
1552 5123 1928 5200 στερρότερος,

282 5215 368 5268 καὶ
421 5215 590 5286 αὐτήν
643 5213 906 5271 πλουτῶν
959 5214 1062 5284 τὴν
1109 5212 1392 5277 ἀπάθειαν.
1451 5214 1522 5270 ’Ὁ
1608 5209 1674 5281 δή
1736 5211 1826 5267 καὶ
1903 5212 1932 5266 6

281 5308 560 5380 πρηήτης
619 5299 793 5360 Δαὸἱδ
875 5301 1278 5376 αἰνιττόμενος,
1345 5301 1526 5374 οἶμαι,
1582 5301 1802 5363 Δίκαιος
1860 5301 1934 5364 ὡς

282 5394 470 5468 φοίνιξ,
527 5394 697 5467 εἶπεν,
757 5393 1010 5464 ἀνθήσει,
1075 5389 1284 5447 δίκαιον
1333 5391 1428 5464 μὶν
1500 5391 1601 5460 τὴν
1661 5391 1931 5464 Παρθένον

279 5479 546 5555 ὀνομάζων
571 5480 816 5564 ἰζόχως,
857 5483 1022 5546 ἄνθος
1051 5477 1109 5536 δὲ
1137 5480 1230 5536 τὸν
1287 5477 1342 5553 ἐξ
1395 5480 1585 5551 αὐτῆς,
1657 5478 1716 5536 ὅν
1773 5477 1935 5554 ἔφην,

339 5638 383 5678 ’ί
411 5640 563 5701 Psal.
597 5658 654 5714 ι,
685 5640 742 5697 7.
821 5637 879 5676 "
911 5635 1076 5697 Psal.
1110 5653 1226 5696 xci.
1260 5637 1346 5695 13.

2042 4675 2200 4746 quod
2232 4679 2428 4730 autem
2461 4674 2622 4730 intus
2659 4677 2870 4747 operit,
2933 4675 3103 4732 valde
3161 4677 3419 4734 solidum
3468 4683 3575 4744 est,
3628 4683 3690 4732 et

2042 4765 2208 4836 quasi
2241 4765 2618 4836 infrangibile
2649 4766 2769 4822 :sic
2801 4767 2980 4822 etiam
3021 4784 3188 4822 meus
3243 4769 3529 4834 Christus,
3560 4766 3684 4820 Vir-

2041 4855 2195 4928 ginis
2217 4855 2465 4919 fructus,
2489 4860 2732 4926 aspectu
2763 4856 3003 4927 quidem
3026 4855 3216 4911 dulcis
3267 4863 3323 4910 et
3353 4855 3684 4926 speciosus,

2040 4951 2105 5000 ut
2135 4961 2312 5000 nemo
2344 4945 2610 4999 omnium
2658 4945 2857 5010 alius;
2917 4945 3220 5000 intellectu
3273 4948 3471 4998 autem
3523 4941 3688 4995 omni

2041 5037 2194 5091 forte
2227 5035 2474 5090 validior
2503 5051 2570 5089 ac
2601 5034 2867 5100 solidior,
2902 5041 3012 5096 est,
3046 5040 3105 5088 et
3135 5034 3324 5104 ipsam
3374 5028 3690 5100 possidens

2043 5123 2606 5197 impassibilitalem.
2667 5123 2833 5187 Quod
2880 5123 3006 5192 jam
3065 5128 3124 5175 et
3179 5118 3355 5174 David
3397 5119 3688 5188 propheta

2051 5214 2330 5278 iunuens,
2363 5219 2427 5268 ut
2458 5230 2562 5282 ego
2595 5217 2758 5283 puto,
2789 5209 3170 5276 Justus,dixit,
3206 5214 3471 5276 tanquam
3496 5207 3692 5278 palma

2042 5304 2255 5374 ﬂorcbit
2276 5304 2338 5370 ³³,
2359 5301 2588 5372 justum
2623 5301 2848 5372 egregie
2893 5314 3104 5352 vocans
3123 5295 3419 5366 Virginem
3447 5296 3692 5354 :ﬂorem

2045 5399 2246 5448 autem
2271 5408 2342 5446 ex
2374 5392 2502 5462 ipsa
2533 5394 2826 5458 natum,ut
2857 5387 3000 5456 dixi,
3025 5386 3440 5443 dulcissimum
3471 5389 3695 5459 Jesum,

2046 5482 2198 5537 sicut
2229 5480 2408 5536 etiam
2437 5477 2720 5535 Salomon
2749 5478 2824 5533 de
2854 5477 2982 5550 ipso
3026 5477 3280 5538 Christo.
3305 5478 3434 5552 Ego,
3466 5477 3681 5553 inquit,
