4030 6212
335 280 452 340 163
1477 264 1777 330 ISIDORI
1821 263 2590 336 THESSALONICENSIS
3613 269 3642 328 1
3655 267 3746 330 6|

329 422 430 488 νιος
459 415 642 484 campi
669 417 722 466 et
753 410 935 466 lilium
959 404 1190 462 vallium
1219 399 1460 468 "Quod
1481 401 1530 456 si
1553 400 1986 473 palma,quoad
2011 413 2066 480 Λ
2090 400 2426 488 γλυκύτατον
2454 406 2692 477 Ἰησοῦν,
2721 403 2861 468 καθᾶ
2913 401 3004 458 καὶ
3036 398 3334 488 ,Σολομῷν
3387 399 3513 488 περὶ
3570 399 3744 456 αὐτοῦ

334 482 518 575 intus,
546 482 666 558 non
697 505 785 556 est
827 493 1232 569 impassibilis,
1265 508 1386 547 non
1423 495 1736 578 propterea
1775 507 1976 550 sermo

2105 489 2354 559 ἱήπουθεν
2407 494 2505 545 τοῦ
2564 491 2832 566 Χριστοῦ,
2915 486 3088 564 Ἐγὼ,
3177 484 3362 562 φησὶν,
3421 482 3582 548 avoc;
3649 490 3752 540 τοῖ

334 570 572 650 aberrat
603 604 837 660 ;neque
867 585 1027 642 enim
1059 584 1120 638 in
1157 581 1444 638 creaturis
1497 570 1750 635 inveniri
1779 583 1976 652 potest

2105 575 2293 649 πεδίου,
2349 578 2441 634 καὶ
2499 578 2679 654 κρίνον
2732 582 2843 634 τῶν
2901 571 3200 632 κοιλάδων.
3259 573 3323 630 Εἰ
3384 570 3440 628 δὲ
3512 573 3604 660 μὴ⁸
3668 572 3741 627 τὸ

331 681 546 737 divina:
609 658 691 734 et
740 658 1125 746 impassibili
1192 674 1419 726 natura,
1479 667 1672 741 imago
1731 667 1974 724 omnino

2105 663 2232 724 νδον
2288 667 2503 737 ἀπαθής
2553 669 2582 724 ὁ
2641 666 2842 744 φοίνιξ,
2902 664 2964 722 ού
3024 664 3173 738 παρᾶ
3224 662 3388 719 τοῦτό
3451 681 3546 736 μοι
3588 658 3748 717 δοκεῖ

332 769 570 826 similis.
2088 755 2257 836 λόγον
2321 755 2722 833 διαμαρτάνειν·
2782 753 2909 813 οὐδὲ
2967 755 3070 830 γὰρ
3126 753 3267 810 ἐστιν
3325 751 3380 808 ἐν
3435 756 3552 813 τοῖς
3623 772 3746 806 κτι-

2087 853 2238 910 στοῖς
2294 848 2472 905 εἰκόνα
2511 849 2686 925 εὑρεῖν
2737 854 2838 919 τῆς
2890 845 3038 909 θείας
3085 845 3176 900 καὶ
3231 842 3469 906 ἆπαθοῦς
3527 841 3748 922 φύσεως

2089 936 2513 1011 ἀπαράλλακτον
2524 983 2538 997 .

403 1036 613 1093 Adhuc
642 1034 823 1091 etiam
853 1036 913 1086 et
941 1029 1042 1101 qui
1067 1027 1430 1084 voluerunta
1453 1023 1676 1080 mundo
1701 1021 1980 1078 secedere

335 1132 393 1182 et
417 1125 537 1180 alta
588 1118 1020 1194 philosophari,
1074 1117 1375 1188 Deumque
1415 1112 1659 1184 alloqui,
1691 1115 1982 1184 quantum

333 1213 564 1271 homini
595 1218 684 1268 est
710 1207 1016 1283 possibile,
1044 1205 1216 1261 illum
1247 1204 1444 1260 locum
1467 1203 1542 1258 ad
1571 1200 1981 1267 habitandum,

331 1311 398 1362 ut
425 1299 1058 1372 audimus,elegerunt,
1093 1296 1192 1366 qui
1217 1293 1448 1367 palmas
1478 1291 1758 1365 producit
1789 1307 1804 1358 ;
1837 1307 1986 1362 quae

330 1411 463 1450 rum
494 1392 722 1448 fructus
758 1388 1002 1460 quidem
1027 1402 1148 1442 non
1180 1400 1357 1456 parvo
1393 1387 1520 1438 erat
1547 1381 1691 1454 ipsis
1727 1379 1934 1437 solatio
1969 1413 1984 1464 ς

340 1483 492 1538 rami
526 1487 726 1538 autem
759 1493 906 1548 opus
936 1479 1126 1542 erant,
1157 1472 1316 1545 quod
1347 1488 1531 1528 sacra:
1573 1470 1813 1526 illorum
1846 1485 1986 1524 san-

334 1577 566 1628 ctorum
591 1565 804 1626 manus
836 1563 1238 1637 operabantur
1255 1579 1269 1631 ;
1287 1561 1468 1617 ethoc
1480 1559 1644 1616 valde
1658 1574 1988 1616 consonum

335 1643 465 1716 esSe
524 1657 780 1714 arbitror
837 1653 1118 1728 prmsenti
1177 1649 1592 1724 speculationi,
1620 1654 1828 1704 etnon
1859 1648 1988 1703 sine

333 1750 563 1806 ratione
623 1763 638 1816 ;
688 1761 800 1802 nec
857 1743 1178 1810 casualem,
1238 1739 1398 1812 quod
1466 1739 1682 1810 aliquis
1739 1738 1982 1808 diceret,

335 1836 726 1894 concederem
755 1849 1011 1906 usquam
1042 1829 1386 1902 hujusmodi
1427 1829 1608 1884 vitam
1640 1831 1982 1884 sanctorum

339 1926 580 1983 illorum
611 1926 872 1982 virorum
915 1938 928 1979 :
972 1923 1056 1978 sic
1081 1919 1242 1976 enim
1273 1918 1608 1990 intelligere
1637 1933 1882 1990 possum
1912 1914 1984 1971 de

337 2017 489 2072 hoc:
552 2014 837 2087 quoniam
882 2010 1219 2083 purissima;
1281 2007 1523 2081 Virgini,
1581 2011 1650 2063 ut
1702 2005 1984 2074 diximus,

335 2105 531 2179 palma
570 2103 956 2170 assimilatur,
988 2101 1168 2174 hujus
1217 2116 1354 2156 vero
1411 2099 1640 2154 fructus
1697 2095 1988 2152 ineﬂ'abili

341 2193 802 2264 admirabilique
853 2191 1010 2248 illius
1069 2189 1340 2247 fructui:
1401 2192 1718 2260 propterea
1774 2201 1988 2242 manus

2159 1029 2279 1083 Ἐτι
2308 1024 2366 1083 δὲ
2395 1028 2486 1083 καὶ
2519 1029 2606 1091 οἷς
2639 1026 2877 1098 ἐπῆλθεν
2925 1025 3302 1106 ἀποῤῥαγῆναι
3357 1025 3592 1100 κόσμου,
3649 1025 3750 1080 καὶ

2093 1115 2282 1190 ὑψηλὰ
2311 1115 2709 1197 φιλοσοφῆσαι,
2749 1116 2840 1173 καὶ
2868 1121 2986 1190 Θεῷ
3040 1121 3430 1191 προσεντυχεῖν
3487 1115 3562 1178 ὡς
3610 1112 3742 1192 ἐφι-

2091 1206 2218 1261 κτὸν
2251 1206 2540 1281 ἀνθρώπῳ,
2564 1205 2648 1262 ὅτι
2677 1207 2902 1277 τπῦτον,
2960 1206 3036 1269 ὡς
3093 1206 3400 1278 ἀκούομεν,
3459 1205 3595 1280 πρὸς
3649 1202 3743 1259 οἴ-

2089 1316 2247 1366 κησιν
2305 1295 2522 1352 ε’ἰλοντο
2576 1297 2670 1352 τὸν
2742 1297 2932 1366 τόπον,
2991 1294 3050 1358 ὃς
3096 1296 3225 1358 τοὺς
3284 1294 3530 1372 φοίνικας
3587 1293 3745 1369 φύει,

2092 1385 2168 1440 ὧν
2229 1385 2258 1440 ὁ
2321 1386 2416 1459 μὶν
2479 1387 2688 1460 καρπὸς
2746 1385 2810 1440 οὗ
2871 1385 3040 1460 μικρὰ
3093 1385 3230 1460 πρὸς
3286 1385 3494 1461 τροφὴν
3553 1381 3751 1448 αὐτοες

2088 1473 2352 1552 ἐτύγχανε
2406 1476 2748 1553 παραμυθία,
2797 1476 2924 1537 τοὺς
2979 1473 3036 1530 δὶ
3084 1471 3322 1537 κλάδους
3381 1468 3540 1549 ἔργον
3585 1472 3746 1548 εἶχον

2092 1565 2146 1620 αἱ
2181 1565 2320 1642 ἱεραὶ
2377 1569 2486 1622 τῶν
2545 1565 2708 1621 ὁσίων
2768 1563 2987 1621 ἐκείνων
3047 1569 3251 1639 χεῖρες·
3282 1562 3420 1618 κατὰ
3477 1560 3748 1618 πολὺκαὶ

2087 1659 2248 1710 τοῦτο
2310 1651 2554 1727 συνᾴδειν
2611 1655 2774 1729 οἶμαι
2828 1657 2898 1728 τῇ
2953 1651 3203 1729 παρούσῃ
3260 1651 3480 1728 θεωρίᾳ·
3522 1651 3610 1707 καὶ
3643 1651 3752 1707 οὐκ

2093 1737 2194 1814 ἔξω
2251 1741 2449 1820 λόγου,
2504 1741 2633 1800 ούδέ
2679 1743 3013 1818 αὐτόματον,
3073 1742 3150 1805 ὡς
3205 1739 3268 1796 ἂν
3324 1761 3408 1804 τις
3458 1739 3749 1818 φαίη,τὴν

2091 1831 2352 1904 τοιαύτην
2411 1828 2700 1909 διατριϐὴν
2753 1836 2864 1888 τῶν
2943 1830 3112 1908 ἁγίων
3209 1828 3427 1886 ἐκείνων
3505 1825 3746 1905 ἀνδρῶν,

2093 1924 2523 2001 συγχωρήσαιμι
2579 1924 2640 1979 ἄν
2690 1919 2882 2000 ἔγωγεο
2943 1921 3088 1978 οὓτω
3137 1921 3236 1996 γὰρ
3296 1918 3412 1995 ἔχω
3467 1923 3606 1975 νοεῖν
3647 1919 3746 1973 καὶ

2092 2013 2217 2089 περὶ
2271 2013 2488 2069 τούτου·
2548 2013 2624 2076 ὡς
2675 2011 2896 2088 ἐπείπερ
2967 2017 3042 2087 τῇ
3119 2013 3378 2087 πανέγνῳ
3460 2011 3576 2084 μὶν,
3661 2009 3744 2071 ὡς

2095 2097 2325 2180 ἔφημεν,
2358 2103 2387 2158 6
2418 2103 2588 2182 φοίνιξ
2621 2101 2904 2178 ἀναλογεῖ,
2931 2102 2960 2156 6
3028 2099 3086 2156 δὶ
3139 2099 3337 2157 τούτου
3393 2099 3600 2173 καρπὸς
3652 2103 3740 2170 τῷ

2098 2193 2360 2268 ὑπερφυεῖ
2400 2191 2490 2246 καὶ
2547 2189 2836 2267 παραδόξῳ
2894 2189 3103 2262 ἐκείνης
3155 2193 3370 2266 καρπῷ·
3440 2185 3530 2244 διὰ
3575 2191 3753 2244 ταῦτα

2015 1789 2062 1856 Β

349 2283 590 2356 quidem
623 2287 966 2339 sanctorum
989 2280 1203 2352 palmae
1251 2279 1583 2334 tractabant
1629 2292 1864 2342 ramos;
1925 2292 1991 2331 os

351 2389 485 2428 vero
527 2372 687 2426 illius
714 2371 972 2426 fructum
1004 2368 1296 2431 sumebat.
1327 2372 1393 2422 ut
1416 2367 1569 2422 circa
1601 2382 1734 2437 qum
1765 2381 1990 2420 memo-

346 2461 496 2517 riam
515 2475 820 2529 nunquam
833 2456 1090 2513 dormire
1105 2453 1746 2522 desiderabantJesum
1761 2453 1995 2524 inquam

351 2555 408 2605 et
432 2548 813 2621 purissimam
843 2544 1253 2618 Virginem.Ad
1277 2545 1402 2600 haec
1419 2549 1618 2599 autem
1634 2547 1693 2598 et
1708 2557 1994 2598 manuum

350 2639 698 2694 exercitium
723 2651 1047 2706 mensaque
1076 2639 1470 2705 coopercntur
1493 2650 1507 2701 ;
1528 2632 1812 2704 quoniam
1840 2636 1899 2687 et
1921 2637 1997 2687 te-

345 2726 568 2792 nere,si
593 2725 734 2796 quid
757 2723 1145 2792 aliud,Jesum
1170 2721 1526 2789 volcbanl,et
1545 2722 1593 2775 si
1623 2721 1752 2777 ﬁeri
1773 2725 1996 2792 posset,

354 2815 514 2872 hunc
545 2830 783 2886 semper
812 2812 1173 2868 manducare
1194 2816 1372 2882 atque
1394 2811 1768 2882 spirare.Hoc
1797 2815 1996 2866 autem

347 2902 746 2961 ostendebant
781 2919 888 2975 per
919 2918 1007 2970 ea,
1070 2917 1202 2972 qua;
1258 2899 1577 2964 faciebant,
1605 2905 1664 2955 et
1693 2899 1998 2972 proprium

356 3009 603 3066 scopum
635 2991 1016 3048 manifestum
1039 2994 1388 3061 posuerunt.
1421 2990 1492 3044 Et
1518 2988 1591 3044 de
1615 2988 1707 3044 his
1756 2987 1998 3059 quidem

357 3083 502 3139 satis
533 3082 756 3138 dictum
779 3085 886 3136 est.

415 3170 658 3227 XXXIV.
681 3174 818 3243 Ipsa
845 3185 1005 3239 vero,
1041 3184 1074 3224 ο
1097 3166 1200 3223 Dei
1229 3168 1432 3236 Mater,
1457 3165 1740 3238 splendor
1768 3171 1988 3222 nostra)
2019 3155 2062 3222 C

346 3265 596 3330 naturae,
627 3275 778 3333 opus
811 3274 1026 3314 novum
1078 3273 1147 3314 ac
1178 3255 1686 3329 jucundissimum
1715 3255 1850 3326 (26),
1883 3271 1989 3312 ca:-

347 3349 512 3406 lcstis
541 3348 814 3415 altitudo,
848 3347 1172 3420 gratiarum
1203 3361 1366 3401 mare
1395 3343 1640 3415 (27),sol
1670 3343 1989 3416 conspicuo

345 3439 462 3495 isto
483 3437 1012 3511 splendidior,arco
1035 3434 1450 3491 sacratissimis
1465 3433 1781 3489 virtutibus
1801 3449 1989 3489 exun-

345 3529 516 3596 dans,
553 3527 1016 3601 pigmentarium
1049 3542 1121 3582 ex
1144 3523 1423 3581 omnibus
1445 3523 1692 3580 ﬂoribus
1718 3524 1990 3598 fragrano

349 3617 831 3684 tissimum,salus
859 3633 1010 3682 mea,
1033 3630 1140 3687 per
1170 3630 1348 3686 quam
1381 3618 1440 3670 et
1468 3612 1647 3670 caslos
1693 3614 1992 3670 inhabita-

349 3725 502 3771 mus,
535 3711 594 3762 et
627 3707 968 3778 paradisum
1002 3703 1507 3776 recuperavimus,
1542 3707 1600 3758 et
1629 3703 1791 3775 (quid
1822 3703 1995 3776 plura

349 3813 696 3852 enumerem
716 3795 744 3850 τί
762 3793 1391 3867 incomprehensibilis
1412 3791 1515 3848 Dei
1551 3792 1992 3864 receptaculum

346 3902 415 3943 ac
447 3887 648 3954 Mater,
682 3891 741 3942 et
781 3885 1002 3942 idcirco
1033 3882 1355 3938 visibilium
1387 3882 1656 3937 omnium
1692 3888 1749 3936 et
1791 3881 1996 3937 invisi-

347 3975 577 4044 bilium,
610 3977 728 4032 Deo
761 3972 1304 4046 excepto,Domina,
1329 3971 1409 4027 sis
1431 3970 1604 4026 nobis
1626 3971 1723 4028 hic
1753 3971 1994 4042 quidem

346 4070 472 4120 tum
513 4064 828 4120 sanctioris
857 4079 1048 4134 usque
1085 4062 1218 4116 vitas
1248 4060 1652 4134 gubernatrix,
1687 4066 1813 4116 tum
1846 4060 1995 4115 veri-

348 4154 484 4209 tatis
517 4153 654 4221 dux,
713 4158 839 4208 tum
887 4149 1317 4224 propugnatrix
1377 4147 1660 4205 adversus
1721 4148 1994 4217 insidias,

351 4258 499 4312 quas
529 4242 808 4298 inimicus
829 4245 1036 4297 contra
1065 4255 1175 4294 nos
1197 4237 1436 4293 molitur
1460 4254 1474 4305 ;
1501 4236 1561 4293 in
1578 4238 1775 4294 futuro
1797 4243 1996 4293 autem

347 4332 565 4386 saeculo
586 4337 945 4386 aateruorum
965 4328 1258 4383 bonorum
1280 4326 1452 4381 nobis
1477 4327 1821 4383 fruitionem
1853 4344 1999 4399 prae.

349 4419 512 4474 beas.
537 4419 724 4484 Quam
754 4419 984 4474 utinam
1043 4431 1434 4486 assequamur
1487 4431 1716 4485 omnes,
1771 4417 2000 4472 media-

2101 2287 2288 2357 χεῖρες
2335 2281 2431 2354 μὶν
2463 2284 2570 2336 τῶν
2627 2281 2789 2336 ὁσίων
2818 2277 3057 2342 κλάδους
3120 2276 3558 2354 μετεχειρίζοντο
3615 2297 3751 2351 cos—

2102 2369 2291 2426 οίκων’
2342 2371 2520 2442 στόμα
2577 2366 2634 2425 δὲ
2696 2369 2785 2425 τὸν
2841 2367 3040 2423 ἐκεῖθεν
3095 2366 3316 2446 ἐδέχετο
3373 2365 3606 2441 καρπὸν,
3659 2363 3761 2420 ἵνα

2105 2459 2230 2534 περὶ
2291 2457 2326 2514 δι’
2371 2460 2474 2528 τήν
2535 2461 2758 2532 μνήμην
2817 2454 3094 2513 καθεύδειν
3154 2455 3405 2512 οὐδέποτ’
3490 2453 3754 2524 ἐπόθουν,

2107 2541 2251 2621 λέγω
2306 2541 2363 2600 δέ
2413 2545 2504 2600 τὸν
2560 2545 2771 2616 Ἰησοῦν
2833 2544 2923 2600 καὶ
2962 2546 3062 2614 τήν
3099 2542 3550 2619 ΙΙάναγνον,πρὸς
3580 2545 3756 2598 ταῦτα

2102 2636 2258 2705 καὶὴ
2315 2640 2424 2690 τῶν
2476 2640 2680 2710 χειρῶν
2740 2633 2960 2710 ἐργασία
3013 2634 3104 2689 καὶ
3160 2636 3195 2704 ἡ
3225 2634 3472 2708 πράπεζα
3501 2631 3759 2707 συνεργοὶ

2103 2724 2363 2800 γένοιντο⁶
2421 2723 2508 2780 ἐπὶ
2568 2725 2660 2780 καὶ
2716 2725 2926 2797 κρατεῖν
2985 2723 3134 2798 εἲπερ
3219 2745 3273 2780 τι
3353 2723 3446 2779 τὸν
3533 2723 3758 2792 Ἰησοῦν

2106 2809 2430 2884 ἐϐούλοντο,
2460 2813 2572 2887 καὶ,
2606 2813 2652 2868 εί
2683 2815 2799 2869 οἷόν
2831 2833 2908 2884 τε,
2961 2817 3157 2868 τοῦτον
3217 2811 3296 2868 ἄεὶ
3339 2818 3599 2876 σιτεῖσθαι
3654 2811 3759 2866 καὶ

2107 2903 2382 2960 ἀναπνεῖν.
2413 2907 2587 2958 Τοῦτο
2609 2899 2665 2958 δέ
2691 2899 2762 2957 δι’
2791 2903 2868 2957 ὧν
2899 2901 3116 2958 ἐποίουν
3148 2901 3462 2977 ὐπέφαινον,
3483 2901 3574 2955 καὶ
3605 2906 3764 2977 σαφῆ

2105 2992 2199 3048 τὸν
2255 2991 2456 3047 οἰκεῖον
2511 2987 2828 3065 προῦθηκαν
2889 2990 3114 3048 σκοπόν.
3186 2988 3360 3048 Ἀλλὰ
3443 2989 3568 3066 περὶ
3655 2987 3765 3062 μὲν

2105 3079 2315 3136 τούτων
2346 3074 2494 3143 ἅλις.

2174 3171 2287 3227 ΔΔ’.
2321 3169 2472 3239 Δί)τή
2502 3166 2582 3238 δέ,
2613 3167 2658 3224 ὦ
2689 3173 2822 3225 Θεοῦ
2857 3175 3053 3246 μῆτερ,
3112 3165 3398 3245 ἀγλάϊσμα
3451 3171 3552 3234 τῆς
3602 3169 3760 3241 ἡμε-

2103 3256 2262 3335 τέρας
2376 3257 2606 3330 φύσεως,
2704 3259 3228 3335 καινοπρεπὲστατον
3325 3255 3761 3333 δημιούργημα,

2107 3348 2366 3424 οὐράνιον
2423 3347 2583 3422 ὕψος,
2641 3346 2887 3428 χαρίτων
2945 3346 3208 3419 θάλασσα,
3266 3344 3395 3418 ἥλιε
3432 3351 3528 3402 τοῦ
3560 3367 3765 3424 φαινο-

2110 3435 2275 3512 μένου
2323 3435 2696 3514 λαμπρότερε,
2747 3437 3056 3513 ἱερωτάτων
3113 3436 3317 3512 ἀρετῶν
3382 3435 3605 3511 πλήρης
3662 3455 3765 3490 κι-

2107 3520 2271 3600 ϐωτὶ,
2323 3525 2522 3582 ἆνθέων
2604 3526 2856 3582 ἁπάντων
2916 3523 3256 3598 εὖωδεστάτη
3336 3527 3648 3602 μυροοήκη,
3718 3528 3761 3596 ἡ

2105 3613 2214 3689 ἐμή
2282 3616 2548 3691 σωτηρία,
2605 3612 2675 3671 δι’
2731 3617 2800 3686 ἧς
2857 3617 2945 3671 καὶ
3004 3617 3270 3692 οὐρανοὺς
3325 3615 3606 3688 οἰκοῦμεν,
3654 3614 3760 3669 καὶ

2104 3701 2427 3779 παράδεισον
2489 3703 2894 3781 ἀπειλήφαμεν,
2924 3705 2977 3758 τί
3031 3702 3115 3760 δεῖ
3142 3703 3328 3760 πολλα
3359 3703 3534 3780 λέγειν
3567 3721 3580 3772 ;
3615 3707 3763 3759 Θεοῦ

2101 3798 2202 3850 τοῦ
2259 3795 2558 3868 άγωρήτου
2635 3793 2855 3870 ὃοχεῖον
2911 3794 3002 3849 καὶ
3061 3797 3260 3869 Μήτηρ
3301 3792 3390 3849 καὶ
3449 3790 3538 3848 διὰ
3565 3796 3764 3867 τοῦτο,

2107 3887 2240 3940 Θεοῦ
2289 3880 2461 3952 πλήν,
2520 3883 2815 3959 ὁρωμένων
2873 3883 3122 3940 ἁπάντων
3181 3884 3268 3938 καὶ
3347 3881 3588 3959 ἀοράτων
3657 3883 3766 3938 Δέ-

2105 3991 2324 4042 σποινα,
2393 3969 2511 4042 εἴης
2569 3973 2706 4044 ἡμῖν
2765 3969 2989 4026 ἐνταῦθα
3051 3973 3144 4046 μὶν
3198 3972 3288 4027 καὶ
3344 3972 3466 4047 βίου
3523 3982 3766 4045 θεοπρε-

2106 4064 2241 4123 ποῦς
2299 4054 2661 4135 κυῦερνήτης.
2701 4061 2793 4116 καὶ
2851 4059 3115 4132 ἀληθείας
3177 4059 3404 4137 ὁδηγὸς,
3462 4062 3554 4116 καὶ
3609 4081 3762 4136 προ-

2108 4150 2376 4218 ασπιστής
2432 4155 2533 4219 τῆς
2585 4150 2704 4204 καθ’
2759 4151 2920 4222 ἡμῶν
2977 4154 3074 4206 τοῦ
3131 4150 3406 4224 πολεμίου
3493 4147 3764 4222 μελέτηςο

2107 4237 2158 4294 ἐν
2189 4235 2246 4294 δέ
2275 4242 2352 4311 τῷ
2388 4237 2650 4311 μέλλοντι
2680 4241 2780 4309 τὴν
2835 4243 2942 4293 τῶν
2994 4239 3236 4295 αῗωνίων
3295 4239 3511 4314 ἀγαθῶν
3573 4257 3771 4315 χορη-

2104 4329 2300 4403 γήσαις
2371 4325 2692 4386 ἀπόλαυσιν.
2787 4331 2885 4390 Ἥς
2937 4328 3146 4404 γένοιτο
3214 4330 3417 4392 πάντας
3473 4327 3769 4404 ἐπιτυχεῖν

2110 4418 2355 4492 μεσιτείᾳ
2381 4424 2483 4487 τῆς
2513 4420 2780 4473 Θεοτόκου
2809 4418 2900 4474 καὶ
2932 4419 3121 4496 χάριτι
3177 4419 3274 4474 τοῦ
3337 4417 3554 4495 Κυρίου
3594 4418 3771 4491 ⁴ἡμῶν

349 4507 498 4561 trice
527 4505 864 4576 Deipara,et
890 4505 1078 4576 gratia
1107 4503 1338 4558 Domini
1372 4504 1556 4558 nostri
1585 4505 1722 4560 Jesu
1753 4504 1992 4576 Christi,

2105 4507 2282 4576 Ἰησοῦ
2336 4507 2594 4582 Χριστοῦ,
2655 4508 2702 4580 ᾧ
2757 4506 2949 4583 πρέπει
3021 4513 3166 4564 πᾶσα
3215 4505 3363 4582 δόξα,
3441 4508 3600 4582 τιμὴ,
3661 4508 3765 4562 καὶ

349 4611 528 4666 quem
549 4593 722 4650 decet
747 4594 936 4667 gloria
955 4593 1170 4660 omnis,
1213 4592 1405 4648 honor
1429 4597 1489 4647 et
1537 4593 1802 4650 adoratio
1856 4611 1990 4650 cum

350 4689 572 4739 interno
605 4683 732 4754 ejus
788 4685 960 4739 Patre
1002 4687 1060 4737 et
1118 4681 1490 4738 sanctissimo
1544 4699 1612 4739 ac
1662 4683 1991 4742 viviﬁcante

347 4772 618 4845 ejusdem
643 4774 884 4846 Spiritu,
905 4788 1064 4828 nunc
1095 4778 1154 4828 et
1185 4788 1423 4844 semper
1453 4775 1511 4828 et
1541 4772 1601 4827 in
1633 4771 1850 4828 saecula
1880 4791 1988 4830 sm-

351 4860 648 4918 culorum.
676 4865 886 4920 Amen.

422 4933 471 4970 ³³
499 4935 665 4993 Cant.
699 4952 758 5006 ιι,
793 4934 844 4992 1.

2098 4593 2483 4672 προσκύνησις,
2529 4597 2733 4669 σύντῷ
2790 4595 3014 4673 ἀνάρχῳ
3083 4596 3250 4652 αὐτοῦ
3304 4597 3475 4673 Πατρὶ
3532 4595 3619 4652 καὶ
3675 4601 3769 4670 τῷ

2099 4683 2349 4760 παναγίῳ
2405 4683 2496 4740 καὶ
2555 4691 2812 4759 ζωοποιῷ
2871 4685 3038 4741 αὐτοῦ
3099 4686 3402 4760 Πνεύματι,

2100 4771 2181 4827 ἀεὶ
2211 4773 2298 4828 καὶ
2333 4773 2411 4834 εἷς
2433 4771 2564 4838 τοὺς
2595 4775 2794 4852 αἰῶνας
2827 4775 3068 4835 αἰώνων.
3108 4776 3309 4850 Ἀμήν.

3481 4689 3572 4740 νῦν
3659 4686 3766 4742 καὶ

1693 5008 1842 5066 Ant.
1873 5007 2172 5073 Ballerini
2201 5018 2390 5076 notae.

417 5146 530 5216 (26)
563 5143 941 5201 Attendenda
976 5143 1077 5216 hic;
1100 5142 1187 5197 vis
1246 5145 1351 5216 est.
1377 5141 1608 5216 Graecia
1649 5139 1991 5216 lgcutionis.

350 5209 432 5270 lix
451 5209 560 5272 usu
593 5219 750 5273 enim
779 5219 1023 5272 Patrum
1055 5209 1414 5284 δημιουργὸς,
1443 5210 1544 5284 tibi
1576 5210 1653 5284 ἀεὶ
1680 5213 1798 5268 Deo
1847 5214 1994 5271 dioi-

353 5293 468 5354 tur,
523 5294 613 5344 est
665 5292 908 5354 (ἔγγαιον,
961 5303 1030 5344 ac
1082 5276 1409 5410 proFtcrca’
1451 5276 1852 5357 δημιούργημα
1921 5287 1993 5344 de

353 5373 528 5410 onere
560 5376 664 5410 ner
691 5360 1018 5410 creationem
1065 5375 1095 5410 e
1129 5358 1184 5410 ni
1213 5355 1314 5410 ιίΙο
1373 5354 1584 5410 educto
1652 5363 1992 5410 usurpatur.

351 5373 528 5429 opere
560 5376 664 5428 per
691 5360 1018 5414 creationem
1065 5354 1099 5412 (ἑ
1129 5354 1314 5412 nihilo
1373 5354 1584 5410 educto
1652 5354 1992 5429 uSui'patur.

353 5427 553 5506 ﬁermo
587 5437 674 5506 est
703 5432 944 5506 ergo-tle
984 5429 1240 5506 Virgine.
1294 5432 1588 5499 quatenus
1646 5443 1676 5480 e
1721 5427 1994 5488 manibus

353 5498 721 5571 Deiprodiit.
751 5498 1632 5569 Exhibetur'autem'tanquam
1675 5515 1824 5571 opus
1875 5519 1996 5560 non

353 5566 526 5622 modo
558 5585 758 5642 navum
789 5571 892 5625 sed
926 5577 984 5625 et
1027 5566 1549 5642 splendidissimum.
1601 5571 1642 5623 E
1691 5566 1994 5630 communi

353 5656 490 5712 ergo
523 5640 730 5695 ordine
755 5640 1135 5698 recedens—ac
1177 5640 1662 5714 splendidissima
1717 5641 1996 5702 describi-

2105 5151 2651 5226 turAprimaMarim
2684 5151 2870 5226 origo.

2177 5221 2292 5293 (27)
2322 5222 2712 5296 Notissimum
2745 5221 2854 5292 est,
2878 5223 2967 5296 ad,
2985 5223 3438 5296 significandam
3469 5221 3552 5277 rei
3577 5221 3775 5296 alicu-

2097 5287 2201 5367 jus
2219 5287 2679 5365 amplitudinem
2717 5287 2856 5352 tunc
2878 5287 3148 5351 adhiberi
3173 5300 3408 5367 tmpum
3443 5311 3474 5348 e
3498 5295 3643 5367 mari
3663 5293 3776 5367 de.

2106 5363 2514 5439 ductum,cum
2534 5384 2663 5423 rem
2689 5367 2953 5439 qualibet
2983 5363 3565 5439 mensura—majorem
3591 5365 3784 5436 signi-

2106 5436 2284 5492 ﬁcare
2316 5435 2723 5495 volumus.Sic
2736 5440 2995 5494 bonitatis
3013 5438 3250 5508 pelagus
3268 5435 3463 5493 dicere
3483 5435 3778 5508 solemus,

2103 5511 2171 5563 ut
2225 5507 2588 5566 immensam
2646 5511 2749 5566 Dei
2812 5507 3612 5566 bonitatem’siuniﬂcemus.
3673 5507 3779 5565 Sic

2106 5594 2244 5649 ergo
2270 5579 2474 5649 gratim
2495 5581 2654 5637 dona
2684 5587 2902 5638 sancta)
2924 5580 3148 5652 Virgini
3179 5577 3393 5637 collata
3434 5577 3778 5652 quamlibet

2105 5664 2449 5707 mensuram
2485 5652 2835 5710 excedentia
2861 5652 3287 5726 prmdicantur.
