4030 6212
236 330 353 390 165
744 327 1066 391 NICETE
1108 327 1530 391 ΜΑΒΟΝΕᾹΞ.
1577 362 1653 374 —
1699 333 1802 392 DE

2060 332 2394 393 ESSlUNE
2440 333 2802 395 SPIRITUS
2846 335 3147 395 SANCTI.
3538 340 3651 400 166

1660 649 1808 688 ANNO
1850 648 2041 689 οοιίιΝι
2082 650 2207 689 MCC!
2217 677 2229 689 .

760 825 1746 1029 NICETAS
1882 830 3115 1037 MARONEZE

462 1181 2101 1280 THESSALONICENSIS
2210 1185 3389 1283 METROPOLITA

1372 1529 1463 1583 DE
1500 1528 1756 1584 NICETA
1795 1526 2099 1593 EJUSQUE
2138 1529 2468 1586 DIALOGIS

631 1722 1513 1826 ΜθΝΞτσΜ
1571 1724 1693 1824 ιΐ.
1765 1724 2222 1827 HERG

1646 1726 1693 1822 '.
1765 1724 3237 1844 HERGBNRGTHBR

919 1980 1113 2020 THBOL.
1156 1980 1209 2019 IN
1245 1981 1691 2021 WlRCEBURGENSl
1732 1980 2079 2021 LITTERARUM
2117 1982 2501 2023 UNIVERSITATE
2539 1982 2923 2025 PROFESSORIS.

284 2282 330 2332 ἰ.
365 2277 611 2332 Nicetes
634 2275 771 2340 iste,
805 2274 890 2329 ait
918 2271 1300 2329 doctissimus
1331 2274 1407 2329 Le
1436 2273 1624 2339 Quien
1646 2274 1907 2345 (Orientis
1939 2275 2248 2332 Christiani
2276 2282 2438 2332 tonio
2472 2277 2540 2345 ll,
2589 2294 2645 2348 p.
2679 2277 2793 2351 47),
2826 2278 2977 2335 alius
3009 2280 3252 2335 omnino
3308 2298 3429 2339 non
3479 2290 3567 2339 est
3607 2302 3643 2343 a

212 2366 419 2423 Niceta
452 2362 936 2434 Chartopbylace
972 2367 1030 2416 et
1061 2364 1347 2417 Maronem
1398 2365 1694 2435 episcopo,
1736 2364 1834 2435 qui
1876 2364 1949 2419 ad
1998 2365 2585 2421 Thessalonicensem
2645 2366 2847 2422 sedem
2894 2375 3204 2439 provectus
3259 2370 3388 2427 fuit.
3452 2373 3649 2430 Latini

215 2454 520 2527 dogmatis
553 2452 628 2507 de
653 2451 908 2523 Spiritus
933 2451 1119 2507 sancti
1150 2468 1220 2506 ex
1250 2451 1398 2507 Filio
1430 2469 1666 2523 quoque
1699 2453 2078 2525 processione
2102 2459 2364 2509 assertor
2392 2453 2631 2524 quidem
2674 2454 2805 2523 fuit,
2857 2457 3141 2512 insertam
3201 2475 3333 2513 vero
3361 2460 3641 2531 Symbolo

218 2559 433 2599 vocem
468 2543 729 2611 Filioque
761 2558 882 2595 non
912 2539 1219 2612 probabat.
1253 2542 1521 2596 Manuele
1546 2543 1848 2597 Comneno
1876 2543 2233 2613 imperatore
2265 2544 2527 2614 dialogos
2558 2560 2697 2598 suos
2743 2560 2876 2599 cum
2927 2562 2995 2598 eo
3039 2546 3243 2601 habuit
3277 2549 3435 2620 Hugo
3466 2551 3644 2604 Ethe-

218 2634 453 2688 rianus.
492 2630 709 2686 Multas
732 2630 1023 2685 librorum
1052 2630 1184 2701 ejus
1215 2630 1464 2685 lacinias
1499 2632 1719 2702 passim
1752 2632 1874 2686 suis
1904 2632 1967 2685 in
2000 2632 2400 2686 voluminibus
2423 2632 2596 2686 variis
2619 2633 2929 2703 exscripsit
2980 2634 3251 2689 Allatius.
3312 2637 3378 2689 In
3424 2637 3640 2693 biblio-

218 2722 397 2776 theca
429 2721 570 2775 Mss.
601 2719 825 2791 Anglia:
857 2719 1014 2772 inter
1032 2719 1270 2773 Joannis
1299 2718 1540 2774 Seldeni
1563 2718 1797 2774 codices
1852 2719 2040 2775 classe
2096 2720 2165 2787 II,
2218 2736 2278 2774 n.
2340 2722 2373 2773 2
2429 2719 2682 2773 habetur
2712 2720 2977 2789 Prologus
3010 2722 3076 2774 de
3099 2723 3568 2791 peregrinatione
3598 2733 3652 2780 et

219 2811 362 2866 actis
394 2811 459 2865 S.
493 2811 730 2864 Joannis
750 2807 1113 2877 Evangelista:
1142 2825 1211 2862 ea:
1239 2825 1332 2863 ore
1362 2810 1565 2864 Nicetw
1593 2809 2103 2864 Thessalonicensis.
2136 2810 2199 2862 In
2229 2809 2367 2862 Jure
2417 2809 2918 2863 Graeco—Romano
2950 2816 3195 2879 regesta;
3218 2811 3429 2881 jacent
3458 2814 3645 2868 inter-

221 2900 583 2971 rogationes
614 2898 985 2953 diversorum
1020 2898 1431 2968 episcoporum
1463 2897 1537 2952 ad
1568 2898 1631 2951 D.
1664 2897 1925 2952 Nicetam
1949 2897 2497 2969 ChartOphylacem,
2531 2896 2630 2967 qui
2666 2896 3144 2968 archiepiscopus
3173 2898 3363 2954 factus
3394 2906 3484 2956 est
3518 2918 3645 2957 me-

218 2989 479 3061 tropolis
508 2987 973 3044 Thessalonicae.
1007 2987 1141 3042 Haec
1169 2986 1239 3041 de
1267 2987 1473 3042 Niceta
1503 2991 1707 3041 nostro
1744 2987 2118 3057 Lequienius.

222 3110 229 3115 ’
294 3088 365 3143 ll.
396 3089 590 3143 Porro
620 3087 856 3143 Nicetas
886 3090 1109 3155 noster,
1138 3101 1315 3155 quem
1344 3085 1538 3156 patria
1568 3083 1962 3155 Mitylenzeum
1995 3085 2175 3140 fuisse
2207 3085 2450 3142 tradunt
2482 3085 2779 3150 nonnulli.
2816 3088 2915 3157 qui
2951 3094 3149 3145 tamen
3184 3090 3315 3145 aliis
3344 3107 3480 3146 eum
3512 3105 3646 3145 cum
3694 3126 3697 3131 -

219 3177 410 3233 altero
444 3177 655 3233 Niceta
684 3176 999 3248 posteriori
1034 3174 1162 3245 ejus
1188 3175 1251 3228 in
1281 3174 1795 3230 Thessalonicensi
1827 3174 1964 3229 sede
1995 3191 2338 3231 successore
2397 3175 2550 3248 (vide
2605 3177 2678 3232 Le
2710 3177 2897 3241 Quien
2926 3177 2965 3234 1.
3000 3196 3051 3234 ο.
3093 3196 3150 3250 p.
3184 3182 3273 3251 52)
3304 3178 3644 3236 confudisse

215 3266 517 3333 videntur,
553 3265 774 3321 saeculo
796 3264 1077 3320 Ecclesia;
1099 3262 1450 3319 duodecimo
1483 3262 1686 3318 ﬂoruit
1716 3267 1776 3317 et
1804 3263 1961 3318 inter
1989 3262 2107 3318 alia
2136 3280 2240 3318 sex
2295 3264 2366 3319 de
2426 3266 2805 3336 processione
2859 3267 3112 3337 Spiritus
3161 3269 3348 3324 sancti
3380 3268 3644 3340 dialogos

222 3356 586 3427 composuit,
620 3359 679 3409 et
709 3353 948 3424 quidem
978 3359 1137 3408 certo
1168 3358 1305 3408 ante
1337 3367 1560 3407 annum
1598 3355 1753 3421 t201,
1787 3369 1903 3422 quo
1936 3352 2236 3407 Fabricius
2286 3354 2569 3420 (Biblioth.
2605 3356 2698 3411 Gr.
2728 3355 2838 3410 vol.
2874 3357 2963 3424 Vl,
2997 3373 3053 3428 p.
3087 3358 3190 3412 434
3220 3358 3309 3413 ed.
3334 3363 3447 3414 vet.
3480 3375 3493 3424 ;
3529 3355 3640 3411 vol.

227 3446 343 3511 ΥΠ,
376 3462 438 3515 p.
474 3447 580 3498 ’755
612 3442 705 3498 ed.
742 3441 995 3511 Harles.)
1034 3457 1133 3495 eos
1164 3444 1437 3495 exaratos
1467 3439 1733 3511 putabat.
1766 3440 1874 3505 Qui
1905 3440 2064 3494 enim
2126 3440 2253 3495 fieri
2301 3447 2553 3512 poterat,
2613 3446 2680 3497 ut
2729 3444 2889 3515 llugo
2945 3444 3300 3500 Etherianus
3329 3444 3496 3499 libris
3523 3445 3646 3499 suis

226 3532 570 3591 Alexandro
604 3532 679 3587 lll
711 3547 946 3585 summo
974 3528 1240 3601 pontiﬁci
1272 3529 1558 3584 dedicatis
1585 3529 1800 3583 Nicetis
1825 3528 2006 3583 verba
2035 3529 2108 3583 ad
2135 3532 2421 3585 amussim
2454 3532 2675 3586 nostris
2710 3529 2959 3602 dialogis
3009 3549 3273 3588 consona
3328 3533 3639 3605 proferret,

227 3626 274 3678 si
304 3624 522 3693 dialogi
556 3622 671 3692 ipsi
722 3620 896 3692 longe
928 3625 1133 3690 postea
1164 3619 1385 3673 exarati
1441 3617 1697 3672 fuissent
1725 3617 1753 3672 ’ἲ
1803 3619 1916 3672 Hos
1972 3623 2170 3674 autem
2222 3618 2487 3692 dialogos
2521 3620 2725 3676 laudat
2764 3620 3131 3690 Nicephorus
3162 3622 3508 3686 Blemmida,
3534 3622 3636 3691 qui

228 3720 532 3767 auctorem
566 3716 737 3766 vocat
766 3710 956 3763 virum
980 3709 1261 3763 eximium
1294 3712 1351 3762 et
1380 3710 1764 3778 praestantem
1789 3706 1971 3778 (Orat.
2020 3708 2064 3774 Ι,
2106 3724 2164 3761 n.
2226 3710 2257 3760 6
2316 3710 2491 3764 Griec.
2552 3708 2772 3763 orthod.
2808 3713 2849 3762 t.
2909 3710 2954 3772 Ι,
3013 3726 3069 3778 p.
3104 3711 3181 3778 6),
3216 3710 3472 3764 Joannes
3502 3728 3636 3767 vero

230 3803 467 3867 Beccus,
491 3818 631 3855 cum
666 3801 729 3853 in
761 3800 924 3853 hunc
955 3797 1174 3852 librum
1199 3795 1510 3851 incidisset
1539 3812 1794 3866 eumque
1818 3794 2078 3865 legisset,
2114 3812 2247 3850 mox
2280 3796 2505 3865 ejurato
2544 3797 2859 3850 schismate
2892 3798 3217 3851 Romanam
3277 3797 3456 3852 fidem
3513 3816 3643 3869 par—

226 3897 432 3962 tesque
461 3889 780 3961 amplexus
812 3894 920 3957 est,
954 3892 1020 3941 ut
1041 3891 1290 3941 testatur
1320 3884 1734 3956 Pachymeres,
1763 3883 1864 3954 qui
1896 3884 2143 3953 insuper
2172 3883 2432 3937 Nicetam
2484 3889 2754 3937 nostrum
2811 3901 2931 3938 navo
2981 3901 3086 3938 suo
3114 3885 3176 3938 in
3204 3902 3418 3957 magno
3451 3888 3641 3957 pretio

223 3978 408 4034 fuisse
442 3984 501 4034 et
532 3979 597 4033 in
632 3977 857 4049 majore
892 3975 1142 4031 ecclesia
1172 3973 1703 4044 Chartophylacem
1730 3977 1937 4027 narrat
1964 3971 1990 4026 ?
2020 3972 2176 4039 (Hist.
2200 3969 2236 4023 l.
2271 3987 2344 4035 γι,
2370 3988 2419 4025 c.
2450 3973 2502 4036 6,
2539 3973 2604 4025 23
2640 3992 2655 4037 ;
2695 3972 2733 4025 ι.
2767 3988 2859 4039 vn,
2888 3988 2938 4026 c.
2972 3971 3050 4042 9.)
3082 3975 3291 4027 Postea
3312 3973 3374 4028 in
3406 3975 3642 4047 scriptis

234 4070 349 4123 suis
381 4067 659 4138 ejusdem
692 4066 893 4138 operis
924 4065 1293 4120 mentionem
1326 4063 1467 4118 fecit
1494 4061 1654 4117 idem
1687 4061 2046 4133 patriarcha,
2076 4059 2177 4130 qui
2209 4075 2294 4115 or.
2330 4060 2379 4112 ll
2408 4060 2472 4113 de
2502 4060 2710 4129 injuste
2739 4060 3075 4129 depositione
3105 4079 3164 4116 n.
3198 4066 3228 4116 5
3261 4062 3373 4134 (Gr.
3397 4064 3541 4120 orth.
3569 4065 3644 4135 Il,

229 4174 285 4228 p.
314 4160 401 4228 44)
428 4157 551 4211 ait:
579 4179 609 4205 α
639 4155 874 4210 Nicetes
908 4169 1167 4224 quoque,
1201 4169 1309 4208 sua
1338 4155 1511 4207 {etate
1542 4151 1932 4206 archieratica
1960 4148 2509 4204 'l‘hessalonicensis
2541 4148 2935 4220 metrOpoleos
2967 4155 3180 4205 tenens
3218 4151 3646 4224 gubernacula,

229 4246 591 4317 colloquium
622 4244 807 4300 Grasci
840 4243 1153 4314 Latinique
1185 4241 1584 4309 concinnavit,
1618 4245 1676 4294 et
1703 4239 1960 4311 potiores
1990 4244 2188 4309 partes
2220 4238 2422 4293 Latino
2443 4238 2731 4304 attribuit,
2756 4243 2889 4309 apte
2914 4240 3350 4309 quodammodo
3372 4242 3644 4299 Grmcum

228 4336 523 4392 adducens
554 4336 633 4392 ad
664 4335 949 4390 unionem
976 4333 1247 4388 hilariter
1275 4330 1740 4404 suscipiendam.
1775 4333 1956 4385 Erant
1988 4330 2306 4399 siquidem,
2341 4334 2510 4384 erant
2541 4336 2600 4383 et
2631 4345 2762 4384 vere
2794 4330 2953 4400 iique
2986 4347 3169 4401 quam
3200 4332 3444 4403 plurimi
3504 4340 3661 4391 ante.

235 4443 353 4497 nos,
384 4429 490 4500 qui
520 4429 681 4483 hanc
714 4426 1000 4482 unionem
1029 4422 1565 4497 amplectebantur,
1601 4423 1701 4477 sed
1730 4422 1820 4476 illi
1867 4436 2078 4476 manus
2136 4436 2433 4491 apponere
2488 4436 2607 4474 non
2638 4420 2936 4478 audebant
2966 4424 3039 4478 ob
3071 4440 3140 4479 ea
3170 4423 3319 4495 ipsa,
3356 4443 3488 4496 quae
3511 4445 3645 4495 nos,

249 4529 338 4598 qui
367 4544 587 4584 manus
618 4527 1027 4599 apposuimus,
1046 4539 1330 4596 perpessa
1360 4538 1586 4578 sumus.
1621 4543 1649 4571 η
1676 4522 1793 4576 Hos
1825 4520 1984 4592 ipsos
2014 4518 2275 4591 dialogos
2307 4524 2365 4574 et
2384 4519 2835 4575 Constantinum
2861 4522 3287 4579 Meliteniotam
3318 4528 3650 4598 respexisse

242 4618 613 4685 crediderim,
636 4616 782 4671 dum
813 4613 1228 4671 animadvertit
1251 4613 1369 4682 (Or.
1419 4611 1470 4667 Il
1522 4613 1599 4665 De
1643 4626 1802 4680 prae.
1854 4610 1950 4680 Sp.
1983 4610 2040 4664 S.
2073 4625 2124 4663 c.
2157 4609 2191 4661 4
2218 4650 2232 4677 ,
2269 4608 2365 4664 Gr.
2396 4608 2542 4663 orth.
2572 4613 2613 4664 t.
2645 4610 2717 4674 II,
2751 4626 2806 4680 p.
2840 4611 2990 4685 9l2),
3015 4612 3193 4668 etiam
3222 4619 3357 4685 post
3388 4617 3652 4673 schisma

240 4706 429 4775 plures
459 4707 697 4762 Graecos
725 4704 1067 4759 Latinorum
1087 4699 1348 4773 dogmati
1379 4699 1441 4755 in
1469 4698 1708 4769 scriptis
1740 4698 1867 4752 suis
1897 4714 2026 4753 esse
2055 4698 2426 4770 suffragatos,
2450 4697 2599 4753 alios
2629 4705 2853 4771 aperte,
2889 4701 3036 4758 alios
3064 4720 3200 4758 vero
3257 4704 3651 4782 subobscure,

246 4812 469 4867 semper
498 4812 565 4852 se
598 4793 853 4865 tempori
887 4807 993 4864 pro
1025 4792 1289 4846 humana
1315 4788 1633 4860 fragilitate
1665 4786 2186 4843 accommodantes
2242 4791 2302 4841 et
2358 4786 2466 4842 sub
2521 4788 2716 4860 specie
2756 4788 2971 4864 dialogi
3002 4792 3310 4864 perspicue
3338 4795 3645 4849 veritatem

245 4886 639 4941 enuntiantes.

310 4977 401 5032 ιιι.
436 4978 585 5032 Hinc
616 4991 797 5031 nemo
829 4973 1125 5030 morosius
1155 4970 1495 5038 contendet,
1526 4968 1798 5024 Nicetam
1832 4972 2102 5023 nostrum
2158 4984 2280 5023 non
2330 4968 2513 5023 fuisse
2570 4970 2806 5025 Griecim
2860 4972 3200 5027 orthodoxae
3233 4972 3521 5043 theologis
3551 4987 3649 5027 so-

254 5067 538 5123 ciandum.
573 5064 781 5132 Quoad
813 5064 1025 5136 dogma
1055 5063 1250 5135 ipsum
1280 5076 1417 5115 cum
1444 5057 1664 5113 Latinis
1696 5056 2016 5112 concordat
2046 5062 2103 5111 et
2133 5073 2255 5112 non
2287 5056 2607 5129 incongrue
2640 5058 2985 5114 eorumdem
3034 5061 3294 5115 rationes
3353 5061 3596 5131 exponit
3629 5077 3645 5127 ;

248 5158 427 5212 solum
458 5172 707 5212 suorum
739 5154 954 5209 civium
986 5158 1170 5218 metu,
1204 5167 1351 5221 quos
1380 5148 1641 5204 suaviter
1672 5147 1915 5202 allicere
1939 5146 2283 5212 conabatur,
2309 5147 2669 5217 praijudiciis
2701 5165 2769 5202 ea
2792 5148 2851 5201 in
2881 5153 3045 5219 parte
3070 5148 3355 5217 indulget,
3397 5166 3515 5218 qua
3543 5147 3651 5204 ad-

251 5246 518 5301 ditionem
551 5244 835 5315 reprobat
865 5244 929 5298 in
960 5239 1239 5313 Symbolo
1270 5239 1507 5293 factam.
1536 5236 1903 5292 Inﬁrmiores
1933 5234 2030 5291 hic
2062 5236 2191 5306 ejus
2222 5241 2360 5289 sunt
2389 5235 2668 5301 rationes,
2699 5254 2875 5306 quam
2910 5241 2972 5290 ut
3000 5235 3356 5290 refutatione
3400 5237 3652 5309 longiori

252 5334 422 5406 digna:
454 5337 771 5391 videantur
803 5336 970 5405 ;jam
999 5348 1133 5388 eum
1168 5330 1305 5385 inde
1340 5328 1619 5399 carpebat
1649 5328 1965 5381 Bessarion
1999 5327 2268 5381 scribens
2301 5325 2477 5394 (apud
2510 5326 2683 5381 Allat.
2720 5330 2792 5381 Ile
2821 5326 3139 5390 consens.,l.
3175 5326 3242 5392 ll,
3277 5344 3326 5384 c.
3363 5331 3452 5387 28.
3478 5347 3534 5384 η.
3557 5331 3648 5402 5);

255 5424 422 5477 Καίτοι
454 5426 483 5477 ὁ
518 5420 925 5491 Θεσσαλονίκης
952 5420 1116 5480 οὗτος
1165 5421 1244 5489 τῷ
1276 5416 1523 5471 Λατίνων
1563 5412 1879 5489 προσέκειτο
1932 5410 2190 5488 ὃόγμπτι·
2250 5412 2312 5464 τὸ
2363 5411 2463 5484 γὰρ
2525 5415 2889 5486 συμπέρασμα
2936 5412 3139 5484 ἀληθὲς
3186 5415 3324 5470 εἶναι
3385 5414 3651 5491 ἐδίδαξεν,

256 5507 475 5586 ἐμάχετο
512 5510 593 5581 δὲ,
624 5514 788 5566 τοῦτο
818 5507 885 5579 δὴ
912 5508 1242 5584 λεγόμενον,
1269 5505 1403 5579 ὑπὲρ
1434 5499 1563 5560 ὄνου
1593 5506 1765 5575 σκιᾶς,
1802 5503 1877 5577 μή
1913 5499 2023 5557 δεῖν
2064 5497 2204 5574 μηδὲ
2227 5498 2438 5568 τάληθῆ
2502 5504 2580 5571 τῷ
2640 5496 2918 5573 Συμϐόλῳ
2976 5505 3312 5575 προσθεῖναι.
3349 5507 3401 5580 (‹‹
3452 5509 3653 5574 Quan-

255 5617 414 5671 quam
444 5601 994 5661 Thessalonicensis
1023 5601 1136 5655 iste
1170 5598 1513 5654 Latinorum
1546 5595 1805 5669 dogmati
1831 5593 2103 5660 adhaesit,
2132 5588 2578 5647 conclusionem
2610 5591 2769 5646 enim
2800 5609 2996 5651 veram
3029 5612 3159 5652 esse
3214 5597 3483 5668 docebat,
3517 5616 3658 5656 con-

250 5691 514 5751 tendebat
535 5710 695 5766 vero,
722 5698 791 5751 ut
818 5694 880 5751 in
908 5687 1230 5768 proverbio
1260 5691 1369 5761 est,
1401 5685 1473 5744 de
1505 5684 1659 5743 asini
1680 5684 1913 5756 umbra,
1936 5696 2207 5742 asserens
2227 5693 2421 5752 neque
2450 5695 2590 5738 vera
2619 5696 2747 5738 esse
2781 5680 3056 5755 Symbolo
3088 5685 3388 5747 addenda.
3424 5688 3476 5764 »)
3498 5688 3647 5756 Quae
