4030 6212
382 336 496 396 167
677 353 680 356 '
1703 331 1973 394 NlCli’l‘Z

2190 329 2470 392 RONEE
3675 332 3781 394 168

381 467 558 524 verba
579 467 796 540 repetit
823 465 1066 523 Allatius
1097 465 1322 536 (Contra
1339 463 1589 534 Hotting.
1623 482 1680 536 p.
1714 467 1838 531 466,
1875 467 1972 519 467

2198 481 2314 520 :um
2339 463 2490 520 illis:
2514 465 2746 537 Πρᾶγμα
2782 459 3031 538 μεγάλης
3047 456 3335 525 εὐλαϐείας
3366 482 3424 518 τε
3452 463 3546 518 καὶ
3581 461 3789 542 σοφίας,

383 557 582 630 ὅμοιον
615 555 662 610 ε’τῖ
688 577 771 618 τις
801 553 964 629 ἓλεγε
997 557 1070 628 μὴ
1107 551 1213 608 δεῖν
1238 551 1697 630 πσρῥτβιᾰζεσϐαι
1729 553 1829 619 τήν
1859 553 1966 623 ab:

2194 577 2201 603 ι
2232 555 2374 610 Rem
2409 569 2634 626 magna:
2666 553 2930 624 profecto
2963 553 3292 609 devotionis
3324 560 3384 609 et
3439 555 3739 626 sapientiai
3773 554 3785 610 Ξ

381 626 462 703 Ac
496 649 542 703 si
577 647 822 711 diceret,
858 626 980 700 non
999 626 1283 716 (oportere
1316 626 1622 700 veritatem
1655 644 1886 716 publice
1909 626 2240 715 praedicari.
2277 666 2304 692 »
2335 644 2570 698 lnﬁcias
2603 647 2802 698 tamen
2837 642 2922 697 ire
2955 659 3078 698 non
3119 660 3456 714 possumus,
3490 645 3639 699 hanc
3670 645 3792 701 dis-

382 737 756 809 putationem
791 735 1009 790 Grmcis
1041 733 1364 790 lecto-ribus
1394 734 1652 790 maxime
1683 734 2184 790 accommodatam
2219 735 2422 804 reique
2449 733 2560 804 ipsi
2583 732 2791 787 utilem
2823 732 3146 788 admodum
3173 733 3373 789 fuisse.
3409 733 3566 804 Opus
3597 735 3787 806 ipsum

376 826 591 881 merito
624 841 657 878 a
689 824 838 879 Maio
873 829 1116 878 vocatur
1141 839 1287 895 opus
1319 824 1600 896 spissum,
1635 823 1857 895 ingenii
1889 823 2184 889 acumine,
2217 823 2528 877 verborum
2563 821 2751 892 copia,
2779 837 2901 876 non
2933 823 3060 877 sine
3085 828 3390 877 venustate
3421 821 3782 892 redundans,

373 914 435 968 in
463 931 576 984 quo
610 913 946 985 dogmatica
977 913 1100 970 hanc
1127 913 1524 969 controversia
1555 913 1802 968 summis
1835 912 2052 968 viribus
2093 911 2379 968 evolvitur
2433 927 2500 966 ac
2547 909 2882 982 ventilatur,
2943 928 3074 982 qum
3113 911 3493 968 (acumenicis
3541 911 3782 968 demum

369 1001 626 1057 decretis
659 1001 908 1056 definita
928 1002 1058 1056 fuit.

441 1092 530 1146 ιν.
568 1090 721 1146 Nihil
745 1096 1030 1162 praeterea
1059 1108 1190 1162 qua)
1223 1089 1472 1146 Allatius
1501 1090 1728 1163 (Contra
1758 1093 2008 1161 Houing.
2041 1109 2098 1163 p.
2130 1093 2234 1146 467
2265 1090 2416 1162 seq.)
2449 1107 2520 1146 ex
2557 1089 2790 1162 dialogo
2849 1094 3014 1145 sexto
3046 1089 3399 1162 allegaverat
3429 1105 3616 1160 eaque
3645 1107 3777 1161 qua:

372 1195 444 1234 ex
477 1180 802 1250 Niceplioro
832 1179 1160 1234 Blemmida
1191 1180 1305 1252 (Gr.
1337 1179 1481 1237 orth.
1517 1181 1556 1246 l_
1591 1198 1649 1252 p.
1682 1183 1714 1234 6
1749 1197 1850 1251 seq
1879 1184 1898 1249 )
1929 1181 2194 1249 dederat,
2235 1179 2539 1252 vulgatum
2571 1179 2785 1234 exinde
2817 1185 2906 1234 est
2937 1197 2952 1245 ;
2993 1179 3063 1235 de
3096 1186 3337 1235 auctore
3367 1181 3494 1250 ipso
3525 1179 3780 1235 Allatius

373 1269 551 1323 etiam
586 1269 844 1324 Dialriba
877 1269 948 1323 de
981 1269 1245 1338 Nicetis§
1275 1287 1308 1323 x
1333 1269 1496 1339 (Maii
1529 1271 1659 1324 Nov.
1695 1269 1826 1324 bibl.
1860 1271 1970 1324 PP.
2011 1275 2051 1324 t.
2078 1270 2169 1338 VI,
2193 1285 2250 1340 p.
2282 1286 2342 1335 ll,
2377 1286 2433 1340 p.
2472 1272 2535 1323 l2
2559 1271 2710 1339 seq.)
2741 1270 2815 1323 De
2846 1284 3084 1324 consens.
3121 1268 3259 1324 Eccl.
3285 1269 3464 1326 Occid.
3490 1274 3540 1324 et
3564 1270 3778 1324 Orient.

367 1355 407 1411 l.
443 1358 510 1425 ll,
545 1374 598 1412 a.
637 1361 721 1424 13,
749 1375 804 1412 η
837 1361 866 1411 ὅ
924 1375 980 1429 p.
1011 1359 1136 1424 703,
1165 1359 1244 1412 De
1277 1358 1493 1413 Rubeis
1515 1358 1575 1412 in
1607 1359 1846 1414 Dissert.
1883 1357 1954 1414 de
1985 1357 2446 1430 Theophylacto,
2477 1357 2508 1430 §
2541 1360 2692 1424 19,n.
2715 1359 2784 1411 77
2813 1357 2982 1430 (Opp.
3008 1358 3430 1429 Theophylacti
3465 1357 3774 1415 ed.Venet.

370 1448 528 1513 1754,
567 1451 606 1500 t.
638 1449 680 1514 Ι,
709 1465 767 1516 p.
800 1449 888 1508 46)
922 1452 980 1502 et
1031 1447 1104 1500 Le
1133 1446 1317 1511 Quien
1351 1447 1614 1517 (Dissert.
1648 1449 1671 1502 Ι
1728 1449 1789 1502 in
1841 1465 1953 1519 opp

2193 1495 2194 1500 η
2245 1447 2512 1502 Damasc.
2546 1448 2574 1514 §
2604 1448 2694 1512 43,
2727 1463 2784 1517 p.
2819 1449 2912 1516 24,
2953 1446 3232 1517 PanOpIia
3259 1446 3516 1502 adversus
3545 1447 3784 1502 schisma

373 1536 710 1603 Gra’corum,
743 1555 800 1608 p.
834 1539 937 1592 323
970 1539 1120 1608 seq.)
1157 1543 1569 1594 tractaverunt.
1597 1537 1843 1593 Demum
1877 1539 1999 1592 Em.
2035 1537 2218 1592 Maius
2252 1536 2564 1609 Prologum
2597 1535 2782 1590 edidit
2803 1552 2921 1590 una
2943 1552 3076 1591 cum
3091 1535 3360 1591 versione
3391 1537 3597 1591 Latina
3618 1540 3780 1604 (Nov.

359 1626 505 1682 Bibl.
539 1629 674 1694 PP.,
702 1634 742 1682 t.
781 1630 866 1697 VI,
901 1647 957 1700 p.
990 1643 1054 1691 ιι,
1088 1647 1142 1701 p.
1181 1631 1306 1696 445,
1340 1631 1484 1702 446).
1511 1631 1625 1684 Nos
1655 1629 1762 1684 llOS
1791 1628 2051 1700 dialogos
2082 1627 2336 1682 vidimus
2367 1632 2494 1682 tum
2525 1626 2837 1681 Florentiae
2861 1627 2920 1680 in
2945 1625 3074 1682 cod.
3111 1627 3524 1694 Laurentiano,
3553 1644 3782 1695 xxxvn,

363 1719 500 1782 n.2,
527 1717 674 1788 plut.
715 1735 846 1772 xxx:
879 1719 1032 1789 (vide
1055 1718 1327 1774 Bandinii
1349 1719 1534 1775 Catal.
1566 1725 1606 1774 t.
1631 1719 1700 1786 Il,
1733 1736 1788 1790 p.
1827 1718 1944 1789 114)
1974 1723 2102 1772 tum
2127 1719 2325 1772 Romaa
2357 1715 2417 1770 in
2446 1715 2574 1770 cod.
2601 1715 2784 1770 Vatic.
2815 1716 2974 1785 1115,
2996 1715 3157 1772 ubif.
3185 1718 3252 1770 58
3283 1735 3336 1772 ν.
3359 1717 3780 1790 postdialogos

367 1805 646 1878 prologus
673 1823 706 1860 a
739 1807 886 1862 Maio
918 1805 1112 1862 editus
1142 1809 1455 1880 reperitur,
1490 1807 1589 1878 qui
1614 1807 1673 1861 in
1722 1806 2112 1862 Laurentiano
2145 1809 2280 1860 ante
2332 1803 2627 1876 dialogum
2663 1805 2682 1858 l
2718 1805 2942 1876 positus
2975 1809 3083 1860 est.
3117 1805 3230 1860 Sed
3260 1811 3536 1861 neutrum
3569 1821 3782 1861 exem-

367 1893 498 1965 plar
520 1894 816 1966 integrum
840 1895 1171 1951 describere
1195 1897 1496 1968 potuimus
1525 1896 1657 1952 aliis
1688 1895 1966 1968 Operibus
2019 1894 2230 1950 intenti
2287 1899 2344 1948 et
2401 1894 2683 1965 temporis
2720 1893 3006 1950 brevitate
3051 1893 3358 1966 praepediti
3394 1911 3407 1962 ;
3439 1895 3783 1968 fragmenta

363 1989 565 2038 tamen
599 1985 736 2039 inde
770 1985 944 2056 plura
974 1986 1323 2058 collegimus
1356 2004 1426 2042 ex
1461 1986 1694 2042 schedis
1725 1986 1900 2041 amici
1921 1983 2232 2055 cujusdam
2265 1985 2462 2040 Romae
2494 1983 2758 2055 degentis
2791 1983 3170 2055 locupletata,
3214 2001 3366 2056 quas,
3418 1985 3650 2040 etiamsi
3690 2002 3779 2042 ne

356 2073 591 2127 tertiam
631 2073 871 2144 quidem
904 2074 1112 2146 prolixi
1147 2075 1341 2146 operis
1371 2082 1601 2146 partem
1660 2075 1960 2142 exhibent,
2013 2073 2244 2129 erudito
2305 2079 2503 2128 tamen
2554 2071 2758 2127 lectori
2808 2073 3084 2129 duximus
3114 2075 3630 2143 communicanda,
3663 2076 3781 2146 qui

353 2161 503 2226 inde
537 2161 718 2216 totius
741 2163 937 2234 Operis
969 2170 1376 2238 conspectum_
1403 2165 1830 2219 accuratiorem
1890 2161 2106 2217 habere
2155 2167 2366 2234 potest.
2420 2163 2674 2216 Possunt
2703 2167 2763 2216 et
2812 2162 2960 2228 hanc,
2993 2163 3054 2217 ni
3094 2162 3289 2228 fallor,
3323 2162 3520 2218 futuro
3553 2164 3782 2219 horum

358 2250 722 2321 dialogorum
750 2251 962 2306 editori
986 2253 1259 2308 nonnihil
1292 2253 1446 2309 ferre
1475 2251 1740 2323 subsidii,
1769 2252 1908 2308 licet
1937 2268 2044 2307 nos
2075 2267 2202 2306 eam
2237 2251 2355 2306 illis
2386 2267 2628 2322 operam
2665 2267 2886 2307 navare
2924 2251 3086 2308 haud
3118 2253 3508 2323 potuerimus,
3542 2269 3673 2324 quas
3713 2255 3784 2309 in

355 2338 506 2392 votis
537 2337 708 2393 nobis
739 2345 884 2395 erat.

431 2431 492 2483 V.
527 2429 948 2486 Concludimus
970 2430 1226 2486 breviter
1254 2437 1668 2504 argumentum
1729 2431 2098 2504 dialogorum
2157 2431 2588 2498 describentes,
2648 2429 2788 2486 licet
2819 2431 2879 2486 id
2901 2432 3028 2503 jam
3085 2433 3144 2488 in
3180 2434 3394 2489 Nicetae
3417 2433 3662 2506 Prologo
3697 2436 3789 2490 sit

355 2517 794 2576 adumbratum.
828 2519 1036 2576 Tribus
1071 2520 1270 2592 itaque
1301 2521 1599 2592 prioribus
1650 2521 1900 2594 dialogis
1951 2522 2183 2576 Graecus
2242 2537 2378 2577 suas
2411 2521 2634 2593 profert
2680 2521 3050 2594 objectiones
3081 2528 3288 2579 contra
3318 2525 3781 2596 processionem

359 2606 611 2678 Spiritus
645 2608 832 2662 sancti
861 2609 1040 2664 etiam
1073 2626 1145 2664 ex
1171 2609 1340 2678 Filio,
1375 2627 1521 2680 quas
1552 2611 1794 2666 Latinus
1817 2609 2004 2666 solide
2035 2610 2384 2682 plerumque
2408 2616 2466 2664 et
2493 2611 2728 2682 capiose
2761 2611 2998 2669 refutat.
3038 2613 3255 2678 Quarto
3312 2612 3524 2668 deinde
3554 2613 3783 2686 imagi-

349 2711 458 2749 nes
479 2713 512 2750 a
541 2696 816 2752 Patribus
848 2697 1134 2752 adhibita:
1169 2715 1202 2754 a
1233 2700 1437 2754 Latino
1465 2699 1862 2772 explanantur
1891 2705 1950 2755 et
1975 2699 2046 2755 de
2077 2699 2566 2771 prmpositionum
2599 2701 2692 2754 EX
2725 2706 2783 2754 et
2802 2701 2941 2756 PER
2965 2701 3028 2756 in
3060 2701 3169 2757 hac
3201 2702 3450 2758 materia
3477 2701 3783 2774 aequipol-

345 2782 530 2838 lentia
563 2789 871 2840 tractatur.
908 2787 1127 2852 Quinto
1163 2788 1402 2844 Latinus
1436 2804 1571 2843 suas
1597 2789 1860 2844 rationes
1891 2787 2126 2844 uberius
2175 2788 2416 2860 exponit
2463 2794 2521 2843 et
2577 2787 2651 2843 ad
2707 2790 2950 2845 Patrum
2993 2790 3332 2846 testimonia
3363 2791 3593 2859 transit,
3627 2808 3779 2862 quas

347 2878 510 2927 sexto
543 2872 776 2942 dialogo
806 2874 1045 2946 plenius
1076 2877 1435 2932 referuntur.
1470 2877 1784 2933 Conclusio
1820 2877 2058 2934 tandem
2101 2883 2209 2945 est,
2262 2878 2500 2932 Latinos
2557 2877 2801 2948 quidem
2861 2885 3019 2935 recte
3077 2897 3320 2936 censere
3371 2881 3652 2952 Spiritum
3684 2897 3775 2936 ex

346 2961 518 3016 Patre
550 2963 816 3034 Filioque
847 2965 1189 3036 procedere,
1222 2967 1376 3022 male
1409 2972 1608 3023 tamen
1635 2967 1912 3039 Symbolo
1943 2983 2146 3023 vocem
2175 2967 2429 3037 Filioque
2458 2966 2782 3024 addidisse.
