4090 6208
487 401 597 460 171

1744 395 2049 457 ΝΙΟΕΊῈ
2091 391 2638 456 MARONIENSIS

3774 394 3905 470 hs

478 534 620 588 nino
652 533 923 605 superior
951 550 1079 589 esse
1109 532 1233 588 vult
1259 550 1273 601 ;
1306 537 1365 588 et
1394 532 1443 588 si
1488 531 1725 604 quando
1778 531 1830 585 ei
1882 527 2105 584 victori:

2242 524 2325 618 ὅτι
2356 524 2447 579 καὶ
2475 528 2573 580 τοῦ
2593 526 2774 618 (ἤθους
2792 524 2914 618 ,ἐστὶ
2939 532 3037 585 τοῦ
3079 531 3315 589 Λατίνου
3363 533 3428 590 τὸ
3479 537 3554 608 μή
3606 536 3899 618 ἀνέχεσθαι

479 639 599 677 non
632 627 721 677 est
758 621 968 690 facilis,
992 623 1280 678 cervicem
1303 622 1697 677 nihilominus
1721 619 2125 692 erigit,etcum

479 711 634 767 fastu
684 710 968 781 loquitur,
1017 711 1399 782 abundatque
1451 710 1783 767 ambitiosa;
1839 705 2126 764 orationis

480 799 871 856 ostentatione
903 801 995 870 (b),
1027 816 1103 856 ne
1133 801 1286 856 forte
1318 802 1515 857 Graaco
1535 800 1839 872 sapientia)
1862 796 2124 869 palmam

479 891 689 947 cedere
712 890 995 948 videatur.
1022 893 1256 948 Graacus
1276 891 1573 963 posthinc,
1595 889 1978 947 utmodestiaa
2001 902 2121 942 sum

477 981 778 1053 specimen
810 981 966 1051 edat,
1000 988 1209 1054 sponte
1240 982 1426 1037 multa
1473 980 1768 1049 concedit,
1802 983 1861 1034 et
1888 976 2120 1032 mitiore

477 1075 677 1125 mente
725 1086 793 1126 ac
841 1070 1071 1143 judicio
1122 1086 1460 1126 sermonem
1513 1086 1686 1126 suum
1736 1068 2117 1131 moderatur;

477 1159 797 1215 ostendens
830 1159 1070 1227 scilicet,
1106 1176 1167 1215 se
1194 1176 1314 1215 non
1338 1158 1761 1228 contendendi,
1790 1156 1893 1211 sed
1915 1155 2124 1211 verita-

476 1253 596 1303 tem
628 1248 933 1319 quaarendi
988 1249 1184 1304 studio
1232 1248 1417 1313 duci;
1476 1262 1811 1321 gnavosque
1854 1245 2122 1300 imitatur

475 1337 831 1408 palaestritas
868 1337 1185 1407 (athletas),
1218 1338 1317 1409 qui
1351 1354 1411 1392 se
1446 1335 1782 1392 simulando
1836 1337 1898 1389 in
1928 1347 2120 1406 genua

475 1429 889 1500 procumbere,
906 1429 1033 1500 jam
1055 1429 1302 1501 jamque
1327 1444 1588 1495 casuros,
1631 1427 1997 1483 adversarios
2020 1442 2121 1481 saa-

475 1534 803 1589 penumero
852 1519 1143 1585 vicerunt,
1204 1534 1385 1589 seque
1440 1518 1791 1573 constrictos
1841 1513 2118 1587 fingendo

474 1606 606 1662 illos
637 1608 834 1679 potius
864 1606 1242 1663 irretiverunt
1265 1624 1333 1663 ac
1364 1606 1798 1663 subverterunt.
1853 1603 1968 1659 Sed
2014 1619 2120 1675 ap-

473 1695 664 1766 prime
720 1694 1132 1767 unusquisque
1190 1696 1431 1767 propria
1483 1695 1723 1766 exponit
1768 1698 2120 1765 argumenta

475 1784 810 1856 (principia)
836 1803 849 1852 ;
879 1786 1113 1840 Graecus
1144 1785 1373 1841 scilicet
1398 1784 1471 1840 ad
1502 1783 1827 1839 absurdum
1861 1780 2120 1854 compel-

472 1872 597 1928 lere
627 1872 839 1927 nititur
878 1873 1064 1927 Latini
1095 1874 1424 1928 orationem
1450 1887 1464 1938 ;
1496 1870 1797 1942 multaque
1827 1868 2117 1926 absurdo-

466 1978 602 2017 rum
629 1962 997 2033 apparentia,
1040 1961 1363 2017 absurdum
1406 1961 1815 2017 demonstrare
1868 1964 2121 2015 conatur

466 2050 625 2106 illius
655 2050 1038 2117 sententiam,
1070 2050 1172 2121 qui
1231 2050 1489 2106 vicissim
1540 2048 1940 2106 absurditates
1988 2048 2120 2104 illas

467 2139 698 2195 difﬂare
732 2139 945 2211 satagit
971 2139 1372 2210 ostenditque,
1404 2144 1506 2195 aut
1554 2154 1935 2210 nequaquam
1986 2153 2118 2193 esse

470 2227 748 2297 absurda,
781 2245 911 2299 qua)
937 2227 1327 2299 objiciuntur,
1362 2232 1466 2283 aut
1490 2243 1560 2283 ea
1588 2244 1662 2282 ex
1694 2228 1968 2299 dogmate
2008 2242 2116 2282 suo

468 2334 589 2372 non
621 2317 929 2387 consequi.
964 2316 1184 2372 Deinde
1216 2317 1290 2372 ad
1319 2315 1646 2388 imaginum
1666 2316 1940 2388 exempla
1960 2320 2116 2371 uter-

470 2423 584 2478 que
612 2407 861 2473 transit;
895 2423 1032 2461 nam
1065 2411 1122 2461 et
1151 2406 1247 2461 hic
1277 2412 1600 2462 consuetus
1638 2406 1948 2479 Theologis
1980 2423 2115 2462 ora-

463 2496 645 2551 tionis
674 2501 765 2551 est
796 2495 1028 2551 modus.
1065 2498 1134 2550 Et
1166 2497 1404 2552 Latinus
1426 2495 1667 2566 quidem
1687 2511 1760 2551 ex
1786 2496 2113 2569 imaginum

459 2584 734 2656 analogia
773 2600 900 2656 quea
930 2584 1004 2638 ad
1048 2584 1299 2655 Spiritus
1348 2585 1790 2656 processionem
1841 2589 2113 2655 spectant

458 2672 757 2738 insinuat;
792 2677 854 2728 at
881 2674 1115 2729 Graecus
1148 2673 1435 2745 imagines
1465 2674 1609 2728 istas
1641 2673 1857 2745 partim
1888 2673 2109 2745 vitupe-

458 2767 571 2830 rat,
603 2761 820 2833 partim
851 2760 999 2817 alias
1027 2762 1217 2833 magis
1246 2778 1539 2834 congruas
1576 2768 1781 2818 contra
1812 2762 2017 2835 objicit
2048 2768 2109 2818 et

456 2858 785 2907 retrorsum
830 2851 1157 2922 intorquet.
1206 2851 1474 2907 Vicissim
1526 2854 1791 2908 Graacum
1840 2851 2108 2908 imitatur

456 2940 722 3007 Latinus,
757 2940 1048 3012 imagines
1079 2939 1240 2995 illius
1284 2957 1573 3012 respuens
1621 2946 1679 2995 et
1728 2957 1863 2996 suas
1906 2940 2105 3012 potius

452 3031 715 3101 aptiores
732 3028 1165 3086 demonstrans.
1195 3031 1406 3085 Postea
1419 3029 1758 3086 dubitantes
1780 3029 2101 3085 admodum

459 3134 791 3173 sermonem
840 3118 1183 3183 instituunt,
1228 3123 1551 3189 mutuoque
1592 3117 1918 3190 ambigunt,
1959 3117 2101 3173 dum

457 3205 839 3262 difficultates
900 3207 1127 3262 solvere
1178 3212 1531 3277 nequeunt;
1581 3208 1749 3262 aiunt
1795 3213 1993 3262 tamen
2043 3212 2100 3263 et

2238 616 2331 711 τόν
2362 616 2756 711 ἥττονα-λόγον
2788 616 2938 711 ἔχειν
2952 619 3172 711 Δδοκεῖν,
3204 624 3351 681 ἀλλὰ
3381 633 3533 699 νικᾷν
3583 631 3698 686 οἷον
3731 616 3900 711 ἐφίε-

2236 705 2377 794 σθαι,
2408 707 2497 761 καὶ
2560 708 2611 762 ἐν
2670 710 2756 771 οῖς
2812 709 2914 765 οὐκ
2950 706 3091 768 ἔστιν
3142 712 3367 794 εὐχερὲς
3415 715 3562 791 αύτῷ
3614 720 3680 775 τὸ
3717 705 3897 794 νικᾷν,

2235 792 2324 847 καὶ
2359 794 2682 871 ὑψαυχενεῖν
2732 796 2961 874 ὡσπιρεὶ
3026 805 3108 873 τῷ
3165 792 3320 878 λόγῳ
3361 805 3750 881 γαυρούμενον·

2235 883 2318 969 δτι
2349 886 2601 959 περιττός
2630 884 2742 942 ἐστι
2799 888 2868 942 τὰ
2909 886 2966 951 ἐς
3014 887 3215 966 λόγους
3255 891 3726 969 φιλοτιμούμενος
3770 897 3899 955 ἐπι-

2236 967 2561 1044 δείκνυσθαι,
2591 974 2804 1064 ἳναμὴ-
2853 967 3666 1064 ἆπολείπεσθαιήκατὰσοφίαν
3719 985 3895 1058 δόξειε

2230 1064 2328 1115 τοῦ
2361 1066 2613 1136 Γραϊκοῦ·
2664 1063 2728 1119 τὸ
2786 1061 2843 1120 δὲ
2896 1064 2979 1120 ὅτι
3020 1068 3049 1122 6
3095 1071 3327 1143 Γραϊκὸς
3384 1061 3562 1137 αὗθιςν
3596 1071 3667 1129 δι’
3718 1071 3890 1132 ἔνδεια

2233 1151 2310 1221 ξιν
2347 1151 2819 1225 μετριοφροσύνης
2850 1152 2985 1209 ἐκὼν
3024 1156 3235 1235 ὑφίεται
3274 1160 3344 1214 τὰ
3390 1159 3578 1217 πολλὰ
3625 1163 3717 1219 καί
3765 1164 3891 1220 ἐπι-

2232 1239 2506 1314 εικεστέρᾳ
2655 1244 2911 1320 φρονήσει
2959 1245 3047 1300 καὶ
3096 1247 3268 1322 κρίσει
3321 1248 3449 1313 τοὺς
3494 1249 3692 1329 λόγους
3740 1254 3893 1310 οἰκο-

2230 1333 2437 1419 νομῶν,
2471 1330 2561 1419 καὶ
2589 1326 2823 1403 δεικνὺς,
2856 1333 2929 1395 ὡς
2977 1335 3039 1389 ού
3081 1337 3219 1411 πρὸς
3266 1335 3379 1414 ἔριν
3429 1326 3586 1413 αύτῷ*
3620 1343 3648 1396 ὁ
3680 1340 3885 1419 λόγος,

2230 1414 2377 1472 ἀλλᾶ
2405 1418 2542 1491 πρὸς
2600 1420 2859 1490 ἀλήθειαν
2884 1424 2919 1492 ἡ
2953 1421 3186 1495 σπουδή·
3244 1434 3492 1500 μιμεῖται
3526 1426 3583 1484 δὲ
3612 1432 3703 1486 καὶ
3755 1414 3886 1496 τοὺς

2227 1506 2350 1580 περὶ
2408 1508 2504 1571 τὰς
2562 1506 2899 1585 παλαίστρας
2958 1509 3184 1587 δεινοὺς,
3244 1514 3296 1570 οἳ
3361 1516 3489 1579 τοὺς
3540 1519 3882 1585 ἀντιπάλους

2226 1596 2590 1669 προσχήματι
2620 1601 2717 1652 τοῦ
2746 1596 3000 1669 ὀκλάζειν
3030 1604 3117 1658 καὶ
3154 1602 3378 1676 μέλλειν
3411 1608 3535 1662 ὅσον
3563 1606 3672 1680 ἤδη
3715 1631 3888 1667 κατα-

2225 1689 2406 1739 πεσεῖν
2474 1683 2749 1749 πολλάκις
2813 1686 3086 1760 ἐνίκησαν,
3157 1692 3247 1747 καὶ
3305 1694 3367 1749 τὸ
3442 1695 3886 1769 συμποδισθῆναι

2225 1771 2596 1847 πλασσόμενοι
2642 1774 2856 1848 μᾶλλον
2909 1776 3142 1841 ἐκείνους
3193 1780 3561 1853 συνεπόδησαν
3600 1788 3691 1843 καὶ
3744 1810 3888 1844 κατ-

2225 1855 2447 1948 ἐβαλον·
2473 1862 2621 1934 πλὴν
2648 1863 2702 1919 ἐν
2748 1866 2992 1941 πρώτοις
3042 1870 3139 1942 μὲν
3176 1870 3430 1948 ἑκάτερος
3482 1873 3748 1940 ἐκτίθεται
3778 1879 3883 1941 τὰς

2227 1944 2369 2013 ἰδίας
2422 1950 2621 2041 ἀρχᾷς·
2676 1953 2768 2008 καὶ
2813 1954 2841 2009 6
2894 1955 2987 2026 μὲν
3033 1958 3264 2031 Γραϊκὸς
3331 1944 3409 2023 εἰς
3471 1960 3671 2019 ἄτοπον
3734 1966 3885 2041 ἄγειν

2223 2042 2473 2111 πειρᾶται
2502 2040 2595 2096 τὸν
2622 2045 2719 2097 τοῦ
2753 2045 2989 2099 Λατίνου
3020 2041 3213 2121 λόγον,
3245 2050 3335 2103 καῖ
3367 2047 3457 2105 διὰ
3486 2050 3714 2107 πολλῶν
3763 2040 3876 2110 τῶν

2224 2132 2564 2208 φαινομένων
2625 2133 2842 2191 ἀτόπων
2899 2136 3101 2194 ἄτοπον
3160 2140 3328 2197 αὑτοῦ
3382 2145 3482 2213 τήν
3550 2142 3704 2215 δόξαν
3762 2144 3876 2202 δει-

2219 2220 2718 2312 κνύειν-ἐπιχειρεῖ·
2784 2227 2812 2281 ὁ
2845 2224 2902 2282 δὲ
2939 2228 3007 2283 τὰ
3063 2227 3237 2286 ἄτοπα
3284 2230 3433 2288 λύειν
3481 2237 3559 2309 (3)
3605 2235 3876 2312 ἐπείγεται

2219 2309 2311 2364 καὶ
2342 2307 2633 2381 δείκνυσιν,
2666 2313 2740 2376 ὡς
2775 2314 2811 2384 ἢ
2843 2314 2944 2371 ούκ
2972 2313 3113 2372 ἔστιν
3155 2318 3332 2376 ἄτοπα
3360 2322 3428 2377 τὰ
3457 2307 3790 2399 ἐπαγόμενα,
3832 2324 3871 2397 ἦ

2221 2399 2333 2474 οὐχ
2358 2396 2545 2456 ἕπεται
2575 2405 2655 2473 τῷ
2685 2400 2880 2459 ἑαυτοῦ
2908 2401 3161 2480 δόγματι·
3196 2410 3314 2465 εἶτα
3367 2412 3456 2466 καί
3510 2396 3585 2474 εἰς
3633 2396 3726 2469 τὸν
3778 2396 3874 2470 (διὰ

2219 2486 2680 2580 παραδελιγμᾷτων
2711 2490 3019 2568 εἴκονισμὸν
3063 2492 3446 2575 εἶσόάλλουσιν
3494 2498 3681 2580 ἃμφω·
3734 2526 3873 2560 συν-

2218 2578 2359 2648 ήθης
2393 2575 2450 2633 δὲ
2480 2578 2571 2634 καὶ
2603 2578 2761 2643 οὗτος
2790 2583 2818 2637 6
2847 2584 3053 2658 τρόπος
3079 2592 3198 2650 τοῖς
3234 2586 3515 2664 θεολόγοις
3542 2575 3641 2647 τοῦ
3699 2591 3871 2668 λόγου

2214 2670 2314 2741 (4)·
2345 2670 2437 2724 καὶ
2500 2672 2528 2725 ὁ
2590 2673 2684 2746 μὲν
2745 2672 2795 2743 ἐξ
2866 2674 3090 2732 εἰκόνων
3154 2679 3245 2735 κκὶ
3296 2681 3591 2757 ἀναλογίας
3642 2685 3711 2739 τὰ
3766 2694 3873 2755 τῆς

2213 2757 2582 2834 ἐκπορεύσεως
2649 2766 2751 2817 τοῦ
2855 2766 3170 2839 Πνεύματος
3259 2768 3652 2828 ὑποδείκνυσιν·
3724 2776 3753 2830 6
3814 2773 3871 2832 δὲ

2212 2852 2319 2902 τῶν
2385 2848 2778 2923 εἱκονισμάτων
2844 2850 2959 2909 ἔνια
3018 2855 3285 2935 μέμφεται
3354 2860 3445 2915 καὶ
3509 2862 3869 2938 ἀντιπαρατί-

2210 2946 2366 3007 θησιν
2427 2932 2581 3014 ἕτερα
2634 2937 2792 3010 δῆθεν
2847 2932 3306 3024 καταλληλότερα
3513 2952 3603 3006 καὶ
3644 2954 3673 3007 6
3705 2932 3869 3009 λατῖο

2208 3045 2301 3087 νος
2332 3026 2769 3119 αύθιςμιμεῖται
2816 3031 2906 3087 τὸν
2955 3035 3207 3109 Γραϊκὸν,
3258 3037 3349 3092 καὶ
3397 3040 3466 3093 τὰ
3514 3040 3610 3113 μὶν
3652 3042 3870 3119 μέμφε-

2207 3115 2416 3185 ται,τά
2468 3113 2516 3171 δ’
2581 3118 2773 3174 ἑαυτοῦ
2834 3119 3050 3193 μᾶλλον
3113 3128 3515 3203 προσφυὲστερα
3571 3113 3863 3193 δείκνυσιν.

2209 3201 2335 3260 Ἐπί
2392 3206 2614 3268 τούτοις
2677 3207 2769 3262 καὶ
2831 3201 3377 3289 διαπορητικώτερον
3437 3201 3719 3275 ποιοῦνται
3766 3223 3861 3278 τὸν

452 3295 793 3365 ostendunt,
818 3296 1281 3353 controversiam
1304 3296 1605 3366 utrimque
1637 3296 1960 3352 consistere
1978 3312 2098 3351 non

2602 3266 2610 3268 _
2988 3266 3027 3286 κ,
3444 3266 3719 3275 .--ην-η.
3776 3266 3857 3278 ...-

2217 3290 2375 3369 λόγον
2429 3293 2518 3349 καὶ
2570 3297 2966 3372 ἀνταποροῦσιν
3015 3298 3324 3374 ἀλλήλους,
3374 3302 3522 3361 λύειν
3569 3308 3637 3363 τὰ
3680 3307 3862 3387 ἄπορα

408 3444 411 3447 ,
452 3390 694 3457 propter
743 3385 1005 3457 aliquam
1062 3385 1449 3458 problematis
1515 3385 1962 3452 absurditatem,
2007 3386 2099 3441 vel

454 3475 595 3547 quia
614 3475 674 3530 id
693 3475 769 3530 sit
789 3474 1174 3531 inverisimile
1198 3480 1300 3530 aut
1319 3475 1712 3547 impossibile,
1745 3492 1914 3531 secus
1936 3476 2097 3531 enim

449 3582 759 3639 nunquam
787 3566 1252 3622 concordassent
1295 3566 1386 3639 (ε),
1437 3566 1541 3622 sed
1593 3573 1835 3639 propter
1884 3567 2095 3622 divinas

446 3659 533 3713 rei
576 3658 1007 3714 sublimitatem
1057 3663 1333 3712 naturam
1388 3657 1926 3713 transcendentem.
1981 3659 2097 3713 Po-

447 3751 668 3802 stremo
700 3746 1057 3802 testimoniis
1091 3746 1244 3800 inter
1274 3763 1335 3800 se
1369 3746 1695 3817 decertant,
1753 3753 1931 3817 atque
1978 3746 2097 3803 alia

444 3837 705 3907 Latinus,
766 3835 883 3893 alia
927 3837 1185 3904 Graccus,
1240 3841 1525 3905 tanquam
1576 3836 1922 3908 pugnantia,
1983 3836 2094 3892 sibi

446 3931 775 3998 opponunt,
817 3931 877 3981 et
927 3930 1268 3981 sanctorum
1323 3924 1743 3996 magistrorum
1799 3926 2097 3981 contraria

448 4015 606 4072 dicta
635 4031 874 4071 causam
899 4031 1029 4070 esse
1060 4014 1231 4070 aiunt
1257 4013 1508 4069 duarum
1539 4013 1797 4085 partium
1825 4015 2096 4072 certami-

447 4105 544 4161 nis
575 4110 751 4177 atque
783 4103 1038 4160 discidii.
1074 4102 1217 4159 Exin
1250 4102 1594 4159 testimonia
1625 4105 1781 4159 inter
1808 4121 1871 4159 se
1902 4105 2093 4161 confe-

446 4199 589 4250 runt
617 4199 675 4250 et
702 4194 1061 4261 conciliant;
1091 4193 1293 4263 sicque
1321 4192 1432 4263 ipsi
1474 4193 1698 4264 pariter
1745 4210 1852 4248 ceu
1904 4211 2092 4250 unum

446 4283 725 4354 idemque
786 4282 1108 4339 sentientes
1158 4282 1221 4337 in
1291 4281 1668 4337 concordiam
1726 4283 2092 4354 conspirant,

446 4371 594 4426 alter
622 4372 702 4442 (ἀ)
730 4372 964 4442 qaidem
1000 4371 1243 4427 edoctus
1276 4388 1346 4426 ex
1396 4372 1616 4427 sanctis
1655 4372 1929 4428 Patribus
1970 4389 2092 4429 non

444 4464 716 4530 oportere
775 4461 835 4514 in
893 4466 1095 4516 sancto
1153 4461 1422 4532 symbolo
1470 4462 1858 4532 pronuntiare
1913 4462 2093 4518 simul

440 4547 619 4603 verba
638 4564 707 4603 ea:
732 4549 872 4603 Filio
896 4566 917 4612 ;
947 4549 1098 4603 alter
1126 4566 1261 4604 vero
1305 4566 1653 4621 persuasum
1692 4551 1939 4621 habens,
1972 4569 2091 4608 non

2210 3381 2286 3453 μὴ
2346 3378 2633 3474 δυνάμενοι
2702 3386 2793 3440 καὶ
2860 3384 3158 3455 δεικνύντες
3212 3391 3294 3447 ὅτι
3383 3395 3439 3449 αἱ
3523 3378 3861 3474 ἑκατέρωθεν

2204 3470 2425 3560 ᾇπορίαι
2481 3468 2896 3560 συμϐαίνουσιν,
2947 3477 3008 3533 ού
3057 3477 3147 3535 διὰ
3196 3480 3259 3536 τὸ
3305 3485 3402 3538 τοῦ
3447 3468 3853 3560 προϐλήματος

2202 3557 2407 3614 ἄτοπον
2439 3561 2474 3630 ἢ
2507 3558 2696 3635 ἄδοξον
2728 3561 2765 3633 ἤ
2796 3562 3051 3622 ἀδύνατον
3085 3566 3235 3640 (οὐδὲ
3263 3572 3367 3646 γὰρ
3425 3557 3502 3627 ἂν
3535 3557 3848 3634 συνέϐαινον

2202 3646 2579 3742 ἑκατέρωθεν),
2607 3650 2755 3742 ἀλλὰ
2806 3650 2895 3708 διὰ
2938 3656 2999 3710 τὸ
3052 3661 3151 3712 τοῦ
3194 3659 3629 3739 θεολογουμένου
3685 3666 3857 3742 ὑπερ-

2201 3734 2371 3826 φυὲςί
2412 3738 2503 3792 καὶ
2582 3736 2915 3815 τελευταῖον,
3006 3741 3094 3800 διὰ
3180 3734 3491 3824 μαρτυριῶν
3577 3734 3860 3826 ἀλλήλόις

2205 3824 2630 3898 συμπλέκονται·
2661 3829 2881 3894 καὶτὰς
2941 3834 3037 3906 μὶν
3091 3835 3269 3907 οὗτος,
3323 3838 3419 3901 τὰς
3469 3836 3515 3895 δ’
3566 3824 3727 3907 οὗτος
3778 3847 3854 3909 ὡς

2204 3918 2527 4010 μαχομέγας
2585 3917 3056 4010 ἀντιπαράγοντες,
3115 3928 3213 3996 τὴν
3269 3927 3691 4010 ἐναντιοφωνίαν
3745 3942 3855 3992 τῶν

2201 4004 2365 4099 αγίων
2428 4002 2769 4099 διθασκάλιυν
2831 4011 3004 4068 αἰτίαν
3062 4021 3165 4084 τῆς
3220 4002 3506 4090 ἀλλήλων.
3545 4032 3853 4099 παριστῶσι

2200 4088 2482 4169 διαμάχης
2536 4094 2628 4150 καὶ
2684 4093 3034 4163 διαστάσεως.
3092 4103 3231 4161 Εἶτα
3297 4088 3699 4182 συ-μϐιόἀζούσι
3756 4116 3853 4181 τὰς

2203 4182 2520 4257 μαρτυρίας·
2552 4183 2644 4238 καὶ
2684 4185 2827 4241 οὕτω
2855 4188 2947 4243 καὶ
2972 4189 3156 4263 αὐτοὶ,
3184 4195 3259 4258 ὡς
3282 4196 3344 4250 τὸ
3402 4194 3459 4253 ἔν
3500 4207 3851 4277 φρονοῦντες,

2199 4270 2393 4362 λοιπὸν
2438 4270 2741 4362 ,ἀλλήλοις
2806 4280 3196 4350 συμπείθοντα·
3265 4285 3293 4339 6
3355 4288 3449 4360 μὲν
3512 4270 3715 4362 ’μαθὼν

2196 4360 2523 4455 τῶνῌὰγίων
2574 4362 2829 4455 Πατέρων
2885 4363 2994 4423 δεῖν
3052 4368 3362 4448 ἀναγκαίως
3428 4360 3563 4433 εἶναι
3644 4383 3847 4455 μηκέτι

2197 4445 2249 4537 ἐν
2266 4452 2359 4537 ⁸τίς)
2408 4450 2546 4526 ἁγίῳ
2600 4450 2869 4528 συμϐόλῳ
2918 4445 3276 4537 συνεκφωνεῖν
3325 4465 3390 4521 τὸ
3441 4465 3502 4522 ἐκ
3545 4445 3656 4525 τοῦ.
3696 4445 3847 4528 Ϋῖοΰ·

2201 4534 2603 4634 ὁᾲδὲηπεισθεῖς
2673 4542 2869 4615 μηκέτι
2916 4534 3102 4602 καλεῖν
3159 4549 3321 4608 αὐτὸν
3372 4555 3719 4634 ἐτερόφρονα,
3769 4562 3847 4625 ὡς

442 4652 570 4693 esse
603 4638 798 4708 ipsum
828 4637 1258 4693 heterodoxum
1285 4638 1624 4701 dicendum,
1650 4658 1833 4712 quum
1856 4659 2084 4714 praepo-

2217 4632 2293 4695 τῆς
2323 4624 2374 4725 ἐξ
2406 4629 2715 4725 προθέσεως
2764 4634 2911 4707 παρᾶ
2951 4636 3224 4708 Λατίνοις,
3274 4642 3369 4696 καὶ
3421 4624 3668 4714 τῆςμδιᾶ
3707 4624 3850 4725 ’παρν

439 4727 575 4783 sitio
606 4728 695 4781 Ea:
723 4726 879 4798 apud
914 4726 1147 4780 Latinos
1179 4731 1237 4780 et
1266 4728 1604 4797 prmpositio
1636 4730 1741 4783 Per
1771 4731 1928 4801 apud
1975 4748 2084 4787 nos

440 4817 717 4890 (Graecos)
746 4814 996 4883 nullam,
1028 4815 1102 4870 ad
1131 4815 1347 4871 Filium
1381 4816 1539 4887 quod
1558 4817 1787 4888 attinet,
1805 4819 2085 4876 dilteren-

436 4907 583 4963 tiam
615 4904 875 4962 habeant
905 4904 999 4977 (ε).

508 5042 584 5114 (2)
610 5043 779 5098 Laur.
814 5036 1095 5114 ἐπιεικείᾳ.

505 5108 583 5185 (3)
614 5115 785 5171 Laur.
828 5108 1092 5185 διαλύειν.

506 5177 584 5257 (4)
616 5185 708 5241 Sic
740 5186 911 5242 Laur.
957 5184 1141 5240 Maius
1186 5183 1408 5239 omittit
1451 5187 1549 5237 τοῦ
1591 5177 1758 5260 λόγου
1786 5188 1867 5243 .et
1908 5188 2083 5245 vertit

505 5353 582 5425 (b)
606 5355 727 5427 Imo
750 5355 865 5411 hoc
887 5356 1082 5427 ipsum
1109 5355 1246 5410 vitio
1277 5355 1451 5410 vertit
1479 5352 1694 5411 Nicetis
1725 5356 2079 5417 Etherianus

430 5430 634 5504 noster
662 5426 767 5504 lib_.
805 5444 886 5496 ιιι,
910 5426 1040 5504 19)-
1059 5429 1208 5504 Unde
1240 5429 1361 5494 tibi,
1396 5443 1426 5482 ο
1464 5430 1731 5504 episcope,
1764 5432 2075 5504 imperiose,

434 5497 581 5568 vocis
610 5500 936 5568 continuata
961 5498 1164 5568 ﬁducia
1183 5499 1211 5553 ‘i
1240 5505 1350 5554 etc.
1384 5529 1453 5539 —
1491 5497 1693 5556 Maius.

494 5567 570 5645 (c_)
591 5566 881 5645 Equidem
915 5566 1157 5645 mallem
1184 5586 1199 5645 :_
1229 5571 1391 5626 Secus
1419 5570 1563 5645 enim
1588 5589 1701 5645 non
1731 5572 2077 5645 aliutraque

411 5641 585 5719 parte
616 5638 927 5719 acciderent
948 5640 1384 5719 vel_resultarent
1408 5658 1421 5708 ;
1454 5642 1739 5699 nimirum
1769 5638 1913 5701 voce
1937 5638 2074 5719 σύμ-

430 5701 609 5765 ϐαίνω
641 5714 707 5766 ut
734 5708 913 5782 paulo
944 5714 1083 5766 ante
1122 5716 1381 5783 accepta.

2195 4716 2330 4788 ἡμῖν
2357 4714 2592 4792 ἐχούσης
2624 4716 2881 4794 οὐδεμίαν
2913 4719 3175 4802 διαφορὰν
3208 4727 3297 4785 ἐπὶ
3327 4737 3424 4788 τοῦ
3456 4734 3605 4793 Υῖοῦ.

2191 5043 2583 5118 simpliciter:
2614 5065 2747 5105 mos.

2262 5117 2336 5189 (5)
2366 5118 2537 5191 Apud
2566 5120 2781 5176 Maium
2808 5138 2821 5177 :
2850 5123 2937 5178 καὶ
2972 5120 3345 5205 ἀλληλότερα,
3391 5135 3685 5207 Equidem
3731 5141 3847 5215 legi

2189 5193 2254 5244 ut
2286 5205 2481 5261 supra.

2362 5361 2496 5449 Haec
2517 5361 2601 5449 ad
2622 5363 2889 5449 Graecum
2923 5368 3127 5449 refert
3146 5373 3356 5449 Maius,
3406 5382 3721 5449 sequentia
3770 5383 3848 5441 ad

2188 5430 2480 5514 Latinum.
2513 5434 2889 5514 Contrarium
2920 5440 3068 5514 mihi
3099 5430 3405 5514 probatur.

2254 5503 2523 5591 (.e)”Vide‘
2558 5507 2906 5591 capitulum
2945 5503 3144 5591 Graece
3172 5503 3528 5591 allegatum
3584 5540 3621 5579 a
3670 5528 3821 5584 Maio

2185 5570 2447 5700 Spicileg.
2481 5570 2647 5632 eam:
2670 5582 2709 5633 t.
2749 5581 2837 5664 Ψ,
2867 5582 3039 5642 Prmt‘.
3072 5600 3130 5656 p.
3163 5570 3554 5665 εεζρἓεῖἷέἷς
3585 5570 3849 5657 Ἑέῖὶζιξ

2188 5651 2226 5698 Δ
2257 5650 2324 5700 Δ.
2357 5644 2440 5700 ὁτι
2474 5642 2915 5700 ίσοδυναιιουσιν-

2188 5642 2324 5716 AIA,
2357 5642 2440 5701 ὅτι
2474 5642 2915 5721 ἰσοδυναμοῦσιν.
