4062 6202
211 380 312 453 1'13

1168 387 1271 448 DE
1317 382 1846 447 PROCESSIONE
1890 382 2248 448 SPIRI'l‘US
2294 383 2595 446 SANCTI.

3477 389 3596 449 174

222 551 3595 580 Mum

1374 740 1779 838 ΛΟΓΟΣ
1860 739 2405 837 ΠΡΩΤΟΣ.

1144 1062 1895 1160 DIALOGUS
2008 1066 2634 1163 PRIMUS-

262 1439 322 1494 α’.
356 1438 452 1495 ΓΡ.
484 1435 626 1511 Φέρε
658 1435 757 1506 δὴ,
793 1437 841 1491 ὦ
864 1442 1083 1508 Λατῖνε,
1113 1437 1176 1493 τὸ
1206 1437 1475 1514 ἐριστικὸν
1505 1438 1595 1494 καὶ
1656 1437 1821 1515 φιλό-

2007 1446 2057 1497 1.
2092 1444 2204 1498 GR.
2239 1445 2358 1514 Age
2384 1442 2531 1514 jam,
2566 1461 2599 1499 ο
2632 1444 2856 1511 Latine,
2918 1448 3373 1503 contentionem
3430 1453 3490 1505 et
3518 1448 3591 1505 li-

202 1546 348 1581 νεικον
382 1526 452 1587 ὡς
480 1529 548 1599 τῇ
581 1525 797 1600 εὑρέσει
835 1528 933 1596 τῆς
962 1526 1224 1597 ἀληθείας
1283 1524 1547 1601 ἐμπόδιον
1613 1528 1820 1603 μακρὰν

203 1616 373 1671 ὶαυτῶν
397 1613 831 1691 ἀπορρίψαντες,
862 1614 926 1671 τὸ
976 1616 1099 1691 περῖ
1159 1622 1258 1685 τῆς
1286 1618 1384 1670 τοῦ
1442 1617 1598 1691 ἁγίου
1657 1617 1820 1673 lived-

204 1726 343 1779 ματος
395 1706 776 1781 ἐκπορεύσεως
829 1708 1072 1780 ζήτημα,
1130 1706 1256 1781 περὶ
1314 1707 1343 1762 ὅ
1407 1707 1494 1761 καὶ
1570 1704 1824 1784 διαφερό-

203 1808 331 1869 μεθα,
371 1796 498 1870 μετά
541 1801 643 1852 τοῦ
697 1795 861 1871 ἁγίου
911 1798 1220 1871 Ιινεύματος
1288 1794 1820 1871 συνδιασκεψώμεθα.

205 1888 361 1959 Χρεὼν
390 1886 513 1960 γὰρ,
535 1886 698 1960 εἴπερ
731 1887 876 1942 εἶναι
912 1884 1229 1960 βουλόμεθα
1291 1889 1387 1940 τοῦ
1439 1885 1598 1959 ἁγίου
1657 1884 1825 1940 Ilvati-

208 1996 348 2047 ματος
401 1973 656 2046 ἀληθινοὶ
748 1974 1038 2049 λατρευταὶ
1110 1974 1200 2029 καὶ
1284 1974 1677 2049 προσκυνηταὶ,
1735 1973 1825 2029 καὶ

204 2063 247 2118 ἓν
290 2063 466 2127 ἄλλοις
525 2065 627 2137 μὲν
689 2065 892 2119 ἅπασιν
956 2063 1086 2119 αὐτὸ
1153 2064 1215 2118 τὸ
1274 2060 1491 2137 Πνεῦμα
1553 2063 1616 2118 τὸ
1669 2064 1823 2138 ἅγιον

205 2152 595 2226 ἐπικαλούμενοι
662 2151 821 2228 ἔχειν
880 2151 1081 2229 ὁδηγὸν
1130 2152 1206 2213 εἷς
1261 2154 1362 2221 τήν
1415 2154 1513 2222 τῆς
1564 2150 1828 2224 ἀληθείας

200 2244 376 2318 εὕρεσιν
426 2245 512 2299 καὶ
591 2242 938 2317 κατάληψιν,
999 2241 1235 2316 μάλιστα
1302 2239 1359 2297 δὲ
1415 2241 1467 2298 ἐν
1534 2248 1650 2306 τοῖς
1702 2245 1827 2316 περὶ

204 2333 340 2388 αὐτοῦ
365 2334 561 2389 τούτου
622 2332 852 2409 λόγοις,
909 2334 995 2389 ὅτι
1048 2354 1108 2389 τε
1171 2330 1375 2387 πλείων
1422 2331 1472 2387 ἐν
1528 2338 1648 2395 ταῖς
1702 2332 1825 2401 περὶ

201 2426 310 2477 Θεοῦ
362 2425 645 2492 ζητήσεσιν
709 2422 746 2491 ἠ
832 2418 1139 2495 δυσχέρεια·
1209 2420 1338 2482 Θεὸς
1421 2417 1480 2474 δὲ
1547 2418 1827 2491 ἀληθινὸς,

202 2511 276 2565 καὶ
316 2510 374 2564 τὸ
423 2516 643 2585 Πνεῦμα
708 2509 880 2584 Πατρὶ
927 2510 1017 2564 καὶ
1071 2511 1180 2581 Υἱῷ
1248 2508 1831 2583 συμπροσκυνοόμενον

211 2600 269 2662 ὡς
297 2601 517 2678 ὁμοφυὲς
550 2602 648 2656 καὶ
688 2597 1171 2671 συνδοξαζόμενον,
1227 2598 1317 2652 καὶ
1378 2598 1484 2670 ὃτι,
1517 2599 1584 2653 τὰ
1636 2598 1829 2652 ἑαυτοῦ

208 2692 444 2764 γινῶσκον
474 2688 609 2745 αὐτὸ
654 2688 750 2743 καὶ
786 2687 952 2761 μόνον
995 2687 1129 2759 μετά
1186 2686 1396 2762 Πατρὸς
1454 2686 1543 2741 καὶ
1585 2688 1713 2740 ι’ἱοῦ
1741 2685 1832 2741 καὶ

1936 1531 2158 1604 tigandi
2192 1533 2488 1603 pruritum
2521 1538 2726 1606 utpote
2754 1534 3021 1589 veritatis
3064 1534 3433 1592 invenienda
3478 1538 3593 1593 im-

1934 1620 2276 1691 pedimenta
2306 1622 2570 1692 procula
2598 1622 2771 1679 nobis
2804 1629 3165 1694 amoventes,
3198 1626 3591 1696 quaestionem

1935 1710 2005 1765 de
2038 1711 2417 1782 processione
2476 1713 2727 1784 Spiritus
2777 1715 2989 1780 sancti,
3056 1714 3217 1770 circa
3280 1729 3461 1786 quam
3518 1715 3591 1770 ab

1934 1799 2185 1855 invicem
2218 1800 2626 1869 dissentimus,
2650 1802 2975 1858 auxiliante
3006 1804 3227 1875 Spiritu
3257 1809 3461 1860 sancto
3474 1820 3593 1860 una

1935 1888 2114 1945 simul
2138 1890 2598 1961 perpendamus.
2632 1891 2879 1961 Oportet
2904 1891 3147 1959 enim,si
3170 1891 3441 1948 volumus
3463 1909 3592 1947 esse

1933 1979 2056 2034 veri
2080 1978 2332 2049 Spiritus
2373 1980 2561 2035 sancti
2588 1979 2931 2035 adoratores
2962 1985 3020 2035 et
3058 1980 3338 2045 cultores,
3373 1984 3496 2034 tum
3527 1979 3590 2051 in

1928 2066 2214 2123 omnibus
2243 2068 2376 2123 aliis
2408 2069 2604 2140 ipsum
2654 2068 2938 2139 Spiritum
2997 2073 3266 2124 sanctum
3316 2068 3587 2123 invocare

1936 2158 2249 2229 ipsumque
2282 2158 2387 2213 vim
2414 2158 2625 2214 ducem
2652 2158 2872 2214 habere
2930 2158 3004 2214 ad
3058 2159 3370 2214 veritatem
3427 2158 3591 2214 inve-

1935 2247 2218 2302 niendam
2250 2252 2310 2303 et
2336 2247 2807 2320 intelligendam,
2839 2252 2965 2303 tum
2996 2247 3250 2303 maxime
3280 2247 3343 2302 in
3366 2262 3591 2302 sermo-

1936 2336 2135 2405 nibus,
2178 2337 2279 2407 qui
2310 2337 2382 2391 de
2422 2338 2527 2392 illo
2558 2339 2687 2409 ipso
2738 2338 3050 2408 habentur,
3111 2337 3252 2408 quia
3297 2341 3356 2392 et
3402 2336 3595 2408 major

1938 2431 2028 2481 est
2057 2427 2119 2481 in
2149 2427 2603 2498 quaestionibus,
2637 2444 2767 2499 quae
2798 2427 2873 2483 de
2901 2428 3017 2482 Deo
3042 2423 3589 2500 agunt,difﬁcultas.

1940 2516 2093 2571 Deus
2111 2520 2311 2571 autem
2335 2533 2508 2571 verus
2531 2522 2589 2571 et
2608 2517 2863 2588 Spiritus
2886 2521 3126 2573 sanctus
3149 2521 3237 2570 est
3264 2532 3399 2571 cum
3420 2516 3593 2569 Patre

1942 2610 2000 2659 et
2018 2604 2163 2659 Filio
2186 2605 2362 2660 simul
2386 2606 2665 2661 adoratus
2687 2612 2891 2677 utpote
2924 2605 3195 2678 ejusdem
3218 2620 3461 2659 consors
3484 2619 3592 2658 na-

1942 2700 2089 2750 turae
2114 2700 2173 2749 et
2202 2694 2377 2750 simul
2414 2694 2776 2767 gloriﬁcatus
2810 2712 2824 2761 ;
2859 2699 2917 2748 et
2972 2694 3112 2764 quia
3164 2693 3288 2764 ipse
3330 2708 3424 2747 res
3454 2706 3592 2747 suas

208 2778 263 2832 τὰ
300 2779 425 2852 βάθη
477 2783 576 2835 τοῦ
638 2782 782 2833 Θεοῦ
838 2775 1062 2850 ἐρευνῶν
1119 2778 1219 2849 (6),
1278 2773 1421 2831 οἶδεν
1477 2774 1831 2830 ἐκκαλύπτειν

236 2868 253 2881 .
372 2869 385 2881 .
420 2867 446 2881 ..
608 2869 622 2881 .
673 2867 699 2881 ..
954 2866 965 2881 .
1057 2872 1095 2881 _.
1133 2870 1156 2881 -
1282 2862 1326 2881 ρ..
1410 2866 1424 2881 ,
1520 2862 1544 2881 ,ι
1785 2869 1807 2881 ..

1949 2788 2391 2855 cognoscens,et
2420 2782 2659 2854 quidem
2693 2783 2855 2838 solus
2884 2798 3020 2838 cum
3049 2783 3222 2837 Patre
3252 2785 3309 2835 et
3334 2780 3501 2848 Filio,
3532 2783 3594 2834 et

210 2868 281 2929 οἷς
308 2869 390 2922 καὶ
416 2867 503 2924 ὅτε
530 2869 625 2923 καὶ
668 2867 796 2922 ὅσον
826 2866 1025 2942 χρεών.
1057 2870 1225 2921 Τοῦτο
1279 2862 1336 2920 δὲ
1366 2866 1469 2920 οὐκ
1519 2862 1665 2920 ἔσται
1718 2869 1836 2928 τοῖς

211 2955 459 3030 ἰριστικῶς
540 2956 857 3031 ἀντιλέγειν
941 2953 1208 3010 ὶθέλουσι’
1276 2953 1467 3030 πορῥω
1531 2954 1632 3031 γὰρ
1724 2958 1829 3009 τῶν

208 3046 457 3120 ἰριστικῶν
524 3046 868 3121 ἀντιλογιῶν
916 3046 945 3100 ὁ
1027 3046 1175 3118 παρά
1235 3045 1312 3119 (’7)
1368 3047 1465 3099 τοῦ
1520 3044 1831 3118 Πνεόματος

206 3138 470 3212 γωτισμός.

267 3319 570 3393 ΛΑΤ.⁹Λγε
606 3318 715 3390 (8),
773 3314 818 3369 ὦ
848 3313 1066 3387 Γραϊκὶ,
1133 3309 1482 3388 φιλαληθῶς,
1530 3312 1723 3367 ταυτὸν
1776 3308 1833 3366 δὲ

209 3406 369 3476 εἰπεῖν,
444 3404 751 3483 φιλοθὲως’
812 3402 1027 3474 ἀληθὴς
1110 3401 1214 3477 γὰρ
1276 3402 1304 3456 ὁ
1371 3401 1501 3463 Θεὸς
1554 3400 1642 3455 καὶ
1706 3401 1832 3463 Θεὸς

210 3494 408 3566 ἀλήθεια
445 3498 534 3551 καὶ
593 3495 663 3551 ἐκ
700 3496 836 3549 Θεοῦ
879 3497 1038 3547 πᾶσιν
1078 3491 1113 3561 ἠ
1204 3490 1455 3562 ἀλήθεια.
1509 3495 1671 3554 Ποθῶ
1727 3492 1830 3567 γὰρ

204 3587 286 3655 τὴν
337 3586 451 3659 περὶ
511 3584 735 3641 τούτων
787 3584 1012 3653 ζήτησιν
1065 3581 1154 3635 καὶ
1238 3578 1299 3635 ἐκ
1368 3577 1583 3635 πολλοῦ
1630 3580 1833 3650 ταύτην

205 3670 356 3728 ὠδίνω
381 3676 476 3745 τήν
505 3671 873 3743 συνεξέτασιν.
906 3668 1100 3726 Ἐλοοι
1152 3665 1211 3723 δὲ
1267 3668 1404 3741 ἡμῖν
1465 3668 1493 3721 ὁ
1537 3665 1832 3742 ΙΙαράκλη-

206 3786 298 3834 τος,
339 3768 396 3820 τὸ
450 3769 674 3837 Πνεῦμα
721 3768 820 3831 τῆς
888 3758 1175 3830 ἀληθείας,
1241 3758 1332 3813 καὶ
1389 3755 1657 3813 εὐοδώσοι
1736 3758 1831 3813 τὸν

210 3852 349 3928 λόγον
374 3854 566 3930 τρέπον
605 3853 687 3915 εἷς
720 3850 924 3915 εὐθεῖαν
984 3850 1051 3904 τὰ
1107 3846 1304 3904 σκολιά
1342 3849 1419 3921 (9)
1477 3847 1553 3909 ὡς
1610 3849 1832 3919 Πνεῦμα

211 3943 329 4006 ενόθές
352 3949 457 4018 (10)
497 3944 551 4001 ἐν
617 3946 737 4005 τοῖς
791 3945 899 3996 τῶν
957 3942 1161 3995 πιστῶν
1223 3937 1473 4012 ἐγκέτοις
1532 3936 1832 4012 ἐγκαινιζό-

217 4055 346 4105 μενον
387 4038 471 4092 καὶ
522 4035 782 4107 πληροῦν
849 4031 945 4093 τὰς
1011 4028 1359 4090 ἐλλειπτικὰς
1417 4035 1516 4096 τῆς
1576 4028 1832 4102 γνώσεως

211 4125 468 4201 φάραγγας,
496 4128 590 4181 καὶ
614 4122 765 4184 λείας
795 4121 933 4193 ἡμῖν
964 4119 1408 4196 ἀπεργαζόμενον
1449 4117 1543 4179 τὰς
1571 4116 1828 4193 τραχείας

215 4210 347 4275 ὁδούς
372 4218 493 4285 (11)-

277 4307 367 4360 ΓΡ.
397 4305 566 4372 Κοινή
634 4302 729 4374 μὲν
805 4296 910 4370 ἢδη
970 4299 1171 4373 ἀμφοῖν
1227 4299 1261 4368 ἠ
1324 4297 1466 4371 εὐχὴ
1524 4295 1612 4351 καὶ
1671 4298 1752 4360 εἷς
1807 4295 1836 4349 ὸ

224 4391 410 4457 σκοπὸς,
441 4392 474 4461 ἡ
504 4390 602 4445 ἐπὶ
630 4392 701 4463 τῇ
759 4387 1095 4464 προκειμένῃ
1142 4381 1394 4458 συσκέψει
1453 4387 1679 4455 ζήτησις
1738 4390 1838 4452 τῆς

222 4477 445 4551 ἀληθείας
473 4481 569 4538 καὶ
611 4480 836 4556 εὕρεσις*
872 4476 1068 4532 λοιπὸν
1128 4474 1185 4531 δὲ
1231 4476 1454 4550 ἀρκτὲον
1511 4478 1608 4530 τοῦ
1663 4473 1842 4550 ἐγχει-

225 4573 454 4644 Mem:-

284 4656 638 4715 ΔΔΤ.Ἀλλά
694 4654 962 4731 πρότερον
1028 4651 1234 4730 βραχέα
1262 4652 1384 4707 τινὰ
1414 4651 1537 4725 περὶ
1596 4654 1704 4705 τῶν
1760 4647 1848 4705 ἐπὶ

227 4752 308 4815 τῆς
359 4748 503 4824 ἁγίας
567 4742 804 4820 Τριάδος
860 4741 1338 4819 δογματιζομὲνων
1385 4742 1473 4797 καὶ
1534 4740 1846 4817 λεγομένων

232 4835 346 4908 ἡμῖν
407 4838 480 4900 ὡς
556 4836 610 4891 ἐν
665 4833 1032 4908 προθεωρίαις
1085 4829 1489 4904 διαληψόμεθα·
1585 4828 1685 4900 ἔξει
1744 4830 1849 4906 γὰρ

231 4922 341 4989 ἴσως
392 4931 558 4982 ταῦτα
616 4923 792 5001 ῥοπὴν
853 4922 917 4977 οὐ
987 4920 1185 4995 μικρὰν
1243 4920 1380 4996 πρὸς
1446 4920 1548 4989 τήν
1604 4923 1701 4974 τοῦ
1759 4918 1852 4974 λό-

232 5035 312 5086 γου
360 5015 635 5082 εὖόὸωσιν,
692 5013 781 5069 καὶ
838 5010 1052 5085 μᾶλλον
1118 5009 1269 5085 εἳπερ
1326 5010 1433 5064 εἶεν
1484 5009 1638 5064 ταυτὶ
1694 5012 1850 5082 κοινῇ

234 5104 746 5182 συνομολογοόμεναο
807 5103 870 5157 τό
926 5122 986 5156 τε
1028 5101 1132 5177 γὰρ
1190 5095 1418 5169 συνᾷδον
1476 5103 1595 5162 ταῖς
1645 5104 1853 5161 κοιναῖς

232 5192 369 5265 ἡμῶν
398 5193 724 5270 ὁμολογίαις
755 5193 845 5247 καὶ
882 5191 946 5246 τὸ
976 5187 1182 5260 ἀπᾷδον
1227 5191 1282 5243 ἓν
1332 5192 1450 5250 τοῖς
1484 5188 1607 5258 ἑξῆς
1664 5186 1852 5263 λόγοις

238 5281 345 5357 ῥᾷον
375 5287 539 5349 οὕτως
606 5283 1097 5358 διαγνωσθήσεται.
1153 5285 1243 5335 Δεῖ
1297 5279 1397 5355 γὰρ
1476 5284 1593 5340 ταῖς
1652 5279 1852 5354 ἀρχαῖς

238 5384 506 5452 συμφωνεῖν
546 5377 616 5432 τὰ
646 5374 940 5451 λεγόμενα,
971 5372 1061 5426 καὶ
1094 5372 1123 5425 ’ὸ
1184 5370 1278 5443 μὶν
1337 5374 1637 5446 συμφωνεῖ,
1694 5374 1853 5424 τοῦτο

300 5558 361 5628 (ο)
388 5559 410 5613 Ι
438 5558 563 5615 Cor.
599 5574 662 5626 ιι,
687 5556 775 5628 19.

293 5625 363 5701 (’7')
390 5631 531 5686 Laur
556 5647 570 5685 :
602 5625 751 5701 περί.

294 5631 342 5697 (7
390 5631 570 5686 Laur:
602 5631 751 5701 περί.

294 5631 363 5776 (εί
388 5702 522 5759 Cod.
558 5702 600 5757 V
626 5718 642 5759 :
672 5695 798 5774 Αὲγε
822 5714 837 5764 ;
860 5698 997 5753 fort.
1028 5691 1235 5769 λεγοις.

1943 2876 2216 2927 scrutans
2246 2871 2538 2943 profunda
2568 2872 2669 2926 Dei
2728 2872 2890 2926 novit
2945 2870 3206 2926 revelare
3264 2869 3479 2939 quibus
3532 2872 3594 2922 et

1942 2961 2181 3033 quando
2203 2967 2571 3032 etquantum
2602 2966 2835 3034 oportet
2867 2979 2882 3026 ;
2915 2961 3026 3016 hoc
3058 2976 3194 3015 vero
3243 2976 3363 3014 non
3394 2957 3591 3015 evenit

1941 3069 2077 3109 cum
2109 3052 2181 3107 iis
2203 3052 2304 3123 qui
2327 3051 2731 3108 contentionis
2762 3050 2956 3107 studio
2979 3049 3393 3106 contradicunt
3418 3066 3430 3103 :
3453 3064 3595 3121 pro-

1942 3143 2039 3198 cul
2091 3142 2253 3198 enim
2300 3159 2335 3197 a
2381 3140 2772 3197 contentiosis
2819 3139 3387 3197 contradictionibus
3430 3138 3598 3194 abest

1943 3232 2193 3303 Spiritus
2224 3230 2586 3287 illuminatio
2619 3235 2677 3287 et
2707 3229 3049 3286 illustratio.

2012 3323 2166 3378 LAT.
2199 3324 2340 3395 Age,
2372 3339 2406 3376 ο
2438 3322 2656 3388 Graece,
2689 3337 2891 3378 amore
2960 3319 3244 3385 veritatis,
3278 3318 3399 3374 sive
3437 3315 3595 3390 quod

1942 3412 2100 3467 idem
2131 3418 2222 3467 est
2249 3428 2450 3468 amore
2482 3412 2584 3467 Dei
2616 3412 2812 3482 (verax
2844 3411 3004 3466 enim
3035 3411 3209 3478 Deus,
3242 3414 3298 3463 et
3324 3409 3478 3463 Deus
3507 3409 3599 3462 est

1941 3502 2154 3557 veritas
2199 3508 2258 3557 et
2305 3518 2378 3557 ex
2424 3502 2541 3557 Deo
2597 3501 2814 3557 veritas
2871 3498 3148 3556 omnibus
3178 3497 3384 3569 venit).
3434 3495 3598 3551 Desi-

1941 3590 2082 3647 dero
2115 3592 2276 3646 enim
2309 3590 2791 3661 disquisitionem
2825 3590 2898 3645 de
2929 3590 3043 3644 hac
3073 3586 3327 3644 materia
3358 3589 3415 3640 et
3436 3584 3598 3655 jam-

1941 3680 2167 3737 dudum
2197 3680 2533 3737 vehementi
2586 3679 2884 3734 desiderio
2934 3676 3149 3734 anhelo
3192 3676 3347 3731 hanc
3403 3672 3596 3728 disce-

1939 3771 2287 3842 ptationem.
2351 3768 2736 3841 Superveniat
2805 3782 2942 3821 vero
3011 3764 3183 3819 nobis
3235 3760 3595 3827 Paracletus,

1939 3858 2192 3930 Spiritus
2218 3857 2482 3913 veritatis
2514 3861 2574 3911 et
2606 3870 2945 3911 sermonem
3003 3852 3157 3907 bene
3204 3850 3439 3922 dirigat,
3471 3865 3596 3904 ver-

1941 3962 2073 4013 tens
2104 3962 2283 4017 prava
2313 3947 2372 4000 in
2404 3945 2633 3999 directa
2662 3949 2727 3998 ut
2755 3942 3010 4014 Spiritus
3042 3945 3239 3996 rectus
3272 3939 3332 3993 in
3354 3937 3597 3993 visceri-

1939 4038 2051 4093 bus
2083 4035 2349 4091 ﬂdelium
2388 4034 2698 4089 innovatus
2743 4038 2801 4087 et
2850 4030 3156 4102 complens
3206 4027 3596 4098 exaltansque

1941 4125 2290 4183 deﬁcientes
2320 4128 2538 4179 nostra!
2570 4120 2924 4195 cognitionis
2942 4117 3143 4188 valles,
3163 4134 3405 4190 asperas
3426 4114 3597 4172 nobis

1869 4186 1912 4245 ϐ
1944 4217 2067 4271 vias
2098 4214 2364 4270 efficiens
2393 4212 2622 4283 planas.

2020 4303 2136 4357 GR.
2168 4300 2512 4356 Communis
2536 4298 2661 4369 jam
2696 4302 2787 4352 est
2815 4295 3127 4366 utriusque
3166 4297 3438 4349 nostrum
3467 4305 3601 4363 pre-

1952 4392 2131 4455 catio,
2162 4396 2220 4446 et
2240 4406 2394 4446 unus
2429 4387 2709 4458 idemque
2743 4402 2978 4457 scopus,
3010 4382 3286 4439 videlicet
3340 4377 3603 4436 veritatis

1955 4481 2264 4553 inquisitio
2297 4484 2354 4534 et
2403 4478 2663 4533 inventio
2723 4476 2881 4531 circa
2928 4473 3296 4546 propositam
3327 4470 3607 4543 quastio-

1956 4587 2115 4627 nem.
2148 4571 2275 4625 Jam
2299 4584 2435 4640 ergo
2466 4582 2594 4622 rem
2624 4564 3057 4638 aggrediamur.

2029 4660 2180 4714 LAT.
2216 4656 2330 4713 Sed
2360 4656 2526 4728 prius
2575 4669 2767 4727 pauca
2808 4652 3083 4725 quaedam
3140 4650 3505 4723 exponamus
3553 4653 3612 4703 et

1958 4746 2397 4822 perpendamus
2418 4745 2490 4802 de
2518 4745 2591 4800 iis
2622 4759 2754 4816 quas
2776 4742 2935 4799 circa
2963 4746 3229 4798 sanctam
3260 4739 3607 4795 Trinitatem

1958 4837 2288 4912 dogmatice
2320 4838 2653 4892 efferuntur
2683 4838 2743 4889 et
2771 4832 3194 4907 praedicantur,
3244 4828 3424 4885 veluti
3468 4842 3613 4898 pras-

1958 4928 2203 4986 ambula
2232 4924 2726 4997 disceptationis;
2777 4923 2904 4978 haec
2963 4922 3123 4977 enim
3176 4920 3424 4974 fortasse
3452 4912 3611 4968 haud

1961 5018 2236 5091 exiguum
2267 5016 2502 5089 pondus
2531 5013 2836 5070 habebunt
2865 5009 2940 5067 ad
2970 5010 3137 5065 illam
3167 5008 3318 5064 bene
3358 5008 3613 5075 apteque

1962 5106 2355 5181 dirigendam,
2386 5103 2714 5177 praesertim
2740 5102 2787 5156 si
2821 5098 3125 5156 communi
3158 5096 3254 5151 hic
3281 5091 3559 5181 suffragio
3580 5105 3616 5145 a

1961 5180 2133 5251 nobis
2164 5195 2388 5250 fuerint
2415 5206 2733 5257 concessa;
2767 5187 2994 5244 scilicet
3023 5183 3254 5239 facilius
3304 5180 3415 5234 hoc
3445 5181 3617 5249 pacto

1963 5290 2085 5339 tum
2120 5284 2277 5355 quod
2296 5299 2430 5337 cum
2454 5277 2872 5336 communibus
2902 5272 3124 5330 nostris
3145 5266 3620 5327 confessionibus

1962 5354 2401 5440 consonat,tum
2423 5366 2580 5440 quod
2610 5365 2683 5421 ab
2716 5364 2833 5419 illis
2872 5359 3217 5418 dissonatin
3233 5354 3621 5429 sequentibus

2038 5545 2114 5618 (9)
2143 5544 2255 5618 Is_a.
2288 5558 2376 5618 ξι,
2408 5542 2463 5618 4.

2036 5607 2150 5687 (10)
2180 5613 2341 5687 Psal.
2367 5628 2417 5669 LI
2448 5608 2640 5684 (Vulg.
2673 5608 2751 5680 L.)
2784 5607 2873 5665 10.

2040 5685 2153 5760 (11)
2184 5686 2295 5743 lsa.
2329 5685 2369 5742 l.
2396 5700 2446 5741 c.
