4034 6202
443 417 552 475 175

1703 408 2024 471 ΝΙΟΕΤΑΞ
2067 405 2592 469 MARONIENSIS

3723 411 3837 472 1'10

433 544 811 601 sermonibus
869 542 1257 599 discernetur.
1292 545 1539 614 Oportet
1584 543 1741 598 enim
1773 540 2080 614 principiis

2236 540 2426 609 νήσιον
2456 539 2593 594 εἶναι
2626 535 2962 614 λογίζεσθαι,
2997 539 3028 593 ὅ
3056 536 3113 594 δὶ
3142 535 3357 610 ἀπάδει,
3388 543 3551 595 τοῦτο
3583 540 3659 605 ὡς
3680 541 3835 597 νόθον

434 633 801 692 concordent
830 649 961 703 quae
993 631 1294 700 dicuntur,
1328 638 1388 687 et
1417 632 1574 704 quod
1604 632 1943 698 concordat,
1976 630 2088 685 hoc

436 725 763 797 genuinum
787 736 919 776 esse
950 727 1299 787 censeatur;
1331 722 1491 793 quod
1522 737 1657 776 vero
1688 719 2009 784 discordat,
2030 716 2091 772 id

433 812 613 867 veluti
644 812 912 883 spurium
946 818 1004 867 et
1033 826 1373 883 repugnans
1396 809 1722 880 rejiciatur.

509 903 623 956 GR.
679 903 855 958 Recte
905 901 1075 956 dicis.
1136 900 1198 954 Id
1259 899 1417 954 enim
1476 899 1770 971 optimum
1818 896 2091 951 ordinem

438 991 608 1046 decet
638 996 696 1046 et
724 991 882 1047 haud
912 1007 1100 1062 pauca
1126 989 1358 1045 confert
1385 987 1460 1043 ad
1516 989 1823 1043 veritatem
1881 985 2092 1057 digno-

436 1083 729 1140 scendam.
764 1081 929 1147 Quod
959 1081 1118 1136 enim
1140 1097 1213 1135 ex
1234 1080 1544 1151 principiis
1575 1084 1634 1134 et
1664 1075 2091 1150 suppositioni-

437 1174 548 1230 bus
565 1173 719 1228 veris
750 1170 1229 1241 consequitur,id
1250 1170 1440 1240 ipsum
1465 1168 1709 1224 omnino
1739 1182 1941 1221 verum
1964 1169 2088 1231 est;

438 1268 645 1319 contra
675 1262 834 1333 quod
864 1262 1009 1333 ipsis
1057 1260 1401 1316 adversatur
1445 1264 1504 1314 et
1532 1262 1841 1330 repugnat,
1874 1256 2090 1312 falsum

439 1352 551 1407 erit
585 1352 706 1406 :sic
738 1351 937 1422 itaque
979 1348 1340 1405 faciendum.

512 1444 563 1494 2.
609 1440 760 1494 LAT.
806 1438 907 1493 Dic
967 1437 1145 1510 igitur
1200 1436 1388 1492 mihi:
1424 1436 1589 1492 aisne
1643 1452 1772 1491 esse
1824 1431 2093 1489 Triuitati

442 1528 714 1600 quaedam
748 1526 1091 1583 essentialia
1119 1531 1178 1581 et
1196 1525 1487 1581 naturalia
1517 1526 1545 1580 ?

511 1618 622 1672 GR.
654 1616 781 1681 Aio,
815 1631 946 1671 eam
978 1614 1139 1670 enim
1172 1618 1230 1670 et
1261 1613 1580 1670 essentiam
1604 1619 1663 1669 et
1682 1619 1957 1668 naturam
1986 1611 2093 1667 ha-

436 1704 580 1760 bere
611 1708 863 1773 constat,
892 1704 1033 1760 licet
1061 1719 1242 1777 supra
1275 1703 1597 1759 essentiam
1630 1707 1689 1759 et
1715 1717 1898 1775 supra
1927 1704 2095 1756 natu-

439 1809 569 1850 ram
601 1794 679 1850 sit
714 1793 844 1865 ejus
873 1809 1024 1849 esse.

2190 629 2281 682 καὶ
2318 628 2638 702 μαχόμενον
2667 626 3107 701 ἀποπέμπεσθαι.

2264 903 2363 952 ΓΡ.
2396 898 2473 954 Εὖ
2505 893 2699 971 λέγεις·
2726 896 2927 967 τάξεώς
2957 916 3015 952 τε
3071 898 3175 973 γὰρ
3234 896 3460 971 ἀρίστης
3514 899 3689 969 τουτὶ,
3747 903 3839 955 καὶ

2192 987 2328 1060 πρὸς
2351 987 2454 1057 τὴν
2481 993 2582 1055 τῆς
2612 984 2875 1057 ἀληθείας
2930 983 3220 1062 διάγνωσιν
3281 987 3342 1042 ού
3391 989 3558 1062 μικρᾶ
3584 983 3837 1054 συμϐαλ-

2195 1075 2451 1148 λόμενον.
2491 1077 2569 1134 Τὸ
2600 1075 2702 1153 γὰρ
2742 1075 3008 1144 ἑπόμενον
3056 1081 3178 1138 ταῖς
3235 1074 3494 1147 ἀληθέσιν
3549 1077 3750 1156 ἀρχαῖς
3781 1098 3841 1133 τε

2194 1167 2281 1221 καὶ
2326 1165 2637 1220 ὑποθέσεσιν
2692 1164 2908 1227 πάντως
2967 1165 3055 1219 ιιαὶ
3111 1164 3240 1221 αὑτὸ
3298 1164 3495 1236 ἀληθὲς
3551 1165 3714 1221 ἐστιν·
3776 1169 3841 1221 τὸ

2195 1251 2252 1309 δὲ
2284 1254 2601 1330 μαχόμενον
2668 1253 2756 1309 καὶ
2826 1253 3237 1328 ἐναντιούμενον
3278 1254 3591 1311 τούναντίον
3624 1252 3841 1329 ψευδὲς

2194 1342 2283 1398 καὶ
2316 1340 2383 1413 δή
2415 1344 2671 1415 ποιητέον
2704 1340 2868 1400 οὕτω.

2270 1433 2338 1506 β’.
2369 1434 2530 1491 ΛΔΤ.
2564 1431 2743 1508 Φράζε
2774 1454 2869 1507 μοι
2892 1432 3090 1489 τοίνυν·
3114 1431 3220 1511 φῇς
3238 1433 3513 1490 είναίτινα
3542 1436 3611 1508 τῇ
3643 1430 3847 1511 Τριάδι

2198 1519 2438 1593 ούσιώδη
2471 1523 2560 1577 καὶ
2601 1522 2801 1598 φυσικά
2833 1542 2847 1592 ;

2271 1614 2378 1673 ΓΡ.
2418 1613 2599 1687 Φημί·
2631 1612 2721 1667 καὶ
2747 1613 2849 1689 γὰρ
2873 1613 2965 1669 καὶ
2999 1613 3185 1670 οὐσίαν
3217 1614 3306 1669 καὶ
3336 1614 3513 1689 φύσιν,
3573 1612 3668 1669 κέἕν
3712 1613 3852 1690 ὑπὶρ

2198 1700 2382 1758 οὐσίαν
2410 1701 2501 1758 καὶ
2532 1702 2691 1783 φύσιν
2730 1703 2794 1759 τὸ
2824 1702 2962 1758 εἶναι
3001 1703 3163 1777 αὐτῇ.

510 1885 664 1941 LAT.
695 1883 994 1940 Eademne
1022 1899 1152 1940 esse
1209 1883 1420 1940 statuis
1477 1882 1799 1940 essentiam
1828 1885 1889 1937 et
1914 1885 2080 1937 natu-

2271 1887 2433 1942 AA'I‘.
2465 1881 2647 1938 Ταυτὰ
2675 1878 2734 1937 δὶ
2763 1880 2950 1938 οὐσίαν
2988 1882 3080 1937 καὶ
3111 1883 3290 1961 φύσιν,
3321 1881 3358 1953 ἤ
3387 1882 3543 1958 ἓτιρα
3576 1903 3590 1954 ;

436 1993 584 2045 ram,
618 1993 695 2033 an
717 1976 949 2032 diversa
976 1975 1004 2031 ?

503 2068 615 2123 GR.
648 2066 868 2122 Eadem
925 2064 1191 2124 omnino.
1253 2067 1341 2123 Ita
1400 2066 1559 2122 enim
1632 2064 1848 2122 docent
1895 2061 2084 2121 sancti

428 2158 633 2211 Patres
663 2159 751 2225 (Γ).

505 2246 656 2301 LAT.
683 2243 832 2310 Quid
861 2261 996 2301 vero
1017 2246 1045 2299 εἶ
1075 2246 1278 2301 Nonne
1311 2250 1370 2301 et
1397 2246 1769 2318 hypostatica
1811 2243 2083 2314 quasdam

432 2333 580 2389 dicis
610 2333 807 2390 inesse
826 2333 1097 2389 Trinitati
1130 2338 1189 2389 et
1217 2335 1557 2406 personalia
1577 2334 1606 2389 ?

506 2422 618 2479 GR.
651 2424 722 2476 Et
748 2422 875 2477 haec
906 2422 1159 2480 afﬁrmo.
1193 2425 1343 2479 Sunt
1362 2424 1521 2479 enim
1551 2424 1611 2478 in
1634 2440 1704 2479 ea
1732 2423 2083 2495 hypostases

436 2516 494 2567 et
513 2528 803 2583 personaa,
834 2510 977 2567 licet
1002 2516 1206 2569 sancta
1261 2512 1515 2568 Trinitas
1566 2512 1643 2568 sit
1681 2513 1807 2568 sine
1838 2511 2082 2567 nomine

433 2607 491 2655 et
512 2617 689 2674 super
719 2617 894 2656 omne
927 2618 1167 2657 nomen.
1202 2603 1344 2657 Nam
1378 2618 1557 2674 supra
1586 2618 1823 2657 omnem
1855 2617 1981 2657 rem
2025 2603 2083 2655 et

432 2689 851 2763 cogitationem
904 2696 961 2746 et
992 2690 1539 2746 denominationem
1566 2696 1657 2746 est
1686 2689 2081 2762 superdivinm

434 2777 768 2834 Divinitatis
799 2795 977 2851 super
1007 2795 1246 2834 omnem
1278 2778 1687 2834 exsistentiam
1713 2776 2079 2845 exsistentia,

435 2868 575 2936 sive,
618 2872 683 2922 ut
727 2868 916 2940 magis
945 2868 1183 2940 proprie
1226 2866 1442 2937 dicam,
1502 2866 2079 2939 superexsistentia;

430 2962 692 3012 attamen
718 2962 775 3011 et
806 2958 1064 3011 essentia
1095 2961 1153 3011 et
1182 2963 1394 3013 natura
1424 2973 1543 3012 una
1583 2961 1640 3011 et
1665 2956 1872 3012 eadem
1904 2961 2082 3027 atque

431 3045 778 3101 indifferens
810 3050 1028 3100 sanctaa
1059 3045 1361 3100 Trinitatis
1394 3045 1669 3101 divinitas
1700 3045 2080 3117 praadicatur,

431 3140 489 3189 et
516 3150 754 3190 rursum
793 3135 967 3188 Pater
998 3138 1056 3188 et
1085 3133 1268 3189 Filius
1300 3140 1358 3189 et
1413 3135 1664 3205 Spiritus
1724 3139 1865 3190 sunt
1891 3135 2083 3206 hypo-

428 3227 616 3279 stases
648 3228 705 3277 et
727 3237 996 3294 personae
1020 3221 1363 3278 divinitatis.

2262 2063 2583 2124 ΓΡ.Ταυτδι
2609 2063 2848 2129 πάντως·
2882 2064 3060 2127 οὕτως
3122 2066 3226 2139 γὰρ
3282 2064 3334 2119 οἱ
3392 2060 3547 2141 ἅγιοι
3608 2064 3856 2140 Πατὲρες

2192 2152 2525 2214 διδάσκουσι.

2263 2250 2421 2302 ΛΑΤ.
2456 2245 2522 2301 Τί
2552 2240 2610 2299 δέ
2639 2262 2653 2313 ;
2688 2243 2823 2319 οὐχὶ
2861 2243 2953 2299 καὶ
2984 2242 3316 2299 ὑποστατικά
3360 2262 3480 2298 τινα
3519 2241 3630 2317 φῂς
3670 2242 3862 2319 ὑπάρ-

2192 2353 2312 2411 χειν
2345 2333 2399 2390 ἔν
2438 2338 2507 2409 τῇ
2538 2330 2730 2409 Τριάδι
2758 2334 2847 2388 καὶ
2882 2332 3208 2406 προσωπικά
3239 2350 3252 2401 ;

2260 2426 2366 2498 ῚΡ.
2435 2423 2537 2478 Καὶ
2593 2422 2764 2477 ταὺτά
2819 2439 2985 2501 φημι·
3041 2421 3133 2477 καὶ
3199 2421 3302 2497 γὰρ
3359 2422 3451 2477 καὶ
3527 2421 3862 2486 ὑποστάσεις

2188 2515 2279 2571 καὶ
2319 2513 2606 2589 πρόσωπα,
2637 2510 2734 2568 κᾶν
2768 2513 3055 2586 ἀνώνυμος
3121 2513 3212 2567 καὶ
3254 2512 3612 2587 ὑπερώνυμος
3650 2515 3686 2583 ἡ
3730 2513 3866 2590 ἁγία

2188 2606 2375 2681 Τριάς⁸
2423 2605 2555 2679 ὑπὲρ
2615 2608 2716 2659 πᾶν
2774 2604 2879 2679 γὰρ
2918 2604 3008 2659 καὶ
3065 2607 3288 2681 πρᾶγμα
3344 2604 3435 2658 καὶ
3503 2604 3691 2677 νόημα
3762 2609 3868 2664 καὶ

2190 2690 2369 2769 ὄνομα
2405 2697 2437 2764 ἡ
2470 2701 2570 2765 τῆς
2613 2693 2871 2770 ὑπερθέου
2929 2693 3190 2764 θεότητος
3256 2692 3389 2769 ὑπὲρ
3428 2700 3600 2748 πᾶσαν
3668 2692 3864 2769 ὕπαρ·

2190 2788 2266 2857 ξιν
2326 2784 2572 2859 ὅπαρξις,
2639 2782 2699 2852 ἢ,
2770 2780 3096 2854 οἰκειότερον
3184 2782 3375 2849 εἰπεῖν,
3457 2780 3863 2859 ὑπερύπαρξις·

2190 2875 2344 2948 ὅμως
2374 2873 2465 2929 καὶ
2499 2871 2653 2928 ούσία
2677 2871 2765 2927 καὶ
2808 2870 2965 2947 φύσις
2996 2873 3031 2941 ἧ
3068 2872 3166 2946 μία
3230 2872 3321 2926 καὶ
3380 2871 3516 2941 αὑτή
3585 2872 3679 2926 καὶ
3718 2871 3870 2928 ἀπα-

2192 2961 2503 3041 ράλλακτος
2530 2968 2632 3032 τῆς
2664 2960 2819 3037 ἁγίας
2848 2958 3083 3037 Τριάδος
3112 2960 3309 3032 θεότης
3354 2962 3866 3038 προσαγορεύεται,

2187 3052 2278 3109 καὶ
2310 3051 2475 3108 πάλιν
2516 3053 2544 3108 ὁ
2574 3052 2762 3126 Πατὴρ
2812 3052 2900 3107 καὶ
2958 3052 2986 3105 ό
3040 3052 3164 3115 Υἱὸς
3214 3051 3305 3106 καὶ
3353 3052 3417 3107 τὸ
3456 3055 3675 3125 Πνεῦμα
3712 3052 3869 3108 ὑπο-

2191 3142 2400 3203 στάσεις
2425 3141 2515 3196 καὶ
2546 3140 2814 3217 πρόσωπα
2844 3146 2945 3210 τῆς
2993 3141 3270 3212 θεότητος.

499 3312 650 3367 LAT.
684 3287 982 3368 Eademne
1027 3328 1156 3367 esse
1188 3311 1335 3368 dicis
1396 3313 1523 3370 hac
1578 3318 1636 3369 et
1684 3313 1808 3384 illa,
1840 3329 1915 3368 an
1944 3328 2080 3369 vero

2263 3323 2419 3378 AA'I‘.
2448 3320 2633 3377 Ταυτᾶ
2709 3315 2767 3375 δὲ
2841 3317 3023 3397 λέγεις
3091 3317 3229 3374 εἶναι
3285 3322 3455 3375 ταῦτα
3518 3317 3773 3393 κάκεῖνα,
3832 3321 3868 3391 ἣ

431 3400 663 3457 diversa
690 3399 719 3456 ?

503 3492 615 3547 GR.
649 3491 931 3555 Quasnam
960 3507 1095 3546 vero
1125 3491 1444 3565 intelligas,
1483 3491 1764 3548 edissere.

498 3580 921 3637 LAT.Idemne
948 3581 1211 3637 essentia
1275 3587 1333 3637 et
1383 3582 1734 3654 hypostasis,
1768 3598 1844 3638 an
1897 3580 2079 3651 aliud,

430 3674 606 3742 atque
638 3670 873 3727 idemne
931 3674 1147 3727 natura
1201 3673 1259 3726 et
1315 3686 1592 3743 persona,
1635 3687 1710 3726 an
1768 3687 1901 3727 vero
1960 3685 2079 3725 non

430 3758 590 3816 idem
618 3761 645 3815 7

497 3851 608 3908 GR.
642 3849 817 3908 Aliud
848 3855 936 3906 est
991 3855 1205 3906 natura
1262 3867 1296 3905 a
1351 3866 1627 3921 persona,
1662 3854 1722 3905 et
1768 3849 1931 3906 aliud
1987 3866 2083 3905 es-

430 3942 624 3997 sentia
653 3941 725 3997 ab
748 3940 1072 4013 hypostasi.
1108 3940 1201 3995 Sic
1239 3939 1398 3995 enim
1430 3939 1674 4011 placuit,
1729 3940 1871 3995 licet
1926 3938 2081 4011 apud

429 4029 751 4086 nonnullos
781 4028 1101 4100 aliquando
1162 4028 1420 4084 essentia
1473 4028 1593 4084 sive
1662 4034 1874 4084 natura
1898 4035 1956 4085 et
1985 4030 2085 4100 hy-

431 4120 705 4192 postasis,
738 4135 868 4191 qum
908 4122 1049 4174 sunt
1078 4116 1311 4172 diversa
1358 4117 1625 4185 nomina,
1684 4135 1789 4189 pro
1829 4118 2083 4174 invicem

432 4208 821 4281 accipiantur,
844 4207 903 4263 id
935 4211 1025 4262 est
1055 4206 1127 4262 de
1156 4222 1277 4262 una
1307 4206 1630 4277 eademque
1649 4222 1733 4260 re.
1758 4205 1920 4262 Idem
1946 4224 2082 4264 vero

434 4303 524 4352 est
552 4297 887 4370 hypostasis
918 4301 975 4351 et
1030 4312 1305 4368 persona,
1343 4295 1497 4351 sicut
1538 4295 1762 4367 pariter
1799 4295 1957 4351 idem
1989 4313 2084 4352 es-

432 4386 624 4440 sentia
655 4391 712 4441 et
745 4393 974 4441 natura.
1035 4386 1480 4457 Consequenter
1524 4402 1661 4441 vero
1721 4385 1816 4440 his
1875 4386 2081 4441 eadem

429 4473 669 4543 quidem
702 4478 839 4528 sunt
863 4490 993 4545 quae
1017 4473 1297 4529 dicuntur
1315 4475 1661 4529 essentialia
1687 4474 2076 4531 etnaturalia.

428 4559 661 4615 diversa
678 4577 814 4615 vero
848 4560 919 4614 ab
948 4560 1042 4613 his
1073 4560 1442 4632 hypostatica
1472 4566 1531 4616 et
1559 4561 1915 4632 personalia,
1950 4579 2081 4634 qum

2185 3410 2343 3485 ἓτερα
2376 3431 2392 3481 ;

2260 3503 2361 3559 ΓΡ.
2395 3500 2478 3558 Τὰ
2502 3504 2634 3556 ποῖα
2664 3497 2793 3578 φῂς,
2831 3499 3058 3579 φράσον.

2261 3592 2422 3648 ΛΔΤ.
2453 3589 2653 3645 Ταυτὸν
2684 3591 2721 3660 ἡ
2753 3587 2912 3643 οὑσία
2975 3587 3065 3643 καὶ
3130 3589 3165 3657 ἠ
3211 3585 3501 3648 ὑπόστασις
3542 3584 3578 3654 ἢ
3629 3580 3872 3662 ἕτερον,

2188 3683 2277 3737 καὶ
2306 3680 2499 3737 ταυτὸν
2536 3682 2572 3751 ἡ
2604 3679 2759 3758 φύσις
2789 3676 2878 3733 καὶ
2917 3675 3237 3753 πρόσωπον,
3267 3677 3302 3746 ἢ
3338 3675 3400 3731 οὑ
3425 3676 3620 3730 ταυτόν
3648 3693 3664 3743 ;

2258 3871 2359 3921 I‘P.
2418 3866 2641 3938 Ἕτερον
2686 3863 2781 3935 μὶν
2849 3862 2883 3932 ἡ
2948 3860 3104 3941 φύσις
3159 3860 3307 3933 παρᾶ
3388 3861 3450 3915 τὸ
3514 3858 3867 3935 πρόσωπον,

2189 3956 2280 4010 καὶ
2310 3948 2487 4029 ἕτερον
2521 3954 2555 4023 ἡ
2588 3951 2747 4007 οὐσία
2785 3950 2933 4024 παρὰ
2995 3952 3097 4020 τὴν
3135 3949 3450 4005 ὑπόστασιν.
3519 3948 3686 4006 Οὕτω
3749 3953 3885 4028 γᾶρ

2190 4040 2358 4114 ἔδοξε,
2399 4044 2495 4099 κᾶν
2563 4062 2695 4097 ποτε
2742 4041 2870 4117 παρ’
2935 4038 3099 4101 ἐνίοις
3138 4040 3172 4109 ἠ
3208 4037 3363 4094 οὑσία
3393 4036 3568 4094 εῗτουν
3614 4039 3653 4109 ἠ
3692 4040 3891 4115 φύσις

2190 4134 2280 4189 καὶ
2311 4136 2345 4203 ἡ
2381 4131 2673 4193 ὑπόστασις
2705 4127 2936 4207 διάφορα
2960 4129 3202 4202 ὀνόματα
3230 4128 3347 4183 ἄντ’
3367 4126 3632 4199 ἀλλήλων
3669 4150 3888 4203 παρα..

2192 4216 2600 4296 λαμϐάνωνται,
2656 4219 2933 4275 τουτέστιν
3006 4217 3088 4296 ἐφ’
3146 4217 3265 4280 ἑνὸς
3350 4215 3441 4272 καὶ
3511 4220 3610 4272 τοῦ
3680 4217 3889 4275 αύτοῦ

2190 4311 2535 4387 πράγματος
2591 4311 2783 4365 ταυτὸν
2835 4306 2893 4363 δέ
2958 4305 3102 4362 ἐστιν
3158 4308 3192 4377 ἡ
3275 4307 3567 4367 ὑπόστασις
3622 4307 3727 4362 καὶ
3796 4310 3883 4365 τὸ

2191 4401 2506 4477 πρόσωπον,
2539 4397 2720 4473 ὥσπερ
2780 4398 2933 4460 αὗθις
2969 4398 3005 4468 ἠ
3066 4395 3222 4453 οὐσία
3275 4395 3366 4451 καὶ
3405 4398 3561 4474 φύσις
3616 4396 3887 4457 ταύτόν.

2189 4488 2508 4563 Ἑπομένως
2568 4484 2626 4543 δὲ
2676 4484 2891 4548 τούτοις
2940 4484 3108 4540 ταυτᾶ
3185 4485 3281 4557 μὲν
3334 4483 3402 4539 τὰ
3439 4481 3722 4557 λεγόμενα
3753 4486 3891 4543 οὗ-

2191 4577 2365 4650 σιώδη
2450 4580 2540 4634 καὶ
2635 4577 2852 4655 φυσικὰ,
2937 4573 3089 4650 ἔτερα
3174 4571 3228 4629 δὲ
3316 4573 3463 4650 παρᾶ
3544 4577 3725 4630 ταῦτα
3798 4578 3893 4633 τὰ

425 4654 483 4705 et
512 4650 641 4723 ipsa
671 4650 827 4706 inter
856 4666 918 4704 se
951 4650 1157 4705 eadem
1189 4657 1347 4705 sunt.
1373 4651 1501 4706 Alia
1526 4652 1686 4707 enim
1713 4659 1850 4709 sunt
1877 4671 2077 4710 essen-

2236 4669 2519 4725 τοστατικὰ
2564 4667 2653 4722 καὶ
2693 4666 3041 4741 προσωπικὰ,
3099 4662 3223 4719 ὅντα
3276 4664 3366 4719 καὶ
3423 4667 3589 4718 ταῦτα
3646 4667 3895 4727 ταυτᾶ..

420 4738 587 4795 tialia
617 4745 674 4794 et
702 4738 1084 4804 naturalia,et
1104 4738 1220 4793 alia
1236 4739 1607 4809 hypostatica
1629 4745 1687 4794 et
1715 4741 2071 4811 personalia,

421 4830 531 4885 etsi
556 4843 747 4902 neque
782 4826 1118 4883 essentialia
1167 4832 1223 4881 et
1270 4826 1561 4881 naturalia
1615 4828 1742 4882 sine
1794 4830 2073 4901 hyposta-

420 4920 551 4975 ticis
575 4924 631 4976 et
660 4915 1075 4991 personalibus
1126 4921 1284 4984 sunt,
1343 4930 1535 4988 neque
1586 4916 1712 4971 haec
1772 4919 1900 4973 sine
1931 4920 2068 4975 illis.

420 5010 651 5065 Etenim
685 5008 941 5065 essentia
972 5011 1029 5060 et
1084 5010 1297 5061 natura
1353 5003 1515 5059 aliud
1572 5005 1811 5077 quidem
1843 5012 1952 5075 est,
2005 5014 2071 5063 ut

415 5099 558 5165 dixi,
582 5100 654 5156 ab
682 5096 985 5173 hypostasi
1020 5101 1075 5151 et
1110 5110 1370 5168 persona
1396 5111 1408 5161 ;
1443 5094 1547 5149 sed
1572 5101 1783 5151 neutra
1813 5101 1901 5151 est
1935 5095 2066 5153 abso

414 5206 527 5260 que
558 5189 761 5246 altera.
795 5191 996 5259 Neque
1032 5185 1189 5240 enim
1213 5184 1472 5240 essentia
1527 5183 1921 5242 insubsistens
1953 5193 2062 5258 est,

409 5294 602 5349 neque
635 5277 1022 5335 subsistentia
1053 5275 1326 5332 essentia)
1359 5289 1570 5347 expers
1601 5274 1703 5346 (g).

478 5595 546 5667 (f)
578 5594 740 5674 Vide
774 5594 957 5674 Eliam
993 5596 1349 5674 _§re_tep_sem
1403 5595 1732 5674 gemment.
1762 5598 1839 5674 in
1884 5602 2051 5674 Greg.

403 5667 534 5723 Naz.
566 5681 665 5737 or.
688 5669 773 5732 11,
806 5683 863 5737 p.
897 5669 950 5730 6,
984 5667 1071 5720 18.
1102 5672 1142 5721 t.
1176 5668 1246 5737 II,
1279 5666 1373 5723 ed.
1409 5666 1538 5723 Bill.
1589 5673 1647 5725 et
1674 5671 1918 5728 Aristot.
1947 5666 2052 5729 Μὲο

405 5737 621 5814 taphys.
654 5736 691 5795 ι.
718 5754 792 5809 1v,
808 5736 876 5791 'c.
908 5738 961 5790 4.

2184 4757 2366 4815 ’Ἂλλα
2403 4758 2505 4834 γὰρ
2558 4756 2623 4811 τὰ
2690 4752 2928 4826 ούσιώόη
2990 4754 3077 4810 καὶ
3132 4753 3350 4826 φυσικὰ,
3408 4752 3498 4808 καὶ
3553 4750 3713 4808 ἄλλα
3791 4759 3895 4814 τὰ

2184 4846 2520 4903 ὑποστατικά
2547 4846 2635 4900 καὶ
2666 4845 3014 4920 προσωπικᾶ,
3048 4842 3093 4898 εί
3136 4845 3226 4897 καὶ
3262 4844 3404 4916 μήτε
3459 4841 3525 4897 τὶ
3575 4842 3884 4920 ούσιώδη

2178 4938 2268 4991 καὶ
2299 4938 2495 5015 φυσικὰ
2527 4936 2704 5014 χωρίς
2761 4934 2873 4990 ἐστι
2923 4937 3031 4989 τῶν
3096 4934 3471 4988 ὑποπατικῶν
3508 4932 3601 4986 καὶ
3656 4953 3893 5008 προσ-

2179 5024 2426 5092 ωπικῶν,
2488 5025 2628 5097 μήτε
2683 5027 2853 5079 ταῦτα
2920 5022 3157 5080 ἐκείνων.
3210 5020 3313 5078 Καὶ
3376 5019 3478 5096 γὰρ
3560 5019 3596 5089 ἠ
3677 5021 3895 5082 οὐσία

2174 5114 2264 5169 καὶ
2322 5115 2355 5183 ἠ
2416 5112 2575 5191 φύσις
2625 5110 2804 5188 ἕτερον
2867 5112 2982 5186 μὲν,
3041 5112 3117 5173 ὡς
3152 5108 3310 5188 ἔφην,
3368 5110 3514 5183 παρὰ
3558 5109 3667 5178 τήν
3696 5112 3900 5171 ὑπό-

2174 5226 2355 5260 στασιν
2419 5203 2509 5259 καὶ
2563 5204 2626 5259 τὸ
2690 5204 3008 5279 πρόσωπον,
3067 5200 3195 5257 ἀλλ’
3268 5199 3523 5275 οὐδετέρα
3582 5200 3895 5277 θατὲρων

2174 5292 2370 5371 χωρίςθ
2407 5289 2530 5348 οὔτε
2562 5292 2667 5369 γὰρ
2697 5292 2731 5362 ἡ
2769 5289 2929 5347 ούσία
2985 5289 3132 5346 ἐστὶν
3197 5290 3590 5356 ἀνυπόστατος,
3638 5289 3795 5349 οὔτε
3841 5301 3900 5371 ἦ

2172 5383 2461 5445 ὑπόστασις
2494 5380 2763 5441 ἀνούσιος.

2232 5673 3053 5751 (9),νίᾲθμξοαη.λῡειιηιθοθη.
3112 5693 3169 5751 ο.
3220 5674 3610 5751 Jacobitasin
3674 5681 3914 5751 Lect.

2162 5752 2285 5802 ant.
2311 5746 2551 5818 Canisii,
2581 5753 2621 5803 t.
2647 5749 2719 5819 II,
2752 5754 2909 5820 part.
2950 5766 2989 5821 ι,
3020 5765 3078 5820 p.
3112 5748 3181 5802 32
3204 5747 3296 5806 ed.
3332 5749 3620 5820 Basnage.
