4062 6202
267 322 399 386 17⁸7

1209 315 1225 325 ’
1290 319 1392 382 DE
1436 320 1974 385 PROCESSIONE
2017 322 2378 388 SPIRl'l‘US
2422 322 2724 387 SANCTI.

3580 331 3699 394 178

351 453 519 509 ΑΑΤ.
583 450 719 508 Εἶτα
772 446 893 506 τίνα
943 450 1113 506 ταῢτα
1163 446 1597 524 ὑπολαμϐάνεις,
1662 452 1809 530 λέγω
1868 449 1935 521 δή

2125 456 2275 513 LAT.
2308 454 2532 513 Deinde
2561 471 2837 528 quamam
2870 458 2997 513 haao
3037 473 3166 513 esse
3190 456 3703 527 statuis,videlicet

269 544 380 612 τὴν
410 539 602 596 οὐσίαν
629 539 721 594 καὶ
752 540 851 608 τὴν
883 538 1067 617 φύσιν,
1106 538 1141 609 ἢ
1174 540 1241 594 τὰ
1271 537 1512 612 οὗσιώδη
1574 541 1662 596 καὶ
1720 543 1939 618 φυσικὰ,

272 632 373 688 καὶ
413 631 531 686 τίνα
586 631 657 685 τὰ
709 628 888 703 ἕτερα,
946 630 1047 697 τήν
1108 629 1402 685 ὑπόστασιν
1455 632 1546 685 καὶ
1598 631 1661 687 τὸ
1718 631 1940 707 πρόσω-

274 743 388 777 πον
422 717 461 789 ἢ
490 720 556 774 τὶ
592 717 929 774 ὑποστατικᾶ
958 716 1050 773 καί
1079 718 1407 793 προσωπικά
1441 736 1456 778 :

354 809 563 864 ΓΡ.Ὀ
625 808 721 880 μὲν
777 804 888 862 ἔστι
947 807 1132 862 κοινὸν
1184 807 1274 862 καὶ
1329 805 1382 863 ἓν
1423 807 1513 863 καὶ
1554 807 1747 864 ταυτὸν
1769 807 1939 882 Πατρὶ

275 899 370 953 καὶ
418 896 537 969 Τίῷ
596 896 688 951 καὶ
748 894 1047 968 υνεῦματι,
1104 899 1266 951 τοῦτο
1322 895 1507 952 οὐσίαν
1584 899 1674 953 καὶ
1758 898 1940 976 φύσιν,

278 987 371 1043 κεί
403 987 474 1042 τὰ
506 984 783 1062 προσόντα
813 984 1034 1046 τούτοις
1090 989 1290 1047 κοινῶς
1337 986 1429 1041 καὶ
1466 988 1788 1060 σὴνωμὲνως
1847 986 1939 1041 καὶ

274 1080 519 1144 ταυτῶς,
553 1071 801 1144 οὖσιώδη
833 1073 925 1127 καὶ
952 1074 1169 1153 (pus-tm"
1199 1071 1425 1132 ἕκαστον
1460 1072 1517 1131 δὲ
1575 1080 1686 1132 τῶν
1747 1080 1938 1150 τριῶν,

279 1162 667 1220 ὗπόστασίντε
725 1164 819 1218 καὶ
872 1162 1191 1239 πρόσωπον,
1249 1163 1340 1219 καί
1402 1163 1536 1241 ὅπερ
1595 1165 1674 1221 ἑνὶ
1731 1165 1940 1238 ἑκάστῳ

278 1252 448 1327 ἴδιον,
471 1257 639 1309 τοῦτο
671 1253 1027 1309 ὑποστατικὸν
1054 1252 1145 1307 καὶ
1174 1253 1546 1328 προσωπικόν.

356 1438 511 1493 ΛΑΤ.
544 1432 622 1492 Εὖ
658 1435 753 1507 μὲν
791 1431 922 1496 ἴσως
979 1432 1160 1509 λέγεις
1211 1408 1387 1490 ταυτί’
1455 1433 1602 1505 πλὴν
1650 1435 1741 1491 καὶ
1800 1435 1935 1492 ὅποο

284 1523 654 1600 δειγματικῶς
685 1526 979 1601 σαρήνισον
1013 1522 1080 1578 τὰ
1109 1522 1402 1601 λεγόμενα.

356 1622 459 1672 ΓΡ.
514 1617 629 1684 Τὴν
682 1616 775 1688 μὲν
842 1614 1086 1691 ὑπερφυῆ
1147 1614 1239 1669 καὶ
1314 1612 1638 1690 ὖπερούσιον
1707 1615 1936 1686 θεότητα

2046 547 2367 601 essentiam
2400 550 2458 601 et
2485 551 2775 611 naturam,
2802 545 2890 601 vel
2923 546 3264 602 essentialia
3287 553 3346 603 et
3376 550 3695 621 naturalia,

2056 638 2114 689 et
2143 650 2419 705 quamam
2461 639 2694 703 caetera,
2726 633 3074 705 hypostasin
3105 640 3165 689 et
3211 652 3557 708 personam,
3607 640 3698 696 vel

2048 723 2420 795 hypostatica
2448 728 2507 778 et
2534 723 2873 795 personalia
2894 723 2923 778 ?

2122 814 2232 869 GR.
2267 813 2433 878 Quod
2464 811 2705 884 quidem
2738 829 3023 869 commune
3057 819 3144 868 est
3186 818 3364 885 atque
3418 833 3607 873 unum
3640 824 3701 875 et

2049 900 2209 956 idem
2258 902 2416 956 Patri
2463 908 2521 957 et
2568 900 2715 955 Filio
2748 906 2807 955 et
2845 901 3112 972 Spiritui,
3147 902 3258 957 hoc
3288 907 3613 961 essentiam
3644 911 3703 962 et

2048 998 2342 1049 naturam.
2377 997 2437 1047 et
2473 1008 2603 1063 qum
2643 992 2734 1047 his
2792 992 3013 1048 adsunt
3069 995 3491 1062 communiter,
3533 998 3699 1053 unite

2048 1087 2226 1154 atque
2258 1081 2467 1137 eodem
2481 1081 3028 1145 modo,essentialia
3051 1086 3108 1136 et
3131 1083 3464 1152 naturalia;
3487 1102 3702 1141 unum-

2052 1188 2350 1242 quemque
2378 1187 2514 1226 vero
2548 1170 2725 1226 trium
2759 1170 2999 1225 illorum
3024 1170 3373 1243 hypostasin
3397 1178 3456 1228 et
3496 1192 3705 1247 perso-

2049 1266 2278 1331 nam,et
2308 1261 2464 1333 quod
2494 1260 2817 1332 unicuique
2838 1262 3224 1333 proprium,id
3245 1263 3696 1336 hypostaticum

2047 1355 2107 1407 et
2134 1348 2442 1422 personale
2474 1365 2603 1405 esse
2633 1353 2828 1405 statuo
2856 1350 2960 1422 (h).

2119 1439 2273 1495 LAT.
2302 1441 2479 1494 Recte
2508 1438 2757 1494 forsitan
2783 1439 2908 1494 haec
2949 1439 3096 1495 dicis
3130 1456 3144 1508 ;
3196 1457 3397 1497 verum
3443 1442 3699 1514 explana

2047 1529 2240 1587 adhuc
2272 1533 2331 1584 et
2361 1544 2469 1601 per
2497 1528 2769 1599 exempla
2791 1545 2920 1600 quas
2942 1528 3167 1585 dixisti.

2117 1630 2228 1686 GR.
2262 1627 2551 1683 Deitatem
2586 1626 3099 1698 supernaturalem
3133 1632 3192 1683 et
3222 1629 3697 1699 superessentia-

288 1705 445 1785 οὖσιν
514 1704 784 1776 εἰώθαμεν
839 1699 1023 1777 λέγειν
1078 1709 1178 1773 τῆς
1232 1700 1384 1777 ἁγίας
1468 1699 1728 1777 Τριάδος,
1805 1702 1932 1776 μίαν

2070 1735 2163 1774 em
2219 1724 2479 1772 naturam
2525 1719 2743 1771 sanctae
2803 1716 3105 1772 Trinitatis
3161 1733 3367 1773 vocare
3430 1718 3693 1773 solemus

287 1794 377 1850 καὶ
416 1795 520 1861 τήν
560 1792 728 1862 αὐτὴν
775 1791 863 1846 καὶ
927 1789 1114 1846 οὐσίαν
1173 1790 1354 1862 ἁπλῆν
1408 1813 1468 1847 τε
1528 1792 1621 1846 καί
1675 1790 1933 1865 ἀπαράλ-

287 1881 305 1892 .
598 1885 612 1892 -
747 1879 761 1892 .
817 1881 830 1892 .
1001 1879 1015 1892 .
1091 1881 1105 1892 .
1208 1880 1221 1892 ,
1388 1876 1413 1892 ,ι
1708 1880 1724 1892 .
1890 1886 1915 1892 _

2070 1825 2224 1865 lnam
2246 1805 2722 1877 eamdemque,et
2741 1805 3030 1861 essentiam
3062 1805 3397 1878 simplicem
3430 1812 3489 1862 et
3513 1807 3690 1863 diﬂ'e-

285 1881 507 1940 λακτον·
552 1885 654 1951 τήν
706 1879 873 1950 αὐτὴν
929 1879 1019 1936 καὶ
1076 1880 1335 1943 ὡσαύτως
1386 1876 1620 1961 ἔχουσαν
1706 1880 1760 1937 ἐν
1849 1886 1930 1956 τῷ

2070 1898 2254 1955 entia;
2286 1895 2887 1969 expertem,eamdem
2922 1896 3130 1951 eodem
3160 1896 3337 1951 modo
3371 1914 3431 1952 se
3462 1898 3691 1954 haben—

284 1974 458 2046 Πατρῖ
514 1972 606 2026 καὶ
666 1969 720 2027 ἒν
776 1975 859 2043 τῷ
922 1971 1037 2042 Υίῷ
1087 1969 1176 2025 καὶ
1233 1970 1285 2026 ἐν
1335 1974 1413 2042 τῷ
1438 1972 1581 2045 ἁγίῳ
1632 1970 1927 2046 Πνεύματι.

2071 2003 2164 2043 em
2186 1986 2247 2041 in
2269 1987 2441 2041 Patre
2473 1988 2532 2039 et
2555 1985 2616 2039 in
2646 1983 2790 2038 Filio
2825 1989 2883 2037 et
2915 1984 2976 2038 in
3004 1984 3225 2055 Spiritu
3247 1990 3474 2041 sancto.
3508 1988 3689 2041 Natu—

281 2063 495 2121 Φυσικὰ
539 2059 598 2115 δὲ
620 2060 710 2115 καὶ
740 2056 1008 2130 οὖσιώδη,
1042 2058 1086 2113 εἰ
1137 2060 1227 2115 καὶ
1282 2059 1494 2135 κυρίως
1552 2060 1619 2116 τὰ
1665 2063 1781 2117 κατ’
1836 2060 1928 2116 οὖ-

2070 2075 2190 2131 ναιία
2220 2089 2356 2129 vero
2388 2077 2448 2127 et
2474 2071 2792 2128 essentialia
2811 2072 2921 2127 etsi
2951 2073 3190 2143 pr0prie
3221 2090 3292 2129 ea
3323 2090 3453 2144 quas
3483 2089 3685 2129 secun-

279 2153 398 2208 σὶαν
426 2151 705 2226 προσόντα
731 2170 866 2226 τισι,
899 2147 1048 2218 πλὴν
1080 2146 1228 2203 ἀλλὰ
1256 2152 1343 2203 νῦν
1405 2147 1495 2205 ἐπὶ
1543 2152 1645 2216 τῆς
1691 2146 1928 2224 Τριάδος

2070 2165 2177 2220 lum
2229 2161 2549 2218 essentiam
2598 2160 2818 2216 adsunt
2857 2160 3213 2232 quibusdam
3267 2162 3350 2217 ita
3378 2167 3689 2232 vocantur,

274 2243 735 2320 καταχρηστικῶς
781 2238 848 2293 τά
904 2238 1029 2313 περὶ
1088 2237 1272 2294 οὐσίαν
1329 2259 1528 2302 κοινως
1586 2240 1676 2295 καὶ
1716 2246 1930 2303 ταυτῶς

2070 2258 2305 2309 ιιιιιωθῐι
2334 2250 2579 2305 nuncin
2608 2248 2892 2304 Trinitate
2933 2248 3171 2306 abusive
3220 2267 3495 2306 vocamus
3554 2268 3686 2323 quas

273 2332 363 2387 καὶ
394 2333 619 2407 ἀμερῶς
652 2327 1025 2404 Θεωροῦμενα,
1078 2328 1155 2390 ὡς
1199 2332 1309 2383 τῶν
1359 2329 1476 2385 κατ’
1534 2328 1719 2384 οὐσίαν
1765 2328 1926 2408 ἐχόν-

2070 2343 2193 2397 :irca
2213 2338 2533 2395 essentiam
2555 2338 2858 2394 communi
2900 2337 3228 2410 eodemque
3277 2339 3453 2395 modo
3509 2345 3686 2411 atque

272 2428 380 2478 τῶν
411 2422 588 2489 πάντη
631 2419 693 2474 τὸ
746 2417 968 2493 κρύσιον
1028 2418 1118 2472 καὶ
1173 2415 1474 2495 ἄγνωστον,
1532 2419 1816 2493 ἀνώνυμόν
1870 2440 1930 2475 τε

2070 2429 2293 2487 ndivise
2337 2427 2812 2493 considerantur,
2842 2444 2975 2483 cum
3029 2444 3118 2493 ea,
3179 2445 3311 2499 quae
3357 2429 3685 2485 secundum

273 2512 363 2567 καὶ
386 2511 774 2585 ὑπερώνυμον.
809 2510 924 2565 Τοῖ’)
971 2512 1107 2563 Θεοῦ
1163 2510 1266 2586 γὰρ
1322 2510 1459 2582 ἡμῖν
1494 2509 1584 2564 καὶ
1640 2511 1676 2580 ἡ
1728 2513 1927 2587 γνῶσις

2070 2519 2366 2576 essentiam
2388 2522 2548 2585 sunt,
2598 2517 2842 2572 omnino
2891 2517 3200 2573 recondita
3237 2522 3295 2573 et
3350 2519 3686 2590 incompre-

272 2600 364 2655 καὶ
409 2600 447 2666 ἦ
501 2597 726 2666 κλῆσις,
782 2594 873 2650 καὶ
926 2599 1028 2651 πᾶν
1089 2594 1267 2670 ὄνομα
1315 2596 1407 2651 καὶ
1433 2601 1537 2651 πᾶν
1592 2598 1773 2670 νόημα
1832 2595 1931 2652 οὐκ

2070 2624 2250 2673 tensa,
2300 2606 2544 2662 nomine
2591 2605 2876 2661 destituta
2923 2622 2990 2661 ac
3039 2608 3246 2677 quovis
3292 2608 3534 2663 nomine
3565 2607 3688 2662 sint

274 2688 335 2743 ἒχ
431 2691 458 2702 ”
669 2687 681 2707 ⁹
772 2684 785 2705 ’
833 2683 848 2700 ’
971 2683 1152 2741 ἀλλ²ἆ
1252 2690 1281 2702 ⁴
1484 2686 1497 2703 “
1571 2686 1586 2707 ’
1636 2686 1650 2704 ‘
1906 2687 1920 2702 '

390 2708 504 2741 των
562 2707 663 2741 κατ
728 2706 916 2754 αυτον,
1155 2705 1322 2740 κτων
1375 2705 1687 2761 περιαυτον
1719 2692 1932 2742 Φυσικα

2070 2696 2501 2754 .ublimiora.De
2532 2695 2650 2749 Deo
2683 2694 2843 2749 enim
2874 2694 3045 2749 nobis
3088 2695 3286 2751 omnis
3336 2701 3394 2751 et
3427 2696 3683 2769 cognitio

281 2778 380 2851 μὶν
413 2775 511 2830 οὖν
544 2776 633 2829 καὶ
669 2770 913 2845 οὖσιώδη
974 2775 1147 2851 φαμὲν
1205 2772 1293 2828 ἐπὶ
1338 2780 1439 2844 τῆς
1492 2773 1649 2850 ἁγίας
1700 2772 1930 2851 Τριάδος

2070 2792 2105 2842 ιι
2132 2784 2658 2858 appellatio,omne
2684 2799 2904 2837 nomen
2927 2788 2985 2837 et
3013 2799 3189 2838 omne
3211 2784 3529 2855 cogitatum
3561 2799 3684 2840 non

274 2868 378 2936 τήν
456 2864 792 2939 ὖπερςὶγαθον
878 2864 968 2918 καὶ
1046 2864 1356 2939 πανάγαθον
1433 2863 1765 2940 ἆγαθότητα,
1831 2867 1930 2936 τὴν

2070 2893 2118 2931 :x
2149 2875 2221 2930 iis
2248 2890 2380 2945 quae
2410 2871 2739 2927 secundum
2770 2871 2987 2941 ipsum,
3022 2870 3126 2926 sed
3157 2888 3227 2926 ex
3258 2871 3331 2927 iis
3362 2888 3494 2943 quae
3528 2873 3686 2928 circa

277 2952 665 3029 ὖπερδῦναμον
713 2952 805 3006 καὶ
857 2949 1270 3025 παντοδὼαμον
1312 2948 1560 3025 δύναμιν,
1616 2953 1716 3022 τὴν
1771 2950 1932 3028 ὺπέρ-

2070 2979 2239 3037 psum
2256 2966 2416 3025 sunt,
2438 2960 2697 3016 advenit.
2726 2958 3027 3015 Naturalia
3051 2960 3231 3033 igitur
3255 2966 3314 3015 et
3344 2961 3686 3018 essentialia

278 3064 448 3121 σοφον
504 3043 701 3120 σοφίαν
756 3041 846 3095 καὶ
880 3041 1223 3120 ξπάνσοφον,
1275 3041 1337 3096 τὸ
1421 3041 1786 3117 παντουργὸν,
1869 3041 1931 3098 τὸ

2070 3053 2298 3109 licimus
2332 3051 2394 3106 in
2418 3054 2625 3106 soncta
2652 3048 2940 3104 Trinitate
2969 3048 3300 3106 bonitatem
3319 3050 3682 3123 perfectissi-

274 3133 594 3204 ποιητικὸν,
653 3131 717 3187 τὸ
777 3127 1199 3205 δημιουργικὸν,
1262 3131 1325 3185 τὸ
1399 3131 1782 3206 προνοητικὸν,
1867 3132 1930 3186 τὸ

2070 3159 2202 3198 nam
2222 3147 2281 3198 et
2310 3137 2828 3196 transcendentem
2858 3138 3082 3193 bonum
3105 3155 3302 3206 omne,
3352 3140 3685 3211 potentiam

277 3223 593 3280 συνεκτικὸν
656 3222 837 3292 πάσης
892 3219 1141 3290 κτίσεως,
1200 3220 1263 3277 τὸ
1325 3217 1523 3291 ἀίδιον,
1580 3221 1643 3276 τὸ
1672 3219 1927 3296 ζᾶἱχρονον

2070 3231 2516 3289 »οιοῐιῐίδεὶωοω
2546 3233 2606 3285 et
2654 3246 2834 3302 super
2866 3229 3195 3301 potentiam
3249 3231 3556 3300 elevatam,
3588 3249 3687 3289 sa—

274 3313 368 3369 καὶ
427 3312 798 3386 ὐπέρχρονον,
863 3309 926 3364 τὸ
983 3308 1202 3364 αἰώνιον
1257 3309 1348 3364 καὶ
1423 3310 1810 3384 ὑπεραιώνιον,
1868 3311 1932 3365 τὸ

2070 3322 2324 3378 νίθηιίοω
2349 3319 2848 3391 sapientissimam
2878 3324 2937 3374 et
2958 3319 3322 3376 eminentem
3354 3337 3534 3393 super
3557 3337 3684 3377 om-

274 3402 419 3458 κατᾶ
445 3401 651 3478 χρόνον
682 3399 950 3475 ἄναρχον,
981 3400 1045 3454 τὸ
1077 3396 1355 3473 ἄκλειστον,
1408 3399 1473 3455 τὸ
1515 3397 1781 3474 ἀγένητον
1838 3396 1931 3470 (δι’

2070 3411 2283 3476 ιίο,νὶω
2363 3408 2850 3480 omnipotentem,
2918 3408 3288 3477 creatricem,
3351 3408 3679 3476 factricem,

272 3491 400 3552 ἑνὸς
431 3512 458 3544 ν
486 3489 873 3567 γραφόμενον),
921 3488 984 3543 τὸ
1043 3485 1351 3556 ἆτέλευτον,
1401 3488 1464 3543 τὸ
1521 3487 1929 3559 ἂκατάληπτον,

2070 3499 2502 3556 .rocuratricem
2534 3503 2593 3553 et
2635 3497 3131 3552 conservatricem
3181 3498 3474 3553 universm
3529 3515 3688 3553 crea-

273 3583 339 3637 τὸ
402 3580 805 3657 ἀπερίληπτον,
833 3583 897 3635 τὸ
956 3579 1389 3655 ἀπερίγραπτον,
1444 3578 1507 3633 τὸ
1564 3578 1819 3652 ἀόρατον,
1868 3584 1931 3633 τὸ

2070 3585 2749 3660 uraa,sempiternitatem
2772 3602 2807 3640 a
2833 3590 3103 3656 tempore
3134 3591 3427 3641 remotam
3450 3591 3509 3640 et
3538 3591 3685 3641 tem-

276 3671 532 3745 ἄπειρον,
608 3670 673 3724 τὸ
726 3669 861 3742 (me?
914 3672 1087 3723 πᾶσαν
1156 3664 1406 3738 αἴσθησίν
1459 3688 1519 3722 τι
1574 3668 1662 3721 καὶ
1716 3666 1927 3737 νόησιν⁶

2070 3694 2178 3734 ωε
2201 3676 2594 3748 superiorem,
2617 3680 2754 3730 ante
2785 3691 2975 3729 aevum
2999 3680 3056 3729 et
3076 3691 3254 3746 super
3301 3691 3487 3729 aevum
3536 3691 3680 3729 con-

275 3762 456 3815 πάντα
514 3757 582 3828 δὴ
634 3756 827 3821 ἁπλῶς
875 3756 975 3813 ὅσα
1022 3757 1178 3811 κοινᾶ
1231 3758 1323 3812 καὶ
1375 3755 1544 3812 ταύτᾶ
1590 3757 1799 3832 Πατρὸς
1839 3756 1930 3811 καὶ

2070 3769 2326 3830 titutam,
2364 3764 2707 3835 temporalis
2739 3763 2891 3817 initii
2924 3763 3274 3827 carentiam,
3324 3764 3675 3832 increatum,

283 3851 421 3904 Ποῦ
468 3847 558 3902 καὶ
619 3846 781 3922 ἁγίου
834 3847 1170 3920 Ηνεύματος,
1241 3843 1482 3916 οὗσιώδη
1539 3842 1775 3919 λὲγομεν
1841 3843 1929 3899 καὶ

2070 3855 2387 3928 ngenitum,
2422 3851 2888 3919 interminabile,
2922 3850 3683 3922 incomprehensibile,inﬂ-

277 3937 505 4016 pacati,
548 3935 613 3991 οὖ
666 3936 898 4011 κυρίως,
953 3934 1027 3998 ὡς
1087 3935 1204 3991 κατ’
1264 3932 1449 3989 οὐσίαν
1517 3933 1699 3995 αὐτοῖς
1758 3932 1929 4009 ὑπάρ-

2070 3944 2253 4007 ιίιιιω,
2304 3939 2908 4011 iucircumscriptum,
2955 3938 3273 4005 invisibile,
3319 3939 3681 3994 immensum

278 4047 475 4105 χοντα,
524 4025 672 4082 me:
738 4029 1194 4100 καταχρηστικῶς
1255 4024 1328 4086 ὡς
1376 4024 1497 4098 περὶ
1556 4024 1656 4092 τὴν
1749 4021 1932 4078 οὐσίαν

2070 4046 2466 4104 uperomnem
2491 4044 2734 4084 sensum
2746 4033 2805 4083 et
2827 4044 3065 4084 omnem
3081 4028 3499 4101 cogitationem
3520 4032 3684 4082 tran-

274 4126 478 4181 κοινῶς
509 4119 600 4174 καὶ
651 4120 865 4179 ταυτῶς
914 4116 1005 4172 καὶ
1060 4114 1281 4191 ἀμερῶς
1311 4114 1711 4189 ,θεωρούμενα
1772 4113 1934 4172 ’Τπό-

2070 4121 2377 4187 cendens;
2435 4123 2502 4175 ut
2548 4118 2708 4173 brevi
2763 4116 2972 4184 dicam,
3023 4118 3225 4173 omnia
3276 4118 3519 4174 omnino
3554 4134 3686 4188 quae

278 4231 460 4268 στασιν
513 4205 571 4263 δὲ
623 4207 713 4262 καὶ
816 4206 1113 4280 πρόσωπον
1219 4203 1457 4278 λὲγομεν
1528 4200 1751 4258 ἕκαστον
1822 4206 1931 4258 τῶν

2072 4209 2379 4267 ommunia
2395 4208 2721 4278 eademque
2737 4213 2876 4262 sunt
2895 4207 3170 4273 Patris,et
3186 4207 3404 4274 Filii,et
3434 4206 3687 4279 Spiritus

276 4303 468 4375 τριῶν,
498 4298 592 4353 τὸν
624 4296 861 4370 Πατέρα,
922 4296 1013 4350 τὸν
1074 4294 1222 4361 rte»,
1276 4294 1339 4349 τὸ
1395 4297 1635 4367 Πνεῦμα·
1699 4293 1932 4348 ὑποστα-

2070 4300 2251 4367 ancti,
2277 4297 2619 4355 essentialia
2653 4297 2906 4352 dicimus
2939 4301 2996 4351 et
3038 4296 3354 4361 naturalia,
3377 4312 3498 4352 non
3546 4312 3684 4367 pro-

277 4390 403 4445 τικᾶ
458 4386 516 4442 δὲ
575 4386 667 4441 καὶ
734 4388 1063 4461 προσωπικά
1127 4384 1195 4438 τὰ
1258 4383 1383 4459 περὶ
1449 4378 1673 4437 ’ἑκαστον
1708 4382 1930 4447 ,τούτων

2070 4388 2164 4443 ιΐίθ
2186 4392 2469 4456 tanquam
2502 4384 2831 4440 secundum
2868 4385 3188 4439 essentiam
3216 4384 3278 4438 in
3327 4384 3475 4455 ipsis
3530 4382 3686 4439 exsi-

285 4476 610 4549 ἰδιαζόντως
638 4475 975 4550 ὑπάρχοντα,
1006 4474 1106 4543 τὴν
1138 4473 1474 4547 πατρότητα,
1523 4474 1624 4541 τὴν
1683 4470 1931 4542 υἱότητα.

2070 4477 2278 4542 tentia,
2329 4474 2432 4530 sed
2481 4474 2718 4530 abusive
2791 4478 3077 4545 tanquam
3136 4474 3293 4529 circa
3361 4474 3681 4533 essentiam

280 4572 380 4640 τὴν
408 4572 510 4624 τοῦ
541 4567 706 4643 ἁγίου
738 4564 1054 4637 Πνεύματος
1098 4559 1370 4632 ἰδιότητα,
1428 4562 1544 4625 καθ’
1593 4558 1658 4631 ἤν
1720 4557 1934 4631 δηλαδή

2070 4564 2442 4621 ιοωωιιοὶιοι*
2458 4562 2787 4633 eodemque
2810 4560 2984 4617 modo
3015 4567 3191 4633 atque
3216 4560 3466 4619 indivise
3497 4564 3687 4620 consi-

281 4661 345 4715 τὸ
403 4662 627 4730 Πνεῦμα
704 4652 1031 4728 ἐκπορευτὸν
1115 4650 1459 4724 ὀνομάζεται·
1520 4650 1582 4705 τὸ
1641 4650 1928 4723 ἀγέννητον

2070 4653 2270 4708 lerata.
2296 4649 2650 4722 Hypostasin
2692 4665 2827 4704 vero
2859 4654 2918 4704 et
2946 4665 3265 4721 personam
3306 4651 3687 4707 nominamus

280 4745 389 4822 (διὰ
420 4743 519 4800 δῦο
545 4741 893 4822 γραφόμενον
924 4743 992 4813 ν),
1022 4741 1085 4795 τὸ
1136 4734 1392 4816 γεννητὸν
1454 4739 1665 4811 ὁμοίως
1720 4738 1810 4792 καὶ
1867 4738 1931 4793 τὸ

2070 4738 2507 4810 Lnumquodque
2538 4739 2747 4794 horum
2762 4739 2943 4794 trium
2968 4756 2980 4793 :
3008 4740 3266 4807 Patrem,
3289 4738 3526 4809 Filium,
3556 4740 3688 4811 Spi-

282 4834 634 4912 ἱκπορευτὸν,
702 4833 805 4901 τήν
867 4828 1210 4908 ἆγεννησίαν,
1266 4830 1367 4900 τήν
1399 4828 1676 4903 γέννησιν,
1708 4828 1797 4882 καὶ
1832 4828 1931 4897 τήν

2070 4830 2259 4895 itum;
2306 4827 2676 4902 hypostatica
2725 4833 2782 4883 et
2821 4826 3157 4900 personalia
3213 4831 3412 4884 autem
3447 4844 3516 4883 ea
3554 4844 3685 4898 quas

281 4926 621 5001 ξκπόρευσιψ
651 4921 745 4976 καὶ
795 4924 963 4975 ταῦτα
1023 4918 1085 4974 οὐ
1138 4918 1567 4993 μεταπίπτοντα,
1616 4915 1743 4972 ἀλλ’
1793 4913 1928 4971 ’ἑκα-

2070 4919 2199 4975 irca
2214 4933 2702 4989 unumquemque
2732 4918 2943 4973 horum
2963 4917 3199 4989 proprie
3220 4923 3278 4971 et
3308 4916 3688 4989 peculiariter

279 5036 400 5070 στον
460 5011 697 5081 ἑκάστης
755 5008 1105 5070 ὑποστάσεως
1159 5007 1570 5079 ἆμετακινήτως
1626 5004 1716 5059 καί
1764 5004 1930 5060 ἀνυπ-

2070 5006 3167 5080 Lxsistunt,paternitatem,ﬁliationem
3196 5011 3255 5060 et
3275 5006 3528 5076 Spiritus
3559 5019 3684 5057 san-

274 5101 572 5163 αλλᾶκτως
606 5093 1103 5175 χαρακτηριστικδν
1134 5091 1345 5168 ἰδίωμά
1371 5115 1428 5149 τε
1484 5094 1573 5148 καὶ
1621 5092 1925 5170 γνώρισμα’

2078 5099 2117 5153 ti
2149 5097 2594 5170 prOprietatem,
2622 5094 2951 5151 secundum
2991 5111 3168 5164 quam
3207 5094 3457 5165 Spiritus
3478 5108 3687 5164 proce-

270 5196 368 5249 τοῦ
420 5188 638 5265 [ἰατρὸς
689 5186 789 5256 τὴν
846 5182 1188 5261 ἀγεννησίαν,
1248 5183 1332 5237 δτι
1384 5183 1459 5255 μὴ
1509 5176 1568 5236 ἔκ
1617 5201 1788 5250 τινος,
1837 5180 1927 5235 καὶ

2070 5188 2187 5242 lens
2210 5184 2571 5258 appellatur;
2595 5183 2945 5257 ingenitum,
2965 5182 3226 5256 genitum
3258 5187 3315 5236 et
3334 5180 3685 5252 procedens.

272 5280 394 5338 οὔτε
449 5285 549 5337 τοῦ
620 5279 753 5334 Υίοῦ
812 5272 936 5332 οὔτε
995 5277 1094 5330 τοῦ
1145 5277 1477 5347 Πνεύματος·
1537 5277 1635 5327 τοῦ
1665 5272 1799 5326 Υἱοῦ
1826 5271 1927 5340 τὴν

2071 5276 2156 5331 ive
2190 5273 2734 5337 innascibilitatem,
2762 5272 3205 5343 generationem
3253 5274 3313 5324 et
3349 5269 3687 5340 processio-

273 5371 538 5450 γέννησιν,
569 5367 665 5424 καὶ
697 5362 822 5422 οὔτε
849 5369 946 5421 τοῦ
1005 5364 1213 5438 [ἰατρὸς
1264 5359 1390 5417 οὔτε
1433 5364 1530 5417 τοῦ
1589 5360 1923 5434 Πνεῦματος·

2070 5380 2178 5419 ιοω
2198 5381 2210 5431 ;
2231 5378 2417 5433 eaque
2434 5377 2553 5416 non
2573 5359 2946 5416 concidentia
2959 5375 3025 5413 ac
3044 5357 3318 5413 nutantia
3339 5374 3467 5412 esse
3490 5356 3689 5412 statui-

274 5446 447 5539 μόνος
500 5462 607 5537 γὰρ
668 5458 729 5514 ἑκ
764 5460 861 5513 τοῦ
918 5455 1130 5533 [ἰατρὸς
1179 5454 1456 5531 γεννητὸς,
1489 5451 1574 5508 διὸ
1619 5452 1711 5507 καὶ
1761 5472 1924 5524 μονο-

2070 5451 2305 5520 aus,sed
2321 5449 2639 5520 cujuslibet
2655 5463 2927 5517 personae
2946 5446 3413 5518 uuumquodque
3436 5462 3683 5504 manere

341 5613 425 5685 (It)
457 5610 547 5670 Cf.
578 5607 880 5669 Petam!»
908 5605 1186 5669 Trinitato
1205 5601 1429 5686 ~libJV,
1452 5604 1707 5663 Promm.
1744 5617 1809 5661 ιι.
1831 5605 1865 5657 2
1892 5616 2018 5673 seq.
