4062 6202
349 369 464 434 179

1617 341 1930 408 ΝῙΟΕΤΕ
1977 341 2514 409 MARONIENSIS

3659 318 3790 406 ieo‘

355 503 604 560 immote
635 497 696 552 et
724 491 853 550 sine
865 485 1304 564 permutatione
1325 482 1448 539 ulla
1467 477 2010 538 characteristicam
2041 505 2055 544 Α

2176 475 2425 538 κός-τοῦ
2449 483 2764 552 Πνευματος
2794 481 2895 549 τὴν
2954 475 3298 553 ἔκπόρευσιν,
3353 477 3444 532 καὶ
3500 472 3627 532 οὔτε
3681 479 3782 532 τοῦ

359 597 422 649 et
440 586 817 646 discretivam
837 578 1350 654 proprietatem,et
1376 571 1568 627 Patris
1589 569 1828 642 quidem
1852 568 2016 622 inna.

362 677 765 740 scibilitatem,
789 669 931 742 quia
964 684 998 722 a
1022 665 1185 721 nullo
1223 669 1332 726 est,
1367 675 1618 730 eamque
1648 673 1840 728 neque
1880 657 2014 711 Filii

2124 566 2334 640 Πατρὸς
2391 565 2514 624 οὔτε
2571 572 2668 624 τοῦ
2715 567 2868 622 Υίοῦ·
2925 570 3091 641 μόνον
3117 567 3217 642 γὰρ
3262 566 3325 622 τὸ
3357 569 3579 640 Πνεῦμα
3605 565 3775 622 ἐκποο

2127 675 2332 728 ρευτον.

361 784 492 825 esse
522 778 716 834 neque
748 757 1000 832 Spiritus
1026 771 1038 809 :
1073 752 1208 808 Filii
1238 748 1704 823 generationem,
1729 761 1859 816 quae
1891 760 2084 816 neque
2117 747 2306 801 Patris
2337 753 2425 802 est
2443 765 2636 820 neque
2665 750 2916 822 Spiritus
2943 765 2958 815 ;
2983 748 3147 804 solus
3173 749 3333 806 enim
3367 753 3458 804 est
3504 764 3576 803 ex
3605 749 3784 803 Patre

364 857 598 931 genitus
631 868 645 918 ;
669 864 850 922 quare
882 852 942 901 et
971 841 1320 912 Unigenitus
1351 857 1366 906 ;
1400 835 1653 910 Spiritus
1678 835 2142 906 processionem,
2166 851 2296 906 qua:
2328 853 2521 910 neque
2551 839 2742 895 Patris
2764 844 2854 895 est
2883 855 3076 910 neque
3098 837 3250 906 Filii,
3279 836 3438 894 solus
3471 837 3631 893 enim
3649 837 3785 910 Spi-

365 947 515 1003 ritus
542 945 781 998 sanctus
813 941 902 992 est
929 931 1276 1006 procedens.

440 1037 494 1089 3.
528 1031 680 1086 LAT.
749 1024 898 1093 Quid
938 1037 1075 1095 ergo
1109 1020 1138 1076 ‘I
1173 1019 1317 1074 Cum
1370 1015 1668 1088 ingenitus
1713 1012 1792 1066 sit
1825 1013 2018 1081 Pater,

2197 1013 2258 1088 γ’.
2321 1017 2486 1073 ΛΑΤ.
2537 1015 2602 1073 Τί
2649 1015 2778 1084 οῦν;
2835 1011 3024 1085 ἐπειδή
3085 1012 3394 1090 ἀγέννητον,
3446 1012 3532 1069 ὅτι
3588 1015 3666 1088 μή
3719 1008 3788 1069 ἔκ

371 1113 511 1197 quia
539 1138 574 1176 a
602 1117 770 1174 nullo
803 1118 912 1182 est,
946 1118 1006 1166 et
1033 1111 1148 1166 hoc
1180 1106 1363 1197 ipsius
1389 1105 1465 1160 sit
1486 1101 1818 1175 proprium,
1873 1115 2019 1156 num

2176 1124 2299 1174 νος,
2347 1104 2375 1159 6
2434 1107 2621 1181 Πατήρ
2672 1106 2763 1161 καὶ
2819 1109 2982 1161 τοῦτο
3021 1100 3168 1160 ’ἰδιον
3213 1101 3400 1175 αὐτοῦ,
3462 1099 3552 1158 διὰ
3605 1107 3788 1158 τοῦτο

369 1196 591 1270 idcirco
617 1205 769 1262 nihil
799 1202 912 1260 erit
942 1217 1013 1255 ex
1043 1199 1171 1270 ipso
1196 1196 1225 1252 Ἰ

443 1303 555 1359 GR.
579 1301 802 1356 Revera
823 1298 880 1349 et
901 1289 1200 1363 ingenitus
1231 1288 1406 1342 Pater
1431 1287 1520 1340 est
1541 1287 1599 1338 et
1627 1297 1749 1336 non
1781 1296 1852 1336 ex
1875 1278 2022 1346 ullo;

374 1389 480 1451 sed
501 1406 575 1445 ex
594 1387 726 1460 ipso
747 1379 1040 1457 processit
1070 1383 1197 1434 tum
1226 1374 1434 1440 Filius,
1464 1377 1591 1428 tum
1613 1370 1888 1442 Spiritus.

449 1571 605 1628 LAT.
629 1564 781 1633 Quid
811 1577 946 1618 vero
967 1560 995 1616 Ἰ
1025 1560 1169 1614 Cum
1225 1553 1560 1628 progressio
1617 1549 1892 1622 quaedam
1949 1547 2026 1602 sit

2132 1189 2256 1248 οὐδὲ
2285 1191 2334 1262 ἐξ
2367 1195 2538 1250 αὐτοῦ
2565 1215 2618 1250 τι
2649 1189 2798 1249 ἔσται
2834 1216 2850 1262 ;

2206 1289 2306 1340 ΓΡ.
2340 1284 2438 1340 Καὶ
2474 1285 2583 1358 μὴν
2613 1285 2703 1339 καὶ
2733 1283 3029 1360 ἀγέννητος
3079 1284 3107 1338 6
3166 1283 3354 1356 Πατήρ
3411 1282 3502 1338 καὶ
3559 1281 3659 1338 οὐκ
3719 1277 3788 1339 ἔκ

2131 1391 2300 1436 τινος·
2352 1371 2480 1428 ἀλλ’
2533 1373 2582 1444 ἐξ
2640 1372 2805 1429 αὗτοῦ
2868 1370 3245 1447 προελήλυθεν
3297 1372 3326 1426 6
3383 1372 3508 1435 Υἱὸς
3565 1370 3658 1427 καὶ
3715 1372 3789 1428 τὸ

2135 1465 2376 1534 Πνεῦμα.
3138 1501 3146 1508 .

2209 1554 2371 1610 ΛΛΤ.
2403 1551 2469 1610 Τί
2498 1549 2555 1608 δέ
2589 1569 2602 1620 ;
2635 1551 2748 1608 ἐπεὶ
2779 1551 2870 1607 καὶ
2913 1549 3152 1626 πρόοδός
3203 1551 3288 1612 τίς
3345 1547 3488 1606 ἐστιν
3539 1551 3633 1606 ἀπ’
3681 1549 3790 1606 αῦ-

385 1657 458 1716 ab
489 1659 644 1730 ipso,
674 1651 941 1709 haeccine
973 1652 1064 1704 est
1094 1663 1164 1701 ea
1193 1641 1510 1702 uniformis
1563 1646 1623 1696 et
1650 1639 1877 1710 absque
1907 1635 2032 1692 ulla

2176 1645 2256 1712 οῦ,
2288 1638 2390 1717 ἄρα
2422 1642 2762 1718 μονότροπος
2793 1639 2928 1711 αὕτη
2961 1639 3053 1696 καὶ
3083 1637 3381 1714 ἀδιάφορος
3408 1658 3422 1709 ;

387 1745 722 1806 diﬂ'erentia
740 1744 770 1798 ‘i

463 1840 575 1892 GR.
606 1834 866 1890 Minime.
891 1831 1053 1885 'Nam
1094 1826 1364 1882 diversus
1392 1827 1482 1878 est
1512 1820 1725 1877 modus
1763 1833 2037 1890 progres-

395 1926 580 1984 sionis
608 1929 668 1980 et
686 1922 948 1976 diversas
968 1931 1254 1989 personas
1284 1908 1864 1968 manifestans.Alius
1881 1906 2042 1963 enim

399 2019 494 2071 est
521 2011 736 2068 modus
766 2002 1224 2080 progressionis,
1243 2000 1570 2057 secundum
1591 2013 1770 2068 quem
1801 2012 1872 2051 ex
1915 1995 2043 2066 ipso

399 2108 490 2161 est
508 2101 732 2166 Filius;
765 2103 823 2153 et
869 2095 966 2150 hic
1019 2091 1324 2166 generatio
1375 2087 1748 2161 appellatur;
1781 2091 1840 2140 et
1895 2084 2046 2140 alius

399 2191 634 2255 modus,
667 2185 999 2244 secundum
1043 2197 1222 2254 quem
1264 2179 1516 2251 Spiritus
1566 2194 1637 2232 ex
1681 2193 1749 2230 eo
1807 2172 2045 2246 prodire

394 2281 614 2338 dicitur
645 2295 659 2342 ;
683 2279 925 2331 vocatur
952 2288 1087 2328 vero
1113 2270 1212 2326 hic
1245 2267 1562 2340 processio.
1612 2267 1870 2334 Uterque
1899 2278 2036 2317 vero

397 2368 609 2424 modus
631 2363 961 2420 secundum
991 2358 1413 2426 substantiam,
1444 2371 1566 2410 non
1598 2353 1738 2425 quia
1767 2351 2044 2406 differen-

397 2458 543 2514 tiam
573 2451 924 2510 substautiae
942 2447 1227 2520 praabent,
1261 2460 1466 2516 apage,
1501 2442 1604 2498 sed
1635 2442 1776 2513 quia
1804 2457 1876 2496 ex
1907 2439 2042 2494 sub-

400 2544 620 2602 stantia
649 2540 840 2597 Patris
867 2545 992 2594 tum
1013 2536 1432 2604 Filius,verum
1462 2547 1568 2603 per
1587 2529 2050 2602 generationem,

400 2650 541 2690 cum
571 2630 844 2704 Spiritus,
874 2642 1081 2682 verum
1112 2641 1216 2696 per
1243 2621 1712 2694 processionem,
1739 2623 1796 2675 et
1827 2630 1947 2672 non
1976 2616 2048 2672 ab

403 2731 716 2792 extra,non
749 2737 820 2776 ex
851 2715 1057 2785 nihilo,
1083 2711 1591 2788 quemadmodum
1623 2717 1934 2766 creaturae.
1983 2711 2054 2763 Et

405 2815 620 2871 Filium
651 2809 894 2882 quidem
921 2809 1094 2862 Pater
1128 2803 1346 2860 dicitur
1401 2816 1708 2874 generare,
1767 2799 2052 2870 Spiritum

401 2907 603 2959 autem
619 2897 839 2954 dicitur
853 2893 1182 2966 producere
1215 2889 1307 2945 vel
1337 2886 1816 2957 emittere(i),vel
1846 2885 2050 2941 nescio

405 2985 702 3063 quomodo
727 2985 924 3056 aptius
946 2987 1003 3037 et
1024 2978 1528 3036 accommodatius
1555 2976 1770 3033 dicam.
1797 2977 2052 3044 Uterque

402 3095 538 3135 vero
565 3075 784 3133 mndus
813 3071 1120 3145 proprium
1173 3084 1395 3123 nomen
1443 3065 1688 3121 sortitus
1737 3069 1844 3134 est,
1895 3063 2053 3134 quod

409 3167 664 3241 Spiritus
685 3167 924 3220 sanctus
943 3159 1140 3232 posuit
1175 3174 1188 3222 ;
1222 3156 1392 3212 nobis
1423 3159 1622 3210 autem
1652 3169 1775 3208 non
1809 3168 2052 3224 perspe-

414 3263 544 3315 ctus
586 3261 762 3326 atque
804 3245 1426 3321 incomprehensibilis
1457 3249 1566 3312 est,
1599 3248 1658 3298 et
1698 3242 1857 3313 quod
1905 3241 2057 3298 alius

410 3348 486 3404 sit
508 3348 640 3412 iste,
667 3344 820 3400 alius
855 3340 975 3410 ille,
1009 3356 1080 3394 ex
1128 3338 1203 3392 iis
1232 3335 1644 3408 cognoscimus
1675 3350 1804 3404 qua:
1829 3333 2059 3388 diverso

407 3437 586 3494 modo
618 3435 689 3490 de
736 3438 991 3502 utroque
1033 3429 1333 3484 dicuntur.
1397 3424 1540 3490 Quis
1589 3439 1723 3477 vero
1772 3427 1830 3478 et
1867 3421 2062 3492 qualis

407 3531 658 3596 uterque
695 3522 774 3576 sit
801 3527 857 3575 et
887 3532 1166 3589 quasnam
1202 3531 1408 3570 eorum
1441 3511 1794 3579 differentia,
1829 3527 1861 3566 a
1881 3509 2066 3564 Trini-

409 3621 528 3672 tate
561 3613 690 3668 sola
717 3608 1093 3681 cognoscitur
1125 3625 1139 3674 ;
1174 3604 1324 3660 nihil
1353 3602 1514 3659 enim
1544 3600 1617 3658 de
1665 3601 1758 3656 his
1805 3599 2063 3672 amplius

413 3721 483 3760 ex
513 3701 728 3758 divinis
755 3695 1016 3753 oraculis
1048 3693 1377 3751 indicatum
1424 3695 1531 3746 est.
1565 3691 1656 3744 An
1683 3705 1821 3744 vero
1852 3693 1916 3743 tu
1944 3702 2064 3742 non

417 3793 503 3849 ita
532 3789 685 3847 dicis
717 3789 746 3844 ‘I

491 3881 646 3937 LAT.
677 3879 764 3933 Ita
792 3875 950 3931 dico.
985 3872 1051 3928 In
1071 3871 1165 3928 his
1197 3870 1358 3926 enim
1381 3869 1488 3924 tibi
1527 3867 1834 3924 consentio
1876 3865 2063 3920 idem-

419 3987 532 4045 que
564 3983 796 4025 censeo.
819 3965 948 4020 Jam
979 3978 1115 4016 vero
1157 3961 1450 4015 intremus
1479 3958 1540 4012 in
1565 3957 1753 4029 ipsam
1788 3953 2065 4027 quaestio-

416 4043 556 4118 nem
587 4063 767 4128 atque
800 4046 1861 4119 controversiam,perpendamusque
1891 4043 1972 4112 id,
2003 4043 2067 4098 in

415 4166 534 4223 quo
557 4147 714 4203 inter
736 4159 846 4198 nos
871 4142 945 4196 lis
969 4146 1058 4195 est
1079 4143 1138 4193 et
1159 4138 1219 4192 in
1237 4149 1353 4208 quo
1368 4135 1440 4191 ab
1456 4135 1708 4190 invicem
1727 4132 2066 4188 dividimur.

415 4221 760 4312 l‘nquiratur
790 4235 1016 4303 itaque,
1043 4234 1244 4285 utrum
1267 4231 1537 4298 oporteat
1557 4224 1756 4279 dicere
1785 4221 2068 4294 Spiritum

418 4346 492 4384 ex
514 4311 690 4382 Patre
721 4319 1044 4396 procedere
1074 4317 1223 4384 solo,
1246 4333 1322 4372 an
1353 4315 1533 4370 etiam
1565 4328 1700 4369 eum
1747 4311 2069 4384 procedere

421 4433 496 4474 ex
530 4414 694 4470 Filio.

741 4497 1014 4553 videlicet
1043 4497 1167 4568 ipse
1195 4495 1450 4568 Spiritus
1480 4498 1721 4548 sanctus
1761 4507 1868 4563 per
1915 4491 2071 4546 Scri-
2105 4466 2146 4530 θ

425 4608 605 4666 puras
626 4587 908 4646 divinitus
949 4586 1266 4657 inspiratas
1301 4583 1604 4650 revelavit,
1631 4588 1691 4637 et
1720 4581 1907 4636 sancti
1958 4581 2068 4634 Pa-

423 4688 546 4737 tres
575 4685 754 4750 atque
771 4675 1048 4731 Ecclesiae
1073 4673 1340 4746 magistri
1363 4688 1470 4743 per
1487 4677 1760 4726 sanctum
1783 4669 2065 4742 Spiritum

422 4772 640 4830 initiati
667 4767 1014 4840 evangelicae
1031 4771 1088 4820 et
1109 4762 1447 4836 apostolicae
1479 4761 1763 4816 doctrinm
1794 4761 2070 4834 dogmata

420 4862 621 4921 iusuis
644 4856 925 4916 divinitus
946 4852 1250 4926 inspiratis
1305 4849 1778 4906 institutionibus
1807 4849 2067 4905 tradide-

419 4956 592 5018 runt;
625 4963 822 5018 neque
852 4950 1029 5000 recta;
1051 4948 1109 4999 et
1131 4943 1244 5014 pias
1273 4939 1584 4996 sententiae
1605 4938 1723 4994 ullo
1737 4939 1912 4993 modo
1929 4938 2072 5009 quid

419 5041 802 5104 adversatur;
835 5049 1031 5106 neque
1055 5032 1245 5087 ullum
1272 5029 1491 5086 exinde
1531 5027 1926 5098 consequitur
1966 5028 2070 5083 ab-

425 5129 693 5188 surdum.

494 5220 648 5278 LAT.
682 5216 785 5272 Dic
832 5229 1021 5271 unum
1071 5211 1392 5268 alterumve
1441 5225 1514 5265 ex
1548 5207 1714 5280 ipsis,
1759 5211 1827 5264 ut
1869 5211 1927 5263 et
1968 5223 2071 5280 ego

424 5321 796 5381 cognoscam.

495 5441 608 5511 (l0)
640 5439 1058 5511 Oblitteratum
1091 5436 1156 5511 in
1187 5435 1318 5511 cod.
1353 5436 1479 5511 Vat.

501 5504 613 5581 (Η)
645 5511 867 5566 Desunt
893 5509 1094 5580 aliqua
1123 5507 1185 5562 in
1220 5509 1342 5563 Vat.
1378 5523 1435 5578 p.
1469 5508 1520 5575 3,
1545 5506 1626 5570 b.,
1661 5519 1793 5576 quia
1817 5504 1912 5559 hic
1939 5518 2070 5574 sup.

2220 1834 2327 1904 ΓΡ,
2354 1831 2468 1890 Οὐκ
2498 1826 2640 1888 ἔστιν
2675 1832 2905 1905 (10)·καῖ
2933 1832 3036 1908 γὰρ
3069 1832 3097 1886 6
3133 1830 3338 1905 τρόπος
3390 1835 3492 1900 τῆς
3538 1827 3790 1906 προόδου

2152 1919 2414 1999 διάφορος
2501 1922 2594 1977 καὶ
2671 1918 2944 2000 διαφόρων
3033 1918 3342 1995 προσώπων
3451 1917 3800 1992 ἐκφαντικός.

2151 2009 2365 2072 ’Δλλος
2419 2011 2524 2086 γὰρ
2582 2009 2724 2066 ἐστιν
2780 2013 2808 2065 6
2857 2009 3062 2085 τρόπος
3107 2015 3207 2078 τῆς
3235 2005 3498 2083 προόδου,
3529 2006 3730 2065 καθ’ὅν
3768 2008 3801 2064 6

2154 2100 2278 2160 Υἱὸς
2352 2097 2401 2169 ἐξ
2484 2100 2674 2169 αὐτοῦ,
2762 2099 3010 2175 γέννησις
3073 2097 3637 2174 προσαγορευόμενος,
3704 2097 3802 2152 καὶ

2155 2184 2327 2250 ἄλλος
2362 2188 2389 2242 6
2444 2187 2672 2262 τρόπος,
2730 2188 2850 2242 καθ’
2906 2186 2964 2242 ’ὸν
3021 2187 3084 2242 τὸ
3117 2190 3337 2260 Πνεῦμα
3384 2185 3432 2256 ἐξ
3465 2186 3635 2241 αὐτοῦ
3660 2205 3806 2260 προ-

2157 2277 2408 2352 ἑρχεσθαι
2467 2275 2706 2353 λέγεται·
2760 2273 3009 2331 καλεῖται
3060 2272 3117 2330 δὲ
3171 2276 3262 2330 καὶ
3306 2275 3466 2337 οὗτος
3525 2272 3804 2350 ἑκπὸρευ-

2159 2387 2260 2428 σις.
2311 2363 2642 2445 ’Λμφότεροι
2697 2362 2754 2420 δὲ
2807 2367 2926 2420 κατ’
2991 2364 3200 2434 οὐσίαν,
3249 2363 3361 2442 οὐχ
3398 2364 3482 2420 ὅτι
3541 2361 3806 2442 διαφορὰν

2159 2457 2351 2517 οὐσίας
2407 2456 2768 2534 παρέχουσιν,
2827 2453 3022 2529 ἄπαγε,
3053 2452 3181 2510 ἀλλ’
3239 2453 3325 2509 ὅτι
3370 2451 3430 2508 ὲκ
3459 2461 3559 2524 τῆς
3614 2452 3805 2510 obuia:

2156 2549 2253 2599 τοῦ
2311 2544 2524 2618 Πατρὸς
2579 2542 2670 2598 καὶ
2731 2544 2760 2598 6
2815 2543 2963 2612 Υἱὸς,
3019 2541 3167 2599 ἀλλὰ
3221 2547 3518 2621 γεννητῶς,
3591 2543 3681 2598 καὶ
3737 2545 3806 2600 τὸ

2161 2630 2398 2705 Πνεῦμα,
2460 2629 2587 2686 ἀλλ’
2642 2630 3002 2706 ἐκπορευτῶς,
3057 2631 3148 2688 καὶ
3198 2631 3298 2686 οὐκ
3353 2627 3544 2704 ἔξωθεν
3601 2630 3662 2688 ἐκ
3704 2635 3808 2689 τοῦ

2165 2723 2242 2795 μὴ
2309 2743 2466 2783 οντος
2524 2721 2764 2796 καθάπερ
2813 2721 2880 2776 τὰ
2943 2721 3236 2794 κτίσματα.
3275 2720 3372 2778 Καὶ
3430 2723 3523 2777 τὸν
3555 2721 3652 2795 μὲν
3683 2722 3808 2777 ria»

2159 2813 2343 2888 γεννᾷν
2377 2809 2406 2864 6
2456 2809 2642 2886 Πατὴρ
2695 2809 2934 2886 λέγεται,
2993 2811 3054 2864 τὸ
3115 2807 3174 2865 δὶ
3229 2815 3448 2884 Πνεῦμα
3478 2805 3812 2884 ’προϐάλλε-

2165 2911 2284 2962 σθαι
2315 2898 2350 2968 ἦ
2383 2896 2654 2954 πιοίεσθαι
2687 2899 2722 2970 ἢ
2754 2897 2854 2954 οὐκ
2910 2896 3017 2954 οἶδ’
3073 2900 3224 2960 ὅπως
3281 2899 3388 2974 ἐρῶ
3446 2897 3815 2978 προσφυεστε-

2165 3010 2280 3065 ρον.
2316 2989 2598 3063 Ἐκάτερος
2631 2985 2690 3044 δὲ
2715 2989 2920 3062 τρόπος
2981 2987 3121 3044 ἰδίου
3177 2991 3270 3063 μὲν
3323 2989 3622 3068 τετύγηκεν
3681 2990 3810 3046 ὀνό-

2169 3098 2358 3151 ματος,
2400 3077 2430 3133 6'
2481 3079 2542 3134 τὸ
2592 3082 2811 3152 Πνεῦμα
2864 3081 2928 3135 τὸ
2959 3078 3110 3156 ἅγιον
3167 3077 3338 3144 ἔθετο.
3370 3081 3506 3154 ἡμῖν
3543 3078 3600 3136 δὲ
3630 3080 3814 3157 ἃγνω-

2167 3168 2290 3228 στός
2345 3188 2405 3223 τε
2468 3167 2558 3221 καὶ
2609 3166 3014 3239 ἅκατάληπτος·
3075 3168 3165 3224 καὶ
3219 3170 3306 3225 ὃτι
3355 3169 3383 3224 6
3417 3171 3511 3243 μὶν
3541 3167 3750 3246 ἕτερος,
3785 3172 3816 3227 6

2166 3255 2221 3312 δὲ
2251 3253 2454 3332 ἕτερος,
2486 3255 2547 3312 ὲκ
2573 3262 2680 3312 τῶν
2738 3257 2862 3332 περὶ
2919 3257 3176 3334 ἑκατέρου
3235 3255 3512 3334 διαφόρως
3571 3259 3810 3336 λεγομέ-

2167 3368 2275 3402 νων
2305 3347 2670 3422 γινώσκομεν.
2703 3345 2800 3410 Τίς
2833 3344 2890 3402 δὲ
2914 3347 3004 3402 καὶ
3035 3348 3228 3410 ὁποῖος
3257 3347 3532 3424 ἑκάτερος,
3590 3349 3682 3404 καὶ
3732 3349 3820 3413 τίς

2169 3439 2204 3506 ἡ
2239 3435 2494 3514 διαφορὰ,
2547 3435 2618 3511 τῇ
2674 3434 2865 3512 Τριάδι
2920 3439 3060 3513 μόνῃ
3117 3438 3463 3516 γινώσκεται’
3523 3435 3817 3516 οὐδὲνγὰρ

2170 3525 2340 3582 πλὲον
2371 3528 2506 3599 ἡμῖν
2529 3526 2652 3602 περὶ
2681 3525 2889 3582 τούτων
2931 3525 2992 3583 ἐκ
3020 3533 3130 3583 τῶν
3186 3528 3344 3582 θείων
3401 3527 3607 3606 λογίων
3665 3528 3826 3584 hmi-

2171 3636 2387 3695 φασται.
2421 3618 2490 3673 Ἴ]
2527 3617 2638 3692 οὐχ
2668 3615 2842 3679 οὕτως
2881 3616 2990 3694 φῂς
3020 3617 3110 3674 καὶ
3141 3617 3301 3681 αὖτός
3333 3636 3346 3687 ;
3393 3655 3401 3660 ·

2246 3881 2410 3937 ΛΑΤ.
2463 3879 2645 3952 Φημί,
2711 3878 2974 3958 σύμφρων
3007 3879 3108 3956 γὰρ
3141 3879 3229 3935 ἐπὶ
3281 3881 3501 3944 τούτοις
3553 3881 3667 3953 εἶμί
3739 3901 3831 3937 σοι

2176 3969 2264 4022 καὶ
2325 3965 2610 4041 ὁμόδοξος.
2663 3965 2805 4036 Ἤδη
2860 3965 2918 4023 δὲ
2965 3962 3348 4042 εἷσϐἆλλωμεν
3397 3968 3486 4024 ἐπὶ
3535 3970 3599 4024 τὸ
3646 3969 3827 4050 ἀμφι-

2177 4051 2526 4130 ϐαλλόμενον
2561 4056 2649 4110 καὶ
2689 4055 3052 4129 ζητούμενον,
3085 4057 3171 4111 καὶ
3201 4057 3324 4133 περὶ
3355 4057 3384 4112 ὁ
3431 4058 3594 4131 μέσον
3650 4061 3819 4132 ἡμῶν

2177 4147 2213 4215 ἡ
2247 4143 2501 4222 διαφορὰ,
2532 4145 2622 4200 καὶ
2655 4142 2722 4200 δι’
2772 4145 2801 4200 ’ὀ
2857 4151 3004 4222 τάχα
3060 4147 3150 4200 καὶ
3209 4143 3552 4220 διιστάμεθα.
3606 4149 3828 4206 Οὐκοῦν

2183 4235 2472 4304 ζητείσθω,
2521 4233 2749 4310 πότερον
2810 4235 2992 4314 χρεὼν
3049 4233 3228 4312 λέγειν
3286 4235 3348 4292 τὸ
3378 4237 3594 4310 Ονεῦμα
3636 4237 3698 4292 ἐκ
3726 4242 3830 4294 τοῦ

2182 4323 2393 4400 Πατρὸς
2425 4323 2808 4398 ἐκπορεύεσθαι
2829 4325 3016 4397 μόνου,
3039 4325 3074 4394 ἢ
3105 4325 3198 4380 καὶ
3229 4322 3289 4380 ἐκ
3315 4329 3413 4381 τοῦ
3442 4327 3592 4384 Υἱοῦ.

2251 4509 2358 4564 ΓΡ.
2388 4506 2454 4562 ⁶Ο
2513 4501 2729 4574 δηλαδὴ
2789 4505 2880 4561 καὶ
2937 4505 3070 4562 αὐτὸ
3119 4506 3182 4561 τὸ
3210 4509 3428 4581 Πνεῦμα
3457 4507 3520 4563 τὸ
3551 4507 3708 4584 ἃγιον
3742 4506 3836 4566 διὰ

2179 4599 2287 4649 τῶν
2347 4593 2715 4648 θεοπνεύστων
2761 4598 2988 4674 Γραφῶν
3051 4593 3348 4668 ἐξεκάλυψε
3399 4595 3490 4651 udi
3548 4597 3602 4651 οἱ
3678 4595 3836 4672 ἃγιοι

2180 4684 2417 4758 Πατέρες
2475 4683 2566 4737 καὶ
2613 4689 2712 4751 vi:
2771 4681 3102 4753 Ἐκκλησῖας
3159 4680 3482 4739 διδάσκαλοι
3558 4681 3648 4739 διὰ
3732 4689 3838 4742 τοῦ

2179 4770 2340 4846 ἁγίου
2401 4776 2715 4843 Πνεύματος
2779 4772 3072 4845 μυηθέντες
3127 4773 3194 4827 τὰ
3277 4779 3379 4843 τῆς
3459 4772 3837 4850 εὐαγγελικῆς

2180 4861 2270 4914 καὶ
2329 4859 2700 4930 ἆποστολικῆς
2753 4862 3010 4931 (πίστεως
3072 4858 3366 4936 δόγματα),
3423 4864 3536 4935 (ii)
3597 4862 3648 4916 ἐν
3708 4883 3835 4926 ταις

2182 4951 2385 5006 ἑαυτῶν
2469 4952 2847 5012 θεοπνεύστοις
2921 4947 3300 5014 διδασκαλίαις
3383 4947 3832 5024 παραδεδώκασι·

2181 5038 2271 5093 καὶ
2300 5036 2452 5094 οὐδὲν
2479 5041 2590 5112 (12)
2619 5044 2700 5112 τῷ
2729 5038 2874 5115 όρθῷ
2905 5039 3056 5116 λόγῳ
3103 5039 3195 5095 καὶ
3253 5033 3462 5094 εὐσεϐεῖ
3501 5042 3618 5094 κατ’
3672 5037 3838 5096 οὐδὲν

2182 5123 2676 5198 ἠναντίωται,οὕτε
2709 5127 2816 5202 μὴν
2877 5124 2994 5202 ἔχει
3050 5149 3105 5184 τι
3154 5129 3534 5202 παρεπόμενον
3588 5127 3832 5186 ἄτοπον.

2255 5219 2410 5276 ΛΑΤ.
2445 5212 2676 5274 Ἀλλ’ἐν
2703 5215 2842 5291 γὲτι
2881 5218 3104 5294 φράσον.
3168 5214 3262 5272 ἵνα
3314 5221 3428 5294 γνῶ
3483 5217 3575 5272 καὶ
3631 5217 3840 5282 αὐτός.

2179 5428 2402 5502 plenda
2430 5431 2624 5502 erant.

2253 5503 2363 5572 (12)
2397 5501 2522 5556 Vat.
2557 5495 2710 5554 οὐδὲ.

501 5637 568 5709 (ἰ)
590 5638 806 5693 Vocem
837 5628 1244 5706 προϐάλλεσθαι
1276 5649 1398 5690 non
1427 5632 1748 5706 passivum,
1771 5629 1876 5687 sed
1895 5627 2161 5686 medium
2189 5627 2285 5683 hic
2312 5641 2440 5683 esse
2473 5625 2780 5683 declarant
2807 5625 3024 5682 Nicetaa
3057 5623 3176 5684 alia
3202 5619 3626 5699 verba,quibns
3659 5642 3856 5684 sensu

431 5710 619 5771 activo
651 5723 784 5767 eam
813 5721 1016 5764 vocem
1045 5709 1313 5778 usurpat.
