4062 6202
276 331 393 396 181

1277 332 1379 396 DE
1419 330 1959 396 PROCESSIONE
2002 329 2362 397 SPIRITUS
2408 328 2709 395 SANCTI.

3582 334 3700 398 182

359 466 420 523 δ’.
452 471 555 525 ΓΡ.
589 468 700 538 (i3)
728 465 797 524 Ei
839 463 899 521 ἐκ
940 470 1040 522 τοῦ
1089 467 1300 539 Πατρὸς
1348 465 1787 542 ὶκπορευόμενου
1845 465 1914 539 [τε

2113 468 2165 519 4.
2198 467 2309 521 GR.
2344 465 2414 537 (α)
2447 468 2503 524 Si
2536 467 2790 540 Spiritus
2821 484 2888 524 ex
2918 468 3089 523 Patre
3130 464 3460 539 procedens
3515 470 3695 527 etiam

280 557 525 630 Πνεῦμα]
580 555 929 632 ἐκπορεύεται
985 555 1077 611 καὶ
1137 554 1199 611 ἐκ
1252 560 1350 611 τοῦ
1397 556 1548 627 Υὶοῦ,
1608 554 1938 631 συγκέχυται

275 649 350 704 τὰ
374 652 479 704 τῶν
513 643 833 716 ἰδιοτήτων,
884 646 920 715 ἤ
982 644 1057 708 ὡς
1107 645 1157 716 ἐξ
1223 644 1404 717 ἄλλης
1466 646 1813 708 ὑποστάσεως
1864 645 1941 709 εἰς

274 736 462 806 ἄλλην
492 738 947 809 μεταχωροῦντα,
980 733 1016 805 ἤ
1059 735 1136 799 ὡς
1183 734 1363 806 ἄλλην
1415 735 1473 805 ἐξ
1525 734 1707 804 ἄλλης
1764 755 1938 809 μετα-

275 821 676 900 λαμϐανούσης
708 823 962 895 ἰδιότητα
1000 827 1099 894 τῆς
1160 824 1331 894 αὐτῆς
1381 825 1744 888 ὑποστάσεως
1803 825 1937 898 ’ὀπερ

269 922 371 984 τῆς
406 908 724 969 Σαϐελλξου
757 911 920 984 δόξης
980 912 1121 968 ἐστὶν
1163 913 1227 969 06
1262 914 1496 990 μακράν.
1530 914 1593 970 Εἰ
1630 915 1732 989 γὰρ
1766 914 1793 968 6
1825 918 1938 968 Πα-

274 1005 380 1079 τὴρ
410 1002 500 1057 καὶ
536 1004 565 1058 6
597 1003 723 1063 Υἱὸς
771 998 829 1057 ἓν
879 1002 971 1057 καὶ
1017 1003 1212 1058 ταυτὸν
1261 1003 1499 1079 ὑπάρχει
1544 1002 1682 1057 κατὰ
1727 996 1936 1057 Σαϐελ-

276 1092 417 1160 λιον,
452 1091 763 1156 ἀκόλουθον
820 1092 1039 1154 πάντως
1096 1090 1155 1148 ἱκ
1200 1096 1299 1147 τοῦ
1358 1091 1568 1165 Ηατρὸς
1608 1091 1672 1145 τὸ
1718 1095 1936 1166 Πνεῦμα

273 1179 718 1254 ἐκπορευόμενον
762 1177 1145 1253 ἐκπορεύεσθαι
1191 1180 1283 1235 καὶ
1334 1178 1397 1235 ἐκ
1440 1184 1538 1236 τοῦ
1584 1180 1733 1235 Υἱοῦ·
1790 1183 1937 1256 τάχα

270 1266 320 1324 δ’
351 1267 417 1324 ἄν
449 1269 544 1324 καὶ
576 1267 625 1339 ἐξ
659 1270 875 1324 ἑαυτοῦ.

346 1361 522 1417 ΛΑΤ.
556 1357 724 1418 Ἀλλ’
754 1358 836 1439 ἐφ’
866 1361 1029 1433 ἡμῶν
1059 1358 1163 1414 οὐκ
1201 1354 1320 1434 ἔχει
1369 1356 1558 1438 χώραν
1589 1357 1652 1413 τὸ
1678 1361 1777 1412 τοῦ
1828 1363 1933 1413 Σα·

266 1443 510 1503 ϐελλίου
543 1447 816 1523 δοξάριον·
852 1445 979 1505 οὖδὶ
1016 1449 1116 1524 γὰρ
1175 1448 1271 1509 τὰς
1326 1447 1647 1509 ὑποστάσεις
1695 1446 1935 1526 συγχεο-

266 1559 370 1612 μεν
402 1539 596 1594 καὶτὰ
641 1539 930 1614 πρόσωπα,
991 1535 1122 1594 οὐδὲ
1173 1537 1270 1601 τὰς
1321 1534 1599 1608 ἰδιότητας
1651 1536 1934 1610 μετατίθε-

269 1649 401 1701 μεν,
437 1626 568 1683 οὑδὲ
595 1629 693 1698 τήν
732 1628 902 1696 αὑτὴν
969 1627 1059 1683 καὶ
1117 1626 1245 1702 μίαν
1297 1627 1585 1682 ὑπόστασιν
1624 1628 1699 1688 εἰς
1750 1622 1930 1697 ἃλλην

260 1719 355 1772 καὶ
404 1717 591 1789 ἄλλην
645 1715 895 1790 ἰδιότητα
957 1718 1351 1794 μεταφέρομεν·
1411 1715 1538 1773 οὐδε
1588 1715 1645 1773 ἓν
1691 1717 1759 1773 τὰ
1807 1716 1933 1794 τρία

260 1805 579 1881 δοξάζομεν
628 1808 926 1884 πρόσωπον
976 1805 1014 1877 ἥ
1069 1806 1454 1883 τριπρὸσιυπον
1504 1806 1629 1881 μίαν
1682 1808 1926 1863 ὑπόστα-
1960 1843 2004 1910 Β

255 1917 374 1967 σιν,
440 1896 587 1953 ἀλλὰ
643 1896 734 1952 καὶ
788 1897 884 1959 τὰς
939 1897 1259 1960 ὑποστάσεις
1312 1902 1458 1971 τρεῖς
1530 1894 1662 1952 εἶναι
1742 1917 1919 1971 φαμεν

245 1994 364 2057 τῆς
447 1988 704 2058 θεότητος
765 1986 855 2042 καὶ
913 1986 1145 2056 ἑκάστην
1199 1987 1492 2042 ὑπόστασιν
1549 1985 1600 2041 ἂν
1678 1984 1918 2061 ἀκινήτῳ

247 2080 546 2151 τηροῦμεν
604 2079 677 2151 τῇ
738 2075 997 2146 ἰδιότητι·
1056 2079 1154 2130 τοῦ
1213 2075 1309 2149 μὲν
1353 2076 1455 2150 γάρ
1506 2076 1716 2150 Πατρὸς
1775 2073 1915 2131 ἴδιον

245 2167 313 2221 τὸ
340 2165 670 2242 ἀγέννητον,
700 2169 799 2220 τοῦ
831 2161 889 2219 δὲ
918 2165 1047 2219 Υἱοῦ
1075 2165 1138 2219 τὸ
1185 2163 1463 2238 γεννητὸν,
1513 2167 1611 2219 τοῦ
1656 2161 1714 2218 δὲ
1758 2165 1917 2240 ἁγίου

249 2256 591 2326 Πνεῦματος
658 2255 720 2310 τὸ
791 2251 1115 2327 ἐκπορευτὸν
1211 2255 1343 2308 εἶναι
1427 2252 1702 2327 τιθέμεθα·
1788 2252 1917 2310 ἀλλ’

248 2343 448 2419 ὥσπερ
477 2342 579 2399 τοῦ
611 2344 825 2418 Πατρὸς
858 2342 922 2397 06
951 2343 1013 2399 τὸ
1054 2341 1343 2418 ἀγέννητον
1396 2341 1584 2417 μόνον,
1634 2342 1782 2399 ἀλλά
1825 2344 1914 2399 καὶ

243 2436 311 2490 τὸ
344 2434 674 2510 γεννητικὸν
728 2432 817 2487 καὶ
872 2427 1248 2508 προϐλητικὸν
1290 2429 1419 2501 ἤτοι
1464 2433 1808 2507 προεκτικὸν,
1868 2432 1914 2488 εἰ

245 2525 409 2579 οὕτω
436 2525 551 2598 χρὴ
582 2521 790 2601 λέγειν,
819 2522 967 2577 οὕτω
997 2522 1084 2576 καὶ
1118 2523 1220 2575 τοῦ
1264 2521 1394 2576 Υἱοῦ
1442 2522 1506 2576 οὗ
1553 2523 1616 2577 τὸ
1657 2522 1911 2598 γεννητὸν

246 2614 451 2686 μόνον,
484 2610 635 2666 ἄλλά
663 2612 753 2667 καὶ
786 2611 851 2667 τὸ
882 2604 1278 2687 προϐλητικὸν,
1312 2609 1402 2666 καί
1450 2614 1548 2667 τοῦ
1597 2610 1912 2685 Πνεῦματος

243 2702 313 2756 τὸ
346 2700 685 2776 ἒκπορευτὸν
721 2701 842 2773 μὲν,
878 2699 987 2774 οὐχ
1034 2698 1226 2761 ἁπλῶς
1281 2696 1358 2755 δέ·
1410 2697 1538 2755 ἀλλ’
1575 2697 1649 2762 ὥς
1710 2700 1806 2773 μὶν
1854 2699 1915 2757 ἐκ

241 2796 351 2846 τοῦ
389 2792 626 2865 Πατρὸς,
688 2790 764 2853 ὥς
820 2786 877 2845 δὲ
919 2788 978 2844 ἑκ
1020 2792 1117 2843 τοῦ
1176 2789 1326 2857 Υἱοῦ,
1364 2789 1644 2845 τουτέστιν
1697 2789 1910 2863 άμίσως

250 2881 359 2954 μὲν
398 2878 459 2934 ἐκ
493 2883 593 2934 τοῦ
650 2880 807 2948 Υἳοῦ,
866 2876 1119 2952 ἰμμέσως
1176 2874 1232 2933 δὲ
1287 2877 1348 2933 ἐκ
1397 2882 1499 2933 τοῦ
1538 2880 1773 2954 Ιῐατρὸς,
1827 2880 1911 2934 δτι

242 2970 311 3025 ἐκ
342 2972 448 3023 τοῦ
488 2968 701 3041 Πατρός
743 2968 837 3041 μὶν
896 2964 983 3021 διὰ
1030 2970 1127 3021 τοῦ
1191 2968 1340 3036 Υἱοῦ,
1400 2965 1460 3022 ἐκ
1515 2971 1611 3022 τοῦ
1666 2969 1796 3022 Υἱοῦ
1855 2965 1912 3024 δὲ

242 3057 324 3115 δι’
402 3057 589 3134 ἑτέρου
648 3054 889 3118 οὐδενός.
959 3057 1272 3133 Ἀγὲννητος
1326 3058 1429 3133 γὰρ
1509 3053 1582 3111 ὣν
1638 3058 1665 3112 6
1704 3059 1909 3132 Πατὴρ

237 3151 413 3224 γεννᾷ
440 3147 537 3201 τὸν
569 3146 721 3214 Υἱὸν,
768 3149 961 3219 γεννῶν
1017 3142 1076 3200 δὲ
1126 3144 1217 3201 τὸν
1266 3145 1387 3200 Υἱὸν
1445 3142 1535 3200 διὰ
1595 3146 1763 3219 μέσου
1812 3151 1911 3203 τοῦ

2046 571 2115 610 ex
2145 554 2292 610 Filio
2322 557 2608 626 procedit,
2650 556 3098 613 confunduntur
3124 574 3195 613 ea
3252 575 3384 629 quae
3433 558 3507 614 ad
3556 577 3698 631 pro-

2046 644 2327 716 prietates
2360 646 2683 716 pertinent,
2718 663 2901 717 quum
2931 646 3019 701 vel
3050 662 3119 701 ex
3152 647 3269 701 alia
3297 648 3599 719 hypostasi
3631 650 3695 705 in

2046 732 2225 789 aliam
2259 734 2515 806 migrent
2543 733 2633 789 vel
2665 735 2872 790 eadem
2906 736 3241 807 hypostasis
3272 735 3451 792 aliam
3482 754 3549 793 ex
3578 739 3695 796 alia

2046 826 2412 878 transsumat
2442 824 2887 894 proprietatem.
2920 823 3085 889 Quod
3115 824 3273 879 haud
3304 824 3477 899 longe
3528 828 3697 883 abest

2044 927 2079 967 a
2130 911 2371 966 Sabellii
2428 912 2730 984 Opinione.
2782 913 3013 968 Etenim
3064 913 3111 968 si
3163 915 3339 969 Pater
3397 920 3452 969 et
3507 916 3693 973 Filius

2043 1015 2229 1057 unum
2262 1005 2321 1055 et
2351 1000 2509 1057 idem
2537 1007 2676 1057 sunt
2706 1001 3032 1057 secundum
3091 1001 3431 1069 Sabellium,
3482 1020 3695 1061 conse-

2045 1091 2248 1162 quitur
2278 1091 2544 1158 omnino,
2593 1091 2880 1162 Spiritum
2929 1108 3000 1145 ex
3047 1093 3219 1147 Patre
3268 1093 3690 1163 procedentem

2044 1179 2222 1235 etiam
2266 1196 2337 1235 ex
2366 1179 2514 1235 Filio
2542 1178 2900 1251 procedere;
2936 1181 3055 1235 imo
3085 1197 3223 1235 mox
3268 1186 3325 1235 et
3373 1198 3441 1237 ex
3492 1183 3687 1255 seipso

2043 1269 2345 1341 procedet.

2116 1362 2266 1416 LAT.
2303 1361 2516 1415 Verum
2567 1360 2722 1432 apud
2769 1377 2881 1417 nos
2937 1361 3133 1417 locum
3191 1379 3312 1417 non
3357 1363 3535 1419 habet
3583 1364 3688 1419 Sa-

2040 1448 2201 1506 bellii
2232 1450 2705 1521 opinamentum.
2737 1450 2938 1521 Neque
2970 1450 3130 1506 enim
3166 1452 3514 1523 hypostases
3544 1469 3687 1508 con-

2039 1538 2346 1595 fundimus
2378 1544 2436 1595 et
2463 1555 2786 1611 personas;
2818 1555 3011 1609 neque
3055 1541 3445 1611 proprietates
3494 1546 3689 1596 trans-

2039 1628 2339 1701 ponimus,
2372 1645 2567 1700 neque
2598 1645 2781 1684 unam
2812 1628 3202 1700 eamdemque
3244 1630 3591 1702 hypostasin
3621 1630 3683 1684 in

2041 1717 2216 1775 aliam
2242 1723 2301 1774 et
2324 1718 2503 1774 aliam
2542 1718 2965 1791 proprietatem
2994 1718 3427 1774 transferimus.
3481 1720 3680 1790 Neque

2041 1823 2221 1863 unam
2245 1825 2372 1864 esse
2386 1808 2791 1864 existimamus
2813 1808 2914 1864 illa
2926 1808 3040 1863 tria
3057 1824 3372 1880 personam
3395 1809 3484 1864 vel
3496 1825 3676 1865 unam

2033 1898 2379 1969 hypostasin
2391 1896 2857 1969 tripersonalem;
2872 1897 2977 1953 sed
2990 1904 3046 1952 et
3057 1898 3405 1969 hypostases
3417 1903 3536 1952 tres
3549 1914 3681 1953 esse

2032 1985 2285 2042 dicimus
2298 1986 3118 2057 Deitatis,etunamquamque
3131 1987 3476 2057 hypostasin
3492 1988 3550 2041 in
3566 1987 3678 2042 im-

2033 2076 2560 2148 motaproprietate
2576 2078 3164 2145 servamus.Namque
3177 2075 3368 2130 Patris
3378 2076 3675 2147 proprium

2032 2167 2517 2238 ingenitum,Filii
2535 2184 2668 2223 vero
2681 2168 2966 2240 genitum,
2982 2172 3041 2222 et
3057 2167 3307 2239 Spiritus
3325 2170 3512 2222 sancti
3536 2185 3675 2239 pro-

2032 2257 2248 2313 cedens
2279 2274 2411 2313 esse
2432 2257 2748 2313 statuimus
2769 2259 2943 2326 (k).At
2965 2256 3467 2328 quemadmodum
3480 2258 3672 2313 Patris

2031 2364 2153 2403 non
2172 2346 2501 2419 ingenitum
2520 2345 2956 2411 dumtaxat,sed
2986 2352 3043 2401 et
3063 2346 3363 2420 generatio
3386 2351 3445 2400 et
3462 2345 3675 2419 produ-

2030 2438 2146 2493 ctio
2166 2437 2285 2492 sive
2312 2436 2573 2505 emissio,
2598 2436 2645 2491 si
2669 2436 2751 2491 ita
2772 2435 3091 2491 dicendum
3115 2435 3315 2505 est,sic
3333 2439 3391 2491 et
3406 2435 3537 2491 Filii
3553 2452 3674 2491 non

2030 2527 2220 2583 solum
2253 2531 2342 2582 est
2368 2527 2636 2599 genitum
2669 2542 2820 2593 esse,
2852 2542 3057 2581 verum
3113 2530 3172 2581 et
3218 2525 3574 2597 producere,
3618 2530 3679 2581 et

2028 2618 2283 2689 Spiritus
2314 2618 2505 2673 sancti
2537 2617 2857 2689 procedere
2888 2616 3152 2687 quidem,
3205 2616 3309 2672 sed
3356 2632 3477 2670 non
3531 2617 3678 2670 sim—

2027 2706 2261 2780 pliciter
2289 2724 2301 2761 :
2335 2722 2538 2762 verum
2572 2706 2656 2760 sic
2686 2705 2924 2775 quidem
2957 2721 3029 2759 ex
3052 2706 3245 2770 Patre,
3279 2704 3364 2759 sic
3420 2720 3556 2759 vero
3604 2719 3675 2761 ex

2027 2795 2199 2864 Filio,
2230 2796 2341 2851 hoc
2370 2801 2460 2850 est
2489 2793 2827 2848 immediate
2859 2793 3099 2863 quidem
3120 2809 3191 2848 ex
3217 2792 3382 2857 Filio,
3417 2792 3673 2848 mediate

2027 2903 2163 2942 vero
2186 2902 2256 2940 ex
2279 2887 2469 2950 Patre,
2494 2883 2634 2954 quia
2655 2898 2726 2936 ex
2751 2884 2923 2937 Patre
2944 2880 3184 2952 quidem
3215 2897 3322 2953 per
3342 2881 3574 2949 Filium,
3599 2898 3671 2937 ex

2026 2974 2175 3030 Filio
2213 2989 2349 3027 vero
2381 2988 2487 3044 per
2516 2970 2667 3025 nihil
2698 2969 2880 3025 aliud.
2932 2970 3233 3041 Ingenitus
3276 2969 3434 3025 enim
3484 2986 3668 3041 quum

2028 3064 2104 3118 sit
2126 3064 2301 3118 Pater
2329 3066 2578 3134 generat
2606 3058 2837 3127 Filium,
2865 3074 3156 3131 generans
3176 3075 3311 3114 vero
3332 3059 3543 3115 Filium
3566 3075 3673 3130 per

2026 3154 2223 3225 ipsum
2254 3150 2466 3206 Filium
2497 3149 2857 3205 mediantem
2901 3148 3077 3203 simul
3108 3154 3166 3203 et
3196 3148 3479 3221 Spiritum
3531 3165 3667 3220 pro-

245 3212 404 3293 i’io6
464 3236 580 3308 ἅμα
635 3212 727 3289 καὶ
782 3212 846 3289 τὸ
903 3239 1122 3307 Πνεῦμα
1170 3228 1563 3309 προϐάλλεται·
1595 3212 1701 3290 ’καὶ
1734 3237 1762 3291 ὁ
1795 3237 1912 3298 Υἱὸς

2030 3212 2190 3295 ducit
2218 3243 2278 3293 et
2306 3237 2502 3303 Filius,
2524 3238 2625 3307 qui
2657 3236 2781 3307 ipse
2812 3235 3046 3307 genitus
3068 3240 3174 3301 est,
3199 3212 3422 3306 pariter
3446 3212 3672 3306 prddu—

243 3325 519 3403 γεννητὸς
571 3322 645 3379 ὣν
704 3324 795 3379 καὶ
854 3323 919 3377 τὸ
977 3325 1199 3396 Πνεῦμα
1262 3318 1655 3400 προϐάλλεται·
1706 3326 1796 3380 καὶ
1852 3325 1916 3381 τὸ

250 3420 492 3488 Πνεῦμα
522 3413 692 3469 πάλιν
724 3410 784 3467 ’ἐκ
828 3416 925 3467 τοῦ
972 3412 1183 3487 Πατρὸς
1240 3412 1495 3486 ἐμμὲσως
1548 3411 1918 3488 ἐκπορευόμε-

246 3526 383 3574 νον,
414 3504 492 3568 ὡς
529 3506 599 3576 τῇ
658 3501 978 3579 ἐκπορεύσει
1032 3506 1129 3557 τοῦ
1192 3503 1322 3557 Ποῦ
1377 3502 1755 3576 μσιτεύονσος
1801 3503 1914 3576 ἃμα

250 3594 362 3649 καὶ
429 3592 493 3648 ἑκ
554 3596 652 3646 τοῦ
720 3592 850 3645 Υἱοῦ
914 3589 1261 3666 ἐκπορεύεται
1328 3592 1524 3665 μηκέτι
1592 3589 1663 3647 δι’
1727 3593 1911 3670 ἒτέρου

241 3684 405 3744 τινος
457 3682 860 3755 μεσιτεύοντος⁸
929 3679 1065 3736 ὣστε
1118 3683 1269 3755 ἡμᾶς
1324 3677 1462 3737 ἴδιον
1520 3681 1756 3747 τίθεσθαι
1812 3687 1910 3738 τοῦ

242 3774 354 3848 μὲν
383 3772 595 3846 Πατρὸς
627 3771 689 3825 τὸ
720 3769 1029 3845 ἀγέννητον,
1087 3769 1150 3825 τὸ
1197 3770 1511 3847 γεννητικὸν
1556 3772 1645 3826 καὶ
1692 3772 1754 3827 τὸ
1811 3770 1911 3844 ἒμ-

249 3862 445 3934 μὲσως
504 3854 906 3935 προϐλητικόν·
938 3859 1000 3914 τὸ
1056 3860 1151 3931 μὲν
1202 3858 1514 3933 ἀγέννητον,
1571 3859 1655 3914 ὅτι
1703 3860 1802 3915 οὐκ
1847 3858 1910 3917 ἔκ

158 3954 163 3959 ’
230 3972 416 4019 τινος,
449 3950 513 4003 τὸ
563 3945 622 4003 δὲ
668 3946 1013 4022 γεννητικὸν,
1072 3948 1156 4002 ὅτι
1206 3952 1362 4024 γεννᾷ
1407 3948 1499 4003 τὸν
1545 3948 1690 4018 ι’ῖὸν,
1738 3949 1801 4003 τὸ
1851 3947 1907 4005 δὲ

239 4037 514 4113 ἒμμέσως
545 4031 944 4113 προϐλητικὸν,
993 4034 1076 4090 ὅτι
1135 4032 1224 4090 διὰ
1275 4031 1441 4108 μέσου
1492 4040 1589 4091 τοῦ
1643 4037 1769 4091 Υὶοῦ
1816 4039 1903 4094 καὶ

236 4130 308 4184 τὸ
368 4132 591 4200 Πνεῦμα
642 4120 1041 4200 προϐάλλεται·
1100 4129 1197 4179 τοῦ
1250 4125 1377 4180 Υἱοῦ
1431 4122 1489 4180 δὶ
1535 4126 1596 4180 τὸ
1645 4128 1901 4203 γεννητὸν

236 4219 341 4274 κμαῖ
371 4219 435 4273 τὸ
472 4215 689 4289 άμέσως
721 4209 1117 4290 προϐλητικόν·
1160 4215 1223 4269 τὸ
1257 4215 1352 4287 μὲν
1395 4213 1479 4270 ὅτι
1529 4213 1588 4269 ἐκ
1637 4220 1738 4270 τοῦ
1794 4222 1902 4272 Πα-

242 4308 378 4383 τρὸς
418 4304 582 4366 αὑτὰς
613 4304 894 4381 γεννητὸς,
924 4305 988 4359 τὸ
1017 4300 1075 4359 δὲ
1102 4302 1185 4359 ὅτι
1237 4302 1453 4376 ἆμέσως
1504 4304 1555 4375 ἐξ
1607 4305 1801 4361 ἑαυτοῦ
1840 4306 1902 4361 τὸ

242 4400 474 4469 Πνεῦμα
524 4394 797 4467 προΐεται,
860 4394 1025 4467 μὲσος
1075 4390 1149 4447 ὥν
1196 4391 1357 4455 αὐτὸς
1408 4398 1505 4449 τοῦ
1553 4395 1763 4470 Πατρὸς
1809 4396 1900 4450 καὶ

238 4490 346 4542 τοῦ
407 4485 743 4558 Ιίνεῦματος·
796 4487 892 4538 τοῦ
957 4480 1014 4537 δὲ
1072 4482 1385 4554 Πνεῦματος
1447 4483 1510 4537 τὸ
1577 4480 1898 4559 ἔκπορευτὸν

2027 3330 2107 3385 cit
2128 3328 2444 3399 Spiritum;
2471 3331 2527 3381 et
2549 3341 2784 3381 rursum
2808 3324 3063 3395 Spiritus
3091 3340 3163 3379 ex
3192 3324 3362 3379 Patre
3385 3324 3666 3391 mediate,

2024 3423 2229 3491 utpote
2261 3416 2560 3471 mediante
2592 3415 2652 3470 in
2700 3414 3078 3486 processione
3128 3414 3294 3483 Filio,
3336 3415 3666 3486 procedens

2025 3507 2204 3563 simul
2235 3511 2291 3561 et
2322 3522 2391 3560 ex
2422 3504 2565 3559 Filio
2597 3503 2866 3574 procedit
2894 3519 3015 3557 non
3046 3502 3301 3574 amplius
3344 3518 3450 3573 per
3496 3503 3660 3558 aliud

2023 3596 2323 3670 quoddam
2355 3594 2647 3651 medians.
2686 3593 2778 3648 Sic
2810 3593 3113 3665 proprium
3144 3592 3422 3663 ponimus
3453 3594 3663 3664 Patris,

2022 3686 2180 3759 quod
2202 3686 2281 3741 sit
2297 3684 2614 3758 ingenitus,
2638 3697 2808 3754 gener
2821 3697 2927 3736 ans
2950 3687 3007 3735 et
3026 3680 3281 3735 mediate
3300 3679 3663 3752 producens;

2019 3777 2321 3846 ingenitus,
2355 3773 2496 3845 quia
2525 3789 2595 3827 ex
2625 3770 2787 3826 nullo
2819 3775 2928 3838 est,
2968 3786 3255 3838 generans,
3306 3769 3446 3839 quia
3486 3785 3667 3838 gene-

2018 3869 2113 3921 rat
2141 3864 2377 3929 Filium,
2424 3860 2662 3916 mediate
2711 3859 3020 3929 producens
3058 3857 3197 3928 quia
3244 3874 3352 3929 per
3401 3857 3664 3913 medium

2019 3955 2231 4013 Filium
2259 3951 2544 4022 Spiritum
2576 3949 2760 4020 spirat
2789 3953 2848 4003 et
2876 3947 3168 4019 producit.
3204 3947 3333 4002 Filii
3357 3964 3493 4003 vero
3522 3965 3663 4021 pro-

2018 4043 2235 4118 prium,
2270 4038 2425 4111 quod
2458 4039 2535 4093 sit
2563 4037 2795 4111 genitus
2839 4042 2898 4091 et
2945 4035 3288 4091 immediate
3340 4036 3661 4107 producat:

2016 4134 2234 4205 genitus
2256 4130 2396 4201 quia
2439 4145 2509 4184 ex
2548 4129 2718 4182 Patre
2768 4126 2893 4198 ipse
2946 4130 3260 4197 generatus
3304 4131 3414 4190 est,
3471 4126 3663 4181 imme-

2016 4220 2509 4291 diateproducens,
2533 4217 2672 4289 quia
2694 4214 3032 4271 immediate
3055 4231 3125 4270 ex
3152 4230 3213 4269 se
3229 4215 3356 4287 ipso
3380 4215 3662 4286 Spiritum

2018 4311 2239 4368 emittit
2294 4307 2529 4363 medius
2583 4307 2709 4377 ipse
2768 4304 3057 4359 exsistens
3114 4303 3272 4359 inter
3326 4306 3560 4360 Patrem
3605 4314 3662 4362 et

2018 4398 2319 4473 Spiritum.
2356 4395 2607 4466 Spiritus
2636 4410 2771 4448 vero
2802 4392 2992 4448 sancti
3013 4392 3318 4464 proprium
3339 4392 3663 4463 procedere

2013 4487 2271 4544 mediate
2324 4500 2393 4538 ex
2447 4484 2665 4552 Patre,-
2698 4487 2755 4536 et
2814 4481 3136 4553 procedere
3188 4481 3532 4539 immediate
3588 4500 3660 4539 ex

239 4575 502 4647 ἐμμὲσως
560 4572 621 4628 εκ
674 4575 777 4627 τοῦ
839 4571 1070 4646 Πατρὸς,
1148 4569 1476 4645 ἕκπορευτὸν
1554 4568 1612 4626 δὶ
1685 4571 1902 4644 άμέσως

2030 4578 2180 4641 Filio,
2215 4590 2399 4646 quum
2426 4574 2582 4628 inter
2611 4574 2845 4627 Patrem
2879 4578 2937 4627 et
2969 4572 3252 4644 Spiritum
3283 4572 3463 4628 Filius
3512 4591 3659 4631 con-

239 4661 335 4716 καὶ
367 4661 552 4716 ἐκτοῦ
615 4660 768 4729 Υἱοῦ,
827 4659 902 4720 ὡς
960 4657 1159 4731 μεταξυ
1221 4657 1316 4730 μὲν
1378 4662 1479 4712 τοῦ
1543 4658 1753 4728 Πατρὸς
1811 4661 1900 4715 καὶ

239 4753 347 4806 τοῦ
409 4747 724 4822 Πηνῦματος
780 4744 1161 4820 θεωρουμένου
1219 4748 1317 4801 τοῦ
1374 4745 1525 4814 Υἱοῦ,
1595 4747 1790 4820 μεταξὺ
1847 4746 1904 4804 δὲ

243 4843 344 4894 τοῦ
376 4839 509 4893 Υἱοῦ
540 4838 632 4892 καὶ
689 4840 787 4892 τοῦ
845 4835 1158 4908 Πνεῦμανος
1217 4831 1433 4897 οὐδενὸς
1490 4836 1627 4891 κατά
1683 4858 1744 4912 γε
1800 4838 1902 4907 τήν

244 4923 508 5002 πρόοδον.
543 4926 649 4982 Καὶ
690 4929 857 4980 ταῦτα
910 4924 1049 4979 εἶναι
1099 4922 1325 4978 ἑκάστου
1372 4926 1479 4979 τῶν
1534 4930 1702 4997 τριῶν
1756 4923 1901 4982 {6:05-

251 5038 397 5091 ματα
454 5015 858 5088 ἆμεταθετιιιῶς
899 5011 990 5068 καὶ
1045 5010 1461 5086 άμετακινήτως
1510 5014 1600 5070 καὶ
1649 5014 1901 5072 ἆνυπαλ-

320 5179 437 5251 (13)
486 5176 689 5235 Rubro
741 5174 938 5251 colore
968 5174 1042 5251 ad
1095 5174 1736 5251 marginemAlegitur;
1787 5178 1903 5234 Ἑν-

245 5242 429 5340 ταῦθᾰ
475 5252 736 5340 πειρᾶται
764 5246 795 5300 6
825 5242 1391 5340 Ιςρρ”ικὸς-διεικξύειν
1440 5242 1641 5340 Epiro?
1691 5248 1901 5340 ιῖσάγε.

250 5266 420 5313 cauea
475 5267 566 5303 πει
609 5266 736 5302 αται
764 5266 795 5300 ο
826 5266 1391 5331 ιραιιιοςδοιεικνυειν
1440 5266 1641 5303 ατοπον
1691 5266 1900 5340 εῐσαγε.

250 5322 371 5376 σθαι
401 5323 472 5394 τῇ
507 5266 639 5393 δόξῃ
768 5317 859 5372 καὶ
896 5315 956 5372 ἐκ
1002 5336 1098 5371 του
1152 5316 1280 5371 Υῖου
1335 5314 1567 5393 λεγούσῃ
1613 5317 1900 5396 ὲκπορευε-

318 5465 391 5535 (ᾗ
447 5464 723 5537 Primum
781 5460 970 5537 Grazci
1025 5465 1488 5537 argumentum:
1548 5463 1605 5519 Si
1650 5465 1901 5537 Spiritus

250 5531 430 5592 etiam
456 5550 531 5591 ex
551 5533 705 5590 Filio
722 5531 1021 5605 procedit,
1044 5531 1490 5605 confunduntur
1511 5531 1899 5605 personarum

247 5607 668 5680 proprietates.
701 5602 873 5680 Quod
906 5602 1171 5680 Photius
1219 5602 1448 5675 evolvit,
1501 5602 1582 5662 De
1637 5608 1789 5679 Spir.
1840 5608 1897 5664 S.

248 5676 614 5768 ᾖινὲιφοαὶα,
640 5692 777 5771 cap.
809 5678 864 5757 9,
897 5676 985 5767 to,

2016 4667 2329 4728 sideretur,
2361 4664 2517 4717 inter
2536 4661 2753 4716 Filium
2784 4676 2918 4716 vero
2952 4665 3010 4716 et
3037 4661 3341 4732 Spiritum,
3368 4669 3656 4734 quantum

2013 4756 2085 4812 ad
2099 4752 2536 4827 processionem
2549 4768 2766 4819 ,nemo.
2785 4752 2856 4805 Et
2870 4750 2997 4806 haec
3009 4749 3262 4807 dicimus
3283 4752 3658 4826 uniuscujus-

2013 4862 2127 4919 que
2158 4844 2339 4899 trium
2370 4857 2761 4915 personarum
2790 4856 2919 4897 esse
2950 4841 3499 4914 proprietates,qum
3526 4844 3653 4899 sine

2011 4934 2137 4991 ulla
2183 4931 2599 4987 immutatione
2645 4930 2737 4986 vel
2785 4929 3248 4985 commutatione
3293 4930 3554 4985 immotas
3599 4934 3656 4985 et

2012 5026 2256 5096 integra
2308 5024 2705 5093 perseverant.
2755 5017 3262 5084 Quemadmodum
3319 5018 3497 5089 igitur
3534 5034 3656 5073 non

2010 5194 2132 5248 σθαι
2161 5182 2225 5237 τὸ
2263 5184 2503 5254 Πνεῦμα·
2538 5178 2629 5233 καί
2662 5196 2823 5254 *φησι
2881 5174 3147 5254 σὺγχυσιν
3200 5178 3320 5254 τῶν
3362 5172 3654 5254 ΐδιοτήτμων

2010 5254 2355 5345 συνάγεσθαι·
2411 5247 2558 5324 ’ὅπερ
2655 5247 3027 5315 ἀνασκευάζὲῖ
3079 5247 3107 5300 6
3181 5251 3417 5310 Λατῖνος
3516 5248 3655 5304 πάνυ

2048 5326 2061 5345 ,

2011 5326 2244 5405 εὐφυῶς.

2083 5468 2161 5541 (k)
2194 5469 2278 5541 ita
2307 5466 2381 5541 S_._
2398 5462 2683 5541 Maximus
2708 5462 2770 5541 in
2792 5460 3093 5541 opusculis
3114 5461 3549 5541 t_heolo_gicis_et
3563 5485 3660 5539 po-

2012 5531 2240 5596 lemicis
2262 5544 2302 5592 t.
2337 5537 2408 5597 Ιῐ,
2440 5552 2497 5605 p.
2534 5534 2654 5605 135,
2687 5533 2779 5587 ed.
2812 5531 3175 5605 Combeﬂsii.
3206 5539 3266 5588 at
3298 5531 3656 5595 Pseudo-ju-

2010 5611 2203 5667 stinus
2233 5609 2296 5666 in
2325 5601 2704 5679 Expositione
2729 5607 2905 5661 rectaa
2937 5601 3099 5674 fidei,
3132 5621 3192 5662 n.
3226 5607 3278 5664 3.
