4062 6202
353 376 471 440 183

1603 365 1914 428 ΝΙΟΕΤΑΞ
1958 363 2009 423 Μ
2016 361 2486 427 ABONIENSIS

3639 363 3760 426 m

353 513 494 586 quia
519 512 695 568 Pater
717 509 952 584 genitus
974 523 1094 563 non
1147 509 1256 571 est,
1311 503 1532 560 idcirco
1576 501 1704 574 ipse
1752 514 2002 570 genera-

2136 497 2334 586 ta'xuoc
2392 489 2593 576 ἔχοντα
2647 497 2735 552 καὶ
2782 491 3203 570 ἁμεταϐλήτως.
3260 497 3465 574 Ὠσπερ
3511 497 3602 554 οῦν
3646 498 3766 580 οὑχ⁸

353 604 518 658 tione
547 599 639 654 vel
683 597 1000 655 emissione
1048 595 1332 669 privatur,
1385 593 1487 648 sed
1537 589 1733 663 quoad
1781 589 1906 644 haec
1947 591 2004 642 et

354 692 458 748 illa
487 695 544 745 et
574 687 893 762 ingenitus,
937 684 1041 740 sed
1098 689 1156 739 et
1207 682 1440 756 genitor
1490 685 1579 735 est
1621 685 1680 734 et
1726 679 2000 750 spiralor,

355 781 589 855 genitor
628 776 871 849 quidem
925 773 1268 830 immediate
1325 788 1397 826 ex
1443 787 1504 825 se
1550 769 1702 840 ipso,
1751 769 2006 838 spirator

357 888 496 927 vero
529 867 785 924 mediate
815 881 920 938 per
949 863 1164 919 Filium
1199 879 1211 917 :
1265 862 1350 917 sic
1397 876 1592 932 neque
1645 858 1826 915 Filius
1867 856 2007 927 quia

362 961 596 1036 genitus
627 964 737 1025 est,
771 957 992 1012 idcirco
1023 972 1056 1010 a
1087 953 1410 1026 spiratione
1437 949 1792 1013 excluditur,
1812 963 2005 1018 neque

363 1054 638 1127 Spiritus,
671 1050 813 1122 quia
838 1065 912 1104 ex
942 1049 1113 1103 Patre
1144 1044 1430 1117 procedit,
1456 1042 1588 1098 ideo
1622 1058 1691 1096 ex
1716 1039 1858 1096 Filio
1889 1053 2008 1092 non

362 1143 654 1219 procedit,
688 1141 792 1198 sed
821 1138 1121 1212 processio
1155 1136 1284 1207 ejus
1307 1133 1654 1190 immediata
1676 1131 1917 1204 quidem
1939 1145 2006 1183 ex

363 1235 534 1300 Filio,
577 1231 837 1288 mediata
883 1245 1019 1283 vero
1085 1243 1156 1281 ex
1197 1227 1391 1280 Patre.
1443 1222 1786 1278 Custoditur
1834 1221 2012 1292 igitur

365 1323 690 1394 unicuique
702 1335 970 1393 personm
990 1313 1590 1388 proprietasimmota
1607 1310 2008 1374 etinconfusa;

367 1415 452 1472 sic
483 1413 546 1468 in
573 1410 801 1467 unitate
831 1406 1085 1463 Trinitas
1106 1409 1164 1460 et
1185 1401 1517 1460 indivisain
1563 1401 1848 1456 Trinitate
1876 1399 2011 1454 uni-

368 1510 482 1561 tas.
517 1501 722 1558 Unitas
748 1497 910 1554 enim
941 1500 1033 1552 est
1061 1498 1120 1550 et
1147 1493 1403 1548 Trinitas
1432 1493 1608 1546 Pater
1641 1496 1700 1546 et
1744 1489 1925 1544 Filius
1957 1492 2015 1542 et

375 1591 628 1665 Spiritus
653 1592 894 1644 sanctus
918 1603 931 1641 :
965 1584 1165 1642 unitas
1195 1582 1434 1654 quidem
1467 1585 1709 1653 propter
1738 1584 2012 1634 naturam

371 1679 697 1738 divinitatis
751 1691 935 1732 unam
996 1671 1410 1742 eamdemque,
1478 1687 1610 1743 qua)
1657 1668 1908 1724 indivisa
1958 1673 2016 1722 et

373 1765 770 1826 inalterabilis
793 1769 908 1828 est;
931 1761 1185 1818 Trinitas
1197 1776 1332 1815 vero
1351 1757 2014 1832 propterprOprietates,

2111 585 2195 640 ὅτι
2230 585 2290 640 οὑ
2336 587 2650 662 γεγέννηται
2709 587 2736 641 ὁ
2797 587 3002 661 Πατήρ,
3055 583 3146 641 διὰ
3199 590 3362 642 τοῦτο
3419 583 3549 643 οὐδὲ
3601 592 3767 664 γεννᾷ

2113 672 2238 730 οὐδὲ
2296 671 2694 750 προϐάλλεται,
2751 674 2900 731 ἀλλὰ
2973 675 3189 732 κάκεῖνα
3257 676 3349 732 καὶ
3421 680 3590 732 ταῦτα
3671 677 3766 733 καὶ

2114 763 2412 840 ἀγέννητός
2457 763 2624 836 ἐστιν,
2654 763 2800 821 ἀλλὰ
2847 764 2936 820 καὶ
2985 769 3270 842 γεννήτωρ
3311 765 3402 822 καὶ
3449 763 3766 841 προϐολεῦς

2113 854 2175 909 τὸ
2210 855 2302 926 μὲν
2337 853 2553 927 ἆμέσως
2613 854 2664 925 ἐξ
2722 855 2934 924 ἑαυτοῦ,
2993 858 3055 911 τὸ
3111 852 3167 910 δὲ
3215 855 3470 932 ἐμμέσως
3523 854 3617 912 δεᾶ
3662 860 3766 912 τοῦ

2117 946 2266 1015 Υἱοῦ,
2301 942 2442 998 οὕτω
2472 943 2562 997 καὶ
2594 943 2622 997 ὃ
2653 943 2776 1004 Υἱὸς
2805 943 2912 1020 οὑχ
2950 943 3032 998 ὅτι
3075 946 3410 1019 γεγέννηται,
3460 943 3551 1000 διὰ
3599 950 3766 1002 τοῦτο

2118 1032 2248 1109 οὒχὶ
2277 1033 2368 1088 καὶ
2405 1033 2468 1087 τὸ
2527 1034 2742 1104 Πνεῦμα
2799 1029 3200 1109 προϐάλλεται.
3261 1034 3366 1091 Καὶ
3421 1033 3485 1090 τὸ
3540 1039 3770 1109 Πνεῦμα

2119 1124 2228 1202 οὐχ
2257 1121 2422 1178 ὃτιέκ
2452 1127 2550 1176 τοῦ
2598 1124 2814 1198 Ιιατρὸς
2863 1122 3231 1197 ἐκπορεύεται,
3279 1121 3370 1179 διὰ
3419 1129 3582 1181 τοῦτο
3631 1125 3769 1202 οὑχῖ

2118 1214 2334 1268 καὶτοῦ
2369 1213 2498 1267 Υὶοῦ
2555 1211 2920 1287 ἐκπορεύεται·
2971 1211 3099 1268 ἀλλ’
3148 1216 3182 1284 ἡ
3233 1213 3551 1291 ἐκπόρευσις
3595 1215 3768 1271 αὑτοῦ

2119 1304 2320 1380 ἃμεσος
2353 1306 2449 1380 μὲν
2480 1303 2540 1360 ἐκ
2567 1307 2664 1359 τοῦ
2700 1305 2842 1373 Υἱοῦ,
2875 1302 3114 1378 ἔμμεσος
3172 1303 3230 1360 δὲ
3273 1305 3333 1362 ἐκ
3381 1309 3480 1362 τοῦ
3533 1305 3768 1384 Πατρός.

2123 1394 2467 1452 Φυλάττεται
2498 1397 2628 1470 γοῦν
2660 1393 2868 1467 ἑκάστῳ
2893 1392 3176 1468 προσώπῳ
3228 1397 3264 1464 ἡ
3314 1392 3526 1466 ἰδιότης
3575 1395 3768 1468 ἀκίνηο

2123 1506 2220 1548 τος
2269 1484 2358 1539 καὶ
2408 1481 2740 1561 ἂσὺγχυτος·
2793 1479 2966 1546 οὕτως
3016 1485 3050 1552 ἠ
3102 1481 3154 1538 ἐν
3209 1481 3404 1558 μονάδι
3453 1485 3623 1560 Τριὰς
3672 1485 3771 1539 καὶ

2125 1573 2428 1650 ἀδιαίρετος
2458 1575 2493 1642 ἡ
2528 1571 2578 1628 ἐν
2621 1569 2816 1647 Τριάδι
2874 1571 3062 1646 μονάς.
3112 1574 3298 1636 Μονὰς
3351 1575 3452 1649 γάρ
3511 1573 3620 1630 ἐστι
3673 1573 3770 1628 καὶ

2123 1661 2290 1740 Τριᾶς
2321 1665 2348 1718 ὁ
2384 1663 2568 1736 Πατὴρ
2605 1661 2694 1716 καὶ
2747 1661 2775 1715 ὁ
2833 1660 2957 1724 Υἱὸς
3012 1661 3104 1716 καὶ
3149 1663 3212 1717 τὸ
3261 1665 3497 1735 Πνεῦμα·
3544 1664 3605 1718 τὸ
3670 1665 3773 1738 μὲν

2124 1753 2261 1810 κατὰ
2286 1754 2384 1823 τήν
2427 1751 2584 1830 φύσιν
2639 1757 2738 1820 τῆς
2793 1749 3052 1816 θεότητος
3107 1749 3235 1824 μίαν
3291 1753 3384 1806 καὶ
3437 1753 3536 1822 τήν
3593 1752 3770 1824 αὐτὴν

369 1879 502 1934 quas
529 1859 776 1915 immote
799 1872 860 1912 se
879 1855 1093 1910 habent.
1104 1851 1280 1924 juxta
1308 1867 1377 1906 ea
1397 1867 1528 1922 quae
1548 1849 1724 1905 modo
1738 1848 2014 1903 diximus.

2136 1842 2286 1898 οὖσαν
2321 1843 2412 1897 καὶ
2445 1837 2750 1916 ἀδιαίρετον
2780 1839 2868 1894 καὶ
2900 1838 3298 1896 ἀναλλοίωτον·
3331 1841 3394 1897 τὸ
3435 1839 3492 1898 δὲ
3538 1840 3628 1898 διὰ
3673 1842 3775 1908 τὰς

365 1955 510 2006 Cum
542 1965 676 2003 vero
707 1945 957 2016 singulis
988 1941 1260 2014 personis
1299 1940 1560 1994 immotae
1609 1937 2020 1993 custodiantur

366 2036 782 2113 proprietates,
815 2032 975 2088 haud
1005 2031 1122 2086 dici
1152 2033 1348 2102 potest
1369 2045 1443 2084 ex
1473 2028 1666 2099 seipso
1697 2025 2018 2098 procedere

370 2125 644 2198 Spiritus,
679 2122 820 2195 quia
873 2121 986 2176 hoc
1034 2135 1156 2174 non
1208 2122 1299 2173 est
1347 2117 1600 2188 Spiritus
1647 2114 2016 2187 proprietas;

370 2231 576 2272 verum
606 2230 678 2269 ex
707 2215 878 2268 Patre
910 2225 1017 2282 per
1049 2207 1260 2264 Filium
1313 2204 1664 2278 procedens,
1721 2204 1900 2260 etiam
1950 2219 2018 2258 ex

377 2303 524 2360 Filio
559 2299 849 2373 procedit,
881 2313 1003 2352 non
1034 2301 1233 2351 autem
1262 2310 1371 2366 per
1399 2293 1582 2348 alium
1641 2291 2019 2364 quempiam;

377 2397 438 2450 et
464 2391 567 2448 ubi
598 2406 756 2446 nunc
785 2392 876 2444 est
905 2385 1143 2442 Sabellii
1171 2383 1438 2440 confusio
1468 2383 1496 2438 ?
1543 2382 1601 2439 Si
1651 2382 1809 2436 enim
1852 2381 2024 2453 juxta

381 2482 564 2538 istum
614 2494 803 2534 unum
863 2475 1198 2531 diceremus
1255 2475 1490 2528 Patrem
1557 2477 1615 2526 et
1663 2469 1876 2526 Filium
1933 2468 2024 2523 vel

373 2571 552 2626 etiam
580 2567 863 2640 Spiritum
887 2568 1153 2619 sanctum
1171 2567 1453 2633 tanquam
1476 2577 1655 2615 unam
1679 2558 2024 2632 hypostasin

377 2659 499 2716 sive
517 2659 1004 2730 personam,tunc
1019 2652 1302 2724 Spiritum
1319 2665 1388 2705 ex
1410 2651 1580 2704 Patre
1603 2647 2024 2720 procedentem

377 2747 558 2804 etiam
591 2761 662 2800 ex
690 2743 838 2798 Filio
867 2739 1186 2814 procedere
1221 2743 1554 2794 asserentes
1598 2735 1853 2792 Sabellio
1885 2751 2024 2791 con-

380 2839 589 2897 cordes
622 2851 909 2903 essemus,
941 2833 1032 2890 vel
1064 2833 1307 2888 omnino
1339 2831 1497 2888 Semi
1521 2829 1851 2896 sabelliani,
1875 2828 2028 2882 sicut

379 2929 478 2986 alii
536 2925 781 2999 quidam
839 2921 1212 2979 Semiariani.
1269 2921 1416 2975 Nam
1482 2917 1597 2974 tria
1673 2917 1773 2974 illa
1845 2933 2026 2972 unam

379 3015 726 3090 hypostasin
757 3017 815 3068 et
846 3027 1032 3067 unum
1089 3009 1357 3064 dicentes
1406 3008 1490 3063 ita
1537 3007 1863 3064 secundum
1914 3007 2026 3062 Sa-

375 3105 645 3172 bellium,
678 3117 799 3157 non
827 3099 1010 3171 magis
1039 3097 1372 3153 faceremus
1411 3096 1694 3168 Spiritum
1739 3111 1809 3150 ex
1857 3097 2028 3148 Patre

380 3200 440 3250 et
471 3209 540 3248 ex
566 3190 712 3247 Filio
743 3187 1187 3261 procedentem,
1221 3201 1401 3256 quam
1431 3202 1502 3241 ex
1534 3201 1595 3239 se
1626 3184 1778 3256 ipso.
1823 3199 2027 3238 verum

384 3288 444 3338 et
499 3281 734 3335 Patrem
793 3283 919 3332 tum
985 3280 1392 3345 generantem,
1480 3280 1604 3328 tum
1684 3278 2028 3345 generatum

389 3375 566 3441 atque
598 3365 1044 3440 procedentem,
1080 3369 1137 3418 et
1167 3363 1378 3418 horum
1411 3361 1880 3433 unumquodque
1911 3378 2033 3416 non

390 3457 578 3532 magis
609 3473 681 3511 ex
710 3454 850 3522 alio,
885 3469 1064 3525 quam
1097 3469 1167 3508 ex
1191 3451 1422 3522 seipso;
1461 3450 1675 3506 Filium
1708 3467 1884 3522 porro
1905 3463 2034 3505 non

401 3547 594 3604 solum
627 3545 912 3618 genitum,
944 3558 1148 3598 verum
1180 3546 1238 3596 et
1265 3539 1834 3612 procedentem,imo
1857 3541 2034 3595 etiam

397 3644 456 3694 et
483 3639 867 3710 generantem
893 3650 907 3702 ;
939 3649 1146 3689 rursus
1175 3631 1458 3703 Spiritum
1490 3647 1611 3686 non
1666 3630 1859 3686 solum
1907 3647 2038 3702 pro-

391 3727 724 3792 cedentem,
759 3723 861 3779 sed
891 3727 951 3778 et
985 3722 1328 3795 gignentem
1352 3724 1410 3776 et
1437 3719 2038 3792 genitumEjusmodi

390 3817 548 3873 enim
582 3819 726 3869 sunt
754 3810 992 3868 Sabellii
1040 3825 1211 3882 nugae
1259 3809 1360 3864 uni
1407 3807 1718 3880 eidemque
1769 3825 2037 3880 personae

388 3907 621 3962 diversa
649 3900 898 3958 nomina
925 3905 984 3954 et
1007 3899 1268 3954 diversas
1283 3897 1676 3970 proprietates
1701 3897 2036 3953 tribuentis.

389 3995 448 4052 Si
479 4010 614 4050 vero
648 3995 883 4048 Patrem
916 3995 974 4046 et
1002 3988 1214 4044 Filium
1247 3987 1438 4043 solum
1485 4004 1667 4043 unam
1706 3987 2040 4043 diceremus

391 4098 734 4157 personam,
781 4096 852 4136 ex
909 4079 1020 4134 hac
1077 4093 1212 4132 vero
1273 4093 1394 4132 una
1458 4092 1713 4148 persona
1767 4076 2038 4148 progredi

393 4173 678 4247 Spiritum
722 4169 1094 4236 doceremus,
1146 4171 1272 4221 tum
1322 4171 1380 4219 et
1429 4165 1512 4220 sic
1570 4165 2041 4221 Semisabelliani

394 4278 664 4320 essemus
715 4277 786 4315 ex
841 4261 1014 4314 Patre
1073 4261 1133 4312 et
1169 4255 1314 4310 Filio
1369 4255 1558 4323 illum,
1609 4255 1710 4326 qui
1754 4254 2039 4327 procedit,

393 4350 715 4425 procedere
739 4351 1094 4404 asserentes.
1129 4347 1294 4401 Nunc
1319 4361 1450 4399 vero
1474 4361 1582 4399 nos
1603 4343 1776 4400 aliam
1801 4343 2043 4414 quidem

394 4438 729 4498 Divinitatis
745 4451 1064 4507 personam
1097 4439 1425 4497 statuentes
1445 4435 1702 4497 Patrem,
1718 4433 1893 4488 aliam
1911 4449 2042 4488 vero

395 4527 634 4592 Filium,
669 4523 938 4596 ejusdem
971 4522 1200 4578 scilicet
1229 4529 1480 4588 natura),
1515 4522 1691 4578 aliam
1726 4538 1860 4576 vero
1914 4539 2042 4578 rur-

2127 1929 2405 2001 ἰδιότητας
2480 1931 2887 2004 ἀμετακινήτως
2967 1927 3224 2004 ἐχούσας,
3279 1931 3417 1986 καθᾶ
3471 1933 3774 2010 φθάσαντες

2127 2017 2350 2101 ἔφημεν.
2413 2017 2849 2092 Φυλαττομένων
2913 2015 2970 2072 δὲ
3025 2022 3132 2072 τῶν
3193 2015 3485 2089 ἷδιοτήτων
3561 2018 3776 2095 ἑκάστῳ

2126 2103 2552 2182 ἀμεταϐλήτων,
2589 2106 2688 2161 οὐκ
2718 2105 2775 2161 ἃν
2827 2104 3048 2184 λέγοιτο
3094 2107 3157 2163 τὸ
3201 2108 3425 2182 Πνεῦμα
3471 2107 3520 2180 ἐξ
3575 2109 3776 2166 ἐαυτοῦ

2129 2195 2532 2272 ἐκπορεύεσθαι,
2565 2194 2648 2250 ὅτι
2707 2196 2782 2269 μὴ
2833 2191 3045 2266 ἰδιότης
3093 2194 3202 2250 ἐστὶ
3244 2199 3406 2252 τοῦτο
3457 2201 3556 2252 τοῦ
3603 2198 3777 2254 Ηνεύ-

2135 2304 2324 2358 ματος·
2379 2282 2438 2338 ἐκ
2500 2286 2598 2337 τοῦ
2655 2284 2864 2360 Πατρὸς
2933 2281 2989 2338 δέ
3049 2283 3478 2358 ἐκπορευόμενον
3535 2282 3624 2340 δια
3672 2285 3778 2342 τοῦ

2131 2375 2281 2442 Υἱοῦ,
2315 2372 2404 2428 καὶ
2435 2371 2492 2427 ἐκ
2521 2376 2618 2428 τοῦ
2649 2373 2776 2426 Υἱοῦ
2815 2371 3182 2446 ἐκπορεύεται,
3239 2371 3364 2428 ἀλλ’
3423 2373 3487 2430 οὑ
3539 2371 3610 2429 δι’
3657 2375 3777 2432 ἐτέ-

2132 2483 2230 2538 ρου
2260 2462 2427 2524 τινός·
2478 2462 2569 2517 καὶ
2615 2467 2722 2516 ποῦ
2781 2464 2878 2518 τοῦ
2929 2456 3238 2517 Σαϐελλίου
3278 2465 3312 2532 ἡ
3358 2463 3659 2543 σύγχυσις;
3707 2463 3784 2522 Εἴ

2136 2556 2230 2628 μὲν
2279 2555 2382 2629 γὰρ
2428 2551 2485 2609 ἐν
2533 2555 2652 2609 κατ’
2701 2552 2908 2608 ἐκεῖνον
2968 2551 3230 2630 ἐλέγομεν
3291 2555 3381 2610 τὸν
3429 2557 3640 2631 Πατέρα
3681 2559 3776 2614 καὶ

2129 2645 2221 2701 τὸν
2283 2645 2404 2698 Υἱὸν
2443 2645 2478 2713 ἢ
2520 2643 2610 2698 καὶ
2675 2643 2736 2698 τὸ
2795 2641 3014 2714 Πνέῦμα
3070 2643 3144 2706 ὡς
3204 2643 3330 2718 μίαν
3386 2646 3678 2702 ὑπόστασιν
3737 2645 3780 2718 ἦ

2133 2737 2450 2818 πρόσωπον,
2481 2741 2542 2796 τὸ
2592 2741 2654 2796 ἐκ
2699 2745 2796 2796 τοῦ
2838 2741 3048 2816 Πατρὸς
3101 2739 3532 2819 ἐκπορευόμενον
3579 2744 3669 2800 καὶ
3719 2744 3784 2801 ἐκ

2131 2837 2228 2888 τοῦ
2288 2832 2416 2886 Υἱοῦ
2480 2828 2863 2904 ἐκπορεύεσθαι
2957 2851 3266 2909 φασκοντες,
3352 2831 3654 2910 σύμφρονες
3719 2837 3783 2890 ἂν

2132 2925 2270 2995 ἦμεν
2298 2925 2378 2994 τῷ
2436 2915 2746 2993 Σαϐελλίῳ,
2798 2920 2832 2989 ἢ
2874 2919 3086 2981 πάντως
3146 2915 3566 2993 ἠμισαϐἐλλιοι,
3613 2923 3783 2979 καθά.

2133 3032 2236 3086 περ
2267 3007 2431 3066 ἄλλοι
2477 3011 2618 3064 τινες
2668 3009 2970 3082 ἡμιάρειοι·
3015 3009 3084 3064 τὰ
3131 3009 3228 3082 μέυ
3275 3011 3377 3086 γὰρ
3415 3011 3541 3086 τρία
3593 3010 3786 3088 λέγον-

2132 3122 2220 3164 τες
2257 3101 2382 3172 μίαν
2439 3098 2727 3152 ὑπόστασιν
2786 3098 2876 3152 καὶ
2934 3094 2988 3152 ’ἐν
3049 3097 3194 3153 οὕτω
3249 3099 3388 3154 κατᾶ
3455 3095 3787 3174 Σαϐέλλιον,

2070 3227 2114 3293 C
2143 3188 2294 3246 οὒδέν
2323 3186 2539 3262 μᾶλλον
2588 3185 2878 3260 ἐποιοῦμεν
2935 3188 2998 3242 τὸ
3047 3186 3265 3260 Πνεῦμα
3309 3189 3372 3244 ἐκ
3417 3192 3514 3244 τοῦ
3569 3193 3786 3266 Ηατρὸς

2211 3281 2224 3293 ε
2265 3277 2278 3293 ς
2437 3282 2461 3293 ει
2515 3277 2567 3293 --ο
2615 3280 2637 3291 ν
2694 3274 2708 3288 ⁸
2938 3277 2948 3293 Ι
3200 3273 3228 3293 II
3285 3276 3332 3293 9)
3382 3278 3394 3293 ε
3545 3282 3570 3293 αι
3651 3279 3696 3293 9‘
3715 3278 3735 3293 ς
3764 3280 3780 3293 ι

2140 3281 2228 3335 καὶ
2261 3277 2317 3334 ἐγ
2363 3282 2466 3332 τοῦ
2515 3277 2642 3332 Υἱοῦ
2690 3274 3140 3349 ἐκπορευόμενον,
3190 3273 3228 3344 ἤ
3281 3276 3333 3348 ἐξ
3382 3278 3594 3334 ἑαυτοῦ·
3638 3278 3792 3336 ἀλλὰ

2142 3369 2232 3440 καὶ
2287 3369 2377 3423 τὸν
2442 3366 2655 3440 Πατέρα
2711 3365 2982 3442 γεννῶντα
3036 3386 3094 3420 τε
3154 3365 3244 3420 καὶ
3299 3368 3633 3443 γεννώμενον
3695 3369 3790 3424 καὶ

2144 3457 2596 3530 ἐκπορευόμενον,
2655 3455 2744 3510 καὶ
2800 3451 3028 3510 ἕκαστον
3085 3455 3292 3510 τούτων
3345 3455 3406 3512 οὑ
3461 3455 3674 3530 μᾶλλον
3733 3458 3790 3530 ἐξ

2145 3544 2321 3603 ἄλλου
2351 3544 2385 3614 ἤ
2420 3545 2470 3616 ἐξ
2531 3544 2742 3599 ἑαυτοῦ·
2796 3545 2885 3598 καὶ
2926 3543 3018 3599 τὸν
3067 3543 3190 3598 Υἱὸν
3239 3541 3298 3600 δέ
3345 3546 3410 3600 οὐ
3457 3547 3622 3620 μόνον
3669 3569 3794 3622 γεν-

2143 3636 2413 3710 νώμενον,
2453 3633 2599 3689 ἀλλᾶ
2644 3631 2732 3688 καὶ
2779 3631 3232 3708 ἐκπορευόμενον,
3276 3634 3413 3708 πρὸς
3465 3632 3522 3690 δὲ
3567 3637 3788 3702 τούτοις

2145 3724 2237 3780 καὶ
2293 3727 2580 3800 γεννῶντα·
2633 3720 2722 3776 καὶ
2781 3721 2844 3777 τὸ
2903 3725 3117 3796 Πνεῦμα
3172 3719 3323 3785 αὖθις
3383 3723 3482 3778 οὐκ
3537 3721 3798 3800 ἐκπορευ-

2149 3815 2343 3886 όμενον
2407 3813 2597 3885 μόνον,
2659 3809 2804 3866 ἄλλᾶ
2857 3811 2946 3866 καὶ
3014 3815 3216 3886 γεννῶν
3280 3813 3371 3867 καὶ
3443 3815 3798 3889 γεννώμενον.

2147 3905 2377 3957 Τοιαῦτα
2427 3901 2529 3975 γὰρ
2581 3899 2648 3953 τὰ
2707 3893 3014 3953 Σαϐελλίου
3083 3897 3382 3974 ληρήματα
3435 3899 3512 3956 ἐνὶ
3569 3902 3662 3956 καὶ
3717 3908 3803 3976 τῷ

2149 3989 2297 4060 αὑτῷ
2328 3989 2612 4062 πρασώπῳ
2671 3985 2905 4063 διάφορα
2956 3985 3192 4051 τιθέντος
3245 3987 3493 4062 ὀνόματα
3534 3991 3620 4045 καὶ
3676 3987 3803 4046 δια-

2150 4081 2350 4160 φόρους
2381 4075 2688 4148 ἴδιά-τητας.
2727 4077 2828 4131 Τὸν
2887 4073 2944 4132 δὲ
2989 4075 3200 4154 Πατέρα
3241 4076 3332 4133 καὶ
3383 4079 3474 4134 τὸν
3523 4079 3644 4134 Υἳὸν
3692 4082 3804 4153 μό-

2149 4190 2238 4223 νον
2273 4170 2564 4246 φάσκοντες
2612 4163 2670 4221 ’ἑν
2713 4164 3032 4239 πρόσωπον,
3083 4165 3144 4222 ἐκ
3183 4171 3280 4224 τοῦ
3331 4168 3446 4230 ἐνὸς
3496 4165 3554 4224 δὶ
3595 4170 3800 4226 τούτου

2151 4257 2213 4313 τὸ
2255 4261 2473 4328 Πνεῦμα
2529 4257 2898 4330 προέρχεσθαι
2943 4253 3364 4332 δογματίζοντες
3411 4257 3551 4330 ἦμεν
3598 4255 3657 4312 ἂν
3705 4259 3800 4315 καὶ

2152 4345 2325 4408 οὕτως
2357 4340 2751 4418 ἡμισαϐἐλλιοι
2784 4343 2844 4399 ἐκ
2869 4349 2967 4398 τοῦ
3022 4346 3227 4420 Πατρός
3270 4345 3360 4401 καὶ
3421 4345 3480 4401 ἐκ
3525 4351 3620 4402 τνῦ
3665 4349 3800 4404 Υἱοῦ

2151 4437 2212 4492 τὸ
2239 4435 2558 4510 ἐκπορευτὸν
2593 4433 2986 4510 ἐκπορεύεσθαι
3036 4433 3304 4509 λέγοντες.
3365 4438 3474 4494 Νῦν
3523 4434 3580 4494 δὲ
3628 4439 3801 4514 ἡμεῖς

2155 4523 2336 4595 ἄλλην
2381 4525 2475 4598 μὲν
2536 4523 2824 4579 ὑπόστασιν
2881 4527 2981 4588 τῆς
3029 4524 3289 4596 θεότητος
3342 4521 3654 4597 δοξάζοντες
3705 4529 3805 4584 τὸν

399 4633 500 4674 sus
545 4595 851 4688 Spiritum,
905 4611 1120 4666 deinde
1167 4616 1460 4682 ponentes
1508 4610 1930 4682 procedentem
1979 4627 2027 4665 ο]

2156 4595 2598 4689 Πατέραμῖλλην
2631 4609 2687 4667 δὲ
2715 4613 2806 4667 τὸν
2857 4613 3008 4681 Υἱὸν,
3059 4595 3378 4684 τῆςαὺτῆς
3428 4595 3642 4686 δῇλαδή
3696 4615 3804 4694 φῦ-

395 4708 592 4768 Patre,
624 4699 945 4776 procedere
971 4715 1207 4770 quoque
1237 4715 1310 4756 ex
1339 4699 1510 4766 Filio,
1555 4699 1727 4754 aliter
1763 4699 2036 4756 dicimus.

394 4793 504 4862 Qui
533 4809 669 4850 vero
698 4805 882 4846 unam
915 4793 1249 4860 Jpersonam
1307 4803 1435 4844 esse
1483 4787 1652 4842 aiunt
1701 4789 1932 4844 Patrem
1983 4792 2042 4843 et

395 4883 633 4952 Filium,
666 4877 880 4938 deinde
911 4877 1190 4950 Spiritum
1223 4893 1293 4932 ex
1322 4879 1492 4932 Patre
1525 4882 1584 4932 et
1615 4893 1682 4932 ex
1715 4876 1860 4933 Filio
1904 4895 2039 4948 pro-

395 4975 607 5034 cedere
636 4973 961 5036 afiirmant,
1003 4966 1327 5024 absurdum
1375 4983 1747 5038 consequens
1801 4967 2039 5037 habent,

395 5082 520 5124 non
551 5063 690 5135 quia
722 5057 1073 5130 simpliciter
1102 5056 1306 5112 dicunt
1336 5073 1404 5112 ea:
1454 5057 1619 5112 Patre
1661 5063 1713 5112 et
1756 5073 1824 5111 ex
1873 5055 2039 5127 Filio,

399 5154 505 5212 sed
537 5153 678 5225 quia
707 5167 779 5206 ex
807 5145 1097 5204 ambobus
1127 5151 1410 5217 tanquam
1440 5162 1581 5214 uno,
1606 5151 1664 5200 et
1685 5145 1826 5217 quia
1853 5162 2042 5202 unum

394 5250 740 5313 utrumque,
798 5240 1034 5294 Patrem
1082 5235 1356 5291 videlicet
1405 5240 1463 5290 et
1507 5234 1742 5304 Filium,
1793 5239 2042 5306 ponunt,

395 5349 518 5390 non
551 5328 878 5386 secundum
907 5326 1024 5381 vim
1057 5325 1380 5381 Dominicae
1411 5325 1568 5380 vocis
1619 5341 1822 5380 verum
1871 5341 2042 5380 secus

400 5437 468 5477 ac
493 5419 594 5474 ille
626 5417 769 5472 dicit
795 5434 806 5472 :
842 5419 959 5486 Ego
989 5421 1042 5470 et
1075 5417 1241 5470 Pater
1270 5431 1441 5470 unum
1469 5431 1670 5470 sumus.
1723 5415 1848 5470 Non
1879 5431 2039 5482 vero,

401 5507 504 5580 qui
535 5523 607 5561 ex
636 5507 806 5561 Patre
837 5509 898 5559 et
927 5520 997 5560 ex
1028 5503 1173 5558 Filio
1205 5503 1459 5559 dicimus
1490 5503 1794 5574 Spiritum,
1828 5520 1948 5558 non
1979 5507 2045 5558 ut

405 5614 475 5654 ex
503 5610 622 5651 uno
653 5593 926 5664 dicimus,
983 5607 1186 5648 verum
1239 5597 1306 5648 ut
1360 5609 1428 5648 ex
1487 5592 1714 5648 duabus
1769 5593 2041 5663 personis

406 5679 1016 5746 consubstantialibus
1091 5680 1656 5737 consubstantialem
1721 5681 2041 5752 procedere

2150 4723 2307 4769 σεως,
2345 4699 2524 4772 ἃλλην
2582 4697 2640 4757 δὲ
2697 4701 2956 4764 ὡσαύτως
3003 4701 3066 4756 τὸ
3112 4707 3352 4776 Πνεῦμα,
3403 4703 3520 4760 εἶτα
3566 4703 3802 4770 τιθέντες

2147 4793 2211 4847 τὸ
2261 4791 2320 4846 ἐκ
2375 4795 2473 4846 τοῦ
2530 4791 2739 4865 Πατρὸς
2800 4789 3229 4865 ἐκπορευόμενον
3273 4791 3656 4867 ἐκπορεύεσθαι
3704 4795 3802 4850 καὶ

2149 4879 2210 4936 ἐκ
2235 4883 2332 4935 τοῦ
2363 4879 2736 4954 Υἱοῦ,ἐτὲρως
2769 4878 2966 4956 φαμέν.
3021 4880 3088 4938 O1
3146 4881 3240 4953 μὲν
3291 4879 3382 4936 οὖν
3430 4881 3484 4936 ’ἐν
3541 4881 3803 4957 λέγοντες

2149 4971 2240 5024 τὸν
2285 4968 2495 5043 Πατέρα
2523 4967 2613 5022 καὶ
2643 4967 2734 5024 τὸν
2790 4969 2914 5024 Υἱὸν
2961 4965 3278 5043 πρόσωπον,
3333 4971 3448 5026 εἶτα
3503 4971 3800 5050 φάσκοντες

2149 5057 2212 5112 τὸ
2262 5057 2478 5129 Πνεῦμα
2529 5055 2852 5132 ἐκπορευτὸν
2913 5057 2972 5112 ἐκ
3025 5061 3127 5114 τοῦ
3185 5059 3398 5135 Ῑῐατρὸς
3445 5059 3536 5115 καὶ
3593 5059 3651 5116 ἐκ
3695 5067 3800 5117 τοῦ

2150 5148 2299 5218 Υἱοῦ,
2329 5145 2392 5201 τὸ
2449 5143 2650 5200 ἂτοπον
2701 5143 2964 5220 ἑπόμενον
3014 5140 3257 5225 ἔχουσιν·
3311 5147 3422 5224 οὑχ
3469 5148 3556 5207 δτι
3605 5148 3802 5213 ἁπλῶς

2150 5256 2307 5312 φασιν
2339 5233 2400 5290 ἐκ
2427 5238 2522 5289 τοῦ
2552 5234 2762 5310 Πατρὸς
2815 5234 2907 5289 καὶ
2950 5233 3010 5290 ἐκ
3063 5237 3162 5291 τοῦ
3199 5237 3352 5308 Υἱοῦ,
3399 5237 3526 5294 ἀλλ’
3581 5237 3667 5294 ὅτι
3719 5239 3803 5302 ὡς

2152 5326 2268 5388 ἐνὸς
2301 5323 2352 5398 ἐξ
2383 5326 2609 5399 ἄμφοῖν·
2642 5323 2732 5380 καὶ
2781 5323 2864 5380 ὅτι
2913 5320 2968 5379 ἓν
3016 5325 3182 5404 ἄμφω
3237 5325 3477 5382 τίθενται
3523 5327 3620 5384 τὸν
3673 5333 3804 5383 Πασ-

2149 5414 2276 5488 τέρα
2305 5413 2516 5468 καὶτὸν
2563 5413 2706 5484 Υἰὸν,
2741 5412 2803 5469 οὑ
2852 5413 2988 5470 κατὰ
3035 5411 3262 5488 δύναμιν
3310 5418 3407 5482 τῆς
3455 5420 3554 5472 τοῦ
3595 5417 3802 5492 Κυρίου

2151 5509 2359 5582 φωνῆς,
2389 5501 2518 5559 ἀλλ’
2549 5503 2745 5578 ἑτέρως
2795 5503 2828 5574 ἢ
2889 5503 2962 5563 ὡς
3019 5501 3221 5567 ἐκεῖνός
3273 5523 3461 5581 φησιν·
3513 5506 3652 5581 Ἐγὼ
3701 5508 3800 5564 καὶ

2151 5595 2180 5648 ὁ
2213 5593 2397 5666 Πατὴρ
2452 5587 2507 5647 ἓν
2567 5591 2748 5665 ἐσμεν.
2807 5593 3000 5664 Ἡμεῖς
3061 5589 3120 5648 δὲ
3169 5593 3260 5648 καὶ
3315 5594 3376 5650 ἐκ
3421 5599 3520 5652 τοῦ
3579 5596 3798 5671 Πατρὸς

2150 5681 2239 5738 καὶ
2270 5679 2328 5737 ἐκ
2355 5683 2450 5735 τοῦ
2479 5680 2608 5735 Υἱοῦ
2637 5682 2699 5738 τὸ
2735 5683 2954 5759 Πνεῦμα
2985 5679 3236 5759 λέγοντες
3290 5683 3402 5762 οὐχ
3447 5684 3524 5751 ὡς
3569 5683 3622 5762 ἐξ
3671 5683 3803 5756 ἐνὸς
