4062 6202
263 359 382 421 186

1257 353 1359 415 DE
1399 351 1940 418 PROCESSIONE
1982 355 2339 420 SPIRITUS
2388 357 2690 421 SANCTI.

3571 364 3688 427 186

261 491 427 548 τοῦτό
460 508 660 569 φαμεν,
718 485 851 543 ἀλλ’
907 486 982 549 ὡς
1041 485 1103 543 ἔκ
1155 483 1255 542 δύο
1301 485 1612 563 προσώπων
1656 488 1917 567 ὁμοφυῶν

2043 491 2365 549 secundum
2398 494 2719 565 quemdam
2778 495 3147 568 incognitum
3213 500 3273 551 et
3330 497 3692 557 ineffabilem

266 582 510 661 ὁμοφυές
565 579 982 655 προερχόμενον
1021 578 1156 633 κατά
1210 599 1332 633 τινα
1389 579 1592 654 τρόπον
1652 576 1927 654 ἄγνωστόν

263 670 446 728 τεκαὶ
496 667 754 745 ἃρῥητον.
820 668 900 724 Τὸ
971 668 1068 741 μὲν
1116 667 1210 723 οὗν
1271 666 1324 738 ἐξ
1380 668 1584 741 ἀμφοῖν
1630 664 1811 745 λέγειν
1866 667 1929 722 τὸ

269 765 489 830 Πνεῦμα
546 759 620 818 ὡς
684 757 734 827 ἐξ
801 757 942 827 ἑνὸς,
1003 751 1212 818 ἀσεὸἑς’
1279 752 1647 812 Σαϐελλιανὸν
1707 756 1811 833 γάρ
1867 758 1931 813 τὸ

267 847 325 904 δὲ
355 847 408 918 ἐξ
439 846 650 926 ἀμφοῖν
681 845 937 925 ὲχόντοιν
968 847 1067 901 οὐκ
1096 846 1148 900 ἐν
1208 845 1367 918 οὐσίᾳ
1412 844 1785 924 διαφορότητα
1816 846 1932 902 οὐδ’

268 938 319 994 ἰν
352 937 642 1010 ὀνομάτων
693 934 975 1007 διττότητι
1030 938 1130 1005 τὴν
1183 933 1468 1009 διάκρισιν,
1530 933 1659 991 ἀλλ’
1687 937 1743 991 ἓν
1804 936 1932 991 ὑπο-

267 1031 551 1086 στατικαῖς
607 1022 869 1095 ἲδιότησι,
926 1032 1027 1094 τῆς
1089 1018 1468 1094 Σαϐελλιανῆς
1526 1020 1771 1087 ἀσεϐείας
1825 1045 1925 1099 μα-

263 1118 421 1191 κράν·
458 1115 623 1183 ὥστε,
674 1111 863 1182 ἐπειδὴ
921 1114 985 1169 τὸ
1042 1118 1290 1191 τοιοῦτον
1351 1111 1530 1190 δόγμα
1582 1110 1766 1187 ἕτερόν
1819 1114 1929 1169 ἐστι

258 1213 362 1274 τῆς
392 1208 494 1260 τοῦ
527 1199 844 1259 Σαϐελλίου
877 1198 1062 1275 δόξης,
1101 1190 1231 1276 μηδ’
1264 1203 1342 1265 ὡς
1390 1199 1760 1259 Σαϐελλιανὸν
1793 1206 1931 1278 ἡγοῦ

256 1294 349 1348 καὶ
383 1289 736 1364 ἀπόϐλητον.
767 1291 925 1349 Ἀλλ’
954 1290 991 1362 ἤ
1047 1291 1151 1368 ἄρα
1208 1293 1407 1367 ἑτέρως
1456 1287 1605 1368 ἔχειν
1634 1293 1698 1348 τὸ
1729 1290 1927 1349 ἃτοπον

256 1380 488 1459 ἔλεγχε.

334 1480 395 1528 ε’.
435 1478 541 1530 ΓΡ.
592 1473 774 1528 Ἔστω
830 1475 1018 1539 ταῦτα,
1056 1473 1148 1527 καὶ
1210 1473 1286 1546 μὴ
1348 1468 1720 1528 Σαϐελλιανὸν
1788 1468 1929 1528 ἔστω

257 1564 324 1619 τὸ
357 1562 550 1637 λέγειν
578 1561 638 1616 ἐκ
666 1566 764 1616 τοῦ
817 1562 1033 1637 Πατρὸς
1089 1563 1177 1617 καὶ
1237 1566 1336 1618 τοῦ
1366 1564 1494 1618 ficii
1541 1568 1639 1618 τοῦ
1664 1562 1929 1637 παναγίου

256 1653 594 1726 Πνεύματος
665 1654 767 1722 τήν
821 1650 1157 1727 ἐκπόρευσινο
1245 1651 1372 1708 ἀλλ’
1423 1651 1596 1708 ἐκεῖνό
1652 1674 1716 1729 γε
1797 1651 1928 1708 ἆτος

254 1764 363 1797 πον
399 1745 537 1813 (14).
578 1741 643 1796 Ei
672 1742 779 1816 γὰρ
835 1739 887 1814 ἐξ
930 1741 1160 1817 ἀμφοῖν,
1219 1741 1469 1804 σύνθετος
1527 1742 1675 1815 αὐτῷ
1733 1741 1928 1798 λοιπὸν

249 1840 361 1903 τῆς
409 1833 763 1893 ὑποστάσεως
791 1833 825 1901 ἡ
871 1829 1110 1902 ἰδιότης,
1167 1831 1258 1887 καὶ
1318 1831 1427 1907 οὐχ
1474 1833 1624 1899 ἁπλῆ
1655 1833 1745 1888 καὶ
1804 1835 1926 1888 σύν-
1961 1875 2007 1940 Β

249 1925 278 1940 Α
483 1924 499 1940 ο
576 1921 590 1940 ο
662 1921 675 1940 Ρ
951 1919 978 1940 Μ
1150 1922 1166 1940 \
1242 1921 1258 1940 9
1320 1920 1333 1940 Ι
1525 1929 1528 1932 ’
1594 1923 1609 1940 \
1676 1921 1691 1940 ’
1796 1922 1809 1940 1

248 1925 423 1984 θετος
474 1924 510 1991 ἢ
571 1921 888 1990 ὑπόστασις,
947 1919 1032 1977 δτι
1078 1922 1166 1976 καὶ
1231 1920 1450 1996 ἀμέσως
1520 1923 1611 1977 καὶ
1670 1921 1926 1997 ἐμμέσως

247 2004 742 2085 ξκπορεύεται,τὸ
789 2011 884 2084 μὲν
929 2009 991 2065 ἐκ
1047 2015 1142 2065 τοῦ
1200 2012 1430 2084 Ματρὸς,
1483 2013 1546 2067 τὸ
1603 2009 1662 2067 δὲ
1717 2011 1778 2067 ἐκ
1831 2016 1928 2067 τοῦ

248 2102 419 2155 Ποῦ·
463 2099 609 2154 οὕτω
674 2095 733 2152 δὶ
785 2097 877 2152 καὶ
935 2103 1033 2154 τοῦ
1084 2100 1213 2153 Υἱοῦ
1271 2101 1307 2169 ἡ
1360 2097 1571 2171 ῗδιότης
1630 2099 1930 2175 εὑρίσκεται

246 2190 544 2255 σύνθετσς,
573 2184 780 2263 ἔχουσα
804 2187 881 2260 μή
920 2186 1084 2259 μόνον
1105 2196 1168 2243 τὸ
1189 2190 1470 2263 γεννᾶσθαι
1494 2187 1554 2244 ὲκ
1582 2192 1677 2244 τοῦ
1700 2191 1930 2265 Πατρὸς,

248 2278 419 2335 ἀλλὰ
438 2277 535 2332 καὶ
566 2278 631 2332 τὸ
662 2278 881 2348 Πνεῦμα
912 2276 963 2347 ἐξ
992 2276 1184 2331 ἑαυτοῦ
1243 2276 1461 2351 ἀμέσως
1518 2278 1593 2343 ὠς
1651 2279 1787 2351 μέση
1821 2279 1931 2353 (15)

252 2362 713 2443 προϐάλλεσθαι.

340 2550 519 2606 ΑΔΤ.
569 2549 719 2602 Κατᾶ
768 2552 961 2603 τοῦτον
1040 2547 1131 2603 τὸν
1198 2545 1362 2623 λόγον
1417 2548 1656 2611 σύνθεσις
1714 2546 1774 2603 ἄν
1852 2547 1935 2621 εἴη

252 2642 357 2694 καὶ
392 2639 519 2708 περὶ
550 2644 646 2692 τὸν
689 2638 922 2712 Πατὲρα,
962 2636 1053 2691 καὶ
1114 2634 1355 2710 μᾶλλον,
1409 2638 1493 2693 δτι
1541 2637 1642 2693 οὐκ
1670 2638 1938 2714 ἆγγὲννη-

244 2751 356 2793 τος
392 2730 583 2800 μόνον,
624 2726 772 2783 ἀλλὰ
812 2727 901 2781 καὶ
942 2729 1223 2801 γεννήτωρ
1251 2726 1341 2781 καὶ
1389 2721 1719 2801 προϐολεύς.
1763 2729 1826 2784 Εἰ
1880 2725 1939 2784 δὲ

244 2816 351 2874 ἐπὶ
418 2822 518 2872 τοῦ
575 2817 793 2889 Ηατρός
851 2819 1021 2870 ταῦτα
1096 2815 1162 2869 οὐ
1238 2818 1609 2891 παρεισήγαγε
1664 2818 1976 2903 σύνθεσιν,.

245 2907 405 2965 οὐδὲ
458 2908 635 2963 ἐκεῖνα
678 2906 875 2962 λοιπὸν
963 2906 1051 2961 ἐπὶ
1104 2909 1201 2961 τοῦ
1267 2905 1395 2960 Υἱοῦ
1449 2908 1541 2961 καὶ
1598 2908 1934 2980 Πνεύματος.

271 3000 329 3056 Π
362 2997 455 3058 τίς
496 2999 534 3066 ἦ
591 2996 1012 3070 ἀποκλήρωσις,
1068 2995 1159 3051 τὸν
1225 2997 1322 3068 μὲν
1374 2994 1587 3072 Πατέρα
1657 2997 1733 3069 μὴ
1802 2999 1935 3053 εἶναι

248 3090 530 3153 σύνθετον
558 3086 620 3143 ἒκ
672 3092 772 3142 τοῦ
830 3088 1126 3164 ἆγεννήτου
1176 3088 1268 3142 καὶ
1323 3091 1419 3142 τοῦ
1473 3092 1791 3163 γεννητικοῦ
1846 3090 1937 3144 καὶ

250 3184 374 3236 τοῦ
407 3173 812 3253 προϐλητικοῦ,
841 3177 935 3232 τὸν
990 3173 1048 3231 δὲ
1107 3177 1229 3231 ι”ιὸν
1286 3176 1536 3241 σύνθετον
1585 3177 1725 3232 εἶναι
1755 3175 1847 3233 διὰ
1872 3179 1935 3233 τὸ

2034 581 2298 638 modum.
2333 583 2615 654 Spiritum
2639 585 2819 658 igitur
2846 585 3044 642 dicere
3069 603 3139 641 ex
3165 592 3416 658 utroque
3440 589 3602 644 velut
3621 608 3693 645 ex

2033 687 2153 727 uno
2184 672 2434 743 impium
2469 679 2578 739 est,
2612 675 2752 745 quia
2785 675 3188 731 Sabellianum
3217 693 3229 743 ;
3264 695 3398 733 eum
3433 695 3568 734 vero
3604 681 3697 734 di—

2034 776 2168 816 cere
2201 778 2270 816 ex
2300 762 2588 819 ambobus
2619 782 2741 820 non
2774 765 3133 820 habentibus
3155 766 3214 820 in
3248 769 3505 823 essentia
3527 769 3694 825 diﬂ‘e-

2033 851 2288 906 rentiam
2329 869 2524 923 neque
2557 854 2618 908 in
2648 855 2957 910 nominum
2993 855 3338 926 duplicitate
3385 857 3691 915 discretio-

2035 954 2197 1002 nem,
2230 940 2335 995 sed
2382 941 2443 996 in
2482 941 2870 1012 hypostaticis
2918 944 3401 1014 proprietatibus,
3445 946 3617 1017 longe
3657 963 3691 1000 a

2036 1026 2373 1085 Sabelliana
2407 1030 2712 1101 impietate
2742 1032 2928 1087 abest.
2960 1034 3148 1097 Quare
3179 1050 3312 1088 cum
3344 1034 3455 1089 hoc
3477 1034 3692 1108 dogma

2036 1116 2193 1195 aliud
2228 1120 2364 1174 sita
2394 1119 2631 1175 Sabellii
2689 1122 2998 1191 opinione,
3047 1138 3242 1193 neque
3287 1123 3689 1179 Sabellianum

2035 1213 2095 1262 et
2119 1208 2519 1280 abjiciendum
2569 1209 2720 1264 illud
2749 1211 3072 1269 existimes.
3118 1214 3331 1268 Verum
3362 1213 3687 1270 absurdum

2035 1296 2182 1352 illud
2214 1313 2340 1353 esse
2367 1298 2609 1355 aliunde
2638 1299 3035 1355 demonstres.

2106 1477 2160 1531 5.
2194 1476 2304 1531 GR.
2334 1476 2463 1531 Sint
2492 1477 2618 1532 haec
2656 1477 2759 1542 ita,
2800 1494 2993 1550 neque
3046 1478 3453 1535 Sabellianum
3502 1481 3581 1535 sit
3608 1482 3693 1536 di-

2035 1581 2191 1632 cere,
2225 1582 2294 1621 ex
2330 1568 2503 1621 Patre
2561 1571 2621 1622 et
2664 1567 2813 1623 Filio
2854 1569 3214 1624 sanctissimi
3259 1569 3511 1640 Spiritus
3561 1587 3690 1626 esse

2036 1654 2499 1727 processionem.
2531 1657 2810 1711 Attamen
2842 1657 2990 1712 illud
3037 1663 3197 1713 certe
3248 1657 3575 1713 absurdum
3602 1675 3695 1713 os-

2037 1744 2248 1810 tendit,
2277 1745 2435 1816 quod
2467 1762 2587 1801 non
2614 1745 2808 1803 dicam
2840 1748 2917 1817 (ἰ).
2953 1748 3009 1803 Si
3033 1748 3285 1819 Spiritus
3317 1753 3492 1804 estex
3521 1754 3689 1803 utro-

2038 1849 2173 1905 que,
2208 1834 2539 1905 composita
2568 1836 2681 1907 ipsi
2712 1836 2825 1891 erit
2854 1837 3239 1908 hypostaseos
3264 1839 3611 1910 proprietas,
3634 1843 3693 1893 et

2035 1938 2155 1978 non
2187 1923 2459 1994 simplex,
2489 1929 2546 1979 et
2575 1925 2904 1996 composita
2931 1926 3057 1997 ipsa
3081 1927 3436 1998 hypostasis,
3471 1928 3609 1997 quia
3631 1934 3689 1983 et

2035 2011 2379 2068 immediate
2397 2018 2455 2067 et
2468 2013 2723 2069 mediate
2737 2015 3256 2084 procedit,scilicet
3270 2022 3394 2070 tum
3408 2033 3474 2071 ex
3493 2018 3663 2071 Patre
3683 2061 3697 2086 ,

2037 2106 2165 2159 tum
2198 2117 2267 2156 ex
2298 2100 2488 2168 Filio;
2540 2102 2624 2157 sic
2669 2107 2867 2158 autem
2920 2108 2979 2158 et
3034 2104 3165 2158 Filii
3216 2105 3547 2176 proprietas
3598 2106 3696 2160 de-

2039 2190 2433 2263 prehenditur
2462 2192 2809 2263 composita,
2865 2208 3044 2262 quum
3078 2209 3198 2247 non
3242 2193 3435 2249 solum
3481 2194 3697 2250 habeat

2042 2279 2201 2351 quod
2232 2280 2311 2337 sit
2338 2286 2653 2353 generatus
2712 2297 2783 2335 ex
2828 2283 3022 2347 Patre,
3064 2299 3267 2337 verum
3312 2283 3488 2338 etiam
3539 2284 3697 2354 quod

2043 2369 2329 2441 Spiritum
2377 2374 2647 2429 sanctum
2689 2386 2757 2425 ex
2806 2388 2867 2427 se
2918 2372 3046 2442 ipso
3095 2372 3435 2428 immediate
3480 2373 3697 2444 produ-

2044 2464 2158 2515 cat.

2118 2547 2271 2602 LAT.
2305 2548 2643 2607 Secundum
2673 2550 2829 2605 hanc
2850 2550 3143 2606 rationem
3169 2550 3231 2605 in
3260 2554 3428 2606 Patre
3462 2568 3697 2623 quoque

2045 2635 2199 2692 foret
2228 2638 2601 2709 compositio,
2636 2644 2694 2695 et
2732 2639 2920 2693 multo
2954 2639 3162 2709 magis,
3189 2642 3329 2710 quia
3350 2657 3469 2694 non
3502 2640 3695 2695 solum

2047 2726 2370 2798 ingenitus,
2401 2742 2603 2784 verum
2645 2727 2824 2782 etiam
2873 2744 3167 2799 generans
3218 2733 3275 2781 et
3323 2728 3555 2799 spirans
3583 2735 3696 2784 est.

2049 2815 2106 2869 Si
2134 2830 2272 2869 vero
2303 2815 2432 2869 haac
2471 2815 2535 2869 in
2575 2816 2749 2870 Patre
2801 2814 3022 2869 nullam
3068 2815 3357 2872 inducunt
3402 2818 3700 2888 composi-

2047 2903 2296 2967 tionem,
2329 2919 2522 2974 neque
2556 2902 2659 2958 illa
2690 2904 2751 2957 in
2783 2902 2933 2958 Filio
2965 2908 3022 2958 et
3054 2904 3114 2958 in
3147 2904 3369 2974 Spiritu
3409 2906 3701 2976 composi-

2047 2992 2270 3049 tionem
2300 2991 2604 3049 inducent.
2662 2994 2778 3047 Aut
2838 2991 3028 3063 qualis
3074 2998 3165 3047 est
3212 2993 3325 3049 ista
3369 2995 3597 3050 sortitio
3647 3001 3707 3051 et

2050 3080 2410 3146 distributio,
2444 3081 2679 3135 Patrem
2731 3080 2971 3152 quidem
2997 3098 3116 3136 non
3149 3098 3277 3137 esse
3308 3084 3701 3155 compositum

2049 3184 2121 3223 ex
2150 3167 3021 3241 innascibilitate,generatione
3040 3176 3098 3225 et
3112 3171 3432 3243 spiratione
3446 3172 3700 3245 (activa),

245 3268 533 3347 γεννητὸν
579 3266 667 3321 καὶ
726 3267 788 3323 τὸ
837 3260 1240 3341 προϐλητικὸν,
1290 3265 1379 3320 καὶ
1431 3267 1495 3320 τὸ
1554 3270 1772 3341 Πνεῦμα
1845 3264 1929 3322 διὰ

2044 3256 2255 3314 Filium
2316 3273 2452 3312 vero
2498 3239 2891 3329 compositum
2937 3275 3068 3313 esse
3116 3264 3358 3331 propter
3404 3260 3698 3332 passivam

246 3361 327 3414 τὸ
368 3355 590 3431 διχόθεν
620 3355 711 3411 καὶ
744 3353 924 3430 διχῶς
979 3353 1327 3430 ἐνιπορευτὸν,
1364 3354 1493 3424 ἤτοι
1552 3355 1613 3410 ὲκ
1667 3360 1764 3411 τοῦ
1822 3362 1930 3412 [Ια-

247 3449 408 3520 τρός
437 3447 524 3501 καὶ
556 3445 618 3500 ἐκ
643 3450 745 3500 τοῦ
778 3446 929 3513 Υἱοῦ,
964 3443 1218 3517 ἔμμέσως
1249 3441 1465 3514 δηλαδὴ
1521 3445 1611 3499 καὶ
1664 3444 1880 3518 ἀμέσως
1915 3464 1930 3515 ς

244 3536 469 3593 Καίτοι
496 3531 593 3589 κᾶν
624 3532 807 3603 ἁπλῆν
842 3530 1023 3606 δῶμεν
1052 3532 1264 3606 ἑκάστῳ
1313 3534 1414 3603 τὴν
1469 3530 1738 3605 ἰδιότητα,
1795 3535 1931 3589 κατᾶ

242 3628 362 3682 τὸν
393 3625 483 3679 σὸν
514 3622 681 3699 λόγον
711 3624 799 3678 καὶ
835 3621 1030 3689 οὕτως,
1090 3622 1164 3684 ὡς
1192 3634 1197 3639 “
1222 3621 1418 3699 λὲγεις,
1470 3620 1673 3694 διπλόη
1710 3643 1928 3698 παρεισ-

243 3716 594 3790 αχθήσεται,
651 3714 742 3767 καὶ
808 3710 1045 3774 σύνθεσις
1119 3710 1330 3785 ἓψεται,
1398 3713 1487 3767 καὶ
1565 3706 1713 3767 ἔσται
1806 3714 1929 3768 σύν-

243 3809 421 3863 θετον
474 3799 724 3859 ἕκαστον.
787 3802 890 3860 Καὶ
945 3804 1051 3879 γὰρ
1104 3802 1156 3857 ἒν
1217 3807 1298 3875 τῷ
1358 3803 1529 3877 Πατρῖ
1586 3803 1679 3857 καὶ
1737 3805 1773 3872 ἡ
1830 3810 1932 3873 τῆς

244 3896 530 3965 θεότητος
561 3893 714 3948 οὐσία
762 3891 878 3948 ἐστὲ
936 3893 1023 3946 καὶ
1084 3894 1119 3961 ἡ
1178 3895 1275 3946 τοῦ
1312 3896 1500 3968 γεννᾷν
1547 3889 1782 3961 ἴδιότης,
1840 3894 1929 3948 καὶ

246 3986 315 4041 ἐν
358 3988 438 4055 τῷ
493 3985 605 4054 Υἱῷ
671 3984 805 4055 μετά
858 3988 958 4051 τῆς
1014 3978 1200 4043 οὐσίας
1259 3979 1351 4035 καὶ
1409 3981 1444 4049 ἡ
1493 3984 1594 4035 τοῦ
1644 3987 1927 4057 γεννᾶσθαι

250 4073 486 4143 ἰδιότης
516 4071 681 4137 ἐστὶν,
712 4070 805 4126 καὶ
850 4068 901 4125 ἐν
959 4074 1040 4142 τῷ
1089 4068 1362 4143 Πνεύματι
1425 4070 1559 4143 μετὰ
1606 4077 1707 4140 τῆς
1764 4069 1930 4140 αὐτῆς

254 4160 460 4222 οὐσίας
516 4161 607 4216 καὶ
666 4162 703 4231 ἠ
759 4156 972 4228 ἰδιότης
1024 4164 1124 4227 τῆς
1210 4156 1601 4233 ἐκπορεύσεως.
1654 4158 1814 4216 Ἀλλ’
1867 4161 1927 4215 οὐ

254 4255 515 4318 σύνθεσις
546 4251 679 4319 ἐκεῖ,
711 4250 840 4306 ἀλλ’
898 4249 1145 4322 ἁπλότης
1190 4251 1323 4325 ὑπὲρ
1380 4255 1552 4306 πᾶσαν
1618 4250 1927 4322 ἁπλότητα,

256 4346 355 4399 δτι
389 4343 526 4417 μέρη
558 4345 730 4396 ταῦτα
757 4345 859 4409 τῆς
888 4339 1145 4409 θεότητος
1177 4339 1413 4414 ιάμερής
1444 4340 1551 4418 γὰρ
1600 4341 1732 4416 ὑπὲρ
1754 4346 1927 4397 πᾶσαν

254 4431 568 4508 ἆμέρειαν),
624 4428 754 4484 αλλ’
830 4426 1103 4497 ΐδιότητες
1191 4429 1316 4502 περῖ
1374 4429 1473 4497 τήν
1560 4430 1687 4502 μίαν
1742 4429 1926 4486 οὐσίαν

250 4522 357 4579 καὶ
407 4520 502 4583 τὰς
558 4526 661 4588 τῆς
696 4522 851 4590 ’μιᾶς
908 4517 1097 4578 οὐσίας
1154 4518 1476 4583 ὑποστάσεις
1557 4518 1926 4594 θεωρούμεναι

2038 3346 2484 3419 generationem
2516 3352 2574 3402 et
2603 3347 2991 3419 spirationem
3025 3349 3296 3417 activam,
3329 3356 3389 3406 et
3415 3351 3698 3424 Spiritum

2038 3436 2458 3507 compositum,
2491 3437 2633 3507 quia
2671 3455 2702 3493 e
2730 3438 2950 3510 duplici
2983 3456 3161 3496 causa
3182 3446 3241 3496 et
3270 3440 3487 3515 duplici
3522 3445 3699 3500 modo

2038 3525 2340 3597 procedat,
2366 3525 2487 3581 sive
2509 3542 2578 3580 ex
2617 3528 2790 3582 Patre
2813 3532 2872 3583 et
2910 3544 2981 3583 ex
3012 3528 3180 3593 Filio,
3223 3532 3478 3588 mediate
3528 3525 3700 3588 videli

2037 3619 2133 3670 cet
2157 3619 2215 3669 et
2246 3614 2634 3670 immediate?
2664 3616 3015 3688 Quanquam
3048 3623 3105 3673 et
3126 3619 3173 3673 si
3225 3620 3560 3690 simplicem
3596 3622 3700 3676 de-

2039 3720 2172 3758 mus
2202 3703 2415 3774 cuique
2443 3704 2867 3775 preprietatem
2911 3705 3238 3761 secundum
3272 3714 3436 3763 tuum
3470 3725 3694 3764 sermo-

2034 3809 2195 3855 nem,
2220 3797 2278 3846 et
2308 3793 2412 3859 sic,
2448 3796 2514 3847 ut
2545 3793 2716 3860 dicis,
2750 3793 3068 3864 duplicitas
3100 3794 3413 3852 inducetur
3444 3802 3503 3853 et
3532 3815 3689 3853 com-

2037 3882 2251 3953 positio
2266 3888 2549 3953 sequetur
2571 3887 2630 3936 et
2652 3883 2764 3936 erit
2780 3884 3250 3954 unumquodque
3274 3888 3692 3958 compositum.

2034 3970 2268 4025 Etenim
2298 3970 2361 4024 in
2391 3973 2561 4026 Patre
2597 3976 2685 4026 est
2720 3977 2844 4025 tum
2888 3971 3216 4029 divinitatis
3260 3976 3523 4031 essentia
3569 3983 3693 4033 tum

2035 4059 2310 4132 gignendi
2343 4060 2696 4131 proprietas,
2732 4065 2790 4115 et
2821 4061 2882 4117 in
2914 4061 3061 4117 Filio
3102 4079 3223 4118 una
3252 4081 3387 4119 cum
3440 4067 3696 4122 essentia

2036 4150 2365 4221 proprietas
2404 4148 2587 4220 geniti
2639 4154 2746 4214 est,
2806 4155 2863 4205 et
2914 4150 2975 4205 in
3028 4151 3247 4223 Spiritu
3306 4169 3440 4209 cum
3488 4154 3695 4211 eadem

2036 4239 2316 4301 essentia,
2350 4240 2683 4311 proprietas
2730 4240 3131 4310 processionis
3194 4243 3409 4298 Verum
3457 4260 3578 4298 non
3611 4250 3701 4299 est

2036 4328 2389 4398 compositio
2422 4328 2527 4395 ibi,
2551 4328 2655 4382 sed
2692 4328 3045 4399 simplicitas
3078 4346 3257 4401 super
3286 4347 3523 4387 omnem
3553 4332 3694 4388 sim-

2034 4417 2380 4491 plicitatem,
2412 4417 2554 4487 quia
2603 4433 2712 4472 nec
2738 4425 2937 4488 partes
2987 4418 3320 4475 Divinitatis
3376 4420 3488 4476 ista
3537 4428 3693 4478 sunt:

2036 4523 2218 4579 quum
2250 4522 2320 4561 ea
2350 4506 2429 4561 sit
2466 4522 2646 4577 super
2685 4523 2921 4562 omnem
2965 4508 3498 4566 indivisibilitatem
3537 4512 3695 4568 indit

248 4610 356 4668 καὶ
408 4609 608 4680 ὶκάστη
692 4608 921 4678 ἑκάστην
1009 4606 1302 4662 ὑπόστασιν
1398 4610 1925 4686 χαρακτηρίζουσαι.

2043 4597 2314 4663 visibilis,
2371 4613 2575 4653 verum
2634 4598 3051 4669 proprietates,
3107 4616 3238 4670 quas
3309 4602 3469 4658 circa
3512 4619 3692 4659 unam

257 4699 480 4759 Οὐκοῦν
537 4696 667 4753 οὐδὲ
723 4696 850 4752 ὅταν
902 4694 1050 4773 λέγω
1109 4696 1170 4751 τὸ
1225 4699 1450 4770 Πνεῦμα
1510 4696 1729 4770 ἀμὲσως
1780 4691 1928 4775 ἔχειν

252 4791 355 4845 καὶ
388 4788 648 4862 ἐμμέσως
688 4788 788 4856 τὴν
847 4784 1191 4860 ὲκπόρευσιν,
1215 4787 1252 4855 ἢ
1315 4785 1408 4840 τὸν
1464 4785 1588 4840 Υἱὸν
1621 4786 1715 4841 καὶ
1745 4791 1928 4862 γεννᾶ-

263 4880 388 4933 σθαι
421 4876 483 4932 ἐκ
526 4875 624 4931 τοῦ
673 4875 882 4949 ΙΙατρὸς
935 4875 1024 4929 καὶ
1085 4875 1149 4929 τὸ
1209 4877 1430 4948 Πνεῦμα
1490 4869 1930 4950 προϐάλλεσθαι,

263 4966 506 5037 διπλόην
565 4965 686 5020 τινὰ
743 4964 1060 5041 παρεισάγω
1115 4963 1209 5019 καὶ
1278 4964 1544 5029 σύνθεσιν·
1587 4962 1769 5040 ὥσπερ
1827 4967 1931 5042 γὰρ

258 5061 300 5129 ἡ
331 5058 395 5112 ἐκ
420 5061 520 5111 τοῦ
552 5055 767 5129 Πατρὸς
821 5051 1083 5128 διάφορος
1139 5050 1404 5130 πρόοδος,
1461 5054 1600 5119 καθά
1660 5075 1790 5131 φατε
1840 5049 1930 5111 καὶ

264 5150 455 5221 ὑμεῖς,
514 5142 777 5222 διάφορον
841 5143 936 5215 μὶν
1016 5139 1247 5197 δείκνυσι
1325 5143 1424 5212 τὴν
1481 5142 1667 5222 σχέσιν
1740 5143 1929 5200 αὐτοῦ’

333 5286 447 5353 (14)
478 5283 630 5367 Nota
673 5295 879 5367 marg;
923 5273 1150 5367 ’ξτέρρυ
1179 5275 1425 5367 "dedisco
1486 5277 1784 5367 εἰὶσοιγιωγὴ2
1845 5278 1928 5334 ὅτι

259 5348 515 5419 σύνθετον
557 5348 711 5423 ἔσται
741 5348 1142 5423 τὸίιίνεῦμαέκ
1179 5349 1394 5423 Πατρός
1454 5350 1544 5405 καὶ
1584 5348 1715 5405 ﬁcii
1762 5349 1927 5407 ἐκπο-

259 5428 581 5499 ρευόμενον,
622 5421 715 5477 καὶ
742 5420 878 5497 πρὸς
906 5424 1067 5476 τοῦτο
1107 5420 1396 5492 ἀνασκειιή.

339 5555 405 5626 (ι)
438 5551 780 5609 Secundum
794 5549 1135 5626 absurdum
1161 5565 1183 5626 :_
1208 5550 1585 5626 Compositus
1613 5551 1727 5626 erit
1746 5551 1930 5626 Spiri-

264 5619 364 5707 tus
391 5619 467 5707 ex
495 5626 685 5707 Patre.
707 5628 770 5707 et
793 5621 940 5707 Filio
970 5619 1319 5707 procedens.
1355 5619 1494 5707 Vide
1524 5619 1823 5695 Photium,
1853 5624 1930 5679 De

263 5700 463 5772 Spir“.
495 5695 685 5756 θαησιί
711 5692 1076 5772 Ηῃεεασορἱα,
1109 5708 1238 5768 cap.
1261 5695 1292 5750 ’1
1324 5696 1385 5750 et
1407 5692 1500 5765 45,

2038 4685 2360 4743 essentiam
2394 4690 2453 4741 et
2481 4686 2659 4756 hujus
2690 4687 2870 4743 unius
2893 4689 3170 4744 essentiae
3201 4689 3549 4761 bypostases
3568 4710 3697 4763 spe-

2039 4780 2275 4832 ctantur
2305 4780 2362 4830 et
2401 4791 2773 4847 quarumque
2832 4776 3159 4847 quamlibet
3211 4796 3525 4851 personam
3583 4781 3697 4835 dis-

2041 4865 2261 4938 tinguit
2291 4881 2517 4935 suoque
2558 4865 2900 4921 charactere
2960 4867 3225 4938 insignit.
3277 4869 3459 4940 Igitur
3500 4885 3693 4938 neque

2040 4954 2281 5027 quando
2313 4954 2446 5010 dico
2478 4954 2764 5026 Spiritum
2797 4955 3142 5011 immediate
3174 4963 3233 5011 et
3280 4957 3536 5011 mediate
3585 4957 3694 5010 ha-

2036 5044 2179 5101 bere
2208 5044 2675 5117 processionem,
2700 5043 2787 5100 vel
2818 5060 2889 5099 ex
2947 5046 3119 5099 Patre
3172 5044 3380 5099 Filium
3423 5044 3690 5115 generari

2038 5138 2098 5190 et
2128 5133 2411 5206 Spiritum
2468 5132 2796 5204 producere
2855 5132 2970 5203 (m),
3023 5131 3429 5203 duplicitatem
3489 5148 3691 5202 quam-

2076 5277 2335 5403 ἰᾶἒῗὶηξιθ.
2364 5276 2668 5347 scriptum.
2688 5273 2852 5341 Quod
2878 5280 3075 5329 tamen
3098 5272 3381 5329 mendum
3407 5275 3686 5332 exhibere

2037 5364 2288 5405 νιιιειιιικ

2108 5544 2205 5616 (m)
2237 5536 2648 5616 Προϐᾴλλεσᾷαι
2674 5541 2767 5596 hic
2787 5556 2907 5595 non
2930 5542 3081 5597 sumi
3105 5542 3330 5613 passive
3361 5560 3506 5601 usus
3527 5548 3684 5602 vocis

2036 5612 2513 5688 insequentibus
2551 5612 2939 5671 demonstrat.
