4034 6202
397 325 510 390 187

1649 319 1958 382 NlCE’l‘IE
1999 317 2534 383 MABONIENSIS

3689 314 3808 378 188

401 463 537 520 dam
570 463 785 520 induco
808 467 866 519 et
889 460 1401 535 compositionem.
1435 458 1598 515 Sicut
1627 459 1786 514 enim
1810 455 2040 512 diversa

2155 454 2253 522 τήν
2287 454 2381 527 μὶν
2411 452 2549 527 πρὸς
2575 451 2669 508 τὸν
2702 452 2827 508 Υἱὸν
2887 451 2964 517 ὡς
3017 450 3254 528 Πατρός,
3322 450 3424 521 τὴν
3454 446 3514 507 δὲ
3558 449 3694 526 πρὸς
3746 449 3814 506 τὸ

399 571 430 608 e
458 556 626 610 Patre
657 554 1012 625 progressio,
1044 549 1372 606 secundum
1404 549 1564 619 quod
1592 552 1651 603 et
1687 563 1788 602 vos
1825 546 2038 615 dicitis,

399 643 692 698 diversam
725 642 966 712 quidem
989 640 1116 712 ejus
1149 637 1556 694 habitudinem
1570 635 2044 704 constituit,alte-

399 753 526 792 ram
559 735 630 790 ad
653 735 865 788 Filium
886 737 950 788 ut
981 732 1193 799 Patris,
1248 731 1494 787 alteram
1542 728 1616 784 ad
1647 728 1933 801 Spiritum
1979 730 2047 782 ut

395 825 672 896 spirantis
705 821 1032 880 secundum
1065 822 1372 894 proprium
1421 818 1684 887 modum,
1733 823 2045 890 paternam

391 930 527 969 vero
560 913 904 984 hypostasin
953 911 1202 966 minime
1241 910 1469 964 indicat
1525 908 1936 980 compositam,
1963 906 2048 962 ita

393 1016 503 1058 nec
531 1001 784 1074 Spiritus
815 1019 846 1056 e
869 1004 1042 1057 Patre
1073 1005 1132 1054 et
1161 999 1306 1054 Filio
1338 997 1638 1070 processio
1661 994 2045 1068 compositio-

393 1109 530 1146 nem
565 1091 884 1162 quamdam
915 1089 1168 1162 intelligi
1194 1089 1338 1144 sinit
1367 1087 1486 1143 sive
1527 1087 1589 1141 in
1621 1085 1768 1141 Filio
1816 1085 1936 1140 sive
1984 1085 2046 1140 in

395 1181 636 1252 Spiritu.
693 1181 1042 1251 Quanquam
1096 1179 1157 1232 in
1239 1179 1414 1232 Patre
1452 1191 1734 1245 generare
1792 1179 1850 1229 et
1905 1191 2042 1246 pro-

394 1269 610 1325 ducere
639 1287 762 1325 uon
794 1269 948 1324 idem
986 1273 1074 1323 est
1104 1283 1298 1338 neque
1330 1265 1540 1322 eodem
1589 1264 1786 1330 modo,
1819 1263 1880 1318 in
1913 1263 2044 1334 Spi-

392 1360 510 1414 ritu
539 1377 675 1415 vero
707 1357 1026 1430 procedere
1054 1373 1238 1412 unum
1271 1361 1330 1411 et
1364 1355 1542 1423 idem,
1593 1353 1703 1409 etsi
1759 1369 1828 1408 ex
1858 1353 2045 1409 altero

393 1449 634 1520 quidem
665 1447 944 1514 mediate,
987 1447 1106 1502 sive
1138 1463 1208 1502 ex
1238 1447 1410 1500 Patre
1458 1460 1564 1515 per
1592 1443 1825 1510 Filium,
1859 1458 1929 1499 ex
1968 1441 2052 1496 al-

392 1543 518 1594 tero
549 1555 684 1592 vero
717 1535 1082 1604 immediate,
1115 1535 1255 1607 quia
1286 1549 1356 1589 ex
1384 1533 1549 1603 Filio,
1587 1549 1709 1589 non
1763 1548 1898 1587 vero
1945 1548 2054 1603 per

396 1628 581 1682 alium
613 1627 1122 1697 quempiam.Non
1154 1627 1244 1679 est
1265 1624 1444 1696 igitur
1463 1620 2050 1694 compositusFilius.

397 1716 537 1788 quia
567 1731 686 1770 non
719 1715 912 1769 solum
944 1719 1282 1786 generatur,
1317 1711 1420 1767 sed
1473 1717 1530 1768 et
1562 1711 1848 1782 Spiritum
1879 1710 2054 1765 emit-

396 1805 486 1873 tit,
521 1819 715 1876 neque
764 1803 1036 1875 Spiritus,
1098 1803 1237 1874 quia
1287 1801 1558 1874 procedit
1609 1817 1730 1856 non
1781 1816 1850 1855 ex
1881 1801 2054 1854 Patre

398 1895 550 1959 solo,
583 1893 686 1948 sed
717 1899 775 1948 et
804 1909 875 1948 ex
896 1893 1043 1948 Filio
1077 1913 1090 1960 ;
1124 1909 1321 1964 neque
1346 1892 1525 1947 etiam
1555 1893 1749 1958 Pater,
1779 1889 2057 1960 quianon

397 1983 590 2039 solum
627 1981 949 2052 ingenitus,
983 1981 1087 2036 sed
1119 1987 1179 2036 et
1227 1981 1361 2035 Filii
1409 1981 1662 2052 genitor,
1694 1995 1887 2050 neque
1918 1977 2059 2048 quia

399 2089 520 2128 non
541 2071 736 2127 solum
767 2071 1019 2142 genitor,
1043 2071 1148 2126 sed
1179 2075 1237 2125 et
1265 2069 1586 2142 productor
1621 2067 1874 2140 Spiritus
1907 2083 1920 2133 ;
1952 2083 2056 2122 ne-

399 2179 514 2234 que
549 2161 726 2216 etiam
754 2160 1082 2242 secundum
1096 2175 1474 2215 communem
1509 2163 1634 2214 tum
1651 2163 1917 2214 nostram
1930 2162 2056 2211 tum

397 2257 652 2306 vestram
682 2250 1040 2304 sententiam
1073 2249 1435 2320 compositus
1466 2247 1648 2302 Filius
1677 2253 1737 2302 et
1784 2246 2055 2318 Spiritus,

401 2340 538 2411 quia
571 2344 820 2408 uterque
855 2342 1072 2408 praeter
1110 2339 1504 2393 substantiam
1562 2337 1743 2392 habet
1789 2353 2058 2408 persona

399 2429 847 2500 proprietatem,
907 2427 1090 2482 Filius
1141 2426 1381 2498 quidem
1435 2425 1786 2481 ﬁliationem
1844 2425 2054 2484 solam:

401 2517 652 2589 Spiritus
683 2534 820 2572 vero
853 2516 1296 2588 processionem
1330 2531 1402 2570 ex
1431 2515 1697 2571 Patre.Si
1721 2514 1880 2570 enim
1903 2532 2059 2571 com-

395 2607 589 2678 posita
641 2605 796 2660 foret
851 2605 1136 2677 quaslibet
1193 2621 1449 2677 persona
1472 2610 1718 2676 propter
1747 2621 1886 2660 suas
1917 2622 2052 2676 pro-

390 2695 877 2764 prietates,etiam
895 2695 1157 2750 essentia
1191 2694 1374 2750 trium
1399 2710 1793 2766 personarum
1809 2711 2054 2767 compo-

391 2784 506 2838 sita
562 2789 716 2838 esset
773 2789 1017 2855 propter
1073 2800 1196 2852 eas,
1259 2800 1392 2854 qua;
1442 2785 1600 2838 circa
1646 2784 1836 2856 ipsam
1893 2789 2052 2840 sunt.

395 2873 577 2928 trium
611 2889 962 2928 communes
989 2873 1406 2946 proprietates,
1441 2873 1765 2928 bonitatem
1796 2874 2053 2942 dico,sa-

394 2961 1078 3032 pientiam.potentiam,
1135 2963 1250 3017 vim
1290 2963 1746 3033 productricem,
1779 2963 2049 3019 omnium

394 3049 752 3106 ell’ectricem
784 3056 840 3104 et
870 3050 1238 3116 creatricem,
1261 3051 1715 3122 providentiam,
1738 3067 2052 3108 conserva-

393 3138 639 3208 tionem,
672 3139 940 3194 omnium
961 3155 1162 3194 rerum
1195 3139 1793 3210 comprehensionem
1815 3145 1874 3196 et
1901 3157 2044 3196 con-

395 3227 732 3294 tinentiam,
762 3229 1092 3298 aseitatem,
1125 3232 1184 3283 et
1213 3228 1491 3300 principii
1548 3230 1896 3298 carentiam,
1933 3231 2043 3286 im-
2075 3207 2119 3275 (ἶ

397 3317 819 3372 mortalitatem
854 3323 912 3373 et
940 3318 1067 3373 sine
1091 3317 1210 3372 ullo
1242 3317 1358 3372 ﬁne
1380 3317 2049 3384 durationem,immeu-

396 3407 652 3472 sitatem,
689 3407 1106 3474 aeternitatem,
1145 3411 1308 3462 extra
1337 3411 1570 3479 tempus
1601 3413 1660 3462 et
1691 3424 1870 3479 supra
1898 3413 2048 3464 tem-

395 3512 506 3567 pus
533 3496 956 3559 exsistentiam,
1000 3501 1058 3550 et
1114 3512 1484 3568 quaecunque
1533 3497 1652 3552 alia
1708 3497 2048 3570 hujusmodi

393 3587 511 3642 sive
543 3587 870 3642 secundum
894 3586 1400 3658 positionem,sive
1425 3587 1752 3643 secundum
1782 3589 2050 3656 negatio-

394 3693 553 3739 nem,
587 3677 705 3731 sive
737 3675 1067 3731 secundum
1089 3692 1350 3743 causam,
1385 3677 1504 3731 sive
1537 3677 1864 3732 secundum
1898 3677 2047 3732 emi-

394 3767 660 3822 nentiam
684 3769 742 3819 et
770 3765 1183 3820 excellentiam
1215 3765 1498 3820 dicuntur
1525 3765 1588 3819 in
1606 3766 1746 3822 Deo.
1784 3765 1896 3820 Sed
1925 3783 2048 3822 non

395 3861 534 3912 sunt
564 3855 690 3910 haec
723 3855 1002 3924 essentia,
1035 3871 1236 3910 verum
1269 3855 1426 3910 circa
1475 3855 1798 3911 essentiam
1850 3856 2048 3911 consi-

395 3945 820 4009 derantur,etsi
855 3951 912 4000 et
935 3951 1094 4001 certo
1125 3945 1383 4016 quodam
1411 3945 1588 4001 modo
1621 3947 1966 4002 essentialia
1991 3951 2049 4002 et

396 4035 692 4092 naturalia
721 4039 1029 4102 vocantur,
1061 4050 1252 4104 neque
1303 4039 1500 4106 partes
1555 4041 1694 4090 sunt
1749 4037 2044 4104 essentia,

395 4139 579 4196 quum
619 4124 808 4179 deitas
829 4124 1087 4196 partium
1119 4124 1362 4178 omnino
1394 4124 1472 4178 sit
1519 4141 1746 4196 expers.
1773 4126 1868 4180 Sic
1895 4131 1956 4180 et
1985 4126 2047 4182 in

393 4213 527 4285 igne
557 4211 731 4267 varia:
754 4211 958 4267 insunt
987 4211 1287 4283 potentia),
1317 4211 1543 4280 levitas,
1576 4212 1875 4268 mobilitas
1913 4230 2046 4269 sur-

394 4319 526 4355 sum
559 4301 831 4369 tendens,
863 4301 947 4355 vis
979 4300 1374 4357 illuminativa
1430 4307 1490 4357 et
1535 4302 1618 4356 vis
1659 4301 2046 4373 combustiva,

393 4405 596 4443 verum
628 4395 942 4460 propterea
971 4390 1123 4462 ignis
1182 4407 1302 4446 non
1359 4396 1448 4446 est
1502 4391 1885 4463 compositus,
1945 4393 2048 4449 sed

396 4476 669 4547 simplex,
695 4478 756 4531 in
790 4484 1079 4549 quantum
1113 4480 1172 4534 in
1205 4480 1557 4552 corporibus
1585 4482 1960 4538 naturalibus
1990 4487 2050 4538 et

395 4567 857 4622 elementaribus
889 4569 1216 4624 secundum
1248 4576 1597 4639 extremam,
1632 4577 1698 4627 ut
1719 4573 1800 4628 ita
1829 4573 2046 4644 dicam,

395 4656 802 4710 resonantiam
815 4655 1165 4726 simplicitas
1181 4675 1309 4713 esse
1327 4662 1818 4730 potest.Attamen
1839 4663 1936 4718 hic
1953 4680 2052 4719 na.

395 4745 611 4801 turalia
643 4751 700 4800 et
731 4745 1072 4801 essentialia
1120 4747 1234 4802 ista
1288 4753 1426 4802 sunt
1455 4748 1598 4820 igni,
1650 4749 1730 4804 ibi
1781 4768 1916 4807 vero
1947 4753 2051 4808 illa

390 4837 548 4894 circa
563 4837 882 4892 essentiam
897 4835 1502 4904 considerantur,haac
1521 4853 1654 4893 vero
1671 4839 1829 4896 circa
1839 4857 2048 4898 unam-

395 4945 695 5000 quamque
726 4942 1046 5000 personam
1070 4925 1428 4999 singularia;
1462 4925 1681 4983 idcirco
1713 4929 1902 4985 multo
1920 4947 2049 4988 ma-

395 5016 481 5089 gis
503 5017 853 5090 simplicitas
871 5021 997 5071 tum
1011 5013 1282 5071 essentiaa
1297 5019 1423 5071 tum
1445 5015 1767 5088 cujuslibet
1775 5034 2046 5088 persona

397 5107 630 5164 nullum
665 5108 923 5180 patietur
951 5105 1395 5162 detrimentum.
1428 5105 1540 5162 Sed
1562 5121 1756 5177 neque
1779 5105 1840 5161 in
1863 5108 2046 5163 omni-

397 5193 528 5264 bus,
561 5197 621 5252 in
644 5197 860 5267 quibus
891 5196 1142 5251 varietas
1173 5193 1444 5266 quaedam
1477 5199 1534 5250 et
1578 5194 1878 5250 distinctio
1902 5213 2045 5253 con-

397 5285 711 5354 sideratur,
755 5288 955 5342 statim
989 5291 1047 5342 et
1078 5284 1426 5357 compositio
1459 5283 1777 5341 inducitur.
1839 5286 2046 5344 Omnis

400 5371 558 5425 enim
591 5376 848 5430 essentia
889 5374 1069 5430 habet
1097 5378 1158 5429 et
1194 5373 1467 5430 virtutem
1500 5379 1557 5428 et
1613 5375 2042 5445 operationem,

399 5455 540 5512 licet
570 5465 628 5513 et
656 5462 906 5532 simplex
937 5463 1034 5534 sit,
1065 5480 1259 5535 neque
1291 5462 1512 5520 idcirco
1544 5464 1935 5536 compositam
1953 5463 2044 5519 di-

466 5573 578 5645 (16)
611 5572 750 5645 god.
789 5578 912 5630 Vat.
945 5577 984 5629 f.
1019 5581 1072 5644 5,
1093 5579 1147 5645 6,
1179 5578 1483 5645 mendose,
1510 5577 1784 5640 ὑπόθεσις.

2155 545 2373 616 Πνεῦμα
2421 543 2498 605 ὡς
2555 537 2880 617 προϐολέως
2929 542 3070 598 κατὰ
3112 543 3317 618 τρόπον
3371 539 3532 611 ἴδιον,
3591 541 3690 611 τὴν
3751 537 3814 594 δὶ

2154 632 2428 705 Πατρικήν
2490 631 2782 686 ὑπόστασιν
2839 627 2901 686 οὒ
2959 629 3212 696 σύνθετον
3280 625 3681 696 ὑποδείκνυσιν,
3711 627 3809 683 οἷς·

2150 739 2261 782 τως
2293 716 2420 774 οὐδὶ
2476 718 2540 774 τὸ
2595 715 2654 774 ἐκ
2704 722 2808 774 τοῦ
2863 719 3072 792 Πατρὸς
3128 717 3220 773 καὶ
3267 715 3329 772 ἐκ
3403 721 3501 772 τοῦ
3559 719 3689 772 Υἱοῦ
3749 716 3814 772 τὸ

2153 810 2376 882 Πνεῦμα
2453 804 2834 882 ἐκπορεύεσθαι
2901 806 3146 873 σύνθεσιν
3233 803 3452 862 δίδωσιν
3523 804 3721 860 ἐννοεῖν
3778 801 3816 874 ἤ

2155 895 2245 954 ἐπὶ
2303 900 2400 952 τοῦ
2457 897 2585 952 ι’ἳοῦ
2659 895 2695 967 ἧ
2746 897 2834 952 ἐπὶ
2893 900 2992 954 τοῦ
3062 895 3396 970 Ιινεύματος.
3475 895 3670 952 Καίτοι
3728 893 3823 950 ἐπὶ

2149 991 2250 1043 τοῦ
2273 987 2488 1062 Πατρὸς
2541 986 2605 1042 τὸ
2643 991 2828 1062 γεννᾷν
2885 989 2975 1041 καὶ
3029 987 3091 1041 τὸ
3147 981 3553 1060 προϐάλλεσθαι
3591 983 3655 1039 οὐ
3683 981 3822 1038 ταύ-

2152 1076 2244 1132 τὸν
2293 1073 2409 1131 οὐδ’
2467 1075 2748 1149 ὡσαύτως,
2780 1075 2868 1130 ἐπὶ
2927 1073 2984 1132 δὲ
3040 1079 3138 1131 τοῦ
3177 1074 3491 1148 Πνεύματος
3535 1073 3598 1128 τὸ
3646 1071 3824 1129 ἐκπο-

2157 1163 2404 1240 ρεύεσθαι
2433 1163 2489 1220 ἔν
2540 1164 2630 1220 καὶ
2687 1163 2933 1236 ταύτὸν,⁹
2968 1164 3020 1220 εἲ
3073 1165 3166 1220 καὶ
3215 1164 3274 1220 ἐκ
3311 1160 3473 1220 τοῦδε
3521 1163 3615 1238 μὲν
3645 1158 3824 1235 ἐμμέ-

2155 1261 2482 1338 σως,ἤγουν
2511 1259 2571 1317 in
2621 1265 2722 1316 τοῦ
2766 1262 2982 1337 Πατρὸς
3037 1258 3128 1317 διὰ
3181 1265 3278 1318 τοῦ
3335 1262 3485 1328 Υἱοῦ,
3542 1258 3600 1316 ἐκ
3655 1255 3833 1318 τοῦδε

2157 1347 2215 1405 δὲ
2242 1349 2486 1423 ἆμὲσως,
2517 1349 2602 1406 ὅτι
2631 1347 2691 1404 ἐκ
2718 1355 2817 1406 τοῦ
2847 1351 2976 1406 Υίοῦ
3007 1349 3186 1407 οὐκετι
3235 1347 3293 1406 δὲ
3323 1347 3393 1405 δι’
3440 1348 3616 1406 ἄλλοί)
3641 1348 3821 1410 τινός.

2157 1437 2272 1498 Οὐκ
2301 1439 2393 1495 οὗν
2449 1438 2704 1504 σύνθετος
2752 1441 2781 1496 ὁ
2837 1440 2982 1512 Υἱὸς,
3040 1443 3124 1497 ὅτι
3183 1441 3260 1514 μὴ
3314 1446 3562 1518 γεννᾶται
3621 1439 3825 1514 μόνον,

2157 1525 2304 1584 ἀλλὰ
2343 1527 2527 1584 καὶτὸ
2585 1533 2806 1602 Πνεῦμα
2863 1524 3262 1604 προϐάλλεται*
3297 1527 3425 1585 οὐδὲ
3456 1529 3520 1584 τὸ
3571 1531 3824 1602 Πνεῦμα,

2161 1615 2244 1672 ὅτι
2276 1615 2625 1692 ἐκπορεύεται
2659 1618 2760 1674 οὐκ
2788 1618 2848 1674 ἐκ
2881 1618 3052 1692 μόνου
3077 1623 3174 1674 τοῦ
3229 1619 3463 1694 Πατρὸς,
3510 1615 3659 1674 ἀλλὰ
3720 1619 3822 1673 καὶ

2163 1705 2224 1762 ἐκ
2251 1710 2348 1762 τοῦ
2379 1707 2530 1762 Υἱοῦ·
2563 1707 2656 1763 καὶ
2711 1709 2814 1783 γὰρ
2869 1705 2996 1764 οὐδὲ
3052 1709 3081 1764 ὁ
3137 1709 3348 1782 Πατὴρ,
3399 1707 3484 1763 ὅτι
3525 1708 3603 1782 μὴ
3655 1706 3834 1780 μόνον

2165 1793 2482 1869 ἆγὲννητος,
2544 1793 2692 1850 ἀλλὰ
2744 1796 2834 1850 καὶ
2883 1797 3160 1873 γεννήτωρ
3207 1796 3362 1865 Υἱοῦ,
3421 1792 3536 1850 οὐδ’
3601 1793 3683 1850 ὅτι
3739 1795 3827 1868 μὴ

2163 1885 2445 1958 γεννήτωρ
2491 1883 2682 1957 μόνον,
2715 1884 2861 1940 ἀλλὰ
2909 1885 3000 1940 καὶ
3048 1880 3388 1960 προϐλήτωρ
3417 1888 3515 1940 τοῦ
3571 1884 3834 1956 Πνεύμα-

2159 1993 2278 2034 τος.
2314 1973 2419 2030 Καὶ
2471 1973 2574 2048 γὰρ
2615 1971 2742 2029 οὐδὲ
2795 1973 2884 2028 ἐπὶ
2942 1979 3042 2044 τῆς
3089 1977 3274 2039 κοινῆς
3335 1971 3496 2046 δόξης
3541 1974 3702 2044 ἡμῶν
3763 1993 3836 2030 τε

2161 2064 2250 2118 καὶ
2284 2063 2436 2138 ὑμῶν
2479 2065 2729 2128 σύνθετος
2787 2065 2815 2120 ό
2870 2065 2994 2127 Υἱὸς
3048 2063 3142 2121 καὶ
3184 2066 3248 2121 τὸ
3277 2069 3498 2138 Πνεῦμα
3548 2065 3632 2120 ’ὁτι
3686 2065 3834 2139 μετὰ

2159 2161 2260 2224 τῆς
2290 2154 2481 2216 οὐσίας
2514 2153 2765 2228 ἑκάτερον
2790 2151 2908 2230 ἔχει
2937 2156 3000 2212 τὸ
3045 2163 3147 2224 τῆς
3218 2155 3564 2220 ὑποστάσεως
3645 2152 3794 2212 iam
3809 2200 3836 2228 ,

2162 2243 2192 2298 ὁ
2226 2243 2320 2318 μὲν
2348 2243 2411 2299 τὸ
2443 2244 2697 2320 γεννητὸν
2733 2245 2925 2318 μόνον,
2954 2245 3018 2301 τὸ
3077 2241 3134 2300 δὲ
3184 2245 3245 2301 τὸ
3275 2243 3604 2320 ἑκπορευτὸν
3633 2243 3696 2300 ἐκ
3721 2250 3837 2300 τοῦ

2159 2330 2396 2406 Πατρός.
2430 2332 2496 2388 Εἰ
2527 2332 2630 2409 γὰρ
2662 2333 2915 2395 σύνθετος
2963 2334 3162 2405 ἑκάστη
3207 2334 3500 2396 ὑπόστασις
3555 2337 3666 2408 (16)
3725 2331 3832 2390 διὰ

2155 2421 2252 2484 τὰς
2285 2422 2484 2493 ἑαυτῆς
2512 2419 2817 2494 ἰδιότητας,
2847 2423 2937 2480 καὶ
2968 2426 3002 2494 ἡ
3046 2421 3206 2480 οὐσία
3235 2422 3296 2480 ἂν
3357 2422 3441 2495 ε’ίη
3509 2429 3621 2480 τῶν
3645 2429 3828 2500 τριῶν

2159 2511 2506 2567 ὑποστάσεων
2534 2512 2784 2576 σύνθετος
2825 2509 2916 2568 διὰ
2967 2514 3035 2569 τὰ
3091 2513 3216 2589 περὶ
3273 2513 3440 2584 αὐτὴν
3497 2515 3654 2569 κοινᾶ
3703 2517 3830 2570 τῶν

2149 2604 2319 2674 τριῶν
2348 2599 2644 2675 ἰδιώματα,
2673 2602 2737 2657 τὸ
2768 2603 2968 2677 ἀγαθὸν
3003 2604 3172 2681 φημὶ,
3204 2604 3266 2660 τὸ
3296 2603 3481 2683 σοφὸν,
3538 2603 3601 2658 τὸ
3655 2601 3829 2659 δυνα-

2150 2689 2270 2762 τὸν,
2299 2689 2363 2745 τὰ
2399 2690 2709 2761 ποιητικὸν,
2758 2692 2820 2746 τὸ
2877 2693 3298 2769 παντουργικὸν,
3351 2694 3415 2748 τὸ
3473 2689 3826 2768 δημιουργι-

2149 2779 2264 2846 κὸν,
2298 2779 2362 2834 τὸ
2392 2781 2784 2855 προνοητικὸν,
2841 2781 2904 2836 τὸ
2963 2783 3294 2854 συνεκτικὸν,
3352 2781 3416 2837 τὸ
3470 2782 3826 2858 περιεκτικὸν

2149 2876 2242 2932 καὶ
2271 2875 2671 2952 περιληπτικον
2702 2876 2944 2948 πάντων,
3000 2878 3064 2933 τὸ
3118 2877 3394 2946 ἄκτιστον,
3441 2879 3503 2934 τὸ
3543 2877 3824 2955 ἄναρχον,

2149 2966 2213 3020 τὸ
2243 2965 2524 3036 ἀθάνατον,
2555 2967 2621 3024 τὸ
2650 2967 3039 3039 ἀτελεύτητον,
3066 2968 3129 3023 τὸ
3169 2966 3415 3042 ἄπειρον,
3439 2968 3502 3024 τὸ
3558 2966 3824 3040 αἰώνιον,

2147 3054 2211 3109 τὸ
2242 3053 2500 3130 ἄχρονον,
2549 3056 2614 3111 τὸ
2673 3056 3031 3135 ὑπέρχρονον,
3090 3057 3179 3112 καὶ
3239 3057 3338 3112 ὅσα
3394 3054 3541 3112 ἄλλα
3584 3059 3826 3112 τοιαῦτα

2172 3141 2198 3165 η
2411 3147 2425 3164 ι
2499 3145 2519 3178 ι
2690 3147 2712 3164 η
3141 3147 3152 3170 ν
3651 3155 3664 3178 ,

2149 3162 2258 3200 ειτε
2296 3166 2434 3201 κατα
2463 3149 2606 3202 θεσιν
2666 3167 2776 3202 ειτε
2827 3148 2964 3204 κατὰ
3023 3148 3319 3226 ἆφαιρεσιν,
3387 3147 3494 3204 εἴτε
3548 3169 3648 3204 κατ
3724 3148 3826 3203 αἱ·

2155 3232 2294 3302 τίαν,
2327 3234 2438 3289 εἳτε
2461 3235 2582 3289 καθ’
2624 3233 2905 3312 ὑπεροχὴν
2963 3235 3052 3292 καὶ
3103 3233 3392 3312 ὑπέρϐασιν
3454 3235 3671 3312 λέγεται
3719 3235 3826 3294 ἐπὶ

2153 3326 2252 3376 τοῦ
2282 3326 2438 3378 Θεοῦ.
2509 3322 2671 3380 Ἀλλ’
2719 3323 2820 3379 οὐκ
2877 3323 3032 3380 οὐσία
3085 3329 3272 3396 ταῦτα,
3320 3324 3466 3382 ἀλλὰ
3520 3325 3644 3400 περὶ
3705 3325 3818 3395 τήν

2155 3410 2340 3467 οὐσίαν
2400 3413 2774 3486 θεωρούμενα,
2829 3412 2877 3468 εἰ
2932 3412 3022 3468 καὶ
3079 3411 3319 3486 οὐσιώδη
3379 3435 3498 3477 πως
3553 3413 3821 3476 καλεῖται

2154 3499 2245 3556 καὶ
2277 3500 2498 3578 φυσικὰ,
2543 3499 2672 3558 οὐδὲ
2726 3499 2864 3578 μέρη
2922 3509 3024 3573 τῆς
3100 3502 3308 3567 οὐσίας’
3360 3507 3396 3574 ἢ
3451 3503 3644 3574 θεότης
3698 3505 3819 3580 γὰρ

2153 3589 2386 3665 ἀμερής·
2417 3589 2562 3646 οὕτω
2589 3591 2680 3647 καὶ
2719 3595 2799 3665 τῷ
2854 3591 2984 3666 πὺρῖ
3051 3591 3310 3668 πρόσεστι
3365 3593 3428 3649 τὸ
3495 3593 3696 3670 κοῦφόν
3751 3617 3826 3652 τε

2151 3680 2243 3734 καὶ
2275 3679 2566 3758 ἀνωφερὲς,
2595 3679 2788 3736 καὶτὸ
2845 3682 3170 3755 φωτιστικὸν
3227 3681 3316 3738 καὶ
3371 3682 3434 3738 τὸ
3488 3682 3822 3754 καυστικὸν,

2155 3764 2408 3840 δυνάμεις
2440 3765 2718 3848 διάφοροι,
2768 3766 2897 3825 ἀλλ’
2963 3771 3029 3826 οὐ
3070 3771 3318 3834 σύνθετον
3372 3768 3462 3826 διὰ
3515 3775 3682 3826 τοῦτο
3743 3773 3820 3828 τὸ

2151 3862 2284 3932 πῦρ,
2350 3853 2499 3913 ἆλλᾶ
2548 3856 2783 3928 ἁπλοῦν,
2839 3860 2966 3914 ὅσον
3019 3859 3071 3915 ἰν
3141 3861 3356 3935 σώμασι
3436 3865 3688 3938 φυσικοῖς
3747 3883 3824 3919 τε

2153 3948 2241 4004 καὶ
2275 3944 2657 4022 στοιχειώδεσι
2699 3949 2838 4005 κατὰ
2892 3949 2956 4004 τὸ
3003 3943 3255 4028 ἔσχατον,
3307 3949 3379 4006 ἵν’
3446 3947 3620 4012 οὕτως
3665 3949 3822 4008 εἴπω

2153 4035 2436 4110 ἀπήχημα
2473 4043 2573 4106 τῆς
2633 4033 2970 4107 ἁπλότητος.
3033 4039 3222 4094 Καίτοι
3277 4037 3503 4104 ἐνταῦθα
3562 4038 3823 4113 οὐσιώδη

2153 4127 2321 4180 ταῦτά
2345 4123 2454 4180 ἐστι
2489 4130 2568 4197 τῷ
2605 4127 2760 4200 πυρὶ,
2801 4125 2912 4182 ἐκεῖ
2941 4124 3000 4183 δὲ
3043 4129 3112 4183 τὰ
3145 4127 3240 4202 μὲν
3277 4127 3401 4202 περὶ
3457 4129 3556 4196 τήν
3619 4129 3828 4188 οὐσίαν

2154 4209 2266 4267 ἐστὶ
2299 4213 2647 4285 θεωρούμενα
2677 4215 2816 4288 (17),
2846 4215 2913 4271 τὰ
2959 4213 3016 4271 δὲ
3072 4216 3197 4289 περὶ
3253 4217 3487 4288 ἑκάστην
3519 4217 3832 4276 ὑπόστασιν

2151 4298 2368 4356 ἕκαστασ
2403 4297 2488 4356 διὸ
2519 4301 2720 4376 πολλῷ
2774 4302 2940 4359 πλέον
2993 4303 3054 4360 ού
3115 4303 3436 4379 λυμανεῖται
3489 4305 3552 4362 τὸ
3601 4306 3830 4363 ἁπλοῦν

2155 4386 2430 4472 οῦτεντῆς
2497 4389 2684 4453 οὐσίας
2741 4389 2863 4448 οὕτε
2956 4392 3186 4464 ἑκάστης
3262 4397 3372 4448 τῶν
3436 4392 3823 4456 ὑποστάσεωι,

2154 4475 2314 4534 ’Δλλ’
2343 4475 2471 4534 οὐδὲ
2529 4477 2619 4534 ἐπὶ
2678 4479 2895 4535 πάντων
2952 4480 3008 4536 ἐν
3075 4483 3158 4544 οἷς
3213 4483 3495 4558 θεωρεῖται
3551 4483 3830 4541 ποικιλία

2081 4581 2126 4647 ᾖ)
2153 4587 2236 4629 τις
2293 4567 2384 4621 καὶ
2426 4563 2720 4642 διάκρισις,
2786 4564 2896 4639 ἤδη
2958 4568 3048 4624 καὶ
3103 4569 3348 4635 σύνθεσις
3402 4571 3825 4647 παρεισάγεται.

2160 4655 2310 4711 Πᾶσα
2342 4656 2444 4730 γὰρ
2475 4653 2632 4710 οὐσία
2659 4649 2777 4734 ἔχει
2813 4657 2903 4712 καὶ
2953 4654 3180 4731 δύναμιν
3238 4657 3331 4713 καὶ
3387 4657 3679 4734 ἐνέργειαν,
3711 4660 3823 4718 κᾶν

2157 4749 2308 4822 ἁπλῆ
2341 4773 2423 4816 τις
2479 4751 2589 4825 ε’ίη,
2645 4753 2736 4810 καὶ
2783 4753 2846 4809 οὐ
2905 4751 2994 4810 διὰ
3050 4760 3212 4812 τοῦτο
3264 4755 3515 4812 σύνθετον
3575 4756 3824 4833 ἐροῦμεν

2157 4839 2368 4904 πάντως
2425 4843 2514 4897 καὶ
2566 4844 2664 4914 τὴν
2723 4840 2929 4914 ἁπλῆν.
2991 4845 3228 4922 ’Λνάγκη
3277 4845 3382 4921 γὰρ
3438 4844 3475 4916 ἤ
3552 4848 3824 4912 σύνθετον

2157 4930 2287 4986 εἶναι
2345 4931 2436 4985 καὶ
2485 4933 2584 5002 τὴν
2643 4931 2852 5002 ἁπλῆν,
2915 4933 3007 4989 καὶ
3064 4931 3296 5007 οὐδεμία
3333 4930 3479 4991 ἔσται
3535 4933 3718 5009 ἂπλῆ,
3785 4941 3827 5011 ἤ

2155 5019 2253 5088 τὴν
2279 5017 2463 5090 ἁπλῆν
2497 5021 2628 5077 εἶναι
2680 5023 2858 5098 χωρὶς
2915 5019 3185 5098 ἐνεργείας
3235 5043 3295 5078 τε
3357 5024 3451 5079 καὶ
3507 5021 3830 5102 δυνάμεως,

2155 5107 2289 5184 ὅπερ
2319 5105 2515 5184 ψεῦδός
2544 5107 2686 5166 ἐστιν
2751 5108 3015 5188 ἐναργῶς
3077 5108 3200 5168 οὔτε
3252 5113 3358 5188 γὰρ
3416 5108 3662 5189 ἑνέργεια
3719 5120 3842 5184 τῆς

2155 5193 2441 5272 δυνάμεως
2468 5201 2666 5276 χωρὶς,
2705 5198 2758 5270 ἐξ
2809 5201 2878 5270 ἧς
2923 5199 3192 5276 πρόεισιν,
3252 5199 3377 5257 οὔτε
3416 5199 3645 5276 δύναμις
3679 5201 3834 5284 δίχα

2151 5294 2251 5372 τῆς
2279 5287 2484 5359 οὐσίας,
2523 5286 2652 5344 ἀλλ’
2683 5285 2808 5344 οὐδὲ
2839 5287 2996 5344 οὐσία
3023 5289 3205 5364 χωρὶς
3273 5295 3374 5358 τῆς
3433 5294 3531 5345 τοῦ
3569 5289 3834 5372 ἐνεργεῖν

2154 5371 2456 5449 δυνάμεως.
2517 5377 2582 5431 Εἰ
2639 5373 2696 5432 δὶ
2749 5380 2920 5433 ταῦτα
2984 5373 3245 5446 ἀδύνατα,
3301 5378 3392 5434 καί
3453 5377 3566 5434 ἐστι
3623 5371 3723 5437 καὶ
3792 5387 3838 5454 ἡ

2151 5461 2504 5536 ἁπλουστάτη
2544 5463 2737 5528 ἁπλῶς
2797 5463 2957 5521 οὐσία
3020 5465 3155 5539 μετᾶ
3212 5473 3314 5538 τῆς
3369 5467 3594 5539 ὶνούσης
3657 5467 3844 5528 δυνά-ι

475 5643 584 5712 (17)
615 5642 755 5698 Vide
779 5646 950 5717 Greg.
984 5642 1112 5704 Naz.
1136 5642 1294 5704 orat.
1329 5650 1418 5716 32,
1449 5642 1508 5720 p.
1541 5652 1667 5716 519,
1700 5649 1792 5708 ed.
1826 5649 1957 5708 Bill.
1993 5649 2175 5723 (nunc
2205 5652 2354 5709 orat.
2377 5649 2488 5723 42).
