4062 6202
289 383 407 450 189

284 611 574 686 ἰνεργειαν.
628 610 727 665 Καὶ
799 607 888 666 διὰ
965 615 1132 666 ταῦτα
1209 609 1453 672 σύνθεσις
1512 609 1612 664 οὐκ
1661 604 1771 664 ἔστι
1826 607 1947 683 περῖ

291 702 481 771 αὐτὴν,
527 703 612 755 δτι
686 700 809 775 περὶ
862 701 926 756 τὸ
966 699 1095 755 αὐτὸ
1147 700 1237 755 καὶ
1290 698 1366 766 ἔν,
1419 702 1520 770 τὴν
1578 699 1779 767 οὐσίαν,
1811 697 1951 753 ἄλλο

287 791 389 864 μὲν
424 793 457 859 ἡ
490 787 748 863 δύναμις,
807 787 952 845 ἄλλο
1009 786 1067 844 δὲ
1126 792 1161 859 ἡ
1222 788 1485 867 ἐνέργεια,
1532 790 1622 844 καὶ
1654 790 1739 843 ὃτι
1766 786 1821 843 'év
1854 787 1945 842 καὶ

277 880 477 935 ταύτὸν
529 884 766 955 πρᾶγμα
845 878 897 949 ἐξ
965 878 1149 940 οὐσίας
1203 878 1315 934 ἐστὶ
1373 880 1464 933 καὶ
1523 877 1806 952 δυνάμεως
1863 877 1955 931 καὶ

281 969 583 1042 ἐνεργείας,
636 968 683 1023 εἱ
742 967 887 1023 οὕτω
946 970 1058 1043 χρη
1117 967 1302 1045 φάναι,
1358 967 1449 1023 καὶ
1523 968 1607 1022 ὅτι
1663 971 1744 1039 τῷ
1798 965 1953 1041 λόγῳ

295 1055 632 1133 διακέκριται
685 1064 789 1125 τῆς
847 1056 1034 1119 οὐσίας
1083 1058 1117 1127 ἡ
1160 1054 1407 1130 δύναμις,
1440 1063 1540 1126 τῆς
1585 1053 1643 1111 δὲ
1673 1052 1955 1128 δυνάμεως

282 1150 316 1216 ἦ
374 1145 638 1221 ἐνέργεια.
669 1145 787 1203 Μία
846 1146 953 1222 γὰρ
1008 1146 1100 1201 καὶ
1155 1146 1330 1209 οὕτως
1389 1144 1529 1201 ἐστιν
1564 1143 1715 1214 ἁπλῆ
1776 1142 1951 1199 οὐσία.

290 1241 416 1298 Πῶς
465 1232 529 1290 ἄν
575 1256 662 1297 τις
711 1234 797 1290 ἐπὶ
851 1239 952 1299 τῆς
1002 1234 1185 1304 ἁπλῆς
1230 1239 1310 1308 τῷ
1363 1234 1478 1291 ὃντι
1529 1236 1620 1290 καὶ
1664 1232 1955 1289 ἁσυνθὲτου

285 1326 498 1399 φύσεως
544 1323 670 1394 ἤτοι
722 1322 806 1399 ἐφ’
856 1323 1087 1395 ἑκάστης
1144 1328 1252 1379 τῶν
1290 1322 1508 1378 ὲνιαίων
1554 1326 1656 1388 τῆς
1689 1320 1954 1395 ὐπερθέου

286 1418 552 1486 θεότητος
602 1415 952 1470 ὑποστάσεων
1008 1413 1311 1488 τολμήσειε
1368 1412 1563 1490 λέγειν,
1596 1412 1679 1468 ὅτι
1711 1411 1955 1475 σύνθεσις

284 1504 344 1560 ἐκ
366 1510 478 1560 τῶν
510 1508 755 1584 φυσικῶν
790 1503 826 1573 ἢ
867 1504 1243 1559 ύποστατικῶν
1299 1498 1591 1573 ἶδιοτήτων
1645 1500 1910 1576 εἰσάγεται
1938 1519 1951 1571 ;

284 1596 352 1653 Τί
383 1600 486 1663 τῆς
523 1590 770 1665 μονάδος
805 1590 1178 1666 ἁπλούστερον
1225 1589 1279 1647 ἐν
1336 1596 1453 1653 τοῖς
1485 1592 1782 1665 ἁριθμοῖςς
1824 1588 1952 1645 ἀλλ’

286 1682 440 1756 ὅμως
495 1680 643 1738 ἄλλο
694 1682 793 1755 μὲν
841 1682 906 1736 τὸ
953 1681 1090 1736 εἶναι
1141 1680 1306 1750 αὐτῆ,
1362 1679 1503 1736 ἄλλο
1543 1676 1602 1734 δὲ
1631 1682 1666 1749 ἡ
1700 1676 1948 1753 δύναμις,

286 1775 376 1828 καὶ
446 1771 592 1830 ἄλλο
670 1776 704 1842 ἡ
782 1770 1041 1848 ἐνέργεια.
1092 1772 1342 1839 Ταυτίζει
1416 1772 1510 1844 μὶν
1578 1771 1679 1848 γὰρ
1741 1770 1951 1827 ἅπαντα

1224 470 1233 477 Ο
1324 384 1421 446 DE
1463 380 1994 445 PROCESSIONE
2035 381 2393 443 SPIBITUS
2437 381 2733 445 SANCTI.

286 541 433 595 μεως
476 514 686 595 ἔχουσα
747 519 837 575 καὶ
898 521 1000 590 τήν
1056 518 1117 574 ἐκ
1164 521 1264 584 τῆς
1321 516 1602 593 δυνάμεως
1651 520 1953 593 προῖοῦσαθ

2075 536 2275 575 ceruus
2325 520 2504 576 etiam
2560 520 2915 593 simplicem.
2967 522 3218 577 Necesse
3271 521 3430 577 enim
3484 526 3574 578 est
3620 539 3699 581 au

3609 382 3728 523 192

2064 611 2398 681 composita
2429 611 2505 665 sit
2536 617 2594 665 et
2626 611 2901 681 simplex,
2937 617 2994 666 et
3028 618 3167 667 tunc
3198 612 3360 667 nulla
3391 613 3724 670 substantia

2062 700 2173 755 erit
2204 700 2493 771 simplex;
2521 704 2623 754 aut
2649 701 2897 770 simplex
2930 701 3007 753 sit
3032 700 3253 771 absque
3286 703 3629 773 operatione
3662 708 3721 758 et

2058 790 2459 861 virtute,quod
2482 791 2794 846 manifeste
2820 791 3055 847 falsum.
3079 794 3337 847 estNam
3361 810 3555 863 neque
3580 810 3721 865 ope-

2061 880 2212 935 ratio
2245 886 2336 934 est
2368 881 2494 935 sine
2529 880 2793 951 potentia
2825 886 2885 933 et
2909 881 3145 948 virtute,
3175 897 3245 935 ex
3274 898 3391 951 qua
3430 883 3717 952 procedit,

2061 984 2256 1039 neque
2286 970 2547 1040 potentia
2573 969 2699 1023 sine
2729 970 3012 1035 essentia,
3036 970 3154 1023 imo
3181 986 3290 1024 nec
3315 971 3568 1025 essentia
3590 972 3721 1026 sine

2061 1058 2326 1130 potentia
2355 1057 2727 1129 Operandi.Si
2760 1074 2895 1111 vero
2922 1057 3047 1113 haec
3071 1057 3632 1128 impossibilia,tunc
3664 1064 3724 1114 et

2063 1146 2506 1218 simplicissima
2523 1147 2877 1218 simpliciter
2896 1146 3227 1202 substantia
3243 1164 3362 1202 una
3384 1164 3517 1202 cum
3543 1149 3723 1204 insita

2061 1237 2327 1307 potentia
2345 1235 2587 1291 habebit
2604 1236 2780 1292 etiam
2802 1237 3207 1308 operationem
3234 1254 3304 1291 ex
3326 1237 3434 1292 hac
3457 1238 3724 1308 potentia

2062 1324 2475 1397 prodeuntem,
2510 1330 2939 1397 proptereaque
2971 1343 3091 1381 non
3144 1327 3312 1381 adest
3341 1327 3496 1381 circa
3530 1327 3721 1398 ipsam

2062 1416 2414 1487 compositio
2434 1432 2504 1470 ex
2524 1415 2783 1485 eo,quod
2800 1416 2958 1471 circa
2978 1433 3166 1471 unum
3186 1421 3243 1471 et
3264 1417 3725 1485 idem,substan-

2064 1508 2228 1575 tiam,
2250 1506 2413 1562 aliud
2436 1507 2513 1562 sit
2536 1507 2821 1577 potentia,
2846 1506 3009 1562 aliud
3032 1508 3318 1579 operatio,
3345 1513 3401 1563 et
3421 1507 3578 1578 quod
3604 1522 3725 1562 una

2063 1594 2389 1666 eademque
2404 1612 2498 1649 res
2515 1611 2584 1649 ex
2599 1594 2931 1650 substantia
2946 1600 3005 1649 et
3023 1596 3289 1666 potentia
3304 1601 3361 1650 et
3378 1596 3722 1666 operatione

2062 1684 2427 1752 consistat,si
2452 1684 2536 1739 ita
2558 1683 2720 1755 loqui
2744 1684 2831 1739 fas
2850 1689 2959 1753 est,
2982 1691 3039 1738 et
3060 1683 3219 1755 quod
3246 1685 3475 1739 ratione
3499 1684 3719 1738 distin-

2062 1773 2263 1847 guitur
2279 1790 2312 1828 a
2326 1772 2657 1828 substantia
2673 1774 2999 1845 potentia,a
3017 1773 3282 1845 potentia
3300 1772 3724 1844 operatio.Una

284 1863 376 1918 καὶ
427 1858 824 1917 ἆνυπάλλακτα
875 1866 1050 1933 τηρεῖ’
1120 1860 1336 1936 σχέσεις
1388 1856 1445 1916 δὲ
1512 1860 1769 1937 ἀπείρους
1821 1880 1954 1939 σχε-

2066 1862 2225 1917 enim
2257 1866 2315 1917 et
2346 1862 2429 1916 sic
2460 1868 2550 1916 est
2581 1861 2834 1933 simplex
2867 1862 3218 1917 substantia.
3248 1862 3552 1925 Quomodo
3584 1877 3720 1915 vero

289 1951 382 2009 δὸν
442 1949 735 2008 ὑποδύεται
806 1950 1206 2027 προστιθεμένη
1267 1948 1357 2004 καὶ
1426 1950 1801 2028 ἀφαιρουμένη
1862 1943 1951 2004 καὶ

287 2047 555 2119 γεννῶσαο
621 2041 801 2097 πάντα
854 2041 925 2096 τὰ
977 2037 1095 2111 εἴδη
1153 2044 1263 2095 τῶν
1314 2040 1579 2115 ἁριθμῶν’
1612 2040 1701 2094 καὶ
1734 2043 1820 2094 sfw
1854 2041 1948 2113 μὲν

279 2130 546 2208 γινομένη
590 2132 657 2186 τὸ
704 2132 875 2203 ἣμισυ
920 2130 1010 2184 καὶ
1055 2130 1119 2184 τὸ
1170 2126 1593 2198 ύποδιπλοὶσιον,
1625 2132 1715 2183 νῦν
1748 2126 1806 2184 δὲ
1834 2129 1950 2201 τρί-

279 2242 376 2279 τον
429 2222 520 2276 καὶ
568 2219 1023 2297 ὑποτριπλὰσιον,
1074 2222 1164 2273 νῦν
1225 2216 1282 2273 δί
1334 2218 1590 2295 τέταρτον
1634 2218 1723 2274 καὶ
1756 2219 1952 2275 ὑποτε-

276 2308 706 2384 τετραπλὰσιον,
781 2307 873 2362 καὶ
944 2304 1148 2365 ἄλλοτε
1206 2304 1347 2363 ἄλλο
1406 2306 1496 2362 καὶ
1555 2309 1692 2363 κατὰ
1756 2306 1950 2365 ταὺτὸν

272 2403 474 2469 πάντα,
505 2400 596 2453 καὶ
644 2402 809 2453 τοῦτο
854 2395 941 2452 ἐπ’
988 2395 1229 2472 ἄπειρον,
1279 2402 1371 2451 νῦν
1407 2398 1501 2469 μὲν
1529 2397 1951 2473 ἀσχημάτιστος

269 2485 575 2562 νοουμένη,
656 2492 745 2541 νῦν
824 2483 883 2542 δὲ
956 2485 1434 2561 ἐσχηματισμένη,
1502 2486 1593 2542 καὶ
1658 2489 1792 2543 ποτὲ
1851 2489 1949 2562 μὲν

264 2580 567 2655 τρίγωνος,
618 2577 751 2631 ποτὲ
810 2574 866 2631 δὲ
922 2575 1298 2653 τετράγωνος,
1331 2577 1466 2631 ποτὶ
1496 2571 1553 2630 δὲ
1581 2577 1951 2651 πεντάγωνος,

264 2669 365 2723 καὶ
404 2664 548 2721 ἄλλο
594 2686 654 2720 τε
698 2664 790 2719 καὶ
844 2662 987 2720 ἄλλο
1036 2664 1126 2718 καὶ
1176 2664 1290 2739 ἅμα
1319 2664 1515 2736 πάντα,
1549 2665 1830 2720 καὶτοῦτο
1869 2656 1953 2721 ἐπ’

268 2758 528 2831 ἄπειρονο
564 2755 657 2810 καὶ
709 2758 800 2808 νῦν
863 2754 958 2826 μὲν
1014 2751 1296 2820 ἐπίπεδος,
1352 2758 1441 2807 νῦν
1498 2750 1558 2808 δὲ
1615 2755 1823 2830 στερεὰ,
1864 2754 1953 2813 καὶ

269 2851 372 2903 νῦν
437 2846 537 2918 μὲν
595 2844 853 2918 ἄσχετος,
914 2847 1005 2896 νῦν
1061 2843 1246 2917 σχέσίν
1308 2839 1533 2918 ἔχουσα,
1602 2844 1693 2898 καὶ
1750 2844 1951 2915 ταύτην

269 2933 625 2997 πολυειδῶς·
678 2935 770 2989 καὶ
817 2933 1047 3005 ποικίλη
1097 2955 1181 2996 τις
1231 2934 1533 3012 φαινομένη
1586 2931 1675 2988 διὰ
1721 2936 1816 2997 τὰς
1861 2932 1956 2989 δυ-

274 3028 484 3101 νάμεις
516 3024 612 3081 καὶ
669 3025 767 3087 τὰς
826 3022 1101 3101 ἐνεργείας
1157 3025 1347 3097 αὐτῆς,
1399 3022 1554 3097 ὅμως
1602 3022 1949 3095 ἁπλουστάτη

271 3117 423 3187 ἐστὶ,
472 3116 564 3171 καὶ
597 3117 634 3185 ἡ
666 3112 919 3169 ποικιλία
970 3112 1107 3183 αὐτὴ
1163 3115 1264 3183 τήν
1324 3111 1610 3185 ἁπλότητα
1639 3120 1739 3183 τῆς
1771 3110 1956 3175 οὐσίας

274 3207 347 3263 οὐ
413 3204 760 3279 λυμαίνεται’
817 3201 1002 3264 οὐσίας
1062 3198 1119 3256 δὲ
1178 3201 1326 3277 λέγω
1382 3209 1482 3272 τῆς
1511 3202 1627 3256 κατ’
1657 3202 1849 3272 αὐτήν.
1881 3201 1952 3259 ’Ὀ

268 3298 389 3373 γάρ
438 3294 585 3350 ἐστιν
633 3294 844 3364 ἑκάστῳ
891 3292 953 3347 τὸ
999 3291 1158 3359 εἶναι,
1206 3291 1369 3346 τοῦτό
1418 3288 1530 3346 ἐστι
1579 3290 1671 3345 καὶ
1711 3293 1745 3360 ἡ
1792 3289 1952 3345 οὐσία

274 3384 473 3440 αὐτοῦ.
529 3382 594 3439 Εἰ
649 3379 743 3437 οὗν
794 3379 886 3435 ἐπὶ
942 3384 1049 3435 τῶν
1098 3381 1215 3435 καθ’
1248 3382 1394 3452 ἡμᾶς
1439 3380 1505 3434 τὰ
1553 3380 1677 3455 περὶ
1725 3375 1948 3434 ἕκαστον

272 3473 498 3529 ἁπλοῦν
538 3470 892 3546 θεωρούμενα
941 3466 1176 3539 διπλόην
1219 3467 1312 3523 καὶ
1362 3467 1604 3523 σύνθεσιν
1637 3468 1697 3522 οὐ
1728 3488 1949 3545 παρεισο

277 3565 509 3638 ἄγουσι,
540 3560 745 3632 πολλῷ
794 3558 960 3614 πλέον
1006 3556 1132 3613 οὐδὲ
1186 3557 1274 3613 ἐπὶ
1321 3563 1430 3613 τῶν
1480 3562 1784 3633 θεαρχικῶν
1818 3558 1954 3613 ὑπο-

280 3654 534 3708 στάσεων
585 3650 647 3706 ἐκ
696 3657 798 3721 τῆς
851 3649 1002 3704 ἐνίων
1054 3647 1344 3720 ἶδιοτήτων
1403 3646 1711 3718 ἐπιπλοκῆς
1744 3644 1950 3719 διπλόη

282 3742 387 3797 καὶ
442 3739 690 3805 σύνθεσίς
748 3759 832 3800 τις
891 3734 1296 3812 παρεισάγεται.
1366 3738 1505 3794 Οὔτε
1573 3735 1665 3792 οὖν
1733 3737 1761 3791 ό
1826 3737 1953 3800 Υἱὸς

282 3831 572 3900 σύνθετος,
632 3827 678 3884 εἰ
740 3828 820 3899 μὴ
877 3827 1040 3900 μόνον
1108 3825 1222 3882 ἐστὶ
1268 3825 1528 3900 γεννητὸς
1599 3825 1658 3881 ἐκ
1720 3826 1953 3901 Πατρὸς,

282 3919 440 3976 ἀλλὰ
481 3919 573 3974 καὶ
619 3912 959 3994 προῦλήτωρ
1009 3918 1106 3971 τοῦ
1155 3914 1491 3989 Πνεύματος,
1518 3911 1643 3969 οὔτε
1682 3914 1744 3968 τὸ
1791 3917 1950 3968 Πνεῦ-

287 4030 392 4083 μα,
441 4009 488 4064 εί
543 4008 622 4081 μή
682 4004 743 4060 ἐκ
799 4008 896 4059 τοῦ
944 4004 1157 4079 Πατρὸς
1212 4003 1403 4077 μόνον,
1451 4001 1598 4058 ἀλλὰ
1629 4001 1719 4058 καὶ
1768 4001 1829 4057 ἐκ
1855 4007 1951 4057 τοῦ

282 4100 419 4153 ι·ἱοῦ
469 4095 844 4169 ἐκπορεύεται.
896 4093 997 4147 Καὶ
1051 4094 1154 4169 γὰρ
1212 4089 1338 4147 οὐδὲ
1368 4093 1398 4146 ὁ
1431 4093 1620 4167 Πατὴρ
1660 4090 1951 4167 ἆγὲννητος

285 4186 368 4258 ᾢν
400 4188 488 4242 καὶ
520 4186 805 4262 γεννήτωρ
833 4186 931 4238 τοῦ
962 4184 1092 4236 Υἱοῦ
1148 4180 1239 4236 καὶ
1270 4176 1610 4256 προϐλήτωρ
1659 4184 1753 4235 τοῦ
1786 4178 1951 4235 Πνεύ-

289 4296 485 4350 ματος.
532 4278 740 4347 ’Ὠσπερ
792 4272 894 4348 γὰρ
958 4272 1021 4327 τὸ
1082 4272 1369 4344 ἀγέννητον
1435 4270 1525 4325 καὶ
1573 4270 1638 4325 τὸ
1700 4270 1951 4345 γεννητὸν

289 4367 382 4421 καὶ
426 4366 491 4420 τὸ
539 4361 871 4435 ἐκπορευτὸν
918 4359 1113 4420 ἁπλῶς
1162 4358 1509 4436 θεωρούμενα
1558 4356 1813 4436 διάφοροι
1856 4358 1950 4432 μέν

290 4455 426 4511 εἰσιν
517 4450 876 4508 ὑποστατικαὶ
965 4446 1237 4521 ’ἰδιότητες
1322 4448 1518 4518 ἑκάστη
1602 4452 1711 4503 τῶν
1785 4452 1953 4521 τριῶν

293 4544 506 4613 ἱ»κὰπῷ
560 4545 670 4596 τῶν
729 4544 895 4616 τριῶν
964 4539 1273 4613 προσώπων
1333 4535 1749 4615 ἀφοριζόμεναι,
1807 4535 1955 4592 ἀλλᾶ

2066 1952 2199 2022 quis
2229 1951 2476 2007 auderet
2504 1951 2577 2005 de
2626 1955 2840 2005 natura
2889 1968 3021 2005 vere
3076 1951 3330 2021 simplici
3365 1956 3420 2003 et
3451 1949 3523 2003 ab
3555 1949 3718 2004 omni

2060 2040 2494 2111 compositione
2522 2045 2797 2110 exempta
2820 2039 2910 2094 vel
2934 2039 3005 2093 de
3026 2038 3274 2110 singulis
3297 2037 3719 2107 bypostasibus

2060 2145 2352 2201 supremas
2383 2135 2443 2183 et
2471 2128 2867 2200 praecellentis
2924 2126 3248 2181 divinitatis
3294 2127 3614 2194 afﬁrmare,
3649 2143 3721 2181 ex

2060 2229 2433 2286 naturalibus
2458 2229 2545 2285 vel
2576 2228 2991 2301 personalibus
3017 2227 3478 2300 proprietatibus
3512 2225 3715 2281 induci

2060 2319 2595 2390 compositionem?
2611 2318 2761 2384 Quid
2783 2317 3039 2373 monade
3062 2317 3334 2388 (unitate)
3361 2316 3422 2370 in
3446 2316 3715 2371 numeris

2059 2408 2440 2480 simplicius?
2492 2410 2563 2463 Et
2616 2414 2817 2464 tamen
2873 2406 3036 2462 aliud
3084 2407 3197 2478 ipsi
3248 2412 3338 2461 est
3368 2423 3519 2473 esse,
3553 2404 3716 2460 aliud

2057 2498 2347 2570 potentia,
2382 2503 2440 2551 et
2488 2497 2646 2552 aliud
2691 2497 2980 2568 operatio.
3036 2497 3181 2550 Cum
3232 2495 3509 2550 omnibus
3553 2496 3713 2550 enim

2059 2586 2465 2642 identiﬁcatur
2493 2586 2717 2657 (omnia
2749 2585 2954 2640 eadem
2989 2584 3271 2655 ostendit)
3292 2590 3351 2638 et
3380 2584 3714 2638 incommu-

2060 2680 2182 2732 tata
2212 2680 2437 2730 servat:
2474 2674 2795 2729 relationes
2825 2679 3024 2729 autem
3070 2672 3190 2727 fere
3234 2672 3501 2726 inﬁnitas
3534 2670 3714 2735 subit,

2062 2762 2203 2819 dum
2234 2761 2474 2818 additur
2503 2766 2560 2815 et
2588 2760 2979 2829 subtrahitur,
3004 2765 3061 2815 et
3091 2777 3299 2814 omnes
3331 2774 3716 2814 numerorum

2061 2852 2290 2924 species
2328 2855 2593 2924 generat,
2625 2855 2683 2904 et
2711 2866 2869 2904 nunc
2900 2849 3144 2919 quidem
3193 2848 3258 2902 ﬁt
3309 2847 3625 2902 dimidium
3659 2852 3719 2902 et

2061 2940 2332 3012 duplum.
2365 2956 2525 2995 nunc
2550 2955 2686 2994 vero
2709 2939 2948 2993 tertium
2973 2943 3031 2992 et
3054 2937 3319 3009 triplum,
3349 2954 3508 2991 nunc
3539 2953 3718 3007 quar-

2062 3034 2187 3086 tum
2220 3035 2279 3085 et
2327 3028 2747 3100 quadruplum,
2808 3034 2866 3083 et
2909 3027 3053 3082 alias
3084 3026 3264 3091 aliud,
3299 3032 3356 3081 et
3386 3026 3717 3082 secundum

2060 3119 2219 3175 idem
2253 3119 2476 3185 omnia,
2510 3122 2569 3172 et
2590 3118 2701 3172 hoc
2729 3116 2790 3171 in
2822 3116 3124 3171 inﬁnitum
3150 3130 3163 3181 ;
3192 3132 3351 3170 nunc
3381 3121 3449 3171 ut
3476 3115 3717 3186 quidem

2018 3265 2033 3289 ‘
2064 3208 2341 3264 informis
2358 3224 2425 3262 ac
2456 3206 2657 3279 ﬁgurae
2690 3222 2899 3277 expers
2930 3210 3403 3276 concepta,nunc
3434 3221 3567 3259 vero
3600 3204 3719 3259 for-

2064 3302 2223 3353 mata
2253 3302 2313 3352 et
2343 3296 2613 3368 ﬁgurata,
2634 3294 2955 3365 aliquando
2988 3292 3718 3366 triangularis,aliquando

2061 3383 2578 3458 quadrangularis,
2629 3383 2948 3454 aliquando
3000 3382 3498 3454 quintangularis,
3548 3388 3726 3453 atque

2060 3473 2227 3530 aliud
2257 3479 2315 3527 et
2346 3472 2599 3540 aliud,et
2630 3471 2805 3526 simul
2837 3471 3125 3535 omnia,et
3153 3471 3264 3526 hoc
3295 3471 3358 3525 in
3391 3471 3720 3536 inﬁnitum,

2062 3579 2225 3619 nunc
2254 3561 2496 3633 quidem
2530 3567 2620 3615 est
2668 3559 3032 3632 superﬁcies,
3086 3576 3244 3614 nunc
3288 3559 3548 3614 solidum
3577 3577 3718 3614 cor-

2062 3667 2199 3723 pus,
2231 3648 2405 3704 modo
2440 3648 2747 3703 relationis
2778 3664 3009 3718 expers,
3052 3646 3228 3700 modo
3260 3646 3578 3700 relationes
3609 3647 3719 3701 ha-

2063 3738 2232 3807 bens,
2263 3742 2323 3792 et
2347 3736 2588 3808 quidem
2619 3734 3037 3802 multiformes,
3067 3739 3125 3788 et
3148 3750 3331 3804 quum
3357 3734 3516 3788 varia
3538 3750 3722 3805 appa-

2065 3833 2193 3884 reat
2223 3831 2465 3899 propter
2495 3825 2790 3896 potentias
2822 3828 2879 3878 et
2920 3824 3298 3895 operationes
3328 3839 3484 3887 suas,
3521 3827 3722 3878 tamen

2068 3915 2508 3987 simplicissima
2568 3918 2657 3967 est
2712 3918 2771 3966 et
2841 3913 2972 3983 ipsa
3029 3912 3275 3966 varietas
3329 3911 3485 3966 haud
3544 3910 3725 3967 infert

2066 4013 2493 4071 detrimentum
2539 4010 2885 4067 substantias
2934 4009 3324 4082 simplicitati,
3375 4010 3721 4066 substantias

2066 4104 2221 4174 dico,
2253 4118 2385 4174 quas
2418 4100 2747 4157 secundum
2778 4100 2967 4171 ipsam
2999 4099 3282 4165 est.Quod
3313 4100 3473 4154 enim
3507 4100 3721 4170 cuique

2068 4209 2220 4259 esse,
2274 4191 2386 4246 hoc
2441 4196 2532 4247 est
2588 4195 2647 4245 et
2703 4190 2833 4261 ejus
2881 4189 3234 4245 substantia.
3292 4189 3350 4244 Si
3410 4189 3609 4260 itaque
3660 4190 3721 4244 in

2066 4281 2246 4335 rebus
2277 4280 2491 4335 creatis
2520 4295 2587 4334 ac
2615 4278 2836 4332 nostris
2870 4294 2939 4333 ea
2972 4294 3101 4348 qua;
3133 4277 3192 4331 in
3226 4277 3430 4347 quovis
3464 4276 3721 4347 simplici

2067 4373 2411 4442 spectantur
2439 4384 2559 4423 non
2607 4366 2901 4422 inducunt
2947 4365 3352 4437 duplicitatem
3390 4372 3449 4420 et
3478 4382 3724 4437 compo-

2065 4460 2362 4527 sitionem,
2398 4459 2584 4514 multo
2617 4458 2806 4528 magis
2852 4474 3045 4529 neque
3097 4458 3159 4511 in
3210 4457 3426 4513 divinis
3457 4457 3729 4529 personis

2073 4565 2143 4603 ex
2158 4548 2529 4603 connexione
2545 4545 2963 4602 nonnullarum
2976 4546 3399 4618 proprietatum
3414 4546 3729 4617 duplicitas

295 4636 396 4702 τὴν
450 4631 581 4705 μίαν
637 4630 798 4708 φύσιν
852 4628 1031 4683 αὐτῶν
1099 4626 1161 4682 οὐ
1224 4628 1562 4701 μερίζουσιν,
1618 4623 1816 4693 οὕτως,
1864 4623 1954 4681 κᾶν

2075 4644 2131 4693 et
2181 4637 2533 4708 compositio
2583 4635 2854 4708 quasdam
2908 4635 3228 4691 inducitur.
3291 4637 3494 4707 Neque
3551 4637 3730 4708 igitur

295 4723 529 4782 πλείους
592 4719 726 4774 ὦσιν
784 4718 840 4773 αὶ
899 4717 1023 4794 περὶ
1073 4717 1304 4787 ἑκάστην
1354 4720 1463 4772 τῶν
1509 4721 1675 4791 τριῶν
1731 4715 1967 4770 ὑποστά-

300 4835 441 4868 σεων
474 4809 775 4879 ἴδιότητες,
820 4804 934 4862 οὐδ’
984 4805 1156 4869 οὕτως
1205 4803 1468 4879 οὐδεμίαν
1515 4804 1694 4860 αὐτῶν
1729 4805 1967 4860 ὑπόστα-

300 4924 383 4958 σιν
428 4900 724 4974 τέμνουσιν
802 4897 839 4968 ἣ
921 4896 1258 4971 μερίζουσιν,
1337 4893 1467 4950 ἀλλ’
1535 4892 1665 4950 οὐδὲ
1723 4894 1968 4949 σύνθετον

299 4991 565 5064 οὐδεμίαν
597 4989 806 5045 τούτων
837 4984 1195 5044 δεικνύουσιν.
1246 4988 1452 5063 Ὥσπερ
1483 4984 1541 5041 δὲ
1593 4986 1655 5041 οὐ
1708 4986 1963 5060 μεριστὸς

298 5086 329 5139 ὁ
381 5083 595 5155 Πατήρ,
642 5078 727 5134 ὃτι
788 5077 840 5147 ἐξ
898 5076 1066 5132 αὐτοῦ
1125 5078 1153 5131 ὁ
1205 5077 1330 5138 Υἱὸς
1386 5075 1475 5131 καὶ
1526 5075 1590 5130 τὸ
1633 5073 1967 5149 Ηνεῦμα(οὐ

294 5175 399 5247 γάρ
456 5172 598 5245 μὲρη
648 5171 746 5222 τοῦ
794 5167 1005 5241 Πατρὸς
1058 5169 1245 5233 ταῦτα,
1291 5162 1416 5220 οὐδὲ
1459 5164 1593 5220 κατᾶ
1637 5165 1814 5238 τομήν
1851 5184 1969 5218 τινα

295 5260 387 5315 καὶ
432 5258 627 5332 ῥοήνὴ
662 5254 889 5310 ἑκάστου
936 5252 1260 5330 γνωρίζεται
1308 5249 1596 5329 πρόοδος),
1647 5252 1792 5308 οὓτω
1839 5250 1969 5308 οὐδὲ

295 5350 362 5405 τὸ
418 5351 643 5418 Πνεῦμα
700 5342 975 5417 μεριστὸν,
1027 5342 1111 5397 ’ὁτι
1169 5341 1230 5398 ὲκ
1279 5342 1489 5419 Πατρὸς
1538 5342 1629 5397 καὶ
1660 5342 1809 5396 Υἱοῦσ
1844 5339 1969 5397 οὐδὶ

300 5439 366 5495 τὸ
420 5439 514 5510 μὶν
566 5436 629 5491 ἰκ
674 5438 774 5489 τοῦ
826 5432 1038 5506 Ηατρὸς
1104 5428 1245 5508 ἔχει,
1299 5432 1362 5487 τὸ
1433 5429 1491 5487 δὲ
1554 5430 1614 5487 ἐκ
1668 5435 1766 5486 τοῦ
1814 5433 1965 5502 Υίοῦ,

304 5527 455 5584 ἀλλᾶ
506 5527 572 5581 τὸ
628 5521 843 5579 ἁπλοῦν
896 5522 984 5576 καὶ
1045 5517 1098 5577 ἔν
1155 5523 1293 5597 ὅπερ
1329 5519 1491 5586 ἐστὶν,
1523 5518 1584 5576 ἔκ
1628 5518 1725 5576 τοῦ
1757 5522 1966 5596 Πατρός

308 5619 423 5674 ἐστι
453 5618 541 5673 καὶ
576 5614 640 5671 ὲκ
666 5617 768 5669 τοῦ
821 5614 970 5666 Υὶοῦ·
1030 5611 1079 5683 ἐξ
1129 5612 1347 5686 ἀμερῶν
1410 5611 1606 5687 ἁμερὶς
1636 5611 1724 5666 καὶ
1756 5611 1965 5667 ἁπλοῦν

306 5710 357 5782 ἐξ
405 5708 626 5767 ἁπλῶν.
683 5703 750 5764 Εἰ
802 5701 861 5759 δὶ
909 5702 1108 5780 λέγεις’
1149 5708 1274 5770 Πῶς
1315 5721 1332 5775 ;
1398 5701 1633 5780 ἄρῥητος
1683 5704 1712 5759 ὁ
1764 5704 1967 5781 τρόπος

2072 4726 2439 4798 compositus
2470 4724 2676 4793 Filius,
2732 4724 2780 4779 si
2831 4741 2952 4779 non
3007 4724 3199 4780 solum
3232 4731 3323 4780 est
3350 4730 3666 4797 generatus
3697 4741 3733 4777 a

2073 4819 2267 4884 Patre,
2296 4831 2502 4870 verum
2536 4820 2594 4869 et
2626 4814 2876 4885 Spiritus
2934 4814 3294 4885 productor;
3327 4830 3521 4883 neque
3562 4829 3730 4867 cum-

2074 4906 2302 4977 positus
2334 4904 2607 4975 Spiritus,
2642 4903 2690 4958 si
2722 4920 2843 4958 non
2878 4920 2947 4957 ex
2990 4905 3161 4958 Patre
3188 4903 3494 4968 duntaxat,
3528 4916 3728 4954 verum

2075 5001 2132 5050 et
2164 5011 2235 5050 ex
2260 4992 2404 5049 Filio
2437 4992 2706 5065 procedit
2733 5010 2746 5058 ;
2784 5009 2976 5062 neque
3010 4992 3169 5047 enim
3200 4996 3259 5045 et
3287 4993 3461 5044 Pater
3491 5004 3732 5059 compo-

2076 5085 2224 5140 situs
2251 5087 2362 5147 est,
2388 5083 2489 5153 qui
2522 5081 2890 5136 innascibilis
2936 5081 3227 5135 exsistens
3260 5085 3319 5133 et
3344 5077 3468 5133 Filii
3502 5077 3733 5148 genitor

2075 5178 2133 5230 et
2178 5172 2432 5244 Spiritus
2480 5170 2801 5242 productor
2854 5176 2961 5224 est.
2997 5165 3510 5234 Quemodmodum
3570 5166 3729 5220 enim

2072 5260 2506 5317 innascibilitas
2559 5264 2616 5312 et
2675 5257 2881 5311 ﬁliatio
2929 5263 2986 5310 et
3024 5255 3322 5326 processio
3382 5253 3732 5326 simpliciter

2072 5354 2350 5422 spectata
2381 5347 2625 5402 diversas
2658 5346 2896 5416 quidem
2928 5349 3064 5399 sunt
3093 5343 3439 5414 personales
3469 5344 3736 5416 proprie-

2073 5443 2245 5506 tates,
2268 5451 2521 5507 quarum
2555 5434 2733 5488 trium
2758 5432 3040 5503 quaelibet
3056 5431 3301 5487 cuilibet
3324 5433 3502 5489 trium
3526 5450 3728 5506 perso-

2073 5542 2287 5583 narum
2322 5528 2675 5585 reservatur,
2701 5538 2882 5577 unam
2908 5538 3044 5576 vero
3077 5522 3423 5578 eorumdem
3455 5530 3729 5580 naturam

2072 5629 2451 5688 nequaquam
2484 5611 2791 5678 dividunt;
2852 5612 2954 5681 ita,
3011 5611 3245 5668 etiamsi
3296 5612 3496 5685 plures
3535 5613 3728 5669 forent

2072 5704 2488 5784 proprietates,
2521 5717 2653 5777 qua
2706 5701 2952 5777 singulis
2985 5701 3175 5763 tribus
3221 5703 3491 5777 personis
3517 5719 3730 5761 βουνο-
