4062 6202
369 325 476 391 191
1609 326 1919 390 NICE'LE
1961 325 2503 390 MARPNIENSIS
3663 327 3784 388 I92

362 461 558 527 niunt,
580 475 776 532 neque
799 458 884 515 sic
914 458 1141 516 nullam
1175 475 1382 516 eorum
1410 459 1754 532 bypostasin
1787 461 2014 517 scinde-

2131 457 2217 514 καὶ
2267 459 2564 538 ἄφραστος·
2619 456 2752 534 ὑπὲρ
2807 457 2870 514 τὸ
2935 463 3051 521 πῶς
3111 475 3233 536 γαρ·
3297 455 3334 528 ἢ
3405 459 3614 538 ορᾶσον
3665 480 3794 534 μοι,

361 555 498 606 rent
555 549 644 605 vel
701 548 1054 616 dividerent,
1114 565 1321 604 verum
1373 565 1566 620 neque
1624 551 2014 622 compositam

2131 551 2242 610 πῶς
2284 548 2312 602 ὁ
2369 549 2554 622 Πατήρ
2602 552 2764 622 γεννᾷ
2820 548 2913 604 τὸν
2970 548 3136 618 Πόνς
3204 553 3322 610 πῶς
3357 549 3422 603 τὸ
3469 553 3696 622 Πνεῦμα
3726 547 3794 604 ἐκ

363 655 573 694 eorum
633 638 816 694 ullam
873 638 1275 694 ostenderent.
1336 638 1845 704 Quemadmodum
1878 655 2013 694 vero

361 729 538 784 Pater
568 728 814 783 minime
875 727 1094 782 divisus
1147 733 1254 795 est,
1315 728 1456 798 quia
1485 745 1557 782 ex
1589 729 1715 800 ipso
1746 728 1927 784 Filius
1959 735 2018 784 et

361 817 618 890 Spiritus
646 818 863 888 (neque
899 817 1059 871 enim
1093 816 1154 871 hi
1185 822 1382 888 partes
1413 822 1550 871 sunt
1579 818 1788 884 Patris,
1821 833 2016 889 neque

361 904 1032 962 secundumsectionem
1073 903 1397 976 quamdam
1422 910 1526 960 aut
1555 905 1784 960 ﬂuxum
1815 909 2015 978 cujus-

362 1012 475 1068 que
512 1011 717 1050 eorum
746 995 1081 1067 progressio
1113 994 1548 1066 cognoscitur):
1581 994 1662 1050 ita
1695 1012 1802 1051 nec
1835 995 2018 1066 Spiri-

361 1092 457 1143 tus
488 1087 731 1155 divisus,
765 1087 905 1157 quia
931 1103 1000 1141 ex
1035 1088 1205 1141 Patre
1255 1090 1313 1140 et
1361 1103 1432 1141 ex
1481 1086 1630 1142 Filio
1665 1093 1790 1154 est;
1820 1103 2016 1159 neque

360 1177 507 1234 illud
533 1176 777 1248 quidem
827 1193 899 1230 ex
959 1180 1129 1232 Patre
1183 1175 1382 1242 habet,
1415 1175 1526 1230 hoc
1559 1191 1692 1230 vero
1725 1192 1797 1231 ex
1827 1176 2013 1243 Filio;

363 1264 466 1321 sed
495 1263 648 1319 illud
679 1263 927 1336 simplex
959 1271 1018 1320 et
1044 1280 1232 1320 unum
1265 1263 1422 1335 quod
1445 1263 1569 1336 ipse
1602 1270 1712 1332 est,
1745 1281 1812 1319 ex
1845 1266 2016 1320 Patre

363 1359 455 1409 est
485 1360 542 1409 et
576 1371 640 1409 ex
675 1353 840 1420 Filio,
865 1371 936 1408 ex
959 1352 1226 1408 indivisis
1251 1351 1592 1418 indivisum,
1624 1369 1694 1408 ex
1725 1352 2015 1424 simplici-

363 1443 475 1499 bus
503 1445 781 1517 simplex.
817 1444 874 1500 Si
907 1460 1042 1499 vero
1102 1443 1357 1514 quaeris:
1411 1446 1733 1511 Quomodo?
1759 1443 2014 1510 noveris,

364 1533 607 1588 modum
641 1549 773 1590 esse
799 1533 1164 1588 ineffabilem
1194 1538 1253 1588 et
1281 1549 1400 1588 non
1423 1533 2016 1600 enuntiabilem,cum

2121 641 2218 693 τοῦ
2276 637 2486 712 Πατρὸς
2547 635 2937 709 ἐκπορεύεταις
2992 637 3076 700 τίς
3134 641 3170 708 ἡ
3219 637 3428 693 τούτων
3505 635 3784 716 διαφοράς

2123 725 2278 804 κάγὼ
2322 727 2408 782 σοὶ
2457 725 2672 802 φράσω,
2723 731 2841 789 πῶς
2896 725 2957 782 ἐκ
3002 730 3100 782 τοῦ
3160 727 3369 802 [ἰατρὸς
3425 726 3515 782 καὶ
3572 726 3633 782 ἐκ
3682 728 3786 783 τοό

2125 815 2252 870 Ποῦ
2291 813 2660 890 ἐκπορεύεται.
2695 814 2758 872 Εἰ
2811 811 2869 870 δὲ
2919 813 3130 889 βούλει,
3188 816 3438 888 μάνθανε,
3471 816 3556 871 ὅτι
3588 813 3649 871 ἐκ
3678 819 3788 872 τοῦ

2126 904 2335 980 ΙΙατρὸς
2367 905 2478 979 οὐχ
2508 903 2582 966 ὡς
2612 903 2674 959 ἐκ
2725 907 2825 958 τοῦ
2877 905 3028 975 Υἱοῦ,
3068 905 3156 958 καὶ
3189 902 3250 959 ἐκ
3275 907 3373 958 τοῦ
3403 905 3532 959 Υἱοῦ
3563 905 3678 983 οὐχ
3708 905 3792 966 ὥς

2124 991 2184 1050 ἐκ
2211 997 2309 1048 τοῦ
2340 993 2574 1069 Πατρὸς.
2609 994 2704 1050 Ἐκ
2757 993 2854 1066 μὲν
2903 995 3007 1069 γὰρ
3060 997 3159 1049 τοῦ
3206 994 3418 1068 Πατρὸς
3475 993 3716 1066 ἔμμεσος
3753 996 3794 1063 ἡ

2125 1081 2442 1158 ἔκπόρευσις
2488 1079 2603 1156 (διὰ
2649 1087 2748 1138 τοῦ
2791 1083 2919 1138 Υἱοῦ
2967 1082 3118 1161 γὰρ),
3179 1082 3239 1138 ἐκ
3285 1087 3373 1138 τιῦ
3401 1083 3532 1138 Υἱοῦ
3567 1079 3624 1138 δὲ
3653 1081 3795 1157 ἄμε·

2125 1192 2240 1242 σος,
2271 1171 2356 1227 ὅτι
2405 1170 2601 1244 μηκέτι
2653 1167 2723 1226 δι’
2769 1169 2954 1248 ἑτέρου
2996 1172 3164 1236 τινός.
3215 1171 3403 1233 Οὖτως
3435 1169 3527 1227 οὗν
3557 1169 3795 1244 οὐδεμία

2125 1262 2370 1326 σύνθεσις
2420 1258 2546 1316 οὔτε
2593 1260 2717 1326 περὶ
2766 1260 2858 1314 τὸν
2921 1257 3046 1315 Υἶὸν
3096 1259 3221 1316 οὔτε
3267 1262 3394 1335 περὶ
3440 1259 3502 1315 τὸ
3547 1265 3789 1333 Πνεῦμα,

2123 1349 2221 1406 κᾶν
2269 1351 2332 1406 τὸ
2378 1353 2596 1424 Πνεῦμα
2643 1348 2704 1405 ἐκ
2743 1353 2842 1405 τοῦ
2890 1350 3100 1424 Harpe:
3147 1349 3573 1426 ἐκπορευόμενον
3603 1349 3694 1405 καὶ
3725 1349 3793 1406 ἐκ

2122 1445 2220 1496 τοῦ
2252 1440 2381 1495 Υῖοῦ
2411 1438 2778 1515 ἐκπορεόηται
2810 1440 2939 1514 (18)*
2971 1439 3059 1494 καὶ
3113 1435 3238 1495 οὐδὲ
3266 1442 3430 1495 τοῦτο
3459 1441 3522 1494 τὸ
3554 1437 3787 1508 ἄτοπον²

2127 1531 2202 1591 ὡς
2233 1527 2368 1603 ἔφης
2398 1527 2561 1590 αὐτὸς
2589 1532 2670 1600 τῷ
2701 1525 2938 1604 δόγματι
2968 1526 3364 1599 ἠκολούθησεν.

369 1622 448 1676 sit
489 1639 670 1693 supra
713 1639 954 1677 omnem
999 1621 1262 1676 modum.
1317 1624 1434 1677 Aut
1477 1621 1657 1677 dicito
1721 1622 1890 1690 mihi,
1940 1620 2237 1692 quomodo
2291 1621 2467 1675 Pater
2515 1624 2757 1692 generet
2799 1619 3036 1686 Filium,
3083 1618 3382 1692 quomodo
3413 1619 3663 1692 Spiritus
3709 1635 3788 1675 ex

363 1711 539 1764 Patre
594 1711 896 1782 procedat,
948 1727 1220 1781 quaenam
1270 1711 1482 1766 horum
1534 1711 1611 1766 sit
1655 1711 2008 1779 dill‘erentia,
2067 1715 2127 1766 et
2183 1725 2288 1782 ego
2349 1708 2541 1764 dicam
2593 1708 2722 1776 tibi,
2772 1707 3070 1780 quomodo
3118 1725 3189 1764 ex
3234 1709 3409 1763 Patre
3441 1712 3501 1764 et
3531 1725 3602 1764 ex
3633 1707 3791 1764 Filio

363 1800 668 1871 procedat.
732 1800 788 1854 Si
841 1816 975 1855 vero
1023 1800 1235 1872 placet,
1308 1800 1469 1856 disce
1517 1818 1589 1855 ex
1653 1803 1823 1856 Patre
1902 1817 2022 1856 non
2079 1797 2290 1854 eodem
2338 1797 2515 1853 modo
2563 1814 2632 1854 ac
2689 1813 2760 1852 ex
2803 1797 2973 1865 Filio,
3018 1802 3076 1852 et
3117 1813 3190 1852 ex
3239 1797 3387 1853 Filio
3419 1813 3538 1853 non
3565 1797 3782 1854 eodem

366 1888 544 1942 modo
599 1905 664 1943 ac
710 1905 779 1942 ex
824 1891 997 1944 Patre
1044 1888 1326 1960 Spiritum
1376 1889 1718 1960 procedere.
1770 1891 1851 1944 Ex
1893 1891 2066 1944 Patre
2114 1887 2275 1944 enim
2326 1886 2584 1942 mediata
2613 1886 2914 1958 processio
2943 1891 3053 1955 est,
3086 1902 3268 1957 quum
3301 1887 3380 1942 sit
3408 1903 3516 1959 per
3544 1887 3786 1955 Filium,

365 1993 436 2031 ex
464 1977 610 2032 Filio
640 1993 777 2032 vero
809 1977 1174 2045 immediala,
1208 1995 1344 2034 cum
1377 1995 1497 2032 non
1527 1978 1786 2050 amplius
1817 1980 1892 2034 sit
1921 1994 2028 2050 per
2055 1977 2240 2032 alium
2271 1976 2636 2048 quempiam.
2671 1977 2790 2031 Hoc
2837 1992 2975 2048 ergo
3020 1981 3191 2048 pacto
3240 1976 3405 2032 nulla
3432 1977 3790 2049 compositio

363 2071 454 2122 est
477 2083 670 2138 neque
702 2067 764 2122 in
797 2066 942 2122 Filio
975 2083 1169 2138 neque
1200 2067 1261 2122 in
1292 2067 1534 2139 Spiritu,
1567 2067 1708 2123 licet
1737 2067 1995 2140 Spiritus
2025 2083 2096 2122 ex
2124 2067 2296 2121 Patre
2325 2065 2654 2136 procedens
2686 2081 2755 2120 ex
2784 2065 2934 2121 Filio
2967 2081 3204 2137 quoque
3246 2065 3546 2138 procedat,
3581 2081 3784 2137 neque

369 2157 548 2210 etiam
583 2157 692 2212 hoc
723 2155 1071 2225 absurdum,
1104 2161 1170 2211 ut
1199 2161 1262 2211 tu
1291 2156 1548 2223 dicebas,
1583 2157 1796 2230 dogma
1825 2161 2096 2212 nostrum
2127 2157 2531 2227 consequitur.

440 2247 492 2298 6.
527 2246 640 2300 GR.
675 2245 754 2315 (η)
793 2246 1005 2300 Verum
1029 2245 1076 2299 si
1103 2261 1172 2299 ex
1195 2247 1367 2300 Patre
1399 2250 1458 2300 et
1485 2262 1555 2300 ex
1586 2244 1728 2300 Filio
1760 2245 2020 2317 procedit

2206 2243 2268 2312 ζ’.
2320 2247 2420 2298 ΓΡ.
2479 2239 2637 2300 Ἀλλ’
2675 2243 2720 2296 εἱ
2778 2243 2891 2315 (19)
2941 2239 3000 2296 ἐκ
3049 2245 3146 2298 τοῦ
3189 2246 3396 2317 Πατρός
3445 2243 3534 2298 καὶ
3585 2239 3648 2298 ἔκ
3686 2243 3791 2298 τοῦ

367 2333 623 2403 Spiritus
655 2333 987 2388 secundum
1019 2333 1175 2388 dicta
1205 2338 1324 2398 tua,
1351 2334 1465 2388 erit
1495 2335 1608 2406 ipsi
1640 2333 1859 2405 duplex
1888 2350 2023 2405 pro-

368 2420 588 2486 cessio;
611 2421 658 2474 si
677 2437 814 2476 vero
830 2421 1045 2492 duplex
1065 2421 1614 2493 processio,duplex
1626 2427 1686 2476 et
1699 2421 2026 2494 procedens

369 2509 529 2580 quod
553 2509 769 2580 duplex
793 2516 901 2576 est,
936 2527 1056 2565 non
1100 2515 1189 2566 est
1210 2509 1467 2581 amplius
1503 2510 1774 2582 simplex;
1802 2525 1939 2584 ergo
1955 2528 2026 2567 ex

368 2604 424 2652 te
449 2598 700 2669 Spiritus
723 2616 841 2654 non
865 2604 953 2654 est
976 2599 1232 2672 simplex
1257 2617 1270 2665 ;
1295 2599 1454 2671 quod
1475 2617 1608 2656 vero
1631 2617 1753 2674 non
1773 2605 1862 2656 est
1881 2601 2022 2656 sim-

365 2686 521 2758 plex,
548 2687 604 2741 id
629 2689 1024 2760 compositum
1047 2694 1138 2744 est
1157 2694 1214 2744 et
1235 2689 1490 2744 divisum
1512 2705 1526 2756 ;
1550 2689 1709 2761 quod
1731 2690 2024 2762 ejusmodi

315 2816 326 2824 η
366 2795 485 2833 non
521 2783 608 2833 est
634 2779 940 2834 Deus.Jam
971 2795 1107 2834 vero
1139 2780 1390 2850 Spiritus
1413 2785 1503 2834 est
1533 2781 1709 2843 Deus,
1733 2796 1852 2835 non
1885 2796 2022 2853 ergo

369 2867 618 2938 duplex;
672 2867 831 2939 quod
881 2868 928 2922 si
973 2885 1093 2922 non
1144 2866 1378 2940 duplex,
1411 2885 1604 2939 neque
1635 2869 2020 2941 compositus,

367 2971 562 3026 neque
593 2955 812 3027 duplex
833 2955 947 3011 erit
966 2956 1286 3027 processio.
1307 2956 1363 3010 Si
1385 2973 1520 3012 vero
1542 2973 1663 3013 non
1687 2957 1904 3029 duplex
1935 2964 2024 3013 est

367 3045 688 3116 processio,
709 3061 829 3100 non
853 3045 968 3099 erit
988 3062 1104 3100 una
1128 3045 1366 3116 quidem
1391 3061 1463 3100 ex
1486 3047 1871 3115 Patre,altera
1886 3063 2021 3102 vero

373 3150 446 3188 ex
479 3134 644 3198 Filio,
681 3134 785 3188 sed
834 3141 936 3189 aut
981 3149 1052 3188 ex
1101 3135 1272 3188 Patre
1303 3133 1418 3188 erit
1445 3140 1547 3190 aut
1575 3151 1644 3190 ex
1676 3134 1842 3192 Filio.
1877 3136 2022 3191 Cum

368 3239 505 3277 vero
532 3239 600 3276 ex
623 3225 794 3278 Patre
827 3221 924 3289 sit,
948 3229 1014 3276 ut
1047 3225 1171 3276 tum
1203 3223 1408 3277 Patres
1441 3221 1645 3279 dicunt
1677 3228 1801 3279 tum
1830 3226 2019 3280 Evan-

368 3311 612 3384 gelium,
637 3311 996 3383 relinquitur
1025 3327 1154 3366 eam
1186 3327 1306 3366 non
1339 3327 1468 3367 esse
1492 3329 1558 3368 ex
1591 3313 1755 3370 Filio.

440 3404 591 3458 LAT.
625 3404 826 3474 Neque
844 3404 956 3458 hoc
971 3409 1142 3475 pacto
1169 3403 1543 3460 ratiocinatio
1573 3409 1695 3472 tua,
1727 3421 1762 3460 o
1793 3405 2022 3476 sapien-

369 3493 598 3548 tissime
648 3492 946 3554 Graace.ad
1003 3492 1455 3548 assentiendum
1485 3493 1658 3566 cogit.
1691 3494 1758 3548 In
1811 3493 2020 3565 primis

379 3581 539 3636 enim
574 3581 820 3636 minime
839 3581 1133 3652 duplicem
1155 3581 1408 3637 dicimus
1427 3582 1887 3654 processionem,
1919 3582 2022 3638 sed

369 3689 548 3727 unam
583 3671 972 3743 eamdemque
999 3676 1057 3727 et
1087 3672 1440 3744 simplicem,
1469 3689 1653 3743 quum
1684 3679 1744 3728 et
1771 3672 2022 3744 Spiritus

371 3761 617 3832 simplex
670 3761 748 3814 sit
802 3765 1005 3832 utpote
1052 3762 1245 3827 Deus;
1295 3759 1460 3816 nulla
1503 3777 1761 3832 namque
1809 3761 1872 3816 in
1904 3762 2021 3816 Deo

367 3849 687 3921 duplicitas
710 3855 799 3904 est
829 3854 930 3905 aut
961 3849 1332 3921 compositio.
1367 3851 1564 3922 Neque
1596 3850 1755 3905 enim
1783 3850 1923 3921 quia
1953 3866 2022 3905 ex

370 3936 622 4000 duobus,
659 3935 879 3991 idcirco
911 3936 1211 4006 processio
1260 3936 1498 4008 duplex,
1550 3937 1655 3992 sed
1699 3937 1838 4008 quia
1867 3937 2020 4010 (Spi-

366 4024 537 4095 ritus)
571 4024 844 4096 simplex,
869 4024 1088 4079 idcirco
1123 4025 1422 4096 processio
1484 4025 1760 4098 simplex.
1811 4025 2020 4082 eadem

369 4116 547 4172 aliam
569 4120 745 4186 atque
769 4113 946 4168 aliam
967 4113 1027 4168 in
1050 4113 1259 4169 eodem
1283 4114 1507 4169 habens
1522 4114 2022 4180 relationem,me‘

369 4205 529 4260 diata
561 4203 800 4274 quidem
835 4203 1126 4258 exsistens
1158 4209 1453 4272 quatenus
1485 4219 1554 4258 ex
1583 4205 1778 4271 Patre,
1809 4205 2021 4260 imme-

369 4296 528 4350 diata
559 4313 692 4349 vero
717 4301 1011 4366 quatenus
1033 4311 1106 4350 ex
1127 4294 1292 4351 Filio.
1317 4295 1828 4360 Quemadmodum
1859 4297 2020 4352 enim

370 4384 617 4438 luminis
648 4384 707 4438 in
741 4401 874 4438 aere
908 4384 1140 4440 effulsio
1189 4401 1259 4438 ex
1301 4383 1422 4440 sole
1454 4389 1512 4440 et
1542 4401 1615 4440 ex
1647 4385 1789 4441 solis
1835 4385 2020 4442 radiis

371 4472 676 4542 prodiens,
710 4477 767 4524 et
788 4473 1129 4528 immediate
1155 4474 1396 4544 quidem
1428 4491 1498 4528 ex
1529 4474 1732 4543 radiis,
1765 4474 2020 4532 mediate

375 4577 512 4614 vero
545 4575 614 4612 ex
647 4559 767 4613 sole
817 4560 1111 4628 (videlicet
1160 4578 1266 4632 per
1320 4562 1564 4634 radios),
1595 4569 1796 4620 tamen
1825 4580 2020 4636 neque

377 4651 503 4721 ipsa
525 4649 931 4720 duplicitatem
953 4651 1270 4720 quamdam
1290 4653 1468 4707 habet
1494 4653 1821 4710 secundum
1852 4672 2021 4712 suam

377 4739 565 4811 ipsius
599 4739 1026 4805 exsistentiam,
1059 4755 1240 4810 quum
1278 4741 1484 4797 lumen
1514 4743 1576 4797 in
1605 4759 1740 4798 aere
1771 4745 2021 4818 simplex

449 4969 562 5039 (18)
595 4966 730 5022 Cod.
773 4968 892 5022 Vat.
928 4960 1297 5039 ἔκπορεόεται.

449 5036 558 5128 (19)
593 5041 978 5130 Nota.‘magg.
1031 5036 1291 5130 Ἰῖζνέτοιῦθοξ⁵
1337 5036 1611 5130 ἕσαγωγή
1665 5039 1850 5130 ἑτέρου
1898 5039 2024 5096 ἀτό-

373 5102 610 5188 Artemii}:
669 5106 840 5188 διπλῇ
898 5102 1047 5188 ξᾶται
1104 5109 1155 5188 ἡ.
1197 5102 1660 5188 τοῦ--Πνεόμᾶτος
1685 5102 2023 5188 ἐκπόρευοις,

372 5182 458 5307 aiat?
495 5179 582 5236 διὰ
610 5185 776 5236 τοῦτο
809 5177 1040 5236 διπλοῦν
1070 5178 1159 5234 καὶ
1203 5179 1267 5235 τὸ
1298 5177 1540 5256 Πνεῦμα,
1573 5181 1664 5237 καὶ
1695 5177 1832 5258 πρὸξ
1857 5177 2027 5241 ταῦτα

415 5274 552 5307 υσις.

415 5274 552 5316 υσις,

446 5497 539 5571 (η).
559 5497 728 5571 Nota.
759 5498 861 5552 Hic
873 5498 1039 5571 aliud
1059 5498 1382 5556 absurdum
1413 5500 2026 5571 inducitur,nimirum

376 5567 676 5644 duplicem
707 5569 842 5644 fo_re-
862 5570 1119 5644 Spiritus
1142 5573 1332 5644 sancti
1363 5567 1829 5644 processionem,
1861 5574 2026 5630 ideo-

323 5711 332 5722 _
381 5637 494 5712 que
525 5637 703 5698 etiam
748 5637 1032 5710 Spiritum
1087 5637 1404 5714 duplicem.
1441 5645 1508 5701 Et
1537 5644 1614 5701 ad
1644 5645 1755 5703 hoc
1783 5637 2024 5703 ablatio.

2133 2331 2264 2386 Υἳοῦ
2315 2329 2639 2406 ἐκπορόεται
2681 2329 2819 2386 καθᾶ
2858 2331 2986 2407 φὴς,
3035 2328 3183 2385 ἔσται
3231 2329 3378 2403 αὐτῷ
3427 2327 3596 2400 διπλῆ
3629 2334 3664 2401 ἢ
3697 2331 3794 2386 ἰκ-

2133 2419 2412 2496 πόρευσις.
2464 2419 2527 2476 Εἰ
2577 2415 2634 2474 δὲ
2680 2417 2852 2485 διπλῆ
2900 2421 2936 2490 ἡ
2977 2418 3316 2495 ἐκπόρευσις,
3349 2417 3578 2476 διπλοῦν
3603 2421 3794 2478 καὶτὸ

2133 2508 2583 2582 ἐκπορευόμενον.
2631 2507 2700 2563 Τὸ
2751 2503 2810 2563 δὲ
2883 2505 3113 2563 διπλοῦν
3177 2509 3303 2584 οὐχί
3375 2507 3605 2565 ἁπλοῦν*
3679 2510 3794 2586 οὐχ

2133 2597 2342 2654 ἁπλοῦν
2393 2597 2496 2674 ἄρα
2541 2599 2606 2654 τὸ
2654 2603 2892 2672 Πνεῦμα,
2943 2599 3080 2654 κατά
3123 2617 3201 2653 σε’
3243 2599 3306 2654 τὸ
3355 2595 3414 2653 δὲ
3464 2601 3538 2672 μὴ
3572 2598 3788 2654 ἁπλοῦν

2133 2688 2382 2742 σύνθετον
2412 2686 2502 2742 καὶ
2555 2687 2832 2762 μεριστόν’
2893 2688 2924 2741 δ
2977 2684 3036 2742 δέ
3083 2685 3193 2742 ἐστι
3233 2691 3503 2757 τοιοῦτον,
3536 2688 3598 2742 οὐ
3629 2687 3790 2750 Θεός.

2132 2775 2308 2833 Ἀλλὰ
2357 2777 2466 2848 μὴν
2511 2777 2573 2832 τὸ
2622 2779 2841 2848 Πνεῦμα
2899 2777 3050 2838 Θεός.
3107 2777 3208 2832 οὐκ
3234 2775 3338 2851 ἄρα
3367 2773 3620 2832 διπλοῦν·
3652 2777 3699 2832 εἰ
3731 2774 3796 2833 δὲ

2134 2868 2212 2940 μή
2265 2863 2519 2936 διπλοῦν,
2564 2864 2705 2940 μηδέ
2755 2867 3021 2938 σύνθετον,
3064 2863 3189 2922 οὐδὲ
3235 2863 3406 2936 διπλῆ
3441 2869 3477 2936 ἡ
3528 2867 3796 2942 ἑκπόρευ-

2133 2973 2236 3016 σις’
2292 2955 2337 3009 εἰ
2370 2951 2426 3009 δὲ
2447 2957 2525 3028 μὴ
2573 2953 2744 3025 διπλῆ
2793 2957 2829 3025 ἡ
2879 2953 3214 3030 ἐκπόρευσις,
3251 2956 3350 3011 οὐκ
3406 2953 3552 3010 ἔσται
3587 2958 3622 3026 ἡ
3677 2956 3782 3029 μὲν

2131 3043 2192 3100 ἐκ
2233 3049 2331 3100 τοῦ
2381 3046 2610 3118 Πατρὸς,
2653 3047 2690 3116 ἡ
2742 3043 2801 3100 δὲ
2844 3046 2906 3100 ἐκ
2945 3049 3044 3101 τοῦ
3113 3047 3264 3112 Υἱοῦ,
3315 3043 3446 3102 ἀλλ’
3485 3045 3524 3115 ἢ
3569 3045 3627 3102 ἐκ
3681 3050 3788 3102 τοῦ

2131 3134 2341 3206 Πατρὸς
2407 3131 2443 3202 ἢ
2518 3133 2576 3188 ἐκ
2643 3131 2740 3189 τοῦ
2809 3134 2965 3192 moi}.
3038 3133 3192 3190 Ἑπεῖ
3235 3130 3293 3189 δὲ
3343 3132 3402 3190 ἐκ
3442 3137 3542 3190 τοῦ
3580 3135 3795 3210 ηατρὸς

2131 3225 2312 3291 (τοῦτο
2341 3223 2446 3297 γὰρ
2475 3221 2566 3278 καὶ
2617 3223 2669 3277 οἳ
2718 3221 2947 3295 Ηατέρες
2997 3221 3127 3301 φασὶ
3171 3223 3263 3277 καὶ
3306 3223 3370 3278 τό
3402 3221 3791 3300 Εὖαγγὲλιον),

2129 3309 2324 3368 λοιπὸν
2350 3310 2454 3366 οὐκ
2481 3310 2540 3366 ἐκ
2571 3315 2670 3367 τοῦ
2703 3311 2859 3367 Υἱοῦ.

2201 3406 2360 3458 ΛΑΤ.
2393 3397 2526 3458 Οὐδ’
2573 3399 2746 3462 οὕτως
2799 3402 2827 3455 ὁ
2869 3398 3041 3478 λόγος
3092 3395 3211 3476 ἔχει
3263 3401 3325 3456 τὸ
3372 3402 3689 3475 ἀναγκαῖον,
3736 3402 3785 3457 ὦ

2131 3490 2409 3568 σοφώτατε
2438 3488 2650 3564 Γραικὲ.
2687 3493 2909 3562 Πρῶτον
2965 3489 3060 3564 μὲν
3108 3489 3214 3566 γὰρ
3263 3489 3328 3544 οὐ
3372 3486 3576 3560 διπλῆν
3607 3511 3787 3566 φαμεν

2046 3619 2092 3683 c
2127 3581 2228 3649 τὴν
2257 3577 2596 3653 ἐκπόρευσιν,
2629 3575 2776 3632 ἀλλὰ
2809 3577 2936 3650 μίαν
2978 3577 3066 3633 καὶ
3110 3579 3209 3646 τῆν
3251 3577 3418 3648 αὐτήν
3449 3579 3539 3634 καὶ
3569 3577 3788 3652 ἁπλῆν,

2201 3665 2530 3683 .......
2763 3671 2987 3683 -....
3199 3664 3750 3683 4..-...

2127 3669 2218 3725 καὶ
2274 3666 2454 3723 ἁπλοῦ
2503 3665 2657 3730 ὄντος
2697 3671 2794 3722 τοῦ
2853 3671 3169 3740 Πνεῦματος
3199 3664 3300 3730 ’ὡς
3345 3672 3500 3724 Θεοῦ·
3552 3667 3787 3742 οὗδεμία

2129 3758 2234 3834 γὰρ
2283 3755 2338 3812 ἐν
2389 3761 2506 3829 Θεῷ
2563 3753 2767 3827 διπλόη
2818 3755 2854 3826 ἢ
2904 3760 3014 3828 (20)
3064 3757 3329 3821 σόνθεσις.
3381 3755 3460 3814 Οὖ
3506 3757 3608 3832 γὰρ
3641 3755 3785 3814 διὸτι

2129 3846 2191 3902 ἐκ
2230 3844 2404 3914 δυοῖν,
2449 3841 2540 3900 διὰ
2583 3849 2742 3900 τοῦτο
2790 3841 2985 3916 διπλῆ,
3043 3844 3190 3901 ἀλλὰ
3235 3843 3376 3901 διότι
3428 3845 3660 3914 ἁπλοῦν,
3695 3845 3789 3904 διὰ

2127 3940 2290 3992 τοῦτο
2339 3934 2514 4005 ἁπλῆ,
2559 3938 2594 4006 ἡ
2639 3935 2774 4005 αὐτὴ
2813 3934 2992 4006 ἄλλην
3028 3935 3118 3990 καὶ
3164 3933 3342 4005 ἄλλην
3374 3935 3434 3992 ἐκ
3459 3941 3642 4010 ταυτῷ
3681 3939 3786 4008 τὴν

2130 4025 2316 4106 σχέσιν
2375 4021 2580 4104 ἔχουσα
2641 4024 2732 4079 καὶ
2797 4023 2930 4080 οὖσα
2985 4019 3226 4098 ἔμμεσος
3290 4025 3386 4098 μὶν
3441 4025 3518 4089 ὦς
3571 4024 3630 4082 ἐκ
3677 4032 3781 4083 τοῦ

2129 4117 2364 4191 Πατρὸς,
2409 4115 2610 4187 ἄμεσος
2641 4111 2697 4168 δὲ
2740 4114 2815 4175 ὡς
2861 4112 2924 4169 ἐκ
2957 4117 3054 4168 τοῦ
3101 4115 3249 4172 ﬁcii.
3301 4116 3556 4189 Καθάπερ
3597 4116 3698 4191 γὰρ
3743 4119 3780 4186 ἡ

2130 4203 2190 4260 ἐκ
2217 4209 2296 4277 τῷ
2325 4203 2445 4278 ἆὲρι
2493 4207 2591 4258 τοῦ
2639 4203 2822 4283 φωτὸς
2871 4201 3081 4277 λάμψις
3127 4205 3236 4278 (21)
3271 4201 3331 4258 lx
3357 4207 3455 4259 τοῦ
3487 4203 3656 4274 ἡλίου
3686 4207 3784 4261 καὶ

2127 4298 2234 4350 τῶν
2298 4294 2546 4363 ἡλιακῶν
2611 4290 2842 4348 ἀκτίνων
2901 4295 3190 4365 προϊοῦσα,
3256 4291 3345 4347 καὶ
3413 4292 3633 4367 ἁμέσως
3683 4299 3784 4366 μὲν

2127 4381 2186 4439 ἑκ
2221 4387 2330 4438 τῶν
2379 4381 2630 4451 ἀκτίνων,
2675 4381 2934 4455 ἑμμὲσως
2984 4381 3041 4436 ὁὶ
3089 4381 3150 4436 ἐκ
3190 4385 3287 4437 τοῦ
3331 4380 3496 4451 ἡλίου
3525 4379 3639 4456 (διὰ
3666 4388 3781 4440 τῶν

2129 4471 2358 4528 ἀκτίνων
2412 4471 2559 4548 γὰρ),
2619 4467 2774 4544 ὅμως
2827 4465 2952 4526 οὔτε
3011 4469 3146 4539 αὗτή
3205 4467 3441 4542 διπλόην
3501 4466 3618 4548 ἔχει
3659 4473 3782 4528 τινὰ

2127 4561 2262 4619 κατᾶ
2309 4562 2408 4630 τήν
2453 4560 2646 4629 ἑαυτῆς
2691 4557 2916 4634 ὕπαρξιν
2949 4557 3180 4634 (ἁπλοῦν
3229 4559 3334 4634 γὰρ
3377 4560 3439 4614 τὸ
3466 4559 3519 4616 ἐν
3548 4565 3628 4634 τῷ
3655 4561 3784 4638 ἆέρι

2129 4655 2244 4730 φῶς
2284 4649 2375 4704 καὶ
2421 4647 2724 4704 ἀσυνθετον.
2777 4646 2865 4710 Τίς
2905 4647 3007 4724 γὰρ
3054 4651 3089 4719 ἡ
3140 4649 3342 4704 τούτου
3373 4647 3611 4713 σύνθεσις
3638 4669 3653 4720 ;
3685 4649 3778 4706 καί

2129 4739 2189 4796 ἐκ
2235 4738 2396 4796 τίνων
2447 4737 2744 4814 σύγκειται,
2789 4736 3015 4816 φράσον,
3059 4737 3120 4792 τὸ
3167 4742 3324 4815 φῶςς
3382 4736 3512 4794 ἀλλ’
3563 4735 3691 4794 οὐδὲ
3741 4743 3778 4810 ἦ

2334 4959 2974 5103 ἓτῗᾳήιίοηαῄτὴθοιοείε
3020 5031 3404 5102 comparatio.
3459 5031 3598 5089 Vide
3629 5033 3780 5090 Bec-

2123 5119 2281 5230 ggm,
2313 5101 2479 5158 orat.’
2499 5103 2554 5172 2,
2580 5101 2805 5175 injusta
2833 5101 3036 5174 depos.
3083 5101 3214 5174 cap.
3270 5104 3355 5172 13,
3395 5120 3448 5176 g.
3501 5121 3558 5160 ο.
3611 5121 3676 5172 ιι,
3704 5123 3766 5178 p.

2219 5191 2344 5244 seq.

2122 5501 2534 5632 Efétl’iiptium,
2583 5505 2665 5562 De
2721 5505 2922 5576 Spirit.
2967 5507 3149 5562 sancti
3197 5507 3568 5576 mystagogia,
3641 5523 3774 5578 cap.
