4062 6202
313 405 431 465 193

1324 403 1426 463 DE
1469 399 2007 464 PROOESSIONE
2048 400 2409 465 SPIBITUS
2454 401 2750 469 SANCTI.

3621 417 3739 476 194

306 559 510 595 τουτου
541 537 784 615 πρόοδος
816 534 1016 609 διπλῆ,
1046 536 1227 594 καίτοι
1259 534 1356 591 δύο
1384 534 1452 591 16
1494 532 1543 605 ἐξ
1604 535 1677 588 ὧν
1744 536 1779 604 ἡ
1837 533 1972 607 πρό-

2087 535 2161 590 sit
2183 540 2240 591 et
2292 540 2743 609 compositionis
2798 561 3010 616 expers
3044 562 3057 614 ;
3094 562 3367 617 qumnam
3402 549 3562 602 enim
3613 549 3740 620 ejus

312 627 469 697 οδος,
508 629 537 685 ὀ
577 628 745 699 ἣλιος
774 628 865 684 καὶ
896 629 933 698 ἡ
970 626 1148 696 ἀκτὶς,
1182 621 1327 681 οὕτω
1356 624 1445 680 καὶ
1478 627 1513 693 ἡ
1545 622 1607 678 ἐκ
1635 627 1732 678 τοῦ
1759 622 1971 698 Πατρὸς

313 721 402 775 καὶ
438 718 623 774 διτοῦ
674 718 804 785 Ιζῖοῦ
873 714 1207 791 ἐκπόρευσις
1274 710 1424 783 ἁπλῆ
1478 714 1595 767 καθ’
1648 712 1865 782 ἑαυτὴν,
1925 712 1971 765 εἰ

315 809 406 864 καί
465 805 564 865 δύο
629 806 902 881 πρόσωπά
953 804 1062 860 ἐστι
1120 804 1188 859 16
1242 802 1296 872 ἐξ
1343 804 1439 871 ὧν,
1514 801 1606 857 καὶ
1636 801 1698 856 τὸ
1754 804 1972 875 Πνεῦμα

313 899 551 954 ἁπλοῦν.
586 894 816 959 ’Ἄλλως
863 917 923 952 τε
981 896 1027 951 εί
1084 893 1327 958 σύνθεσίς
1375 914 1457 955 τις
1502 894 1788 967 ἒθεωρεῖτο
1845 891 1970 967 περὶ

314 988 404 1044 τὸν
440 985 660 1062 Πατέρα
685 985 785 1041 καὶ
813 986 907 1041 τὸν
963 986 1108 1053 Υῖὸν,
1167 982 1217 1053 ἐξ
1278 984 1354 1037 ὧν
1410 984 1445 1052 ἡ
1506 980 1846 1054 ἐκπόρευσις,
1902 980 1969 1050 ἦν

313 1073 634 1131 ἄνδιπλοῦν
693 1074 789 1130 καὶ
861 1074 1108 1129 σύνθετον
1176 1073 1369 1127 καὶτὸ
1428 1070 1478 1144 ἒξ
1522 1070 1721 1139 αὐτῶν,
1765 1068 1969 1140 διπΛόη

317 1163 375 1220 δὲ
403 1166 501 1221 καὶ
530 1166 658 1239 περὶ
688 1166 791 1234 τήν
830 1161 1170 1234 ἒκπόρευσιν,
1204 1161 1320 1217 ἐπεὶ
1380 1159 1439 1216 δὲ
1476 1161 1505 1215 6
1556 1163 1741 1232 Πατὴρ
1796 1160 1885 1215 καὶ
1943 1161 1972 1215 6

316 1256 442 1318 Υἱὸς
480 1250 538 1309 ἓν
573 1253 704 1309 ὅντα
732 1253 850 1309 κατ’
879 1252 1176 1308 οὐσίανκαὶ
1210 1251 1262 1306 ἐν
1324 1247 1601 1321 ἀλλήλοις
1656 1250 1973 1325 ὑπάρχοντα

318 1343 459 1399 κατὰ
514 1345 578 1398 τὸ
638 1343 788 1418 Ἐγὼ
828 1340 879 1397 ἐν
934 1346 1014 1415 τῷ
1068 1338 1240 1416 Πατρὶ
1289 1339 1377 1393 καὶ
1432 1340 1460 1394 ὁ
1510 1339 1698 1412 Ηατὴρ
1749 1338 1802 1393 ἐν
1848 1337 1972 1412 ἐμοὶ

311 1436 455 1506 (22),
505 1430 765 1506 οὐδεμίαν
798 1430 1037 1487 σὺνθεσιν
1093 1427 1243 1504 ἔχειν
1296 1434 1500 1485 νοεῖται
1558 1427 1695 1497 πρὸς
1750 1424 1973 1498 ἅλΑηλα

316 1523 479 1597 (ὑπὲρ
530 1521 781 1593 σόνθαξιν
829 1520 931 1596 γὰρ
987 1522 1023 1589 ἡ
1081 1519 1273 1589 ἑνότης
1321 1516 1539 1590 αὐτῶν),
1599 1515 1665 1570 οὐ
1734 1514 1977 1581 σύνθεσίς

316 1610 463 1666 ἔστιν
522 1613 560 1680 ἡ
628 1610 726 1663 τοῦ
792 1608 1010 1683 Ηατρὸς
1063 1606 1153 1663 καὶ
1210 1610 1309 1662 τοῦ
1366 1607 1505 1664 Τῖού
1556 1604 1798 1677 σύνταξις
1882 1603 1973 1674 (ἦν

313 1702 424 1776 γὰρ
455 1697 517 1754 ἄν
548 1697 645 1754 καί
693 1700 729 1768 ἡ
761 1704 861 1768 τῆς
902 1697 1041 1768 ’ὀλης
1107 1693 1341 1771 Τριάδος
1400 1694 1641 1766 σύνταξις
1692 1694 1974 1763 σύνθεσις),

318 1786 449 1844 οὐδὲ
515 1791 552 1857 ἡ
613 1788 668 1858 ἐξ
725 1787 932 1865 ἀμφοῖν
991 1784 1266 1862 λεγομένῃ
1323 1784 1452 1860 παρ’
1489 1785 1651 1857 ἡμῶν
1680 1786 1777 1838 τοῦ
1807 1781 1977 1839 Ηνεύ-

332 1898 513 1952 ματος
581 1874 787 1940 πόοδος
843 1875 1116 1941 σύνθετος,
1162 1871 1287 1929 οὐδὲ
1348 1873 1412 1929 τὸ
1461 1877 1680 1947 Ηνεῦμιο
1735 1869 1975 1935 ἐντεῦθεν

322 1967 572 2022 σύνθεσιν
599 1962 705 2039 ἓξει
731 1965 873 2021 τινά.
909 1964 1069 2023 Οὕτω
1097 1962 1188 2019 καὶ
1237 1967 1346 2019 τῶν
1414 1963 1549 2035 μετὰ
1607 1962 1733 2017 Θεὸν
1788 1958 1976 2015 ἁπλῶν

322 2057 531 2113 οὐσιῶν
560 2059 598 2127 ἡ
632 2056 878 2133 ἑνίογεια
910 2055 973 2110 οὐ
996 2054 1265 2122 σύνθετος,
1333 2049 1473 2108 διότι
1533 2049 1593 2106 ἐκ
1640 2058 1743 2121 τῆς
1794 2049 1977 2113 οὐσίας

316 2148 418 2203 καί
464 2147 526 2203 ἐκ
581 2153 682 2216 τῆς
740 2146 909 2217 αὐτῆς
963 2147 1077 2218 (23)
1135 2142 1420 2217 δυνάμεως
1504 2140 1769 2216 πρόεισιν,
1852 2136 1980 2195 οὐδὲ

316 2240 357 2307 ἠ
432 2244 532 2307 τῆς
605 2234 872 2310 ἐνεργείας
963 2234 1015 2305 ἐξ
1080 2235 1283 2311 ἀμφοῖν
1365 2228 1602 2304 πρόοδος
1704 2230 1975 2292 σύνθετος.

316 2325 435 2385 Καὶ
491 2326 595 2403 γὰρ
659 2323 784 2381 οὐδὲ
849 2327 884 2394 ὴ
943 2321 1266 2397 συνύπαρξις
1320 2328 1421 2389 τῆς
1479 2319 1668 2380 οὐσίης
1724 2319 1817 2373 καὶ
1882 2324 1981 2388 τῆς

317 2413 610 2488 δυνάμεως
634 2416 899 2484 σύνθεσις,
928 2415 1031 2470 Ἦν
1058 2411 1164 2487 γὰρ
1208 2408 1269 2465 ἄν
1327 2407 1557 2484 οὐδεμία
1614 2409 1770 2464 οὐσία
1828 2407 1979 2477 ἁπλῆ

317 2503 423 2561 διᾶ
450 2507 512 2561 16
544 2507 623 2579 μή
648 2505 781 2559 εἶναι
815 2506 937 2558 ἄνευ
978 2499 1281 2574 δυνάμεως
1315 2496 1473 2555 οὐδὲν
1525 2500 1631 2575 γὰρ
1676 2498 1824 2560 ὅλως
1870 2502 1979 2553 τῶν

314 2594 498 2650 ὄντων
530 2592 808 2667 ἂδύναμον
861 2594 973 2666 (24)
1019 2591 1155 2646 κατὰ
1198 2590 1291 2645 τὸν
1330 2589 1497 2667 σοφὸν
1550 2587 1852 2644 Διονύσιον.
1914 2585 1976 2643 Εἰ

314 2683 383 2740 δὲ
418 2683 506 2739 ἐπὶ
543 2689 657 2739 τῶν
691 2681 828 2756 μετᾶ
857 2682 986 2738 Θεὸν
1014 2682 1048 2749 ἡ
1083 2679 1143 2736 ἐκ
1180 2676 1329 2734 δυοῖν
1378 2676 1615 2755 πρόοδος
1670 2674 1793 2732 οὔτε
1841 2674 1974 2745 αὐτή

316 2771 579 2832 σύνθετός
639 2768 808 2839 ἐστιν,
860 2764 985 2823 οὗτε
1010 2766 1073 2822 τὸ
1130 2765 1542 2842 προερχόμενον
1589 2761 1822 2820 δείκνυσι
1858 2762 1975 2818 σύν-

318 2872 514 2925 θετον,
550 2860 706 2933 πόσῳ
735 2856 951 2932 μᾶλλον
991 2854 1079 2911 ἐπὶ
1120 2859 1259 2911 Θεοῦ
1290 2873 1305 2925 ;
1340 2859 1529 2928 Δῶμεν
1554 2851 1632 2926 δὲ,
1665 2854 1709 2909 εί
1763 2852 1975 2929 βούλει,

312 2949 421 3005 καὶ
480 2947 687 3018 διπλῆν
747 2951 896 3021 ἡμᾶς
952 2947 1188 3001 τίθεσθαι
1244 2947 1343 3014 τήν
1372 2943 1709 3020 ἐκπύρωσιν,
1741 2943 1833 2998 καὶ
1879 2943 1979 3012 τήν

322 3040 432 3112 μὶν
472 3037 534 3093 ἐκ
576 3043 676 3093 τοῦ
737 3036 969 3112 Ηατρὸς,
1025 3035 1125 3104 τὴν
1178 3031 1235 3089 δὲ
1288 3032 1348 3089 ἐκ
1385 3036 1480 3088 τοῦ
1524 3034 1677 3103 Υἱοῐ),
1728 3034 1828 3103 τὴν
1884 3033 1980 3107 μὶν

312 3129 594 3203 ἕμμεσον,
645 3129 746 3196 τὴν
820 3123 879 3181 δὲ
934 3124 1154 3199 ἄμεσον,
1215 3121 1340 3179 ἀλλ’
1392 3120 1517 3178 οὐδὲ
1570 3122 1713 3178 οὕτω
1772 3119 1975 3193 διπλόη

315 3219 453 3295 περὶ
485 3218 549 3273 τὸ
587 3216 825 3291 Ηνεύμα,
857 3211 984 3270 οὐδὶ
1027 3210 1118 3269 διὰ
1146 3218 1308 3269 τοῦτο
1365 3214 1617 3275 σύνθετος
1664 3210 1814 3268 ’ἔσται
1880 3218 1977 3268 τοῦ

314 3274 646 3380 ἑνεύματος
807 3274 1143 3379 ὐκπόρευσις.
1219 3301 1352 3375 Ηερὶ
1423 3300 1529 3376 γὰρ
1611 3303 1710 3372 τήν
1787 3302 1977 3358 οὐσίαν
2007 3274 2051 3339 C

322 3400 525 3466 ταῦτα,
557 3395 690 3473 οὐχὶ
721 3393 857 3449 κατὰ
884 3394 984 3463 τήν
1036 3391 1247 3463 οὐσίαν,
1301 3392 1336 3461 ἡ
1396 3388 1706 3466 ἆγεννησία,
1764 3392 1798 3460 ἡ
1856 3399 1973 3465 γὲνο

311 3506 486 3557 νησις
512 3485 600 3540 καὶ
631 3486 667 3553 ὴ
721 3482 1059 3558 ἑκπόρευσις,
1102 3480 1192 3536 καὶ
1246 3479 1592 3536 ὐποστάσεων
1647 3478 1975 3556 διακριτικὰ,

320 3575 395 3632 οὐ
424 3573 672 3648 τμητικᾶ
696 3572 933 3651 φύσεως,
964 3570 1055 3626 καὶ
1077 3567 1234 3625 οὐδὲν
1269 3566 1475 3624 ἄτοπον
1519 3566 1619 3624 δύο
1682 3564 1829 3644 ἔχειν
1880 3570 1976 3632 τὰς

319 3663 613 3733 ἰδιότητας
662 3662 727 3717 τὸ
777 3659 1008 3717 ἁπλοῦν.
1061 3661 1161 3717 Καὶ
1218 3660 1322 3736 γὰρ
1396 3659 1483 3714 καὶ
1542 3660 1571 3714 6
1636 3663 1820 3735 Πατήρ
1885 3660 1978 3715 καὶ

328 3755 532 3828 Πατήρ
587 3752 697 3807 ἐστι
749 3751 841 3805 καὶ
889 3744 1219 3819 προϐολεὺς,
1279 3748 1367 3804 καὶ
1427 3746 1653 3822 οὐδεμία
1738 3749 1977 3813 σύνθεσίς

328 3844 481 3901 ἑστιν
537 3841 590 3898 ἰν
647 3840 817 3912 αὐτῷ’
875 3838 965 3895 καὶ
1014 3835 1203 3901 ἄλλως
1252 3834 1311 3893 δὲ
1347 3837 1410 3893 τὸ
1472 3831 1710 3913 ἕμμεσον
1769 3839 1859 3894 καὶ
1914 3839 1978 3896 τὸ

327 3934 539 4008 ἄμεσον
589 3932 807 4007 σχέσεις
862 3928 996 3993 τινές
1038 3928 1196 3998 εἰσιν,
1242 3930 1276 3998 ἡ
1341 3926 1397 3984 δὲ
1461 3926 1724 4008 διάφορος
1792 3930 1979 4006 σχέσις

328 4024 574 4078 σύνθεσιν
608 4021 708 4077 οὐκ
736 4019 1037 4095 ἐργάζεται.
1070 4022 1248 4095 Τριῶν
1291 4019 1394 4093 γὰρ
1454 4016 1644 4096 ἐφεξῆς
1699 4017 1977 4091 ἀλλήλαις

326 4111 660 4185 ὶκκειμὲνων
724 4106 977 4183 μονάδων
1025 4109 1153 4185 φέρε
1221 4106 1391 4161 εἰπεῖν
1461 4108 1496 4177 ἡ
1590 4109 1785 4181 μεταξὺ
1867 4114 1978 4165 τῶν

328 4200 516 4277 ἄκρων
571 4200 711 4275 πρὸς
758 4198 855 4272 μὲν
892 4199 991 4267 τήν
1032 4196 1256 4271 πρώτην
1318 4192 1435 4274 ἔχει
1486 4193 1734 4273 δευτέραν
1806 4198 1978 4270 τάξιν,

330 4292 472 4364 πρὸς
498 4290 557 4346 τὶ
582 4290 681 4357 τήν
712 4287 923 4362 τρίτην,
970 4286 1217 4360 πρώτην
1264 4285 1355 4340 καὶ
1400 4286 1484 4341 ὅτι
1530 4287 1721 4361 πρώτη
1773 4308 1831 4342 τε
1887 4287 1978 4343 καὶ

333 4378 623 4455 δευτεραὴ
656 4378 822 4447 αὐτὴ,
877 4373 966 4430 διὰ
1008 4379 1172 4430 τοῦτο
1231 4373 1294 4429 οὐ
1351 4375 1625 4438 σύνθετος.
1683 4377 1785 4432 Καὶ
1844 4377 1980 4452 πρὸς

332 4469 433 4542 μὶν
476 4469 576 4537 τήν
608 4467 833 4541 πρώτην
892 4469 1093 4519 νοεῖται
1162 4464 1330 4538 τυχὸν
1386 4466 1449 4519 τὸ
1525 4461 1697 4534 δεξιὸν
1772 4462 1978 4545 ἔχουσα

330 4558 524 4633 μέρος,
554 4555 695 4631 πρὸς
745 4552 801 4610 δὲ
848 4555 946 4622 τὴν
995 4550 1243 4627 δευτέραν
1293 4552 1357 4608 16
1397 4553 1697 4627 εὐώνυμον,
1746 4555 1835 4610 καὶ
1892 4555 1977 4611 ὃτι

2010 1919 2057 1983 Β

2080 623 2236 679 foret
2264 630 2614 699 compositio
2636 630 2739 686 ‘Iet
2770 649 2840 687 ex
2891 635 3275 705 quibusnam,
3333 653 3557 707 quaeso,
3618 639 3739 693 ele-

2082 714 2301 768 mentis
2360 720 2741 789 componitur
2796 721 3057 785 lumen?
3106 741 3299 794 neque
3354 725 3531 781 etiam
3555 726 3741 798 ipsius

2081 804 2415 873 progressio
2474 804 2690 879 duplex
2732 816 2839 879 est,
2903 811 3042 867 licet
3098 813 3213 867 duo
3246 816 3385 883 sint,
3428 831 3500 869 ex
3527 816 3741 886 quibus

2079 892 2512 963 progrediatur,
2546 897 2634 951 sol
2692 899 2977 955 nimirum
3038 909 3094 956 et
3138 903 3378 957 radius:
3407 904 3489 957 ita
3521 910 3578 959 et
3602 922 3732 976 pro-

2083 980 2271 1035 cessio
2305 997 2376 1035 ex
2408 984 2580 1040 Patre
2614 992 2790 1057 atque
2818 1006 2887 1044 ex
2925 990 3071 1045 Filio
3104 991 3358 1062 simplex
3391 998 3483 1047 est
3530 1011 3744 1049 secun-

2082 1067 2223 1123 dum
2255 1069 2534 1141 seipsam,
2569 1074 2706 1129 licet
2735 1076 2864 1131 dum
2896 1095 3167 1150 personae
3205 1081 3343 1149 sint,
3396 1099 3465 1135 ex
3520 1083 3740 1152 quibus

2083 1158 2383 1226 processio
2418 1159 2538 1229 fiat,
2579 1168 2637 1217 et
2668 1164 2793 1234 ipse
2816 1165 3067 1238 Spiritus
3090 1168 3667 1241 simplex.Prarterea
3688 1172 3739 1227 si

2084 1247 2435 1317 compositio
2469 1252 2741 1320 qumdam
2773 1263 3119 1312 cerneretur
3142 1258 3200 1313 in
3232 1260 3405 1315 Patre
3460 1267 3517 1316 et
3574 1262 3741 1328 Filio,

2084 1349 2155 1420 ex
2180 1336 2396 1403 quibus
2428 1342 2976 1417 processio,duplex
2995 1363 3233 1419 quoque
3258 1354 3315 1403 et
3340 1351 3739 1420 compositum

2082 1418 2236 1477 foret
2255 1422 2313 1478 id
2336 1425 2495 1495 quod
2514 1444 2584 1483 ex
2605 1429 2754 1501 ipsis
2774 1434 3059 1503 procedit,
3081 1418 3739 1509 etduplicitas‘quoque

2086 1518 2243 1567 esset
2272 1513 2332 1569 in
2364 1521 2767 1587 processione.
2789 1524 3081 1587 Quoniam
3110 1543 3246 1581 vero
3271 1528 3445 1583 Pater
3481 1534 3539 1582 et
3560 1528 3740 1583 Filius

2086 1616 2223 1656 cum
2246 1618 2432 1660 unum
2457 1608 2575 1663 sint
2604 1612 2933 1668 secundum
2970 1616 3290 1670 essentiam
3324 1621 3382 1670 et
3433 1617 3494 1670 in
3537 1634 3598 1672 se
3649 1616 3742 1671 in-

2084 1687 2273 1744 vicem
2306 1694 2595 1751 exsistant
2618 1701 2947 1757 secundum
2978 1703 3194 1758 Christi
3246 1705 3423 1760 verba
3458 1722 3470 1759 :
3520 1706 3631 1775 Ego
3679 1708 3739 1759 in

2083 1777 2251 1866 Patre
2275 1787 2327 1835 et
2341 1783 2509 1840 Pater
2538 1789 2596 1842 in
2626 1806 2728 1858 me,
2753 1791 2978 1847 nullam
3014 1793 3088 1848 ad
3136 1794 3388 1849 invicem
3446 1795 3744 1866 composi-

2086 1865 2309 1923 tionem
2336 1871 2553 1929 habere
2597 1885 2929 1936 noscuntur
2987 1881 3144 1953 (nam
3208 1900 3388 1955 super
3441 1865 3743 1955 composi-

2090 1970 2228 2010 nem
2256 1974 2498 2017 omnem
2531 1971 2621 2019 est
2652 1983 2856 2023 eorum
2895 1970 3136 2041 unitas),
3170 1972 3338 2027 nulla
3392 1973 3742 2043 compositio

2089 2049 2180 2099 est
2209 2047 2396 2103 Patris
2430 2055 2489 2105 et
2508 2053 2635 2107 Filii
2662 2057 3005 2128 conjunctio
3039 2065 3098 2113 et
3136 2061 3499 2114 consociatio
3549 2063 3743 2130 (secus

2090 2132 2249 2188 enim
2280 2142 2339 2191 et
2367 2141 2550 2196 totius
2579 2145 2881 2201 Trinitatis
2913 2148 3256 2219 conjunctio
3303 2148 3455 2203 foret
3511 2165 3744 2219 compo-

2090 2220 2269 2292 είιίο),
2304 2241 2497 2299 neque
2555 2248 2684 2303 quaa
2743 2252 2776 2288 a
2833 2236 3008 2291 nobis
3061 2236 3348 2292 asseritur
3389 2237 3640 2308 Spiritus
3674 2253 3745 2293 ex

2088 2315 2341 2384 utroque
2357 2322 2657 2387 processio
2680 2325 3230 2398 composita,neque
3249 2327 3502 2397 Spiritus
3526 2325 3742 2382 exinde

2089 2400 2350 2473 aliquam
2396 2407 2638 2466 habebit
2703 2414 3214 2486 compositionem.
3249 2417 3469 2473 Eodem
3503 2434 3741 2489 quoque

2087 2496 2258 2561 pacto
2292 2497 2763 2558 substantiarum
2792 2505 3157 2577 simplicium
3204 2514 3539 2562 creatarum
3598 2525 3741 2578 ope-

2087 2582 2237 2637 ratio
2271 2602 2389 2642 non
2424 2596 2512 2645 est
2536 2600 2849 2665 propterea
2868 2597 3365 2667 composita,quia
3388 2614 3457 2651 ex
3482 2598 3744 2653 essentia

2089 2686 2147 2737 et
2204 2680 2332 2753 ejus
2382 2682 2646 2750 potentia
2686 2683 2972 2753 procedit,
3006 2700 3199 2755 neque
3259 2686 3622 2756 Operationis
3673 2700 3743 2740 ex

2087 2775 2337 2840 utraque
2362 2770 2693 2840 progressio
2725 2772 3088 2842 composita;
3122 2789 3317 2844 neque
3349 2774 3509 2827 enim
3532 2790 3739 2829 essen-

2088 2859 2184 2913 tia)
2216 2862 2274 2911 et
2303 2857 2581 2929 potentiae
2619 2859 3010 2915 coexistentia
3040 2861 3391 2931 compositio
3424 2868 3534 2930 est,
3568 2878 3738 2918 secus

2088 2946 2255 3003 nulla
2276 2945 2607 3001 substantia
2632 2947 2784 3003 foret
2815 2947 3087 3020 simplex,
3124 2951 3263 3021 quia
3285 2951 3450 3006 nulla
3474 2952 3603 3007 sine
3626 2970 3734 3023 po-

2088 3035 2275 3092 tentia
2305 3039 2396 3089 est
2436 3052 2450 3102 ;
2478 3034 2629 3090 nihil
2657 3036 2815 3091 enim
2850 3053 3055 3093 eorum
3074 3056 3206 3110 quea
3240 3045 3469 3110 sunt,ut
3501 3041 3740 3112 sapiens

2088 3124 2403 3196 Dionysius
2436 3125 2832 3197 ait,potentiae
2855 3133 2946 3183 est
2977 3129 3272 3201 expers.Si
3304 3146 3441 3185 vero
3469 3131 3532 3185 in
3564 3129 3740 3185 rebus

2089 3215 2303 3271 creatis
2333 3216 2664 3287 progressio
2687 3232 2757 3271 ex
2776 3216 3005 3273 duobus
3038 3236 3231 3291 neque
3263 3220 3391 3292 ipsa
3414 3220 3739 3292 composita

2090 3310 2200 3372 est,
2233 3321 2428 3375 neque
2482 3304 2641 3375 quod
2699 3307 2836 3362 inde
2886 3310 3262 3381 progreditur
3346 3311 3741 3382 compositum

2090 3394 2366 3462 ostendit,
2397 3400 2617 3465 quanto
2670 3397 2856 3469 magis
2918 3398 2979 3453 in
3014 3400 3130 3456 Deo
3162 3399 3221 3455 id
3253 3398 3452 3456 locum
3514 3400 3692 3455 habet
3721 3397 3735 3453 ί

2090 3483 2303 3538 Demus
2320 3483 2594 3551 autem,si
2609 3484 2777 3551 vis,et
2793 3485 3090 3558 duplicem
3107 3506 3214 3544 nos
3227 3506 3491 3545 asserere
3506 3505 3739 3560 proces-

2091 3572 2341 3641 sionem,
2378 3576 2435 3627 et
2450 3571 2699 3628 alteram
2736 3574 2977 3646 quidem
3000 3593 3069 3630 ex
3092 3579 3284 3644 Patre,
3318 3577 3565 3633 alteram
3599 3593 3738 3632 vero

2093 3676 2158 3715 ex
2184 3660 2349 3726 Filio,
2390 3660 2557 3717 illam
2593 3662 2935 3733 mediatam,
2969 3664 3122 3718 hanc
3146 3682 3278 3720 vero
3302 3665 3738 3735 immediatam,

2090 3765 2283 3821 neque
2314 3749 2397 3805 sic
2454 3749 2513 3804 in
2541 3750 2761 3821 Spiritu
2793 3752 2906 3806 erit
2927 3751 3267 3823 duplicitas,
3290 3770 3482 3824 neque
3514 3753 3734 3809 idcirco

2092 3837 2418 3909 composita
2435 3837 2687 3909 Spiritus
2708 3840 3200 3911 processio.Circa
3230 3843 3551 3897 essentiam
3577 3843 3739 3897 enim

2092 3927 2218 3983 haac
2276 3931 2434 3992 sunt,
2468 3943 2588 3981 non
2643 3929 2971 3984 secundum
3027 3932 3366 3996 essentiam,
3411 3932 3735 3987 innascibi-

2089 4016 2248 4085 litas,
2280 4017 2582 4089 generatio
2615 4023 2674 4073 et
2702 4019 3024 4089 processio,
3058 4027 3115 4075 et
3179 4038 3565 4093 personarum
3616 4023 3739 4078 dis-

2090 4105 2351 4175 tinctiva,
2410 4123 2529 4161 non
2585 4112 2811 4163 natura:
2863 4107 3219 4177 dissectiva;
3280 4128 3473 4181 neque
3543 4111 3733 4167 ullum

2092 4196 2434 4265 absurdum,
2468 4197 2594 4252 enti
2628 4196 2882 4267 simplici
2917 4198 3061 4254 duas
3094 4200 3286 4255 inesse
3318 4201 3732 4271 proprietates.

2090 4287 2233 4341 Nam
2267 4291 2325 4341 et
2355 4291 2523 4356 pater
2552 4290 2640 4340 est
2669 4292 2795 4340 tum
2821 4290 2986 4341 Pater
3016 4293 3141 4343 tum
3183 4289 3438 4360 spirator
3460 4294 3517 4344 et
3573 4289 3738 4345 nulla

2090 4374 2150 4428 in
2182 4373 2309 4445 ipso
2352 4374 2727 4443 compositio.
2763 4376 3055 4431 Praeterea
3080 4377 3405 4432 mediatum
3437 4384 3495 4433 et
3526 4379 3736 4433 imme-

2090 4462 2313 4517 diatum
2339 4461 2659 4517 relationes
2692 4464 2962 4535 quasdam
2995 4473 3133 4522 sunt
3164 4487 3179 4537 ;
3222 4468 3455 4525 diversa
3477 4487 3610 4525 vero
3644 4487 3735 4524 re-

2090 4551 2230 4607 latio
2248 4567 2369 4606 non
2395 4551 3275 4625 importatcompositionem.8i
3302 4565 3419 4614 tres
3446 4559 3736 4615 monades

325 4649 364 4717 ἡ
395 4648 538 4716 αὐτὴ
576 4643 723 4716 δεξιὰ
751 4644 841 4698 καὶ
871 4643 1179 4716 εὐώνυμος,
1225 4642 1287 4698 οὐ
1344 4640 1433 4697 διὰ
1487 4647 1651 4698 τοῦτο
1705 4642 1975 4700 ἀπόλλυσι

2087 4641 2253 4712 juxta
2284 4658 2366 4709 se,
2389 4657 2509 4695 una
2532 4646 2664 4713 post
2692 4641 2892 4713 aliam,
2927 4645 3132 4716 positm
3181 4648 3417 4716 fuerint,
3478 4666 3548 4703 ea
3604 4665 3735 4719 qua)

323 4738 430 4805 τήν
499 4734 705 4790 οἰκείαν
764 4731 1073 4803 ἁπλότητα.
1140 4731 1314 4790 Πάλιν
1373 4732 1570 4805 ἑκάστη
1636 4737 1745 4789 τῶν
1809 4740 1975 4810 τριῶν

330 4823 591 4898 μονάδων
624 4822 733 4898 οὐχ
772 4822 964 4885 ἅπλῶς
1012 4822 1205 4895 μονὰς,
1246 4820 1392 4877 ἀλλὰ
1428 4828 1522 4878 καῖ
1561 4824 1708 4896 τάξιν
1751 4821 1975 4900 ἔχουσα⁶

327 4913 414 4969 διὸ
462 4916 497 4982 ἡ
554 4914 652 4987 μὲν
714 4913 883 4984 μονὰς
930 4915 1120 4985 πρώτη
1168 4910 1372 4987 λέγοιτ’
1401 4909 1480 4982 ἅν,
1514 4914 1549 4981 ἡ
1574 4909 1631 4967 δὲ
1664 4914 1822 4985 μέση,
1855 4916 1889 4983 ἡ
1922 4910 1978 4969 δὶ

324 5003 559 5079 ἐσχάτη·
613 5001 763 5058 ἀλλὰ
817 5003 939 5075 περὶ
1002 4998 1259 5075 οὐδεμίαν
1317 5001 1493 5057 αὐτῶν
1545 5001 1785 5066 σύνθεσις
1844 5002 1976 5058 εἶναι

325 5091 572 5168 λέγεται.
605 5089 673 5149 Εἰ
704 5090 811 5166 γὰρ
840 5089 901 5145 ix
924 5096 1034 5145 τῶν
1092 5096 1216 5161 περὶ
1271 5093 1371 5160 τήν
1421 5090 1609 5147 οὐσίαν
1668 5090 1977 5166 θεωρουμέ-

322 5203 434 5235 νων
467 5183 504 5251 ἡ
537 5180 783 5244 σύνθεσις
810 5178 1075 5253 κρίνεται,
1106 5180 1196 5233 καὶ
1225 5181 1261 5249 ἡ
1303 5177 1452 5249 ἁπλῆ
1502 5178 1768 5252 νοουμένη
1819 5180 1978 5236 οὐσία

320 5271 415 5325 καὶ
477 5270 661 5349 χωρὶς
716 5274 816 5337 τῆς
866 5269 982 5324 κατ’
1038 5268 1208 5337 αὐτὴν
1256 5266 1516 5345 ἐνεργείας
1558 5269 1648 5324 καὶ
1708 5275 1809 5339 τῆς
1860 5269 1977 5325 ἐνυ.

319 5360 662 5433 πῳχούσης
706 5353 991 5430 δυνάμεως
1022 5354 1155 5432 ὅπερ
1211 5353 1324 5412 ἐστὶ
1373 5356 1558 5435 φανείη
1602 5355 1664 5413 ἄν
1704 5356 1976 5428 σύνθετος,

322 5445 412 5502 ὅτι
442 5467 502 5503 τε
529 5445 694 5503 οὐσία
723 5445 816 5503 καὶ
848 5445 933 5502 ὅτι
974 5442 1152 5516 ἁπλῆ
1185 5442 1315 5500 ἀλλ’
1345 5446 1407 5502 05
1449 5445 1722 5512 σύνθετος.
1763 5446 1842 5505 Οὐ
1873 5450 1975 5524 γὰρ

389 5650 509 5721 (22)
538 5649 709 5709 Joan.
743 5666 801 5720 κ,
825 5648 915 5721 38,
947 5666 1063 5718 xxv,
1098 5650 1183 5721 i4,

389 5651 485 5709 (22
538 5651 709 5709 Joan.
743 5666 801 5720 κ,
825 5651 915 5721 38,
947 5666 1063 5718 xxv,
1098 5651 1183 5706 14.

388 5651 510 5799 (23)
540 5722 681 5780 Cod.
716 5722 846 5778 Vat.
880 5723 919 5777 f.
954 5726 1008 5793 6,
1041 5721 1100 5780 b.
1129 5718 1319 5776 αὐτού.

2089 4730 2247 4784 inter
2274 4730 2420 4785 duas
2442 4733 2961 4801 extremas,media
2982 4740 3071 4790 est
3099 4735 3173 4791 ad
3208 4738 3461 4808 primam
3494 4738 3735 4808 quidem

2091 4819 2417 4874 secundum
2450 4819 2719 4875 ordinem
2738 4821 2999 4893 habebit,
3017 4825 3200 4891 relate
3234 4844 3367 4881 vero
3400 4827 3472 4881 ad
3498 4826 3734 4880 tertiam

2088 4906 2386 4978 primum;
2411 4924 2605 4978 neque
2625 4907 2843 4964 idcirco
2867 4914 3194 4983 composita
3220 4914 3493 4983 erit,quia
3526 4912 3733 4968 eadem

2088 5002 2148 5050 et
2176 4997 2370 5067 prima
2394 5001 2483 5050 est
2524 5002 2583 5051 et
2612 4998 2871 5053 secunda
2908 5018 2920 5065 ;
2965 5006 3143 5070 atque
3170 5002 3353 5056 relate
3386 5001 3458 5056 ad
3490 5001 3735 5071 prin‘am

2087 5086 2336 5141 forsitan
2394 5086 2746 5158 intelligitur
2796 5088 3099 5144 dexteram
3161 5097 3387 5160 partem
3438 5089 3734 5153 obtinens,

2086 5175 2272 5231 relate
2293 5183 2428 5230 vero
2451 5175 2527 5231 ad
2553 5176 3135 5247 secundam,partem
3158 5179 3458 5232 sinistram
3479 5183 3556 5241 ;et
3575 5174 3733 5247 quod

2086 5263 2294 5320 eadem
2327 5270 2387 5318 et
2415 5264 2661 5319 dextera
2692 5269 2747 5318 et
2779 5265 3166 5332 sinistra,non
3187 5265 3321 5320 ideo
3352 5265 3571 5321 amittit
3603 5282 3735 5339 pro-

2084 5354 2276 5426 priam
2300 5352 2754 5423 simplicitatem.
2797 5355 3049 5408 Rursum
3082 5354 3301 5423 qumvis
3362 5355 3541 5411 trium
3601 5373 3729 5412 mo-

2086 5441 2309 5499 nadum
2341 5457 2463 5497 non
2495 5440 2847 5511 simpliciter
2876 5447 2966 5497 est
2993 5458 3219 5513 monas,
3271 5461 3473 5501 verum
3530 5452 3592 5503 et
3632 5464 3735 5504 or-

2164 5654 2276 5725 (24)
2309 5650 2453 5708 Cod.
2483 5645 2767 5707 ἀδύνατον.
