  <div class='ocr_page' id='page_1' title='image "/cluster/home/n/w/nwhite01/storage/ocr_20150623/139/hvd.32044023361710/103.png"; bbox 0 0 4034 6202; ppageno 0'>
   <div class='ocr_carea' id='block_1_1' title="bbox 423 343 541 403">
    <p class='ocr_par' dir='ltr' id='par_1_1' title="bbox 423 343 541 403">
     <span class='ocr_line' id='line_1_1' title="bbox 423 343 541 403; baseline 0 0"><span class='ocrx_word' id='word_1_1' title='bbox 423 343 541 403; x_wconf 80' lang='grc'><strong>195</strong></span> 
     </span>
    </p>
   </div>
   <div class='ocr_carea' id='block_1_2' title="bbox 1663 332 2576 401">
    <p class='ocr_par' dir='ltr' id='par_1_2' title="bbox 1663 332 2576 401">
     <span class='ocr_line' id='line_1_2' title="bbox 1663 332 2576 401; baseline 0.003 -5"><span class='ocrx_word' id='word_1_2' title='bbox 1663 333 1979 397; x_wconf 65' lang='grc' dir='ltr'><strong>ΝΙΟΕΤΕ</strong></span> <span class='ocrx_word' id='word_1_3' title='bbox 2026 332 2576 401; x_wconf 79' lang='lat' dir='ltr'><strong>MARONlENSIS</strong></span> 
     </span>
    </p>
   </div>
   <div class='ocr_carea' id='block_1_3' title="bbox 3716 337 3835 398">
    <p class='ocr_par' dir='ltr' id='par_1_3' title="bbox 3716 337 3835 398">
     <span class='ocr_line' id='line_1_3' title="bbox 3716 337 3835 398; baseline 0 0"><span class='ocrx_word' id='word_1_4' title='bbox 3716 337 3835 398; x_wconf 71' lang='lat'><strong>196</strong></span> 
     </span>
    </p>
   </div>
   <div class='ocr_carea' id='block_1_4' title="bbox 425 464 2056 548">
    <p class='ocr_par' dir='ltr' id='par_1_4' title="bbox 425 470 2052 544">
     <span class='ocr_line' id='line_1_4' title="bbox 425 470 2052 544; baseline -0.004 -10"><span class='ocrx_word' id='word_1_5' title='bbox 425 479 636 535; x_wconf 86' lang='lat' dir='ltr'><strong>dinem</strong></span> <span class='ocrx_word' id='word_1_6' title='bbox 667 478 916 535; x_wconf 83' lang='lat' dir='ltr'><strong>habens.</strong></span> <span class='ocrx_word' id='word_1_7' title='bbox 949 476 1138 542; x_wconf 83' lang='lat' dir='ltr'><strong>Quare</strong></span> <span class='ocrx_word' id='word_1_8' title='bbox 1170 473 1288 530; x_wconf 88' lang='lat' dir='ltr'><strong>alia</strong></span> <span class='ocrx_word' id='word_1_9' title='bbox 1333 470 1592 532; x_wconf 65' lang='lat' dir='ltr'><strong>dicenda</strong></span> <span class='ocrx_word' id='word_1_10' title='bbox 1635 472 1813 530; x_wconf 84' lang='lat' dir='ltr'><strong>fuerit</strong></span> <span class='ocrx_word' id='word_1_11' title='bbox 1858 471 2052 544; x_wconf 89' lang='lat' dir='ltr'><strong>prima</strong></span> 
     </span>
    </p>
   </div>
   <div class='ocr_carea' id='block_1_5' title="bbox 2172 464 3838 548">
    <p class='ocr_par' dir='ltr' id='par_1_5' title="bbox 2189 464 3838 545">
     <span class='ocr_line' id='line_1_5' title="bbox 2189 464 3838 545; baseline -0.001 -17"><span class='ocrx_word' id='word_1_12' title='bbox 2189 471 2347 529; x_wconf 76' lang='grc' dir='ltr'>οὐσία</span> <span class='ocrx_word' id='word_1_13' title='bbox 2377 475 2412 545; x_wconf 75' lang='grc' dir='ltr'><strong>ἡ</strong></span> <span class='ocrx_word' id='word_1_14' title='bbox 2445 471 2694 544; x_wconf 81' lang='grc' dir='ltr'><strong>ἁπλότης</strong></span> <span class='ocrx_word' id='word_1_15' title='bbox 2723 475 2840 533; x_wconf 85' lang='grc' dir='ltr'>τοῖς</span> <span class='ocrx_word' id='word_1_16' title='bbox 2873 467 3093 538; x_wconf 64' lang='grc' dir='ltr'>ἁπλοῖ),</span> <span class='ocrx_word' id='word_1_17' title='bbox 3117 465 3202 523; x_wconf 80' lang='grc' dir='ltr'><strong>ὅτι</strong></span> <span class='ocrx_word' id='word_1_18' title='bbox 3263 464 3408 542; x_wconf 69' lang='grc' dir='ltr'><strong>μηδὲ</strong></span> <span class='ocrx_word' id='word_1_19' title='bbox 3459 473 3584 532; x_wconf 84' lang='grc' dir='ltr'>τοῖς</span> <span class='ocrx_word' id='word_1_20' title='bbox 3649 467 3838 526; x_wconf 78' lang='grc' dir='ltr'>συνθέ-</span> 
     </span>
    </p>
   </div>
   <div class='ocr_carea' id='block_1_6' title="bbox 425 561 2077 634">
    <p class='ocr_par' dir='ltr' id='par_1_6' title="bbox 425 561 2077 634">
     <span class='ocr_line' id='line_1_6' title="bbox 425 561 2077 634; baseline -0.005 -10"><span class='ocrx_word' id='word_1_21' title='bbox 425 568 546 624; x_wconf 87' lang='lat' dir='ltr'><strong>alia</strong></span> <span class='ocrx_word' id='word_1_22' title='bbox 584 567 801 634; x_wconf 88' lang='lat' dir='ltr'><strong>media,</strong></span> <span class='ocrx_word' id='word_1_23' title='bbox 845 566 962 621; x_wconf 88' lang='lat' dir='ltr'><strong>alia</strong></span> <span class='ocrx_word' id='word_1_24' title='bbox 1018 570 1326 630; x_wconf 83' lang='lat' dir='ltr'><strong>extrema;</strong></span> <span class='ocrx_word' id='word_1_25' title='bbox 1386 578 1589 618; x_wconf 90' lang='lat' dir='ltr'><strong>verum</strong></span> <span class='ocrx_word' id='word_1_26' title='bbox 1647 561 1807 620; x_wconf 83' lang='lat' dir='ltr'><strong>circa</strong></span> <span class='ocrx_word' id='word_1_27' title='bbox 1851 561 2077 616; x_wconf 90' lang='lat' dir='ltr'><strong>nullam</strong></span> 
     </span>
    </p>
   </div>
   <div class='ocr_carea' id='block_1_7' title="bbox 429 649 2078 726">
    <p class='ocr_par' dir='ltr' id='par_1_7' title="bbox 429 649 2078 726">
     <span class='ocr_line' id='line_1_7' title="bbox 429 649 2078 726; baseline -0.004 -14"><span class='ocrx_word' id='word_1_28' title='bbox 429 673 634 714; x_wconf 89' lang='lat' dir='ltr'><strong>earum</strong></span> <span class='ocrx_word' id='word_1_29' title='bbox 691 653 1042 726; x_wconf 79' lang='lat' dir='ltr'><strong>compositio</strong></span> <span class='ocrx_word' id='word_1_30' title='bbox 1099 668 1230 708; x_wconf 87' lang='lat' dir='ltr'><strong>esse</strong></span> <span class='ocrx_word' id='word_1_31' title='bbox 1287 651 1526 708; x_wconf 88' lang='lat' dir='ltr'><strong>dicitur.</strong></span> <span class='ocrx_word' id='word_1_32' title='bbox 1571 650 1628 706; x_wconf 91' lang='lat' dir='ltr'><strong>Si</strong></span> <span class='ocrx_word' id='word_1_33' title='bbox 1684 650 1850 706; x_wconf 85' lang='lat' dir='ltr'><strong>enim</strong></span> <span class='ocrx_word' id='word_1_34' title='bbox 1905 649 2078 706; x_wconf 78' lang='lat' dir='ltr'><strong>exiis</strong></span> 
     </span>
    </p>
   </div>
   <div class='ocr_carea' id='block_1_8' title="bbox 425 739 2077 817">
    <p class='ocr_par' dir='ltr' id='par_1_8' title="bbox 425 739 2077 817">
     <span class='ocr_line' id='line_1_8' title="bbox 425 739 2077 817; baseline -0.004 -15"><span class='ocrx_word' id='word_1_35' title='bbox 425 763 556 817; x_wconf 82' lang='lat' dir='ltr'><strong>quae</strong></span> <span class='ocrx_word' id='word_1_36' title='bbox 602 745 760 800; x_wconf 90' lang='lat' dir='ltr'><strong>circa</strong></span> <span class='ocrx_word' id='word_1_37' title='bbox 798 741 1117 799; x_wconf 85' lang='lat' dir='ltr'><strong>essentiam</strong></span> <span class='ocrx_word' id='word_1_38' title='bbox 1166 746 1512 814; x_wconf 82' lang='lat' dir='ltr'><strong>spectantur</strong></span> <span class='ocrx_word' id='word_1_39' title='bbox 1539 741 1889 812; x_wconf 82' lang='lat' dir='ltr'><strong>compositio</strong></span> <span class='ocrx_word' id='word_1_40' title='bbox 1917 739 2077 812; x_wconf 82' lang='lat' dir='ltr'><strong>judi-</strong></span> 
     </span>
    </p>
   </div>
   <div class='ocr_carea' id='block_1_9' title="bbox 425 833 2075 906">
    <p class='ocr_par' dir='ltr' id='par_1_9' title="bbox 425 833 2075 906">
     <span class='ocr_line' id='line_1_9' title="bbox 425 833 2075 906; baseline -0.002 -14"><span class='ocrx_word' id='word_1_41' title='bbox 425 842 612 905; x_wconf 89' lang='lat' dir='ltr'><strong>catur,</strong></span> <span class='ocrx_word' id='word_1_42' title='bbox 643 836 821 891; x_wconf 89' lang='lat' dir='ltr'><strong>etiam</strong></span> <span class='ocrx_word' id='word_1_43' title='bbox 844 833 1124 906; x_wconf 68' lang='lat' dir='ltr'><strong>:simplex</strong></span> <span class='ocrx_word' id='word_1_44' title='bbox 1155 833 1458 889; x_wconf 75' lang='lat' dir='ltr'><strong>intellecta</strong></span> <span class='ocrx_word' id='word_1_45' title='bbox 1487 833 1820 889; x_wconf 84' lang='lat' dir='ltr'><strong>substantia</strong></span> <span class='ocrx_word' id='word_1_46' title='bbox 1851 837 1910 887; x_wconf 90' lang='lat' dir='ltr'><strong>et</strong></span> <span class='ocrx_word' id='word_1_47' title='bbox 1948 833 2075 889; x_wconf 84' lang='lat' dir='ltr'><strong>sine</strong></span> 
     </span>
    </p>
   </div>
   <div class='ocr_carea' id='block_1_10' title="bbox 421 921 2069 996">
    <p class='ocr_par' dir='ltr' id='par_1_10' title="bbox 421 921 2069 996">
     <span class='ocr_line' id='line_1_10' title="bbox 421 921 2069 996; baseline -0.002 -17"><span class='ocrx_word' id='word_1_48' title='bbox 421 925 786 996; x_wconf 79' lang='lat' dir='ltr'><strong>operatione,</strong></span> <span class='ocrx_word' id='word_1_49' title='bbox 821 940 952 995; x_wconf 67' lang='lat' dir='ltr'><strong>quae</strong></span> <span class='ocrx_word' id='word_1_50' title='bbox 983 921 1314 978; x_wconf 89' lang='lat' dir='ltr'><strong>secundum</strong></span> <span class='ocrx_word' id='word_1_51' title='bbox 1338 923 1528 993; x_wconf 85' lang='lat' dir='ltr'><strong>ipsam</strong></span> <span class='ocrx_word' id='word_1_52' title='bbox 1551 927 1660 988; x_wconf 89' lang='lat' dir='ltr'><strong>est,</strong></span> <span class='ocrx_word' id='word_1_53' title='bbox 1711 927 1771 976; x_wconf 89' lang='lat' dir='ltr'><strong>et</strong></span> <span class='ocrx_word' id='word_1_54' title='bbox 1801 921 1930 976; x_wconf 88' lang='lat' dir='ltr'><strong>sine</strong></span> <span class='ocrx_word' id='word_1_55' title='bbox 1963 937 2069 992; x_wconf 83' lang='lat' dir='ltr'><strong>po-</strong></span> 
     </span>
    </p>
   </div>
   <div class='ocr_carea' id='block_1_11' title="bbox 420 1011 2072 1083">
    <p class='ocr_par' dir='ltr' id='par_1_11' title="bbox 420 1011 2072 1083">
     <span class='ocr_line' id='line_1_11' title="bbox 420 1011 2072 1083; baseline -0.001 -15"><span class='ocrx_word' id='word_1_56' title='bbox 420 1014 611 1070; x_wconf 77' lang='lat' dir='ltr'><strong>tentia</strong></span> <span class='ocrx_word' id='word_1_57' title='bbox 649 1014 704 1069; x_wconf 92' lang='lat' dir='ltr'><strong>ei</strong></span> <span class='ocrx_word' id='word_1_58' title='bbox 738 1014 938 1080; x_wconf 89' lang='lat' dir='ltr'><strong>insita,</strong></span> <span class='ocrx_word' id='word_1_59' title='bbox 971 1012 1128 1083; x_wconf 91' lang='lat' dir='ltr'><strong>quod</strong></span> <span class='ocrx_word' id='word_1_60' title='bbox 1189 1016 1297 1081; x_wconf 85' lang='lat' dir='ltr'><strong>est,</strong></span> <span class='ocrx_word' id='word_1_61' title='bbox 1348 1017 1664 1083; x_wconf 90' lang='lat' dir='ltr'><strong>appareret</strong></span> <span class='ocrx_word' id='word_1_62' title='bbox 1720 1011 2072 1082; x_wconf 88' lang='lat' dir='ltr'><strong>composita,</strong></span> 
     </span>
    </p>
   </div>
   <div class='ocr_carea' id='block_1_12' title="bbox 419 1100 2071 1173">
    <p class='ocr_par' dir='ltr' id='par_1_12' title="bbox 419 1100 2071 1173">
     <span class='ocr_line' id='line_1_12' title="bbox 419 1100 2071 1173; baseline -0.002 -15"><span class='ocrx_word' id='word_1_63' title='bbox 419 1103 559 1172; x_wconf 85' lang='lat' dir='ltr'><strong>quia</strong></span> <span class='ocrx_word' id='word_1_64' title='bbox 589 1107 648 1156; x_wconf 88' lang='lat' dir='ltr'><strong>et</strong></span> <span class='ocrx_word' id='word_1_65' title='bbox 680 1102 936 1157; x_wconf 82' lang='lat' dir='ltr'><strong>essentia</strong></span> <span class='ocrx_word' id='word_1_66' title='bbox 953 1107 1010 1156; x_wconf 92' lang='lat' dir='ltr'><strong>et</strong></span> <span class='ocrx_word' id='word_1_67' title='bbox 1032 1100 1284 1173; x_wconf 81' lang='lat' dir='ltr'><strong>simplex</strong></span> <span class='ocrx_word' id='word_1_68' title='bbox 1299 1101 1631 1156; x_wconf 88' lang='lat' dir='ltr'><strong>est.Verum</strong></span> <span class='ocrx_word' id='word_1_69' title='bbox 1662 1116 1784 1155; x_wconf 90' lang='lat' dir='ltr'><strong>non</strong></span> <span class='ocrx_word' id='word_1_70' title='bbox 1807 1105 1896 1155; x_wconf 93' lang='lat' dir='ltr'><strong>est</strong></span> <span class='ocrx_word' id='word_1_71' title='bbox 1915 1115 2071 1154; x_wconf 74' lang='lat' dir='ltr'><strong>com~</strong></span> 
     </span>
    </p>
   </div>
   <div class='ocr_carea' id='block_1_13' title="bbox 2186 554 3840 634">
    <p class='ocr_par' dir='ltr' id='par_1_13' title="bbox 2186 554 3840 634">
     <span class='ocr_line' id='line_1_13' title="bbox 2186 554 3840 634; baseline -0.002 -17"><span class='ocrx_word' id='word_1_72' title='bbox 2186 581 2300 625; x_wconf 87' lang='grc' dir='ltr'>τοις</span> <span class='ocrx_word' id='word_1_73' title='bbox 2344 563 2380 632; x_wconf 77' lang='grc' dir='ltr'><strong>ἡ</strong></span> <span class='ocrx_word' id='word_1_74' title='bbox 2429 561 2696 632; x_wconf 72' lang='grc' dir='ltr'>σύνθεσις,</span> <span class='ocrx_word' id='word_1_75' title='bbox 2756 557 2904 614; x_wconf 76' lang='grc' dir='ltr'>ἀλλὰ</span> <span class='ocrx_word' id='word_1_76' title='bbox 2955 556 3082 631; x_wconf 75' lang='grc' dir='ltr'>περὶ</span> <span class='ocrx_word' id='word_1_77' title='bbox 3131 557 3232 627; x_wconf 77' lang='grc' dir='ltr'>τὴν</span> <span class='ocrx_word' id='word_1_78' title='bbox 3264 555 3606 614; x_wconf 77' lang='grc' dir='ltr'>οὖσίαν.·Τᾶ</span> <span class='ocrx_word' id='word_1_79' title='bbox 3637 554 3840 634; x_wconf 68' lang='grc' dir='ltr'>δὶπερὶ</span> 
     </span>
    </p>
   </div>
   <div class='ocr_carea' id='block_1_14' title="bbox 2187 643 3838 723">
    <p class='ocr_par' dir='ltr' id='par_1_14' title="bbox 2187 643 3838 723">
     <span class='ocr_line' id='line_1_14' title="bbox 2187 643 3838 723; baseline -0.001 -17"><span class='ocrx_word' id='word_1_80' title='bbox 2187 652 2288 720; x_wconf 79' lang='grc' dir='ltr'>τὴν</span> <span class='ocrx_word' id='word_1_81' title='bbox 2323 649 2530 723; x_wconf 73' lang='grc' dir='ltr'>οὐσίαν,</span> <span class='ocrx_word' id='word_1_82' title='bbox 2561 650 2660 705; x_wconf 65' lang='grc' dir='ltr'>κᾶν</span> <span class='ocrx_word' id='word_1_83' title='bbox 2691 648 2809 710; x_wconf 67' lang='grc' dir='ltr'>ἱνὸς</span> <span class='ocrx_word' id='word_1_84' title='bbox 2832 645 2918 718; x_wconf 68' lang='grc' dir='ltr'>εἴη</span> <span class='ocrx_word' id='word_1_85' title='bbox 2958 645 3160 718; x_wconf 82' lang='grc' dir='ltr'>πλείω,</span> <span class='ocrx_word' id='word_1_86' title='bbox 3190 647 3290 716; x_wconf 74' lang='grc' dir='ltr'>τήν</span> <span class='ocrx_word' id='word_1_87' title='bbox 3349 643 3532 702; x_wconf 78' lang='grc' dir='ltr'>οόσίαν</span> <span class='ocrx_word' id='word_1_88' title='bbox 3589 646 3838 704; x_wconf 78' lang='grc' dir='ltr'>σύνθετον</span> 
     </span>
    </p>
   </div>
   <div class='ocr_carea' id='block_1_15' title="bbox 2188 734 3839 814">
    <p class='ocr_par' dir='ltr' id='par_1_15' title="bbox 2188 734 3839 814">
     <span class='ocr_line' id='line_1_15' title="bbox 2188 734 3839 814; baseline 0 -20"><span class='ocrx_word' id='word_1_89' title='bbox 2188 737 2250 794; x_wconf 82' lang='grc' dir='ltr'>οὗ</span> <span class='ocrx_word' id='word_1_90' title='bbox 2307 745 2481 794; x_wconf 84' lang='grc' dir='ltr'>ποιεῖ·</span> <span class='ocrx_word' id='word_1_91' title='bbox 2535 736 2696 807; x_wconf 80' lang='grc' dir='ltr'>ὥστε,</span> <span class='ocrx_word' id='word_1_92' title='bbox 2741 741 2842 794; x_wconf 76' lang='grc' dir='ltr'>κᾶν</span> <span class='ocrx_word' id='word_1_93' title='bbox 2884 735 3034 806; x_wconf 75' lang='grc' dir='ltr'>ἁπλῆ</span> <span class='ocrx_word' id='word_1_94' title='bbox 3091 737 3128 806; x_wconf 76' lang='grc' dir='ltr'>ἡ</span> <span class='ocrx_word' id='word_1_95' title='bbox 3189 734 3527 812; x_wconf 71' lang='grc' dir='ltr'>ἑκπόρευσις,</span> <span class='ocrx_word' id='word_1_96' title='bbox 3587 741 3684 792; x_wconf 77' lang='grc' dir='ltr'>κᾶν</span> <span class='ocrx_word' id='word_1_97' title='bbox 3726 734 3839 814; x_wconf 74' lang='grc' dir='ltr'><strong>οὔχ</strong></span> 
     </span>
    </p>
   </div>
   <div class='ocr_carea' id='block_1_16' title="bbox 2187 823 3843 903">
    <p class='ocr_par' dir='ltr' id='par_1_16' title="bbox 2187 823 3843 903">
     <span class='ocr_line' id='line_1_16' title="bbox 2187 823 3843 903; baseline -0.002 -19"><span class='ocrx_word' id='word_1_98' title='bbox 2187 825 2366 899; x_wconf 77' lang='grc' dir='ltr'>ἁπλῆ,</span> <span class='ocrx_word' id='word_1_99' title='bbox 2421 827 2484 884; x_wconf 84' lang='grc' dir='ltr'>τὸ</span> <span class='ocrx_word' id='word_1_100' title='bbox 2542 829 2762 903; x_wconf 77' lang='grc' dir='ltr'>Πνεῦμα</span> <span class='ocrx_word' id='word_1_101' title='bbox 2808 823 3015 882; x_wconf 81' lang='grc' dir='ltr'>ἁπλοῦν</span> <span class='ocrx_word' id='word_1_102' title='bbox 3072 823 3164 880; x_wconf 81' lang='grc' dir='ltr'>καὶ</span> <span class='ocrx_word' id='word_1_103' title='bbox 3218 823 3284 879; x_wconf 82' lang='grc' dir='ltr'>οὗ</span> <span class='ocrx_word' id='word_1_104' title='bbox 3343 823 3592 882; x_wconf 77' lang='grc' dir='ltr'>σύνθετον</span> <span class='ocrx_word' id='word_1_105' title='bbox 3642 826 3705 881; x_wconf 86' lang='grc' dir='ltr'>τὸ</span> <span class='ocrx_word' id='word_1_106' title='bbox 3755 825 3843 881; x_wconf 71' lang='grc' dir='ltr'>ιιι-</span> 
     </span>
    </p>
   </div>
   <div class='ocr_carea' id='block_1_17' title="bbox 2185 911 3831 993">
    <p class='ocr_par' dir='ltr' id='par_1_17' title="bbox 2185 911 3831 993">
     <span class='ocr_line' id='line_1_17' title="bbox 2185 911 3831 993; baseline -0.002 -21"><span class='ocrx_word' id='word_1_107' title='bbox 2185 916 2470 993; x_wconf 76' lang='grc' dir='ltr'>πόρευτονο</span> <span class='ocrx_word' id='word_1_108' title='bbox 2530 917 2629 972; x_wconf 76' lang='grc' dir='ltr'><strong>οὐκ</strong></span> <span class='ocrx_word' id='word_1_109' title='bbox 2694 916 2850 972; x_wconf 78' lang='grc' dir='ltr'>οὐσία</span> <span class='ocrx_word' id='word_1_110' title='bbox 2896 915 3024 992; x_wconf 78' lang='grc' dir='ltr'>γὰρ,</span> <span class='ocrx_word' id='word_1_111' title='bbox 3085 911 3234 970; x_wconf 82' lang='grc' dir='ltr'>ἀλλὰ</span> <span class='ocrx_word' id='word_1_112' title='bbox 3287 914 3410 990; x_wconf 83' lang='grc' dir='ltr'>περὶ</span> <span class='ocrx_word' id='word_1_113' title='bbox 3465 915 3564 984; x_wconf 83' lang='grc' dir='ltr'><strong>τὴν</strong></span> <span class='ocrx_word' id='word_1_114' title='bbox 3639 913 3831 971; x_wconf 71' lang='grc' dir='ltr'>οὐσίαν</span> 
     </span>
    </p>
   </div>
   <div class='ocr_carea' id='block_1_18' title="bbox 2183 1003 3840 1084">
    <p class='ocr_par' dir='ltr' id='par_1_18' title="bbox 2183 1003 3840 1084">
     <span class='ocr_line' id='line_1_18' title="bbox 2183 1003 3840 1084; baseline -0.001 -22"><span class='ocrx_word' id='word_1_115' title='bbox 2183 1006 2326 1064; x_wconf 81' lang='grc' dir='ltr'>ἐστὶν</span> <span class='ocrx_word' id='word_1_116' title='bbox 2375 1011 2410 1078; x_wconf 83' lang='grc' dir='ltr'><strong>ἡ</strong></span> <span class='ocrx_word' id='word_1_117' title='bbox 2453 1007 2772 1084; x_wconf 72' lang='grc' dir='ltr'>ἐκπόρεοσις</span> <span class='ocrx_word' id='word_1_118' title='bbox 2827 1013 2933 1076; x_wconf 84' lang='grc' dir='ltr'>τῆς</span> <span class='ocrx_word' id='word_1_119' title='bbox 2992 1006 3335 1068; x_wconf 77' lang='grc' dir='ltr'><strong>ὑποστάσεως</strong></span> <span class='ocrx_word' id='word_1_120' title='bbox 3386 1003 3526 1061; x_wconf 70' lang='grc' dir='ltr'>ἴδιον</span> <span class='ocrx_word' id='word_1_121' title='bbox 3553 1008 3840 1082; x_wconf 74' lang='grc' dir='ltr'>χαρακτή-</span> 
     </span>
    </p>
   </div>
   <div class='ocr_carea' id='block_1_19' title="bbox 2182 1117 2374 1171">
    <p class='ocr_par' dir='ltr' id='par_1_19' title="bbox 2182 1117 2374 1171">
     <span class='ocr_line' id='line_1_19' title="bbox 2182 1117 2374 1171; baseline 0.021 -21"><span class='ocrx_word' id='word_1_122' title='bbox 2182 1117 2374 1171; x_wconf 83' lang='grc' dir='ltr'>ρισμα.</span> 
     </span>
    </p>
   </div>
   <div class='ocr_carea' id='block_1_20' title="bbox 416 1187 3840 1263">
    <p class='ocr_par' dir='ltr' id='par_1_20' title="bbox 416 1187 3840 1263">
     <span class='ocr_line' id='line_1_20' title="bbox 416 1187 3840 1263; baseline -0.001 -17"><span class='ocrx_word' id='word_1_123' title='bbox 416 1192 856 1263; x_wconf 86' lang='lat' dir='ltr'><strong>posita;neque</strong></span> <span class='ocrx_word' id='word_1_124' title='bbox 873 1191 1031 1246; x_wconf 90' lang='lat' dir='ltr'><strong>enim</strong></span> <span class='ocrx_word' id='word_1_125' title='bbox 1070 1189 1438 1261; x_wconf 86' lang='lat' dir='ltr'><strong>simplicibus</strong></span> <span class='ocrx_word' id='word_1_126' title='bbox 1479 1188 1832 1260; x_wconf 83' lang='lat' dir='ltr'><strong>simplicitas</strong></span> <span class='ocrx_word' id='word_1_127' title='bbox 1856 1187 2115 1244; x_wconf 84' lang='lat' dir='ltr'><strong>essentia</strong></span> <span class='ocrx_word' id='word_1_128' title='bbox 2145 1193 2254 1255; x_wconf 89' lang='lat' dir='ltr'><strong>est,</strong></span> <span class='ocrx_word' id='word_1_129' title='bbox 2306 1187 2448 1260; x_wconf 87' lang='lat' dir='ltr'><strong>quia</strong></span> <span class='ocrx_word' id='word_1_130' title='bbox 2495 1205 2690 1261; x_wconf 90' lang='lat' dir='ltr'><strong>neque</strong></span> <span class='ocrx_word' id='word_1_131' title='bbox 2735 1187 3080 1260; x_wconf 82' lang='lat' dir='ltr'><strong>compositis</strong></span> <span class='ocrx_word' id='word_1_132' title='bbox 3133 1187 3506 1259; x_wconf 87' lang='lat' dir='ltr'><strong>compositio,</strong></span> <span class='ocrx_word' id='word_1_133' title='bbox 3539 1187 3645 1243; x_wconf 89' lang='lat' dir='ltr'><strong>sed</strong></span> <span class='ocrx_word' id='word_1_134' title='bbox 3673 1187 3840 1244; x_wconf 83' lang='lat' dir='ltr'><strong>circa</strong></span> 
     </span>
    </p>
   </div>
   <div class='ocr_carea' id='block_1_21' title="bbox 419 1277 3838 1352">
    <p class='ocr_par' dir='ltr' id='par_1_21' title="bbox 419 1277 3838 1352">
     <span class='ocr_line' id='line_1_21' title="bbox 419 1277 3838 1352; baseline -0.001 -16"><span class='ocrx_word' id='word_1_135' title='bbox 419 1281 768 1346; x_wconf 73' lang='lat' dir='ltr'><strong>essentiam;</strong></span> <span class='ocrx_word' id='word_1_136' title='bbox 820 1297 950 1352; x_wconf 83' lang='lat' dir='ltr'><strong>quae</strong></span> <span class='ocrx_word' id='word_1_137' title='bbox 1001 1295 1135 1335; x_wconf 92' lang='lat' dir='ltr'><strong>vero</strong></span> <span class='ocrx_word' id='word_1_138' title='bbox 1183 1278 1340 1334; x_wconf 89' lang='lat' dir='ltr'><strong>circa</strong></span> <span class='ocrx_word' id='word_1_139' title='bbox 1376 1279 1698 1334; x_wconf 84' lang='lat' dir='ltr'><strong>essentiam</strong></span> <span class='ocrx_word' id='word_1_140' title='bbox 1723 1283 1881 1347; x_wconf 90' lang='lat' dir='ltr'><strong>sunt,</strong></span> <span class='ocrx_word' id='word_1_141' title='bbox 1916 1279 2056 1333; x_wconf 91' lang='lat' dir='ltr'><strong>licet</strong></span> <span class='ocrx_word' id='word_1_142' title='bbox 2074 1277 2253 1334; x_wconf 89' lang='lat' dir='ltr'><strong>unius</strong></span> <span class='ocrx_word' id='word_1_143' title='bbox 2293 1277 2414 1334; x_wconf 90' lang='lat' dir='ltr'><strong>sint</strong></span> <span class='ocrx_word' id='word_1_144' title='bbox 2441 1278 2637 1351; x_wconf 85' lang='lat' dir='ltr'><strong>plura,</strong></span> <span class='ocrx_word' id='word_1_145' title='bbox 2671 1279 2990 1335; x_wconf 83' lang='lat' dir='ltr'><strong>essentiam</strong></span> <span class='ocrx_word' id='word_1_146' title='bbox 3034 1277 3385 1350; x_wconf 82' lang='lat' dir='ltr'><strong>neutiquam</strong></span> <span class='ocrx_word' id='word_1_147' title='bbox 3443 1279 3838 1350; x_wconf 82' lang='lat' dir='ltr'><strong>compositam</strong></span> 
     </span>
    </p>
   </div>
   <div class='ocr_carea' id='block_1_22' title="bbox 415 1366 3844 1442">
    <p class='ocr_par' dir='ltr' id='par_1_22' title="bbox 415 1366 3844 1442">
     <span class='ocr_line' id='line_1_22' title="bbox 415 1366 3844 1442; baseline 0 -18"><span class='ocrx_word' id='word_1_148' title='bbox 415 1369 694 1426; x_wconf 87' lang='lat' dir='ltr'><strong>reddunt.</strong></span> <span class='ocrx_word' id='word_1_149' title='bbox 729 1369 1124 1436; x_wconf 83' lang='lat' dir='ltr'><strong>Quamobrem</strong></span> <span class='ocrx_word' id='word_1_150' title='bbox 1158 1369 1276 1423; x_wconf 84' lang='lat' dir='ltr'><strong>sive</strong></span> <span class='ocrx_word' id='word_1_151' title='bbox 1333 1367 1589 1440; x_wconf 85' lang='lat' dir='ltr'><strong>simplex</strong></span> <span class='ocrx_word' id='word_1_152' title='bbox 1622 1373 1710 1423; x_wconf 90' lang='lat' dir='ltr'><strong>est</strong></span> <span class='ocrx_word' id='word_1_153' title='bbox 1759 1367 2062 1439; x_wconf 85' lang='lat' dir='ltr'><strong>processio</strong></span> <span class='ocrx_word' id='word_1_154' title='bbox 2099 1367 2218 1424; x_wconf 85' lang='lat' dir='ltr'><strong>sive</strong></span> <span class='ocrx_word' id='word_1_155' title='bbox 2249 1384 2372 1424; x_wconf 90' lang='lat' dir='ltr'><strong>non</strong></span> <span class='ocrx_word' id='word_1_156' title='bbox 2398 1369 2675 1441; x_wconf 81' lang='lat' dir='ltr'><strong>simplex,</strong></span> <span class='ocrx_word' id='word_1_157' title='bbox 2719 1368 2970 1442; x_wconf 82' lang='lat' dir='ltr'><strong>Spiritus</strong></span> <span class='ocrx_word' id='word_1_158' title='bbox 2999 1373 3090 1423; x_wconf 90' lang='lat' dir='ltr'><strong>est</strong></span> <span class='ocrx_word' id='word_1_159' title='bbox 3117 1366 3368 1440; x_wconf 80' lang='lat' dir='ltr'><strong>simplex</strong></span> <span class='ocrx_word' id='word_1_160' title='bbox 3411 1371 3470 1424; x_wconf 89' lang='lat' dir='ltr'><strong>et</strong></span> <span class='ocrx_word' id='word_1_161' title='bbox 3513 1383 3635 1423; x_wconf 91' lang='lat' dir='ltr'><strong>non</strong></span> <span class='ocrx_word' id='word_1_162' title='bbox 3675 1384 3844 1424; x_wconf 87' lang='lat' dir='ltr'><strong>com-</strong></span> 
     </span>
    </p>
   </div>
   <div class='ocr_carea' id='block_1_23' title="bbox 415 1453 3838 1532">
    <p class='ocr_par' dir='ltr' id='par_1_23' title="bbox 415 1453 3838 1532">
     <span class='ocr_line' id='line_1_23' title="bbox 415 1453 3838 1532; baseline -0.001 -17"><span class='ocrx_word' id='word_1_163' title='bbox 415 1461 676 1532; x_wconf 89' lang='lat' dir='ltr'><strong>positum</strong></span> <span class='ocrx_word' id='word_1_164' title='bbox 707 1459 767 1514; x_wconf 91' lang='lat' dir='ltr'><strong>id</strong></span> <span class='ocrx_word' id='word_1_165' title='bbox 785 1459 944 1530; x_wconf 92' lang='lat' dir='ltr'><strong>quod</strong></span> <span class='ocrx_word' id='word_1_166' title='bbox 976 1457 1245 1530; x_wconf 89' lang='lat' dir='ltr'><strong>procedit</strong></span> <span class='ocrx_word' id='word_1_167' title='bbox 1287 1455 1670 1529; x_wconf 90' lang='lat' dir='ltr'><strong>(procedendi</strong></span> <span class='ocrx_word' id='word_1_168' title='bbox 1723 1456 2102 1528; x_wconf 84' lang='lat' dir='ltr'><strong>proprietas),</strong></span> <span class='ocrx_word' id='word_1_169' title='bbox 2159 1470 2355 1526; x_wconf 90' lang='lat' dir='ltr'><strong>neque</strong></span> <span class='ocrx_word' id='word_1_170' title='bbox 2404 1455 2564 1510; x_wconf 89' lang='lat' dir='ltr'><strong>enim</strong></span> <span class='ocrx_word' id='word_1_171' title='bbox 2605 1453 2966 1527; x_wconf 87' lang='lat' dir='ltr'><strong>procedendi</strong></span> <span class='ocrx_word' id='word_1_172' title='bbox 3031 1454 3362 1526; x_wconf 83' lang='lat' dir='ltr'><strong>pr0prietas</strong></span> <span class='ocrx_word' id='word_1_173' title='bbox 3407 1454 3662 1512; x_wconf 83' lang='lat' dir='ltr'><strong>essentia</strong></span> <span class='ocrx_word' id='word_1_174' title='bbox 3717 1459 3838 1526; x_wconf 85' lang='lat' dir='ltr'><strong>est,</strong></span> 
     </span>
    </p>
   </div>
   <div class='ocr_carea' id='block_1_24' title="bbox 415 1544 2525 1618">
    <p class='ocr_par' dir='ltr' id='par_1_24' title="bbox 415 1544 2525 1618">
     <span class='ocr_line' id='line_1_24' title="bbox 415 1544 2525 1618; baseline -0.002 -14"><span class='ocrx_word' id='word_1_175' title='bbox 415 1549 522 1606; x_wconf 86' lang='lat' dir='ltr'><strong>sed</strong></span> <span class='ocrx_word' id='word_1_176' title='bbox 543 1549 703 1603; x_wconf 88' lang='lat' dir='ltr'><strong>circa</strong></span> <span class='ocrx_word' id='word_1_177' title='bbox 733 1547 1055 1603; x_wconf 89' lang='lat' dir='ltr'><strong>essentiam</strong></span> <span class='ocrx_word' id='word_1_178' title='bbox 1087 1545 1410 1618; x_wconf 89' lang='lat' dir='ltr'><strong>processio,</strong></span> <span class='ocrx_word' id='word_1_179' title='bbox 1453 1545 1728 1617; x_wconf 89' lang='lat' dir='ltr'><strong>proprius</strong></span> <span class='ocrx_word' id='word_1_180' title='bbox 1779 1544 2168 1616; x_wconf 87' lang='lat' dir='ltr'><strong>hypostaseos</strong></span> <span class='ocrx_word' id='word_1_181' title='bbox 2197 1544 2525 1600; x_wconf 88' lang='lat' dir='ltr'><strong>character.</strong></span> 
     </span>
    </p>
   </div>
   <div class='ocr_carea' id='block_1_25' title="bbox 485 1631 2056 1712">
    <p class='ocr_par' dir='ltr' id='par_1_25' title="bbox 485 1634 2056 1709">
     <span class='ocr_line' id='line_1_25' title="bbox 485 1634 2056 1709; baseline -0.001 -19"><span class='ocrx_word' id='word_1_182' title='bbox 485 1638 683 1709; x_wconf 81' lang='lat' dir='ltr'><strong>(7.GR.</strong></span> <span class='ocrx_word' id='word_1_183' title='bbox 725 1637 949 1692; x_wconf 91' lang='lat' dir='ltr'><strong>Deinde</strong></span> <span class='ocrx_word' id='word_1_184' title='bbox 981 1637 1055 1708; x_wconf 90' lang='grc' dir='ltr'><strong>(ο)</strong></span> <span class='ocrx_word' id='word_1_185' title='bbox 1086 1635 1230 1691; x_wconf 90' lang='lat' dir='ltr'><strong>sidis</strong></span> <span class='ocrx_word' id='word_1_186' title='bbox 1274 1635 1595 1707; x_wconf 88' lang='lat' dir='ltr'><strong>procedere</strong></span> <span class='ocrx_word' id='word_1_187' title='bbox 1619 1635 1906 1708; x_wconf 89' lang='lat' dir='ltr'><strong>Spiritum</strong></span> <span class='ocrx_word' id='word_1_188' title='bbox 1939 1634 2056 1706; x_wconf 89' lang='lat' dir='ltr'><strong>qui-</strong></span> 
     </span>
    </p>
   </div>
   <div class='ocr_carea' id='block_1_26' title="bbox 2172 1631 3842 1712">
    <p class='ocr_par' dir='ltr' id='par_1_26' title="bbox 2252 1631 3842 1712">
     <span class='ocr_line' id='line_1_26' title="bbox 2252 1631 3842 1712; baseline 0.003 -27"><span class='ocrx_word' id='word_1_189' title='bbox 2252 1634 2322 1689; x_wconf 90' lang='lat' dir='ltr'><strong>Z&#39;.</strong></span> <span class='ocrx_word' id='word_1_190' title='bbox 2356 1638 2454 1689; x_wconf 85' lang='grc' dir='ltr'><strong>ΓΡ.</strong></span> <span class='ocrx_word' id='word_1_191' title='bbox 2497 1633 2628 1690; x_wconf 75' lang='grc' dir='ltr'>Εἶτα</span> <span class='ocrx_word' id='word_1_192' title='bbox 2675 1635 2786 1707; x_wconf 83' lang='grc'>(25)</span> <span class='ocrx_word' id='word_1_193' title='bbox 2845 1633 2890 1688; x_wconf 81' lang='grc' dir='ltr'><strong>εἰ</strong></span> <span class='ocrx_word' id='word_1_194' title='bbox 2929 1632 3036 1712; x_wconf 71' lang='grc' dir='ltr'><strong>φῄς</strong></span> <span class='ocrx_word' id='word_1_195' title='bbox 3095 1631 3481 1708; x_wconf 78' lang='grc' dir='ltr'>ἐκπορεῦεσθαι</span> <span class='ocrx_word' id='word_1_196' title='bbox 3543 1634 3638 1707; x_wconf 79' lang='grc' dir='ltr'><strong>μὲν</strong></span> <span class='ocrx_word' id='word_1_197' title='bbox 3694 1633 3842 1690; x_wconf 74' lang='grc' dir='ltr'>αὐτὸ</span> 
     </span>
    </p>
   </div>
   <div class='ocr_carea' id='block_1_27' title="bbox 416 1724 2070 1797">
    <p class='ocr_par' dir='ltr' id='par_1_27' title="bbox 416 1724 2070 1797">
     <span class='ocr_line' id='line_1_27' title="bbox 416 1724 2070 1797; baseline -0.002 -16"><span class='ocrx_word' id='word_1_198' title='bbox 416 1725 552 1782; x_wconf 90' lang='lat' dir='ltr'><strong>dem</strong></span> <span class='ocrx_word' id='word_1_199' title='bbox 583 1743 651 1781; x_wconf 84' lang='lat' dir='ltr'><strong>ex</strong></span> <span class='ocrx_word' id='word_1_200' title='bbox 681 1728 873 1793; x_wconf 88' lang='lat' dir='ltr'><strong>Patre,</strong></span> <span class='ocrx_word' id='word_1_201' title='bbox 905 1725 1228 1797; x_wconf 88' lang='lat' dir='ltr'><strong>procedere</strong></span> <span class='ocrx_word' id='word_1_202' title='bbox 1284 1741 1419 1780; x_wconf 90' lang='lat' dir='ltr'><strong>vero</strong></span> <span class='ocrx_word' id='word_1_203' title='bbox 1467 1725 1643 1781; x_wconf 89' lang='lat' dir='ltr'><strong>etiam</strong></span> <span class='ocrx_word' id='word_1_204' title='bbox 1678 1741 1746 1780; x_wconf 80' lang='lat' dir='ltr'><strong>ex</strong></span> <span class='ocrx_word' id='word_1_205' title='bbox 1792 1724 1962 1794; x_wconf 89' lang='lat' dir='ltr'><strong>Filio,</strong></span> <span class='ocrx_word' id='word_1_206' title='bbox 2013 1729 2070 1778; x_wconf 89' lang='lat' dir='ltr'><strong>et</strong></span> 
     </span>
    </p>
   </div>
   <div class='ocr_carea' id='block_1_28' title="bbox 415 1813 2069 1887">
    <p class='ocr_par' dir='ltr' id='par_1_28' title="bbox 415 1813 2069 1887">
     <span class='ocr_line' id='line_1_28' title="bbox 415 1813 2069 1887; baseline 0 -19"><span class='ocrx_word' id='word_1_207' title='bbox 415 1815 667 1886; x_wconf 87' lang='lat' dir='ltr'><strong>proinde</strong></span> <span class='ocrx_word' id='word_1_208' title='bbox 699 1815 1146 1887; x_wconf 88' lang='lat' dir='ltr'><strong>processionem</strong></span> <span class='ocrx_word' id='word_1_209' title='bbox 1177 1814 1429 1869; x_wconf 87' lang='lat' dir='ltr'><strong>alteram</strong></span> <span class='ocrx_word' id='word_1_210' title='bbox 1461 1831 1531 1870; x_wconf 83' lang='lat' dir='ltr'><strong>ex</strong></span> <span class='ocrx_word' id='word_1_211' title='bbox 1563 1816 1736 1870; x_wconf 89' lang='lat' dir='ltr'><strong>Patre</strong></span> <span class='ocrx_word' id='word_1_212' title='bbox 1768 1813 2069 1883; x_wconf 84' lang='lat' dir='ltr'><strong>esse,alte-</strong></span> 
     </span>
    </p>
   </div>
   <div class='ocr_carea' id='block_1_29' title="bbox 413 1902 2071 1975">
    <p class='ocr_par' dir='ltr' id='par_1_29' title="bbox 413 1902 2071 1975">
     <span class='ocr_line' id='line_1_29' title="bbox 413 1902 2071 1975; baseline -0.001 -16"><span class='ocrx_word' id='word_1_213' title='bbox 413 1921 542 1960; x_wconf 88' lang='lat' dir='ltr'><strong>ram</strong></span> <span class='ocrx_word' id='word_1_214' title='bbox 574 1921 710 1958; x_wconf 92' lang='lat' dir='ltr'><strong>vero</strong></span> <span class='ocrx_word' id='word_1_215' title='bbox 743 1921 813 1959; x_wconf 79' lang='lat' dir='ltr'><strong>ex</strong></span> <span class='ocrx_word' id='word_1_216' title='bbox 853 1903 1022 1972; x_wconf 90' lang='lat' dir='ltr'><strong>Filio,</strong></span> <span class='ocrx_word' id='word_1_217' title='bbox 1048 1903 1347 1974; x_wconf 87' lang='lat' dir='ltr'><strong>quomodo</strong></span> <span class='ocrx_word' id='word_1_218' title='bbox 1381 1920 1502 1958; x_wconf 91' lang='lat' dir='ltr'><strong>non</strong></span> <span class='ocrx_word' id='word_1_219' title='bbox 1555 1902 1903 1975; x_wconf 78' lang='lat' dir='ltr'><strong>imperfecta</strong></span> <span class='ocrx_word' id='word_1_220' title='bbox 1957 1903 2071 1958; x_wconf 90' lang='lat' dir='ltr'><strong>erit</strong></span> 
     </span>
    </p>
   </div>
   <div class='ocr_carea' id='block_1_30' title="bbox 413 1991 2069 2066">
    <p class='ocr_par' dir='ltr' id='par_1_30' title="bbox 413 1991 2069 2066">
     <span class='ocr_line' id='line_1_30' title="bbox 413 1991 2069 2066; baseline -0.002 -17"><span class='ocrx_word' id='word_1_221' title='bbox 413 1997 688 2066; x_wconf 88' lang='lat' dir='ltr'><strong>utraque,</strong></span> <span class='ocrx_word' id='word_1_222' title='bbox 720 1991 808 2048; x_wconf 84' lang='lat' dir='ltr'><strong>vel</strong></span> <span class='ocrx_word' id='word_1_223' title='bbox 839 1992 1023 2048; x_wconf 86' lang='lat' dir='ltr'><strong>altera</strong></span> <span class='ocrx_word' id='word_1_224' title='bbox 1057 1992 1287 2047; x_wconf 88' lang='lat' dir='ltr'><strong>inutilis</strong></span> <span class='ocrx_word' id='word_1_225' title='bbox 1308 1992 1336 2046; x_wconf 81' lang='lat'><strong>?</strong></span> <span class='ocrx_word' id='word_1_226' title='bbox 1359 1992 1459 2048; x_wconf 83' lang='lat' dir='ltr'><strong>Vel</strong></span> <span class='ocrx_word' id='word_1_227' title='bbox 1493 1991 1652 2048; x_wconf 90' lang='lat' dir='ltr'><strong>enim</strong></span> <span class='ocrx_word' id='word_1_228' title='bbox 1684 1992 1949 2064; x_wconf 82' lang='lat' dir='ltr'><strong>perfecta</strong></span> <span class='ocrx_word' id='word_1_229' title='bbox 1977 1995 2069 2047; x_wconf 90' lang='lat' dir='ltr'><strong>est</strong></span> 
     </span>
    </p>
   </div>
   <div class='ocr_carea' id='block_1_31' title="bbox 412 2083 2064 2156">
    <p class='ocr_par' dir='ltr' id='par_1_31' title="bbox 412 2083 2064 2156">
     <span class='ocr_line' id='line_1_31' title="bbox 412 2083 2064 2156; baseline -0.001 -17"><span class='ocrx_word' id='word_1_230' title='bbox 412 2084 712 2156; x_wconf 89' lang='lat' dir='ltr'><strong>processio</strong></span> <span class='ocrx_word' id='word_1_231' title='bbox 737 2099 811 2137; x_wconf 83' lang='lat' dir='ltr'><strong>ex</strong></span> <span class='ocrx_word' id='word_1_232' title='bbox 841 2085 1183 2152; x_wconf 88' lang='lat' dir='ltr'><strong>Patre,tunc</strong></span> <span class='ocrx_word' id='word_1_233' title='bbox 1213 2083 1444 2139; x_wconf 89' lang='lat' dir='ltr'><strong>inutilis</strong></span> <span class='ocrx_word' id='word_1_234' title='bbox 1477 2099 1546 2139; x_wconf 89' lang='lat' dir='ltr'><strong>ea</strong></span> <span class='ocrx_word' id='word_1_235' title='bbox 1578 2100 1708 2154; x_wconf 67' lang='lat' dir='ltr'><strong>quas</strong></span> <span class='ocrx_word' id='word_1_236' title='bbox 1735 2099 1805 2139; x_wconf 84' lang='lat' dir='ltr'><strong>ex</strong></span> <span class='ocrx_word' id='word_1_237' title='bbox 1858 2083 2004 2138; x_wconf 90' lang='lat' dir='ltr'><strong>Filio</strong></span> <span class='ocrx_word' id='word_1_238' title='bbox 2047 2097 2064 2151; x_wconf 88' lang='lat'><strong>;</strong></span> 
     </span>
    </p>
   </div>
   <div class='ocr_carea' id='block_1_32' title="bbox 411 2173 2067 2245">
    <p class='ocr_par' dir='ltr' id='par_1_32' title="bbox 411 2173 2067 2245">
     <span class='ocr_line' id='line_1_32' title="bbox 411 2173 2067 2245; baseline 0.002 -19"><span class='ocrx_word' id='word_1_239' title='bbox 411 2173 502 2229; x_wconf 85' lang='lat' dir='ltr'><strong>vel</strong></span> <span class='ocrx_word' id='word_1_240' title='bbox 542 2173 804 2245; x_wconf 86' lang='lat' dir='ltr'><strong>perfecta</strong></span> <span class='ocrx_word' id='word_1_241' title='bbox 847 2173 1148 2244; x_wconf 89' lang='lat' dir='ltr'><strong>processio</strong></span> <span class='ocrx_word' id='word_1_242' title='bbox 1203 2191 1271 2229; x_wconf 83' lang='lat' dir='ltr'><strong>ex</strong></span> <span class='ocrx_word' id='word_1_243' title='bbox 1332 2173 1500 2238; x_wconf 87' lang='lat' dir='ltr'><strong>Filio,</strong></span> <span class='ocrx_word' id='word_1_244' title='bbox 1543 2179 1684 2229; x_wconf 89' lang='lat' dir='ltr'><strong>tunc</strong></span> <span class='ocrx_word' id='word_1_245' title='bbox 1719 2173 1946 2229; x_wconf 89' lang='lat' dir='ltr'><strong>inutilis</strong></span> <span class='ocrx_word' id='word_1_246' title='bbox 1996 2190 2067 2231; x_wconf 86' lang='lat' dir='ltr'><strong>ea</strong></span> 
     </span>
    </p>
   </div>
   <div class='ocr_carea' id='block_1_33' title="bbox 417 2263 2062 2334">
    <p class='ocr_par' dir='ltr' id='par_1_33' title="bbox 417 2263 2062 2334">
     <span class='ocr_line' id='line_1_33' title="bbox 417 2263 2062 2334; baseline 0.001 -18"><span class='ocrx_word' id='word_1_247' title='bbox 417 2279 550 2332; x_wconf 70' lang='lat' dir='ltr'><strong>qua:</strong></span> <span class='ocrx_word' id='word_1_248' title='bbox 583 2279 652 2316; x_wconf 83' lang='lat' dir='ltr'><strong>ex</strong></span> <span class='ocrx_word' id='word_1_249' title='bbox 703 2263 896 2316; x_wconf 87' lang='lat' dir='ltr'><strong>Patre.</strong></span> <span class='ocrx_word' id='word_1_250' title='bbox 954 2263 1010 2316; x_wconf 92' lang='lat' dir='ltr'><strong>Si</strong></span> <span class='ocrx_word' id='word_1_251' title='bbox 1044 2263 1200 2317; x_wconf 90' lang='lat' dir='ltr'><strong>enim</strong></span> <span class='ocrx_word' id='word_1_252' title='bbox 1233 2279 1371 2330; x_wconf 87' lang='lat' dir='ltr'><strong>una,</strong></span> <span class='ocrx_word' id='word_1_253' title='bbox 1407 2279 1779 2334; x_wconf 65' lang='lat' dir='ltr'><strong>quascunque</strong></span> <span class='ocrx_word' id='word_1_254' title='bbox 1823 2263 2062 2318; x_wconf 89' lang='lat' dir='ltr'><strong>tandem</strong></span> 
     </span>
    </p>
   </div>
   <div class='ocr_carea' id='block_1_34' title="bbox 413 2350 2063 2422">
    <p class='ocr_par' dir='ltr' id='par_1_34' title="bbox 413 2350 2063 2422">
     <span class='ocr_line' id='line_1_34' title="bbox 413 2350 2063 2422; baseline 0.002 -18"><span class='ocrx_word' id='word_1_255' title='bbox 413 2367 484 2405; x_wconf 80' lang='lat' dir='ltr'><strong>ex</strong></span> <span class='ocrx_word' id='word_1_256' title='bbox 514 2350 1052 2422; x_wconf 88' lang='lat' dir='ltr'><strong>utraque,perfecta</strong></span> <span class='ocrx_word' id='word_1_257' title='bbox 1083 2356 1191 2418; x_wconf 84' lang='lat' dir='ltr'><strong>est,</strong></span> <span class='ocrx_word' id='word_1_258' title='bbox 1224 2368 1355 2422; x_wconf 73' lang='lat' dir='ltr'><strong>qua:</strong></span> <span class='ocrx_word' id='word_1_259' title='bbox 1387 2351 1630 2406; x_wconf 88' lang='lat' dir='ltr'><strong>alterius</strong></span> <span class='ocrx_word' id='word_1_260' title='bbox 1686 2351 2014 2407; x_wconf 85' lang='lat' dir='ltr'><strong>necessitas</strong></span> <span class='ocrx_word' id='word_1_261' title='bbox 2034 2351 2063 2408; x_wconf 85' lang='lat'><strong>?</strong></span> 
     </span>
    </p>
   </div>
   <div class='ocr_carea' id='block_1_35' title="bbox 413 2438 2058 2512">
    <p class='ocr_par' dir='ltr' id='par_1_35' title="bbox 413 2438 2058 2512">
     <span class='ocr_line' id='line_1_35' title="bbox 413 2438 2058 2512; baseline 0.002 -20"><span class='ocrx_word' id='word_1_262' title='bbox 413 2438 518 2494; x_wconf 80' lang='lat' dir='ltr'><strong>Vel</strong></span> <span class='ocrx_word' id='word_1_263' title='bbox 540 2443 788 2510; x_wconf 90' lang='lat' dir='ltr'><strong>utraque</strong></span> <span class='ocrx_word' id='word_1_264' title='bbox 813 2439 926 2494; x_wconf 89' lang='lat' dir='ltr'><strong>erit</strong></span> <span class='ocrx_word' id='word_1_265' title='bbox 943 2438 1289 2510; x_wconf 86' lang='lat' dir='ltr'><strong>imperfeeta</strong></span> <span class='ocrx_word' id='word_1_266' title='bbox 1311 2439 1359 2494; x_wconf 88' lang='lat' dir='ltr'><strong>si</strong></span> <span class='ocrx_word' id='word_1_267' title='bbox 1381 2439 1509 2494; x_wconf 89' lang='lat' dir='ltr'><strong>sine</strong></span> <span class='ocrx_word' id='word_1_268' title='bbox 1532 2439 1719 2495; x_wconf 90' lang='lat' dir='ltr'><strong>altera</strong></span> <span class='ocrx_word' id='word_1_269' title='bbox 1737 2445 2058 2512; x_wconf 87' lang='lat' dir='ltr'><strong>spectatur.</strong></span> 
     </span>
    </p>
   </div>
   <div class='ocr_carea' id='block_1_36' title="bbox 416 2528 2058 2601">
    <p class='ocr_par' dir='ltr' id='par_1_36' title="bbox 416 2528 2058 2601">
     <span class='ocr_line' id='line_1_36' title="bbox 416 2528 2058 2601; baseline 0.002 -19"><span class='ocrx_word' id='word_1_270' title='bbox 416 2529 628 2584; x_wconf 85' lang='lat' dir='ltr'><strong>Verum</strong></span> <span class='ocrx_word' id='word_1_271' title='bbox 661 2529 744 2584; x_wconf 86' lang='lat' dir='ltr'><strong>sic</strong></span> <span class='ocrx_word' id='word_1_272' title='bbox 783 2528 936 2583; x_wconf 79' lang='lat' dir='ltr'><strong>foret</strong></span> <span class='ocrx_word' id='word_1_273' title='bbox 967 2535 1025 2584; x_wconf 89' lang='lat' dir='ltr'><strong>et</strong></span> <span class='ocrx_word' id='word_1_274' title='bbox 1051 2531 1224 2584; x_wconf 89' lang='lat' dir='ltr'><strong>Pater</strong></span> <span class='ocrx_word' id='word_1_275' title='bbox 1253 2530 1580 2586; x_wconf 87' lang='lat' dir='ltr'><strong>secundum</strong></span> <span class='ocrx_word' id='word_1_276' title='bbox 1607 2531 1865 2601; x_wconf 90' lang='lat' dir='ltr'><strong>seipsum</strong></span> <span class='ocrx_word' id='word_1_277' title='bbox 1919 2547 2058 2585; x_wconf 88' lang='lat' dir='ltr'><strong>con-</strong></span> 
     </span>
    </p>
   </div>
   <div class='ocr_carea' id='block_1_37' title="bbox 412 2617 2060 2690">
    <p class='ocr_par' dir='ltr' id='par_1_37' title="bbox 412 2617 2060 2690">
     <span class='ocr_line' id='line_1_37' title="bbox 412 2617 2060 2690; baseline 0 -18"><span class='ocrx_word' id='word_1_278' title='bbox 412 2617 705 2674; x_wconf 89' lang='lat' dir='ltr'><strong>sideratus</strong></span> <span class='ocrx_word' id='word_1_279' title='bbox 749 2617 1153 2690; x_wconf 84' lang='lat' dir='ltr'><strong>imperfectus.</strong></span> <span class='ocrx_word' id='word_1_280' title='bbox 1205 2620 1277 2672; x_wconf 80' lang='lat' dir='ltr'><strong>At</strong></span> <span class='ocrx_word' id='word_1_281' title='bbox 1309 2619 1610 2673; x_wconf 89' lang='lat' dir='ltr'><strong>enimvero</strong></span> <span class='ocrx_word' id='word_1_282' title='bbox 1641 2623 1891 2690; x_wconf 88' lang='lat' dir='ltr'><strong>utraque</strong></span> <span class='ocrx_word' id='word_1_283' title='bbox 1923 2635 2060 2690; x_wconf 90' lang='lat' dir='ltr'><strong>per—</strong></span> 
     </span>
    </p>
   </div>
   <div class='ocr_carea' id='block_1_38' title="bbox 413 2706 2056 2779">
    <p class='ocr_par' dir='ltr' id='par_1_38' title="bbox 413 2706 2056 2779">
     <span class='ocr_line' id='line_1_38' title="bbox 413 2706 2056 2779; baseline 0.002 -19"><span class='ocrx_word' id='word_1_284' title='bbox 413 2723 561 2762; x_wconf 89' lang='lat' dir='ltr'><strong>sona</strong></span> <span class='ocrx_word' id='word_1_285' title='bbox 583 2706 844 2779; x_wconf 81' lang='lat' dir='ltr'><strong>perfecta</strong></span> <span class='ocrx_word' id='word_1_286' title='bbox 875 2712 933 2761; x_wconf 89' lang='lat' dir='ltr'><strong>et</strong></span> <span class='ocrx_word' id='word_1_287' title='bbox 965 2706 1286 2778; x_wconf 86' lang='lat' dir='ltr'><strong>perfectam</strong></span> <span class='ocrx_word' id='word_1_288' title='bbox 1346 2707 1752 2779; x_wconf 86' lang='lat' dir='ltr'><strong>operationem</strong></span> <span class='ocrx_word' id='word_1_289' title='bbox 1775 2707 2056 2775; x_wconf 87' lang='lat' dir='ltr'><strong>reddens,</strong></span> 
     </span>
    </p>
   </div>
   <div class='ocr_carea' id='block_1_39' title="bbox 409 2796 2060 2868">
    <p class='ocr_par' dir='ltr' id='par_1_39' title="bbox 409 2796 2060 2868">
     <span class='ocr_line' id='line_1_39' title="bbox 409 2796 2060 2868; baseline 0 -16"><span class='ocrx_word' id='word_1_290' title='bbox 409 2801 537 2852; x_wconf 90' lang='lat' dir='ltr'><strong>tum</strong></span> <span class='ocrx_word' id='word_1_291' title='bbox 570 2813 676 2868; x_wconf 89' lang='lat' dir='ltr'><strong>per</strong></span> <span class='ocrx_word' id='word_1_292' title='bbox 694 2813 755 2852; x_wconf 91' lang='lat' dir='ltr'><strong>se</strong></span> <span class='ocrx_word' id='word_1_293' title='bbox 788 2801 846 2851; x_wconf 88' lang='lat' dir='ltr'><strong>et</strong></span> <span class='ocrx_word' id='word_1_294' title='bbox 867 2797 930 2850; x_wconf 89' lang='lat' dir='ltr'><strong>in</strong></span> <span class='ocrx_word' id='word_1_295' title='bbox 971 2813 1034 2851; x_wconf 87' lang='lat' dir='ltr'><strong>se</strong></span> <span class='ocrx_word' id='word_1_296' title='bbox 1067 2801 1191 2851; x_wconf 88' lang='lat' dir='ltr'><strong>tum</strong></span> <span class='ocrx_word' id='word_1_297' title='bbox 1211 2813 1344 2852; x_wconf 89' lang='lat' dir='ltr'><strong>cum</strong></span> <span class='ocrx_word' id='word_1_298' title='bbox 1367 2796 2060 2852; x_wconf 88' lang='lat' dir='ltr'><strong>consubstantialialtera</strong></span> 
     </span>
    </p>
   </div>
   <div class='ocr_carea' id='block_1_40' title="bbox 412 2885 2060 2958">
    <p class='ocr_par' dir='ltr' id='par_1_40' title="bbox 412 2885 2060 2958">
     <span class='ocr_line' id='line_1_40' title="bbox 412 2885 2060 2958; baseline 0 -18"><span class='ocrx_word' id='word_1_299' title='bbox 412 2885 805 2941; x_wconf 86' lang='lat' dir='ltr'><strong>considerata.</strong></span> <span class='ocrx_word' id='word_1_300' title='bbox 843 2885 899 2941; x_wconf 90' lang='lat' dir='ltr'><strong>Si</strong></span> <span class='ocrx_word' id='word_1_301' title='bbox 925 2903 1062 2940; x_wconf 91' lang='lat' dir='ltr'><strong>vero</strong></span> <span class='ocrx_word' id='word_1_302' title='bbox 1093 2885 1281 2942; x_wconf 87' lang='lat' dir='ltr'><strong>altera</strong></span> <span class='ocrx_word' id='word_1_303' title='bbox 1311 2892 1400 2942; x_wconf 90' lang='lat' dir='ltr'><strong>est</strong></span> <span class='ocrx_word' id='word_1_304' title='bbox 1429 2887 1712 2958; x_wconf 85' lang='lat' dir='ltr'><strong>perfecta,</strong></span> <span class='ocrx_word' id='word_1_305' title='bbox 1736 2886 1923 2942; x_wconf 88' lang='lat' dir='ltr'><strong>altera</strong></span> <span class='ocrx_word' id='word_1_306' title='bbox 1953 2885 2060 2940; x_wconf 88' lang='lat' dir='ltr'><strong>im-</strong></span> 
     </span>
    </p>
   </div>
   <div class='ocr_carea' id='block_1_41' title="bbox 2179 1719 3842 1800">
    <p class='ocr_par' dir='ltr' id='par_1_41' title="bbox 2179 1719 3842 1800">
     <span class='ocr_line' id='line_1_41' title="bbox 2179 1719 3842 1800; baseline 0.001 -23"><span class='ocrx_word' id='word_1_307' title='bbox 2179 1720 2240 1777; x_wconf 71' lang='grc' dir='ltr'><strong>ἒκ</strong></span> <span class='ocrx_word' id='word_1_308' title='bbox 2266 1726 2364 1778; x_wconf 78' lang='grc' dir='ltr'><strong>τοῦ</strong></span> <span class='ocrx_word' id='word_1_309' title='bbox 2406 1723 2554 1798; x_wconf 83' lang='grc' dir='ltr'>Ηατρ</span> <span class='ocrx_word' id='word_1_310' title='bbox 2573 1721 2656 1793; x_wconf 86' lang='grc' dir='ltr'>ὸς,</span> <span class='ocrx_word' id='word_1_311' title='bbox 2710 1720 3095 1800; x_wconf 74' lang='grc' dir='ltr'><strong>ἐκπορεύεσθαι</strong></span> <span class='ocrx_word' id='word_1_312' title='bbox 3150 1719 3208 1778; x_wconf 74' lang='grc' dir='ltr'><strong>δὲ</strong></span> <span class='ocrx_word' id='word_1_313' title='bbox 3263 1723 3354 1777; x_wconf 78' lang='grc' dir='ltr'>καὶ</span> <span class='ocrx_word' id='word_1_314' title='bbox 3407 1721 3467 1776; x_wconf 77' lang='grc' dir='ltr'><strong>ἐκ</strong></span> <span class='ocrx_word' id='word_1_315' title='bbox 3519 1727 3616 1777; x_wconf 82' lang='grc' dir='ltr'><strong>τοῦ</strong></span> <span class='ocrx_word' id='word_1_316' title='bbox 3675 1723 3842 1791; x_wconf 69' lang='grc' dir='ltr'>Ποῦ,</span> 
     </span>
    </p>
   </div>
   <div class='ocr_carea' id='block_1_42' title="bbox 2178 1809 3840 1886">
    <p class='ocr_par' dir='ltr' id='par_1_42' title="bbox 2178 1809 3840 1886">
     <span class='ocr_line' id='line_1_42' title="bbox 2178 1809 3840 1886; baseline 0 -18"><span class='ocrx_word' id='word_1_317' title='bbox 2178 1812 2268 1868; x_wconf 74' lang='grc' dir='ltr'><strong>καὶ</strong></span> <span class='ocrx_word' id='word_1_318' title='bbox 2301 1809 2390 1867; x_wconf 74' lang='grc' dir='ltr'>διὰ</span> <span class='ocrx_word' id='word_1_319' title='bbox 2417 1816 2578 1868; x_wconf 81' lang='grc' dir='ltr'>τοῦτο</span> <span class='ocrx_word' id='word_1_320' title='bbox 2609 1812 2712 1881; x_wconf 84' lang='grc' dir='ltr'><strong>τήν</strong></span> <span class='ocrx_word' id='word_1_321' title='bbox 2739 1811 3052 1885; x_wconf 75' lang='grc' dir='ltr'>ἑκπόρευσιν</span> <span class='ocrx_word' id='word_1_322' title='bbox 3083 1811 3182 1881; x_wconf 81' lang='grc' dir='ltr'><strong>τήν</strong></span> <span class='ocrx_word' id='word_1_323' title='bbox 3223 1811 3316 1886; x_wconf 74' lang='grc' dir='ltr'><strong>μὲν</strong></span> <span class='ocrx_word' id='word_1_324' title='bbox 3367 1811 3428 1867; x_wconf 75' lang='grc' dir='ltr'><strong>ἐκ</strong></span> <span class='ocrx_word' id='word_1_325' title='bbox 3457 1816 3556 1866; x_wconf 80' lang='grc' dir='ltr'><strong>τοῦ</strong></span> <span class='ocrx_word' id='word_1_326' title='bbox 3615 1811 3840 1886; x_wconf 79' lang='grc' dir='ltr'>Ηατρός</span> 
     </span>
    </p>
   </div>
   <div class='ocr_carea' id='block_1_43' title="bbox 2175 1897 3842 1970">
    <p class='ocr_par' dir='ltr' id='par_1_43' title="bbox 2175 1897 3842 1970">
     <span class='ocr_line' id='line_1_43' title="bbox 2175 1897 3842 1970; baseline 0.001 -15"><span class='ocrx_word' id='word_1_327' title='bbox 2175 1901 2335 1970; x_wconf 75' lang='grc' dir='ltr'>εἶναι,</span> <span class='ocrx_word' id='word_1_328' title='bbox 2365 1901 2466 1969; x_wconf 83' lang='grc' dir='ltr'><strong>τήν</strong></span> <span class='ocrx_word' id='word_1_329' title='bbox 2495 1897 2553 1956; x_wconf 75' lang='grc' dir='ltr'><strong>δὲ</strong></span> <span class='ocrx_word' id='word_1_330' title='bbox 2587 1898 2648 1956; x_wconf 84' lang='grc' dir='ltr'>ἐκ</span> <span class='ocrx_word' id='word_1_331' title='bbox 2684 1904 2782 1956; x_wconf 79' lang='grc' dir='ltr'><strong>τοῦ</strong></span> <span class='ocrx_word' id='word_1_332' title='bbox 2835 1902 2988 1970; x_wconf 69' lang='grc' dir='ltr'><strong>Υἱοῦ,</strong></span> <span class='ocrx_word' id='word_1_333' title='bbox 3036 1904 3156 1962; x_wconf 83' lang='grc' dir='ltr'><strong>πῶς</strong></span> <span class='ocrx_word' id='word_1_334' title='bbox 3216 1899 3316 1955; x_wconf 73' lang='grc' dir='ltr'><strong>οὐκ</strong></span> <span class='ocrx_word' id='word_1_335' title='bbox 3366 1899 3569 1970; x_wconf 76' lang='grc' dir='ltr'>ἀτελὴς</span> <span class='ocrx_word' id='word_1_336' title='bbox 3620 1903 3654 1970; x_wconf 80' lang='grc' dir='ltr'><strong>ἡ</strong></span> <span class='ocrx_word' id='word_1_337' title='bbox 3705 1902 3842 1956; x_wconf 70' lang='grc' dir='ltr'>ἑκα-</span> 
     </span>
    </p>
   </div>
   <div class='ocr_carea' id='block_1_44' title="bbox 2173 1987 3840 2066">
    <p class='ocr_par' dir='ltr' id='par_1_44' title="bbox 2173 1987 3840 2066">
     <span class='ocr_line' id='line_1_44' title="bbox 2173 1987 3840 2066; baseline 0.001 -22"><span class='ocrx_word' id='word_1_338' title='bbox 2173 1989 2323 2066; x_wconf 76' lang='grc' dir='ltr'>τέρα,</span> <span class='ocrx_word' id='word_1_339' title='bbox 2378 1987 2415 2059; x_wconf 77' lang='grc' dir='ltr'><strong>ἤ</strong></span> <span class='ocrx_word' id='word_1_340' title='bbox 2460 1991 2686 2061; x_wconf 88' lang='grc' dir='ltr'>περιττὴ</span> <span class='ocrx_word' id='word_1_341' title='bbox 2744 1991 2780 2060; x_wconf 73' lang='grc' dir='ltr'><strong>ἡ</strong></span> <span class='ocrx_word' id='word_1_342' title='bbox 2837 1990 3035 2062; x_wconf 69' lang='grc' dir='ltr'>ἑτέρας</span> <span class='ocrx_word' id='word_1_343' title='bbox 3087 1990 3156 2046; x_wconf 86' lang='grc' dir='ltr'><strong>Ἦ</strong></span> <span class='ocrx_word' id='word_1_344' title='bbox 3191 1991 3303 2061; x_wconf 85' lang='lat'><strong>(26)</strong></span> <span class='ocrx_word' id='word_1_345' title='bbox 3355 1991 3455 2065; x_wconf 69' lang='grc' dir='ltr'><strong>γὰρ</strong></span> <span class='ocrx_word' id='word_1_346' title='bbox 3487 1987 3666 2044; x_wconf 79' lang='grc' dir='ltr'>τελεία</span> <span class='ocrx_word' id='word_1_347' title='bbox 3693 1991 3732 2060; x_wconf 79' lang='grc' dir='ltr'><strong>ἡ</strong></span> <span class='ocrx_word' id='word_1_348' title='bbox 3764 1989 3840 2046; x_wconf 64' lang='lat' dir='ltr'><strong>ix</strong></span> 
     </span>
    </p>
   </div>
   <div class='ocr_carea' id='block_1_45' title="bbox 2175 2077 3837 2154">
    <p class='ocr_par' dir='ltr' id='par_1_45' title="bbox 2175 2077 3837 2154">
     <span class='ocr_line' id='line_1_45' title="bbox 2175 2077 3837 2154; baseline 0 -19"><span class='ocrx_word' id='word_1_349' title='bbox 2175 2079 2413 2154; x_wconf 84' lang='grc' dir='ltr'>Ηατρὸς,</span> <span class='ocrx_word' id='word_1_350' title='bbox 2469 2078 2560 2134; x_wconf 81' lang='grc' dir='ltr'>καὶ</span> <span class='ocrx_word' id='word_1_351' title='bbox 2627 2080 2853 2154; x_wconf 83' lang='grc' dir='ltr'>περιττὴ</span> <span class='ocrx_word' id='word_1_352' title='bbox 2913 2081 2948 2148; x_wconf 82' lang='grc' dir='ltr'>ἡ</span> <span class='ocrx_word' id='word_1_353' title='bbox 2981 2077 3041 2134; x_wconf 74' lang='grc' dir='ltr'><strong>ἐκ</strong></span> <span class='ocrx_word' id='word_1_354' title='bbox 3094 2081 3193 2134; x_wconf 72' lang='grc' dir='ltr'><strong>τοῦ</strong></span> <span class='ocrx_word' id='word_1_355' title='bbox 3223 2077 3441 2149; x_wconf 75' lang='grc' dir='ltr'>Υἶοῦ,ἤ</span> <span class='ocrx_word' id='word_1_356' title='bbox 3489 2077 3730 2148; x_wconf 79' lang='grc' dir='ltr'>τελείαή</span> <span class='ocrx_word' id='word_1_357' title='bbox 3765 2077 3837 2135; x_wconf 71' lang='grc' dir='ltr'><strong>ἐν</strong></span> 
     </span>
    </p>
   </div>
   <div class='ocr_carea' id='block_1_46' title="bbox 2170 2167 3834 2244">
    <p class='ocr_par' dir='ltr' id='par_1_46' title="bbox 2170 2167 3834 2244">
     <span class='ocr_line' id='line_1_46' title="bbox 2170 2167 3834 2244; baseline -0.001 -21"><span class='ocrx_word' id='word_1_358' title='bbox 2170 2171 2268 2223; x_wconf 82' lang='grc' dir='ltr'>τοῦ</span> <span class='ocrx_word' id='word_1_359' title='bbox 2326 2169 2476 2235; x_wconf 69' lang='grc' dir='ltr'><strong>ἶἽοῦ,</strong></span> <span class='ocrx_word' id='word_1_360' title='bbox 2535 2169 2627 2223; x_wconf 81' lang='grc' dir='ltr'><strong>καὶ</strong></span> <span class='ocrx_word' id='word_1_361' title='bbox 2684 2169 2912 2242; x_wconf 85' lang='grc' dir='ltr'>περιττή</span> <span class='ocrx_word' id='word_1_362' title='bbox 2961 2170 2996 2238; x_wconf 79' lang='grc' dir='ltr'>ἡ</span> <span class='ocrx_word' id='word_1_363' title='bbox 3059 2167 3120 2223; x_wconf 75' lang='grc' dir='ltr'><strong>ἐκ</strong></span> <span class='ocrx_word' id='word_1_364' title='bbox 3173 2171 3270 2224; x_wconf 79' lang='grc' dir='ltr'><strong>τοῦ</strong></span> <span class='ocrx_word' id='word_1_365' title='bbox 3313 2168 3689 2240; x_wconf 81' lang='grc' dir='ltr'>Ηατρὸς.Τῆς</span> <span class='ocrx_word' id='word_1_366' title='bbox 3717 2169 3834 2244; x_wconf 76' lang='grc' dir='ltr'><strong>γὰρ</strong></span> 
     </span>
    </p>
   </div>
   <div class='ocr_carea' id='block_1_47' title="bbox 2173 2254 3843 2332">
    <p class='ocr_par' dir='ltr' id='par_1_47' title="bbox 2173 2254 3843 2332">
     <span class='ocr_line' id='line_1_47' title="bbox 2173 2254 3843 2332; baseline 0.001 -22"><span class='ocrx_word' id='word_1_367' title='bbox 2173 2260 2300 2330; x_wconf 81' lang='grc' dir='ltr'>μιᾶς</span> <span class='ocrx_word' id='word_1_368' title='bbox 2361 2257 2722 2331; x_wconf 79' lang='grc' dir='ltr'>ὁποτερασοῦν</span> <span class='ocrx_word' id='word_1_369' title='bbox 2783 2254 2953 2327; x_wconf 75' lang='grc' dir='ltr'>οὕσητ</span> <span class='ocrx_word' id='word_1_370' title='bbox 3031 2255 3259 2328; x_wconf 78' lang='grc' dir='ltr'><strong>τελείας,</strong></span> <span class='ocrx_word' id='word_1_371' title='bbox 3317 2257 3404 2321; x_wconf 79' lang='grc' dir='ltr'><strong>τίς</strong></span> <span class='ocrx_word' id='word_1_372' title='bbox 3487 2255 3648 2332; x_wconf 74' lang='grc' dir='ltr'>χρεία</span> <span class='ocrx_word' id='word_1_373' title='bbox 3725 2259 3843 2322; x_wconf 75' lang='grc' dir='ltr'><strong>τῆς</strong></span> 
     </span>
    </p>
   </div>
   <div class='ocr_carea' id='block_1_48' title="bbox 2171 2343 3828 2422">
    <p class='ocr_par' dir='ltr' id='par_1_48' title="bbox 2171 2343 3828 2422">
     <span class='ocr_line' id='line_1_48' title="bbox 2171 2343 3828 2422; baseline 0.001 -23"><span class='ocrx_word' id='word_1_374' title='bbox 2171 2343 2354 2420; x_wconf 83' lang='grc' dir='ltr'>ἐτέρας</span> <span class='ocrx_word' id='word_1_375' title='bbox 2389 2363 2403 2414; x_wconf 86' lang='grc'><strong>;</strong></span> <span class='ocrx_word' id='word_1_376' title='bbox 2435 2345 2469 2415; x_wconf 78' lang='grc' dir='ltr'><strong>ἢ</strong></span> <span class='ocrx_word' id='word_1_377' title='bbox 2521 2343 2724 2416; x_wconf 67' lang='grc' dir='ltr'>ἀτελής</span> <span class='ocrx_word' id='word_1_378' title='bbox 2781 2345 3006 2420; x_wconf 70' lang='grc' dir='ltr'>ἑκατέρα</span> <span class='ocrx_word' id='word_1_379' title='bbox 3063 2343 3194 2422; x_wconf 74' lang='grc' dir='ltr'>δίχα</span> <span class='ocrx_word' id='word_1_380' title='bbox 3221 2353 3322 2414; x_wconf 78' lang='grc' dir='ltr'><strong>τῆς</strong></span> <span class='ocrx_word' id='word_1_381' title='bbox 3373 2344 3554 2420; x_wconf 71' lang='grc' dir='ltr'>ἑτέρας</span> <span class='ocrx_word' id='word_1_382' title='bbox 3574 2349 3828 2419; x_wconf 78' lang='grc' dir='ltr'>θεωρου-</span> 
     </span>
    </p>
   </div>
   <div class='ocr_carea' id='block_1_49' title="bbox 2175 2431 3832 2509">
    <p class='ocr_par' dir='ltr' id='par_1_49' title="bbox 2175 2431 3832 2509">
     <span class='ocr_line' id='line_1_49' title="bbox 2175 2431 3832 2509; baseline 0.001 -21"><span class='ocrx_word' id='word_1_383' title='bbox 2175 2434 2329 2507; x_wconf 76' lang='grc' dir='ltr'>μὲνη.</span> <span class='ocrx_word' id='word_1_384' title='bbox 2389 2432 2516 2490; x_wconf 82' lang='grc' dir='ltr'>ἀλλ’</span> <span class='ocrx_word' id='word_1_385' title='bbox 2572 2431 2747 2496; x_wconf 70' lang='grc' dir='ltr'>οὕτως</span> <span class='ocrx_word' id='word_1_386' title='bbox 2805 2433 2864 2488; x_wconf 76' lang='grc' dir='ltr'>ἄν</span> <span class='ocrx_word' id='word_1_387' title='bbox 2924 2433 3008 2504; x_wconf 65' lang='grc' dir='ltr'>εἴη</span> <span class='ocrx_word' id='word_1_388' title='bbox 3063 2435 3153 2489; x_wconf 80' lang='grc' dir='ltr'>καὶ</span> <span class='ocrx_word' id='word_1_389' title='bbox 3186 2435 3214 2490; x_wconf 85' lang='grc' dir='ltr'>ὁ</span> <span class='ocrx_word' id='word_1_390' title='bbox 3265 2435 3451 2509; x_wconf 77' lang='grc' dir='ltr'>Πατὴρ</span> <span class='ocrx_word' id='word_1_391' title='bbox 3479 2435 3600 2498; x_wconf 76' lang='grc' dir='ltr'>καθ’</span> <span class='ocrx_word' id='word_1_392' title='bbox 3627 2435 3832 2490; x_wconf 75' lang='grc' dir='ltr'>ἑαυτὸν</span> 
     </span>
    </p>
   </div>
   <div class='ocr_carea' id='block_1_50' title="bbox 2166 2521 3828 2599">
    <p class='ocr_par' dir='ltr' id='par_1_50' title="bbox 2166 2521 3828 2599">
     <span class='ocr_line' id='line_1_50' title="bbox 2166 2521 3828 2599; baseline 0.001 -23"><span class='ocrx_word' id='word_1_393' title='bbox 2166 2523 2463 2597; x_wconf 73' lang='grc' dir='ltr'>νοούμενος</span> <span class='ocrx_word' id='word_1_394' title='bbox 2522 2521 2743 2594; x_wconf 66' lang='grc' dir='ltr'>ἀτελήςε</span> <span class='ocrx_word' id='word_1_395' title='bbox 2801 2523 2946 2580; x_wconf 79' lang='grc' dir='ltr'>ἀλλὰ</span> <span class='ocrx_word' id='word_1_396' title='bbox 3006 2525 3116 2596; x_wconf 68' lang='grc' dir='ltr'><strong>μὴν</strong></span> <span class='ocrx_word' id='word_1_397' title='bbox 3202 2524 3454 2599; x_wconf 68' lang='grc' dir='ltr'>ἑκάτερον</span> <span class='ocrx_word' id='word_1_398' title='bbox 3518 2524 3828 2599; x_wconf 77' lang='grc' dir='ltr'>πρόσωπον</span> 
     </span>
    </p>
   </div>
   <div class='ocr_carea' id='block_1_51' title="bbox 2167 2610 3833 2688">
    <p class='ocr_par' dir='ltr' id='par_1_51' title="bbox 2167 2610 3833 2688">
     <span class='ocr_line' id='line_1_51' title="bbox 2167 2610 3833 2688; baseline 0 -20"><span class='ocrx_word' id='word_1_399' title='bbox 2167 2610 2378 2668; x_wconf 75' lang='grc' dir='ltr'>τέλειόν</span> <span class='ocrx_word' id='word_1_400' title='bbox 2421 2613 2512 2667; x_wconf 80' lang='grc' dir='ltr'><strong>καὶ</strong></span> <span class='ocrx_word' id='word_1_401' title='bbox 2570 2611 2782 2676; x_wconf 75' lang='grc' dir='ltr'><strong>τελείας</strong></span> <span class='ocrx_word' id='word_1_402' title='bbox 2837 2611 3104 2688; x_wconf 72' lang='grc' dir='ltr'>ἐνεργείας</span> <span class='ocrx_word' id='word_1_403' title='bbox 3153 2611 3506 2684; x_wconf 79' lang='grc' dir='ltr'>ἆποδοτικὸν,</span> <span class='ocrx_word' id='word_1_404' title='bbox 3567 2613 3702 2669; x_wconf 70' lang='grc' dir='ltr'>αὐτό</span> <span class='ocrx_word' id='word_1_405' title='bbox 3761 2634 3833 2668; x_wconf 72' lang='grc' dir='ltr'><strong>τε</strong></span> 
     </span>
    </p>
   </div>
   <div class='ocr_carea' id='block_1_52' title="bbox 2167 2702 3816 2783">
    <p class='ocr_par' dir='ltr' id='par_1_52' title="bbox 2167 2702 3816 2783">
     <span class='ocr_line' id='line_1_52' title="bbox 2167 2702 3816 2783; baseline 0.001 -26"><span class='ocrx_word' id='word_1_406' title='bbox 2167 2705 2289 2766; x_wconf 81' lang='grc' dir='ltr'>καθ’</span> <span class='ocrx_word' id='word_1_407' title='bbox 2346 2702 2505 2760; x_wconf 73' lang='grc' dir='ltr'>ἑαυτὸ</span> <span class='ocrx_word' id='word_1_408' title='bbox 2571 2703 2659 2758; x_wconf 81' lang='grc' dir='ltr'><strong>καὶ</strong></span> <span class='ocrx_word' id='word_1_409' title='bbox 2720 2705 2857 2776; x_wconf 75' lang='grc' dir='ltr'>μετὰ</span> <span class='ocrx_word' id='word_1_410' title='bbox 2910 2707 3008 2758; x_wconf 79' lang='grc' dir='ltr'><strong>τοῦ</strong></span> <span class='ocrx_word' id='word_1_411' title='bbox 3065 2705 3346 2783; x_wconf 76' lang='grc' dir='ltr'>ὁμοφυοῦς</span> <span class='ocrx_word' id='word_1_412' title='bbox 3401 2704 3816 2778; x_wconf 81' lang='grc' dir='ltr'>Θεωρούμενον.</span> 
     </span>
    </p>
   </div>
   <div class='ocr_carea' id='block_1_53' title="bbox 2167 2788 3825 2866">
    <p class='ocr_par' dir='ltr' id='par_1_53' title="bbox 2167 2788 3825 2866">
     <span class='ocr_line' id='line_1_53' title="bbox 2167 2788 3825 2866; baseline 0.001 -19"><span class='ocrx_word' id='word_1_413' title='bbox 2167 2791 2234 2847; x_wconf 74' lang='lat' dir='ltr'><strong>Ei’</strong></span> <span class='ocrx_word' id='word_1_414' title='bbox 2265 2788 2322 2846; x_wconf 70' lang='grc' dir='ltr'><strong>δὲ</strong></span> <span class='ocrx_word' id='word_1_415' title='bbox 2367 2793 2402 2861; x_wconf 78' lang='grc' dir='ltr'>ἡ</span> <span class='ocrx_word' id='word_1_416' title='bbox 2439 2793 2534 2866; x_wconf 80' lang='grc' dir='ltr'><strong>μὶν</strong></span> <span class='ocrx_word' id='word_1_417' title='bbox 2585 2789 2695 2846; x_wconf 81' lang='grc' dir='ltr'>ἐστι</span> <span class='ocrx_word' id='word_1_418' title='bbox 2725 2789 2928 2864; x_wconf 78' lang='grc' dir='ltr'>τελεία,</span> <span class='ocrx_word' id='word_1_419' title='bbox 2961 2795 2997 2862; x_wconf 85' lang='grc' dir='ltr'><strong>ἡ</strong></span> <span class='ocrx_word' id='word_1_420' title='bbox 3031 2789 3088 2848; x_wconf 76' lang='grc' dir='ltr'><strong>δὲ</strong></span> <span class='ocrx_word' id='word_1_421' title='bbox 3142 2791 3366 2862; x_wconf 68' lang='grc' dir='ltr'>ἀτελὴς,</span> <span class='ocrx_word' id='word_1_422' title='bbox 3426 2791 3694 2865; x_wconf 76' lang='grc' dir='ltr'>ὁποτέραν</span> <span class='ocrx_word' id='word_1_423' title='bbox 3751 2792 3825 2848; x_wconf 74' lang='grc' dir='ltr'>ἄν</span> 
     </span>
    </p>
   </div>
   <div class='ocr_carea' id='block_1_54' title="bbox 2165 2879 3828 2958">
    <p class='ocr_par' dir='ltr' id='par_1_54' title="bbox 2165 2879 3828 2958">
     <span class='ocr_line' id='line_1_54' title="bbox 2165 2879 3828 2958; baseline 0.002 -22"><span class='ocrx_word' id='word_1_424' title='bbox 2165 2880 2330 2958; x_wconf 72' lang='grc' dir='ltr'>φαίης</span> <span class='ocrx_word' id='word_1_425' title='bbox 2359 2880 2396 2952; x_wconf 79' lang='grc' dir='ltr'>ἤ</span> <span class='ocrx_word' id='word_1_426' title='bbox 2427 2880 2589 2938; x_wconf 70' lang='grc' dir='ltr'>τοῦτο</span> <span class='ocrx_word' id='word_1_427' title='bbox 2621 2879 2848 2952; x_wconf 79' lang='grc' dir='ltr'>ἤέκεῖνο</span> <span class='ocrx_word' id='word_1_428' title='bbox 2882 2902 2896 2952; x_wconf 89' lang='lat'>;</span> <span class='ocrx_word' id='word_1_429' title='bbox 2929 2887 3147 2958; x_wconf 83' lang='grc' dir='ltr'>πρῶτον</span> <span class='ocrx_word' id='word_1_430' title='bbox 3177 2884 3270 2955; x_wconf 72' lang='grc' dir='ltr'><strong>μὲν</strong></span> <span class='ocrx_word' id='word_1_431' title='bbox 3303 2883 3368 2938; x_wconf 84' lang='grc' dir='ltr'>τὸ</span> <span class='ocrx_word' id='word_1_432' title='bbox 3420 2880 3475 2937; x_wconf 71' lang='grc' dir='ltr'><strong>’ἐν</strong></span> <span class='ocrx_word' id='word_1_433' title='bbox 3516 2883 3828 2957; x_wconf 82' lang='grc' dir='ltr'>πρόσωπον</span> 
     </span>
    </p>
   </div>
   <div class='ocr_carea' id='block_1_55' title="bbox 407 2969 2056 3072">
    <p class='ocr_par' dir='ltr' id='par_1_55' title="bbox 407 2973 2056 3046">
     <span class='ocr_line' id='line_1_55' title="bbox 407 2973 2056 3046; baseline 0.001 -17"><span class='ocrx_word' id='word_1_434' title='bbox 407 2975 688 3044; x_wconf 81' lang='lat' dir='ltr'><strong>perfecta,</strong></span> <span class='ocrx_word' id='word_1_435' title='bbox 721 2979 916 3029; x_wconf 87' lang='lat' dir='ltr'><strong>utram</strong></span> <span class='ocrx_word' id='word_1_436' title='bbox 968 2973 1196 3029; x_wconf 89' lang='lat' dir='ltr'><strong>diceres</strong></span> <span class='ocrx_word' id='word_1_437' title='bbox 1237 2975 1584 3045; x_wconf 85' lang='lat' dir='ltr'><strong>perfectam,</strong></span> <span class='ocrx_word' id='word_1_438' title='bbox 1615 2979 1808 3030; x_wconf 86' lang='lat' dir='ltr'><strong>utram</strong></span> <span class='ocrx_word' id='word_1_439' title='bbox 1841 2976 2056 3046; x_wconf 84' lang='lat' dir='ltr'><strong>imper-</strong></span> 
     </span>
    </p>
   </div>
   <div class='ocr_carea' id='block_1_56' title="bbox 2172 2969 3828 3072">
    <p class='ocr_par' dir='ltr' id='par_1_56' title="bbox 2172 2969 3828 3048">
     <span class='ocr_line' id='line_1_56' title="bbox 2172 2969 3828 3048; baseline 0.001 -21"><span class='ocrx_word' id='word_1_440' title='bbox 2172 2971 2390 3044; x_wconf 67' lang='grc' dir='ltr'>ἀτελὴς,</span> <span class='ocrx_word' id='word_1_441' title='bbox 2423 2972 2474 3046; x_wconf 78' lang='grc' dir='ltr'><strong>ἐξ</strong></span> <span class='ocrx_word' id='word_1_442' title='bbox 2508 2973 2676 3048; x_wconf 85' lang='grc' dir='ltr'>οὗπερ</span> <span class='ocrx_word' id='word_1_443' title='bbox 2708 2975 2742 3042; x_wconf 79' lang='grc' dir='ltr'>ἡ</span> <span class='ocrx_word' id='word_1_444' title='bbox 2803 2969 3119 3048; x_wconf 75' lang='grc' dir='ltr'>ὲκπόρευσις</span> <span class='ocrx_word' id='word_1_445' title='bbox 3172 2973 3395 3044; x_wconf 76' lang='grc' dir='ltr'>ἀτελής.</span> <span class='ocrx_word' id='word_1_446' title='bbox 3452 2974 3676 3028; x_wconf 78' lang='grc' dir='ltr'>Ἔπειτα</span> <span class='ocrx_word' id='word_1_447' title='bbox 3726 2975 3828 3037; x_wconf 74' lang='grc' dir='ltr'>τες</span> 
     </span>
    </p>
   </div>
   <div class='ocr_carea' id='block_1_57' title="bbox 405 3059 2056 3137">
    <p class='ocr_par' dir='ltr' id='par_1_57' title="bbox 405 3060 2054 3134">
     <span class='ocr_line' id='line_1_57' title="bbox 405 3060 2054 3134; baseline 0.002 -20"><span class='ocrx_word' id='word_1_448' title='bbox 405 3063 623 3116; x_wconf 82' lang='lat' dir='ltr'><strong>fectam</strong></span> <span class='ocrx_word' id='word_1_449' title='bbox 645 3061 672 3116; x_wconf 73' lang='lat'><strong>‘2</strong></span> <span class='ocrx_word' id='word_1_450' title='bbox 693 3061 889 3116; x_wconf 89' lang='lat' dir='ltr'><strong>Primo</strong></span> <span class='ocrx_word' id='word_1_451' title='bbox 923 3075 1041 3116; x_wconf 88' lang='lat' dir='ltr'><strong>una</strong></span> <span class='ocrx_word' id='word_1_452' title='bbox 1073 3060 1176 3115; x_wconf 88' lang='lat' dir='ltr'><strong>illa</strong></span> <span class='ocrx_word' id='word_1_453' title='bbox 1195 3077 1452 3132; x_wconf 85' lang='lat' dir='ltr'><strong>persona</strong></span> <span class='ocrx_word' id='word_1_454' title='bbox 1475 3062 1824 3134; x_wconf 82' lang='lat' dir='ltr'><strong>imperfecta</strong></span> <span class='ocrx_word' id='word_1_455' title='bbox 1847 3068 1956 3129; x_wconf 88' lang='lat' dir='ltr'><strong>est,</strong></span> <span class='ocrx_word' id='word_1_456' title='bbox 1981 3079 2054 3118; x_wconf 82' lang='lat' dir='ltr'><strong>ex</strong></span> 
     </span>
    </p>
   </div>
   <div class='ocr_carea' id='block_1_58' title="bbox 2172 3059 3167 3137">
    <p class='ocr_par' dir='ltr' id='par_1_58' title="bbox 2172 3059 3167 3137">
     <span class='ocr_line' id='line_1_58' title="bbox 2172 3059 3167 3137; baseline 0.002 -22"><span class='ocrx_word' id='word_1_457' title='bbox 2172 3062 2327 3137; x_wconf 77' lang='grc' dir='ltr'>χρεία</span> <span class='ocrx_word' id='word_1_458' title='bbox 2379 3065 2448 3136; x_wconf 78' lang='grc' dir='ltr'><strong>τῇ</strong></span> <span class='ocrx_word' id='word_1_459' title='bbox 2503 3059 2688 3134; x_wconf 69' lang='grc' dir='ltr'>τελείᾳ</span> <span class='ocrx_word' id='word_1_460' title='bbox 2732 3068 2832 3132; x_wconf 80' lang='grc' dir='ltr'><strong>τῆς</strong></span> <span class='ocrx_word' id='word_1_461' title='bbox 2895 3062 3167 3131; x_wconf 75' lang='grc' dir='ltr'>ἄτελοῦςς</span> 
     </span>
    </p>
   </div>
   <div class='ocr_carea' id='block_1_59' title="bbox 403 3149 2056 3223">
    <p class='ocr_par' dir='ltr' id='par_1_59' title="bbox 403 3149 2056 3223">
     <span class='ocr_line' id='line_1_59' title="bbox 403 3149 2056 3223; baseline 0.001 -19"><span class='ocrx_word' id='word_1_462' title='bbox 403 3165 522 3220; x_wconf 88' lang='lat' dir='ltr'><strong>qua</strong></span> <span class='ocrx_word' id='word_1_463' title='bbox 551 3150 850 3219; x_wconf 84' lang='lat' dir='ltr'><strong>processio</strong></span> <span class='ocrx_word' id='word_1_464' title='bbox 893 3149 1242 3220; x_wconf 84' lang='lat' dir='ltr'><strong>imperfecta</strong></span> <span class='ocrx_word' id='word_1_465' title='bbox 1275 3165 1288 3214; x_wconf 92' lang='lat'>;</span> <span class='ocrx_word' id='word_1_466' title='bbox 1342 3149 1559 3206; x_wconf 89' lang='lat' dir='ltr'><strong>deinde</strong></span> <span class='ocrx_word' id='word_1_467' title='bbox 1585 3151 1884 3222; x_wconf 89' lang='lat' dir='ltr'><strong>quomodo</strong></span> <span class='ocrx_word' id='word_1_468' title='bbox 1915 3169 2056 3223; x_wconf 80' lang='lat' dir='ltr'><strong>per-</strong></span> 
     </span>
    </p>
   </div>
   <div class='ocr_carea' id='block_1_60' title="bbox 399 3236 2054 3311">
    <p class='ocr_par' dir='ltr' id='par_1_60' title="bbox 399 3236 2054 3311">
     <span class='ocr_line' id='line_1_60' title="bbox 399 3236 2054 3311; baseline 0.006 -19"><span class='ocrx_word' id='word_1_469' title='bbox 399 3238 554 3293; x_wconf 84' lang='lat' dir='ltr'><strong>fecta</strong></span> <span class='ocrx_word' id='word_1_470' title='bbox 575 3236 1157 3308; x_wconf 83' lang='lat' dir='ltr'><strong>indigetimperfecta</strong></span> <span class='ocrx_word' id='word_1_471' title='bbox 1178 3237 1204 3292; x_wconf 83' lang='lat'><strong>?</strong></span> <span class='ocrx_word' id='word_1_472' title='bbox 1226 3237 1282 3292; x_wconf 91' lang='lat' dir='ltr'><strong>Si</strong></span> <span class='ocrx_word' id='word_1_473' title='bbox 1302 3255 1440 3294; x_wconf 90' lang='lat' dir='ltr'><strong>vero</strong></span> <span class='ocrx_word' id='word_1_474' title='bbox 1461 3239 1710 3310; x_wconf 85' lang='lat' dir='ltr'><strong>simplex</strong></span> <span class='ocrx_word' id='word_1_475' title='bbox 1730 3241 2054 3311; x_wconf 61' lang='lat' dir='ltr'><strong>processio,</strong></span> 
     </span>
    </p>
   </div>
   <div class='ocr_carea' id='block_1_61' title="bbox 402 3325 2054 3397">
    <p class='ocr_par' dir='ltr' id='par_1_61' title="bbox 402 3325 2054 3397">
     <span class='ocr_line' id='line_1_61' title="bbox 402 3325 2054 3397; baseline 0.004 -16"><span class='ocrx_word' id='word_1_476' title='bbox 402 3332 461 3382; x_wconf 89' lang='lat' dir='ltr'><strong>et</strong></span> <span class='ocrx_word' id='word_1_477' title='bbox 491 3325 750 3397; x_wconf 85' lang='lat' dir='ltr'><strong>perfecta</strong></span> <span class='ocrx_word' id='word_1_478' title='bbox 798 3331 885 3380; x_wconf 85' lang='lat' dir='ltr'><strong>est</strong></span> <span class='ocrx_word' id='word_1_479' title='bbox 919 3342 989 3380; x_wconf 87' lang='lat' dir='ltr'><strong>ex</strong></span> <span class='ocrx_word' id='word_1_480' title='bbox 1014 3327 1207 3394; x_wconf 88' lang='lat' dir='ltr'><strong>Patre,</strong></span> <span class='ocrx_word' id='word_1_481' title='bbox 1264 3343 1370 3382; x_wconf 91' lang='lat' dir='ltr'><strong>cur</strong></span> <span class='ocrx_word' id='word_1_482' title='bbox 1418 3331 1476 3383; x_wconf 90' lang='lat' dir='ltr'><strong>et</strong></span> <span class='ocrx_word' id='word_1_483' title='bbox 1504 3344 1570 3382; x_wconf 83' lang='lat' dir='ltr'><strong>ex</strong></span> <span class='ocrx_word' id='word_1_484' title='bbox 1601 3328 1747 3383; x_wconf 89' lang='lat' dir='ltr'><strong>Filio</strong></span> <span class='ocrx_word' id='word_1_485' title='bbox 1779 3329 1806 3384; x_wconf 86' lang='lat'><strong>?</strong></span> <span class='ocrx_word' id='word_1_486' title='bbox 1830 3329 1888 3385; x_wconf 90' lang='lat' dir='ltr'><strong>Si</strong></span> <span class='ocrx_word' id='word_1_487' title='bbox 1919 3347 2054 3387; x_wconf 90' lang='lat' dir='ltr'><strong>vero</strong></span> 
     </span>
    </p>
   </div>
   <div class='ocr_carea' id='block_1_62' title="bbox 401 3413 2052 3489">
    <p class='ocr_par' dir='ltr' id='par_1_62' title="bbox 401 3413 2052 3489">
     <span class='ocr_line' id='line_1_62' title="bbox 401 3413 2052 3489; baseline 0.004 -19"><span class='ocrx_word' id='word_1_488' title='bbox 401 3414 666 3486; x_wconf 80' lang='lat' dir='ltr'><strong>perfecta</strong></span> <span class='ocrx_word' id='word_1_489' title='bbox 695 3431 764 3469; x_wconf 86' lang='lat' dir='ltr'><strong>ex</strong></span> <span class='ocrx_word' id='word_1_490' title='bbox 794 3413 1076 3484; x_wconf 89' lang='lat' dir='ltr'><strong>Filio,cur</strong></span> <span class='ocrx_word' id='word_1_491' title='bbox 1107 3415 1284 3470; x_wconf 86' lang='lat' dir='ltr'><strong>etiam</strong></span> <span class='ocrx_word' id='word_1_492' title='bbox 1313 3433 1383 3471; x_wconf 83' lang='lat' dir='ltr'><strong>ex</strong></span> <span class='ocrx_word' id='word_1_493' title='bbox 1413 3417 1585 3472; x_wconf 88' lang='lat' dir='ltr'><strong>Patre</strong></span> <span class='ocrx_word' id='word_1_494' title='bbox 1615 3416 1643 3472; x_wconf 85' lang='lat'><strong>‘?</strong></span> <span class='ocrx_word' id='word_1_495' title='bbox 1672 3418 2052 3489; x_wconf 86' lang='lat' dir='ltr'><strong>Superﬂuum</strong></span> 
     </span>
    </p>
   </div>
   <div class='ocr_carea' id='block_1_63' title="bbox 405 3503 2052 3580">
    <p class='ocr_par' dir='ltr' id='par_1_63' title="bbox 405 3503 2052 3580">
     <span class='ocr_line' id='line_1_63' title="bbox 405 3503 2052 3580; baseline 0.005 -23"><span class='ocrx_word' id='word_1_496' title='bbox 405 3503 565 3558; x_wconf 87' lang='lat' dir='ltr'><strong>enim</strong></span> <span class='ocrx_word' id='word_1_497' title='bbox 598 3507 656 3558; x_wconf 89' lang='lat' dir='ltr'><strong>et</strong></span> <span class='ocrx_word' id='word_1_498' title='bbox 683 3520 897 3558; x_wconf 86' lang='lat' dir='ltr'><strong>vanum</strong></span> <span class='ocrx_word' id='word_1_499' title='bbox 928 3503 1012 3560; x_wconf 89' lang='lat' dir='ltr'><strong>sic</strong></span> <span class='ocrx_word' id='word_1_500' title='bbox 1043 3503 1296 3574; x_wconf 80' lang='lat' dir='ltr'><strong>videtur,</strong></span> <span class='ocrx_word' id='word_1_501' title='bbox 1347 3504 1630 3576; x_wconf 91' lang='lat' dir='ltr'><strong>Spiritum</strong></span> <span class='ocrx_word' id='word_1_502' title='bbox 1684 3523 1920 3580; x_wconf 90' lang='lat' dir='ltr'><strong>quoque</strong></span> <span class='ocrx_word' id='word_1_503' title='bbox 1983 3525 2052 3565; x_wconf 83' lang='lat' dir='ltr'><strong>ex</strong></span> 
     </span>
    </p>
   </div>
   <div class='ocr_carea' id='block_1_64' title="bbox 399 3591 958 3664">
    <p class='ocr_par' dir='ltr' id='par_1_64' title="bbox 399 3591 958 3664">
     <span class='ocr_line' id='line_1_64' title="bbox 399 3591 958 3664; baseline 0 -18"><span class='ocrx_word' id='word_1_504' title='bbox 399 3591 586 3647; x_wconf 88' lang='lat' dir='ltr'><strong>altero</strong></span> <span class='ocrx_word' id='word_1_505' title='bbox 619 3593 958 3664; x_wconf 89' lang='lat' dir='ltr'><strong>procedere.</strong></span> 
     </span>
    </p>
   </div>
   <div class='ocr_carea' id='block_1_65' title="bbox 471 3681 2045 3758">
    <p class='ocr_par' dir='ltr' id='par_1_65' title="bbox 471 3681 2045 3758">
     <span class='ocr_line' id='line_1_65' title="bbox 471 3681 2045 3758; baseline 0.004 -21"><span class='ocrx_word' id='word_1_506' title='bbox 471 3683 624 3737; x_wconf 85' lang='lat' dir='ltr'><strong>LAT.</strong></span> <span class='ocrx_word' id='word_1_507' title='bbox 649 3683 760 3738; x_wconf 92' lang='lat' dir='ltr'><strong>Sed</strong></span> <span class='ocrx_word' id='word_1_508' title='bbox 789 3681 1058 3738; x_wconf 79' lang='lat' dir='ltr'><strong>fortassis</strong></span> <span class='ocrx_word' id='word_1_509' title='bbox 1090 3699 1211 3739; x_wconf 86' lang='lat' dir='ltr'><strong>non</strong></span> <span class='ocrx_word' id='word_1_510' title='bbox 1243 3683 1424 3739; x_wconf 89' lang='lat' dir='ltr'><strong>aliam</strong></span> <span class='ocrx_word' id='word_1_511' title='bbox 1448 3689 1504 3740; x_wconf 88' lang='lat' dir='ltr'><strong>et</strong></span> <span class='ocrx_word' id='word_1_512' title='bbox 1525 3683 1703 3740; x_wconf 86' lang='lat' dir='ltr'><strong>aliam</strong></span> <span class='ocrx_word' id='word_1_513' title='bbox 1726 3703 1855 3742; x_wconf 88' lang='lat' dir='ltr'><strong>esse</strong></span> <span class='ocrx_word' id='word_1_514' title='bbox 1911 3687 2045 3758; x_wconf 87' lang='lat' dir='ltr'><strong>quis</strong></span> 
     </span>
    </p>
   </div>
   <div class='ocr_carea' id='block_1_66' title="bbox 395 3771 2047 3844">
    <p class='ocr_par' dir='ltr' id='par_1_66' title="bbox 395 3771 2047 3844">
     <span class='ocr_line' id='line_1_66' title="bbox 395 3771 2047 3844; baseline 0.003 -17"><span class='ocrx_word' id='word_1_515' title='bbox 395 3771 481 3827; x_wconf 91' lang='lat' dir='ltr'><strong>ait</strong></span> <span class='ocrx_word' id='word_1_516' title='bbox 526 3772 990 3844; x_wconf 89' lang='lat' dir='ltr'><strong>processionem,</strong></span> <span class='ocrx_word' id='word_1_517' title='bbox 1022 3771 1266 3828; x_wconf 89' lang='lat' dir='ltr'><strong>alteram</strong></span> <span class='ocrx_word' id='word_1_518' title='bbox 1328 3791 1398 3829; x_wconf 84' lang='lat' dir='ltr'><strong>ex</strong></span> <span class='ocrx_word' id='word_1_519' title='bbox 1454 3775 1648 3842; x_wconf 86' lang='lat' dir='ltr'><strong>Patre,</strong></span> <span class='ocrx_word' id='word_1_520' title='bbox 1673 3775 1920 3832; x_wconf 88' lang='lat' dir='ltr'><strong>alteram</strong></span> <span class='ocrx_word' id='word_1_521' title='bbox 1975 3793 2047 3832; x_wconf 86' lang='lat' dir='ltr'><strong>ex</strong></span> 
     </span>
    </p>
   </div>
   <div class='ocr_carea' id='block_1_67' title="bbox 395 3859 2043 3934">
    <p class='ocr_par' dir='ltr' id='par_1_67' title="bbox 395 3859 2043 3934">
     <span class='ocr_line' id='line_1_67' title="bbox 395 3859 2043 3934; baseline 0.002 -17"><span class='ocrx_word' id='word_1_522' title='bbox 395 3859 562 3928; x_wconf 90' lang='lat' dir='ltr'><strong>Filio,</strong></span> <span class='ocrx_word' id='word_1_523' title='bbox 596 3861 700 3917; x_wconf 90' lang='lat' dir='ltr'><strong>sed</strong></span> <span class='ocrx_word' id='word_1_524' title='bbox 733 3879 910 3917; x_wconf 88' lang='lat' dir='ltr'><strong>unam</strong></span> <span class='ocrx_word' id='word_1_525' title='bbox 937 3867 993 3916; x_wconf 90' lang='lat' dir='ltr'><strong>et</strong></span> <span class='ocrx_word' id='word_1_526' title='bbox 1025 3862 1297 3918; x_wconf 88' lang='lat' dir='ltr'><strong>eamdem</strong></span> <span class='ocrx_word' id='word_1_527' title='bbox 1327 3867 1386 3918; x_wconf 88' lang='lat' dir='ltr'><strong>et</strong></span> <span class='ocrx_word' id='word_1_528' title='bbox 1413 3861 1740 3934; x_wconf 89' lang='lat' dir='ltr'><strong>simplicem</strong></span> <span class='ocrx_word' id='word_1_529' title='bbox 1770 3881 1839 3920; x_wconf 85' lang='lat' dir='ltr'><strong>ex</strong></span> <span class='ocrx_word' id='word_1_530' title='bbox 1872 3867 2043 3921; x_wconf 89' lang='lat' dir='ltr'><strong>Patre</strong></span> 
     </span>
    </p>
   </div>
   <div class='ocr_carea' id='block_1_68' title="bbox 3233 3059 3825 3132">
    <p class='ocr_par' dir='ltr' id='par_1_68' title="bbox 3233 3059 3825 3132">
     <span class='ocr_line' id='line_1_68' title="bbox 3233 3059 3825 3132; baseline -0.002 -15"><span class='ocrx_word' id='word_1_531' title='bbox 3233 3059 3360 3117; x_wconf 77' lang='grc' dir='ltr'>εἰδὲ</span> <span class='ocrx_word' id='word_1_532' title='bbox 3390 3059 3536 3132; x_wconf 79' lang='grc' dir='ltr'>ἁπλῆ</span> <span class='ocrx_word' id='word_1_533' title='bbox 3571 3064 3606 3132; x_wconf 76' lang='grc' dir='ltr'>ὴ</span> <span class='ocrx_word' id='word_1_534' title='bbox 3637 3059 3825 3117; x_wconf 78' lang='grc' dir='ltr'>ἐκπό-</span> 
     </span>
    </p>
   </div>
   <div class='ocr_carea' id='block_1_69' title="bbox 2167 3147 3824 3224">
    <p class='ocr_par' dir='ltr' id='par_1_69' title="bbox 2167 3147 3824 3224">
     <span class='ocr_line' id='line_1_69' title="bbox 2167 3147 3824 3224; baseline 0.002 -19"><span class='ocrx_word' id='word_1_535' title='bbox 2167 3171 2376 3223; x_wconf 82' lang='grc' dir='ltr'>μευσις,</span> <span class='ocrx_word' id='word_1_536' title='bbox 2418 3151 2464 3206; x_wconf 75' lang='grc' dir='ltr'>εἱ</span> <span class='ocrx_word' id='word_1_537' title='bbox 2527 3151 2621 3224; x_wconf 75' lang='grc' dir='ltr'><strong>μὲν</strong></span> <span class='ocrx_word' id='word_1_538' title='bbox 2679 3149 2862 3206; x_wconf 77' lang='grc' dir='ltr'>τελεία</span> <span class='ocrx_word' id='word_1_539' title='bbox 2919 3150 3062 3206; x_wconf 74' lang='grc' dir='ltr'>ἐστὶν</span> <span class='ocrx_word' id='word_1_540' title='bbox 3122 3149 3182 3206; x_wconf 81' lang='grc' dir='ltr'><strong>ἐκ</strong></span> <span class='ocrx_word' id='word_1_541' title='bbox 3209 3155 3306 3206; x_wconf 79' lang='grc' dir='ltr'><strong>τοῦ</strong></span> <span class='ocrx_word' id='word_1_542' title='bbox 3373 3147 3720 3223; x_wconf 78' lang='grc' dir='ltr'>Πατρὸς,διᾰ</span> <span class='ocrx_word' id='word_1_543' title='bbox 3757 3152 3824 3208; x_wconf 79' lang='grc' dir='ltr'><strong>τί</strong></span> 
     </span>
    </p>
   </div>
   <div class='ocr_carea' id='block_1_70' title="bbox 2158 3235 3826 3311">
    <p class='ocr_par' dir='ltr' id='par_1_70' title="bbox 2158 3235 3826 3311">
     <span class='ocr_line' id='line_1_70' title="bbox 2158 3235 3826 3311; baseline 0.001 -17"><span class='ocrx_word' id='word_1_544' title='bbox 2158 3240 2247 3294; x_wconf 81' lang='grc' dir='ltr'><strong>καὶ</strong></span> <span class='ocrx_word' id='word_1_545' title='bbox 2310 3237 2370 3294; x_wconf 83' lang='grc' dir='ltr'>ἐκ</span> <span class='ocrx_word' id='word_1_546' title='bbox 2421 3243 2519 3296; x_wconf 82' lang='grc' dir='ltr'><strong>τοῦ</strong></span> <span class='ocrx_word' id='word_1_547' title='bbox 2581 3241 2705 3295; x_wconf 73' lang='grc' dir='ltr'>Υἱοῦ</span> <span class='ocrx_word' id='word_1_548' title='bbox 2739 3258 2752 3308; x_wconf 90' lang='grc'><strong>;</strong></span> <span class='ocrx_word' id='word_1_549' title='bbox 2814 3239 2864 3295; x_wconf 72' lang='grc' dir='ltr'><strong>εἰ</strong></span> <span class='ocrx_word' id='word_1_550' title='bbox 2893 3235 2953 3294; x_wconf 64' lang='grc' dir='ltr'><strong>δί</strong></span> <span class='ocrx_word' id='word_1_551' title='bbox 3007 3240 3066 3294; x_wconf 75' lang='grc' dir='ltr'><strong>ἐκ</strong></span> <span class='ocrx_word' id='word_1_552' title='bbox 3092 3244 3189 3295; x_wconf 80' lang='grc' dir='ltr'><strong>τοῦ</strong></span> <span class='ocrx_word' id='word_1_553' title='bbox 3219 3241 3372 3311; x_wconf 73' lang='grc' dir='ltr'><strong>Υἱοῦ,</strong></span> <span class='ocrx_word' id='word_1_554' title='bbox 3403 3236 3492 3294; x_wconf 76' lang='grc' dir='ltr'>διὰ</span> <span class='ocrx_word' id='word_1_555' title='bbox 3538 3238 3588 3295; x_wconf 77' lang='grc' dir='ltr'><strong>τί</strong></span> <span class='ocrx_word' id='word_1_556' title='bbox 3619 3239 3716 3294; x_wconf 77' lang='grc' dir='ltr'>καὶ</span> <span class='ocrx_word' id='word_1_557' title='bbox 3745 3238 3826 3296; x_wconf 74' lang='grc' dir='ltr'><strong>ἐκ</strong></span> 
     </span>
    </p>
   </div>
   <div class='ocr_carea' id='block_1_71' title="bbox 2156 3323 3822 3403">
    <p class='ocr_par' dir='ltr' id='par_1_71' title="bbox 2156 3323 3822 3403">
     <span class='ocr_line' id='line_1_71' title="bbox 2156 3323 3822 3403; baseline 0.001 -23"><span class='ocrx_word' id='word_1_558' title='bbox 2156 3329 2253 3380; x_wconf 86' lang='lat'><strong>1:06</strong></span> <span class='ocrx_word' id='word_1_559' title='bbox 2311 3327 2523 3402; x_wconf 76' lang='grc' dir='ltr'>Πατρός</span> <span class='ocrx_word' id='word_1_560' title='bbox 2552 3347 2566 3396; x_wconf 90' lang='grc'><strong>;</strong></span> <span class='ocrx_word' id='word_1_561' title='bbox 2627 3328 2882 3402; x_wconf 87' lang='grc' dir='ltr'>περιττόν</span> <span class='ocrx_word' id='word_1_562' title='bbox 2912 3328 3017 3403; x_wconf 78' lang='grc' dir='ltr'><strong>γὰρ</strong></span> <span class='ocrx_word' id='word_1_563' title='bbox 3052 3325 3196 3383; x_wconf 73' lang='grc' dir='ltr'>οὕτω</span> <span class='ocrx_word' id='word_1_564' title='bbox 3222 3323 3374 3382; x_wconf 81' lang='grc' dir='ltr'>δοκεῖ</span> <span class='ocrx_word' id='word_1_565' title='bbox 3401 3326 3464 3382; x_wconf 81' lang='grc' dir='ltr'>τὸ</span> <span class='ocrx_word' id='word_1_566' title='bbox 3492 3329 3580 3382; x_wconf 81' lang='grc' dir='ltr'><strong>καὶ</strong></span> <span class='ocrx_word' id='word_1_567' title='bbox 3611 3329 3676 3382; x_wconf 73' lang='grc' dir='ltr'><strong>ἒκ</strong></span> <span class='ocrx_word' id='word_1_568' title='bbox 3707 3331 3822 3382; x_wconf 75' lang='grc' dir='ltr'><strong>τοῦ</strong></span> 
     </span>
    </p>
   </div>
   <div class='ocr_carea' id='block_1_72' title="bbox 2157 3415 3108 3493">
    <p class='ocr_par' dir='ltr' id='par_1_72' title="bbox 2157 3415 3108 3493">
     <span class='ocr_line' id='line_1_72' title="bbox 2157 3415 3108 3493; baseline 0.002 -23"><span class='ocrx_word' id='word_1_569' title='bbox 2157 3415 2344 3490; x_wconf 78' lang='grc' dir='ltr'>ὲτὲρου</span> <span class='ocrx_word' id='word_1_570' title='bbox 2372 3418 2436 3472; x_wconf 87' lang='grc' dir='ltr'>τὸ</span> <span class='ocrx_word' id='word_1_571' title='bbox 2461 3421 2680 3492; x_wconf 77' lang='grc' dir='ltr'>Πνεῦμα</span> <span class='ocrx_word' id='word_1_572' title='bbox 2707 3427 3108 3493; x_wconf 73' lang='grc' dir='ltr'>προὲρχεοθαι.</span> 
     </span>
    </p>
   </div>
   <div class='ocr_carea' id='block_1_73' title="bbox 2226 3687 3816 3772">
    <p class='ocr_par' dir='ltr' id='par_1_73' title="bbox 2226 3687 3816 3772">
     <span class='ocr_line' id='line_1_73' title="bbox 2226 3687 3816 3772; baseline 0.003 -30"><span class='ocrx_word' id='word_1_573' title='bbox 2226 3689 2388 3747; x_wconf 75' lang='grc' dir='ltr'><strong>ΛΔΤ.</strong></span> <span class='ocrx_word' id='word_1_574' title='bbox 2421 3687 2579 3747; x_wconf 83' lang='grc' dir='ltr'>Ἀλλ’</span> <span class='ocrx_word' id='word_1_575' title='bbox 2627 3687 2758 3752; x_wconf 70' lang='grc' dir='ltr'>ἴσως</span> <span class='ocrx_word' id='word_1_576' title='bbox 2807 3691 2910 3748; x_wconf 78' lang='grc' dir='ltr'>οὐκ</span> <span class='ocrx_word' id='word_1_577' title='bbox 2966 3689 3144 3762; x_wconf 73' lang='grc' dir='ltr'>ἄλλην</span> <span class='ocrx_word' id='word_1_578' title='bbox 3202 3693 3336 3772; x_wconf 70' lang='grc' dir='ltr'><strong>φησί</strong></span> <span class='ocrx_word' id='word_1_579' title='bbox 3383 3714 3465 3756; x_wconf 85' lang='grc' dir='ltr'><strong>τις</strong></span> <span class='ocrx_word' id='word_1_580' title='bbox 3494 3693 3586 3748; x_wconf 79' lang='grc' dir='ltr'>καὶ</span> <span class='ocrx_word' id='word_1_581' title='bbox 3615 3690 3816 3764; x_wconf 77' lang='grc' dir='ltr'>ἄλλην</span> 
     </span>
    </p>
   </div>
   <div class='ocr_carea' id='block_1_74' title="bbox 2155 3777 3813 3856">
    <p class='ocr_par' dir='ltr' id='par_1_74' title="bbox 2155 3777 3813 3856">
     <span class='ocr_line' id='line_1_74' title="bbox 2155 3777 3813 3856; baseline 0.004 -23"><span class='ocrx_word' id='word_1_582' title='bbox 2155 3780 2255 3849; x_wconf 70' lang='grc' dir='ltr'>τὴν</span> <span class='ocrx_word' id='word_1_583' title='bbox 2315 3777 2632 3855; x_wconf 76' lang='grc' dir='ltr'>ἐκπόρευσιν</span> <span class='ocrx_word' id='word_1_584' title='bbox 2691 3780 2844 3854; x_wconf 71' lang='grc' dir='ltr'>εἶναι,</span> <span class='ocrx_word' id='word_1_585' title='bbox 2901 3782 3000 3850; x_wconf 76' lang='grc' dir='ltr'>τὴν</span> <span class='ocrx_word' id='word_1_586' title='bbox 3053 3783 3148 3855; x_wconf 75' lang='grc' dir='ltr'><strong>μὲν</strong></span> <span class='ocrx_word' id='word_1_587' title='bbox 3198 3780 3258 3838; x_wconf 83' lang='grc' dir='ltr'><strong>ἐκ</strong></span> <span class='ocrx_word' id='word_1_588' title='bbox 3285 3787 3382 3839; x_wconf 80' lang='grc' dir='ltr'><strong>τοῦ</strong></span> <span class='ocrx_word' id='word_1_589' title='bbox 3431 3783 3666 3856; x_wconf 78' lang='grc' dir='ltr'>Πατρὸς,</span> <span class='ocrx_word' id='word_1_590' title='bbox 3697 3785 3813 3854; x_wconf 78' lang='grc' dir='ltr'><strong>τήν</strong></span> 
     </span>
    </p>
   </div>
   <div class='ocr_carea' id='block_1_75' title="bbox 2153 3865 3818 3943">
    <p class='ocr_par' dir='ltr' id='par_1_75' title="bbox 2153 3865 3818 3943">
     <span class='ocr_line' id='line_1_75' title="bbox 2153 3865 3818 3943; baseline 0.003 -21"><span class='ocrx_word' id='word_1_591' title='bbox 2153 3865 2212 3922; x_wconf 81' lang='grc' dir='ltr'><strong>δὶ</strong></span> <span class='ocrx_word' id='word_1_592' title='bbox 2240 3867 2300 3922; x_wconf 80' lang='grc' dir='ltr'>ἐκ</span> <span class='ocrx_word' id='word_1_593' title='bbox 2327 3871 2422 3922; x_wconf 78' lang='grc' dir='ltr'><strong>τοῦ</strong></span> <span class='ocrx_word' id='word_1_594' title='bbox 2454 3868 2606 3938; x_wconf 79' lang='grc' dir='ltr'><strong>Υἱοῦ,</strong></span> <span class='ocrx_word' id='word_1_595' title='bbox 2642 3865 2788 3924; x_wconf 82' lang='grc' dir='ltr'>ἂλλᾶ</span> <span class='ocrx_word' id='word_1_596' title='bbox 2822 3869 2947 3943; x_wconf 80' lang='grc' dir='ltr'>μίαν</span> <span class='ocrx_word' id='word_1_597' title='bbox 2977 3871 3067 3925; x_wconf 81' lang='grc' dir='ltr'>καὶ</span> <span class='ocrx_word' id='word_1_598' title='bbox 3096 3867 3196 3940; x_wconf 68' lang='grc' dir='ltr'><strong>τήν</strong></span> <span class='ocrx_word' id='word_1_599' title='bbox 3251 3870 3419 3940; x_wconf 74' lang='grc' dir='ltr'>αὐτήν</span> <span class='ocrx_word' id='word_1_600' title='bbox 3477 3873 3566 3926; x_wconf 77' lang='grc' dir='ltr'><strong>καὶ</strong></span> <span class='ocrx_word' id='word_1_601' title='bbox 3616 3872 3818 3942; x_wconf 75' lang='grc' dir='ltr'>ἁπλῆν</span> 
     </span>
    </p>
   </div>
   <div class='ocr_carea' id='block_1_76' title="bbox 396 3951 2056 4035">
    <p class='ocr_par' dir='ltr' id='par_1_76' title="bbox 396 3951 2042 4022">
     <span class='ocr_line' id='line_1_76' title="bbox 396 3951 2042 4022; baseline 0.002 -16"><span class='ocrx_word' id='word_1_602' title='bbox 396 3957 574 4022; x_wconf 88' lang='lat' dir='ltr'><strong>atque</strong></span> <span class='ocrx_word' id='word_1_603' title='bbox 598 3967 666 4005; x_wconf 85' lang='lat' dir='ltr'><strong>ex</strong></span> <span class='ocrx_word' id='word_1_604' title='bbox 688 3951 854 4020; x_wconf 92' lang='lat' dir='ltr'><strong>Filio,</strong></span> <span class='ocrx_word' id='word_1_605' title='bbox 889 3959 1172 4022; x_wconf 90' lang='lat' dir='ltr'><strong>tanquam</strong></span> <span class='ocrx_word' id='word_1_606' title='bbox 1205 3952 1378 4007; x_wconf 88' lang='lat' dir='ltr'><strong>Patre</strong></span> <span class='ocrx_word' id='word_1_607' title='bbox 1411 3969 1518 4022; x_wconf 91' lang='lat' dir='ltr'><strong>per</strong></span> <span class='ocrx_word' id='word_1_608' title='bbox 1543 3951 1805 4008; x_wconf 88' lang='lat' dir='ltr'><strong>medium</strong></span> <span class='ocrx_word' id='word_1_609' title='bbox 1828 3953 2042 4010; x_wconf 87' lang='lat' dir='ltr'><strong>Filium</strong></span> 
     </span>
    </p>
   </div>
   <div class='ocr_carea' id='block_1_77' title="bbox 2172 3951 3815 4035">
    <p class='ocr_par' dir='ltr' id='par_1_77' title="bbox 2172 3957 3815 4035">
     <span class='ocr_line' id='line_1_77' title="bbox 2172 3957 3815 4035; baseline 0.005 -27"><span class='ocrx_word' id='word_1_610' title='bbox 2172 3977 2211 4010; x_wconf 74' lang='grc' dir='ltr'><strong>,κ</strong></span> <span class='ocrx_word' id='word_1_611' title='bbox 2234 3961 2332 4012; x_wconf 76' lang='grc' dir='ltr'><strong>τοῦ</strong></span> <span class='ocrx_word' id='word_1_612' title='bbox 2375 3958 2584 4033; x_wconf 78' lang='grc' dir='ltr'>Ιιατρὸς</span> <span class='ocrx_word' id='word_1_613' title='bbox 2625 3957 2716 4012; x_wconf 83' lang='grc' dir='ltr'>καί</span> <span class='ocrx_word' id='word_1_614' title='bbox 2748 3958 2808 4014; x_wconf 82' lang='grc' dir='ltr'><strong>ἐκ</strong></span> <span class='ocrx_word' id='word_1_615' title='bbox 2851 3962 2949 4014; x_wconf 74' lang='grc' dir='ltr'><strong>τοῦ</strong></span> <span class='ocrx_word' id='word_1_616' title='bbox 2969 3960 3118 4028; x_wconf 75' lang='grc' dir='ltr'><strong>Υἱοῦ,</strong></span> <span class='ocrx_word' id='word_1_617' title='bbox 3153 3960 3226 4022; x_wconf 85' lang='grc' dir='ltr'><strong>ὡς</strong></span> <span class='ocrx_word' id='word_1_618' title='bbox 3287 3963 3386 4015; x_wconf 81' lang='grc' dir='ltr'><strong>τοῦ</strong></span> <span class='ocrx_word' id='word_1_619' title='bbox 3443 3959 3652 4035; x_wconf 65' lang='lat' dir='ltr'><strong>Harpe;</strong></span> <span class='ocrx_word' id='word_1_620' title='bbox 3707 3957 3815 4016; x_wconf 77' lang='grc' dir='ltr'><strong>διὰ</strong></span> 
     </span>
    </p>
   </div>
   <div class='ocr_carea' id='block_1_78' title="bbox 399 4040 2056 4122">
    <p class='ocr_par' dir='ltr' id='par_1_78' title="bbox 399 4040 2041 4112">
     <span class='ocr_line' id='line_1_78' title="bbox 399 4040 2041 4112; baseline 0.003 -18"><span class='ocrx_word' id='word_1_621' title='bbox 399 4040 662 4112; x_wconf 84' lang='lat' dir='ltr'><strong>spirante</strong></span> <span class='ocrx_word' id='word_1_622' title='bbox 677 4040 1070 4112; x_wconf 86' lang='lat' dir='ltr'><strong>Spiritum.Ex</strong></span> <span class='ocrx_word' id='word_1_623' title='bbox 1103 4043 1273 4095; x_wconf 87' lang='lat' dir='ltr'><strong>Patre</strong></span> <span class='ocrx_word' id='word_1_624' title='bbox 1305 4040 1464 4095; x_wconf 90' lang='lat' dir='ltr'><strong>enim</strong></span> <span class='ocrx_word' id='word_1_625' title='bbox 1491 4041 1764 4110; x_wconf 87' lang='lat' dir='ltr'><strong>Filius,et</strong></span> <span class='ocrx_word' id='word_1_626' title='bbox 1795 4060 1864 4098; x_wconf 85' lang='lat' dir='ltr'><strong>ex</strong></span> <span class='ocrx_word' id='word_1_627' title='bbox 1895 4043 2041 4099; x_wconf 87' lang='lat' dir='ltr'><strong>Filio</strong></span> 
     </span>
    </p>
   </div>
   <div class='ocr_carea' id='block_1_79' title="bbox 2172 4040 3812 4122">
    <p class='ocr_par' dir='ltr' id='par_1_79' title="bbox 2172 4042 3812 4122">
     <span class='ocr_line' id='line_1_79' title="bbox 2172 4042 3812 4122; baseline 0.004 -24"><span class='ocrx_word' id='word_1_628' title='bbox 2172 4050 2246 4101; x_wconf 85' lang='lat'><strong>:06</strong></span> <span class='ocrx_word' id='word_1_629' title='bbox 2277 4047 2426 4116; x_wconf 63' lang='lat' dir='ltr'><strong>l‘io‘i,</strong></span> <span class='ocrx_word' id='word_1_630' title='bbox 2454 4047 2621 4119; x_wconf 82' lang='grc' dir='ltr'>μέσου</span> <span class='ocrx_word' id='word_1_631' title='bbox 2651 4042 3116 4122; x_wconf 73' lang='grc' dir='ltr'>προϐαλλομένου</span> <span class='ocrx_word' id='word_1_632' title='bbox 3173 4047 3235 4103; x_wconf 76' lang='grc' dir='ltr'>τὰ</span> <span class='ocrx_word' id='word_1_633' title='bbox 3295 4050 3535 4121; x_wconf 70' lang='grc' dir='ltr'><strong>Ηνεῦμα*</strong></span> <span class='ocrx_word' id='word_1_634' title='bbox 3577 4047 3640 4104; x_wconf 82' lang='grc' dir='ltr'>ἐκ</span> <span class='ocrx_word' id='word_1_635' title='bbox 3695 4054 3812 4104; x_wconf 75' lang='grc' dir='ltr'><strong>τοῦ</strong></span> 
     </span>
    </p>
   </div>
   <div class='ocr_carea' id='block_1_80' title="bbox 398 4128 2056 4211">
    <p class='ocr_par' dir='ltr' id='par_1_80' title="bbox 398 4128 2045 4204">
     <span class='ocr_line' id='line_1_80' title="bbox 398 4128 2045 4204; baseline 0.002 -20"><span class='ocrx_word' id='word_1_636' title='bbox 398 4128 672 4201; x_wconf 86' lang='lat' dir='ltr'><strong>Spiritus,</strong></span> <span class='ocrx_word' id='word_1_637' title='bbox 704 4129 956 4200; x_wconf 88' lang='lat' dir='ltr'><strong>ideoque</strong></span> <span class='ocrx_word' id='word_1_638' title='bbox 1002 4135 1060 4184; x_wconf 88' lang='lat' dir='ltr'><strong>et</strong></span> <span class='ocrx_word' id='word_1_639' title='bbox 1091 4145 1162 4184; x_wconf 83' lang='lat' dir='ltr'><strong>ex</strong></span> <span class='ocrx_word' id='word_1_640' title='bbox 1195 4133 1388 4195; x_wconf 88' lang='lat' dir='ltr'><strong>Patre,</strong></span> <span class='ocrx_word' id='word_1_641' title='bbox 1424 4129 1506 4184; x_wconf 91' lang='lat' dir='ltr'><strong>ita</strong></span> <span class='ocrx_word' id='word_1_642' title='bbox 1536 4137 1602 4185; x_wconf 89' lang='lat' dir='ltr'><strong>ut</strong></span> <span class='ocrx_word' id='word_1_643' title='bbox 1651 4131 1856 4186; x_wconf 89' lang='lat' dir='ltr'><strong>eadem</strong></span> <span class='ocrx_word' id='word_1_644' title='bbox 1907 4150 2045 4204; x_wconf 88' lang='lat' dir='ltr'><strong>pro-</strong></span> 
     </span>
    </p>
   </div>
   <div class='ocr_carea' id='block_1_81' title="bbox 2172 4128 3812 4211">
    <p class='ocr_par' dir='ltr' id='par_1_81' title="bbox 2175 4133 3812 4211">
     <span class='ocr_line' id='line_1_81' title="bbox 2175 4133 3812 4211; baseline 0.001 -19"><span class='ocrx_word' id='word_1_645' title='bbox 2175 4133 2361 4208; x_wconf 83' lang='grc' dir='ltr'>Ιατρὸς</span> <span class='ocrx_word' id='word_1_646' title='bbox 2390 4135 2491 4209; x_wconf 79' lang='grc' dir='ltr'><strong>γὰρ</strong></span> <span class='ocrx_word' id='word_1_647' title='bbox 2523 4136 2551 4190; x_wconf 85' lang='grc' dir='ltr'><strong>ὁ</strong></span> <span class='ocrx_word' id='word_1_648' title='bbox 2581 4136 2728 4206; x_wconf 75' lang='grc' dir='ltr'><strong>Υἱὸς,</strong></span> <span class='ocrx_word' id='word_1_649' title='bbox 2769 4134 2829 4190; x_wconf 79' lang='grc' dir='ltr'><strong>ἐκ</strong></span> <span class='ocrx_word' id='word_1_650' title='bbox 2871 4140 2968 4190; x_wconf 78' lang='grc' dir='ltr'><strong>τοῦ</strong></span> <span class='ocrx_word' id='word_1_651' title='bbox 3011 4137 3141 4191; x_wconf 71' lang='grc' dir='ltr'>Υἱοῦ</span> <span class='ocrx_word' id='word_1_652' title='bbox 3189 4134 3246 4192; x_wconf 76' lang='grc' dir='ltr'><strong>δὲ</strong></span> <span class='ocrx_word' id='word_1_653' title='bbox 3291 4137 3353 4192; x_wconf 84' lang='grc' dir='ltr'>τὸ</span> <span class='ocrx_word' id='word_1_654' title='bbox 3411 4139 3649 4211; x_wconf 73' lang='grc' dir='ltr'>Ηνεῦμα,</span> <span class='ocrx_word' id='word_1_655' title='bbox 3711 4135 3812 4194; x_wconf 74' lang='grc' dir='ltr'>διὸ</span> 
     </span>
    </p>
   </div>
   <div class='ocr_carea' id='block_1_82' title="bbox 393 4215 2056 4302">
    <p class='ocr_par' dir='ltr' id='par_1_82' title="bbox 393 4215 2042 4286">
     <span class='ocr_line' id='line_1_82' title="bbox 393 4215 2042 4286; baseline 0.003 -16"><span class='ocrx_word' id='word_1_656' title='bbox 393 4215 581 4272; x_wconf 89' lang='lat' dir='ltr'><strong>cessio</strong></span> <span class='ocrx_word' id='word_1_657' title='bbox 636 4215 977 4271; x_wconf 88' lang='lat' dir='ltr'><strong>immediate</strong></span> <span class='ocrx_word' id='word_1_658' title='bbox 1045 4216 1284 4286; x_wconf 89' lang='lat' dir='ltr'><strong>quidem</strong></span> <span class='ocrx_word' id='word_1_659' title='bbox 1345 4215 1420 4271; x_wconf 89' lang='lat' dir='ltr'><strong>sit</strong></span> <span class='ocrx_word' id='word_1_660' title='bbox 1465 4233 1537 4271; x_wconf 85' lang='lat' dir='ltr'><strong>ex</strong></span> <span class='ocrx_word' id='word_1_661' title='bbox 1581 4217 1751 4284; x_wconf 90' lang='lat' dir='ltr'><strong>Filio,</strong></span> <span class='ocrx_word' id='word_1_662' title='bbox 1784 4219 2042 4275; x_wconf 86' lang='lat' dir='ltr'><strong>mediate</strong></span> 
     </span>
    </p>
   </div>
   <div class='ocr_carea' id='block_1_83' title="bbox 2172 4215 3808 4302">
    <p class='ocr_par' dir='ltr' id='par_1_83' title="bbox 2172 4223 3808 4302">
     <span class='ocr_line' id='line_1_83' title="bbox 2172 4223 3808 4302; baseline 0.002 -24"><span class='ocrx_word' id='word_1_663' title='bbox 2172 4223 2322 4279; x_wconf 77' lang='grc' dir='ltr'><strong>ιαῖἔκ</strong></span> <span class='ocrx_word' id='word_1_664' title='bbox 2347 4227 2447 4278; x_wconf 79' lang='grc' dir='ltr'><strong>τοῦ</strong></span> <span class='ocrx_word' id='word_1_665' title='bbox 2499 4224 2732 4298; x_wconf 82' lang='grc' dir='ltr'>Ηατρὸς,</span> <span class='ocrx_word' id='word_1_666' title='bbox 2791 4225 2867 4288; x_wconf 86' lang='grc' dir='ltr'><strong>ὡς</strong></span> <span class='ocrx_word' id='word_1_667' title='bbox 2922 4225 3059 4280; x_wconf 78' lang='grc' dir='ltr'>εἶναι</span> <span class='ocrx_word' id='word_1_668' title='bbox 3107 4227 3207 4296; x_wconf 77' lang='grc' dir='ltr'><strong>τήν</strong></span> <span class='ocrx_word' id='word_1_669' title='bbox 3250 4225 3414 4296; x_wconf 67' lang='grc' dir='ltr'>αὐτ-ἧν</span> <span class='ocrx_word' id='word_1_670' title='bbox 3475 4224 3808 4302; x_wconf 74' lang='grc' dir='ltr'>ἓκπόρευσιν</span> 
     </span>
    </p>
   </div>
   <div class='ocr_carea' id='block_1_84' title="bbox 392 4306 2056 4408">
    <p class='ocr_par' dir='ltr' id='par_1_84' title="bbox 392 4306 2042 4380">
     <span class='ocr_line' id='line_1_84' title="bbox 392 4306 2042 4380; baseline 0.004 -21"><span class='ocrx_word' id='word_1_671' title='bbox 392 4321 528 4360; x_wconf 86' lang='lat' dir='ltr'><strong>vero</strong></span> <span class='ocrx_word' id='word_1_672' title='bbox 567 4321 638 4360; x_wconf 85' lang='lat' dir='ltr'><strong>ex</strong></span> <span class='ocrx_word' id='word_1_673' title='bbox 666 4307 880 4373; x_wconf 84' lang='lat' dir='ltr'><strong>Patre;</strong></span> <span class='ocrx_word' id='word_1_674' title='bbox 932 4306 1170 4361; x_wconf 82' lang='lat' dir='ltr'><strong>mediate</strong></span> <span class='ocrx_word' id='word_1_675' title='bbox 1199 4306 1283 4378; x_wconf 83' lang='lat' dir='ltr'><strong>(p)</strong></span> <span class='ocrx_word' id='word_1_676' title='bbox 1315 4323 1450 4362; x_wconf 90' lang='lat' dir='ltr'><strong>vero</strong></span> <span class='ocrx_word' id='word_1_677' title='bbox 1490 4306 1645 4374; x_wconf 86' lang='lat' dir='ltr'><strong>dico,</strong></span> <span class='ocrx_word' id='word_1_678' title='bbox 1701 4324 1822 4364; x_wconf 89' lang='lat' dir='ltr'><strong>non</strong></span> <span class='ocrx_word' id='word_1_679' title='bbox 1872 4310 2042 4380; x_wconf 85' lang='lat' dir='ltr'><strong>quasi</strong></span> 
     </span>
    </p>
   </div>
   <div class='ocr_carea' id='block_1_85' title="bbox 2172 4306 3808 4408">
    <p class='ocr_par' dir='ltr' id='par_1_85' title="bbox 2172 4313 3808 4390">
     <span class='ocr_line' id='line_1_85' title="bbox 2172 4313 3808 4390; baseline 0.002 -21"><span class='ocrx_word' id='word_1_680' title='bbox 2172 4316 2364 4388; x_wconf 77' lang='grc' dir='ltr'>ιμὲσως</span> <span class='ocrx_word' id='word_1_681' title='bbox 2424 4317 2523 4387; x_wconf 70' lang='grc' dir='ltr'><strong>μὲν</strong></span> <span class='ocrx_word' id='word_1_682' title='bbox 2582 4313 2642 4370; x_wconf 83' lang='grc' dir='ltr'>ἐκ</span> <span class='ocrx_word' id='word_1_683' title='bbox 2697 4320 2792 4371; x_wconf 78' lang='grc' dir='ltr'><strong>τοῦ</strong></span> <span class='ocrx_word' id='word_1_684' title='bbox 2844 4316 2996 4386; x_wconf 81' lang='grc' dir='ltr'><strong>Υἱοῦ,</strong></span> <span class='ocrx_word' id='word_1_685' title='bbox 3057 4315 3310 4390; x_wconf 78' lang='grc' dir='ltr'>ἐμμέσως</span> <span class='ocrx_word' id='word_1_686' title='bbox 3367 4314 3424 4372; x_wconf 74' lang='grc' dir='ltr'><strong>δὲ</strong></span> <span class='ocrx_word' id='word_1_687' title='bbox 3453 4315 3513 4372; x_wconf 76' lang='grc' dir='ltr'><strong>ἐκ</strong></span> <span class='ocrx_word' id='word_1_688' title='bbox 3548 4319 3808 4375; x_wconf 68' lang='lat'><strong>10611::-</strong></span> 
     </span>
    </p>
   </div>
   <div class='ocr_carea' id='block_1_86' title="bbox 393 4394 2056 4482">
    <p class='ocr_par' dir='ltr' id='par_1_86' title="bbox 393 4394 2040 4469">
     <span class='ocr_line' id='line_1_86' title="bbox 393 4394 2040 4469; baseline 0.004 -21"><span class='ocrx_word' id='word_1_689' title='bbox 393 4401 627 4464; x_wconf 88' lang='lat' dir='ltr'><strong>tempus</strong></span> <span class='ocrx_word' id='word_1_690' title='bbox 657 4394 955 4464; x_wconf 85' lang='lat' dir='ltr'><strong>quoddam</strong></span> <span class='ocrx_word' id='word_1_691' title='bbox 989 4395 1064 4449; x_wconf 88' lang='lat' dir='ltr'><strong>sit</strong></span> <span class='ocrx_word' id='word_1_692' title='bbox 1121 4395 1548 4451; x_wconf 89' lang='lat' dir='ltr'><strong>intermedium</strong></span> <span class='ocrx_word' id='word_1_693' title='bbox 1609 4397 1827 4469; x_wconf 77' lang='lat' dir='ltr'><strong>{neque</strong></span> <span class='ocrx_word' id='word_1_694' title='bbox 1877 4399 2040 4454; x_wconf 90' lang='lat' dir='ltr'><strong>enim</strong></span> 
     </span>
    </p>
   </div>
   <div class='ocr_carea' id='block_1_87' title="bbox 2172 4394 3818 4482">
    <p class='ocr_par' dir='ltr' id='par_1_87' title="bbox 2172 4401 3818 4482">
     <span class='ocr_line' id='line_1_87' title="bbox 2172 4401 3818 4482; baseline 0.004 -26"><span class='ocrx_word' id='word_1_695' title='bbox 2172 4403 2297 4480; x_wconf 73' lang='grc' dir='ltr'>τρόςο</span> <span class='ocrx_word' id='word_1_696' title='bbox 2329 4403 2620 4477; x_wconf 75' lang='grc' dir='ltr'><strong>Ἑμμέσως</strong></span> <span class='ocrx_word' id='word_1_697' title='bbox 2655 4401 2712 4459; x_wconf 71' lang='grc' dir='ltr'><strong>δὲ</strong></span> <span class='ocrx_word' id='word_1_698' title='bbox 2742 4425 2909 4482; x_wconf 74' lang='grc' dir='ltr'>φημι,</span> <span class='ocrx_word' id='word_1_699' title='bbox 2961 4403 3070 4480; x_wconf 78' lang='grc' dir='ltr'><strong>οὐχ</strong></span> <span class='ocrx_word' id='word_1_700' title='bbox 3117 4405 3192 4468; x_wconf 84' lang='grc' dir='ltr'>ὡς</span> <span class='ocrx_word' id='word_1_701' title='bbox 3253 4405 3452 4482; x_wconf 81' lang='grc' dir='ltr'>χρόνου</span> <span class='ocrx_word' id='word_1_702' title='bbox 3509 4406 3656 4467; x_wconf 85' lang='grc' dir='ltr'>τινὸς</span> <span class='ocrx_word' id='word_1_703' title='bbox 3703 4427 3818 4479; x_wconf 77' lang='grc' dir='ltr'><strong>με-</strong></span> 
     </span>
    </p>
   </div>
   <div class='ocr_carea' id='block_1_88' title="bbox 390 4484 2056 4570">
    <p class='ocr_par' dir='ltr' id='par_1_88' title="bbox 390 4484 2040 4560">
     <span class='ocr_line' id='line_1_88' title="bbox 390 4484 2040 4560; baseline 0.004 -22"><span class='ocrx_word' id='word_1_704' title='bbox 390 4485 569 4538; x_wconf 87' lang='lat' dir='ltr'><strong>Pater</strong></span> <span class='ocrx_word' id='word_1_705' title='bbox 597 4484 761 4554; x_wconf 90' lang='lat' dir='ltr'><strong>prius</strong></span> <span class='ocrx_word' id='word_1_706' title='bbox 773 4490 1018 4556; x_wconf 81' lang='lat' dir='ltr'><strong>generat</strong></span> <span class='ocrx_word' id='word_1_707' title='bbox 1038 4485 1272 4548; x_wconf 72' lang='lat' dir='ltr'><strong>Filium.</strong></span> <span class='ocrx_word' id='word_1_708' title='bbox 1306 4492 1513 4558; x_wconf 87' lang='lat' dir='ltr'><strong>postea</strong></span> <span class='ocrx_word' id='word_1_709' title='bbox 1541 4503 1677 4542; x_wconf 86' lang='lat' dir='ltr'><strong>vero</strong></span> <span class='ocrx_word' id='word_1_710' title='bbox 1701 4504 1807 4560; x_wconf 92' lang='lat' dir='ltr'><strong>per</strong></span> <span class='ocrx_word' id='word_1_711' title='bbox 1829 4488 2040 4545; x_wconf 91' lang='lat' dir='ltr'><strong>Filium</strong></span> 
     </span>
    </p>
   </div>
   <div class='ocr_carea' id='block_1_89' title="bbox 2172 4484 3816 4570">
    <p class='ocr_par' dir='ltr' id='par_1_89' title="bbox 2172 4493 3816 4570">
     <span class='ocr_line' id='line_1_89' title="bbox 2172 4493 3816 4570; baseline 0.004 -26"><span class='ocrx_word' id='word_1_712' title='bbox 2172 4493 2456 4556; x_wconf 75' lang='grc' dir='ltr'>ιιτεύοντος</span> <span class='ocrx_word' id='word_1_713' title='bbox 2519 4493 2605 4567; x_wconf 82' lang='grc' dir='ltr'>(οὐ</span> <span class='ocrx_word' id='word_1_714' title='bbox 2685 4494 2786 4568; x_wconf 77' lang='grc' dir='ltr'>γὰρ</span> <span class='ocrx_word' id='word_1_715' title='bbox 2855 4498 3074 4568; x_wconf 81' lang='grc' dir='ltr'>πρῶτον</span> <span class='ocrx_word' id='word_1_716' title='bbox 3135 4495 3229 4566; x_wconf 74' lang='grc' dir='ltr'><strong>μὲν</strong></span> <span class='ocrx_word' id='word_1_717' title='bbox 3285 4499 3440 4570; x_wconf 82' lang='grc' dir='ltr'>γεννᾷ</span> <span class='ocrx_word' id='word_1_718' title='bbox 3494 4495 3556 4549; x_wconf 84' lang='grc' dir='ltr'>τὸ</span> <span class='ocrx_word' id='word_1_719' title='bbox 3646 4496 3816 4568; x_wconf 69' lang='grc' dir='ltr'>Υἱὸν,</span> 
     </span>
    </p>
   </div>
   <div class='ocr_carea' id='block_1_90' title="bbox 397 4571 2042 4651">
    <p class='ocr_par' dir='ltr' id='par_1_90' title="bbox 397 4571 2042 4651">
     <span class='ocr_line' id='line_1_90' title="bbox 397 4571 2042 4651; baseline 0.004 -24"><span class='ocrx_word' id='word_1_720' title='bbox 397 4571 681 4643; x_wconf 88' lang='lat' dir='ltr'><strong>Spiritum</strong></span> <span class='ocrx_word' id='word_1_721' title='bbox 715 4571 977 4643; x_wconf 89' lang='lat' dir='ltr'><strong>emittit),</strong></span> <span class='ocrx_word' id='word_1_722' title='bbox 997 4589 1196 4630; x_wconf 87' lang='lat' dir='ltr'><strong>verum</strong></span> <span class='ocrx_word' id='word_1_723' title='bbox 1223 4576 1362 4646; x_wconf 88' lang='lat' dir='ltr'><strong>quia</strong></span> <span class='ocrx_word' id='word_1_724' title='bbox 1389 4575 1602 4632; x_wconf 90' lang='lat' dir='ltr'><strong>Filium</strong></span> <span class='ocrx_word' id='word_1_725' title='bbox 1617 4579 2042 4651; x_wconf 81' lang='lat' dir='ltr'><strong>generansSpi-</strong></span> 
     </span>
    </p>
   </div>
   <div class='ocr_carea' id='block_1_91' title="bbox 2149 4577 3818 4658">
    <p class='ocr_par' dir='ltr' id='par_1_91' title="bbox 2149 4577 3818 4658">
     <span class='ocr_line' id='line_1_91' title="bbox 2149 4577 3818 4658; baseline 0.002 -20"><span class='ocrx_word' id='word_1_726' title='bbox 2149 4582 2262 4638; x_wconf 76' lang='grc' dir='ltr'>εἶτα</span> <span class='ocrx_word' id='word_1_727' title='bbox 2293 4578 2382 4637; x_wconf 80' lang='grc' dir='ltr'>διὰ</span> <span class='ocrx_word' id='word_1_728' title='bbox 2411 4585 2509 4638; x_wconf 74' lang='grc' dir='ltr'><strong>τοῦ</strong></span> <span class='ocrx_word' id='word_1_729' title='bbox 2539 4583 2668 4637; x_wconf 83' lang='grc' dir='ltr'>Υἱοῦ</span> <span class='ocrx_word' id='word_1_730' title='bbox 2697 4583 2758 4637; x_wconf 86' lang='grc' dir='ltr'>τὸ</span> <span class='ocrx_word' id='word_1_731' title='bbox 2791 4585 3010 4657; x_wconf 80' lang='grc' dir='ltr'>Πνεῦμα</span> <span class='ocrx_word' id='word_1_732' title='bbox 3046 4577 3467 4658; x_wconf 75' lang='grc' dir='ltr'>προϐάλλεται),</span> <span class='ocrx_word' id='word_1_733' title='bbox 3535 4581 3665 4638; x_wconf 73' lang='grc' dir='ltr'>ἀλλ’</span> <span class='ocrx_word' id='word_1_734' title='bbox 3717 4584 3818 4641; x_wconf 76' lang='grc' dir='ltr'><strong>ὅτι</strong></span> 
     </span>
    </p>
   </div>
   <div class='ocr_carea' id='block_1_92' title="bbox 463 4740 2751 4869">
    <p class='ocr_par' dir='ltr' id='par_1_92' title="bbox 463 4740 2751 4869">
     <span class='ocr_line' id='line_1_92' title="bbox 463 4740 2751 4869; baseline 0.004 -71"><span class='ocrx_word' id='word_1_735' title='bbox 463 4743 579 4869; x_wconf 55' lang='grc'>(25)</span> <span class='ocrx_word' id='word_1_736' title='bbox 610 4745 757 4800; x_wconf 83' lang='lat' dir='ltr'><strong>Nota</strong></span> <span class='ocrx_word' id='word_1_737' title='bbox 775 4761 976 4869; x_wconf 37' lang='lat' dir='ltr'><strong>marg:</strong></span> <span class='ocrx_word' id='word_1_738' title='bbox 1011 4744 1235 4819; x_wconf 80' lang='grc' dir='ltr'>Ἕτερον</span> <span class='ocrx_word' id='word_1_739' title='bbox 1289 4740 1606 4800; x_wconf 78' lang='grc' dir='ltr'>ἆτοπον·ὅτι</span> <span class='ocrx_word' id='word_1_740' title='bbox 1657 4745 1717 4800; x_wconf 77' lang='grc' dir='ltr'>ἐκ</span> <span class='ocrx_word' id='word_1_741' title='bbox 1772 4750 1870 4802; x_wconf 82' lang='grc' dir='ltr'>τοῦ</span> <span class='ocrx_word' id='word_1_742' title='bbox 1929 4753 2040 4803; x_wconf 86' lang='grc' dir='ltr'><strong>Ηα-</strong></span> <span class='ocrx_word' id='word_1_743' title='bbox 2144 4749 2236 4804; x_wconf 83' lang='grc' dir='ltr'>καὶ</span> <span class='ocrx_word' id='word_1_744' title='bbox 2269 4751 2536 4819; x_wconf 80' lang='grc' dir='ltr'>ἀνασκευή</span> <span class='ocrx_word' id='word_1_745' title='bbox 2567 4750 2751 4808; x_wconf 68' lang='grc' dir='ltr'>τούτο.</span> 
     </span>
     <span class='ocr_line' id='line_1_93' title="bbox 496 4813 2591 4869; baseline 0 0"><span class='ocrx_word' id='word_1_746' title='bbox 496 4831 520 4869; x_wconf 81' lang='lat' dir='ltr'><strong>c</strong></span> <span class='ocrx_word' id='word_1_747' title='bbox 547 4813 638 4869; x_wconf 75' lang='grc' dir='ltr'>καὶ</span> <span class='ocrx_word' id='word_1_748' title='bbox 668 4814 726 4869; x_wconf 81' lang='grc' dir='ltr'>ἐκ</span> <span class='ocrx_word' id='word_1_749' title='bbox 755 4815 850 4869; x_wconf 77' lang='grc' dir='ltr'>τοῦ</span> <span class='ocrx_word' id='word_1_750' title='bbox 883 4821 922 4869; x_wconf 79' lang='grc' dir='ltr'>Υ</span> <span class='ocrx_word' id='word_1_751' title='bbox 947 4820 1009 4869; x_wconf 88' lang='lat'><strong>06</strong></span> <span class='ocrx_word' id='word_1_752' title='bbox 1042 4815 1478 4869; x_wconf 73' lang='grc' dir='ltr'>ἐκπορευοιιὲνου</span> <span class='ocrx_word' id='word_1_753' title='bbox 1543 4820 1641 4869; x_wconf 77' lang='lat'><strong>1:06</strong></span> <span class='ocrx_word' id='word_1_754' title='bbox 1703 4818 2036 4869; x_wconf 75' lang='grc' dir='ltr'>Ιινεύιιατοε-</span> <span class='ocrx_word' id='word_1_755' title='bbox 2217 4824 2327 4869; x_wconf 77' lang='lat' dir='ltr'><strong>l26\</strong></span> <span class='ocrx_word' id='word_1_756' title='bbox 2361 4826 2489 4869; x_wconf 72' lang='lat' dir='ltr'><strong>Vat-</strong></span> <span class='ocrx_word' id='word_1_757' title='bbox 2526 4821 2591 4869; x_wconf 74' lang='grc' dir='ltr'>εἰ-</span> 
     </span>
    </p>
   </div>
   <div class='ocr_carea' id='block_1_93' title="bbox 496 4813 2036 4891">
    <p class='ocr_par' dir='ltr' id='par_1_93' title="bbox 496 4813 2036 4891">
     <span class='ocr_line' id='line_1_94' title="bbox 496 4813 2036 4891; baseline 0.005 -24"><span class='ocrx_word' id='word_1_758' title='bbox 496 4831 520 4876; x_wconf 91' lang='grc' dir='ltr'><strong>ς</strong></span> <span class='ocrx_word' id='word_1_759' title='bbox 547 4813 638 4891; x_wconf 50' lang='grc' dir='ltr'><strong>παὶ</strong></span> <span class='ocrx_word' id='word_1_760' title='bbox 668 4814 850 4891; x_wconf 37' lang='grc' dir='ltr'>ἐτι-τοᾲῦ</span> <span class='ocrx_word' id='word_1_761' title='bbox 883 4813 1009 4891; x_wconf 55' lang='grc' dir='ltr'>Υἷοῦ</span> <span class='ocrx_word' id='word_1_762' title='bbox 1042 4813 1487 4891; x_wconf 24' lang='grc' dir='ltr'>ἐκπορευομένου,</span> <span class='ocrx_word' id='word_1_763' title='bbox 1543 4820 1641 4871; x_wconf 76' lang='grc' dir='ltr'><strong>τοῦ</strong></span> <span class='ocrx_word' id='word_1_764' title='bbox 1703 4818 2036 4891; x_wconf 53' lang='lat' dir='ltr'><strong>[ivstitia-rec,</strong></span> 
     </span>
    </p>
   </div>
   <div class='ocr_carea' id='block_1_94' title="bbox 385 4883 2033 4967">
    <p class='ocr_par' dir='ltr' id='par_1_94' title="bbox 385 4883 2033 4967">
     <span class='ocr_line' id='line_1_95' title="bbox 385 4883 2033 4967; baseline 0.004 -26"><span class='ocrx_word' id='word_1_765' title='bbox 385 4883 657 4956; x_wconf 71' lang='grc' dir='ltr'>ἤάτελὴς</span> <span class='ocrx_word' id='word_1_766' title='bbox 715 4889 750 4958; x_wconf 75' lang='grc' dir='ltr'>ἡ</span> <span class='ocrx_word' id='word_1_767' title='bbox 810 4888 1129 4963; x_wconf 79' lang='grc' dir='ltr'>ἐκπόρευσις</span> <span class='ocrx_word' id='word_1_768' title='bbox 1178 4883 1402 4962; x_wconf 73' lang='grc' dir='ltr'>ἑκατέρα</span> <span class='ocrx_word' id='word_1_769' title='bbox 1457 4889 1493 4956; x_wconf 73' lang='grc' dir='ltr'><strong>ἢ</strong></span> <span class='ocrx_word' id='word_1_770' title='bbox 1527 4889 1756 4964; x_wconf 85' lang='grc' dir='ltr'>περιττή</span> <span class='ocrx_word' id='word_1_771' title='bbox 1789 4883 2033 4967; x_wconf 58' lang='grc' dir='ltr'>ἠῖτέραί</span> 
     </span>
    </p>
   </div>
   <div class='ocr_carea' id='block_1_95' title="bbox 2217 4821 2594 4897">
    <p class='ocr_par' dir='ltr' id='par_1_95' title="bbox 2217 4821 2594 4897">
     <span class='ocr_line' id='line_1_96' title="bbox 2217 4821 2594 4897; baseline 0.011 -21"><span class='ocrx_word' id='word_1_772' title='bbox 2217 4824 2327 4897; x_wconf 80' lang='grc'>(26)</span> <span class='ocrx_word' id='word_1_773' title='bbox 2361 4826 2490 4882; x_wconf 81' lang='lat' dir='ltr'><strong>Vat.</strong></span> <span class='ocrx_word' id='word_1_774' title='bbox 2526 4821 2594 4880; x_wconf 80' lang='grc' dir='ltr'>εἰ.</span> 
     </span>
    </p>
   </div>
   <div class='ocr_carea' id='block_1_96' title="bbox 456 5066 3818 5156">
    <p class='ocr_par' dir='ltr' id='par_1_96' title="bbox 456 5066 3818 5156">
     <span class='ocr_line' id='line_1_97' title="bbox 456 5066 3818 5156; baseline 0.006 -33"><span class='ocrx_word' id='word_1_775' title='bbox 456 5069 530 5156; x_wconf 81' lang='lat' dir='ltr'><strong>(o)</strong></span> <span class='ocrx_word' id='word_1_776' title='bbox 588 5069 736 5156; x_wconf 48' lang='lat' dir='ltr'><strong>Picta</strong></span> <span class='ocrx_word' id='word_1_777' title='bbox 782 5067 1194 5156; x_wconf 35' lang='lat' dir='ltr'><strong>marginalis‘i</strong></span> <span class='ocrx_word' id='word_1_778' title='bbox 1236 5066 1782 5156; x_wconf 10' lang='lat' dir='ltr'><strong>aliud‘rrabsurdtlm</strong></span> <span class='ocrx_word' id='word_1_779' title='bbox 1815 5082 1830 5123; x_wconf 69' lang='grc' dir='ltr'>ἒ</span> <span class='ocrx_word' id='word_1_780' title='bbox 1867 5071 1923 5156; x_wconf 59' lang='grc' dir='ltr'><strong>ξί</strong></span> <span class='ocrx_word' id='word_1_781' title='bbox 1965 5089 2036 5156; x_wconf 78' lang='lat' dir='ltr'><strong>ex</strong></span> <span class='ocrx_word' id='word_1_782' title='bbox 2143 5094 2314 5134; x_wconf 89' lang='lat' dir='ltr'><strong>voces</strong></span> <span class='ocrx_word' id='word_1_783' title='bbox 2343 5079 2591 5135; x_wconf 79' lang='lat' dir='ltr'><strong>mediate</strong></span> <span class='ocrx_word' id='word_1_784' title='bbox 2619 5088 2673 5137; x_wconf 80' lang='lat' dir='ltr'><strong>et</strong></span> <span class='ocrx_word' id='word_1_785' title='bbox 2702 5084 3034 5156; x_wconf 76' lang='lat' dir='ltr'><strong>immediate,</strong></span> <span class='ocrx_word' id='word_1_786' title='bbox 3068 5089 3244 5156; x_wconf 89' lang='lat' dir='ltr'><strong>prout</strong></span> <span class='ocrx_word' id='word_1_787' title='bbox 3299 5084 3361 5140; x_wconf 88' lang='lat' dir='ltr'><strong>in</strong></span> <span class='ocrx_word' id='word_1_788' title='bbox 3391 5084 3504 5141; x_wconf 87' lang='lat' dir='ltr'><strong>hac</strong></span> <span class='ocrx_word' id='word_1_789' title='bbox 3537 5069 3818 5144; x_wconf 76' lang='lat' dir='ltr'><strong>materia</strong></span> 
     </span>
    </p>
   </div>
   <div class='ocr_carea' id='block_1_97' title="bbox 387 5137 3818 5227">
    <p class='ocr_par' dir='ltr' id='par_1_97' title="bbox 387 5137 3818 5227">
     <span class='ocr_line' id='line_1_98' title="bbox 387 5137 3818 5227; baseline 0.007 -36"><span class='ocrx_word' id='word_1_790' title='bbox 387 5137 563 5227; x_wconf 75' lang='lat' dir='ltr'><strong>Patre</strong></span> <span class='ocrx_word' id='word_1_791' title='bbox 617 5142 886 5213; x_wconf 86' lang='lat' dir='ltr'><strong>Filioque</strong></span> <span class='ocrx_word' id='word_1_792' title='bbox 917 5137 1202 5227; x_wconf 52' lang='lat' dir='ltr'><strong>:proc‘edit</strong></span> <span class='ocrx_word' id='word_1_793' title='bbox 1242 5139 1528 5227; x_wconf 42' lang='lat' dir='ltr'><strong>Spniritus&#39;.‘</strong></span> <span class='ocrx_word' id='word_1_794' title='bbox 1551 5137 1639 5227; x_wconf 84' lang='lat' dir='ltr'><strong>vel</strong></span> <span class='ocrx_word' id='word_1_795' title='bbox 1689 5139 2036 5227; x_wconf 62' lang='lat' dir='ltr'><strong>imperfecta</strong></span> <span class='ocrx_word' id='word_1_796' title='bbox 2144 5156 2530 5227; x_wconf 71' lang='lat' dir='ltr'><strong>usurpantur,</strong></span> <span class='ocrx_word' id='word_1_797' title='bbox 2555 5168 2677 5208; x_wconf 91' lang='lat' dir='ltr'><strong>non</strong></span> <span class='ocrx_word' id='word_1_798' title='bbox 2707 5137 3240 5227; x_wconf 47' lang='lat' dir='ltr'><strong>recié‘éiﬁiaiishil</strong></span> <span class='ocrx_word' id='word_1_799' title='bbox 3287 5137 3818 5214; x_wconf 60' lang='grc' dir='ltr'><strong>Νὖιῖἷηῖιίἷῖᾱὲὂ</strong></span> 
     </span>
    </p>
   </div>
   <div class='ocr_carea' id='block_1_98' title="bbox 389 5209 2038 5285">
    <p class='ocr_par' dir='ltr' id='par_1_98' title="bbox 389 5209 2038 5285">
     <span class='ocr_line' id='line_1_99' title="bbox 389 5209 2038 5285; baseline 0.005 -21"><span class='ocrx_word' id='word_1_800' title='bbox 389 5217 638 5285; x_wconf 76' lang='lat' dir='ltr'><strong>utraque</strong></span> <span class='ocrx_word' id='word_1_801' title='bbox 663 5209 969 5285; x_wconf 75' lang='lat' dir='ltr'><strong>processio</strong></span> <span class='ocrx_word' id='word_1_802' title='bbox 1001 5211 1088 5266; x_wconf 90' lang='lat' dir='ltr'><strong>vel</strong></span> <span class='ocrx_word' id='word_1_803' title='bbox 1120 5210 1422 5285; x_wconf 81' lang='lat' dir='ltr'><strong>superflua</strong></span> <span class='ocrx_word' id='word_1_804' title='bbox 1451 5209 1654 5285; x_wconf 83' lang='lat' dir='ltr'><strong>altera.</strong></span> <span class='ocrx_word' id='word_1_805' title='bbox 1692 5211 1760 5264; x_wconf 90' lang='lat' dir='ltr'><strong>Et</strong></span> <span class='ocrx_word' id='word_1_806' title='bbox 1778 5209 1910 5284; x_wconf 79' lang='lat' dir='ltr'><strong>ejus</strong></span> <span class='ocrx_word' id='word_1_807' title='bbox 1939 5216 2038 5272; x_wconf 88' lang='lat' dir='ltr'><strong>ab-</strong></span> 
     </span>
    </p>
   </div>
   <div class='ocr_carea' id='block_1_99' title="bbox 391 5281 2033 5354">
    <p class='ocr_par' dir='ltr' id='par_1_99' title="bbox 391 5281 2033 5354">
     <span class='ocr_line' id='line_1_100' title="bbox 391 5281 2033 5354; baseline 0.005 -18"><span class='ocrx_word' id='word_1_808' title='bbox 391 5281 557 5336; x_wconf 84' lang='lat' dir='ltr'><strong>surdi</strong></span> <span class='ocrx_word' id='word_1_809' title='bbox 584 5281 881 5354; x_wconf 74' lang='lat' dir='ltr'><strong>refutatio.</strong></span> <span class='ocrx_word' id='word_1_810' title='bbox 918 5285 1036 5338; x_wconf 85' lang='lat' dir='ltr'><strong>Hoc</strong></span> <span class='ocrx_word' id='word_1_811' title='bbox 1067 5281 1343 5354; x_wconf 84' lang='lat' dir='ltr'><strong>quartum</strong></span> <span class='ocrx_word' id='word_1_812' title='bbox 1376 5281 1559 5354; x_wconf 60' lang='lat' dir='ltr'><strong>Graeci</strong></span> <span class='ocrx_word' id='word_1_813' title='bbox 1617 5281 2033 5354; x_wconf 79' lang='lat' dir='ltr'><strong>argumentum</strong></span> 
     </span>
    </p>
   </div>
   <div class='ocr_carea' id='block_1_100' title="bbox 388 5353 2030 5428">
    <p class='ocr_par' dir='ltr' id='par_1_100' title="bbox 388 5353 2030 5428">
     <span class='ocr_line' id='line_1_101' title="bbox 388 5353 2030 5428; baseline 0.007 -24"><span class='ocrx_word' id='word_1_814' title='bbox 388 5353 712 5428; x_wconf 83' lang='lat' dir='ltr'><strong>respondet</strong></span> <span class='ocrx_word' id='word_1_815' title='bbox 740 5372 810 5409; x_wconf 83' lang='lat' dir='ltr'><strong>ex</strong></span> <span class='ocrx_word' id='word_1_816' title='bbox 839 5360 1008 5426; x_wconf 86' lang='lat' dir='ltr'><strong>parte</strong></span> <span class='ocrx_word' id='word_1_817' title='bbox 1039 5353 1254 5428; x_wconf 10' lang='lat' dir='ltr'><strong>Pihotii,</strong></span> <span class='ocrx_word' id='word_1_818' title='bbox 1271 5357 1346 5410; x_wconf 86' lang='lat' dir='ltr'><strong>De</strong></span> <span class='ocrx_word' id='word_1_819' title='bbox 1384 5353 1582 5418; x_wconf 71' lang='lat' dir='ltr'><strong>Spirit.</strong></span> <span class='ocrx_word' id='word_1_820' title='bbox 1613 5353 1782 5410; x_wconf 70' lang='lat' dir='ltr'><strong>sanet.</strong></span> <span class='ocrx_word' id='word_1_821' title='bbox 1818 5366 2030 5428; x_wconf 84' lang='lat' dir='ltr'><strong>mysta-</strong></span> 
     </span>
    </p>
   </div>
   <div class='ocr_carea' id='block_1_101' title="bbox 386 5423 2028 5501">
    <p class='ocr_par' dir='ltr' id='par_1_101' title="bbox 386 5423 2028 5501">
     <span class='ocr_line' id='line_1_102' title="bbox 386 5423 2028 5501; baseline 0.008 -27"><span class='ocrx_word' id='word_1_822' title='bbox 386 5423 574 5501; x_wconf 26' lang='lat' dir='ltr'><strong>rgogiq.</strong></span> <span class='ocrx_word' id='word_1_823' title='bbox 617 5439 744 5501; x_wconf 78' lang='lat' dir='ltr'><strong>cap.</strong></span> <span class='ocrx_word' id='word_1_824' title='bbox 782 5423 860 5501; x_wconf 36' lang='grc' dir='ltr'>,π</span> <span class='ocrx_word' id='word_1_825' title='bbox 913 5431 971 5501; x_wconf 75' lang='lat' dir='ltr'><strong>et</strong></span> <span class='ocrx_word' id='word_1_826' title='bbox 1027 5426 1699 5501; x_wconf 78' lang='lat' dir='ltr'><strong>Nicolai__Methonensis</strong></span> <span class='ocrx_word' id='word_1_827' title='bbox 1731 5423 1908 5500; x_wconf 77' lang='lat' dir='ltr'><strong>capiti</strong></span> <span class='ocrx_word' id='word_1_828' title='bbox 1940 5434 2028 5501; x_wconf 81' lang='grc'><strong>11,</strong></span> 
     </span>
    </p>
   </div>
   <div class='ocr_carea' id='block_1_102' title="bbox 2147 5222 3826 5299">
    <p class='ocr_par' dir='ltr' id='par_1_102' title="bbox 2147 5222 3826 5299">
     <span class='ocr_line' id='line_1_103' title="bbox 2147 5222 3826 5299; baseline 0.005 -23"><span class='ocrx_word' id='word_1_829' title='bbox 2147 5222 2337 5299; x_wconf 71' lang='lat' dir='ltr'><strong>solum</strong></span> <span class='ocrx_word' id='word_1_830' title='bbox 2369 5223 2637 5299; x_wconf 78' lang='lat' dir='ltr'><strong>Spiritus</strong></span> <span class='ocrx_word' id='word_1_831' title='bbox 2653 5241 2721 5279; x_wconf 88' lang='lat' dir='ltr'><strong>ex</strong></span> <span class='ocrx_word' id='word_1_832' title='bbox 2753 5227 2924 5282; x_wconf 83' lang='lat' dir='ltr'><strong>Patre</strong></span> <span class='ocrx_word' id='word_1_833' title='bbox 2943 5222 3114 5299; x_wconf 24' lang='lat' dir='ltr'><strong>.Aquia</strong></span> <span class='ocrx_word' id='word_1_834' title='bbox 3149 5233 3238 5282; x_wconf 87' lang='lat' dir='ltr'><strong>est</strong></span> <span class='ocrx_word' id='word_1_835' title='bbox 3267 5243 3335 5282; x_wconf 86' lang='lat' dir='ltr'><strong>ex</strong></span> <span class='ocrx_word' id='word_1_836' title='bbox 3361 5227 3529 5293; x_wconf 88' lang='lat' dir='ltr'><strong>Filio,</strong></span> <span class='ocrx_word' id='word_1_837' title='bbox 3573 5228 3677 5299; x_wconf 89' lang='lat' dir='ltr'><strong>qui</strong></span> <span class='ocrx_word' id='word_1_838' title='bbox 3711 5237 3826 5284; x_wconf 81' lang='lat' dir='ltr'><strong>est</strong></span> 
     </span>
    </p>
   </div>
   <div class='ocr_carea' id='block_1_103' title="bbox 2145 5294 3822 5370">
    <p class='ocr_par' dir='ltr' id='par_1_103' title="bbox 2145 5294 3822 5370">
     <span class='ocr_line' id='line_1_104' title="bbox 2145 5294 3822 5370; baseline 0.006 -24"><span class='ocrx_word' id='word_1_839' title='bbox 2145 5308 2214 5370; x_wconf 77' lang='lat' dir='ltr'><strong>ex</strong></span> <span class='ocrx_word' id='word_1_840' title='bbox 2245 5294 2416 5370; x_wconf 89' lang='lat' dir='ltr'><strong>Patre</strong></span> <span class='ocrx_word' id='word_1_841' title='bbox 2442 5311 2456 5361; x_wconf 92' lang='lat'><strong>;</strong></span> <span class='ocrx_word' id='word_1_842' title='bbox 2483 5295 2641 5370; x_wconf 70' lang='lat' dir='ltr'><strong>quod</strong></span> <span class='ocrx_word' id='word_1_843' title='bbox 2672 5311 2855 5352; x_wconf 89' lang='lat' dir='ltr'><strong>unum</strong></span> <span class='ocrx_word' id='word_1_844' title='bbox 2879 5294 3055 5353; x_wconf 80' lang='lat' dir='ltr'><strong>veluti</strong></span> <span class='ocrx_word' id='word_1_845' title='bbox 3083 5299 3432 5370; x_wconf 73' lang='lat' dir='ltr'><strong>quaestionis</strong></span> <span class='ocrx_word' id='word_1_846' title='bbox 3456 5294 3822 5370; x_wconf 75' lang='lat' dir='ltr'><strong>respectum</strong></span> 
     </span>
    </p>
   </div>
   <div class='ocr_carea' id='block_1_104' title="bbox 2141 5363 3818 5442">
    <p class='ocr_par' dir='ltr' id='par_1_104' title="bbox 2141 5363 3818 5442">
     <span class='ocr_line' id='line_1_105' title="bbox 2141 5363 3818 5442; baseline 0.007 -25"><span class='ocrx_word' id='word_1_847' title='bbox 2141 5363 2729 5442; x_wconf 65' lang='lat' dir='ltr'><strong>d_u_ntaxat_e_k_hibet.</strong></span> <span class='ocrx_word' id='word_1_848' title='bbox 2767 5370 2978 5442; x_wconf 87' lang='lat' dir='ltr'><strong>Verum</strong></span> <span class='ocrx_word' id='word_1_849' title='bbox 3027 5363 3150 5425; x_wconf 80' lang='lat' dir='ltr'><strong>rem</strong></span> <span class='ocrx_word' id='word_1_850' title='bbox 3201 5371 3417 5426; x_wconf 87' lang='lat' dir='ltr'><strong>melius</strong></span> <span class='ocrx_word' id='word_1_851' title='bbox 3461 5363 3818 5442; x_wconf 80' lang='lat' dir='ltr'><strong>expositam</strong></span> 
     </span>
    </p>
   </div>
   <div class='ocr_carea' id='block_1_105' title="bbox 2137 5435 3674 5513">
    <p class='ocr_par' dir='ltr' id='par_1_105' title="bbox 2137 5435 3674 5513">
     <span class='ocr_line' id='line_1_106' title="bbox 2137 5435 3674 5513; baseline 0.006 -24"><span class='ocrx_word' id='word_1_852' title='bbox 2137 5435 2268 5490; x_wconf 91' lang='lat' dir='ltr'><strong>vide</strong></span> <span class='ocrx_word' id='word_1_853' title='bbox 2299 5435 2458 5513; x_wconf 77' lang='lat' dir='ltr'><strong>apud</strong></span> <span class='ocrx_word' id='word_1_854' title='bbox 2481 5437 2792 5506; x_wconf 89' lang='lat' dir='ltr'><strong>Thomam,</strong></span> <span class='ocrx_word' id='word_1_855' title='bbox 2823 5441 3059 5497; x_wconf 70' lang='lat' dir='ltr'><strong>Summae</strong></span> <span class='ocrx_word' id='word_1_856' title='bbox 3081 5459 3143 5513; x_wconf 89' lang='lat' dir='ltr'><strong>p.</strong></span> <span class='ocrx_word' id='word_1_857' title='bbox 3173 5458 3216 5506; x_wconf 85' lang='grc' dir='ltr'>ι,</span> <span class='ocrx_word' id='word_1_858' title='bbox 3265 5459 3326 5513; x_wconf 89' lang='lat' dir='ltr'><strong>q.</strong></span> <span class='ocrx_word' id='word_1_859' title='bbox 3367 5444 3457 5510; x_wconf 85' lang='lat'><strong>36,</strong></span> <span class='ocrx_word' id='word_1_860' title='bbox 3499 5435 3559 5498; x_wconf 69' lang='grc' dir='ltr'>αἶ</span> <span class='ocrx_word' id='word_1_861' title='bbox 3617 5442 3674 5498; x_wconf 78' lang='grc'><strong>4.</strong></span> 
     </span>
    </p>
   </div>
   <div class='ocr_carea' id='block_1_106' title="bbox 3741 5445 3830 5500">
    <p class='ocr_par' dir='ltr' id='par_1_106' title="bbox 3741 5445 3830 5500">
     <span class='ocr_line' id='line_1_107' title="bbox 3741 5445 3830 5500; baseline 0.022 -2"><span class='ocrx_word' id='word_1_862' title='bbox 3741 5445 3830 5500; x_wconf 82' lang='lat' dir='ltr'><strong>In</strong></span> 
     </span>
    </p>
   </div>
   <div class='ocr_carea' id='block_1_107' title="bbox 385 5493 3838 5586">
    <p class='ocr_par' dir='ltr' id='par_1_107' title="bbox 385 5493 3838 5586">
     <span class='ocr_line' id='line_1_108' title="bbox 385 5493 3838 5586; baseline 0.007 -39"><span class='ocrx_word' id='word_1_863' title='bbox 385 5493 725 5586; x_wconf 41' lang='lat' dir='ltr'><strong>quo-{vide</strong></span> <span class='ocrx_word' id='word_1_864' title='bbox 779 5493 854 5550; x_wconf 81' lang='lat' dir='ltr'><strong>in</strong></span> <span class='ocrx_word' id='word_1_865' title='bbox 901 5497 1386 5554; x_wconf 87' lang='lat' dir='ltr'><strong>adnotationibus</strong></span> <span class='ocrx_word' id='word_1_866' title='bbox 1449 5496 1524 5553; x_wconf 89' lang='lat' dir='ltr'><strong>ad</strong></span> <span class='ocrx_word' id='word_1_867' title='bbox 1602 5497 1759 5554; x_wconf 87' lang='lat' dir='ltr'><strong>hunc</strong></span> <span class='ocrx_word' id='word_1_868' title='bbox 1805 5493 2029 5558; x_wconf 61' lang='lat' dir='ltr'><strong>&#39;Photii</strong></span> <span class='ocrx_word' id='word_1_869' title='bbox 2138 5493 2528 5586; x_wconf 69' lang='lat' dir='ltr'><strong>sequentibus</strong></span> <span class='ocrx_word' id='word_1_870' title='bbox 2570 5493 2791 5567; x_wconf 42' lang='lat' dir='ltr'><strong>tamen,</strong></span> <span class='ocrx_word' id='word_1_871' title='bbox 2823 5493 3050 5570; x_wconf 49' lang='lat' dir='ltr'><strong>satia;</strong></span> <span class='ocrx_word' id='word_1_872' title='bbox 3081 5493 3458 5568; x_wconf 56' lang='lat' dir='ltr'><strong>Bbéier‘hisé</strong></span> <span class='ocrx_word' id='word_1_873' title='bbox 3503 5493 3838 5586; x_wconf 39' lang='lat' dir='ltr'><strong>rite-per:</strong></span> 
     </span>
    </p>
   </div>
   <div class='ocr_carea' id='block_1_108' title="bbox 387 5560 2028 5717">
    <p class='ocr_par' dir='ltr' id='par_1_108' title="bbox 387 5560 2028 5717">
     <span class='ocr_line' id='line_1_109' title="bbox 387 5560 2028 5717; baseline 0.007 -27"><span class='ocrx_word' id='word_1_874' title='bbox 387 5560 692 5708; x_wconf 53' lang='grc' dir='ltr'><strong>10ῗὲῗέωο</strong></span> <span class='ocrx_word' id='word_1_875' title='bbox 716 5652 857 5692; x_wconf 88' lang='lat' dir='ltr'><strong>sane</strong></span> <span class='ocrx_word' id='word_1_876' title='bbox 888 5654 1010 5694; x_wconf 90' lang='lat' dir='ltr'><strong>non</strong></span> <span class='ocrx_word' id='word_1_877' title='bbox 1040 5641 1182 5696; x_wconf 89' lang='lat' dir='ltr'><strong>satis</strong></span> <span class='ocrx_word' id='word_1_878' title='bbox 1207 5645 1480 5698; x_wconf 87' lang='lat' dir='ltr'><strong>accurate</strong></span> <span class='ocrx_word' id='word_1_879' title='bbox 1496 5640 1655 5696; x_wconf 84' lang='lat' dir='ltr'><strong>dicta</strong></span> <span class='ocrx_word' id='word_1_880' title='bbox 1683 5648 1823 5698; x_wconf 90' lang='lat' dir='ltr'><strong>sunt</strong></span> <span class='ocrx_word' id='word_1_881' title='bbox 1853 5649 2028 5717; x_wconf 87' lang='lat' dir='ltr'><strong>atque</strong></span> 
     </span>
    </p>
   </div>
   <div class='ocr_carea' id='block_1_109' title="bbox 2137 5582 2378 5633">
    <p class='ocr_par' dir='ltr' id='par_1_109' title="bbox 2137 5582 2378 5633">
     <span class='ocr_line' id='line_1_110' title="bbox 2137 5582 2378 5633; baseline 0 -1"><span class='ocrx_word' id='word_1_882' title='bbox 2137 5582 2378 5633; x_wconf 86' lang='lat' dir='ltr'><strong>tractat.</strong></span> 
     </span>
    </p>
   </div>
  </div>
