4034 6202
256 398 362 458 197

1248 401 1352 463 DE
1395 397 1934 466 PROCESSIONE
1975 394 2343 465 SPIRITUS
2389 403 2694 464 SANCTI.

3558 409 3675 472 198

248 535 444 606 γεννῶν
472 532 564 587 τὸν
599 532 731 588 Υἱὸν
787 531 879 590 καὶ
928 534 989 589 τὸ
1043 537 1260 609 Πνεῦμα
1308 532 1379 591 δι’
1431 536 1600 592 αὐτοῦ
1664 529 1898 611 προϐάλ-

2024 537 2205 592 ritum
2237 554 2469 609 quoque
2498 556 2603 610 per
2632 541 2827 610 ipsum
2859 541 3094 611 emittit,
3124 548 3182 599 et
3208 561 3330 600 non
3360 544 3491 601 sine
3522 546 3669 602 Filio

253 619 402 677 λεται
431 622 521 676 καὶ
563 620 670 677 ούκ
701 619 828 678 ἄνευ
883 628 981 678 τοῦ
1031 624 1160 680 Υἲοῦ
1199 627 1235 695 ἡ
1265 629 1363 680 τοῦ
1410 624 1730 699 Πνεῦματος
1778 623 1898 699 πρό·

2020 626 2272 698 Spiritus
2305 628 2547 699 spiratio
2582 630 2909 700 perficitur.

250 705 477 781 ὄλησις.

319 801 424 856 ΓΡ.
462 801 613 857 Κατᾶ
640 804 843 856 τοῦτον
887 803 983 858 τὸν
1026 801 1190 879 λόγον
1239 804 1374 879 φαίη
1424 802 1486 859 ἄν
1540 825 1626 867 τις
1680 805 1766 859 ὃτι
1822 802 1913 858 καὶ

248 884 333 941 διὰ
380 892 485 943 τοῦ
541 890 869 963 Πνεύματος
915 890 1350 967 ἐκπορευομένου
1408 897 1567 967 γεννᾷ
1620 892 1711 948 τὸν
1762 891 1911 961 Υἱὸν,

243 980 325 1034 καί
357 978 467 1034 οῦκ
496 978 627 1035 ἄνευ
679 988 781 1051 τῆς
830 985 930 1037 τοῦ
984 982 1295 1056 Πνεύματος
1340 982 1717 1058 ἐκπορεύσεως
1748 984 1783 1052 ἡ
1814 987 1912 1037 τοῦ

248 1067 371 1121 Υίοῦ
409 1069 672 1143 τᾶννησις
706 1070 797 1124 καὶ
849 1068 936 1141 εἴη
989 1068 1050 1125 ἂν
1096 1070 1189 1126 καὶ
1221 1072 1249 1126 ὁ
1280 1071 1405 1133 Υἱὸς
1454 1070 1514 1126 ἐκ
1557 1076 1654 1128 τοῦ
1699 1070 1911 1145 Πατρὸς

245 1156 328 1211 καὶ
359 1156 426 1212 ἐκ
458 1159 559 1213 τοῦ
596 1158 910 1232 Πνεύματος
938 1160 1298 1236 γεννώμενος.

308 1250 482 1305 ΛΔΤ.
523 1247 706 1303 Ἄλλὰ
757 1247 909 1318 τάξις
961 1250 1051 1305 καὶ
1102 1250 1153 1304 ὲν
1206 1254 1275 1323 τῇ
1325 1247 1513 1325 Τριάδι
1570 1271 1654 1313 τις
1700 1248 1766 1319 ἢν
1831 1246 1913 1304 δεῖ

243 1334 545 1414 φυλάττειν
603 1339 775 1410 ἡμᾶς’
834 1337 964 1413 ούχὶ
1022 1337 1176 1418 ερύσιν
1264 1337 1689 1409 ἐξαλλάττουσα,
1764 1337 1912 1395 ἀλλᾶ

243 1423 515 1500 διαῖνορᾶν
576 1427 929 1483 ῦποστάσεων
1006 1430 1457 1506 παρεμφαίνουσα
1530 1429 1621 1483 καὶ
1676 1428 1908 1499 ἑκάστης

241 1516 611 1577 ὑποστάσεως
667 1517 1061 1590 ἀμετάπτωτον
1107 1522 1426 1592 παριστῶσα
1480 1519 1579 1587 τὴν
1635 1515 1906 1588 ἰδιότητα.

234 1605 292 1661 Ὁ
332 1605 436 1677 μὲν
473 1607 571 1659 οῦν
603 1606 798 1681 Πατήρ
838 1612 1034 1682 γεννῶν
1085 1606 1174 1661 τὸν
1209 1603 1449 1661 Υἱὸνιδβ
1496 1607 1665 1662 αὐτοῦ
1716 1606 1807 1661 καὶ
1844 1605 1908 1659 τὸ

235 1697 472 1766 Ιινεῦμα
495 1690 901 1768 προϐάλλεταιο
949 1695 979 1749 ὁ
1038 1695 1160 1756 Υἱὸς
1220 1693 1278 1750 δὶ
1322 1695 1661 1770 γεννώμενος
1707 1696 1771 1749 ἓκ
1810 1698 1908 1749 τοῦ

235 1782 461 1855 Πατρὸς
500 1777 882 1857 προϐάλλεται
942 1783 1132 1839 καὶτὸ
1189 1788 1406 1857 Πνεῦμα
1464 1782 1514 1857 ἕξ
1583 1784 1795 1839 ἑαυτοῦ·
1844 1782 1908 1838 τὸ

2090 805 2203 859 GR.
2255 804 2591 859 Secundum
2650 807 2802 861 hanc
2889 808 3177 863 rationem
3246 810 3444 868 dicere
3531 816 3665 886 quis

2018 899 2238 964 posset,
2275 893 2455 950 etiam
2487 912 2593 966 per
2622 896 2902 967 Spiritum
2960 899 3379 968 procedentem
3426 903 3662 958 Patrem

2016 999 2298 1055 generare
2326 984 2563 1053 Filium,
2604 1001 2798 1055 neque
2856 986 3081 1057 absque
3124 988 3375 1059 Spiritus
3424 1008 3668 1061 proces-

2017 1070 2183 1125 sione
2215 1070 2421 1141 perfici
2451 1071 2579 1126 Filii
2612 1073 3078 1142 generationem,
3134 1074 3215 1129 ita
3262 1081 3326 1129 ut
3375 1083 3433 1131 et
3480 1078 3664 1133 Filius

2015 1163 2331 1227 generatus
2364 1159 2439 1213 sit
2466 1176 2537 1214 ex
2569 1162 2740 1215 Patre
2771 1166 2948 1232 atque
2981 1179 3049 1216 ex
3083 1162 3302 1234 Spiritu
3344 1164 3448 1237 (q).

2090 1245 2241 1300 LAT.
2276 1247 2389 1302 Sed
2421 1248 2564 1303 ordo
2592 1249 2653 1304 in
2695 1250 2976 1305 Trinitate
3036 1268 3271 1322 quoque
3321 1259 3428 1320 est,
3485 1271 3663 1324 quem

2015 1350 2124 1388 nos
2157 1350 2389 1391 servare
2421 1336 2729 1405 debemus,
2762 1355 2881 1393 non
2915 1338 3156 1410 quidem
3190 1345 3463 1396 naturam
3496 1360 3667 1397 com-

2015 1429 2275 1492 mutaus,
2299 1426 2403 1479 sed
2418 1443 2809 1497 personarum
2845 1427 3289 1485 distinctionem
3313 1432 3583 1487 indicans
3608 1438 3668 1487 et

2015 1513 2384 1585 singularum
2399 1515 2798 1587 hypostaseon
2813 1518 3224 1588 proprietatem
3237 1519 3667 1576 inalterabilem

2015 1602 2319 1657 exhibens.
2344 1604 2518 1658 Pater
2549 1605 2746 1676 itaque
2776 1622 3068 1674 generans
3099 1606 3312 1662 Filium
3330 1625 3438 1678 per
3468 1609 3664 1680 ipsum

2015 1709 2250 1763 quoque
2282 1694 2565 1765 Spiritum
2598 1696 2834 1760 emittit,
2868 1697 3052 1752 Filius
3086 1715 3220 1752 vero
3246 1704 3561 1770 generatus
3596 1716 3665 1755 ex

2013 1786 2180 1837 Patre
2214 1783 2431 1837 emittit
2459 1788 2516 1838 et
2546 1800 2617 1838 ex
2668 1800 2731 1839 se
2781 1784 3115 1855 Spiritum:
3174 1802 3242 1840 ac
3286 1786 3540 1857 Spiritus
3590 1807 3662 1843 ex

231 1867 286 1925 δὲ
325 1872 558 1944 Πνεῦμα
588 1870 649 1926 ἐκ
685 1874 783 1927 τοῦ
814 1872 1026 1947 Ηατρὸς
1073 1871 1506 1947 ἐκπορευόμενον
1558 1873 1647 1927 καὶ
1697 1871 1757 1928 ἐκ
1807 1876 1898 1927 τοῦ

2012 1872 2184 1926 Patre
2214 1873 2542 1943 procedens
2581 1889 2653 1928 ex
2693 1874 2837 1928 Filio
2893 1891 3127 1945 quoque
3176 1882 3242 1930 ut
3292 1893 3400 1947 per
3444 1878 3661 1933 Filium

233 1962 373 2015 Ποῦ
404 1960 483 2022 ὡς
516 1957 611 2015 διὰ
638 1966 737 2016 τοῦ
775 1962 909 2016 Ποῦ
957 1961 1329 2037 ἐκπορεύεται·
1371 1961 1518 2017 ἀλλᾶ
1563 1962 1654 2017 καὶ
1703 1960 1763 2017 ἐκ
1805 1966 1904 2016 τοῦ

236 2050 465 2123 Ηατρὸς
497 2050 577 2111 ὡς
637 2048 699 2104 ἐκ
735 2054 834 2105 τοῦ
883 2052 1012 2106 Υἱοῦ
1061 2050 1277 2125 ἁμέσως
1328 2051 1761 2126 ἐκπορευόμενον
1807 2054 1905 2107 τοῦ

229 2138 598 2214 γεννωμένου
663 2137 726 2194 ἔκ
789 2137 890 2195 τοῦ
959 2138 1168 2215 Πατρός
1226 2139 1607 2217 ἐκπορεύεσθαι
1667 2137 1901 2217 λέγεταιο

184 2229 329 2298 ,καὶ
393 2228 587 2283 τοίνυν
654 2228 747 2284 καὶ
808 2231 844 2299 ἡ
909 2227 1042 2299 αῦτή
1111 2230 1201 2285 καὶ
1275 2229 1371 2303 μία
1438 2229 1753 2306 ἐκπόρευσις
1824 2235 1904 2304 τῷ

229 2315 616 2392 Πνεύματιὶκ
644 2320 743 2373 τοῦ
772 2318 984 2393 Ηατρὸς
1037 2317 1130 2390 μὲν
1182 2316 1325 2374 ἐστιν
1378 2312 1638 2392 ἔμμεσος,
1700 2316 1759 2373 ἑκ
1804 2322 1902 2374 τοῦ

230 2409 368 2462 Υἱοῦ
438 2405 501 2462 δὲ
569 2408 774 2480 ἂμεσος
837 2406 1020 2483 ὥσπερ
1078 2405 1353 2468 πολλάκις
1410 2408 1708 2482 εἰρήκαμεν
1768 2411 1900 2481 (27).

223 2498 461 2570 Ὅμως,
502 2494 616 2551 εἴτε
655 2494 838 2566 ἁπλῆν
885 2496 1086 2567 ταύτην
1148 2494 1339 2572 βούλει
1394 2494 1585 2552 καλεῖν
1647 2493 1754 2551 εἷ’τε
1808 2497 1899 2552 καὶ

231 2588 343 2658 μὴ,
414 2585 608 2641 τελεία
664 2584 809 2640 ἐστὶν
871 2587 1198 2660 ἑκατέρωθεν
1241 2585 1274 2655 ἢ
1316 2582 1714 2663 ἆμιρστὲρωθεν
1771 2582 1901 2655 ἤτοι

226 2673 303 2729 ἐι
336 2678 440 2729 τοῦ
480 2674 701 2749 Βατρός
751 2671 840 2728 διὰ
902 2677 999 2729 τοῦ
1055 2674 1208 2729 Υίοῦ·
1270 2672 1353 2729 ὅτι
1410 2674 1499 2729 καὶ
1560 2673 1620 2728 ἐκ
1672 2671 1899 2729 τελείων

226 2765 323 2818 καὶ
389 2762 583 2818 τελεία
641 2765 758 2835 (28)
822 2763 915 2817 καὶ
971 2760 1214 2827 τελείως·
1272 2763 1365 2818 καὶ
1430 2760 1582 2818 οῦδὶν
1646 2764 1897 2836 περιττὸν

229 2852 285 2906 ἓν
317 2857 390 2927 τῇ
419 2851 615 2922 τελείᾳ
641 2848 856 2928 Τριάδι,
899 2852 964 2909 Εἰ
1016 2848 1075 2906 δὲ
1130 2856 1333 2922 ζητεῖς,
1399 2847 1471 2906 δι’
1507 2849 1573 2921 ἤν
1612 2850 1788 2907 αἰτίαν
1841 2849 1903 2907 ἒκ

231 2947 334 2999 τεῦ
392 2943 614 3018 Πατρὸς
673 2941 1065 3015 ἐκπορεόμενον
1124 2942 1186 2996 τὸ
1247 2946 1466 3015 Πνεῦμα
1524 2943 1610 2997 καὶ
1689 2941 1750 2997 ἐκ
1802 2946 1900 2998 τοῦ

226 3036 361 3090 Ποῦ
413 3033 800 3108 ἐκπορεύεται,
847 3033 940 3087 καὶ
984 3033 1068 3095 τίς
1114 3035 1148 3103 ἡ
1200 3033 1384 3109 χρεία,
1436 3032 1696 3108 ἐρωτήσω
1742 3034 1898 3109 κάγώ

228 3144 312 3190 σε,
344 3123 431 3186 τίς
468 3122 635 3200 χρεία
672 3127 753 3194 τῷ
812 3121 983 3196 Ηατρῖ
1036 3126 1133 3177 τοῦ
1190 3127 1378 3197 γεννᾷν
1442 3123 1535 3178 τὸν
1594 3122 1717 3178 Υἱὸν
1758 3124 1794 3195 ἢ
1834 3124 1895 3177 τὸ

231 3218 457 3310 Πνεῦμα
485 3207 930 3310 προϐῼᾶλλεσθαι,
958 3212 1046 3310 καὶ
1090 3208 1181 3310 ἱξιᾶ
1216 3212 1269 3310 τί
1336 3213 1412 3285 μή
1455 3208 1492 3282 ἤ
1539 3211 1708 3287 ἄμφω
1724 3217 1895 3310 ⁸γεννᾷ
1924 3245 1975 3310 C

227 3300 265 3370 ἦ
302 3300 474 3379 ἄμφω
504 3295 912 3375 προϐάλλεται,
944 3300 1032 3356 καὶ
1060 3299 1142 3358 τίς
1176 3301 1204 3355 ὁ
1238 3298 1401 3375 λόγος
1430 3307 1532 3370 τῆς
1578 3305 1675 3357 τοῦ
1724 3300 1893 3378 λόγου

234 3394 543 3467 γεννήσεως
586 3388 622 3460 ἤ
662 3397 766 3459 τῆς
816 3394 915 3445 τοῦ
964 3389 1276 3462 Ηνεύματος
1316 3388 1708 3465 ἐκπορεύσεως.
1756 3388 1895 3449 Οὐδὲ

227 3480 333 3553 γᾶρ
374 3481 442 3548 ἦν
474 3481 579 3533 τοῦ
610 3478 796 3554 Λόγου
826 3475 994 3551 λόγος
1022 3476 1297 3552 ἀνώτερος
1325 3475 1451 3533 οὔτε
1491 3481 1589 3533 τοῦ
1641 3478 1897 3554 Πνεῦμα-

225 3587 335 3628 τος.
376 3566 596 3625 Οὐκοῦν
625 3563 753 3621 οὐδὲ
782 3564 894 3643 ἐγώ
924 3586 1009 3621 σοι
1050 3564 1222 3644 λέγω,
1275 3566 1359 3629 τίς
1393 3567 1420 3621 ὁ
1451 3565 1621 3643 λόγος
1675 3574 1774 3637 τῆς
1834 3565 1896 3623 ἐκ

230 3661 326 3711 τοῦ
357 3658 576 3732 Πατρὸς
622 3653 714 3710 καὶ
753 3654 816 3711 ἐκ
855 3658 953 3710 τοῦ
1000 3656 1128 3710 Υἱοῦ
1178 3653 1570 3729 ὲκπορεύσεως,
1626 3653 1754 3712 ούδὶ
1803 3652 1895 3711 διὰ

232 3745 280 3799 τί
379 3749 499 3809 πῶς
529 3744 588 3814 ἐξ
617 3744 825 3823 ἀμφοῖν
857 3745 893 3814 ἡ
952 3742 1287 3818 ἔκπόρευσις.
1323 3745 1387 3801 Ἡ
1437 3745 1541 3822 γὰρ
1588 3752 1688 3816 τῆς
1736 3746 1891 3822 ἁγίας

238 3831 472 3907 Τριάδος
532 3834 765 3907 ῦπαρξις
821 3829 1129 3908 ὑπέρκειται
1184 3836 1283 3888 τοῦ
1335 3838 1452 3896 πῶς
1503 3835 1592 3889 καὶ
1648 3839 1745 3890 τοῦ
1803 3832 1893 3890 διὰ

242 3923 311 3995 τί,
341 3924 431 3977 καὶ
471 3927 586 3977 τῶν
635 3921 905 3976 τοιούτων
957 3924 1258 3992 ζητήσεων.
1308 3924 1513 3997 Ὥσπερ
1574 3920 1630 3978 δὲ
1691 3920 1816 3980 οὐδὲ
1854 3928 1889 3995 ἡ

239 4015 483 4088 γὲννησις
564 4009 793 4083 ἀτελὴς,
851 4010 937 4065 ὅτι
1002 4010 1101 4065 οὐκ
1157 4009 1279 4066 ἀνευ
1333 4018 1435 4080 τῆς
1496 4011 1893 4088 ἐκπορεύσεως,

245 4103 288 4156 εἰ
320 4104 409 4157 καὶ
436 4099 781 4176 διακὶκριται
830 4104 901 4175 τῇ
945 4103 1043 4155 τοῦ
1090 4099 1298 4174 τρόπου
1347 4097 1720 4179 διαφερότητι,
1770 4100 1893 4160 οὔτε

243 4191 659 4261 ἡὲκπόρευσις,
705 4188 790 4245 ὅτι
852 4196 956 4259 τῆς
1011 4190 1317 4265 γεννήσεως
1373 4190 1436 4245 οῦ
1488 4192 1686 4267 χωρὶς,
1747 4191 1895 4249 ἀλλὰ

242 4279 407 4335 τελεία
433 4281 495 4336 τὲ
541 4279 689 4336 ἐστιν
741 4278 988 4353 ἑκατέρα,
1035 4278 1119 4333 καὶ
1181 4279 1335 4354 ἒτέρα
1389 4285 1489 4350 τῆς
1548 4280 1752 4356 ἑτέρας,
1802 4282 1892 4338 καὶ

245 4369 299 4424 οό
335 4368 466 4446 δίχα
494 4376 604 4438 τῆς
662 4368 849 4443 ἱτὲρας
910 4363 1191 4441 οὐδετέρα.
1248 4369 1338 4430 Ὠς
1390 4367 1492 4443 γὰρ
1549 4370 1615 4425 οὐ
1676 4375 1894 4445 πρῶτον

250 4459 332 4528 μὲν
356 4464 521 4532 γεννᾷ
560 4458 657 4513 τὸν
723 4457 849 4512 ria»
908 4457 937 4511 ὁ
990 4459 1195 4531 Πατὴρ,
1246 4457 1362 4513 εἶτα
1411 4458 1475 4513 τὸ
1520 4462 1738 4533 Πνεῦμα
1786 4458 1893 4538 φῂς

250 4545 302 4600 ὲκ
349 4552 440 4603 τοῦ
510 4546 725 4622 Πατρὸς
776 4545 1179 4621 ἐκπορεύεσθαι,
1240 4544 1368 4601 ἀλλ’
1413 4543 1582 4623 ἄμφω
1630 4548 1742 4621 ἅμα
1786 4550 1891 4619 ἀεὶ,

247 4636 324 4689 u‘:
358 4640 392 4707 ἡ
438 4607 700 4711 γέννησις
751 4634 844 4690 καὶ
996 4607 1337 4710 ἐκπόρευσις,
1392 4607 1760 4713 κέὶιέκατίρα
1805 4607 1894 4694 te;
1924 4607 1970 4672 D

249 4722 353 4782 λεία
405 4726 499 4782 καὶ
560 4726 687 4781 καθ’
725 4723 921 4792 ἑαυτὴν
978 4724 1068 4779 καὶ
1124 4726 1259 4796 μετὰ
1309 4729 1411 4794 τῆς
1467 4726 1670 4799 ἑτέρας’
1748 4727 1893 4783 οὕτω

252 4815 324 4868 ui
377 4818 441 4872 τὸ
503 4813 568 4870 ἐκ
625 4818 726 4870 τοῦ
783 4813 997 4887 Πατρὸς
1037 4810 1420 4885 ἐκπορεύεσθαι
1487 4814 1576 4869 καὶ
1671 4813 1731 4870 ἐκ
1797 4820 1895 4872 τοῦ

256 4903 379 4975 Ποῦ,
406 4901 508 4960 κᾶν
551 4906 631 4979 μὴ
665 4899 722 4957 ἓν
754 4901 938 4957 καὶτὸ
990 4898 1118 4956 αὐτὸ
1159 4899 1249 4956 καὶ
1299 4899 1508 4958 ἁπλοῦν
1554 4901 1713 4979 λέγῃ,
1766 4902 1893 4961 ἀλλ’

253 4988 413 5067 ἓτερον
450 4993 546 5049 καὶ
604 4988 816 5065 ἕτερον,
870 4985 1023 5063 ὅμως
1069 4987 1322 5064 ἑκάτερον
1374 4990 1585 5047 τέλειον
1633 4991 1726 5046 καὶ
1775 4993 1895 5058 καθ’

256 5080 508 5138 basem?
543 5081 686 5154 μετὰ
713 5083 815 5135 τοῦ
865 5076 1072 5154 ἑτέρου,
1135 5078 1224 5133 καὶ
1283 5076 1345 5133 οὐ
1390 5083 1488 5135 τοῦ
1535 5080 1722 5155 ὲτὲρου
1776 5100 1894 5156 χω-

258 5170 344 5241 ρίς.
372 5173 451 5230 Οὐ
478 5173 585 5248 γὰρ
642 5167 787 5225 διότι
838 5166 891 5223 ἒν
931 5170 1012 5241 τῷ
1059 5166 1209 5240 αὖτῷ
1255 5168 1385 5243 πυρὶ
1430 5169 1520 5223 καὶ
1552 5171 1588 5238 ἡ
1619 5171 1893 5245 Θερμότης

256 5258 321 5314 ἀεὶ
351 5262 530 5319 καὶτὸ
559 5265 706 5341 φῶς,
743 5256 838 5314 διὰ
892 5261 1054 5313 τοῦτο
1102 5257 1166 5313 τὸ
1216 5255 1401 5333 ἓτερον
1452 5257 1630 5314 αὐτῶν
1683 5259 1892 5330 ἀτελὲς,

316 5445 415 5516 (27)
446 5444 571 5500 Vat.
605 5460 668 5516 p.
715 5444 771 5511 7,
804 5440 877 5495 b:
914 5436 1247 5513 εἰρήκειμεν.

312 5620 382 5693 (9)
411 5623 489 5682 Cf.
518 5624 685 5681 dicta
713 5620 794 5678 ad
822 5618 1128 5693 Photium,
1163 5616 1240 5673 De
1296 5616 1495 5687 Spirit.
1544 5623 1726 5677 sancti
1768 5638 1892 5693 my-

254 5691 497 5768 εωᾴοσέα,
528 5713 663 5770 cap.
700 5695 774 5751 64
806 5691 915 5748 [ιιι.

2010 1962 2317 2033 procedit;
2352 1963 2453 2019 sed
2487 1970 2546 2018 et
2575 1980 2647 2018 ex
2676 1966 2851 2019 Patre
2886 1971 2952 2019 ut
2999 1982 3072 2020 ex
3122 1966 3268 2020 Filio
3316 1968 3660 2023 immediate

2009 2052 2339 2124 procedens
2370 2069 2405 2107 a
2436 2053 2633 2124 genito
2692 2070 2763 2107 ex
2807 2054 2982 2107 Patre
3027 2054 3347 2124 procedere
3399 2054 3656 2123 dicitur;

2009 2141 2261 2212 ideoque
2278 2146 2335 2196 et
2352 2157 2473 2196 una
2491 2140 2817 2211 eademque
2831 2142 3130 2212 processio
3144 2142 3388 2212 Spiritui
3404 2159 3471 2197 ex
3486 2146 3655 2198 Patre

2010 2229 2252 2299 quidem
2284 2236 2372 2286 est
2402 2230 2682 2299 mediata,
2723 2246 2794 2285 ex
2840 2229 2986 2285 Filio
3039 2236 3239 2286 autem
3293 2232 3658 2315 immediata’

2010 2324 2186 2390 prout
2197 2335 2607 2391 saepenumero
2622 2319 3329 2388 diximus.Attamen,sive
3345 2321 3664 2392 simplicem

2013 2423 2142 2462 eam
2166 2424 2369 2464 vocare
2401 2409 2484 2462 vis
2516 2409 2636 2464 sive
2667 2424 2810 2477 non,
2844 2407 3107 2479 perfecta
3136 2414 3226 2463 est
3273 2409 3344 2463 ab
3407 2415 3659 2480 utraque

2010 2501 2176 2568 parte
2207 2497 2329 2552 sive
2360 2513 2429 2551 ex
2461 2497 2772 2563 ambobus,
2805 2497 2924 2552 sive
2959 2514 3028 2552 ex
3063 2498 3235 2552 Patre
3267 2515 3373 2569 per
3419 2498 3657 2564 Filium,

2012 2602 2142 2655 quae
2164 2592 2222 2641 et.
2261 2603 2331 2641 ex
2362 2586 2637 2657 perfectis
2671 2591 2727 2641 et
2768 2587 3031 2658 perfecta
3061 2592 3118 2640 et
3149 2586 3429 2657 perfecte,
3463 2604 3658 2657 neque

2011 2675 2336 2746 quidquam
2369 2692 2875 2746 supervacaneum
2930 2677 2990 2729 in
3040 2676 3299 2746 perfecta
3348 2676 3654 2731 Trinitate.

2011 2764 2067 2818 Si
2098 2780 2232 2820 vero
2264 2765 2500 2836 quaeris,
2535 2782 2714 2836 quam
2746 2764 2819 2819 ob
2851 2780 3089 2819 causam
3112 2764 3363 2834 Spiritus
3385 2781 3453 2818 ex
3485 2766 3656 2821 Patre

2008 2854 2334 2924 procedens
2382 2854 2560 2909 etiam
2618 2852 2900 2925 procedat
2947 2870 3018 2907 ex
3057 2853 3224 2921 Filio,
3274 2859 3333 2907 et
3380 2869 3654 2923 quamam

2011 2943 2135 2998 hinc
2166 2943 2243 2998 sit
2272 2944 2615 3012 necessitas,
2648 2959 2911 3015 quaaram
2943 2947 3001 2997 et
3032 2959 3136 3013 ego
3168 2958 3239 2997 ex
3269 2949 3326 2997 te
3372 2944 3441 3013 (ν)
3491 2960 3654 3013 qum-

2010 3049 2149 3087 nam
2179 3033 2501 3089 necessitas
2549 3033 2625 3088 sit
2672 3032 2854 3100 Patri,
2904 3036 2973 3086 ut
3016 3031 3230 3086 Filium
3278 3038 3519 3103 generet
3568 3032 3654 3086 vel

2008 3122 2290 3193 Spiritum
2319 3122 2570 3191 emittat,
2605 3128 2664 3177 et
2685 3138 2790 3178 cur
2806 3138 2927 3177 non
2950 3121 3043 3175 vel
3063 3126 3382 3192 utrumque
3409 3127 3655 3194 generet

2005 3211 2093 3266 vel
2123 3217 2442 3283 utrumque
2475 3212 2679 3284 spiret,
2713 3217 2769 3266 et
2801 3227 3077 3282 quamam
3110 3210 3187 3266 sit
3216 3211 3364 3266 ratio
3394 3227 3651 3283 generac

2005 3300 2187 3356 tionis
2220 3301 2388 3355 Verbi
2411 3300 2502 3355 vel
2525 3299 2919 3371 processionis
2940 3299 3212 3371 Spiritus.
3255 3301 3454 3370 Neque
3488 3300 3650 3355 enim

2005 3395 2131 3446 erat
2148 3390 2389 3445 verbum
2407 3390 2590 3445 Verbo
2615 3389 2929 3445 sublimius
2953 3404 3146 3459 neque
3175 3389 3414 3460 Spiritu.
3448 3391 3651 3460 Itaque

2004 3496 2199 3551 neque
2233 3496 2337 3551 ego
2373 3480 2476 3534 tibi
2499 3479 2651 3549 dico,
2674 3495 2950 3549 quamam
2969 3479 3045 3533 sit
3073 3478 3223 3533 ratio
3250 3479 3651 3548 processionis

2003 3565 2255 3636 Spiritus
2286 3582 2354 3620 ex
2391 3567 2562 3621 Patre
2592 3570 2651 3620 et
2680 3565 2849 3630 Filio,
2882 3580 3078 3635 neque
3112 3580 3289 3634 quam
3314 3564 3386 3618 ob
3410 3580 3648 3619 causam

2004 3653 2095 3710 vel
2120 3670 2379 3726 quanam
2401 3654 2628 3709 ratione
2660 3671 2729 3709 ex
2760 3659 3012 3722 utroque
3048 3652 3126 3706 sit
3153 3652 3473 3721 processio.
3506 3652 3652 3705 Nam

2003 3748 2220 3799 sanctm
2238 3743 2537 3798 Trinitatis
2551 3742 2894 3798 exsistentia
2906 3741 3131 3796 elevata
3143 3745 3231 3795 est
3244 3756 3419 3810 supra
3435 3756 3654 3794 omnem

2002 3833 2247 3889 modum
2279 3838 2338 3887 et
2376 3832 2667 3887 rationem
2728 3837 2788 3886 et
2829 3846 3006 3901 supra
3064 3829 3211 3884 tales
3269 3829 3650 3898 quaestiones.

2002 3921 2514 3989 Quemadmodum
2545 3936 2680 3975 vero
2712 3935 2906 3989 neque
2937 3917 3239 3990 generatio
3285 3916 3652 3987 imperfecta,

2003 4014 2144 4085 quia
2174 4029 2294 4068 non
2328 4016 2416 4066 est
2465 4010 2592 4065 sine
2642 4010 3042 4081 processione,
3090 4007 3228 4062 licet
3272 4006 3431 4061 modi
3480 4005 3648 4062 diffe-

2002 4103 2198 4158 rentia
2226 4100 2299 4157 ab
2330 4117 2399 4155 ea
2429 4100 2504 4155 sit
2534 4098 2832 4164 distincta,
2894 4113 3085 4167 neque
3137 4096 3457 4167 processio,
3508 4096 3648 4165 quia

2004 4210 2126 4248 non
2157 4198 2244 4248 est
2275 4191 2499 4262 absque
2529 4190 2930 4262 generatione,
2964 4186 3066 4241 sed
3097 4186 3356 4257 perfecta
3395 4192 3647 4255 utraque

2005 4288 2063 4339 et
2088 4282 2275 4338 altera
2296 4280 2562 4343 alterius,
2587 4295 2654 4334 ac
2680 4282 2892 4333 neutra
2914 4277 3039 4332 sine
3063 4276 3278 4343 altera;
3303 4275 3454 4330 sicut
3483 4274 3646 4329 enim

2005 4374 2180 4428 Pater
2209 4387 2329 4427 non
2362 4371 2525 4442 prius
2563 4373 2805 4441 generat
2835 4366 3070 4431 Filium,
3105 4364 3321 4420 deinde
3372 4364 3652 4435 Spiritus,

2004 4466 2069 4517 ut
2097 4461 2206 4529 ais,
2241 4477 2311 4515 ex
2340 4462 2513 4514 Patre
2543 4456 2830 4529 procedit,
2854 4471 3055 4510 verum
3076 4459 3396 4523 utrumque
3415 4470 3651 4525 semper

2007 4549 2206 4617 simul,
2238 4554 2297 4604 et
2325 4546 2626 4621 generatio
2658 4551 2717 4600 et
2765 4544 3084 4617 processio,
3136 4548 3194 4598 et
3238 4549 3490 4613 utraque
3520 4559 3649 4614 per-

2002 4642 2156 4696 fecta
2187 4645 2312 4694 tum
2343 4637 2673 4694 secundum
2704 4652 2765 4691 se
2798 4640 2923 4691 tum
2953 4651 3073 4691 una
3112 4651 3246 4690 cum
3291 4632 3512 4688 altera:
3566 4633 3647 4688 ita

2003 4736 2061 4787 et
2089 4729 2412 4803 procedere
2450 4745 2521 4783 ex
2549 4729 2721 4784 Patre
2754 4730 2812 4782 et
2840 4743 2911 4782 ex
2936 4726 3108 4794 Filio,
3137 4724 3279 4780 licet
3306 4740 3427 4779 non
3458 4739 3645 4778 unum

2003 4819 2279 4891 idemque
2309 4836 2377 4875 ac
2408 4816 2656 4890 simplex
2690 4816 2868 4881 dicat,
2902 4814 3005 4871 sed
3028 4815 3276 4870 alterum
3302 4812 3643 4877 etalterum,

2003 4914 2203 4965 tamen
2233 4913 2551 4978 utrumque
2584 4906 2911 4978 perfectum
2944 4909 3068 4959 tum
3093 4900 3414 4958 secundum
3437 4915 3497 4953 se
3522 4902 3643 4951 tum

2002 5015 2137 5054 cum
2167 4999 2441 5067 altero,et
2460 5012 2581 5052 non
2602 4995 2827 5067 absque
2848 4993 3056 5050 altero.
3083 4994 3207 5046 Non
3234 4989 3391 5045 enim
3416 4988 3647 5058 propte-

2002 5104 2104 5144 rea
2134 5087 2292 5160 quod
2324 5089 2384 5143 in
2416 5086 2627 5143 eodem
2660 5085 2793 5158 igne
2823 5088 2881 5139 et
2909 5081 3071 5137 calor
3102 5092 3337 5148 semper
3358 5079 3415 5130 et
3438 5073 3645 5126 lumen

2002 5177 2250 5233 alterum
2272 5193 2475 5231 eorum
2499 5173 2912 5246 imperfectum
2928 5167 3145 5239 est,sed
3165 5165 3304 5236 quia
3320 5167 3641 5229 utrumque

2002 5282 2134 5320 cum
2167 5265 2352 5320 altero
2384 5269 2442 5318 et
2470 5262 2691 5317 idcirco
2732 5258 3078 5331 perfectum.
3132 5251 3431 5307 Perfectus
3481 5248 3640 5304 enim

2074 5445 2184 5514 (28)
2217 5443 2339 5495 Vat.
2372 5436 2615 5493 τελείων.

2073 5618 2148 5690 (r)
2177 5616 2445 5690 Imitatur
2472 5612 3092 5690 Gregoriiifiazianzeni
3117 5629 3469 5686 responsum
3490 5615 3638 5671 orat.

1924 5760 1929 5767 _
2001 5684 2091 5759 37;
2123 5705 2181 5761 p.
2215 5688 2468 5757 597-598,
2499 5684 2803 5744 edeillii.
