4034 6202
458 355 570 416 199

1715 339 2026 404 NIGETZE
2069 337 2614 404 MARONIENSIS

3735 345 3841 408 200

449 484 606 559 ignis
629 490 687 540 et
708 489 774 540 ut
798 484 1056 556 perfecte
1094 482 1445 540 illuminans
1471 486 1532 538 et
1553 485 1619 537 ut
1656 481 1916 554 perfecte
1947 481 2093 538 cale-

2226 474 2352 533 ἀλλ’
2388 477 2472 532 ’ὀτι
2530 475 2780 554 ἑκάτερον
2830 477 2964 551 μετὰ
3021 477 3246 550 Θατέρου
3300 478 3392 533 καὶ
3439 477 3528 534 διὰ
3577 482 3732 536 τοῦτο
3772 485 3849 540 τί·

446 574 674 630 faciens
708 574 827 629 sive
859 589 1076 640 urens;
1115 573 1375 644 perfecto
1409 571 1568 629 enim
1600 575 1660 626 et
1679 570 1963 627 eminenti
1983 587 2112 627 mo-

449 663 524 718 d0
537 664 759 719 habent
781 667 1104 732 utrumque
1125 680 1140 730 ;
1164 662 1462 734 perfectus
1475 660 1780 731 vero,quia
1790 667 2111 730 utrumque

357 763 364 772 ‘
458 759 742 824 operatur
765 751 944 805 simul
975 756 1035 806 et
1062 751 1426 816 omnimode,
1461 749 1680 821 duplex
1708 749 1868 805 enim
1917 748 2110 820 perfe-

446 845 608 896 ctum
638 861 651 908 ;
689 841 947 896 alterum
971 840 1298 896 secundum
1319 847 1636 910 utramque
1657 837 2106 910 proprietatem,

450 931 706 986 alterum
724 930 1052 986 secundum
1069 929 1554 1000 conjunctionem
1571 944 1706 984 cum
1719 927 2028 983 altero.Sic
2053 933 2113 982 et

455 1020 517 1074 in
532 1020 837 1075 Trinitate.
861 1021 1010 1075 Nam
1035 1018 1297 1085 perfecta
1324 1023 1410 1074 est
1439 1017 1625 1085 Trias,
1659 1022 1718 1072 et
1756 1017 1897 1088 quia
1924 1017 2108 1083 Trias,

453 1126 574 1164 non
601 1126 810 1164 monas
833 1108 1160 1180 personalis
1184 1108 1276 1163 vel
1296 1107 1439 1180 dyas
1461 1125 1475 1173 ;
1501 1105 1762 1178 perfecta
1779 1122 1938 1172 vero,
1971 1105 2112 1176 quia

451 1198 634 1253 etiam
669 1197 952 1269 quaelibet
983 1213 1245 1269 persona
1275 1195 1605 1253 secundum
1626 1212 1688 1252 se
1711 1194 2110 1261 considerata,

459 1288 567 1344 etsi
601 1304 724 1342 non
755 1287 826 1342 ab
857 1287 1110 1342 invicem
1135 1283 2112 1358 separantur,omnimodamhabet

439 1377 870 1448 perfectionem
885 1383 942 1434 et
957 1377 1348 1434 eminentiam
1366 1374 2112 1448 perfectionis.Secuudum

441 1448 568 1522 haec
581 1467 712 1538 ipsa
725 1483 860 1522 vero
881 1466 1062 1522 etiam
1079 1465 1380 1537 processio
1407 1463 1671 1536 perfecta
1689 1469 1748 1519 et
1763 1480 1835 1520 ex
1858 1463 2027 1519 Patre
2053 1467 2111 1518 et

451 1572 522 1610 ex
551 1555 717 1625 Filio,
745 1561 805 1611 et
833 1572 905 1610 ex
941 1560 1193 1626 utroque
1251 1553 1512 1625 perfecta
1563 1557 1622 1608 et
1675 1569 1748 1607 ex
1797 1551 2108 1623 ambobus,

455 1650 513 1700 et
559 1663 738 1718 supra
794 1645 1087 1702 rationem
1137 1650 1479 1716 utrumque,
1531 1644 1763 1700 etiamsi
1809 1660 1931 1699 non
1973 1643 2112 1699 sim-

451 1734 669 1806 plicem
697 1751 891 1806 neque
923 1751 1103 1790 unam
1151 1735 1543 1806 eamdemque
1595 1733 1761 1790 illam
1811 1733 1994 1790 dicas.
2040 1734 2111 1788 Et

2219 563 2392 623 λειον.
2419 565 2645 625 Τέλειον
2672 565 2776 643 γὰρ
2823 565 2887 622 τὸ
2929 570 3059 643 πῦρ,
3111 567 3202 622 καὶ
3251 567 3326 630 ὡς
3372 565 3600 633 τελείως
3643 569 3850 646 φωτίζον

2217 655 2308 710 καὶ
2361 655 2436 718 ὡς
2496 655 2719 716 τελείως
2784 658 3072 729 θερμαῖνον
3138 655 3268 725 ἢτοι
3339 661 3518 711 καῖον·
3589 654 3701 731 ἔχει
3759 659 3845 735 γὰρ

2217 741 2400 818 ἄκρως
2459 743 2732 820 ἑκάτερον.
2773 741 2990 799 Τὲλειον
3043 740 3123 814 δὲ,
3174 745 3260 799 δτι
3308 745 3400 800 καὶ
3450 742 3618 821 ἄμφω
3671 742 3852 822 ἔνεργεῖ

2220 833 2334 907 ἅμα
2356 833 2450 887 καὶ
2495 831 2796 896 παντελῶς·
2849 830 3079 888 διπλοῦν
3133 833 3236 910 γὰρ
3279 834 3341 888 τὸ
3389 832 3622 906 τέλειον,
3663 836 3724 890 τὸ
3769 836 3846 910 μὲν

2217 923 2336 987 καθ’
2384 921 2636 1000 ἑκατέραν
2697 920 2968 995 ἰδιότητα,
3025 923 3090 978 τὸ
3155 921 3211 978 δὲ
3270 924 3407 979 κατᾶ
3463 925 3559 992 τήν
3623 925 3750 999 πρὸς
3796 925 3850 980 τὸ

2215 1007 2398 1088 ἕτερον
2469 1009 2762 1091 συμφυΐαν
2811 1013 2954 1068 οὕτω
3011 1013 3100 1068 καὶ
3163 1012 3215 1068 ἓν
3274 1014 3347 1085 τῇ
3401 1011 3621 1090 Τριάδι.
3676 1013 3851 1071 Τελεία

2221 1100 2314 1172 μὲν
2345 1100 2448 1178 γὰρ
2496 1103 2532 1170 ἡ
2587 1100 2752 1178 Τριᾶς
2795 1101 2887 1156 καὶ
2941 1101 3025 1156 ὅτι
3073 1100 3258 1176 Τριᾶς,
3307 1100 3368 1156 οὐ
3422 1101 3590 1175 μονὰς
3644 1123 3852 1178 προσω·

2216 1192 2352 1261 πική
2403 1190 2439 1260 ἤ
2488 1189 2640 1264 δυὰς,
2700 1189 2884 1248 τελεία
2931 1187 3008 1262 δὲ,
3059 1189 3141 1246 ὅτι
3181 1190 3272 1246 καὶ
3331 1192 3528 1264 ἑκάστη
3578 1192 3852 1256 ὑπόστασις

2216 1281 2334 1334 καθ’
2371 1281 2545 1350 αὐτὴν
2609 1277 2985 1357 θεωρουμένη,
3017 1279 3182 1337 εἶκαὶ
3235 1282 3312 1354 μὴ
3370 1279 3638 1352 ἅλλήλων
3689 1281 3854 1358 χωρί-

2220 1374 2423 1440 ζονται,
2481 1369 2741 1434 παντελὲς
2811 1367 2931 1446 ἔχει
2993 1370 3056 1425 τὸ
3122 1369 3332 1426 τέλειον
3397 1373 3487 1426 καὶ
3554 1369 3852 1446 ὑπερτελίς.

2219 1458 2367 1516 Κατᾶ
2418 1461 2487 1514 τὰ
2541 1457 2678 1515 αὐτὰ
2723 1456 2780 1514 δὲ
2825 1459 2918 1515 καὶ
2973 1461 3008 1530 ἡ
3067 1457 3390 1536 ἐκπόρευσις
3431 1459 3615 1517 τελεία
3667 1461 3756 1516 καὶ
3799 1459 3854 1516 ἐκ

2212 1553 2312 1604 τοῦ
2359 1550 2592 1626 Πατρός,
2651 1547 2836 1606 τελεία
2885 1549 2978 1605 καὶ
3023 1548 3082 1604 ἐκ
3127 1553 3224 1604 τοῦ
3272 1551 3400 1604 Υἱοῦ
3447 1550 3538 1606 καὶ
3584 1547 3636 1623 ἒξ
3689 1549 3856 1606 ἑκατε-

2217 1657 2322 1713 ρων
2381 1635 2582 1694 τελεία’
2633 1639 2722 1693 καὶ
2776 1637 2827 1710 ἐξ
2876 1638 3080 1718 ἀμφοῖν
3135 1638 3227 1694 καὶ
3277 1638 3410 1716 ὑπὲρ
3460 1637 3629 1714 λόγον
3684 1639 3858 1695 ἑκάτε-

2215 1747 2332 1803 ρον,
2362 1725 2457 1784 κᾶν
2491 1729 2569 1802 μὴ
2599 1727 2784 1800 ἁπλῆν
2823 1725 2964 1802 μηδὲ
2991 1729 3090 1798 τὴν
3125 1727 3293 1799 αὐτὴν
3343 1729 3432 1784 καὶ
3489 1728 3616 1802 μίαν
3664 1731 3854 1800 ταύτην

427 1823 558 1880 ·ῐίι1ἱ
591 1829 762 1896 pacto
793 1823 1115 1880 difﬁcultas
1162 1830 1264 1880 tua
1308 1823 1556 1880 solvitur
1603 1821 1956 1894 nullumque
2001 1821 2093 1878 ab-

2216 1815 2386 1892 εἴπῃς.
2422 1816 2529 1874 Καὶ
2583 1817 2730 1874 οὕτω
2781 1815 3005 1874 λέλυταί
3055 1838 3139 1873 σοι
3190 1816 3254 1873 τὸ
3299 1815 3524 1894 ἄπορον,
3567 1818 3661 1874 καὶ
3711 1815 3853 1874 οὐδὶν

451 1914 700 1969 surdum
727 1913 882 1970 hanc
938 1913 1327 1984 consequitur
1377 1913 1731 1968 doctrinam.
1793 1912 1851 1967 Si
1900 1916 2099 1968 autem

447 2019 627 2058 unam
659 2003 826 2058 illam
859 2003 1040 2073 dicas,
1075 2003 1224 2058 nihil
1256 2003 1502 2058 omnino
1524 2001 1905 2069 adversatur;
1947 2001 2102 2057 sicut

449 2091 498 2147 si
530 2092 663 2163 quis
690 2099 1023 2163 quaareret:
1055 2093 1173 2148 Cur
1202 2097 1448 2165 generat
1489 2091 1711 2147 Pater?
1758 2091 1872 2146 Cur
1918 2090 2098 2146 Filius

450 2181 818 2254 generatur?
847 2183 962 2237 Cur
993 2181 1248 2253 Spiritus
1287 2181 1610 2254 procedit?
1656 2179 1741 2235 nil
1791 2178 1955 2236 aliud
2000 2179 2100 2235 ha-

451 2270 751 2335 beremus,
786 2269 944 2340 quod
976 2270 1497 2340 responderemus,
1531 2268 1646 2324 nisi
1679 2267 1837 2339 quod
1885 2269 2097 2324 horum

453 2355 762 2426 quodlibet
777 2355 1110 2427 proprietas
1129 2362 1221 2410 est
1237 2354 1602 2427 singularum
1636 2355 1968 2410 divinarum
1998 2354 2102 2428 hy-

448 2449 787 2516 postaseon.
824 2444 916 2499 Sic
949 2451 1008 2498 et
1037 2445 1084 2499 si
1118 2451 1181 2499 tu
1207 2443 1576 2517 interrogas:
1610 2445 1796 2510 Quam
1845 2443 1920 2499 ob
1964 2459 2098 2499 cau-

447 2549 574 2588 sam
605 2536 780 2588 Pater
810 2533 1052 2604 quidem
1083 2539 1328 2605 generat
1346 2533 1560 2588 Filium
1585 2539 1643 2588 et
1662 2534 1946 2605 Spiritum
1960 2549 2096 2604 pro-

441 2622 604 2678 ducit
634 2621 934 2677 mediante
960 2622 1130 2690 Filio,
1163 2623 1346 2678 Filius
1377 2639 1513 2678 vero
1568 2628 1628 2678 et
1673 2621 1801 2694 ipse
1847 2639 2098 2696 genera-

441 2718 538 2768 tur
567 2730 640 2768 ex
663 2713 834 2768 Patre
869 2717 926 2767 et
958 2713 1242 2784 Spiritum
1273 2713 1548 2785 producit
1588 2712 1754 2768 nullo
1803 2713 1920 2770 alio
1968 2729 2098 2768 am-

442 2801 602 2873 plius
635 2801 957 2869 mediante,
992 2802 1243 2874 Spiritus
1271 2801 1527 2874 denique
1559 2807 1618 2858 et
1647 2819 1716 2858 ex
1758 2803 1930 2860 Patre
1959 2818 2098 2874 pro-

440 2891 598 2946 cedit
629 2895 688 2946 et
717 2908 785 2946 ex
810 2890 980 2958 Filio,
1015 2897 1073 2946 et
1103 2908 1174 2946 ex
1205 2890 1303 2947 illo
1332 2892 1573 2964 quidem
1599 2892 1956 2958 mediate,ex
1983 2893 2096 2948 hoc

440 2997 578 3035 vero
612 2979 956 3036 immediate
981 2979 1010 3034 ?
1036 3011 1105 3021 ——
1130 2979 1367 3036 nullum
1419 2981 1583 3036 aliud
1612 2981 1817 3037 audies
1845 2997 2097 3052 respon-

444 3086 576 3124 sum
608 3069 720 3124 nisi
752 3069 910 3140 quod
941 3071 1023 3124 ita
1054 3086 1115 3125 se
1148 3070 1368 3125 habent
1398 3087 1530 3140 qum
1571 3070 1647 3126 ad
1703 3071 2094 3143 preprie:ates

441 3163 730 3229 spectant.
765 3158 938 3214 Vides
961 3175 1032 3214 ea
1053 3175 1186 3230 quin
1215 3159 1433 3214 asseris
1462 3159 1795 3215 doctrinam
1817 3164 2084 3216 nostram

442 3247 612 3318 sequi
641 3246 922 3315 absurda,
955 3252 1057 3302 aut
1089 3246 1333 3302 minime
1393 3248 1557 3318 sequi
1608 3253 1711 3303 aut
1757 3265 1877 3304 nou
1926 3265 2083 3315 vera,

447 3336 553 3391 sed
583 3337 927 3408 apparentia
957 3353 1087 3392 esse
1119 3335 1377 3392 absurda
1405 3336 1822 3393 demonstrari.

517 3427 571 3480 8.
601 3427 712 3482 GR.
767 3427 1044 3482 Attamen
1097 3425 1259 3481 aliud
1307 3425 1474 3482 video
1523 3425 1868 3496 absurdum,
1933 3425 2091 3497 quod

450 3517 836 3586 consequitur
862 3515 1306 3588 processionem
1337 3516 1590 3588 Spiritus
1619 3533 1686 3572 ex
1710 3518 1879 3572 Patre
1911 3522 2089 3588 atque

451 3622 520 3662 ex
549 3604 716 3664 Filio.

517 3696 668 3750 LAT.
700 3694 974 3752 Edissere
1005 3700 1062 3750 et
1090 3695 1266 3752 istud.
1302 3699 1570 3752 Fortasse
1603 3697 1761 3753 enim
1808 3696 2087 3754 adversus

440 3787 552 3842 hoc
585 3803 818 3857 quoque
849 3803 1182 3843 sermonem
1215 3793 1418 3859 aptum
1462 3786 1710 3843 reddere
1757 3793 1984 3860 potero,
2035 3788 2084 3844 si

441 3875 673 3930 dederit
701 3875 950 3947 Spiritus
979 3881 1239 3932 sanctus.

510 3965 620 4020 GR.
657 3967 720 4036 (ε)
751 3965 806 4019 Si
841 3981 910 4020 ex
969 3966 1116 4020 Filio
1175 3971 1332 4020 esset
1389 3967 1664 4038 Spiritus,
1721 3972 1859 4022 tunc
1905 3965 2082 4022 Filius

443 4054 594 4109 foret
623 4052 874 4125 Spiritus
907 4059 1092 4126 pater,
1126 4058 1186 4110 et
1214 4054 1466 4125 Spiritus
1496 4055 1654 4110 ﬁlius
1697 4055 1846 4123 Filii,
1897 4072 2082 4127 nepos

441 4149 638 4197 autem
675 4142 878 4208 Patris,
940 4148 997 4198 et
1049 4144 1223 4198 Pater
1275 4143 1526 4214 Spiritus
1584 4160 1745 4199 avus.
1795 4143 1907 4200 Sed
1957 4144 2082 4200 haec

439 4238 578 4286 sunt
609 4231 863 4288 ridicula
920 4237 1096 4304 atque
1149 4250 1184 4288 a
1240 4233 1484 4289 veritate
1541 4239 1601 4289 et
1641 4234 1858 4304 pietate
1907 4233 2082 4306 longe

437 4321 653 4376 aliena.

509 4409 662 4463 LAT.
697 4410 913 4465 Contra
943 4411 1096 4465 hanc
1123 4412 1418 4468 rationem
1448 4412 1810 4485 respondere
1849 4412 2079 4470 licitum

437 4501 548 4562 est,
581 4513 710 4551 eam
742 4513 862 4552 non
894 4505 1099 4554 contra
1141 4500 1353 4572 dogma
1402 4507 1674 4557 nostrum
1733 4502 1928 4558 valere
1974 4502 2077 4558 de-

2124 3203 2174 3272 C

2212 1905 2418 1962 ἄτοπον
2460 1910 2540 1978 τῷ
2597 1904 2748 1982 λόγῳ
2797 1905 3108 1972 ἀκολουθεῖ.
3161 1905 3230 1963 Εἴ
3277 1904 3336 1962 δὲ
3377 1906 3466 1962 καὶ
3523 1907 3651 1982 μίαν
3699 1907 3856 1978 αὐτὴν

2210 1993 2409 2064 εἷ’ποις,
2440 1996 2502 2051 τὸ
2535 1993 2777 2066 ἀντίξουν
2811 1995 2985 2054 οὐδὲν.
3017 1997 3224 2072 ’Ὠσπερ
3285 1994 3389 2071 γὰρ
3439 1995 3486 2052 εἳ
3532 2017 3620 2060 τις
3661 1991 3853 2073 ἔροιτο·

2211 2085 2311 2140 Διὰ
2338 2084 2392 2141 τί
2420 2089 2582 2160 γεννᾷ
2611 2087 2639 2140 6
2670 2087 2855 2160 Πατήρ
2891 2104 2904 2154 ;
2952 2081 3041 2139 διὰ
3085 2086 3140 2141 τί
3194 2087 3222 2140 6
3251 2085 3374 2148 Υἱὸς
3429 2092 3686 2162 γεννᾶται
3718 2105 3732 2155 ;
3775 2083 3859 2140 διὰ

2206 2173 2260 2230 τί
2303 2175 2365 2230 τὸ
2403 2179 2622 2248 Πνεῦμα
2668 2173 3054 2250 ἐκπορεύεται;
3105 2174 3207 2230 οὐκ
3255 2175 3314 2230 ἂν
3360 2196 3414 2231 τι
3459 2170 3644 2254 ἕτερον
3695 2178 3855 2234 εἰπεῖν

2209 2261 2434 2340 ἔχοιμεν
2463 2262 2498 2334 ἤ
2531 2263 2614 2320 ὅτι
2651 2263 2864 2321 τούτων
2901 2261 3126 2320 ’ἑκαστον
3175 2262 3386 2336 ἰδιότης
3437 2265 3578 2321 ἐστὶν
3633 2267 3860 2337 ἑκάστης

2205 2359 2314 2409 τῶν
2365 2354 2524 2419 θείων
2586 2354 2949 2410 ὑποστάσεων·
3007 2353 3181 2418 οὕτως
3240 2351 3336 2410 κᾶν
3396 2355 3556 2419 αὐτὸς
3636 2356 3858 2430 ἐρωτᾷς,

2209 2444 2308 2499 Διὰ
2336 2444 2390 2498 τί
2419 2445 2447 2499 6
2481 2465 2576 2517 μεν
2636 2445 2827 2518 Πατὴρ
2877 2448 3032 2520 γεννᾷ
3079 2445 3170 2500 τὸν
3227 2445 3349 2500 Υἱὸν
3394 2444 3482 2500 καὶ
3525 2445 3589 2502 τὸ
3643 2450 3864 2520 Πνεῦμα

2205 2527 2583 2608 προϐάλλεται
2613 2536 2710 2588 τοῦ
2767 2533 2896 2588 Υἱοῦ
2955 2534 3358 2606 μεσιτεύοντος,
3409 2535 3437 2589 ὁ
3486 2533 3544 2590 δὶ
3589 2537 3725 2600 Υἱὸς
3770 2535 3857 2591 καὶ

2205 2620 2364 2685 αὐτὸς
2393 2625 2641 2698 γεννᾶται
2672 2620 2734 2678 ἐκ
2758 2626 2856 2678 τοῦ
2904 2622 3137 2699 Πατρὸς,
3198 2624 3288 2679 καὶ
3343 2623 3408 2678 τὸ
3454 2629 3686 2698 Πνεῦμα
3731 2645 3858 2700 προ·

2205 2705 2469 2767 ϐάλλεται
2514 2711 2709 2785 μηκέτι
2757 2711 2903 2775 τινὸς
2957 2711 3360 2785 μεσιτεύοντος,
3415 2713 3478 2768 τὸ
3528 2711 3588 2768 δὲ
3643 2717 3864 2788 Πνεῦμα

2202 2802 2293 2857 καὶ
2361 2800 2421 2857 ἐκ
2475 2805 2572 2856 τοῦ
2628 2801 2837 2878 Πατρὸς
2883 2801 3234 2878 ἐκπορεόεται
3293 2802 3384 2858 καὶ
3427 2801 3486 2858 ἐκ
3557 2807 3662 2859 105
3711 2805 3859 2873 Υἱοῦ,

2200 2890 2291 2946 καὶ
2323 2891 2383 2946 ἐκ
2409 2895 2506 2946 τοῦ
2548 2891 2644 2964 μὶν
2695 2888 2970 2964 ἔμμέσως,
3026 2891 3085 2946 ἐκ
3131 2895 3228 2948 τοῦ
3276 2888 3332 2946 δὲ
3380 2891 3651 2966 ἁμέσωςτ,
3706 2890 3858 2950 οὐδὶν

2203 2976 2345 3034 ἂλλο
2393 2978 2664 3047 ἀκούσεις,
2694 2975 2842 3048 ἤὸτι
2893 2979 3066 3042 οὕτως
3116 2973 3307 3056 ἔχουσι
3357 2979 3425 3036 τὰ
3471 2985 3578 3036 τῶν
3638 2979 3858 3052 ίδιοτή-

2199 3089 2331 3126 των.
2361 3069 2522 3142 Ὁρᾷς
2551 3066 2634 3122 ὅτι
2669 3068 2702 3122 ἅ
2732 3067 2911 3144 λέγεις
2930 3064 3149 3124 ἕπεσθαι
3197 3073 3276 3142 τῷ
3325 3068 3477 3145 λόγῳ
3525 3070 3604 3133 ὡς
3660 3073 3860 3140 ἄτοπα,

2200 3160 2370 3212 ταῦτα
2417 3153 2681 3212 δείκνυται
2735 3153 2772 3226 ἤ
2837 3157 2912 3230 μὴ
2968 3157 3204 3230 ἑπόμενα
3259 3157 3295 3228 ἤ
3359 3159 3434 3232 μή
3495 3154 3648 3230 ὄντα,
3712 3155 3862 3214 ἀλλὰ

2203 3266 2275 3326 φα
2284 3245 2358 3300 ινό
2367 3265 2496 3320 μενοι
2527 3240 2722 3303 ἄτοπα.

2275 3426 2355 3482 H‘.
2387 3427 2490 3482 ΓΡ.
2524 3425 2630 3482 Καὶ
2665 3427 2770 3499 μῆν
2803 3424 2946 3483 ἄλλο
2977 3427 3178 3484 ἄτοπον
3209 3427 3471 3504 ἑπόμενον
3532 3433 3758 3505 συνορῶ
3789 3431 3862 3503 τῇ

2203 3513 2262 3571 ἐκ
2298 3519 2395 3570 τοῦ
2465 3516 2674 3592 Ηατρὸς
2739 3515 2830 3570 καί
2902 3515 2962 3572 ἐκ
3020 3521 3117 3574 τοῦ
3184 3518 3314 3572 Υἱοῦ
3378 3515 3704 3591 ἐκπορεύσει
3767 3521 3865 3574 τοῦ

2199 3605 2338 3663 Ηνεύ
2347 3625 2539 3678 ματος.

2267 3698 2423 3753 ΑΑΤ.
2471 3694 2624 3752 Ἐἰπὲ
2673 3692 2739 3765 δὴ
2795 3695 2885 3751 καὶ
2942 3700 3126 3757 τοῦτο.
3182 3700 3342 3760 Ἱσως
3385 3696 3490 3774 γὰρ
3546 3697 3865 3774 εὖποργίσω

2194 3784 2284 3840 καὶ
2333 3786 2469 3860 πρὸς
2521 3785 2648 3841 αὐτὸ
2706 3783 2878 3864 λόγου
2917 3787 3086 3857 τινὸς,
3127 3787 3174 3844 εί
3222 3784 3350 3858 δοίη
3399 3789 3462 3844 τὸ
3511 3793 3752 3863 Πνεῦμα
3802 3787 3866 3841 τὸ

2193 3876 2370 3951 ἅγιον.

2265 3970 2364 4021 ΓΡ.
2400 3966 2512 4039 (29)
2545 3964 2610 4021 Εἰ
2641 3963 2700 4020 ἔκ
2731 3968 2828 4022 τοῦ
2855 3965 2984 4022 Υἱοῦ
3011 3966 3075 4021 τὸ
3121 3971 3361 4041 Πνεῦμα,
3413 3966 3601 4042 πατὴρ
3653 3965 3722 4022 ἂν
3775 3964 3865 4035 εἴη

2189 4057 2286 4106 τοῦ
2316 4053 2632 4126 Πνεύματος
2674 4052 2880 4131 ὁ.Υἱὸς,
2926 4053 3016 4108 καὶ
3068 4054 3130 4108 τὸ
3173 4059 3391 4128 Πνεῦμα
3435 4056 3550 4118 υἱὸς
3602 4055 3711 4129 μὲν
3771 4057 3874 4110 τοῦ

2191 4141 2341 4212 Υἱοῦ,
2401 4141 2598 4205 υἱωνὸς
2659 4139 2759 4215 (δέ)
2817 4143 3050 4218 Πατρὸς,
3125 4142 3217 4198 καὶ
3275 4145 3304 4198 6
3362 4145 3547 4220 Πατὴρ
3623 4144 3871 4204 πάππος

2188 4235 2284 4287 τοῦ
2317 4231 2651 4306 Πνεόματος·
2679 4231 2828 4288 ἀλλᾶ
2854 4236 3022 4288 ταῦτα
3053 4231 3248 4309 γελοῖα
3287 4233 3376 4289 καὶ
3429 4239 3528 4304 τῆς
3582 4232 3877 4306 ἀληθείας

2189 4321 2279 4377 καὶ
2309 4327 2410 4390 τῆς
2443 4317 2714 4385 εὐσεϐείας
2745 4321 3033 4398 ἀλλότρια.

2263 4414 2417 4483 VAT,
2449 4412 2592 4487 Πρὸς
2623 4415 2815 4467 τοῦτον
2851 4413 2942 4468 τὸν
2997 4411 3158 4489 λόγον
3207 4409 3328 4483 ἐξῆν
3371 4412 3743 4492 ἆντεπόίγειν,
3799 4413 3879 4475 ὥς

2189 4499 2252 4554 οὒ
2277 4501 2398 4576 περὶ
2429 4501 2494 4556 τὸ
2525 4497 2703 4576 δόγμα
2733 4503 2895 4574 ἡμῶν
2943 4503 2978 4571 ἡ
3029 4499 3397 4574 ἀκολούθησις
3440 4505 3548 4558 τῶν
3605 4501 3872 4578 γελοίων

437 4584 781 4640 ductionem
811 4587 1283 4658 pr0positionum
1332 4589 1723 4646 ridicularum
1770 4597 1827 4646 et
1868 4593 2078 4664 impia-

2216 4589 2275 4645 ,αὶ
2309 4583 2542 4645 ἀσεϐῶν·
2579 4589 2694 4645 ἐπεὶ
2726 4590 2872 4646 εἶπεν
2906 4588 2966 4644 ἃν
3017 4611 3122 4660 τις,
3171 4589 3216 4646 εἰ
3265 4592 3340 4665 μὴ
3389 4584 3657 4656 εὐλαϐῶς
3715 4591 3878 4668 εἶχεν

435 4692 587 4732 rum.
635 4676 781 4730 Nam
832 4681 1035 4747 posset
1085 4679 1218 4747 quis
1277 4676 1494 4746 dicere,
1551 4679 1792 4750 quando
1841 4682 2080 4752 quidem

433 4783 554 4822 non
585 4771 886 4820 vereretur
915 4766 976 4820 in
1007 4766 1382 4822 sermonibus
1413 4767 1485 4824 de
1517 4767 1636 4824 Deo
1687 4769 1976 4841 quidquid
2019 4771 2079 4826 iu

432 4857 681 4913 buccam
711 4855 939 4910 venerit
967 4855 1166 4926 eloqui
1196 4872 1385 4928 eaque
1416 4874 1548 4929 quas
1581 4857 1862 4914 divinitus
1894 4860 2080 4931 inspi-

432 4953 561 5003 rata
591 4945 832 5002 oracula
862 4945 1108 5001 minime
1136 4947 1536 5019 suppeditant,
1571 4952 1635 5002 ut
1660 4952 1718 5002 et
1746 4947 1870 5019 ipse
1909 4949 2078 5018 dicis,

433 5042 634 5107 posset
663 5037 818 5109 quis,
853 5036 1118 5108 inquam,
1152 5036 1348 5093 dicere
1374 5055 1386 5093 :
1421 5038 1479 5092 Si
1503 5052 1573 5092 ex
1605 5039 1774 5092 Patre
1797 5038 2078 5094 estetiam

433 5127 705 5198 Spiritus,
739 5133 879 5184 tunc
913 5127 1070 5183 filius
1105 5129 1287 5184 Patris
1340 5133 1396 5183 et
1427 5127 1554 5183 Filii
1597 5127 1781 5182 frater
1827 5128 2076 5188 erit......

457 5329 614 5451 429)
642 5330 731 5413 ad
761 5346 946 5415 marg.
985 5333 1109 5386 Vat.
1221 5332 1274 5397 8,
1327 5346 1398 5418 a‘:
1449 5329 1668 5400 Ἕτερον
1722 5326 1952 5416 ﬁgo-nov,
1992 5329 2075 5386 ὅτι

460 5418 473 5448 ι
529 5417 686 5451 κτου
743 5400 870 5451 Υἱου
921 5400 984 5451 τὸ
1045 5405 1266 5451 Πνευιια
1309 5399 1425 5451 uio:
1474 5395 1624 5451 ἔσται
1680 5419 1775 5451 του
1827 5403 1956 5451 Υἱου
2009 5402 2075 5451 τὸ

427 5395 563 5451 sibi
589 5395 686 5452 τοῦ
743 5395 984 5456 Υἱοῦπὸ
1045 5395 1267 5474 Πνεῦμα
1309 5399 1425 5462 υἱὸς
1474 5395 1624 5455 ἔσται
1680 5400 1775 5455 τοῦ
1827 5403 1956 5456 Υῖοῦ
2009 5402 2075 5459 τὸ

501 5595 877 5672 _(s)_Quintu_In
907 5603 1323 5672 argumentum
1336 5597 1456 5672 iggSi
1489 5615 1561 5653 ex
1611 5598 1775 5672 Filio,
1799 5562 2073 5672 Spiritus,

429 5665 541 5724 erit
579 5665 710 5722 Filii
743 5666 901 5724 filius
933 5665 1185 5741 spiritus
1207 5675 1266 5727 et
1287 5668 1466 5728 Filius
1486 5677 1657 5742 pater
1686 5665 1936 5744 Spiritus
1959 5665 2070 5731 etc:

2191 4677 2244 4733 ἐν
2277 4684 2394 4741 τοῖς
2425 4677 2550 4754 περὶ
2585 4682 2718 4735 Θεοῦ
2750 4676 2946 4754 λόγοις
2975 4681 3062 4735 καὶ
3113 4682 3183 4736 τὰ
3227 4679 3465 4755 τυχόντα
3518 4680 3880 4756 φθέγγεσθαι

2188 4767 2276 4822 καὶ
2309 4769 2343 4822 ἅ
2376 4769 2451 4842 μὴ
2483 4767 2550 4823 τὰ
2581 4769 2905 4832 θεόπνευστα
2935 4765 3099 4845 λόγια
3147 4765 3363 4836 δίδωσι,
3412 4769 3551 4824 καθὰ
3606 4769 3733 4849 φῄς
3783 4769 3887 4826 καὶ

2188 4857 2374 4928 αὐτὸς,
2405 4855 2488 4912 ὅτι
2522 4857 2586 4914 Εἴ
2615 4855 2676 4913 ἐκ
2703 4860 2799 4913 τοῦ
2832 4857 3040 4934 ΙΙατρὸς
3071 4859 3162 4914 καὶ
3213 4857 3276 4913 τὸ
3326 4861 3568 4931 Πνεῦμα,
3631 4861 3772 4922 υἱὸς
3825 4857 3890 4915 ἂν

2186 4949 2283 5002 τοῦ
2314 4947 2528 5021 Πατρὸς
2558 4945 2649 5002 καὶ
2681 4943 2916 5024 ἀδελφὸς
2942 4950 3040 5002 τοῦ
3069 4947 3199 5001 Υἱοῦ
3231 4989 3268 5005 ..

2187 5345 2780 5423 Hve5pa_xai_61‘i6§
2839 5347 3027 5423 Πατὴρ
3083 5351 3181 5402 τοῦ
3237 5345 3580 5421 Πνεύματος,
3645 5351 3760 5406 καὶ
3823 5351 3900 5406 τὰ

2189 5417 2345 5490 ἑξῆς(
2379 5419 2500 5474 εἶτα
2530 5417 2685 5481 λύσις
2715 5417 2900 5475 αὐτοῦ.

2183 5599 2404 5673 Qonfer
2429 5600 2600 5656 Phot.
2635 5602 2712 5657 De
2739 5602 2942 5672 Spit-it.
2971 5607 3146 5658 sanet.
3177 5602 3539 5673 mystagogia,

2184 5672 2375 5731 Nicol.
2407 5673 2665 5729 Methon.
2700 5689 2752 5728 ο.
2782 5675 2872 5730 21.
