4062 6202
387 337 506 398 203
1648 325 1959 389 NICETIE
2000 323 2537 390 MARONIENSIS
3678 329 3790 392 204

457 466 732 537 Sequitur
759 463 979 535 prolixa
1009 463 1211 537 deboc
1242 465 1588 537 argumento
1622 461 1910 537 tractatio,
1943 457 2034 514 cui
2064 459 2383 537 innectitur
2410 465 2469 516 et
2507 459 2823 537 Atbanaeii
2865 459 3540 537 celeberrimu§__texlu_s
3586 461 3745 537 Orat,
3779 465 3800 519 Ι

386 531 589 595 contra
622 531 882 602 Arianos,
919 537 956 590 f.
992 551 1050 589 n.
1075 535 1168 601 50,
1202 531 1400 606 quo:et
1428 531 2045 606 iAndronACamaterus
2078 532 2262 606 (apud
2286 531 2534 606 Beccum
2567 532 2668 606 Gr.
2703 531 2948 606 Ortbod.
2981 536 3025 587 t.
3062 531 3132 601 Il,
3168 533 3387 606 p.382)
3433 533 3654 606 aliique
3687 535 3806 606 plu-

386 611 523 666 rimi
556 614 820 676 utuntur,
851 609 922 662 de
947 622 1061 678 quo
1093 603 1394 678 cont‘erDe
1424 603 1639 678 Rubeis
1670 603 1910 678 Dissert.
1947 603 2005 656 in
2032 618 2166 674 opp.
2200 603 2621 676 Theophylacti
2682 610 2724 658 t.
2777 605 2821 674 Ι,
2863 621 2918 674 p.
2970 620 3096 671 XLV,
3130 603 3188 658 n1
3219 605 3293 657 75
3323 605 3425 658 ﬁn.
3459 603 3804 675 Pos’equitur

384 681 594 739 deinde
623 682 681 736 in
714 675 925 746 Vatic.,
959 675 1087 733 cod.
1122 679 1178 731 11
1200 678 1261 730 t5
1290 677 1329 732 ἰ.
1367 678 1427 730 11
1464 676 1520 731 b.
1554 677 1705 732 med.
1739 675 1997 729 Latinus.
3651 717 3654 719 ,

456 809 642 878 Majus
709 805 889 877 igitur
947 804 1271 859 secundum
1325 807 1580 858 vestram
1649 801 2031 856 assertionem

2217 799 2298 854 Τὸ
2354 805 2538 870 μεῖζον
2587 797 2691 873 ἄρα
2748 799 2885 855 κατὰ
2950 799 3042 855 τὸν
3103 798 3368 874 ὑμέτερον
3414 797 3576 874 λόγον
3610 798 3803 876 εἴληχε

388 897 713 954 secundum
765 898 1079 964 utrumque
1132 893 1378 948 sortitus
1437 895 1528 946 est
1586 890 1752 945 Pater
1810 894 1867 944 et
1923 903 1992 942 n0

2197 889 2266 942 ιτ⁹
2297 887 2605 966 ἀμφότερον
2639 891 2667 944 6
2701 890 2912 964 Ηατήρ·
2949 890 3039 944 xui
3081 890 3196 967 οὐχ
3225 891 3364 961 ἡμῖν
3402 887 3618 962 μᾶλλον
3647 895 3801 945 τοῦτο

389 986 579 1057 magis
610 982 798 1051 nobis,
835 997 1009 1053 quam
1044 981 1239 1053 potius
1288 979 1454 1037 vobis
1503 979 1648 1048 ipsis
1689 978 1794 1032 hoc
1841 977 1984 1032 absu

2195 978 2212 1030 5
2243 974 2464 1046 ἃτοπον,
2496 975 2625 1033 ἀλλ’
2655 979 2868 1039 ἑαυτοῖς
2897 980 3257 1054 συνηγάγετε,
3289 977 3401 1054 εἷ’γε
3433 979 3565 1056 φατὲ
3605 978 3799 1034 ἄτοπον

388 1076 530 1130 dum
563 1071 864 1132 intulistis,
912 1069 1195 1142 siquidem
1243 1068 1569 1123 absurdum
1620 1066 1812 1122 dicitis
1849 1065 1992 1136 majt

2197 1065 2213 1118 5
2249 1071 2434 1137 μεῖζον
2474 1067 2609 1121 κατὰ
2636 1067 2736 1135 τήν
2771 1064 3041 1137 ἰδιότητα.
3088 1066 3153 1124 Ei
3187 1067 3244 1122 δὲ
3278 1068 3356 1141 μή
3385 1066 3550 1123 τοῦτο
3583 1067 3801 1138 ἂτοπον,

390 1164 717 1220 secundum
753 1159 1220 1234 proprietatem;
1285 1159 1331 1213 si
1390 1173 1522 1213 vero
1581 1157 1745 1213 vobis
1791 1157 1896 1211 hoc
1927 1170 1994 1210 no

1285 1159 1331 1213 si
1390 1173 1522 1213 vero
1581 1157 1745 1213 vobis
1791 1157 1896 1211 hoc
1927 1170 2041 1210 non
2157 1151 2298 1227 μηδὲ
2327 1157 2463 1228 ἡμῖν
2497 1153 2672 1210 ἐκεῖνο
2703 1155 2855 1232 φατέ.

390 1257 478 1309 est
498 1252 848 1316 absurdum,
881 1264 1071 1318 neque
1115 1247 1284 1303 nobis
1321 1247 1646 1302 absurdum
1687 1259 1814 1300 esse
1847 1243 2041 1300 dicite.

457 1341 512 1397 2.
545 1342 626 1412 (ιι)
658 1341 776 1395 GR.
815 1337 962 1404 Quid
1013 1336 1241 1408 igitur?
1278 1334 1483 1391 Nonne
1539 1335 1654 1390 duo
1699 1334 1840 1389 facis
1882 1332 2042 1404 prin-

2227 1336 2294 1410 β’.
2331 1341 2428 1392 ΓΡ.
2462 1335 2531 1392 Ti
2563 1333 2655 1391 οὖν
2693 1336 2864 1412 ;οὗχὶ
2919 1334 3016 1392 δύο
3073 1343 3252 1400 ποιεῖς
3292 1337 3491 1414 ἀρχὰς,
3539 1337 3597 1394 εἷ’
3619 1360 3679 1413 γε
3708 1338 3807 1414 φῂς

389 1430 562 1501 cipis,
596 1429 642 1484 si
678 1427 911 1499 quidem
945 1425 1031 1482 ais
1065 1425 1344 1497 Spiritum
1386 1441 1456 1479 ex
1491 1426 1658 1478 Patre
1702 1426 1759 1478 et
1801 1437 1870 1478 ex
1902 1421 1993 1476 Fil:

2206 1427 2468 1498 μΙΙνεῦμα
2523 1423 2583 1478 ἐκ
2619 1429 2716 1480 τοῦ
2774 1427 2984 1500 [ἰατρὸς
3040 1425 3131 1482 καὶ
3198 1427 3258 1482 ἐκ
3310 1431 3406 1481 τοῦ
3464 1429 3597 1481 ι’ἱοῦ
3656 1427 3810 1482 ἐκπο-

391 1519 705 1591 procedere
731 1517 759 1571 ‘I

2157 1511 2401 1588 ρεύεσθαι
2435 1515 2548 1587 (34)
2583 1533 2595 1582 ;

469 1607 621 1661 LAT.
654 1605 936 1676 Equidem
962 1619 1077 1660 non
1112 1609 1266 1673 puto.
1318 1602 1463 1657 Nam
1511 1601 1627 1656 duo
1669 1599 1908 1672 quidem
1958 1599 2046 1653 di-

2229 1605 2396 1659 ΛΑΤ.
2431 1602 2546 1660 Οὐκ
2575 1599 2748 1680 ἔγωγε
2796 1606 2978 1676 οἶμαι·
3037 1605 3099 1660 τὸ
3161 1605 3258 1678 μὲν
3316 1605 3419 1680 γὰρ
3480 1604 3582 1662 δύο
3641 1605 3809 1681 λέγειν

397 1696 532 1751 dem
558 1693 747 1748 dicere
772 1693 1058 1764 principia
1083 1690 1414 1746 absurdum
1447 1693 1556 1757 est,
1590 1689 1747 1745 sicut
1777 1704 2001 1744 asserui

2205 1692 2334 1767 οχὰς
2365 1691 2588 1747 ἄτοπονο
2624 1693 2814 1748 ὁποῖόν
2843 1715 2970 1771 φασι
3000 1692 3192 1756 παῖδες
3222 1697 3528 1770 αἱρετικῶν,
3591 1699 3688 1765 τήν
3723 1699 3809 1770 μὲν

398 1783 807 1839 hareticorum
840 1781 1025 1852 pueri,
1058 1780 1154 1851 qui
1182 1797 1360 1834 unum
1395 1783 1662 1834 statuunt
1701 1779 1946 1844 bonum,
1973 1793 2002 1830 a

2208 1780 2389 1845 ,θέντες
2428 1782 2660 1857 ἀγαθὴν,
2691 1784 2792 1851 τήν
2834 1781 2891 1838 δὲ
2920 1784 3184 1857 πονηρὰν,
3217 1784 3306 1838 καὶ
3354 1787 3455 1855 τὴν
3499 1786 3599 1859 μὲν
3636 1788 3812 1860 πηγὴν

405 1876 597 1927 terum
643 1869 873 1936 malum,
934 1868 1075 1924 illud
1121 1868 1351 1939 quidem
1396 1867 1582 1923 omnis
1631 1867 1769 1922 boni
1809 1867 2009 1921 fonterr

2210 1871 2362 1933 κντὸς
2394 1870 2616 1946 ἀγαθοῦ,
2646 1873 2745 1940 τήν
2780 1869 2838 1926 δέ
2896 1871 3070 1927 αἰτίαν
3127 1877 3296 1928 κακοῦ
3327 1875 3553 1946 παντὸς,
3592 1875 3814 1938 ἐναντίας

403 1960 515 2014 hoc
547 1975 679 2014 vero
703 1957 896 2013 omnis
929 1957 1064 2012 mali
1097 1973 1354 2022 causam,
1408 1956 1695 2027 principia
1741 1955 1853 2010 sibi
1902 1955 2007 2009 inv:

1623 1956 1695 2010 tia
1741 1955 1853 2010 sibi
1902 1954 2053 2009 ἱῑινί·
2161 1959 2438 2031 ἀλλήλαις
2467 1960 2558 2015 xui
2590 1958 2842 2016 ἐναντίων
2871 1964 3227 2036 πραγμάτων.

399 2063 522 2103 cem
556 2047 848 2103 contraria
879 2053 1053 2118 atque
1084 2062 1280 2100 rerum
1308 2045 1753 2100 contrariarum.

477 2137 594 2192 GR.
631 2137 903 2191 Attamen
937 2133 1123 2190 multo
1155 2134 1365 2206 magis,
1400 2149 1570 2205 quam
1602 2134 1793 2188 dicere
1823 2137 2054 2188 contra-

2235 2143 2338 2196 ΓΡ.
2377 2139 2567 2197 Καίτοι
2611 2139 2810 2212 πολλῷ
2847 2141 3015 2196 πλέον
3078 2142 3429 2216 ἀτοπώτερον
3483 2146 3590 2198 τοῦ
3648 2142 3813 2219 λέγειν

399 2227 620 2281 riorum
652 2224 946 2280 contraria
995 2222 1281 2294 principia
1327 2227 1385 2278 et
1439 2223 1554 2277 duo
1603 2221 1832 2276 duabus
1884 2221 2003 2276 reb:

2213 2227 2426 2284 μαντίων
2459 2229 2701 2294 ἐναντίας
2730 2230 2907 2305 ἀρχὰς
2937 2231 3024 2285 καὶ
3057 2231 3156 2292 τὰς
3215 2228 3312 2286 δύο
3345 2228 3494 2285 δυσὶν
3533 2233 3817 2306 ἀπονέμειν

401 2312 664 2366 tribuere
699 2309 1010 2381 principia,
1035 2308 1202 2364 alteri
1234 2308 1505 2378 alterum,
1532 2309 1857 2363 absurdum
1893 2307 2005 2378 plai

2207 2316 2420 2394 κατὲραν
2450 2318 2688 2395 ἑκατέρῳ
2726 2319 2789 2374 τὸ
2829 2317 2925 2373 δύο
2957 2318 3161 2374 τιθέναι
3189 2324 3287 2375 τοῦ
3335 2321 3502 2376 αὐτοῦ
3532 2322 3629 2376 καὶ
3686 2323 3811 2383 ἑνός.

403 2404 490 2455 est
520 2400 636 2454 duo
683 2398 860 2453 unius
909 2398 1290 2468 ejusdemque
1338 2397 1624 2468 principia
1673 2411 1902 2467 ponere.
1956 2396 2002 2450 R

2219 2407 2556 2484 ὀλογώτερον
2588 2409 2692 2482 γὰρ
2722 2408 2785 2463 τὸ
2815 2401 2866 2462 ἔν
2906 2406 3121 2481 μᾶλλον
3148 2413 3256 2464 τῶν
3287 2407 3382 2464 δύο
3416 2409 3606 2488 ἀρχὴν
3635 2412 3821 2466 τιθέναι

403 2487 552 2542 tioni
583 2487 738 2542 enim
761 2486 952 2557 magis
978 2491 1069 2541 est
1089 2489 1776 2550 consentaneum,unum
1808 2485 2007 2540 duoru:

1127 2489 1776 2550 onsentaneum,unum
1808 2485 2062 2540 duorum
2170 2496 2205 2566 ἢ
2239 2497 2307 2552 τά
2345 2494 2442 2552 δύο
2469 2501 2567 2552 τοῦ
2597 2497 2731 2559 ἑνός,

411 2575 769 2649 principium
802 2579 1080 2643 statuere,
1113 2589 1287 2645 quam
1321 2577 1435 2630 duo
1477 2573 1672 2628 unius.

486 2665 648 2719 LAT.
680 2663 896 2718 Verum
957 2679 1073 2718 non
1137 2664 1254 2718 duo
1303 2663 1614 2734 principia,
1644 2679 1675 2719 ο
1711 2663 1883 2730 bone,
1921 2661 2065 2718 dici-

2245 2679 2408 2734 AAT.
2442 2673 2602 2732 Ἀλλ’
2634 2675 2697 2731 οὐ
2728 2673 2824 2731 δύο
2855 2674 3052 2752 ἀρχὰς,
3085 2677 3131 2730 ὧ
3161 2675 3346 2745 οὗτος,
3407 2680 3614 2756 φαμὲν,
3649 2679 3820 2750 ἐπειδὴ

410 2752 1049 2846 mus,quandoquiden3
1083 2751 1226 2808 dum
1249 2768 1318 2846 ex
1339 2753 1569 2846 duobus
1599 2751 1860 2846 decimus
1883 2767 2065 2846 unum
2175 2763 2226 2834 ἐξ
2259 2764 2461 2843 ἀμφοῖν
2494 2765 2554 2818 τὸ
2584 2760 2639 2819 ἓν
2673 2751 2922 2840 λέγοντες
2950 2764 3118 2820 πάλιν
3168 2767 3278 2820 τῶν
3309 2751 3499 2822 δύο-τό
3533 2751 3719 2846 ἕτερον
3758 2771 3826 2835 εἷς

419 2858 656 2898 rursum
689 2843 938 2897 duorum
968 2841 1216 2897 alterum
1240 2841 1312 2897 ad
1347 2841 1597 2896 alterum
1625 2841 1953 2907 referimus,
1988 2842 2023 2896 it

2219 2853 2236 2907 ὃ
2265 2852 2446 2928 ἓτερον
2478 2853 2837 2931 ἂναφέρομεν,
2879 2853 2954 2916 ὡς
2990 2853 3116 2928 μίαν
3147 2859 3239 2910 xui
3272 2855 3446 2918 οὕτως
3478 2841 3668 2934 ἀρχὴν
3699 2860 3823 2914 εἶναι

421 2938 488 2988 ut
516 2936 576 2988 et
604 2930 689 2987 sic
721 2945 905 2986 unum
937 2929 1290 3002 principium
1325 2931 1574 2985 duorum
1607 2929 1687 2985 sit
1718 2945 1971 2986 unum...
2177 2947 2283 2998 τῶν
2309 2939 2404 2997 δύο
2433 2942 2496 2998 τὸ
2525 2929 2648 3001 av,“

483 3149 582 3206 His
597 3148 837 3206 uberius
849 3149 1265 3206 demonstratis
1282 3149 1520 3206 Latinus
1539 3150 1737 3217 f.12,a.
1763 3149 1914 3207 med.
1943 3149 2024 3206 ait
2053 3164 2068 3204 :

485 3358 589 3416 Dic
611 3358 813 3430 igitur,
838 3358 888 3414 si
909 3357 1111 3426 habes,
1144 3357 1307 3414 aliud
1347 3359 1670 3415 absurdum
1697 3359 1909 3430 dogma
1935 3373 2072 3416 nos-

2252 3363 2386 3435 Λέγε
2415 3358 2596 3414 τοίνυν
2652 3356 2698 3413 εἰ
2756 3351 2903 3434 ἔχεις
2961 3358 3144 3434 ἓτερον
3197 3358 3398 3416 ἃτοπον
3443 3365 3524 3432 τῷ
3585 3363 3825 3435 ἡμετέρῳ

417 3454 576 3507 trum
609 3466 900 3521 sequens:
935 3466 1061 3522 quas
1096 3450 1369 3521 praedicta
1395 3459 1552 3517 sunt,
1577 3466 1645 3506 ea
1674 3452 1762 3506 vel
1795 3467 1908 3506 non
1940 3467 2021 3507 vel

2224 3448 2448 3522 πιόμενον
2500 3445 2751 3523 δόγματι’
2786 3447 2862 3508 ὡς
2926 3445 2994 3502 τά
3049 3469 3111 3525 γε
3142 3449 3513 3525 προειρημένα
3577 3447 3828 3505 δέδεικται

423 3556 552 3596 esse
581 3539 834 3595 absurda
883 3538 974 3594 vel
1024 3555 1139 3594 non
1192 3539 1326 3594 inde
1371 3541 1792 3612 consequentia
1838 3545 2027 3596 ostens

2252 3534 2382 3592 ὄντα
2416 3538 2492 3611 μὴ
2553 3534 2732 3591 ἄτοπα
2762 3536 2797 3606 ἢ
2853 3536 2928 3608 μὴ
2989 3536 3244 3611 ἑπόμενα.
3288 3539 3617 3613 Σοφιστικὸν
3670 3537 3722 3593 δὲ
3772 3538 3832 3591 τὰ

427 3634 587 3687 sunt.
621 3628 1011 3698 SOpbisticum
1045 3644 1174 3684 vero
1207 3632 1296 3684 est
1326 3645 1454 3700 quae
1486 3645 1600 3683 non
1652 3634 1792 3684 sunt
1839 3646 2031 3686 conset

2231 3630 2266 3697 ἠ
2299 3628 2536 3699 ἑπόμενα
2583 3623 2760 3702 λέγειν
2820 3624 3080 3698 ἑπόμενα,
3128 3628 3220 3682 καὶ
3273 3629 3342 3683 τὰ
3401 3629 3477 3702 μή
3536 3627 3712 3684 ἃτοπα
3769 3626 3832 3688 ὡς

429 3721 582 3777 taria
602 3717 894 3791 appellare
923 3718 1282 3774 consectaria
1311 3722 1367 3773 et
1397 3735 1528 3788 quae
1558 3735 1671 3774 non
1705 3723 1844 3775 sunt
1872 3719 2033 3777 absui

1051 3718 1282 3774 sectaria
1311 3722 1367 3773 et
1397 3735 1528 3788 quae
1558 3735 1671 3774 non
1705 3723 1844 3775 sunt
1872 3719 2078 3777 absur-
2188 3715 2363 3772 ἄτοπα
2397 3715 2655 3780 τίθεσθαι.

439 3811 514 3866 da
544 3825 648 3881 pro
675 3807 948 3863 absurdis
977 3807 1306 3863 obtrudere.

511 3900 565 3953 3.
593 3897 706 3953 GR.
741 3896 813 3968 (v)
840 3895 950 3950 Sed
979 3895 1031 3950 si
1059 3896 1306 3967 Spiritus
1340 3896 1598 3967 procedit
1627 3897 1860 3968 quidem
1887 3913 1956 3952 ex
1976 3897 2082 3952 Pa-

2261 3902 2329 3970 γ’.
2381 3899 2483 3951 ΓΡ.
2515 3889 2670 3948 Ἀλλ’
2729 3891 2774 3946 εἶ
2832 3893 2893 3947 τὸ
2952 3893 3174 3966 Ηνεῦμα
3233 3892 3587 3968 ἐκπορεύεται
3643 3896 3732 3968 μὶν
3783 3893 3834 3946 ἐκ

434 3991 544 4056 tre,
578 3985 838 4058 procedit
867 4001 998 4040 vero
1017 3985 1193 4040 etiam
1215 4001 1284 4040 ex
1299 3984 1459 4053 Filio,
1484 3991 1540 4041 et
1563 3986 1613 4041 si
1661 3985 1914 4058 Spiritus
1946 4003 2038 4058 pro

2227 3987 2286 4038 οὗ
2326 3980 2560 4056 Ιίατρὸς,
2616 3979 2961 4054 ἐκπορεύεται
3020 3979 3076 4036 δὲ
3123 3983 3214 4036 xui
3280 3980 3340 4037 ἐκ
3415 3987 3511 4038 τοῦ
3576 3984 3718 4050 ι’ἱοῦ,
3756 3982 3831 4036 καί

438 4079 646 4133 ductor
673 4081 765 4132 est
794 4080 984 4144 Pater,
1017 4080 1075 4130 et
1106 4073 1417 4146 productor
1443 4090 1671 4146 quoque
1702 4075 1904 4141 Filius,
1936 4093 2042 4146 qua

2232 4093 2306 4126 ru
2335 4076 2433 4126 τοῦ
2465 4069 2779 4142 Πνεύματος
2803 4065 3110 4143 προϐολεὺς
3150 4072 3241 4126 xui
3299 4073 3327 4126 6
3397 4075 3610 4147 Πατήρ,
3644 4067 3836 4145 προϐο-

442 4181 579 4222 nam
603 4171 693 4220 est
719 4163 1214 4219 diﬂerentiainter
1235 4164 1644 4234 productorem
1681 4168 1739 4218 et
1771 4165 2046 4234 producto

2236 4160 2322 4223 εὺς
2353 4161 2440 4215 καὶ
2493 4160 2521 4213 6
2592 4159 2739 4229 Υἱὸς,
2779 4159 2862 4220 τίς
2907 4161 2940 4227 ἡ
2977 4157 3209 4237 διαφορᾶ
3237 4156 3562 4237 προϐολέως
3590 4163 3678 4216 xui
3715 4181 3836 4236 προ-

441 4273 586 4324 rem,
622 4257 776 4311 inter
797 4254 1225 4326 processionem
1259 4270 1327 4309 ex
1358 4253 1524 4310 Patre
1559 4259 1617 4310 et
1658 4254 2045 4326 processionet

2235 4249 2429 4316 ολέως,
2463 4247 2829 4324 ἐκπορεύσεως
2862 4255 2962 4317 τῆς
2995 4248 3052 4304 ἐκ
3094 4252 3301 4325 [Ἰατρὸς
3332 4253 3420 4306 xui
3481 4252 3837 4325 ἐκπορεύσεως

439 4362 508 4401 ex
540 4345 682 4400 Filio
713 4344 740 4398 ?

2198 4345 2298 4407 τῆς
2327 4337 2385 4392 ἐκ
2404 4342 2499 4391 τοῦ
2530 4335 2658 4391 Υὶοῦ
2691 4339 2800 4409 (35)
2835 4357 2847 4404 ;

517 4437 669 4490 LAT.
708 4437 805 4491 Dic
836 4435 979 4490 mihi
1035 4436 1198 4506 prius
1255 4438 1312 4490 et
1363 4434 1508 4506 ipse,
1567 4451 1832 4506 quaenam
1882 4435 1956 4492 sit
1987 4435 2090 4490 dif-

2272 4428 2433 4484 ΛΑΤ.
2469 4428 2685 4498 Φράσον
2721 4446 2813 4497 μοι
2856 4427 3118 4501 πρότερον
3169 4429 3261 4483 καὶ
3325 4429 3513 4497 αὐτὸς,
3545 4430 3627 4485 τίς
3657 4433 3690 4498 ἡ
3725 4428 3835 4484 δια-

446 4525 690 4580 ferentia
738 4525 891 4578 inter
933 4525 1363 4595 generationem
1430 4533 1485 4579 et
1533 4525 1982 4594 processionem,
2035 4543 2050 4581 ε

2233 4516 2344 4591 Ὀρά
2406 4517 2702 4591 γεννήσεως
2759 4515 2848 4570 xui
2904 4515 3292 4592 ἐκπορεύσεως,
3364 4517 3518 4593 κάγώ
3581 4541 3663 4574 σοι
3722 4517 3837 4593 ἐρῶ,

443 4629 549 4684 ego
587 4614 690 4668 tibi
722 4613 934 4679 dicam,
963 4629 1093 4684 quae
1124 4615 1200 4667 sit
1231 4612 1562 4668 differentia
1594 4613 1748 4669 inter
1778 4615 2047 4686 processit

2241 4604 2284 4668 ίς
2343 4608 2378 4674 ἡ
2441 4602 2672 4682 διαφορᾶ
2737 4604 3110 4678 ὶκπορεὺσεως
3193 4614 3294 4678 τῆς
3380 4608 3440 4663 ἐκ
3498 4610 3706 4684 [ἰατρὸς
3760 4606 3839 4660 xui

445 4719 580 4758 nem
615 4718 683 4757 ex
714 4703 878 4757 Patre
931 4708 989 4758 et
1047 4702 1477 4774 processionem
1530 4719 1596 4757 ex
1639 4702 1802 4758 Filio.
1851 4703 1912 4759 In
1957 4723 2049 4777 pra

2239 4690 2572 4770 κπορεῦσεως
2602 4695 2701 4763 τῆς
2732 4693 2790 4748 ἐκ
2821 4698 2920 4748 τοῦ
2961 4697 3108 4753 Υῖοῦ.
3143 4698 3253 4752 Νῦν
3313 4694 3369 4752 δὲ
3406 4703 3662 4752 τοσοῦτον
3697 4697 3843 4768 λέξω,

444 4792 634 4849 sentia
655 4795 878 4846 tantum
907 4791 1120 4856 dicam,
1154 4790 1310 4844 haud
1354 4790 1609 4845 dividere
1639 4795 1872 4862 tempus
1909 4793 2048 4848 ullui

2241 4804 2290 4838 τι
2319 4782 2381 4837 οὐ
2416 4781 2617 4856 χρόνος
2645 4778 2919 4854 διατέμνει
2949 4803 3032 4845 τις
3078 4785 3178 4854 τὴν
3210 4782 3269 4838 ἐκ
3298 4789 3394 4840 τοῦ
3451 4787 3656 4859 [ἰατρὸς
3689 4783 3845 4838 ἐκπό-

443 4881 879 4954 processionem
911 4897 980 4936 ex
1004 4879 1172 4934 Patre
1232 4884 1288 4932 et
1347 4879 1776 4950 processionem
1819 4897 1888 4936 ex
1935 4882 2047 4937 Filii

2249 4891 2388 4924 ευσιν
2412 4870 2503 4924 xui
2528 4871 2629 4938 τήν
2661 4869 2720 4924 ἐκ
2746 4875 2842 4924 τοῦ
2874 4871 3026 4928 Ποῦ.
3063 4873 3140 4928 Οὐ
3201 4874 3304 4948 γὰρ
3362 4875 3630 4948 πρότερον
3677 4873 3766 4945 μὲν
3797 4867 3849 4922 ἐκ

436 4971 634 5044 Neque
687 4970 844 5028 enim
895 4971 1056 5041 prius
1130 4968 1370 5040 quidem
1453 4984 1522 5024 ex
1596 4975 1761 5038 patre
1829 4973 2040 5041 proced

2246 4964 2306 5014 οὗ
2336 4960 2546 5034 Πατρὸς
2574 4959 2946 5035 ἐκπορεύεται,
3001 4961 3218 5036 ὕστερον
3277 4960 3333 5016 δὲ
3390 4961 3448 5018 ἐκ
3504 4967 3598 5018 τοῦ
3647 4959 3846 5028 Noli]-

515 5136 627 5226 (3’4)
679 5136 826 5226 Nota
885 5133 1285 5226 margipalis’:
1331 5130 1824 5226 "Etepqvnu'tonov,
1852 5133 1953 5226 εὃέιτι
1991 5131 2100 5226 t6:60

2283 5139 2396 5226 (3'5)
2430 5142 2577 5226 Nota
2620 5140 2995 5226 marginalia:
3040 5141 3296 5226 :Azropiu'
3329 5141 3431 5226 τίς
3471 5138 3715 5226 διαφορὰ,
3732 5158 3853 5211 προ-

447 5204 769 5287 συνάγονται
802 5204 1096 5287 ᾀρχαὶιτοῦ
1131 5204 1469 5277 Πνεύματοςέ
1497 5204 1525 5259 6
1559 5205 1747 5279 Πατὴρ
1776 5205 1865 5260 xui
1899 5207 1926 5260 6
1950 5206 2095 5270 Υἱὸςσ
2211 5204 2423 5287 ϐολέώς
2461 5211 2550 5264 xui
2581 5204 2906 5287 390601“):
2964 5211 3056 5266 xui
3115 5204 3500 5287 ἐκπορεύεσθαι
3560 5204 3647 5267 xxi
3700 5204 3857 5265 ἐκπο-

446 5279 535 5332 καὶ
570 5277 704 5354 πρὸς
737 5277 915 5334 τοῦτο’
937 5277 1111 5340 λύσις.
1720 5277 1726 5279 ⁷
2211 5283 2478 5358 ρεύεσθαι·
2509 5281 2600 5338 καὶ
2625 5277 2811 5343 λύσις.

522 5449 922 5528 (ιο-Αμθῐζυῐῖγ
958 5450 1305 5528 absurdum,
1353 5451 1502 5528 quod
1576 5451 2104 5528 diuopinducuntur
2257 5451 2356 5528 7(v)
2391 5448 2718 5528 Difficultas
2752 5451 3078 5528 {Quaenam
3111 5451 3440 5528 differentia
3472 5451 3621 5508 inter
3653 5449 3862 5528 produt

448 5522 1024 5645 Erincipiaﬁpiritus
1092 5524 1300 5589 sancti,
1350 5522 1522 5606 lfater
1569 5527 1626 5577 et
1676 5523 1877 5578 Filius.
1922 5529 1988 5578 Et
2028 5526 2098 5606 ad
2213 5527 2432 5577 ctorem
2467 5527 2524 5576 et
2555 5523 2982 5604 productorem,
3045 5527 3222 5595 atque
3281 5525 3432 5580 inter
3478 5523 3784 5598 procedere
3811 5523 3864 5577 et

493 5607 557 5645 oc
589 5591 819 5645 solutio.
854 5594 933 5645 Ct.
968 5593 1130 5645 Phot.
1166 5595 1239 5645 De
1285 5593 1478 5645 Smrzt.
1528 5598 1701 5645 sanet.
1735 5605 2099 5645 mmlaaoma.
2216 5594 2547 5645 procedere.
2581 5593 2648 5645 Et
2678 5593 2908 5645 solutio.

448 5591 557 5737 ἓξὲ
589 5591 933 5718 szlutiofCt'.
968 5593 1130 5649 Phot.
1166 5595 1239 5650 De
1285 5593 1478 5666 Spirit.
1528 5598 1701 5651 sanet.
1735 5595 2099 5668 myslagogia,
2216 5591 2648 5667 procedere.’Et
2678 5593 2908 5652 solutio.
