4062 6202
312 369 446 428 205

1323 377 1424 437 DE
1467 375 2008 439 PROCESSIONE
2051 376 2406 439 SPlRlTUS
2449 378 2749 441 SANGTI.

3629 389 3746 449 206

302 501 600 571 ἀνάπαλιν,
634 502 768 559 ἀλλ’
806 504 1241 580 ἐκπορευόμενον
1274 505 1334 562 ἐκ
1383 512 1480 562 τοῦ
1510 508 1728 584 [ἰατρὸς
1769 507 1859 563 διὰ
1888 512 1977 564 τοῦ

2093 512 2364 584 Spiritus,
2397 515 2453 566 et
2483 512 2772 582 posterius
2801 529 2869 570 ex
2901 514 3046 571 Filio
3077 515 3165 572 vel
3220 515 3342 572 vice
3389 533 3557 574 versa
3591 535 3606 576 :
3648 523 3750 577 sed

305 591 444 645 Υἱοῦ
508 589 881 665 ἐκπορεύεται,
942 595 1033 649 καὶ
1092 593 1523 669 ἐκπορευόμενον
1578 597 1636 652 ἐκ
1680 602 1778 652 τοῦ
1827 599 1980 668 Υἱοῦ,

314 680 394 743 ὡς
427 677 516 734 δια
549 681 713 752 μέσου
744 688 844 738 τοῦ
904 686 1054 752 Υἱοῦ,
1083 686 1172 740 καὶ
1233 685 1292 740 ἐκ
1336 688 1570 761 Ηατρὸς,
1601 687 1674 748 ὡς
1706 688 1766 741 ἐκ
1797 693 1980 762 πηγῆς

312 774 419 822 τοῦ
452 773 594 839 Υἱοῦ,
629 770 1005 848 ἐκπορεύεται·
1035 783 1124 829 καὶ
1177 777 1279 830 οὐκ
1309 771 1422 831 ἔστι
1479 784 1579 846 τῆς
1610 777 1980 850 ἐκπορεύσεως

310 858 520 927 ταύτης
581 857 840 939 διαφορὰ,
873 863 920 917 εί
981 865 1058 935 μή
1088 885 1171 926 τις
1203 866 1359 942 Λὲγοι
1410 867 1474 920 τὸ
1504 865 1741 939 ἔμμεσον
1773 865 1864 920 καὶ
1919 865 1981 919 τὸ

309 946 519 1019 ἄμεσω
577 950 671 1005 καὶ
727 952 866 1006 κατὰ
914 958 1084 1010 ταῦτα
1142 952 1424 1025 δυάζεσοαι
1471 955 1730 1030 βούλοιτο
1761 958 1858 1024 τήν
1893 955 1981 1010 ἐκ-

307 1039 597 1112 πόρευσιν,
632 1039 748 1095 ἐπεὶ
796 1044 936 1097 κατὰ
991 1043 1054 1118 γὲ
1117 1065 1168 1099 τι
1228 1043 1372 1101 ἄλλο
1400 1045 1500 1100 οὐκ
1543 1044 1685 1100 ἔστιν
1717 1043 1976 1120 οὐδεμίαν

303 1127 485 1198 αὐτῆς
517 1130 708 1199 ἐπινοῆ
718 1152 806 1185 σαι
840 1129 1120 1207 διαφοράν.

379 1214 448 1274 δ’.
484 1220 589 1274 ΓΡ.
624 1218 690 1275 Et
732 1220 823 1274 οὗν
859 1221 887 1274 6
922 1225 1105 1295 Πατὴρ
1141 1224 1236 1296 μὲν
1306 1222 1396 1278 διὰ
1429 1226 1593 1297 μέσου
1630 1229 1730 1279 τοῦ
1760 1225 1888 1280 Υὶοῦ
1917 1226 1978 1280 τὸ

293 1311 531 1380 Πνεῦμα
559 1303 1020 1384 προϐαλλόμενος
1061 1311 1317 1386 ἐμμὲσως
1370 1318 1536 1370 τοῦτο
1575 1310 1976 1388 προϐάλλεται,

292 1397 324 1450 6
361 1397 496 1460 Υῒὸς
523 1394 581 1452 δὲ
620 1398 838 1470 ἆμέσως
870 1401 932 1455 τὸ
982 1400 1112 1456 αὐτὸ
1142 1404 1414 1478 προῒεται,
1455 1403 1539 1459 ὅτι
1575 1405 1652 1475 μὴ
1686 1400 1755 1458 δι’
1789 1403 1977 1478 ἑτέρου

290 1486 484 1555 τινὸς,
515 1484 602 1556 εἲη
635 1485 698 1541 ἄν
730 1488 759 1542 ὁ
791 1488 915 1552 Υἱὸς
946 1491 1215 1566 προσεχὲς
1270 1495 1368 1547 τοῦ
1438 1491 1746 1565 Πνεύματος
1778 1490 1977 1564 αἴτιον,

294 1576 328 1629 ὁ
364 1572 434 1629 δὲ
465 1576 659 1649 Πατὴρ
724 1577 791 1632 οὐ
851 1580 1139 1653 προσεχὲς·
1180 1580 1270 1635 καὶ
1330 1577 1506 1644 οὕτως
1573 1576 1715 1636 ἔσται
1778 1582 1806 1636 ὁ
1880 1583 1976 1654 μὲν

294 1664 506 1738 Πατὴρ
562 1668 786 1740 πρῶτον
839 1665 1040 1736 αἴτιον,
1101 1670 1130 1723 ὁ
1189 1665 1248 1723 δὲ
1300 1669 1431 1732 Υἱὸς
1488 1670 1602 1744 μετ’
1651 1669 1837 1740 αὐτὸν,
1882 1671 1975 1724 καὶ

295 1753 466 1808 οὕτω
533 1751 593 1808 δὶ
647 1754 819 1811 πάλιν
874 1755 1300 1829 ἆκολουθήσειὴ
1363 1760 1550 1837 ὕφεσις
1597 1763 1676 1831 τῷ
1705 1760 1817 1831 Υἱῷ
1875 1760 1970 1832 μὲν

2092 603 2407 672 procedens
2437 618 2503 657 ex
2536 603 2703 660 Patre
2732 621 2835 674 per
2885 605 3097 661 Filium
3156 608 3436 678 procedit,
3468 613 3526 664 et
3560 627 3751 681 proca.

2090 692 2236 747 dens
2266 707 2333 746 ex
2363 691 2527 761 Filio,
2561 697 2626 747 ut
2656 709 2758 764 per
2790 695 3046 751 medium
3075 695 3308 760 Filium,
3343 701 3401 752 et
3450 714 3518 754 ex
3562 703 3746 767 Patre,

2093 783 2156 834 ut
2185 797 2253 834 ex
2286 781 2438 834 fonte
2475 780 2621 848 Filii,
2652 783 2930 851 procedit.
2981 787 3048 838 Et
3098 802 3215 840 non
3265 789 3353 841 est
3403 786 3576 857 hujus
3608 805 3742 859 pro-

2091 869 2370 924 cessionis
2401 869 2749 939 differentia,
2784 871 2894 926 nisi
2955 873 3100 928 torte
3143 873 3275 944 quis
3327 876 3641 930 mediatum
3684 881 3741 932 et

2089 955 2496 1012 immediatum
2530 959 2777 1028 proferat
2805 965 2863 1015 et
2899 963 3217 1016 secundum
3275 963 3392 1020 haec
3450 964 3734 1034 duplicari

2089 1046 2220 1101 velit
2284 1047 2736 1116 processionem,
2785 1065 2915 1104 cum
2981 1052 3303 1106 secundum
3354 1051 3510 1108 aliud
3563 1053 3733 1125 quid-

2091 1131 2247 1204 piam
2282 1132 2445 1188 nulla
2469 1134 2598 1205 ejus
2628 1134 2954 1190 ditl'erentia
2983 1142 3182 1208 posset
3210 1138 3543 1210 excogitari.

2160 1221 2277 1276 GR.
2310 1222 2370 1276 Si
2422 1221 2597 1294 igitur
2647 1230 2814 1279 Pater
2861 1225 3096 1296 quidem
3163 1242 3265 1296 per
3321 1228 3579 1284 medium
3640 1229 3732 1284 Fi-

2089 1310 2231 1366 lium
2279 1311 2559 1382 Spiritum
2614 1314 2936 1384 producens
2985 1315 3233 1372 mediate
3277 1332 3407 1372 cum
3454 1318 3734 1388 producit,

2090 1399 2271 1455 Filius
2299 1416 2434 1456 vero
2466 1401 2805 1458 immediate
2836 1419 2972 1458 sum
3003 1405 3238 1473 emittit,
3287 1406 3424 1476 quia
3471 1421 3589 1462 non
3639 1422 3738 1478 per

2088 1489 2265 1545 alium
2299 1491 2652 1561 quempiam,
2677 1491 2852 1548 Filius
2880 1492 3030 1548 foret
3067 1493 3395 1564 proximum
3445 1510 3547 1551 seu
3595 1511 3736 1552 con-

2088 1578 2312 1649 tignum
2343 1579 2593 1648 Spiritus
2621 1580 3000 1652 principium,
3056 1587 3228 1640 Pater
3271 1600 3402 1640 vero
3453 1601 3568 1640 non
3609 1600 3737 1641 con-

2085 1667 2330 1738 tiguum.
2365 1670 2434 1723 Et
2464 1669 2544 1724 sic
2584 1669 2689 1726 erit
2716 1670 2884 1727 Pater
2931 1672 3164 1742 quidem
3215 1673 3472 1744 primum
3519 1672 3737 1743 princi-

2085 1756 2270 1828 pium,
2306 1757 2478 1812 Filius
2513 1773 2648 1815 vero
2697 1766 2824 1832 post
2869 1760 3083 1830 ipsum,
3141 1766 3200 1816 et
3243 1762 3327 1818 sic
3366 1778 3604 1817 rursum
3647 1779 3735 1818 se-

291 1843 455 1916 πρὸς
483 1844 576 1898 τὸν
603 1843 838 1919 Πατέρα,
871 1850 953 1918 τῷ
1002 1846 1274 1920 Πνεύματι
1307 1845 1365 1903 δὶ
1394 1849 1530 1922 πρὸς
1558 1848 1650 1903 τὸν
1683 1850 1832 1917 Υἱον,
1883 1848 1974 1902 καὶ

2092 1849 2292 1916 quetur
2322 1845 2679 1902 inferioritas
2709 1852 2831 1904 tum
2860 1849 3072 1904 Filium
3106 1852 3298 1922 quoad
3335 1855 3565 1907 Patrem
3614 1859 3733 1908 tum

287 1929 420 2002 ἓξει
451 1932 624 1995 οὕτως
657 1934 849 2009 χώραν
895 1936 1118 2011 Ἄρειος
1171 1936 1264 1992 καὶ
1321 1936 1592 2011 Εὐνόμιος
1651 1938 1742 1992 καὶ
1804 1942 1975 1995 Μακε-

291 2018 498 2085 δόνιος
528 2023 618 2077 καὶ
648 2022 1108 2100 ³Δπολλινάριος.

373 2205 554 2260 ΛΑΤ.
576 2199 757 2259 ’Δλλά
786 2201 992 2280 θάῤῥει,
1034 2201 1078 2257 ὦ
1117 2204 1303 2281 ἀγαθὲ·
1339 2206 1404 2261 οὐ
1437 2205 1626 2280 χώραν
1656 2206 1781 2281 παρ’
1835 2207 1973 2279 ἡμῖν

282 2288 410 2362 ’ἕξει
447 2287 574 2346 οὔτε
604 2296 821 2367 Ἄρειος
883 2290 1005 2348 οὔτε
1057 2293 1328 2367 Εὐνόμιος
1387 2295 1511 2350 οὒτε
1570 2292 1898 2358 Μακεδόνιος
1937 2298 1973 2368 ἢ

283 2376 741 2454 Δπολλινάριος.
776 2380 943 2438 Οὗτοι
974 2382 1074 2455 γᾶρ
1107 2382 1340 2445 ἅπαντες
1387 2386 1487 2453 τὴν
1543 2384 1774 2454 θεότητα
1805 2383 1840 2452 ἢ
1897 2383 1974 2445 εἰς

291 2467 610 2546 διαφόρους
639 2469 899 2541 θεότητας
957 2472 1374 2544 κατατέμνουσι,
1437 2471 1526 2527 καὶ
1585 2474 1684 2541 τήν
1721 2473 1816 2546 μὶν
1853 2472 1976 2546 μεί-

295 2563 446 2627 ζονα
471 2558 724 2627 τίθενταί,
756 2561 856 2630 τήν
908 2557 965 2615 δὲ
994 2559 1282 2632 ἐλάττονα,
1336 2563 1436 2630 τὴν
1500 2559 1558 2616 δὲ
1600 2562 1778 2634 μέσως
1811 2560 1974 2637 ἔχου-

295 2667 438 2718 σαν,
468 2647 504 2716 ἢ
534 2655 634 2718 τῆς
663 2648 919 2705 ἆκτίστου
971 2651 1180 2724 φύσεως
1237 2655 1338 2708 τοῦ
1400 2651 1612 2726 Πατρὸς
1643 2650 1979 2727 ἀλλοτριοῦ-

296 2758 425 2806 σιν,
483 2737 520 2804 ἢ
577 2737 668 2791 καὶ
726 2739 819 2792 τὸν
879 2739 1004 2793 Υἱὸν
1065 2741 1155 2794 καὶ
1213 2741 1276 2795 τὸ
1335 2743 1552 2812 Πνεῦμα
1619 2737 1980 2810 ὁπαλλήλους

293 2823 524 2902 φύσεις,
555 2824 622 2879 ἶν’
656 2824 830 2888 οὕτως
861 2827 998 2882 εἲπω
1026 2832 1218 2899 ταῦτα,
1266 2828 1358 2883 καὶ
1410 2827 1612 2902 κτίσμα
1663 2826 1790 2883 τόδε
1817 2825 1980 2883 τοῦδε

294 2913 401 2969 mi
437 2917 602 2969 τοῦτο
657 2915 862 2970 ἐκείνου
917 2918 1214 2990 τιθέμενοι,
1283 2919 1318 2988 ἢ
1367 2918 1430 2972 τὸ
1491 2921 1707 2991 Πνεῦμα
1764 2917 1977 2979 πάντως

291 3005 386 3064 εἷς
423 3004 522 3072 τήν
552 3008 659 3058 τῶν
720 3005 1033 3078 κτισμάτων
1095 3007 1242 3077 τάξιν
1308 3007 1655 3083 κατάγοντες’
1716 3006 1843 3082 παρ’
1892 3006 1977 3067 οἷς

293 3093 502 3149 καὶτὸ
533 3099 751 3168 πρῶτον
812 3094 912 3149 οὐκ
965 3092 1193 3158 εὐλαϐὲς
1232 3097 1323 3151 καὶ
1380 3097 1442 3152 τὸ
1473 3096 1746 3171 προσεχὲς
1793 3090 1980 3156 ἀσεϐὲς

285 3185 397 3238 καὶ
431 3183 494 3236 τὸ
529 3184 688 3256 μέσον
749 3182 1086 3258 παρόμοιον,
1115 3184 1206 3240 καὶ
1237 3186 1300 3240 τὸ
1362 3192 1545 3258 μεῖζον
1596 3185 1687 3240 καὶ
1717 3186 1779 3239 τὸ
1817 3180 1976 3240 ἔλατ-

284 3293 398 3328 τον
429 3273 518 3325 καὶ
548 3275 582 3341 ἡ
610 3272 757 3342 τάξις
816 3272 1011 3335 ἁπλῶς
1039 3273 1128 3328 καὶ
1183 3275 1246 3329 τὸ
1301 3275 1407 3348 πρὸ
1435 3272 1597 3329 τοῦδε
1621 3274 1713 3328 καὶ
1751 3273 1814 3328 τὸ
1844 3272 1979 3347 μετὰ

286 3360 436 3418 τόδε
465 3363 556 3416 καὶ
583 3363 654 3416 τὰ
682 3362 806 3432 ἑξῆς
834 3363 1015 3418 καὶτὰ
1049 3361 1240 3419 τοιάδε
1266 3368 1375 3419 τῶν
1410 3364 1699 3437 ὀνομάτων
1730 3367 1798 3437 τῇ
1827 3367 1976 3440 σφῶν

293 3447 533 3523 ἀσεϐείᾳ
573 3450 948 3522 καταλλήλως
999 3453 1291 3525 νοούμενα.
1353 3455 1484 3529 Ιίαρ’
1541 3456 1675 3526 ἡμῖν
1728 3450 1784 3507 δὲ
1812 3453 1901 3506 καὶ
1941 3453 1975 3521 ἡ

291 3543 487 3609 τάξις,
534 3541 579 3596 εἰ
640 3540 882 3616 λέγοιτο,
944 3543 1062 3597 κατ’
1122 3537 1360 3605 εὐσεϐεῖς
1417 3541 1724 3618 λογισμοὺς
1765 3541 1852 3596 ἐπὶ
1880 3547 1982 3610 τῆς

302 3629 474 3704 ἁγίας
504 3627 741 3705 Τριάδος
773 3625 1257 3704 παραλαμϐάνεται
1289 3633 1380 3686 καὶ
1407 3632 1471 3687 τὸ
1529 3635 1747 3707 πρῶτον
1799 3630 1890 3685 καὶ
1917 3629 1980 3684 τὸ

297 3720 655 3794 πρότερον...

2085 1933 2360 2005 Spiritum
2412 1935 2603 2005 quoad
2664 1934 2926 2005 Filium;
2976 1941 3032 1993 et
3071 1938 3153 1994 sic
3195 1938 3388 1995 locum
3433 1940 3734 1996 habebunt

2084 2024 2256 2079 Arius
2281 2028 2338 2079 et
2385 2024 2728 2091 Eunomius,
2779 2025 3154 2083 Macedonius
3202 2033 3380 2099 atque
3425 2028 3729 2100 Apollina-

2083 2112 2210 2168 rius
2240 2114 2342 2184 (ω).

2156 2203 2312 2260 LAT.
2345 2203 2554 2259 Verum
2585 2204 2738 2260 bono
2760 2203 2958 2261 animo
2983 2209 3132 2277 esto,
3190 2223 3224 2262 o
3263 2206 3443 2274 bone;
3481 2223 3596 2264 non
3629 2207 3731 2264 ha-

2085 2292 2241 2349 bebit
2271 2292 2426 2364 apud
2459 2309 2565 2348 nos
2598 2292 2790 2350 locum
2829 2310 3013 2366 neque
3063 2296 3258 2360 Arius,
3306 2312 3495 2368 neque
3545 2301 3732 2353 Euno-

2085 2382 2260 2452 mius,
2294 2397 2479 2454 neque
2528 2383 2919 2452 Macedonius,
2969 2399 3155 2456 neque
3201 2384 3610 2456 Apollinarlus.
3662 2384 3738 2441 Ut

2084 2471 2240 2527 enim
2273 2487 2476 2526 omnes
2534 2472 2820 2528 Deitatem
2873 2472 2964 2528 vel
3018 2474 3078 2528 in
3131 2474 3384 2530 diversas
3445 2474 3742 2530 dissecant

2085 2560 2348 2627 deitates,
2383 2565 2440 2616 et
2469 2560 2643 2616 aliam
2677 2563 2911 2632 quidem
2937 2563 3221 2633 majorem
3253 2567 3538 2629 statuunt,
3558 2562 3731 2618 aliam

2083 2665 2217 2703 vero
2249 2649 2556 2713 minorem,
2589 2649 2763 2704 aliam
2827 2650 2886 2705 in
2941 2651 3130 2706 medio
3181 2667 3244 2706 se
3295 2650 3742 2717 habentem,vel

2087 2737 2158 2793 ab
2191 2739 2453 2793 increata
2495 2742 2694 2793 natura
2741 2740 2928 2793 Patris
2976 2744 3252 2809 separant
3299 2738 3385 2794 vel
3434 2739 3610 2794 etiam
3649 2739 3743 2793 Fi-

2087 2824 2232 2881 lium
2270 2830 2445 2897 atque
2469 2826 2753 2898 Spiritum
2812 2825 3177 2882 suballernas
3234 2832 3498 2895 naturas,
3541 2831 3606 2882 ut
3661 2827 3740 2881 ita

2085 2931 2149 2970 ea
2178 2915 2392 2982 dicam,
2424 2919 2483 2970 et
2512 2919 2834 2970 creaturam
2867 2914 3113 2970 alterum
3146 2915 3386 2971 alterius
3432 2921 3487 2971 et
3531 2915 3638 2971 hoc
3667 2915 3738 2971 il-

2085 3003 2200 3059 lius
2233 3007 2479 3075 ponunt,
2514 3003 2599 3058 vel
2632 3003 2913 3075 Spiritum
2947 3020 3187 3076 prorsus
3230 3004 3291 3060 in
3339 3008 3742 3061 creaturarum

2087 3095 2350 3151 ordinem
2384 3094 2734 3164 deprimunt.
2769 3093 2940 3165 Apud
2973 3093 3081 3150 bos
3130 3095 3383 3164 primum
3428 3110 3545 3150 non
3578 3093 3737 3166 pium

2091 3188 2148 3240 et
2169 3183 2510 3255 contiguum
2544 3183 2792 3253 impium
2825 3188 2883 3238 et
2910 3184 3166 3239 medium
3199 3183 3412 3250 simile,
3445 3192 3500 3240 et
3548 3186 3740 3254 majus

2091 3279 2146 3328 et
2178 3274 2378 3328 minus
2407 3277 2464 3327 et
2494 3273 2635 3328 ordo
2666 3271 3034 3344 simpliciter,
3085 3279 3139 3329 et
3189 3289 3371 3328 unum
3415 3281 3547 3330 ante
3582 3272 3739 3328 aliud

2087 3366 2144 3418 et
2172 3362 2417 3417 alierum
2441 3366 2570 3430 post
2600 3359 2763 3416 aliud
2792 3366 2849 3415 et
2878 3365 3082 3417 caetera
3122 3370 3294 3434 atque
3341 3361 3517 3418 etiam
3577 3364 3740 3434 ejus-

2084 3451 2248 3507 modi
2297 3449 2413 3504 alia
2470 3449 2709 3504 nomina
2763 3465 2962 3506 eorum
3023 3450 3320 3522 impietate
3393 3452 3740 3524 excogitata.

2083 3539 2253 3610 Apud
2288 3553 2396 3594 nos
2422 3553 2555 3594 vero
2587 3537 2759 3593 etiam
2800 3538 2964 3609 ordo,
3013 3539 3061 3594 si
3120 3540 3365 3609 dicatur,
3416 3541 3740 3596 secundum

2084 3628 2384 3698 religiosas
2421 3627 2808 3699 cogitationes
2840 3627 2897 3683 in
2931 3632 3131 3684 sancta
3157 3628 3442 3684 Trinitate
3462 3628 3745 3699 accipitur

2083 3722 2141 3774 et
2171 3718 2422 3790 primum
2453 3733 2519 3771 ac
2550 3715 2781 3788 prius...

387 3849 544 3920 Inter
567 3845 739 3920 plura
771 3845 882 3902 alia
915 3846 1218 3903 Athanasii
1249 3851 1306 3904 et
1332 3848 1590 3920 Gregorii
1623 3844 1966 3903 Nazianzeni
1997 3842 2354 3900 testimoniis
2377 3841 2560 3897 utitur
2591 3841 2834 3897 Latinus
2892 3840 2931 3896 f.
2995 3841 3083 3910 13,
3144 3841 3231 3896 14.
3282 3843 3472 3914 Atque
3522 3842 3736 3901 deinde

301 3919 494 3974 latius
523 3918 794 3991 explicat,
829 3920 968 3990 quid
1009 3921 1087 3975 sit
1115 3920 1280 3988 ordo,
1311 3918 1564 3992 primum
1599 3921 1952 3988 secundum,
1981 3921 2093 3972 etc.

381 4036 493 4091 Ἵνα
525 4031 584 4088 δὲ
619 4034 647 4088 ὁ
719 4031 889 4109 λόγος
943 4033 1426 4108 ἐξεταστικώτερος
1465 4032 1708 4112 γένηται,
1742 4032 1973 4090 ἂλλοθεν

299 4120 476 4178 πάλιν
507 4122 817 4200 ἀρχόμενοι
877 4123 1002 4198 περὶ
1055 4123 1280 4180 ἑκάστου
1330 4129 1438 4180 τῶν
1481 4124 1784 4198 εἰρημένων
1851 4122 1975 4178 ὀνο-

309 4214 505 4286 μάτων
545 4210 810 4285 λὲγομεν,
867 4216 1131 4292 ποσαχῶς
1186 4235 1244 4269 τε
1310 4212 1525 4288 λέγεται
1565 4214 1654 4268 καὶ
1697 4213 1844 4275 ὅπως
1887 4211 1972 4267 ἐπὶ

303 4309 409 4371 τῆς
450 4303 617 4378 ἁγίας
648 4298 880 4376 Τριάδος
927 4299 1434 4379 παραλαμϐάνεται·
1468 4303 1562 4357 καὶ
1601 4306 1818 4376 πρῶτον
1850 4301 1975 4377 περὶ

306 4391 517 4460 τάξεως
551 4392 664 4463 (36)
685 4431 700 4448 .

2156 4029 2230 4086 Ut
2257 4044 2388 4085 vero
2420 4028 2660 4101 probata
2691 4032 2748 4084 et
2776 4026 3030 4100 expolita
3064 4027 3254 4100 magis
3283 4028 3387 4085 fiat
3425 4029 3737 4088 ratiocina-

2085 4120 2188 4189 tio,
2222 4118 2461 4175 aliunde
2493 4133 2727 4179 rursum
2761 4115 3107 4188 incipientes
3165 4118 3238 4174 de
3286 4117 3543 4190 qualibet
3587 4136 3737 4190 pris-

2085 4209 2369 4265 dictarum
2402 4222 2608 4266 vocum
2650 4206 3028 4273 disseremus,
3088 4207 3502 4279 quolupliciter
3549 4225 3617 4264 ea
3655 4208 3740 4264 di-

2087 4303 2249 4354 catur
2289 4301 2344 4352 et
2394 4296 2680 4367 quomodo
2729 4297 2788 4352 in
2839 4303 3038 4351 sancta
3079 4295 3360 4352 Trinitate
3397 4297 3737 4369 accipiatur.

2082 4388 2161 4442 Ac
2194 4386 2385 4459 primo
2416 4385 2654 4456 quidem
2689 4385 2760 4440 de
2790 4384 3011 4441 ordine.

484 4457 766 4534 ἸΙ-τοίνυν
822 4481 970 4551 τάξις
1028 4481 1062 4551 ἢ
1113 4479 1166 4536 ἐν
1226 4481 1433 4545 οὐσίαις
1497 4487 1779 4558 θεωρεῖται
1827 4483 1862 4551 ἤ
1922 4481 1972 4537 ἒν

2154 4457 2210 4530 5.
2243 4475 2394 4530 Ordo
2453 4473 2634 4545 igitur
2677 4474 3082 4530 consideratur
3138 4474 3227 4531 vel
3278 4474 3340 4532 in
3397 4475 3742 4533 substantiis

306 4573 508 4631 ποσοῖς
537 4565 574 4637 ἤ
610 4566 664 4622 ἐν
694 4575 877 4630 ποιοῖς
907 4571 941 4639 ἢ
975 4568 1026 4624 ἐν
1057 4576 1174 4633 τοῖς
1203 4570 1340 4646 πρός
1369 4593 1421 4627 τι
1460 4571 1495 4640 ἢ
1529 4569 1580 4626 ἐν
1639 4576 1756 4632 τοῖς
1803 4575 1979 4625 ποιεῖν

306 4655 343 4726 ἢ
374 4655 614 4732 πάσχειν
650 4654 976 4732 λεγομένοις
1014 4659 1050 4729 ἢ
1085 4657 1136 4714 ὲν
1167 4664 1284 4722 τοῖς
1316 4663 1420 4715 ποῦ
1482 4659 1516 4729 ἢ
1573 4658 1624 4714 ἐν
1678 4663 1795 4722 τοῖς
1850 4659 1980 4714 πότε

302 4747 339 4817 ἦ
375 4744 429 4800 ἐν
459 4751 580 4808 τοῖς
640 4742 788 4821 ἔχειν
847 4748 937 4802 καὶ
994 4746 1216 4827 ἔχεσθαι
1243 4748 1278 4818 ἢ
1322 4749 1372 4804 ἐν
1416 4753 1548 4804 πᾶσι
1575 4747 1792 4811 τούτοις
1842 4749 1976 4824 πρὸς

303 4833 558 4906 ἄλληλα·
597 4835 651 4891 ἐν
682 4841 812 4890 πᾶσι
875 4839 969 4911 μὲν
1038 4837 1114 4902 ὡς
1165 4837 1342 4908 οὐσία,
1385 4838 1575 4910 ποσὸν,
1608 4838 1789 4906 ποιὸν,
1846 4837 1981 4912 πρός

303 4945 358 4978 τι
392 4925 484 4978 καὶ
516 4925 587 4978 τὰ
615 4925 761 4996 ἑξῆς·
816 4931 1253 5000 προσεπινοεῖται
1311 4927 1406 5000 μὶν
1453 4927 1556 5001 γάρ
1624 4927 1700 4989 ὡς
1752 4927 1978 4982 ὑποκεί-

312 5034 478 5087 μενον
507 5018 628 5075 τοῖς
661 5011 855 5076 ἄλλοις
897 5021 1057 5069 πᾶσιν
1115 5017 1148 5085 ἡ
1192 5015 1372 5085 οὐσία,
1433 5016 1551 5070 εἶτα
1606 5015 1979 5090 ἐπιθεωρεῖται

303 5102 371 5156 τὸ
429 5103 628 5174 ποσὸν,
693 5104 810 5175 μεθ’
849 5105 878 5158 ὃ
931 5104 995 5159 τὸ
1024 5105 1181 5160 ποιὸν
1231 5105 1320 5158 καὶ
1384 5105 1577 5182 ἒφεξῆς
1634 5105 1696 5160 τὸ
1726 5105 1862 5180 πρός
1927 5127 1979 5161 τι

305 5192 399 5245 καὶ
443 5191 512 5245 τὰ
559 5191 704 5261 ἑξῆς
742 5190 797 5245 ἐν
838 5191 1047 5256 οὐσίαις
1114 5191 1170 5248 δὲ
1219 5194 1293 5255 ὡς
1361 5193 1516 5266 Θεὸς,
1575 5197 1723 5262 νοῦς,
1783 5195 1980 5273 ψυχαὶ,

306 5283 561 5353 σώματα’
626 5279 680 5334 ἐν
744 5285 938 5345 ποσοῖς
999 5279 1055 5336 δὲ
1112 5282 1164 5336 ὲν
1234 5282 1327 5355 μὲν
1386 5285 1504 5344 τοῖς
1563 5280 1839 5357 συνεχέσιν
1906 5283 1978 5346 ὡς

308 5377 568 5446 σημεῖον,
638 5374 897 5451 γραμμὴ,
961 5372 1262 5453 ἐπιφάνεια,
1350 5379 1530 5450 σῶμα⁸
1620 5374 1673 5431 ἐν
1751 5373 1808 5432 δὲ
1864 5382 1981 5438 τοῖς

382 5555 500 5626 (36)
533 5555 595 5610 F.
629 5557 718 5624 16,
750 5571 786 5612 a
813 5572 1000 5630 marg.
1034 5556 1163 5628 Περὶ
1194 5555 1396 5628 τάξεως
1433 5554 1760 5632 τεχνολογία

2089 4565 2174 4621 vel
2205 4564 2267 4620 in
2300 4563 2534 4635 quantis
2559 4561 2649 4618 ael
2683 4563 2742 4619 in
2774 4562 3051 4634 qualibus
3085 4563 3176 4620 vel
3216 4564 3276 4620 in
3325 4565 3527 4622 relatis
3557 4566 3647 4623 vel
3679 4565 3741 4622 in

2089 4655 2162 4709 iis
2196 4669 2323 4725 quae
2354 4652 2628 4708 dicuntur
2651 4667 2820 4723 agcre
2835 4657 2938 4708 aut
2960 4653 3080 4725 pati
3123 4653 3210 4710 vel
3248 4653 3350 4710 ubi
3372 4653 3462 4710 vel
3503 4656 3740 4727 quando

2091 4742 2179 4799 vel
2211 4742 2424 4798 habere
2456 4745 2511 4797 et
2543 4741 2741 4797 haberi
2796 4741 2884 4797 vel
2948 4743 3185 4799 demum
3233 4743 3294 4799 in
3345 4743 3439 4799 bis
3470 4744 3743 4800 omnibus

2091 4841 2189 4891 aut
2218 4831 2483 4889 invicem.
2515 4832 2578 4888 In
2627 4831 2921 4901 omnibus,
2968 4832 3233 4906 inquam,
3280 4837 3345 4890 ut
3391 4833 3737 4901 substantia,

2091 4926 2401 4995 quantum,
2435 4920 2628 4993 quale,
2662 4923 2729 4977 ad
2765 4919 2985 4993 aliquid
3016 4923 3085 4976 ad
3120 4922 3341 4994 reliqua
3374 4939 3387 4978 :
3423 4937 3558 4977 nam
3591 4921 3736 4976 eub-

2091 5011 2305 5068 stantia
2335 5013 2400 5065 ut
2431 5010 2699 5081 subjecta
2728 5010 2951 5066 caeteris
3000 5011 3272 5066 omnibus
3310 5010 3484 5066 simul
3515 5008 3738 5065 intelli-

2090 5101 2269 5174 gitur,
2330 5099 2544 5156 dtinde
2623 5099 3032 5156 consideratur
3079 5103 3384 5171 quantum,
3443 5102 3574 5168 post
3631 5098 3741 5154 hoc

2093 5192 2286 5263 quale,
2319 5194 2519 5260 postea
2594 5187 2839 5244 relatum
2917 5192 2974 5244 et
2997 5188 3244 5257 reliqua.
3291 5190 3356 5242 In
3397 5187 3742 5243 substantiis

2091 5296 2223 5335 vero
2300 5285 2360 5332 ut
2435 5277 2610 5346 Deus,
2702 5292 2891 5342 mens,
2984 5277 3211 5345 animae,
3309 5291 3568 5348 corpora.
3675 5277 3744 5333 In

2092 5365 2322 5440 quantis
2354 5364 2544 5436 iisque
2601 5364 2900 5421 continuis
2959 5368 3022 5422 ut
3065 5367 3371 5436 punctum,
3415 5364 3594 5437 linea,
3640 5383 3746 5426 su-

387 5697 476 5774 (z)
508 5697 735 5756 Confer.
768 5700 935 5758 Pbot.
955 5702 1046 5758 De
1074 5701 1272 5776 Spint.
1303 5706 1481 5759 sanet.
1506 5703 1864 5776 myslagogia,
1886 5718 2011 5776 cap.
2041 5702 2132 5774 62,
2165 5700 2254 5760 42.
