4034 6202
373 395 493 458 207
1623 387 1938 450 NICETIE

2198 384 2530 448 lNlENSIS
3673 386 3791 448 208

374 533 666 608 perﬁcies,
697 547 940 604 corpora
971 553 988 599 ς
1016 528 1078 584 in
1108 525 1375 584 discretis
1421 529 1641 592 autem,
1682 529 1739 581 et
1782 524 1967 596 quidet

2201 519 2550 596 υρισμένοις,
2615 516 2691 608 ἓν,
2743 516 2971 608 ἀριθμῶ
3236 516 3312 608 ῶς
3405 516 3599 592 μονὰς,
3660 515 3794 574 δυὰς

372 604 433 680 in
470 604 731 691 numero,
764 623 828 676 ut
855 617 1074 686 unitas,
1115 614 1430 684 binarium,
1475 612 1834 682 ternarium;
1885 616 1965 670 etc

2200 610 2307 680 ιὰς,
2365 609 2558 686 τετρὰς
2609 607 2700 664 καὶ
2757 608 2904 679 ἑξῆς,
2957 607 3009 662 ἐν
3057 605 3216 683 λόγῳ
3267 604 3326 663 6‘s
3380 608 3458 670 ὡς
3513 613 3793 684 στοιχεῖα,

371 714 433 770 in
463 725 730 770 sermone
759 725 892 766 vero
925 712 990 764 ut
1017 703 1791 776 litteras,syllabts,nomina,
1822 700 1962 758 verb

2207 693 2428 770 λλαϐαὶ,
2487 698 2752 772 ὀνόματα,
2811 697 3032 772 ῥήματα
3095 695 3186 752 καὶ
3243 695 3436 772 λόγος’
3503 697 3558 753 ἐν
3609 704 3800 764 ποιοῖς

371 807 430 859 et
461 802 668 860 oratio.
700 799 764 855 In
797 796 1074 870 qualibus
1104 801 1171 852 ut
1201 795 1418 868 passio,
1457 793 1706 860 affectio,
1747 792 1964 848 habitu:

2219 787 2298 848 ὡς
2326 787 2521 858 πάθος,
2567 784 2826 856 διάθεσις,
2855 785 2986 857 ἓξις·
3045 785 3136 841 καὶ
3193 785 3245 842 ἓν
3301 791 3422 850 τοῖς
3479 788 3795 870 σχήμασιν,

376 893 434 946 et
463 889 525 946 in
555 886 779 958 ﬁguris,
830 887 894 940 ut
943 888 1081 940 sunt
1125 883 1406 949 circulus,
1453 879 1841 952 triangulum,
1888 894 1964 950 qu

2232 874 2461 942 κύκλος,
2501 874 2796 952 τρίγωνον,
2832 875 3199 953 τετράγωνον,
3265 874 3357 931 καὶ
3420 876 3566 947 ἑξῆς
3609 878 3699 932 καὶ
3735 875 3797 931 ἐν

376 975 732 1047 drangulum
761 977 821 1030 et
847 980 1090 1040 cetera;
1122 975 1181 1026 et
1210 970 1268 1026 in
1293 970 1366 1025 iis
1394 985 1521 1042 qus.-
1559 967 1911 1041 qualitatum
1933 981 1969 1021 c:

2208 972 2244 1030 ῖς
2280 971 2388 1024 τῶν
2429 968 2741 1038 ποιοτήτων
2799 961 3070 1028 δεκτικοῖς
3113 965 3250 1022 κατὰ
3305 964 3368 1020 τὰ
3428 963 3644 1040 μᾶλλον
3703 967 3801 1022 καὶ

372 1066 538 1138 pacla
551 1069 691 1120 sunt
702 1067 760 1119 et
769 1061 1098 1120 secundum
1113 1058 1247 1133 plus
1257 1063 1317 1115 et
1331 1058 1527 1115 minus
1549 1057 1964 1114 considerantu

2208 1076 2290 1111 τον
2319 1054 2746 1132 θεωρουμένοις,
2778 1053 2903 1110 οἷόν
2933 1052 3045 1110 ἐστι
3101 1054 3164 1110 τὸ
3219 1053 3390 1126 ἦττον
3452 1053 3643 1111 λευκὸν
3702 1055 3801 1110 καὶ

371 1153 540 1226 quale
569 1157 658 1210 est
687 1151 881 1208 minus
919 1150 1120 1208 album
1173 1153 1231 1205 et
1279 1149 1464 1220 magis
1505 1147 1715 1215 album,
1743 1153 1799 1202 et
1827 1145 1964 1202 adbt

2240 1144 2454 1220 μᾶλλον
2485 1147 2574 1202 καὶ
2631 1145 2696 1201 τὸ
2749 1143 2828 1202 ἔτι
2886 1143 3210 1219 λευκότερον
3263 1143 3357 1200 καὶ
3411 1145 3476 1200 τὸ
3527 1143 3801 1219 μάλιστα,

368 1243 557 1316 magis
583 1240 782 1298 album
813 1249 866 1297 et
893 1239 1146 1296 maxime
1176 1237 1412 1294 album:
1435 1243 1489 1293 et
1517 1239 1715 1293 minus
1762 1233 1952 1292 calidu

2210 1279 2212 1286 ,
2242 1235 2303 1290 τὸ
2333 1235 2498 1304 ἦττον
2527 1240 2726 1310 θερμὸν
2757 1233 2847 1290 καὶ
2877 1232 2940 1289 τὸ
2976 1231 3212 1306 μᾶλλον,
3271 1232 3364 1288 καὶ
3417 1231 3483 1288 τὸ
3540 1229 3618 1290 ἔτι
3665 1245 3803 1307 θερ-

367 1341 424 1391 et
455 1331 647 1405 magis
667 1330 1023 1400 calidum,et
1041 1329 1233 1385 adhuc
1249 1325 1500 1384 calidius
1517 1330 1575 1382 et
1607 1325 1858 1382 maxime
1887 1340 1956 1380 ca

2204 1343 2358 1400 τερον
2387 1323 2571 1379 καὶτὸ
2617 1320 2879 1397 μάλιστα,
2905 1321 3000 1377 καὶ
3054 1321 3122 1378 τὰ
3175 1326 3426 1379 τοιαῦτα.
3483 1323 3642 1387 Ὅθεν
3695 1321 3797 1378 καὶ

372 1423 510 1480 dum
522 1426 716 1492 ,atque
731 1420 823 1476 bis
839 1417 1050 1476 similia
1069 1433 1082 1486 ;
1099 1415 1255 1472 unde
1269 1419 1329 1472 et
1345 1415 1702 1471 medicorum
1725 1413 1888 1484 pueri
1905 1411 1965 1468 ali

2198 1415 2320 1486 τρῶν
2375 1409 2564 1475 παῖδες
2613 1412 2682 1466 τὰ
2759 1411 2854 1485 μὲν
2920 1411 3151 1486 πρώτης
3207 1411 3410 1482 τάξεώς
3491 1431 3622 1491 φασι
3671 1415 3791 1467 τῶν

141 1515 162 1564 .“
245 1579 248 1582 ἢ
285 1517 290 1520 ’
373 1511 804 1570 medicamenta
820 1508 992 1580 primi
1013 1505 1236 1562 ordinis
1249 1501 1596 1570 dieunt,alia
1615 1517 1734 1560 seca

2201 1500 2443 1592 ρμάκων,
2474 1502 2542 1592 τὰ
2570 1497 2635 1592 δὲ
2685 1498 2955 1592 διυτὲρας,
2994 1501 3082 1592 ,τὸ
3136 1497 3196 1556 δί
3247 1499 3462 1576 τρίτης,
3518 1497 3666 1556 ἄλλα
3731 1497 3794 1556 δὲ

373 1599 692 1671 tertii,imo
722 1605 777 1653 et
806 1597 922 1652 alia
948 1595 1162 1668 quarti.
1185 1597 1272 1650 Ita
1310 1591 1530 1666 pariter
1573 1596 1630 1648 et
1663 1592 1723 1648 in
1757 1590 1966 1646 facienc

2210 1591 2415 1666 τάρτης.
2476 1588 2752 1652 Ὡσαύτως
2807 1587 2866 1645 δὲ
2920 1587 3012 1646 καὶ
3061 1587 3114 1644 ἐν
3190 1593 3270 1662 τῷ
3324 1595 3504 1646 ποιεῖν
3541 1590 3634 1644 καὶ
3689 1590 3803 1646 πά-

257 1689 272 1706 ⁶
380 1695 436 1745 et
455 1687 730 1760 patiendo
753 1702 767 1742 :
793 1701 927 1741 nam
960 1683 1148 1756 magis
1176 1689 1235 1739 et
1265 1683 1461 1738 minus
1492 1685 1556 1737 ut
1586 1685 1644 1737 et
1681 1679 1850 1736 me,in

2208 1695 2300 1735 ιιν⁶
2332 1681 2394 1735 τὸ
2429 1677 2644 1753 μᾶλλον
2686 1677 2790 1754 γὰρ
2846 1677 2940 1734 καὶ
2991 1678 3054 1735 τὸ
3114 1677 3284 1748 ἧττον
3340 1679 3435 1735 καὶ
3491 1677 3544 1734 ἐν
3573 1678 3801 1741 τούτοις

77 1771 110 1806 ’ί
265 1831 272 1834 .
376 1773 441 1834 in
457 1749 565 1832 .his
593 1775 786 1832 locum
815 1773 1012 1841 habet,
1043 1749 1129 1829 sic
1157 1772 1328 1828 etiam
1359 1770 1422 1828 in
1476 1769 1623 1838 loco,
1664 1787 1670 1824 ι

2239 1769 2303 1825 τὸ
2338 1749 2598 1844 μάλιστα.
2655 1749 2850 1826 ’Ᾱλλὰ
2910 1768 3002 1824 καὶ
3060 1766 3119 1824 ἰν
3177 1767 3351 1842 τόπῳ’
3411 1769 3475 1824 τὸ
3531 1769 3634 1846 γᾶρ
3685 1767 3809 1824 ἅνω

113 1939 128 1954 1
219 1861 256 1872 ”
373 1865 466 1922 vel
492 1866 662 1930 infra,
689 1864 760 1919 ad
809 1863 1106 1920 dexteram
1162 1861 1249 1917 vel
1291 1860 1361 1916 ad
1415 1859 1706 1916 sinistram

2216 1858 2346 1966 tu't'w
2375 1857 2411 1928 ἤ
2445 1855 2592 1929 δεξιᾷ
2619 1856 2656 1928 ἢ
2684 1856 2964 1966 ἀρισῖερᾷ,
3025 1853 3064 1928 ἤ
3120 1851 3421 1966 ἔμπροσθεν
3479 1859 3517 1928 ἢ
3577 1853 3809 1914 ὄπισθεν

61 1941 127 2026 ..τ
167 1971 170 1974 ’
221 1965 228 1972 '
279 2007 282 2012 _
327 2005 332 2014 ,
377 1961 508 2028 post
537 1952 622 2010 vel
652 1953 872 2008 circum
912 1950 1005 2007 vel
1051 1951 1111 2005 in
1165 1949 1360 2006 medio
1403 1949 1654 2005 ordinem

2237 1943 2388 2023 πέριξ
2445 1946 2480 2016 ἢ
2531 1945 2583 2001 ἐν
2641 1950 2724 2019 τῷ
2783 1943 2932 2021 μέσῳ
2988 1946 3139 2016 τάξιν
3224 1941 3341 2022 ἔχει
3391 1947 3534 2004 τινά.
3589 1947 3690 2002 Καὶ
3743 1949 3812 2004 ἐν

379 2042 615 2100 habent.
647 2041 742 2098 Sic
771 2045 831 2096 et
861 2039 920 2095 in
951 2045 1232 2112 tempore,
1269 2037 1412 2107 heri,
1437 2037 1628 2106 hodie,
1659 2051 1811 2102 cras,
1842 2035 1970 2107 priu

2220 2037 2346 2109 όνῳ,
2375 2036 2437 2092 τὸ
2467 2037 2598 2112 χθὶς
2623 2034 2713 2091 καὶ
2743 2035 2807 2091 τὸ
2837 2037 2934 2108 στή
2947 2055 3111 2110 μερον
3152 2036 3243 2092 καὶ
3272 2037 3337 2091 τὸ
3365 2033 3554 2112 αὔριον
3585 2035 3678 2092 καὶ
3736 2037 3813 2093 τὸ

378 2147 532 2202 nunc
548 2135 606 2187 et
616 2128 1008 2202 posterius.ad
1020 2127 1283 2184 ordinem
1301 2130 1586 2196 spectant.
1609 2125 1752 2181 Item
1774 2128 1833 2180 et
1851 2124 1910 2180 in
1935 2139 1971 2178 ιιι

2222 2124 2400 2200 ύτερον
2428 2124 2610 2180 καὶτὸ
2639 2127 2730 2179 νῦν
2786 2123 2876 2180 καὶ
2939 2125 3005 2180 τὸ
3059 2120 3283 2200 ὕστερον
3333 2125 3556 2195 τάξεως.
3617 2123 3815 2182 Ἀ).λᾶ

379 2201 517 2276 latis
539 2235 554 2287 ;
577 2201 697 2275 sive
717 2219 872 2274 enim
895 2218 1058 2288 prius
1078 2221 1137 2272 et
1157 2215 1468 2286 posterius,
1487 2215 1606 2270 sive
1619 2213 1868 2270 simulin
1883 2212 1896 2266 i
1906 2229 1972 2284 ps

2218 2213 2310 2268 ὶὲν
2359 2218 2476 2276 τοῖς
2506 2213 2644 2288 πρός
2697 2230 2772 2267 τι·
2833 2211 2941 2268 εἴτε
2993 2213 3097 2288 γὰρ
3153 2213 3218 2269 τὸ
3273 2213 3536 2290 πρότερον
3589 2213 3683 2269 καὶ
3735 2215 3811 2270 τὸ

381 2308 694 2374 invenilur,
723 2307 840 2362 haec
858 2321 1092 2378 quoque
1138 2308 1278 2360 sunt
1312 2303 1555 2360 ordinis.
1608 2303 1821 2358 Eodem
1855 2304 1974 2356 mori

2219 2323 2382 2380 ιτρον,
2415 2302 2524 2358 ι’ἰτι
2556 2301 2648 2357 καὶ
2675 2301 2740 2358 τὸ
2787 2300 2902 2376 ἅμα
2965 2301 3018 2358 ἐν
3077 2303 3288 2374 αὐτοῖς,
3345 2301 3434 2358 καὶ
3481 2307 3652 2359 ταότα
3703 2303 3812 2359 τά-

385 2404 444 2454 et
464 2399 524 2454 in
543 2397 820 2454 omnibus
841 2399 898 2450 et
928 2394 1254 2450 universim
1274 2394 1335 2448 in
1361 2391 1622 2465 quolibet
1646 2407 1870 2459 eorum,
1901 2407 1974 2462 qu

2214 2415 2292 2456 υς,
2349 2392 2622 2455 Ὡσαύτως
2677 2391 2768 2448 καὶ
2825 2391 2914 2448 ἐπὶ
2964 2391 3202 2451 πάντων.
3261 2393 3370 2450 Καὶ
3461 2391 3656 2456 ἁπλῶς
3716 2392 3807 2471 ἐφ’

384 2484 764 2558 singulariter
779 2492 833 2540 et
852 2483 1176 2539 secundum
1195 2497 1257 2537 se
1278 2483 1406 2554 ipsa
1425 2479 1888 2550 considerantur,
1913 2495 1977 2535 ne

2216 2481 2364 2538 ἱστου
2425 2481 2520 2554 μὲν
2577 2483 2687 2536 τῶν
2749 2477 3059 2555 μοναδικῶς
3113 2480 3204 2537 καὶ
3257 2483 3378 2538 καθ’
3445 2481 3609 2537 ἑαυτὲ
3659 2483 3809 2538 θεω-

381 2573 493 2630 erit
520 2573 700 2640 ordo;
735 2572 834 2628 ubi
863 2587 998 2628 vero
1041 2585 1324 2626 numerus
1367 2569 1607 2642 quidam
1639 2567 1727 2624 vel
1750 2567 1974 2624 habitur

2212 2569 2421 2645 υμὲνων
2459 2571 2564 2626 οὐκ
2591 2566 2651 2625 ἄν
2679 2567 2765 2642 εἴη
2796 2571 2962 2640 τάξιςσ
2994 2566 3119 2626 ἔνθα
3171 2567 3230 2625 δὲ
3287 2570 3519 2645 ἀριθμός
3559 2572 3642 2634 τίς
3677 2570 3803 2628 ἐστι

379 2663 454 2720 ad
474 2661 723 2720 alterum
745 2661 1080 2733 percipitur,
1133 2659 1214 2715 ibi
1259 2664 1319 2715 et
1365 2659 1507 2714 ordo
1541 2661 1652 2724 est,
1681 2656 1803 2714 sive
1829 2671 1921 2713 res
1948 2672 1972 2713 ε

2218 2659 2512 2734 ορούμενος
2539 2654 2579 2728 ἤ
2637 2659 2826 2734 σχέσις
2873 2659 3010 2733 πρὸς
3056 2655 3264 2733 ἓτερον,
3296 2657 3406 2714 ἐκεῖ
3455 2661 3543 2714 καὶ
3576 2661 3610 2730 ἡ
3643 2660 3811 2731 τάξις

379 2757 599 2808 natura:
621 2767 906 2823 corporeae
917 2748 1240 2822 cognitioni
1258 2747 1642 2815 subdita,sive
1654 2747 1726 2802 ad
1748 2747 1967 2803 ratione

2211 2748 2308 2820 τὶν,
2339 2747 2447 2804 ε’ἰτε
2494 2746 2994 2823 φυσιολογούμενόν
3027 2747 3172 2804 ἐστιν
3231 2747 3338 2803 εἴτε
3394 2746 3804 2825 λογικώτερον,

377 2846 662 2914 spectans,
685 2841 803 2896 sive
833 2838 1238 2896 mathematice
1282 2837 1672 2902 considerata,
1705 2836 1825 2893 sive
1854 2835 1966 2891 etia

2214 2858 2250 2893 re
2281 2838 2678 2912 μαθηματικῶς
2733 2835 3127 2911 θεωρούμενον,
3178 2835 3282 2892 εἴτε
3339 2837 3430 2892 καὶ
3483 2836 3807 2913 θεολογού-

377 2929 680 3002 theologias
703 2926 1268 2985 conveniens.Verhi
1289 2925 1510 3000 gratia:
1537 2941 1763 2995 mones,
1795 2939 1970 2997 quam

2218 2947 2318 2986 νον·
2352 2927 2464 2984 οἷόν
2505 2949 2560 2984 τι
2601 2927 2766 3004 λέγω.
2823 2928 2887 2986 Ἦ
2938 2928 3130 3001 μονὰς,
3190 2927 3316 2984 ὅταν
3345 2935 3618 3002 θεωρῆται
3673 2931 3811 2985 καθ’

376 3020 702 3074 secundum
721 3017 982 3087 seipsam
1001 3015 1649 3085 consideratur,absque
1664 3013 1969 3070 habitudin

2211 3019 2358 3089 οτήν,
2389 3015 2622 3095 ἅσχετός
2649 3016 2710 3072 τὲ
2765 3017 2877 3073 ἐστι
2933 3016 3027 3072 καὶ
3087 3016 3228 3090 μόνη
3268 3018 3356 3073 καὶ
3421 3018 3552 3090 ὑπὲρ
3616 3020 3804 3092 τάξινο

379 3112 440 3162 et
477 3105 604 3162 sola
661 3109 748 3160 est
797 3113 970 3176 atque
1023 3117 1201 3175 supra
1255 3102 1542 3168 ordinem,
1601 3103 1836 3175 quando
1895 3117 1972 3158 vel

2218 3128 2266 3162 ιν
2295 3103 2353 3162 δὲ
2391 3107 2532 3181 πρὸς
2560 3102 2729 3162 δυάδα
2759 3105 2848 3162 καὶ
2878 3101 3070 3181 τριάδα
3125 3105 3216 3162 καὶ
3272 3105 3401 3170 τοὺς
3454 3106 3578 3176 ἑξῆς
3633 3106 3811 3182 ἄριο-

378 3194 786 3252 consideratur
803 3193 874 3247 ad
897 3192 1192 3247 binarium
1207 3196 1266 3246 et
1281 3191 1596 3246 ternarium
1613 3207 1680 3246 ac
1716 3197 1971 3262 aequent.

2214 3195 2308 3269 νὸς,
2339 3194 2449 3274 οὐχ
2477 3193 2669 3258 ἁπλῶς
2735 3191 2948 3271 λέγεται
3013 3195 3196 3268 μονὰς,
3247 3193 3394 3251 ἀλλὰ
3456 3194 3544 3250 καὶ
3594 3197 3807 3270 πρώτη

383 3295 682 3350 numeros,
703 3296 822 3336 non
871 3279 1204 3350 simpliciter
1255 3279 1472 3335 dicitur
1523 3294 1754 3345 mones,
1798 3257 1906 3335 sed
1965 3295 1976 3333 ι

2221 3257 2449 3362 Edax};
2496 3285 2764 3360 ἀριθμῶν.
2810 3257 2901 3342 ’Τὸ
2968 3257 3244 3364 στοιχείον
3338 3257 3646 3346 ὡσαύτως.
3674 3257 3814 3343 οἷον

377 3369 567 3440 prima
597 3376 647 3425 et
665 3382 1042 3424 numerorum
1060 3367 1532 3440 principium.Sic
1550 3365 1970 3439 pariterelemel

2206 3375 2267 3450 γῆ
2303 3375 2446 3448 (37),
2473 3373 2538 3428 τὸ
2569 3370 2739 3449 ὕδωρ,
2770 3373 2862 3428 καὶ
2907 3371 2976 3428 τὰ
3028 3371 3222 3443 λοιπὰ,
3259 3374 3372 3430 καθ’
3418 3373 3576 3429 ἑαυτᾶ
3635 3373 3799 3432 οὕτω

376 3464 524 3526 tum,
557 3456 728 3530 quale
756 3459 846 3513 est
875 3461 1050 3525 terra,
1075 3472 1225 3528 aqua
1266 3464 1319 3512 ot
1367 3463 1594 3526 caetera,
1625 3457 1764 3511 dum
1825 3471 1969 3512 88001

2214 3460 2480 3538 υρούμενα
2517 3462 2607 3518 καὶ
2640 3461 2928 3538 λεγόμενα,
2978 3463 3117 3539 πρὸς
3174 3459 3234 3518 δὲ
3281 3463 3374 3519 τὸν
3416 3457 3546 3518 ὅλον
3576 3463 3807 3536 κόσμον

373 3548 513 3604 dum
543 3563 606 3604 se
635 3547 716 3603 ita
745 3546 1192 3604 considerantur
1233 3550 1292 3602 et
1337 3546 1630 3616 dicuntur,
1673 3543 1850 3602 relate
1891 3561 1966 3602 vel

2212 3559 2216 3605 ἰ
2271 3552 2338 3607 τὰ
2389 3549 2441 3624 ἐξ
2498 3551 2679 3607 αὐτῶν
2736 3550 2991 3627 στοιχεῖά
3045 3573 3106 3608 τι
3161 3553 3253 3608 καὶ
3309 3552 3499 3628 ἀρχαι·
3561 3553 3627 3607 τὰ
3683 3551 3805 3608 κδ⁹’

367 3642 440 3697 ad
472 3640 756 3696 mundum
787 3641 1124 3696 universum
1171 3642 1229 3694 et
1276 3653 1346 3694 ea
1391 3654 1518 3708 quae
1566 3653 1634 3692 ex
1679 3638 1829 3710 ipsis
1859 3653 1960 3693 sun

2218 3641 2422 3714 ἱμματα
2462 3640 2765 3716 γράμματα
2819 3641 2916 3714 μὲν
2971 3645 3092 3706 καθ’
3147 3640 3332 3712 ἑαυτὰ,
3399 3645 3649 3716 στοιχεῖα
3736 3639 3811 3700 δὲ

153 3725 160 3732 ’
247 3721 290 3750 ”
371 3729 659 3785 elementa
687 3733 747 3784 et
776 3728 1063 3800 principia
1091 3731 1250 3784 sunt.
1273 3727 1486 3798 Viginti
1526 3731 1746 3798 quatuo

2229 3729 2398 3804 ἀρχαὶ
2427 3733 2535 3785 τῶν
2569 3725 2862 3785 συλλαϐῶν
2919 3735 3010 3785 καὶ
3068 3727 3282 3785 λοιπῶν
3329 3735 3437 3786 τῶν
3469 3727 3684 3810 ἐφεξῆς.
3716 3733 3795 3790 Ἡ

369 3820 690 3876 secundum
723 3835 787 3876 se
825 3822 966 3874 sunt
996 3817 1219 3886 littere,
1251 3815 1543 3873 elementa
1577 3833 1712 3874 vero
1743 3824 1806 3872 ut
1854 3816 1961 3872 init

2213 3819 2305 3894 ἐρα
2369 3818 2598 3892 ὁμοίωςο
2654 3817 2745 3874 καὶ
2802 3817 2908 3894 γὰρ
2965 3819 3055 3874 καὶ
3113 3818 3252 3890 αὕτη
3344 3817 3443 3893 μία
3507 3819 3602 3892 μὲν
3665 3824 3804 3886 καθ’

367 3908 728 3982 syllabarum
751 3913 807 3965 et
819 3924 1018 3965 eorum
1039 3923 1166 3978 quae
1179 3905 1696 3978 sequuntur.ldem
1712 3906 1803 3962 die
1819 3905 1889 3962 de
1903 3905 1956 3960 di

2206 3909 2341 3977 κήν,
2373 3907 2568 3981 πρώτη
2598 3903 2656 3962 δὲ
2685 3906 2760 3969 ὡς
2815 3908 2951 3983 πρὸς
3009 3905 3106 3968 τὰς
3171 3907 3288 3981 μεθ’
3347 3907 3560 3978 ἑαυτήν.
3616 3909 3799 3972 ’Ὸοεν

363 3997 486 4054 dies
511 3998 668 4054 enim
694 4014 850 4053 unus
869 4005 954 4054 est
984 3997 1308 4052 secundum
1342 4013 1424 4063 se,
1461 3995 1682 4064 primus
1728 4011 1862 4052 vero
1917 4013 1956 4050 ιιι

2201 4015 2255 4058 ος
2283 3996 2373 4053 καὶ
2405 3997 2434 4050 6
2479 3997 2740 4061 Μωϋσῖλς,
2780 3996 2881 4065 τήν
2940 3989 3167 4072 πρώτὴν
3218 3996 3431 4071 ἡμέραν
3480 3997 3598 4052 καθ’
3657 3997 3794 4052 ἑαυ-

367 4085 483 4144 late
507 4087 580 4144 ad
611 4086 736 4142 dies
789 4085 887 4157 qui
944 4091 1080 4157 post
1134 4085 1328 4154 ipsum
1385 4091 1541 4151 sunt,
1576 4085 1728 4140 unde
1779 4085 1960 4139 tortas:

2204 4108 2220 4138 ν
2253 4085 2493 4158 θεωρῶν,
2527 4084 2603 4146 ὡς
2637 4087 2806 4160 μήπω
2852 4089 2964 4140 τῶν
3017 4085 3141 4156 ἑξῆς
3192 4087 3414 4160 ἡμερῶν
3451 4086 3797 4162 γενομένων,

369 4173 560 4230 Moses
590 4190 824 4246 quoque
851 4172 1105 4245 primum
1139 4171 1293 4226 diem
1333 4173 1660 4227 secundum
1717 4187 1780 4226 se
1823 4187 1960 4226 cons

2207 4195 2250 4228 ιν
2353 4173 2658 4247 ὠνόμασεν·
2735 4173 3268 4246 ἐπακολουθησασῶν
3345 4171 3403 4229 δὲ
3504 4174 3596 4229 καὶ
3673 4180 3800 4233 τῶν

371 4263 608 4330 derans,
674 4268 950 4334 tanquam
1037 4262 1298 4316 nondum
1382 4261 1548 4316 factis
1631 4261 1964 4332 sequentibt

2208 4270 2268 4334 ἧς,
2327 4257 2470 4317 ἔστιν
2529 4261 2698 4334 αύτήν
2753 4263 2845 4318 καὶ
2897 4264 3120 4338 πρώτην
3177 4263 3346 4319 εἰπεῖν
3400 4263 3538 4340 πρὸς
3595 4264 3801 4330 αὐτάς·

371 4352 580 4407 diebus
613 4373 641 4402 ι(
671 4369 853 4408 unum
887 4374 914 4402 »
947 4351 1277 4423 appellavit,
1301 4367 1431 4406 cum
1465 4367 1594 4406 vero
1625 4355 1680 4405 et
1709 4359 1964 4420 sequeru

2209 4352 2348 4407 ,οὐκ
2372 4351 2556 4428 ἀγνοῶ
2593 4372 2655 4428 γε
2695 4349 2820 4407 οὐδὲ
2875 4353 2976 4416 τὰς
3033 4353 3228 4420 αἰτίας,
3264 4351 3336 4408 δι’
3393 4351 3454 4416 ἃς
3519 4353 3671 4408 εἶπον
3736 4357 3802 4410 οἱ

367 4439 490 4497 dies
555 4441 968 4505 successerint,
1026 4439 1160 4495 licet
1209 4455 1342 4496 eum
1403 4444 1460 4494 et
1514 4439 1762 4510 primum
1823 4441 1960 4496 dice]

2217 4461 2270 4495 οι
2304 4441 2432 4514 μίαν
2487 4439 2619 4495 εἶναι
2678 4439 2886 4512 ἐκείνην
2945 4441 3081 4515 (καὶ)
3146 4439 3442 4514 κληθῆναι,
3502 4439 3626 4498 οὕτε
3680 4445 3804 4516 μὴν

363 4527 544 4584 relate
574 4528 645 4582 ad
677 4527 836 4584 istos.
872 4529 942 4582 Et
964 4545 1078 4584 non
1115 4529 1318 4600 ignoro
1348 4543 1578 4594 causas,
1606 4535 1842 4600 propter
1867 4547 1956 4600 qu;

2210 4530 2280 4592 ὼς
2333 4528 2502 4590 αὐτὰς
2560 4526 3104 4604 ἆποπροσποιοΰμαι,
3153 4528 3303 4586 ἀλλὰ
3357 4531 3447 4585 καὶ
3505 4528 3627 4585 οἶδα
3695 4535 3803 4589 καὶ

361 4615 624 4672 dixerunt
645 4615 830 4671 sancti
858 4631 1038 4670 unum
1075 4632 1204 4670 esse
1235 4621 1290 4672 et
1321 4615 1611 4670 nominari
1636 4616 1785 4670 diem
1819 4615 1954 4670 illun

2204 4615 2630 4693 εραποδὲχομαι.
2696 4616 2873 4674 Πάλιν
2931 4619 2960 4674 6
3015 4619 3145 4682 Θεὸς
3205 4621 3287 4684 εἷς
3325 4641 3383 4675 τε
3437 4617 3528 4674 καὶ
3589 4621 3797 4692 μόνος·

362 4719 554 4776 neque
579 4702 772 4760 sciens
802 4720 902 4759 eas
933 4703 1174 4775 repudio
1197 4703 1282 4758 vel
1323 4702 1466 4757 mihi
1523 4705 1788 4774 proprias
1831 4705 1952 4758 face

2212 4705 2251 4759 λ’
2283 4705 2406 4758 ὅταν
2437 4704 2574 4778 πρὸς
2604 4708 2728 4758 νοῦν
2772 4704 2862 4760 καὶ
2918 4705 3104 4781 ψυχὴν
3161 4705 3252 4760 καὶ
3312 4707 3537 4779 σώματα
3577 4714 3805 4782 θεωρῆ-

365 4795 644 4864 detrecto,
667 4793 782 4850 imo
806 4798 860 4850 et
893 4793 1022 4848 novi
1045 4798 1101 4848 et
1122 4798 1237 4848 tota
1261 4798 1454 4847 tuente
1502 4793 1840 4862 amplector.
1877 4793 1958 4847 Ru

2202 4817 2231 4865 ι,
2261 4794 2385 4848 τότε
2441 4795 2530 4848 καὶ
2598 4797 2820 4869 πρῶτος
2852 4793 2988 4848 κατὰ
3041 4794 3186 4865 τάξιν
3244 4794 3320 4858 ὡς
3368 4795 3517 4871 ἀρχὴ
3555 4796 3795 4852 πάντων

366 4900 496 4942 sum
528 4884 683 4941 Deus
711 4893 764 4940 et
792 4899 945 4939 unus
975 4886 1031 4938 et
1060 4882 1222 4937 solus
1251 4885 1378 4948 est;
1418 4881 1517 4935 sed
1561 4881 1794 4952 quando
1825 4897 1959 4936 cons

2209 4879 2232 4935 ‘l
2298 4901 2358 4936 τε
2415 4880 2504 4936 καὶ
2559 4878 2796 4957 λέγεται.
2855 4879 3034 4938 Ἀλλὰ
3088 4881 3178 4936 καὶ
3237 4881 3289 4938 ἐν
3341 4887 3410 4958 τῇ
3480 4881 3596 4954 θείᾳ
3627 4885 3802 4962 φύσει

369 4976 605 5032 deralur
633 4973 814 5031 relate
835 4973 906 5029 ad
928 4970 1464 5040 mentem,animam
1495 4974 1552 5024 et
1581 4985 1844 5042 corpora,
1879 4975 1962 5024 tur

2218 4969 2356 5043 θμὸς
2419 4971 2454 5038 ἡ
2515 4969 2888 5044 ὑπιράριθμος
2937 4969 3114 5044 τριὰς,
3173 4971 3266 5026 καὶ
3303 4969 3357 5026 ἐν
3395 4973 3464 5046 τῇ
3521 4973 3620 5026 τοῦ
3695 4972 3808 5051 ἀγ,

366 5067 426 5121 et
448 5065 674 5137 primus
693 5063 1018 5120 secundum
1037 5060 1298 5118 ordinem
1319 5066 1372 5114 ul
1390 5058 1650 5115 omnium
1670 5059 1952 5130 principia

2217 5080 2287 5113 ou
2319 5059 2474 5139 φύσει
2507 5059 2596 5114 καὶ
2654 5057 2706 5114 ἐν
2761 5063 2830 5134 τῇ
2890 5063 2986 5115 τοῦ
3039 5060 3334 5137 ἀνθρώπου
3367 5060 3394 5115 ὁ
3426 5059 3810 5132 κατάλληλος

368 5160 427 5211 et
453 5160 545 5213 est
573 5161 632 5213 et
661 5155 892 5213 dicitur.
916 5154 1131 5211 Verum
1151 5151 1328 5208 etiam
1351 5149 1410 5205 in
1434 5148 1632 5205 divina
1671 5155 1880 5204 natura
1912 5167 1961 5205 nl

2222 5148 2378 5218 θμός’
2413 5145 2620 5203 πολλοὶ
2649 5147 2750 5225 γὰρ
2810 5147 3044 5227 ἄγγελοι
3075 5150 3163 5205 καὶ
3206 5148 3416 5206 πολλοὶ
3481 5148 3813 5224 ἄνθρωπον

369 5259 566 5300 merus
596 5253 679 5301 est
711 5246 942 5302 trinitas
989 5259 1167 5314 supra
1217 5255 1528 5296 numerum
1579 5237 1819 5306 elevata,
1853 5243 1910 5294 et
1959 5244 1962 5294 ἱ

2214 5258 2252 5293 τε
2307 5237 2400 5292 καὶ
2455 5237 2605 5310 τάξις
2658 5238 2875 5300 τούτοις
2942 5235 3303 5316 ἐνθεωρεῖται,
3353 5237 3480 5294 ἀλλ’
3539 5240 3600 5294 ού
3655 5243 3807 5299 κατᾶ

375 5319 717 5404 angelorum
751 5342 960 5390 natura
1008 5338 1188 5403 atque
1231 5329 1290 5384 in
1335 5335 1542 5384 natura
1587 5327 1842 5384 hominis
1887 5345 1968 5384 co:

2215 5347 2225 5380 ι
2277 5323 2660 5398 ούσίαν,ἇλλὰ
2715 5327 2850 5382 κατά
2903 5347 3054 5389 τινας
3105 5325 3408 5396 ἰδιότητας·
3466 5329 3556 5383 καὶ
3602 5329 3632 5383 ὅ
3699 5332 3808 5405 μὲν

351 5411 556 5489 ηετουε
589 5437 906 5490 numerus;
944 5420 1111 5476 multi
1139 5419 1297 5475 enim
1347 5423 1488 5474 sunt
1533 5418 1718 5488 angeli
1766 5427 1816 5474 et
1852 5435 1944 5474 mu

2300 5417 2424 5491 ὶρχή
2453 5435 2537 5478 τις
2569 5414 2732 5485 ἐστὶν,
2802 5417 2830 5472 6
2889 5413 2947 5472 δὶ
2997 5415 3180 5492 ἑτέραν
3239 5411 3360 5493 ἔχει
3397 5416 3569 5488 τάξιν.
3603 5417 3824 5489 Οὕτως
3877 5467 3893 5476 .

361 5503 667 5576 homines;
700 5513 842 5565 tunc
872 5514 929 5564 et
951 5511 1092 5564 ordo
1133 5507 1191 5563 in
1235 5507 1328 5564 his
1359 5507 1789 5574 consideratur,
1823 5523 1954 5564 veru

2220 5525 2319 5583 (ων
2348 5523 2433 5566 τις
2463 5503 2518 5560 ἐν
2575 5501 2846 5583 ἀγγέλοις
2899 5505 2989 5562 καὶ
3045 5504 3424 5588 ἀρχαγγέλοις
3479 5509 3574 5563 καὶ
3631 5530 3813 5590 γτδγεο

435 5645 548 5722 (3η
577 5645 638 5702 ἰι
673 5648 768 5724 γῇ,
800 5647 876 5703 αι.
909 5648 1040 5722 ἡγῆ.
