4034 6202
216 397 321 455 909

1215 395 1315 454 DE
1356 392 1898 454 PROCESSIONE
1943 391 2304 455 SPIBITUS
2349 395 2663 458 SANCTL

3507 397 3625 458 210

217 525 416 600 νάρχης
468 522 521 577 ἐν
561 528 684 586 τοῖς
741 523 1063 598 ἀνηρώποις
1118 520 1298 596 Αδάμ’
1351 522 1441 578 καὶ
1473 523 1527 576 ἐν
1555 526 1624 596 τῇ
1670 519 1861 596 Τριάδι

1979 539 2090 580 non
2122 528 2444 582 secundum
2476 528 2814 595 essentiam,
2847 530 2947 585 sed
2979 530 3298 586 secundam
3339 530 3623 600 quasdam

218 616 386 668 τοίνυν
425 613 577 688 ἀρχὴ
642 614 670 666 6
730 615 942 687 Πατήρ.
990 611 1169 669 Ἀλλά
1205 633 1322 685 μοι,
1355 611 1438 667 ὅτι
1468 610 1671 667 πολλοὶ
1706 611 1867 685 ἄγγε-

220 703 308 759 λοι
333 704 416 756 καὶ
449 701 666 756 πολλοὶ
707 700 1018 776 ἂνηρωποι,
1063 704 1138 775 μὴ
1171 703 1364 776 σύναγε
1404 699 1486 756 ὅτι
1517 702 1608 756 καὶ
1639 699 1865 774 ξπολλοὶ

225 792 596 866 θεοί.’ᾼπαγε
645 797 750 859 τῆς
824 790 1167 860 Ἑλληνικῆς
1228 789 1588 866 μωρολογῖάς
1651 791 1662 846 l
1743 788 1869 844 ἀλλ’

216 883 294 935 ὅτι
357 879 445 935 καὶ
505 878 557 933 ἐν
610 879 788 954 Πατρὶ
855 879 946 934 καὶ
1004 879 1112 951 Υίῷ
1187 879 1279 934 καὶ
1367 879 1509 953 ἁγίῳ
1594 878 1869 952 Ηνεύματι

214 971 354 1040 τάξις
395 968 570 1040 ἐστὶν,
603 967 750 1023 ἀλλὰ
800 968 982 1038 πάσης
1039 968 1236 1041 τάξεως
1290 969 1551 1043 ἀνωτὲρα.
1615 969 1710 1029 -Ὠς
1765 968 1867 1043 γὰρ

213 1063 244 1128 ἡ
276 1059 431 1136 φύσις
469 1059 787 1132 ὑπέρκειται
815 1061 926 1112 τῶν
959 1055 1167 1136 φύσεων
1207 1057 1426 1111 ἁπασῶν
1492 1056 1654 1130 (ὑπὲρ
1709 1054 1866 1128 φύσιν

210 1150 307 1223 γὰρ
363 1149 456 1202 καὶ
518 1147 847 1220 ὑπερφυής).
910 1147 1057 1201 οὕτω
1113 1145 1202 1201 καὶ
1261 1147 1297 1215 ἡ
1355 1145 1502 1218 τάξις
1529 1149 1640 1200 τῶν
1669 1145 1870 1216 τάξεων

212 1238 432 1292 ἁπασῶν
489 1237 650 1310 (ὑπὲρ
704 1235 856 1306 τάξιν
905 1236 1010 1310 γὰρ
1061 1235 1151 1288 καὶ
1211 1235 1545 1310 ὑπερταγής)
1586 1236 1696 1306 (38)
1778 1234 1868 1288 καὶ

209 1327 355 1401 ἁρχὴ
389 1327 419 1380 6
469 1326 665 1399 Πατὴρ
721 1323 1083 1399 ὑπεράρχιος.
1113 1319 1265 1394 Μηδ’
1312 1322 1398 1378 ὅτι
1429 1321 1596 1378 πάλιν
1627 1325 1655 1378 6
1690 1319 1870 1395 Ἀδὰμ

207 1413 566 1490 γηγενάρχγ,ς
597 1411 650 1466 ἐν
697 1417 816 1473 τοῖς
871 1411 1175 1487 ἀνθρώποις
1207 1410 1297 1465 καὶ
1330 1410 1359 1465 6
1423 1409 1869 1485 ἀρχιστράτηγος

208 1503 439 1577 Μιχαὴλ
498 1499 887 1576 ἆγγελοὶρχης,
935 1501 1008 1554 ’ἐν’
1048 1499 1221 1561 οὕτως
1278 1499 1440 1570 εὶπω,
1509 1497 1562 1554 ἐν
1615 1504 1734 1561 τοῖς
1767 1499 1868 1573 ἆγ-

202 1593 415 1668 γὲλοις,
483 1589 818 1666 συμπέραινε
869 1586 1072 1666 πατέρα
1129 1587 1250 1644 τινὰ
1303 1587 1398 1643 καὶ
1442 1590 1744 1664 γεννήτορα
1768 1593 1868 1657 τῆς

207 1687 318 1735 τῶν
376 1679 635 1754 ἆγγέλων
723 1679 974 1749 πληθύος
1025 1679 1119 1733 τὸν
1195 1676 1564 1753 ἀρχάγγελον,
1628 1677 1704 1738 ὡς
1771 1679 1871 1745 τῆς

205 1775 314 1825 τῶν
366 1769 675 1844 ἀνθρώπων
731 1765 940 1848 ἔφημεν
988 1768 1078 1822 τὸν
1134 1764 1315 1840 Ἀδὰμ
1368 1764 1404 1836 ἤ
1453 1764 1580 1828 τοὺς
1640 1765 1700 1821 ἐκ
1769 1771 1868 1820 τοῦ

201 1857 411 1931 Ἀδάμ.
467 1858 666 1913 Καίτοι
719 1859 796 1919 ὡς
859 1857 947 1911 ἐπὶ
997 1864 1096 1926 τῆς
1152 1863 1258 1930 γῆς
1316 1857 1539 1926 πατριὰ,
1571 1856 1748 1915 οὕτως
1777 1856 1866 1908 καὶ
1904 1895 1948 1960 Β

204 1949 220 1960 α
331 1950 344 1960 ε
500 1953 522 1960 ..
616 1948 662 1960 ις
682 1947 735 1960 \l
766 1947 779 1960 ο
907 1945 918 1960 1
1104 1945 1117 1960 Ι
1384 1943 1464 1960 I\\
1523 1941 1543 1960 Χ
1680 1944 1693 1960 Ι

204 1949 259 2005 ἰν
293 1947 735 2024 οὐρανοῖς,ἀλλ’
766 1945 994 2020 ἑκατέρᾳ
1053 1945 1206 2022 φύσει
1265 1941 1622 2014 κατάλληλος
1670 1944 1705 2012 ἡ
1763 1963 1871 1997 πα-

198 2041 328 2112 τριᾶ
393 2039 486 2092 καὶ
548 2044 621 2112 τῇ
682 2038 839 2114 φύσει
896 2038 1266 2111 προσήκουσα.
1323 2031 1691 2091 ’Έστιτοίνυν
1719 2033 1868 2102 τάξις

196 2150 281 2190 τις
316 2129 409 2182 καὶ
460 2128 554 2182 ἐπὶ
615 2135 723 2196 τῆς
766 2124 1022 2201 Τριάδος·
1081 2123 1207 2181 ἀλλ’
1247 2123 1310 2178 οὗ
1363 2123 1574 2198 φύσεως
1615 2119 1872 2196 διαίρεσιν

195 2219 617 2291 ππρεισάγούσα
671 2216 795 2289 (μία
840 2217 946 2290 γὰρ
994 2218 1028 2285 ἡ
1087 2214 1246 2293 φύσις
1297 2213 1388 2268 καὶ
1449 2209 1869 2288 ἀπαράλλακτος

195 2312 315 2367 τοῖς
343 2307 550 2380 τρισὶν)
605 2303 734 2360 οὐδὲ
795 2303 1029 2371 τοπικὴν
1089 2302 1232 2367 θέσιν
1291 2300 1713 2378 (ἀπερίγραπτος
1768 2299 1870 2374 γὰρ

194 2399 231 2463 ἡ
296 2396 472 2468 Τριᾶς
536 2394 629 2448 καὶ
687 2394 819 2468 ὑπὲρ
870 2393 1044 2447 πάντα
1096 2392 1290 2464 τόπον)
1317 2387 1446 2445 οὐδὲ
1485 2395 1751 2464 χρονικῆς
1781 2409 1869 2443 κι-

196 2488 404 2554 νήσεως
436 2483 474 2553 ἤ
513 2482 700 2538 ἄλλου
724 2483 876 2544 τινὸς
907 2479 1139 2557 ἔμφασιν
1171 2483 1284 2553 (39)
1313 2485 1422 2534 τῶν
1473 2477 1526 2534 ἐν
1575 2484 1692 2540 τοῖς
1737 2478 1873 2551 μετὰ

201 2576 330 2629 Θεὸν
363 2575 774 2648 θεωρουμένων
807 2573 916 2646 (καὶ
947 2572 1138 2632 αἰῶνες
1163 2570 1264 2646 γὰρ
1315 2569 1406 2623 καὶ
1465 2567 1665 2646 χρόνοι
1737 2566 1874 2641 μετὰ

201 2665 374 2736 Θεὸν),
408 2663 563 2717 ἀλλὰ
589 2661 728 2716 κατά
761 2662 858 2724 τὰς
885 2665 991 2714 τῶν
1049 2657 1342 2730 ἰὸιοτήτων
1404 2659 1637 2726 ἑκάστης
1721 2668 1876 2731 θεαρ-

197 2761 372 2827 γικῆς
428 2752 782 2812 ὑποστάσεως
825 2748 1087 2824 διαφορὰς
1139 2748 1229 2803 καὶ
1288 2747 1372 2804 ὅτι
1423 2747 1798 2821 ἄναρχοςὶμὶν
1843 2746 1870 2800 6

207 2845 394 2915 Πατήρ
416 2842 511 2896 καὶ
545 2841 695 2914 ἀρχὴ
719 2845 817 2895 τοῦ
840 2840 992 2907 Ποῦ,
1020 2837 1348 2913 ἀρχή,ἀρχή
1375 2834 1433 2891 δὲ
1455 2836 1482 2891 6
1506 2837 1628 2898 Υἱὸς
1659 2835 1748 2890 καὶ
1772 2833 1872 2890 οὐκ

205 2931 445 3006 ἄναρχος
504 2930 645 2984 κατά
699 2951 762 3006 γε
814 2929 878 2984 τὸ
935 2922 1084 3002 ἔχειν
1132 2927 1225 2981 τὸν
1271 2923 1489 2998 Πατέρα
1518 2923 1717 2998 ἀρχὴν,
1753 2924 1868 2978 ἐπεὶ

203 3021 337 3075 ιιτᾶ
405 3019 618 3094 χρόνον
666 3017 908 3093 ἃναρχος
965 3016 1056 3070 καὶ
1088 3014 1269 3082 αὐτὸς,
1307 3014 1370 3068 τὸ
1415 3010 1474 3068 δὲ
1504 3017 1726 3086 Ηνεῦμα
1777 3011 1867 3066 καὶ

203 3110 348 3184 ἀρχὴ
380 3108 474 3163 καὶ
520 3107 656 3162 αὐτὸ
721 3106 856 3179 μετὰ
908 3111 1010 3174 τῆς
1065 3103 1246 3178 ἀρχῆς
1279 3104 1418 3176 (40)·
1471 3102 1617 3176 ἀρχῆ
1644 3101 1745 3178 γὰρ
1774 3101 1866 3156 καὶ

207 3199 349 3276 ἀρχὴ
383 3199 477 3252 καὶ
537 3197 712 3272 ἀρχὴ,
770 3193 898 3250 ἀλλ’
959 3193 1021 3249 o6
1064 3197 1211 3267 τρεῖς
1245 3191 1434 3266 ἀρχαὶ,
1466 3187 1614 3246 ἀλλά
1647 3189 1744 3264 μία
1772 3191 1864 3246 καὶ

204 3268 376 3349 οξτξυς
407 3268 710 3365 ἀρχῆξεῖς
753 3286 881 3358 μίαν
938 3282 1120 3361 ἀρχὴν
1183 3280 1598 3359 ἄναφερομὲνων
1648 3283 1745 3335 τοῦ
1797 3301 1853 3335 τε

205 3379 326 3432 ι’ἱοῦ
375 3376 469 3431 καὶ
526 3379 627 3430 τοῦ
696 3374 1009 3446 Ηνεύματος
1066 3368 1158 3425 διὰ
1210 3373 1308 3425 τοῦ
1368 3369 1515 3423 Υὶοῦ·
1588 3368 1733 3424 οὕτω
1762 3369 1852 3423 καὶ

1980 616 2382 686 proprietates,
2415 621 2590 689 atque
2621 634 2772 674 unus
2805 618 3040 690 quidem
3071 619 3228 674 velut
3268 619 3621 691 principium

1979 707 2272 776 quoddam
2307 711 2410 773 est,
2444 707 2594 764 alius
2626 725 2756 764 vero
2789 709 2967 764 alium
3001 710 3260 764 ordinem
3303 709 3496 765 habet.
3529 709 3621 765 Sic

1981 796 2250 866 princeps
2283 797 2413 866 quis
2435 801 2524 851 est
2553 797 2611 851 in
2663 797 2882 869 angelis
2917 805 3092 869 atque
3140 797 3525 868 archangelis,
3568 803 3623 853 et

1977 885 2400 955 terrigenarum
2427 886 2657 955 generis
2673 887 2939 957 princeps
2962 887 3020 940 in
3047 885 3381 941 hominibus
3399 887 3616 952 Adam;

1977 972 2151 1027 etiam
2184 973 2242 1026 in
2275 972 2556 1028 Trinitate
2589 973 2768 1044 igitur
2806 973 3158 1044 principium
3192 971 3378 1028 Pater.
3411 973 3522 1028 Sed
3551 989 3622 1027 ne

1978 1077 2044 1118 ex
2077 1077 2164 1128 eo,
2200 1063 2354 1134 quod
2389 1063 2560 1117 multi
2589 1067 2725 1118 sunt
2763 1063 2951 1135 angeli
3006 1067 3062 1119 et
3110 1062 3282 1118 multi
3330 1062 3620 1134 homines,

1979 1150 2124 1206 mihi
2155 1151 2491 1222 concludas,
2524 1151 2696 1207 etiam
2749 1151 2964 1207 multos
3009 1167 3136 1207 esse
3184 1157 3353 1207 Deos.
3404 1152 3622 1225 (Apage

1980 1256 2111 1295 cum
2143 1240 2254 1295 isto
2285 1239 2644 1295 ethnicorum
2707 1240 3068 1310 stultiloquio
3094 1240 3130 1304 l)
3175 1241 3276 1295 sed
3327 1240 3521 1309 etiam,
3562 1241 3622 1296 in

1979 1328 2143 1383 Patre
2171 1333 2228 1383 et
2257 1329 2399 1385 Filio
2430 1339 2480 1384 et
2512 1331 2728 1401 Spiritu
2761 1335 2957 1386 sancto
3009 1334 3098 1386 est
3135 1331 3296 1398 ordo,
3318 1329 3449 1386 licet
3481 1347 3624 1401 quo—

1977 1415 2063 1472 vis
2094 1417 2297 1473 ordine
2328 1419 2611 1490 superior.
2645 1420 2805 1475 Sicut
2840 1419 2997 1475 enim
3029 1424 3237 1474 natura
3269 1418 3391 1474 hinc
3424 1435 3626 1491 super-

1980 1509 2096 1560 stat
2125 1507 2403 1563 omnibus
2433 1509 2655 1564 naturis
2686 1509 2844 1579 (nam
2891 1525 3073 1580 supra
3120 1513 3392 1563 naturam
3434 1512 3523 1564 est
3570 1513 3626 1564 et

1981 1596 2578 1666 supernaturalis),sic
2599 1601 2654 1652 et
2676 1598 2815 1652 ordo
2837 1597 2928 1653 hic
2948 1598 3104 1652 omni
3131 1596 3333 1652 ordine
3361 1597 3626 1668 superior

1979 1683 2137 1754 (nam
2169 1700 2349 1755 super
2387 1686 2650 1741 ordinem
2684 1690 2771 1742 est
2824 1690 2882 1741 et
2930 1686 3131 1741 ordine
3180 1685 3526 1755 sublimior).
3559 1687 3628 1742 Et

1980 1772 2332 1843 principium
2361 1773 2525 1828 Pater
2556 1790 2730 1844 super
2763 1774 3130 1846 principium.
3160 1773 3359 1844 Neque
3390 1790 3623 1830 rursum

1981 1876 2048 1916 ex
2069 1877 2158 1927 eo,
2188 1862 2340 1932 quod
2375 1861 2530 1917 inter
2559 1862 2825 1918 homines
2855 1864 3035 1917 Adam
3069 1867 3159 1917 est
3207 1863 3432 1931 generis
3465 1862 3624 1934 prin-

1979 1949 2199 2020 cipium
2229 1955 2286 2004 et
2313 1951 2630 2006 ccslestium
2661 1951 3016 2006 exercituum
3051 1951 3166 2005 dux
3195 1951 3430 2006 Michael
3477 1951 3626 2006 inter

1981 2038 2240 2109 angelos,
2273 2043 2336 2093 ut
2365 2039 2449 2094 ita
2480 2038 3040 2110 dicam,angelorum
3067 2039 3361 2110 princeps,
3384 2039 3623 2109 inferas,

1982 2132 2206 2199 patrem
2235 2129 2546 2198 quemdam
2571 2137 2624 2184 et
2645 2129 2964 2200 genitorem
2990 2127 3375 2183 multitudinis
3396 2128 3624 2197 angelo-

1982 2230 2105 2270 rum
2130 2231 2253 2271 esse
2278 2216 2878 2289 archangelum,sicut
2901 2215 3297 2272 multitudinis
3318 2216 3626 2273 hominum

1983 2303 2240 2359 diximus
2271 2309 2493 2374 patrem
2527 2307 2813 2361 Adamum
2848 2304 2934 2360 vel
2963 2304 3060 2376 qui
3093 2322 3162 2361 ex
3193 2306 3434 2362 Adamo.
3468 2305 3628 2361 Sicut

1982 2393 2042 2448 in
2067 2397 2218 2448 terra
2249 2399 2338 2449 est
2369 2396 2795 2465 paternitas,ita
2824 2400 2881 2450 et
2919 2394 2976 2450 in
3007 2395 3168 2451 ccelis
3199 2396 3334 2462 ;eed
3379 2400 3628 2468 utraque

1982 2491 2199 2538 natura:
2219 2499 2471 2553 congrua
2496 2489 2585 2539 est
2607 2485 2925 2555 paternitas
2948 2482 3027 2554 (y)
3059 2488 3113 2538 et
3153 2483 3502 2538 conveniens
3526 2501 3630 2537 na-

1981 2575 2148 2626 turae.
2176 2571 2276 2628 Est
2299 2572 2474 2642 igitur
2507 2572 2721 2643 aliquis
2739 2572 2957 2628 ordoin
2991 2572 3277 2626 Trinitate
3305 2589 3318 2638 ;
3371 2571 3469 2625 sed
3513 2587 3628 2625 non

1981 2659 2300 2714 secundum
2338 2663 2563 2715 naturae
2593 2661 2934 2715 divisionem
2957 2662 3101 2727 (una
3115 2658 3270 2713 enim
3290 2659 3480 2713 tribus
3503 2674 3626 2727 per-

1981 2746 2138 2802 sonis
2170 2753 2260 2802 est
2304 2749 2523 2816 absque
2580 2747 2700 2802 ulla
2758 2747 3084 2802 differentia
3141 2747 3391 2815 natura),
3438 2762 3626 2817 neque

1978 2834 2218 2891 localem
2253 2835 2592 2905 positionem
2628 2836 3151 2905 (incircumscripta
3197 2839 3285 2889 est
3316 2834 3469 2889 enim
3498 2835 3620 2889 Tri-

1981 2925 2133 2979 nitas
2161 2929 2218 2978 et
2246 2941 2424 2996 super
2447 2941 2684 2980 omnem
2715 2925 2955 2995 locum),
2989 2939 3178 2995 neque
3201 2923 3453 2995 speciem
3477 2927 3612 2978 tem-

1979 3012 2198 3086 poralis
2237 3012 2511 3069 motionis
2558 3015 2647 3070 vel
2696 3013 2941 3070 alterius
2996 3014 3347 3084 cujusquam
3392 3027 3617 3077 eorum,

1977 3119 2105 3174 qua:
2137 3103 2582 3158 considerantur
2637 3103 2698 3158 in
2756 3102 2847 3173 iis,
2881 3119 3005 3175 quae
3061 3106 3193 3174 post
3241 3106 3419 3156 Deum
3482 3105 3618 3156 sunt

1977 3193 2128 3262 (nam
2164 3195 2373 3249 saecula
2403 3197 2460 3248 et
2489 3197 2755 3266 tempore
2784 3197 2925 3249 sunt
2975 3197 3106 3266 post
3162 3194 3386 3264 Deum),
3417 3208 3617 3248 verum

1895 3251 1937 3317 (ἶ
1977 3251 2302 3338 secundum
2379 3251 2735 3339 diii'erentias
2797 3251 3216 3355 proprietatum
3301 3251 3618 3352 cuiuslibet

1977 3370 2182 3427 divinae
2214 3389 2470 3444 personae
2501 3378 2558 3428 et
2589 3374 2726 3444 quia
2762 3372 3031 3444 principii
3081 3387 3283 3444 expers
3318 3375 3403 3428 est
3449 3373 3619 3428 Pater

203 3469 328 3529 Θεὸς
350 3466 444 3520 καὶ
476 3465 614 3526 Θεός
644 3463 736 3518 καὶ
769 3463 923 3530 Θεὸς,
963 3457 1093 3516 ἀλλ’
1139 3459 1203 3514 οὗ
1227 3463 1376 3532 τρεῖς
1410 3457 1560 3526 Θεοὶ,
1600 3455 1726 3513 ἀλλ’
1781 3458 1862 3519 εἷς

1979 3463 2032 3514 et
2063 3461 2408 3532 principium
2436 3461 2588 3530 Filii,
2617 3461 2796 3517 Filius
2845 3479 2974 3518 vero
3020 3460 3377 3533 principium
3417 3467 3471 3514 et
3501 3476 3616 3516 non

209 3556 352 3619 Θεὸς.
406 3555 471 3612 El
535 3550 586 3607 δ’
641 3553 731 3607 οὖν
784 3553 935 3620 τάξις
985 3549 1097 3605 ἐστὶ
1131 3548 1225 3604 καὶ
1257 3547 1310 3603 ἐν
1336 3550 1408 3620 τῇ
1436 3543 1653 3621 Τριάδι,
1682 3545 1864 3610 καθὼς

1979 3549 2244 3621 principii
2277 3566 2504 3624 eXpers,
2533 3567 2668 3606 cum
2720 3550 2953 3607 Patrem
2998 3550 3210 3606 habeat
3237 3547 3616 3621 principium,

209 3643 292 3695 ιιιί
342 3645 396 3697 οἱ
443 3639 598 3718 ἅγιοι
661 3641 828 3708 εἶπον,
887 3637 1035 3708 τάξις
1086 3633 1144 3692 δὲ
1171 3635 1234 3692 τὸ
1265 3640 1483 3711 πρῶτον
1515 3633 1604 3688 καὶ
1632 3633 1696 3688 τὸ
1725 3635 1864 3710 πρό-

1979 3640 2298 3694 secundum
2333 3656 2464 3696 vero
2494 3645 2726 3712 tempus
2757 3639 2948 3709 etipse
2967 3638 3235 3710 principii
3264 3652 3470 3708 expers
3495 3637 3573 3691 sit
3599 3652 3614 3703 ;

212 3751 355 3806 τερον
504 3728 760 3802 δεύτερον
818 3726 910 3783 καὶ
964 3726 1027 3782 τὸ
1082 3726 1199 3798 ἅμα
1227 3723 1304 3798 (ἐν
1336 3725 1424 3788 οἶς
1459 3723 1564 3800 γὰρ
1595 3719 1730 3793 αὕτη
1771 3721 1861 3777 καὶ

1979 3727 2226 3796 Spiritus
2257 3729 2492 3783 demum
2531 3728 2885 3800 principium
2920 3731 2977 3782 et
3007 3727 3134 3798 ipse
3156 3740 3286 3780 cum
3304 3722 3618 3796 principio.

209 3822 408 3876 τούτων
465 3841 522 3874 τι
584 3821 725 3892 (41),
780 3815 994 3892 ἀνάγλη
1052 3814 1143 3870 καὶ
1172 3820 1272 3884 τῆς
1311 3809 1548 3887 Τριάδος
1572 3811 1606 3880 ἧ
1645 3811 1708 3866 16
1747 3810 1862 3886 ἅμα

1979 3817 2114 3872 Nam
2147 3823 2234 3873 est
2266 3818 2616 3890 principium
2649 3823 2707 3874 et
2742 3816 3091 3888 principium
3137 3819 3194 3871 et
3241 3814 3620 3887 principium,

212 3911 526 3984 θεωρεῖσθαι
586 3908 622 3976 ἥ
684 3908 745 3962 τὸ
803 3911 1020 3981 πρῶτον
1066 3903 1156 3959 καὶ
1212 3903 1276 3958 τὸ
1325 3902 1592 3976 πρότερον
1638 3901 1730 3955 καὶ
1794 3900 1858 3955 τὸ

1979 3906 2068 3960 sed
2103 3922 2217 3960 non
2247 3907 2357 3963 tria
2389 3906 2694 3978 principia,
2727 3921 2928 3961 verum
2961 3921 3146 3960 unum
3177 3909 3234 3959 et
3276 3903 3360 3960 sic
3405 3903 3625 3974 princi-

215 3997 449 4073 ῶτὲτερον
477 3999 518 4068 ἦ
551 3999 864 4073 ἀμφότερον
893 3999 1026 4070 (42).

1979 3994 2153 4065 pium,
2197 4011 2328 4050 cum
2369 3995 2429 4051 in
2486 4012 2670 4051 unum
2729 3993 3084 4066 principium
3135 3993 3465 4049 referantur
3496 3998 3622 4049 tum

217 4091 387 4148 Pilius
417 4097 548 4147 tum
585 4105 692 4162 per
718 4087 926 4144 Filium
956 4085 1218 4158 Spiritus
1248 4086 1512 4140 sanctus.
1534 4081 1630 4138 Sic
1647 4086 1704 4137 et
1721 4087 1875 4138 Deus
1892 4086 1950 4137 et
1970 4082 2124 4138 Deus
2144 4086 2201 4138 et
2222 4084 2396 4155 Deus,
2415 4085 2522 4141 'sed
2548 4101 2663 4141 non
2686 4089 2804 4141 tres
2822 4083 3142 4150 dii,verum
3169 4099 3324 4139 unus
3354 4084 3527 4139 Deus.
3561 4082 3622 4138 Si

213 4181 396 4255 itaque
431 4182 583 4237 ordo
605 4182 699 4236 est
722 4179 899 4235 etiam
923 4176 984 4232 in
1007 4174 1311 4242 Trinitate,
1333 4172 1485 4230 sicut
1509 4175 1565 4227 et
1586 4172 1774 4228 sancti
1800 4171 2192 4242 afﬂrmarunt,
2222 4175 2363 4230 ordo
2401 4183 2547 4244 vero;
2572 4179 2661 4231 est
2703 4174 2959 4247 primum
3006 4190 3070 4229 ac
3101 4172 3260 4245 prius
3289 4172 3377 4228 vel
3411 4186 3619 4228 secun-

217 4272 345 4327 dum
376 4277 437 4328 et
467 4269 654 4327 simul
687 4269 766 4340 (in
801 4267 1021 4340 quibus
1051 4264 1208 4322 enim
1248 4264 1411 4330 ordo,
1442 4265 1500 4318 et
1528 4261 1737 4318 borum
1772 4260 2094 4333 quidquam
2128 4264 2260 4337 est),
2293 4280 2548 4322 necesse
2578 4272 2666 4322 est
2687 4265 2862 4322 etiam
2884 4263 2944 4320 in
2977 4262 3261 4319 Trinitate
3309 4261 3398 4319 vel
3440 4261 3621 4318 simul

221 4359 575 4417 considerari
606 4357 698 4414 vel
727 4357 989 4430 primum
1029 4358 1086 4410 et
1115 4353 1276 4426 prius
1306 4357 1486 4424 atque
1514 4350 1840 4407 secundum
1869 4350 1958 4406 vel
1986 4359 2366 4424 utrumque...

285 4451 453 4507 Hisce
482 4450 606 4506 late
633 4445 904 4504 tractatis
926 4445 1104 4500 ﬁnem
1137 4441 1389 4516 imponit
1414 4445 1616 4497 auctor
1635 4439 1862 4510 dialogo
1880 4439 1920 4495 f.
1953 4440 2022 4495 18
2053 4458 2106 4497 a.
2137 4444 2273 4500 Cod.
2303 4443 2590 4501 Vaticani.

288 4577 448 4633 AAT.
491 4576 685 4630 Ἔστω
733 4567 824 4626 καί
878 4571 1066 4637 ταῦτα,
1131 4567 1273 4630 καθά
1362 4585 1453 4620 σοι
1528 4560 1698 4620 δοκεῖ·
1781 4560 1867 4618 καὶ

2051 4572 2202 4624 LAT.
2237 4569 2359 4626 Sint
2383 4576 2441 4627 et
2470 4570 2614 4638 haec,
2647 4572 2712 4626 ut
2739 4569 2845 4626 tibi
2888 4569 3141 4638 videtur,
3181 4572 3238 4626 et
3290 4567 3501 4626 habeat
3532 4568 3628 4624 hic

238 4663 397 4740 ἒχέτω
426 4665 598 4738 πέρας
630 4657 732 4717 ὡδὶ
764 4661 800 4730 ἡ
833 4660 1078 4734 παροῦσα
1109 4652 1362 4726 διάλεξις.

1981 4649 2158 4704 ﬁnem
2191 4658 2441 4715 praesens
2473 4642 2815 4716 disputatio.

295 4849 404 4921 (38)
435 4845 586 4902 Vide
614 4835 1556 4921 Chrysjnpenesnniv,apud
1574 4834 1873 4921 gonstant.
1984 4830 2052 4921 lg
2076 4843 2158 4921 or.
2188 4827 2614 4921 habitajcotrplrln
2644 4823 2917 4880 Patribus
2949 4822 3190 4879 secundi
3214 4820 3446 4876 Concilii
3484 4822 3625 4873 orat.

238 4896 402 4977 ιιὲῑίὶἷ
434 4896 586 4975 die}:
623 4896 758 4985 if’o'i
783 4896 866 4969 '33
895 4896 1006 4982 (σ’νζ
1039 4896 1197 4985 orm.
1228 4896 1378 4985 t._il,
1405 4896 1461 4980 p‘.
1487 4906 1637 4970 72.5).
1808 4975 1842 4985 __

1983 4896 2612 4985 32,_p:§20,8d-'B‘m1
2654 4963 2718 4985 _,
2834 4964 2859 4985 τ
2960 4964 3007 4985 ._
3277 4962 3307 4985 ,.

704 4963 862 5064 ibi;
885 4963 1091 5064 alii};
1115 4963 1548 5064 docti—Minae
1594 4963 1867 5064 morantis

2000 5044 2013 5060 ν
2059 4963 2170 5060 ('41)
2197 4963 2410 5044 Apdgt‘.
2444 4969 2620 5025 habet
2653 4982 2666 5021 :
2699 4963 2754 5018 ἐν
2803 4964 2886 5026 οἷς
2912 4964 3016 5041 γὰρ
3062 4966 3232 5016 ταῦτα
3272 4963 3307 5030 ἢ
3339 4963 3544 5015 τούτων
3573 4977 3625 5011 τι

237 5043 996 5140 benevolentiaachepimus
1025 5061 1080 5111 et
1111 5054 1331 5181 quibus
1362 5051 1503 5106 solis
1534 5052 1592 5132 in
1636 5049 1727 5103 his
1753 5047 1878 5102 dia-
1989 5043 2219 5116 ἀνάγκη,
2255 5043 2264 5044 ί
3117 5121 3130 5133 .
3481 5099 3492 5119 Ι

241 5132 393 5181 locri?
424 5130 779 5181 fragmentis
811 5132 1082 5181 nitimur.
1153 5129 1439 5181 ectionem
1488 5121 1584 5177 hic
1634 5119 1878 5176 dubium
2063 5116 2172 5181 (42)
2204 5115 2338 5170 Cod.
2365 5113 2402 5167 f.
2439 5114 2525 5179 17,
2581 5127 2641 5181 a1
2695 5108 2842 5181 Nota
2898 5120 3082 5181 marg.
3118 5146 3130 5159 .
3167 5102 3333 5181 _llepi
3383 5119 3492 5175 πριι

241 5102 1082 5206 ῖξξῗὲ’ἓὶ-ἱέἵεὲἷῖἐῖίῖἰῖπῖυἶπζ
1113 5102 1590 5182 Ίὲόῐίόἱιὲᾱίᾟίἇ
1634 5102 1867 5176 dubium

2063 5102 2339 5206 (112')'Codé
2365 5113 2402 5167 f.
2439 5114 2525 5206 i7,
2581 5127 2641 5196 αὖ
2695 5108 2845 5206 Nota3
2898 5102 3333 5206 {perﬁir‘gepi
3383 5102 3625 5175 πρώτου,

241 5151 286 5188 ³0
361 5151 393 5190 Ζ
424 5151 779 5206 tragmenus
811 5151 1082 5194 nitimur,
1131 5151 1439 5182 IBCHUUULU
1489 5151 1584 5177 um
1634 5151 1878 5176 υυυιυω
2063 5151 2172 5227 κιιῖ]
2204 5151 2338 5170 υυυ.
2366 5151 2402 5167 ι.
2441 5151 2525 5179 ιι,
2581 5151 2641 5196 υιό
2695 5151 2842 5164 ην...
2899 5151 3082 5190 ,ἴυηη-
3118 5151 3130 5159 .
3167 5151 3257 5188 --ν

240 5151 580 5279 ηῇιηᾳιιυηῐ.
743 5272 780 5279 η
990 5270 1001 5279 _
1136 5269 1172 5279 Α
1352 5265 1364 5279 ο
1487 5263 1536 5279 ﬂ
1611 5265 1622 5277 .
1989 5206 2276 5261 προτνρου,
2313 5181 2582 5256 δευτέρου,
2615 5198 2729 5252 αμα
2757 5178 2845 5232 καὶ
2883 5195 2992 5231 των
3023 5175 3257 5230 λοιπων.

286 5263 590 5349 μῡγῐῖἰεοο
626 5272 880 5332 vocibus
925 5270 1100 5327 utitur
1131 5265 1443 5341 Gregorius
1487 5263 1882 5321 Nazianzenus

303 5452 372 5520 (y)
405 5448 607 5525 Πατριᾶ
637 5447 742 5504 hic
775 5459 895 5500 non
926 5444 1014 5498 est
1042 5456 1249 5514 genus,
1281 5454 1446 5512 gens,
1478 5437 1661 5508 origo,
1692 5434 1794 5491 sed
1828 5429 2168 5506 paternitas,
2201 5431 2264 5483 ut
2296 5425 2508 5498 Ephes.
2543 5438 2630 5490 ιιι,
2665 5422 2753 5487 15,
2814 5419 2888 5477 ad
2935 5434 3111 5490 quem
3161 5420 3386 5475 textum
3415 5415 3627 5473 alludi-

241 5523 344 5580 ιω,
