4062 6202
409 396 523 456 211

1676 381 1981 441 ΝΙΕΕΤᾸΞ
2023 386 2079 443 Μ

2184 381 2558 444 tONlENSlS
3681 388 3778 450 2l2

409 521 3772 551 _—_—_———I——————II_———-—__

1618 673 2021 770 ΛΟΓΟΣ
2117 674 2608 771 ΤΡΙΤΟΣ.

1495 1044 2130 1140 DIALOGUS
2175 1047 2750 1144 TERTIUS-

471 1375 590 1432 GR.
623 1375 824 1430 Adhuc
846 1373 956 1429 hoc
985 1369 1217 1426 initium
1251 1375 1306 1424 et
1336 1382 1565 1422 rursum
1616 1365 1888 1437 ponimus
1937 1363 2060 1419 die-

2253 1366 2355 1421 ΓΡ.
2415 1365 2535 1420 Ἒτι
2589 1366 2784 1431 ταύτην
2851 1367 2998 1438 (τὴν)
3048 1367 3230 1446 ἀρχὴν
3290 1369 3382 1423 καὶ
3454 1371 3597 1432 αὖθις
3669 1371 3795 1427 τίθε-

423 1464 796 1535 ceptationis,
831 1476 1008 1532 quam
1062 1457 1356 1514 vobiscum
1412 1455 1696 1509 habemus
1741 1453 1811 1508 de
1853 1453 2076 1524 Spiritu

421 1550 943 1622 sancto,quomodo
969 1565 1084 1602 non
1113 1547 1194 1601 sit
1228 1545 1552 1600 absurdum
1581 1542 1770 1597 dicere
1806 1557 1938 1596 eum
1962 1557 2077 1596 non

425 1658 494 1696 ex
529 1643 696 1696 Patre
731 1641 877 1708 solo,
899 1654 1102 1692 verum
1147 1636 1320 1691 etiam
1358 1651 1426 1690 ex
1449 1633 1591 1689 Filio
1619 1633 1949 1704 procedere.
1984 1631 2078 1686 Et-

429 1728 586 1784 enim
619 1745 857 1784 necesse
879 1731 964 1781 est
995 1731 1057 1781 ut
1091 1724 1178 1780 vel
1212 1741 1279 1779 ex
1307 1722 1566 1778 essentia
1602 1721 1782 1776 Patris
1832 1720 1910 1775 sit
1945 1735 2076 1790 pro-

431 1817 642 1873 cedens
670 1817 758 1872 vel
793 1833 861 1871 ex
890 1814 1258 1886 proprietate.
1290 1811 1466 1882 Atqui
1512 1810 1562 1865 si
1613 1809 1849 1880 quidem
1897 1825 1963 1862 ex
1995 1824 2082 1863 es-

432 1905 641 1972 sentia,
674 1921 806 1959 cum
856 1903 1114 1959 essentia
1155 1899 1486 1957 communis
1536 1899 1614 1953 sit
1651 1904 1826 1969 atque
1874 1896 2077 1952 eadem

430 1993 614 2050 Patris
645 1998 704 2049 et
732 1993 860 2048 Filii
909 1996 966 2046 et
1009 1991 1259 2062 Spiritus
1306 1987 1516 2056 sancti,
1563 2003 1678 2042 non
1732 2002 1802 2041 ex
1834 1985 1997 2040 Patre
2026 1989 2082 2041 et

429 2085 575 2141 Filio
601 2090 828 2140 tantum
863 2084 1194 2152 procederet
1240 2079 1512 2150 Spiritus,
1563 2093 1762 2134 verum
1809 2078 1983 2131 etiam
2013 2091 2083 2130 ex

429 2191 493 2230 se
522 2175 651 2246 ipso
685 2188 940 2245 quoque,
965 2171 1117 2242 quod
1155 2185 1278 2225 esse
1319 2168 1546 2239 nequit.
1573 2165 1632 2221 Si
1677 2181 1809 2221 vero
1858 2181 1926 2220 ex
1957 2181 2083 2236 pro-

431 2263 832 2330 prietate,cum
861 2259 1187 2331 proprietas
1200 2273 1317 2312 non
1331 2257 1408 2312 sit
1427 2253 1806 2324 essentia,sed
1830 2253 1984 2308 circa
1995 2269 2082 2308 es-

432 2347 1001 2419 sentiam,quomodo
1024 2345 1083 2400 id
1109 2345 1264 2416 quod
1291 2343 1612 2400 secundum
1638 2357 1697 2396 se
1718 2341 2083 2397 estvidelicet

2186 1473 2279 1523 μεν
2330 1457 2446 1524 (43}
2498 1461 2602 1522 τῆς
2661 1457 2780 1527 μεθ’
2837 1455 2991 1528 ὑμῶν
3041 1459 3167 1530 περί
3198 1462 3296 1513 τοῦ
3327 1460 3482 1532 ἁγίου
3512 1461 3795 1533 Ηνεύματος

2184 1545 2554 1611 συζητήσεως,
2613 1549 2732 1604 πῶς
2791 1543 2892 1599 οὐκ
2943 1544 3146 1600 ἄτοπον
3206 1549 3271 1601 τὸ
3326 1546 3504 1624 λέγειν
3543 1554 3688 1604 τοῦτο
3733 1553 3796 1622 μή

2183 1628 2243 1682 ἐκ
2287 1635 2384 1683 τοῦ
2444 1632 2652 1704 Ηατρὸς
2724 1631 2915 1704 μόνου,
2965 1631 3112 1688 ἀλλὰ
3153 1635 3242 1688 καὶ
3295 1634 3355 1690 ἐκ
3382 1640 3476 1692 τοῦ
3512 1638 3632 1691 Υἱοῢ
3659 1637 3800 1693 ἐκπο-

2184 1718 2448 1791 ρεύεσθαι.
2486 1719 2588 1776 Καὶ
2636 1723 2738 1794 γὰρ
2792 1721 3023 1796 ἄνᾶγκη,
3077 1721 3115 1792 ἤ
3182 1722 3243 1778 ἐκ
3289 1731 3389 1793 τῆς
3447 1725 3622 1787 οὐσίας
3676 1729 3791 1781 εἶναι

2181 1813 2278 1863 τοῦ
2310 1809 2515 1883 Πατρὸς
2547 1807 2998 1884 ἐκπορευόμενον,
3031 1810 3068 1880 ἤ
3091 1811 3151 1867 ἐκ
3204 1815 3306 1882 τῆς
3339 1811 3628 1884 ἰδιότητος.
3658 1814 3796 1871 Ἀλλ’

2186 1897 2233 1952 εἰ
2268 1899 2361 1969 μὲν
2392 1899 2452 1952 ἐκ
2476 1905 2576 1967 τῆς
2607 1898 2818 1967 οὐσίας,
2842 1899 2959 1954 ἐπεὶ
2991 1903 3025 1969 ἡ
3058 1901 3217 1956 οὐσία
3266 1905 3426 1971 κοινή
3475 1904 3562 1958 καὶ
3600 1905 3632 1972 ἠ
3678 1904 3792 1973 αὖτή

2181 1992 2279 2042 τοῦ
2312 1989 2760 2061 Ηατρὸςκαὶτοῦ
2827 1990 2959 2046 Τίοὖ
3017 1991 3110 2045 καὶ
3172 1997 3271 2047 τοῦ
3331 1994 3657 2065 Ηνεύματος,
3710 1994 3797 2048 οὐκ

2186 2075 2246 2131 ἐκ
2267 2081 2363 2130 τοῦ
2394 2077 2608 2150 Ηατρὸς
2637 2077 2727 2130 καὶ
2766 2081 2865 2132 τοῦ
2933 2078 3061 2133 Υἶοῦ
3132 2082 3301 2153 μόνον
3332 2080 3680 2153 ιέκπορεύοιτ’
3724 2080 3796 2146 ἄν,

2183 2165 2333 2220 ἀΛλὰ
2365 2165 2454 2219 καὶ
2521 2164 2576 2235 ἐξ
2626 2167 2818 2220 ἑαυτοῦ
2863 2167 2924 2221 τὸ
2983 2173 3227 2241 Ηνεῦμα,
3283 2169 3420 2245 ὅπερ
3453 2171 3549 2224 οὐκ
3568 2168 3717 2226 ἔστιν.
3746 2168 3799 2226 Εἰ

2186 2250 2243 2308 δὲ
2273 2251 2333 2308 ἐκ
2359 2261 2461 2322 τῆς
2508 2251 2809 2325 ἱδιότητος,
2861 2259 2896 2324 ἡ
2933 2253 2989 2310 δὲ
3040 2255 3256 2328 ἲδιότης
3302 2258 3403 2314 οὐκ
3453 2259 3626 2328 οὐσία,
3677 2257 3801 2312 ἀλλὰ

2184 2343 2308 2416 περὶ
2363 2343 2461 2411 τὴν
2512 2341 2690 2397 οὐσίαν
2735 2345 2874 2417 (44),
2919 2349 3040 2407 πῶς
3091 2347 3156 2400 τὸ
3208 2348 3332 2401 καθ’
3389 2347 3544 2402 ἑαυτὸ
3593 2346 3707 2415 ἢτοι
3750 2346 3802 2400 τὸ

429 2437 706 2509 Spiritus,
737 2435 847 2490 erit
875 2434 1201 2505 procedens
1234 2449 1302 2488 ex
1332 2447 1421 2500 eo,
1445 2429 1603 2501 quod
1624 2447 1738 2486 non
1761 2430 2079 2485 secundum

2187 2433 2403 2503 Πνεῦμα
2459 2429 2607 2485 ἔσται
2662 2430 2724 2486 ἐκ
2776 2436 2874 2487 τοῦ
2936 2435 3010 2504 μή
3054 2435 3171 2488 καθ’
3221 2435 3412 2502 ἑαυτὸ,
3492 2433 3630 2490 ἀλλὰ
3699 2434 3803 2507 περὶ

431 2541 495 2582 se
525 2530 635 2593 est,
669 2524 768 2580 sed
801 2523 957 2579 circa
1015 2522 1198 2589 aliud,
1254 2521 1363 2576 hoc
1419 2524 1508 2575 est
1564 2535 1633 2575 ex
1692 2519 2079 2590 proprietate?

2184 2518 2366 2593 ἕτερον
2425 2517 2852 2594 ἐκπορευόμενον
2893 2526 3030 2595 (4-5),
3085 2522 3338 2578 τουτέστι
3367 2531 3465 2594 τῆς
3519 2521 3802 2593 ἰδιότητοςς

434 2615 637 2685 Itaque
658 2612 745 2668 vel
778 2612 938 2668 nullo
971 2627 1214 2684 prorsus
1264 2610 1435 2664 modo
1483 2614 1574 2664 est
1607 2609 1948 2679 procedens,
1996 2609 2079 2663 vel

2186 2610 2254 2682 ,Η
2297 2608 2388 2662 οὖν
2448 2605 2577 2668 οὐδὲ
2615 2607 2938 2684 ἐκπορευτὸν
2990 2609 3161 2674 ὅλως,
3231 2614 3265 2683 ἢ
3302 2614 3352 2668 εἱ
3400 2610 3724 2687 ἒκπορευτὸν,
3757 2610 3804 2665 ἐκ

435 2704 481 2760 si
506 2702 825 2774 procedens
843 2701 1102 2770 est,dum
1129 2715 1196 2754 ex
1225 2703 1386 2754 Patre
1419 2703 1476 2753 et
1510 2713 1579 2753 ex
1615 2694 1757 2751 Filio
1806 2696 2079 2767 procedit,

2186 2702 2284 2752 τοῦ
2317 2699 2528 2770 Ηατρὸς
2571 2698 2661 2752 καὶ
2710 2697 2770 2753 ἒκ
2816 2704 2915 2754 τοῦ
2981 2700 3109 2755 Υἴοῦ
3164 2698 3616 2776 ἐκπορευόμενον,
3665 2700 3794 2756 ἔσται

436 2793 614 2848 etiam
645 2807 714 2845 ex
743 2806 806 2846 se
852 2789 980 2862 ipso
1028 2789 1345 2860 procedens
1398 2786 1529 2858 erit,
1577 2784 1732 2856 quod
1781 2801 2079 2856 nunquam

2190 2787 2281 2842 καὶ
2311 2785 2360 2856 ἒξ
2385 2787 2575 2842 ἑαυτοῦ
2602 2786 3050 2864 ἐκπορευόμενον,
3080 2790 3213 2864 ὅπερ
3243 2787 3526 2847 οὐδέποτε.

435 2880 560 2938 ﬁeri
591 2883 801 2952 potest.

497 2973 658 3028 LAT.
695 2971 823 3026 Haec
855 2968 1220 3026 ratiocinatio
1251 2967 1525 3036 ostendit,
1555 2983 1670 3022 non
1699 2966 1848 3037 quod
1878 2981 2079 3037 proce-

2261 2969 2422 3024 ΛΑΤ.
2455 2967 2626 3029 Οὗτος
2659 2969 2688 3022 ὁ
2719 2966 2888 3044 λόγος
2912 2966 3176 3024 δείκνυσιν
3211 2972 3326 3046 οὐχ
3357 2973 3442 3027 δτι
3489 2971 3562 3043 μὴ
3619 2967 3673 3023 ἒκ
3719 2970 3802 3022 τοῦ

442 3063 528 3118 dit
555 3078 622 3117 ex
663 3060 826 3128 Filio,
867 3060 969 3116 sed
1018 3059 1175 3130 quod
1228 3073 1418 3129 neque
1473 3072 1543 3112 ex
1588 3057 1755 3112 Patre
1799 3054 2078 3127 procedit,

2189 3055 2340 3123 Υἱοῦ,
2391 3055 2516 3111 ἀλλ’
2583 3055 2668 3111 ὅτι
2719 3055 2862 3130 μηδὲ
2919 3058 2979 3112 ἐκ
3038 3063 3137 3114 τοῦ
3189 3061 3402 3134 Πατρὸς
3469 3056 3801 3134 ἐκπορεύεται,

435 3165 621 3220 neque
653 3149 892 3205 omnino
925 3147 1240 3220 procedens
1265 3155 1418 3201 est...

2193 3143 2334 3218 μηδὲ
2364 3143 2510 3207 ’ὀλως
2542 3143 2866 3222 ἐκπορευτόν
2901 3146 3079 3205 ἐστι...

484 3239 602 3296 GR.
636 3237 904 3294 Probatio
933 3252 1065 3292 vero
1096 3243 1154 3291 et
1183 3234 1598 3290 demonstratio
1629 3233 1718 3289 vel
1765 3249 1864 3304 per
1895 3234 2079 3288 artiti-

2258 3233 2358 3288 I‘P.
2393 3235 2510 3306 (46)
2536 3234 2600 3290 Ἠ
2623 3231 2678 3288 δὲ
2708 3237 3006 3304 κοτασκευή
3049 3237 3138 3291 καὶ
3177 3237 3212 3306 ἡ
3274 3233 3444 3311 δεῖξις
3589 3233 3671 3291 διὰ
3718 3233 3801 3289 λό-

432 3328 638 3384 cialem
667 3324 1170 3382 ratiocinationem
1197 3340 1265 3379 ex
1293 3322 1444 3378 veris
1473 3321 1780 3394 principiis
1812 3322 2076 3394 proficis-

2185 3325 2299 3398 ’γου
2327 3328 2584 3398 τεχνικοῦ
2609 3323 2661 3395 ἐξ
2699 3325 2886 3400 ἀρχῶν
2929 3321 3323 3401 προϐαίνοντος
3373 3327 3615 3398 ἀληθῶν,
3668 3324 3699 3393 ἢ
3760 3319 3802 3376 δι

425 3426 672 3482 centem,
705 3416 792 3471 vel
825 3429 928 3487 per
956 3412 1220 3484 exempla
1251 3411 1341 3467 vel
1373 3427 1475 3483 per
1504 3411 1840 3467 testimonia
1858 3409 1945 3465 vel
1975 3427 2079 3483 per

2187 3409 2634 3486 ὑποδειγμάτων,
2665 3412 2700 3482 ἢ
2734 3410 2823 3468 διὰ
2859 3419 3169 3489 μαρτυριῶν
3201 3416 3236 3484 ἢ
3289 3413 3384 3471 διά
3439 3437 3594 3471 τινων
3629 3411 3805 3484 ἑπομέ-

421 3503 877 3576 consequentias
908 3519 978 3559 ex
1005 3501 1360 3558 testimoniis
1401 3505 1458 3556 et
1501 3501 1735 3570 scriptis
1769 3500 2078 3556 sententiis

2184 3521 2286 3556 νων
2341 3507 2461 3564 ταῖς
2520 3505 2840 3577 μαρτυρίαις
2889 3504 2979 3557 καὶ
3023 3509 3147 3567 ταῖς
3212 3511 3506 3581 γραφικαῖς
3569 3506 3802 3579 χρήσεσιν

425 3595 749 3661 conﬁcitur,
787 3595 867 3648 ita
898 3597 964 3647 ut
1014 3592 1112 3661 qui
1159 3592 1377 3662 absque
1424 3590 1517 3646 his
1567 3589 1789 3660 aliquid
1831 3589 2072 3657 inducit,

2185 3591 2259 3652 ὡς
2318 3591 2347 3644 δ
2385 3611 2447 3664 γε
2503 3593 2682 3669 χωρὶς
2721 3593 2928 3647 τούτων
2989 3592 3224 3668 εἶσάχων
3277 3615 3333 3648 τι
3390 3594 3454 3649 οὗ
3502 3593 3707 3648 πιθανόν
3757 3611 3802 3644 τι

424 3702 540 3742 non
571 3683 886 3741 verisimile
915 3681 1059 3754 quid
1090 3680 1176 3736 vel
1208 3682 1429 3736 ratione
1453 3680 1763 3736 fundatum
1796 3679 1895 3750 (a).

2185 3675 2311 3734 οὐδὲ
2341 3676 2573 3757 εὔλογον
2643 3678 2792 3736 δοκεῖ
2827 3680 3027 3756 λέγειν,
3067 3685 3142 3756 μή
3176 3682 3261 3737 ὅτι
3289 3705 3354 3758 γε
3383 3682 3582 3754 ἀληθὲς
3610 3683 3643 3752 ἢ
3674 3679 3801 3734 εὐσε-

421 3770 533 3836 ϐἑςο
560 3769 705 3827 δοκεῖ
763 3767 820 3825 δὲ
865 3769 955 3824 καὶ
995 3765 1332 3844 παραδόξους
1397 3767 1606 3830 ἒννοίας
1667 3765 2043 3842 εἶσάγειν,ἲνα
2077 3767 2154 3840 μή
2216 3766 2362 3844 λέγω
2419 3767 2764 3844 ὲτεροδόξους
2821 3770 3000 3846 χωρὶς
3060 3776 3374 3847 μαρτυριῶν
3418 3773 3506 3828 καὶ
3538 3772 3626 3826 καὶ
3651 3789 3802 3826 κατα-

417 3883 577 3931 σκευη
587 3882 634 3924 ς.

458 3955 612 4010 LAT.
647 3953 764 4008 Hoc
797 3966 964 4024 porro
1009 3950 1184 4006 etiam
1235 3949 1462 4017 faciam,
1513 3949 1616 4006 sed
1674 3965 1851 4004 cras:
1910 3948 2067 4020 quod

2250 3953 2409 4008 AAT.
2442 3955 2611 4006 Τοῦτο
2644 3948 2710 4019 δὴ
2743 3950 2833 4005 καὶ
2860 3952 3098 4021 ποιήςω,
3121 3949 3270 4020 πλὴν
3305 3951 3437 4009 ἀλλ’
3504 3952 3557 4012 ἐς
3612 3948 3800 4025 αὔριονο

411 4051 480 4106 ad
517 4045 887 4122 praesentiam
921 4046 1169 4115 spectat,
1201 4041 1463 4114 linguam
1496 4040 1590 4096 hic
1636 4039 2061 4096 contineamus.

2184 4038 2236 4092 τὸ
2267 4035 2324 4093 δὲ
2360 4061 2420 4112 γε
2439 4045 2530 4094 νῦν
2563 4037 2692 4115 ἔχον
2733 4038 2960 4104 ἐνταῦθα
2998 4041 3107 4112 ,τήν
3165 4039 3418 4116 γλῶτταν
3489 4041 3802 4114 ἐπίσχωμεν.

471 4182 548 4254 (a)
583 4182 655 4236 Ac
696 4175 898 4254 multo
957 4174 1151 4230 minus
1199 4189 1400 4254 verum
1447 4171 1535 4228 vel
1594 4171 1755 4254 pium
1808 4171 2070 4224 videatur
2177 4169 2824 4254 act-iazreticoshsensus
2875 4171 3148 4228 inducere
3195 4170 3552 4228 testimoniis
3597 4178 3648 4226 et
3691 4183 3807 4241 pro-

417 4242 626 4324 dicere,
657 4250 888 4306 videtur
917 4263 1053 4304 vero
1085 4244 1441 4320 peregrinos,
1475 4259 1546 4299 ne
1577 4242 1768 4298 dicam
1799 4257 2068 4298 erroneos
2178 4242 2410 4298 batione
2439 4243 2774 4299 destitutus.

417 4419 2224 4450 ____________—————

1516 4577 1920 4675 ΛΟΓΟΣ
2002 4575 2694 4675 ΤΕΤΑΡΤΟΣ.

1459 4907 2091 5005 DIALOGUS
2159 4908 2784 5024 QUARTUS.

471 5233 590 5290 GR.
623 5235 741 5301 Age
772 5243 928 5284 nunc
951 5225 1268 5289 videamus,
1303 5238 1336 5277 o
1374 5220 1595 5289 Latine,
1646 5217 1695 5275 si
1745 5217 1920 5275 etiam
1961 5217 2066 5275 ha-

2245 5220 2346 5274 I‘P.
2385 5217 2523 5292 Φέρε
2545 5214 2722 5287 δήνῦν
2761 5216 2990 5294 ἵδωμεν,
3042 5223 3088 5277 ὧ
3146 5229 3361 5296 Λατῖνε,
3418 5225 3514 5281 καὶ
3573 5226 3622 5281 εἲ
3677 5245 3814 5286 τινας

417 5325 552 5381 beas
585 5320 810 5392 aliquae
843 5315 1128 5386 imagines
1157 5313 1244 5369 vel
1277 5310 1539 5383 exempla
1572 5310 1861 5381 quaedam,
1893 5307 2012 5365 sive
2038 5327 2072 5365 a

2184 5303 2326 5382 ἔχεις
2383 5306 2592 5368 εἰκόνας
2647 5307 2681 5377 ἢ
2738 5307 3128 5387 ὑποδείγματα,
3185 5312 3222 5383 ἥ
3280 5315 3441 5376 αὐτὸς
3503 5315 3812 5384 πλάσας,ἢ

410 5421 463 5468 te
495 5413 624 5482 ipso
661 5406 1004 5478 excogitata,
1065 5403 1187 5460 sive
1235 5402 1469 5460 aliunde
1541 5409 1794 5470 accepta.
1845 5399 1917 5456 ad
1947 5399 2069 5456 evi-

2184 5395 2436 5473 ἐτὲρωθὲν
2491 5407 2652 5461 ποθεν
2739 5394 2948 5471 λαϐὼν,
3006 5405 3144 5476 πρὸς
3211 5402 3596 5480 ἐναργεστέραν
3665 5402 3814 5474 δεῖξιν

463 5563 574 5632 (43)
604 5561 664 5617 In
694 5561 823 5615 Vat.
855 5560 980 5615 cod.
1015 5559 1054 5613 f.
1087 5558 1150 5612 21
1185 5574 1238 5613 a.
1279 5556 1445 5628 Apud
1505 5555 1848 5625 Fabricium,
1907 5555 2053 5610 Bibl.

463 5652 499 5690 ι’.
534 5633 652 5696 VII,
711 5632 766 5686 d.
809 5632 936 5693 756,
969 5631 1058 5684 ed.
1093 5645 1223 5684 nov.
1256 5627 1469 5696 legitur
1499 5626 1608 5682 hoc
1637 5626 1872 5682 initium
1932 5623 2056 5681 Ἐπὶ

2238 5553 2351 5696 (44g
2378 5552 2522 5607 Vide
2549 5552 2714 5622 Greg.
2747 5559 2883 5611 Naz.
2916 5563 3062 5615 orat.
3087 5561 3177 5630 32,
3211 5578 3267 5635 p.
3298 5561 3424 5633 519,
3458 5563 3552 5621 ed.
3579 5562 3708 5619 Bill.

2240 5625 2330 5696 (45
2379 5623 2516 5696 Cod.
2549 5622 3000 5696 ἐκπορευομένου.

409 5637 499 5694 Gr.
534 5622 652 5702 VII,
711 5632 936 5702 d._756,
969 5631 1058 5684 ed.
1093 5645 1223 5702 nov.
1256 5622 1469 5702 legitur
1499 5626 1608 5682 hoc
1637 5622 1872 5682 initium
1932 5623 2056 5681 Ἐπὶ

2240 5622 2351 5702 (ἒξ)
2379 5623 2516 5702 βοά·
2549 5622 3000 5702 ἐκτῑτξρευοξμὲνουε

406 5704 609 5778 ταύτην
639 5695 740 5774 τὴν
777 5698 956 5776 ἀρχὴν
989 5719 1041 5754 κ.
1083 5698 1233 5759 αὖθις
1263 5695 1565 5770 τιδὲμενος.

2237 5695 2350 5769 (46)
2383 5695 2446 5753 In
2479 5698 2602 5754 cod.
2635 5695 2761 5756 Vat.
2794 5695 2835 5756 ἰ.
2865 5702 2958 5773 22,
2981 5701 3037 5760 b.
3070 5704 3223 5765 med.
