4062 6202
300 374 437 432 213

1328 373 1428 433 DE
1471 372 1998 434 PROCESSIONE
2043 374 2409 441 SPIRITUS
2454 380 2754 444 SANCTl.

3619 392 3736 454 214

303 511 424 572 τῆς
488 502 549 558 ἐκ
608 504 820 576 Ηατρὸς
851 503 940 558 καὶ
970 503 1122 569 Υἱοῦ,
1153 504 1289 566 καθὰ
1319 502 1446 578 φῄς,
1469 501 1838 577 ἐκπορεύσεως
1873 507 1960 558 τοῖ

2090 505 2326 566 dentius
2348 515 2766 571 ostendendam
2793 517 3041 587 Spiritus
3061 520 3270 587 sancti,
3288 536 3462 592 quam
3494 527 3734 595 asseris,

305 594 480 667 ἁγίου
537 593 875 664 Ιῐνεύματος,
927 592 1016 646 καὶ
1068 589 1138 645 δι’
1178 591 1251 645 ὧν
1309 589 1449 646 ἔστιν
1499 590 1754 646 είκονίσαι
1789 596 1972 670 σαφᾶς

306 685 383 737 τὸ
452 681 942 758 δογματιζὸμενον,
1012 679 1066 736 εἴ
1104 703 1210 736 που
1277 679 1502 737 δυνατὸν
1571 679 1831 752 κατιδεῖν,
1899 681 1974 745 ὡς

305 777 425 826 τοῦ
481 773 643 825 αὐτοῦ
701 773 792 824 καὶ
854 771 972 833 ἑνὸς
1038 767 1164 825 τόδε
1210 792 1263 826 τι
1323 769 1499 826 α’ἱτιον
1559 771 1648 825 καὶ
1705 767 1846 825 τόδε·
1881 773 1969 826 καὶ

303 860 470 935 ἀρχὴ
494 860 581 913 καὶ
615 859 900 935 ἀρχὴκαὶ
931 860 993 914 οὑ
1022 857 1118 914 δύο
1156 860 1348 936 ἀρχαὶ,
1372 857 1501 915 οὐδὲ
1531 857 1626 915 δύο
1674 861 1739 915 τὰ
1803 859 1970 914 α’ἰτιαν

299 950 411 1003 ἳνα
475 949 564 1004 καὶ
623 953 721 1004 τοῦ
777 949 1097 1021 Ηνεύματος
1159 947 1328 1003 αἲτιόν
1389 969 1470 1011 τις
1529 946 1714 1012 ὗιδοὺς
1774 950 1849 1022 μὴ
1881 949 1972 1003 τὸν

304 1039 532 1112 Πατέρα
557 1037 744 1110 μόνον,
775 1035 922 1092 ἀλλὰ
950 1037 1039 1091 καὶ
1068 1038 1160 1092 τὸν
1193 1036 1315 1092 Υίὸν
1372 1042 1462 1092 καὶ
1530 1037 1710 1113 ἀρχὴν
1761 1038 1968 1110 ὁμοίως

308 1127 400 1199 μή
438 1124 627 1196 δοκοίη
664 1125 760 1180 δύο
787 1125 1017 1200 εἰσάγειν
1039 1124 1216 1205 ἀρχὰς
1247 1127 1282 1197 ἢ
1340 1123 1435 1180 δύο
1500 1126 1567 1181 τὰ
1619 1125 1784 1193 αἶ’τια,
1825 1123 1971 1180 ἀλλὰ

301 1214 413 1268 καὶ
453 1213 599 1269 οὕτω
630 1213 880 1292 φυλάττῃ
915 1217 1026 1287 (47)
1062 1215 1126 1269 τὸ
1157 1210 1335 1290 δόγμα
1362 1220 1464 1284 τῆς
1506 1212 1834 1288 μοναρχίας.

390 1415 556 1469 ΛΑΤ.
608 1411 714 1467 Καὶ
775 1411 903 1483 μὴν,
945 1411 992 1464 ὦ
1049 1410 1265 1486 Γραικὶ,
1311 1407 1655 1484 παράδειγμα
1689 1409 1783 1483 μὲν
1813 1407 1970 1485 ἐναρ-

303 1503 412 1576 γὲς
444 1502 544 1555 οὐκ
570 1496 711 1555 ἔστιν
758 1500 932 1573 εὑρεῖν
965 1506 1070 1570 τῆς
1127 1500 1285 1574 ἄγξας
1342 1497 1576 1571 Τριάδος
1628 1499 1728 1567 τήν
1785 1498 1970 1574 σχέσιν

301 1589 581 1668 ἐμφαῖνον
615 1589 652 1658 ἤ
683 1590 783 1658 τήν
809 1589 979 1658 τάξιν·
1017 1586 1206 1644 πολλά
1238 1585 1286 1642 δ’
1327 1587 1420 1643 οὖν
1450 1589 1517 1643 τὰ
1574 1585 1834 1662 ἀμυδρῶς
1892 1588 1967 1642 εί-

300 1681 527 1735 κονίσαι
588 1677 864 1751 δυνάμενα
926 1678 989 1732 τὸ
1049 1675 1372 1754 λεγόμενον,
1428 1679 1500 1732 ὧν
1549 1677 1616 1733 τὰ
1672 1678 1764 1751 μὲν
1824 1676 1970 1754 παρᾶ

302 1776 419 1838 τῆς
463 1775 685 1846 Γραφῆς
720 1764 1116 1844 έέρανιζόμενα,
1154 1766 1222 1822 τὰ
1271 1764 1328 1822 δὲ
1384 1766 1471 1821 καὶ
1531 1767 1580 1840 ἐξ
1647 1765 1814 1835 αὐτῆς
1867 1773 1968 1836 τῆς

2085 616 2148 654 ex
2176 604 2343 655 Patre
2372 606 2429 656 et
2460 603 2602 659 Filio
2636 605 3086 676 processionem,
3113 612 3169 662 et
3189 610 3536 665 sententiam
3570 614 3728 682 ejus~

2084 690 2239 743 modi
2275 691 2582 762 perspicue
2614 694 2814 764 ﬁguris
2851 700 2906 749 et
2961 696 3508 755 adumbrationibus
3560 701 3728 757 illus-

2080 780 2371 848 trandam,
2405 783 2453 837 si
2484 799 2601 853 qua
2631 784 2906 853 possibile
2934 790 3025 839 est
3063 785 3405 858 intelligere,
3437 793 3730 860 quomodo

2081 870 2258 924 unius
2284 872 2669 944 ejusdemque
2701 873 2810 928 hoc
2863 878 2917 928 et
2974 874 3121 930 illud
3178 876 3253 932 sit
3295 894 3493 947 causa,
3525 882 3736 950 princi-

2078 957 2238 1029 pium
2270 967 2322 1014 et
2345 959 2699 1032 principium
2732 969 2789 1017 et
2821 979 2932 1018 non
2962 963 3080 1018 dua
3114 965 3396 1036 principia
3453 984 3556 1024 nec
3604 970 3732 1026 dum

2081 1062 2290 1116 causae,
2320 1066 2390 1103 ne
2420 1050 2552 1120 quis
2585 1050 2838 1122 Spiritus
2865 1068 3102 1107 causam
3137 1058 3191 1108 et
3223 1055 3578 1126 principium
3613 1075 3727 1114 non

2079 1133 2308 1192 Patrem
2333 1139 2548 1208 solum,
2580 1139 2683 1194 sed
2715 1141 2887 1195 etiam
2948 1140 3161 1196 Filium
3219 1159 3344 1198 esse
3403 1149 3730 1203 concedens

2077 1224 2193 1279 duo
2219 1225 2487 1281 videatur
2515 1227 2790 1283 inducere
2839 1228 3126 1300 principia
3175 1231 3262 1286 vel
3315 1231 3462 1289 duas
3495 1251 3726 1304 causas,

2077 1314 2178 1368 sed
2212 1317 2268 1368 et
2300 1314 2383 1370 sic
2417 1316 2766 1371 monarcbiaa
2793 1317 3008 1388 dogma
3037 1319 3346 1377 custodiat.

2130 1401 2284 1458 LAT.
2317 1404 2706 1471 Atenimvero,
2748 1423 2779 1460 ο
2837 1405 3051 1474 Graece,
3107 1408 3342 1464 evidens
3389 1412 3723 1482 exemplum

2077 1489 2336 1548 invenire
2367 1510 2481 1548 non
2515 1492 2670 1560 licet,
2701 1495 2850 1564 quod
2886 1499 3100 1551 sancta
3140 1497 3444 1554 Trinitatis
3496 1499 3724 1556 habitu-

2075 1579 2274 1636 dinem
2308 1583 2393 1636 vel
2427 1582 2688 1638 ordinem
2723 1584 3028 1656 exprimat.
3058 1585 3240 1640 Multa
3270 1603 3402 1641 vero
3426 1593 3566 1642 sunt
3599 1606 3726 1660 quas

2075 1669 2185 1725 sub
2216 1671 2464 1727 obscura
2479 1671 2733 1743 imagine
2747 1672 3038 1729 reﬂectere
3055 1680 3303 1746 possunt
3317 1677 3472 1747 quod
3488 1676 3726 1733 dicitur.

2079 1777 2328 1835 quorum
2363 1762 2476 1818 alia
2504 1780 2537 1817 a
2566 1761 2884 1834 Scripturis
2914 1763 3150 1819 collecta
3181 1769 3339 1834 sunt,
3356 1765 3470 1822 alia
3498 1783 3632 1823 vero
3661 1783 3728 1823 ex

300 1862 426 1912 τῶν
473 1859 808 1933 πραγμάτων
883 1862 976 1911 καῖ
1058 1857 1348 1929 νοημάτων
1431 1854 1642 1933 φύσεως
1718 1854 1960 1928 εὑρισκό-

2090 1869 2205 1926 .psa
2234 1868 2426 1908 rerum
2459 1855 2516 1907 et
2546 1851 2849 1908 potionum
2878 1857 3088 1908 natura
3115 1852 3370 1909 inventa.

359 1967 455 2000 ενα
484 1967 617 2002 (‘15).

359 1967 455 2000 ενα
604 1989 617 2002 .

310 1969 358 2018 μ
390 1950 750 2111 ΓΡῩῗΙΞὶραγε
783 2034 850 2106 δή
879 2055 974 2107 μοι
1023 2035 1113 2088 καὶ
1170 2037 1341 2090 ταῦτα
1404 2032 1493 2088 καί
1549 2033 1967 2107 συσκεῴώμεθα·

2147 2031 2262 2087 GR.
2297 2031 2636 2101 Proferjam
2667 2030 2813 2086 mihi
2843 2036 2900 2086 et
2937 2031 3061 2087 hac
3115 2036 3290 2104 atque
3338 2050 3454 2089 una
3492 2049 3558 2090 ea
3591 2052 3721 2106 per-

310 2124 455 2186 ῗσως
493 2127 600 2201 γὰρ
641 2125 732 2180 καὶ
765 2125 928 2198 ἡμεῖς
967 2124 1474 2198 ἀντιπαραθήσομεν
1515 2120 1960 2197 καταλληλότερα

2090 2121 2426 2192 pendamus.
2458 2120 2701 2176 fortasse
2722 2120 2878 2175 enim
2911 2125 2967 2175 et
2996 2137 3110 2176 non
3161 2125 3364 2176 contra
3410 2137 3477 2177 ea
3509 2139 3720 2196 propo-

306 2213 758 2291 παραδείγματα.

388 2309 552 2364 ΛΑΤ.
615 2305 773 2379 Λέγω
851 2301 941 2375 δήο
1003 2303 1066 2358 σὺ
1121 2300 1690 2378 δὲνουνεχῶςιᾶκουε·
1723 2303 1806 2378 ἆρ’
1838 2301 1966 2378 οὐχὶ

307 2417 461 2450 πασα
523 2395 684 2450 οὐσία
754 2391 872 2473 ἔχει
919 2395 1008 2448 καὶ
1058 2391 1288 2467 δύναμιν
1349 2394 1513 2467 ἑαυτῇ
1572 2399 1791 2470 συμφυῆ
1877 2391 1966 2447 καὶ

309 2487 594 2560 ἐνέργειαν
639 2486 873 2554 φυσικήν
901 2486 1012 2556 (941
1041 2503 1057 2553 ς

388 2579 492 2630 ΓΡ.
527 2581 614 2643 Φη
628 2573 808 2646 μί.....

385 2666 547 2719 ΛΑΤ.
578 2665 781 2717 Σκόπει
815 2665 944 2738 γοῦν
999 2681 1092 2734 μοι
1159 2660 1440 2716 καὶτοῦτο
1497 2660 1560 2714 τὸ
1625 2656 1950 2735 ὓποδειγμα⁸

296 2752 495 2809 ’Ἔστιν
553 2753 589 2821 ἠ
650 2755 750 2805 τοῦ
805 2751 979 2824 πυρὸς
1039 2750 1198 2805 οὐσία
1247 2749 1336 2803 καὶ
1384 2751 1418 2817 ἡ
1469 2750 1732 2818 καυστική
1765 2749 1960 2804 τούτου

299 2839 540 2914 δύναμις
599 2839 690 2894 καὶ
741 2841 776 2908 ἡ
837 2837 1077 2914 ἐνέργεια
1134 2846 1236 2908 τῆς
1296 2834 1598 2911 δυνάμεως,
1655 2839 1690 2907 ἡ
1750 2842 1958 2910 καῦσις,

291 2929 583 3005 ἐνέργημα
644 2926 702 2983 δὲ
757 2929 784 2982 6
844 2924 1058 3004 ἃνθραξ,
1117 2929 1152 2996 ἡ
1200 2927 1387 3004 τέφρα·
1447 2927 1592 2982 οὓτω
1643 2926 1734 2982 καὶ
1787 2928 1816 2982 ὁ
1849 2929 1958 2984 Har-

288 3022 405 3092 τήρ
437 3022 626 3091 (50)...

372 3110 531 3164 ΛΑΤ.
596 3107 748 3162 Ἐστι
796 3109 1027 3178 σημεῖον
1078 3104 1168 3160 καὶ
1213 3106 1445 3181 γραμμὴ
1505 3103 1594 3159 καὶ
1679 3103 1956 3184 ἐπιφάνεια

288 3195 361 3249 τὰ
427 3194 552 3267 τρία
613 3198 782 3248 ταῦτα
835 3193 936 3267 μία
981 3197 1090 3248 τῶν
1150 3191 1460 3268 λεγομὲνων
1548 3197 1948 3268 μαθηματικῶν

294 3285 575 3356 σωμάτων
634 3284 806 3357 ἀρχὴ,
846 3283 922 3344 ὡς
969 3282 1079 3336 ἐκειῖ
1131 3283 1166 3351 ἡ
1219 3281 1397 3349 οὐσία,
1447 3283 1482 3350 ἡ
1515 3278 1742 3354 δύναμις
1787 3284 1876 3336 καὶ
1916 3284 1952 3352 ἡ

294 3373 549 3450 ἐνέργεια
615 3372 714 3445 μία
770 3377 879 3426 τῶν
928 3370 1328 3447 ἐνεργουμένων
1385 3371 1534 3445 ἆρχή
1589 3373 1718 3444 (51)·
1781 3367 1840 3443 ἤ,
1913 3371 1961 3426 εἷ’

300 3461 522 3538 βούλει,
579 3462 771 3534 μονὰς,
836 3458 988 3526 δυὰς,
1081 3460 1257 3533 τριάς·
1328 3461 1362 3528 ἡ
1425 3459 1768 3534 ἀριθμητικὴ
1820 3459 1956 3531 αὕτη

297 3551 458 3625 τριὰς
495 3551 761 3626 ἀρχὴκαὶ
805 3547 950 3604 αἰτία
979 3550 1070 3604 καὶ
1109 3558 1260 3626 πηγή
1293 3548 1493 3611 παντὸς
1519 3548 1754 3624 ἀριθμοῦ

303 3643 518 3701 Ἐννόει
581 3647 686 3717 γὰρ
749 3661 844 3714 μοι
894 3637 1158 3695 δάκτυλον
1223 3639 1316 3694 καὶ
1383 3642 1543 3714 χεῖρα
1600 3637 1761 3711 ὅλην,
1811 3640 1878 3709 ἧς
1931 3641 1960 3694 6

305 3729 581 3793 δάκτυλος
614 3729 875 3805 ἤρτηται,
907 3730 999 3784 καὶ
1050 3727 1181 3784 δλον
1226 3726 1532 3804 ἃνθρωπον,
1592 3727 1757 3803 οὗπέρ
1823 3727 1962 3784 ἐστιν

303 3825 341 3892 ἡ
403 3821 533 3895 χεὶρ
584 3820 672 3875 καὶ
731 3821 760 3874 6
810 3817 1076 3880 δάκτυλος
1125 3819 1306 3891 (53)...
1359 3817 1667 3894 Ὀφθαλμὸν
1698 3814 1847 3880 οἶδας
1870 3818 1960 3874 καὶ

301 3913 496 3987 πηγήν
528 3910 618 3964 καὶ
640 3909 902 3982 (ποταμόν
932 3910 1111 3983 (54)...
1174 3906 1345 3963 Πάλιν
1408 3905 1549 3963 ἄλλο
1615 3906 1962 3986 παράδειγμα

300 4001 393 4054 καὶ
464 3997 598 4052 αὐτὸ
651 4002 750 4052 τοῦ
805 3995 994 4067 αὐτοῦ,
1055 3994 1115 4051 ἐκ
1171 4002 1273 4065 τῆς
1334 4001 1553 4073 Γραφῆς
1624 4001 1703 4068 τῷ
1790 3999 1961 4073 Ἀγίῳ

301 4086 514 4167 ληφθὲν
577 4088 606 4141 ὁ
665 4083 862 4160 Ἀδὰμ,
913 4088 948 4155 ἡ
1016 4086 1152 4156 Εὕα,
1212 4086 1240 4140 6
1287 4086 1402 4156 Σήθ
1425 4087 1633 4158 (55)....
1667 4082 1823 4154 Πλὴν
1855 4085 1961 4160 ἐρῶ

302 4199 392 4234 σοι
427 4177 520 4231 καὶ
567 4174 712 4231 ἄλλο
762 4171 1090 4251 ὑπόδειγμα,
1156 4173 1208 4230 ἐν
1241 4175 1287 4247 ᾧ
1309 4174 1481 4239 πάθος
1503 4177 1749 4230 τοιοῦτον
1783 4171 1959 4230 οὐδὲν⁸

377 4269 489 4324 ΓΡ.
520 4267 602 4323 Τὸ
631 4270 792 4320 ποῖον
829 4285 844 4334 ;

380 4358 555 4414 ΛΑΤ.
590 4355 666 4412 Τὸ
693 4358 792 4409 τοῦ
820 4351 992 4424 ἡλίου
1021 4352 1186 4409 πάλιν
1217 4351 1307 4408 καὶ
1328 4359 1429 4422 τῆς
1459 4352 1670 4415 ἀκτῖνος
1726 4353 1815 4408 καὶ
1865 4355 1964 4408 τοῦ

309 4447 499 4527 Ῡωτὸς
527 4443 670 4518 πρδς
687 4445 750 4498 τὸ
771 4447 850 4515 τῷ
871 4440 1102 4518 δόγματι
1133 4443 1412 4518 χρήσιμον
1445 4444 1624 4515 (56)...

384 4537 515 4593 "Ott
546 4537 583 4603 ἡ
614 4531 705 4588 ’διὰ
734 4531 884 4606 παρὰ
901 4537 970 4607 τῇ
1002 4535 1190 4610 Γραφῇ
1233 4528 1530 4606 ἀδιάφορός
1582 4528 1692 4586 ἔστι
1747 4533 1816 4602 τῇ
1882 4528 1960 4586 ἐκ.

383 4621 895 4701 Ἀνακεφαλαίωσις
968 4625 1077 4677 τῶν
1189 4619 1505 4685 ἐκτεθίντων

304 4737 418 4772 των
456 4717 596 4788 (57).

377 4888 496 4958 (4-7)
531 4887 660 4960 vat.
688 4878 972 4960 φυλάττει.

377 4952 494 5026 (48)
532 4959 660 5013 Vat.
694 4952 1104 5027 ἑύρισκόμενον.

373 5018 495 5102 (49)
571 5018 963 5102 Νοιᾷξωειιιεξ.
1025 5023 1256 5096 Πρῶτον
1317 5018 1620 5096 ὑπὸδειγμα
1668 5021 1720 5093 ἐξ
1752 5022 1963 5095 οὐσίας,

305 5095 598 5170 δυνάμεως
620 5097 712 5152 καὶ
747 5095 1038 5170 ἐνεργείας.

375 5160 494 5243 (ὕὸ)
527 5173 588 5226 F.
625 5173 715 5238 25,
745 5185 802 5243 β,
836 5160 1000 5243 Iit-led,
1035 5160 1342 5243 ὑπόδειγμα
1384 5164 1457 5236 β’,

377 5235 497 5314 (51')
522 5245 582 5297 F.
617 5235 801 5314 Vasti);
837 5235 996 5296 ὑπόδ.
1027 5241 1093 5314 γ’.

380 5307 498 5390 (52)
523 5307 701 5381 ὑπόδ.
716 5307 780 5369 δ’.

396 5503 477 5574 (a)
515 5500 702 5574 Dehis
723 5497 1170 5574 imaginibus_et
1191 5493 1484 5574 exemplis
1510 5493 1636 5574 yide
1648 5492 1968 5574 Patavium.

312 5565 738 5640 De'Trinitate,
762 5565 983 5641 libfvn,
1017 5585 1066 5625 c.
1088 5569 1124 5623 5
1152 5572 1208 5624 et
1259 5569 1330 5636 6;
1379 5565 1681 5652 Allatium,
1713 5566 1786 5621 De
1819 5581 1970 5637 proc,

2074 2226 2281 2266 nemus
2313 2209 2428 2265 alia
2458 2209 2724 2282 exempla
2753 2209 2941 2282 magis
2971 2225 3246 2282 congrua.

2146 2300 2309 2355 LAT.
2343 2300 2480 2356 Dico
2512 2299 2719 2371 igitur,
2752 2305 2814 2353 tu
2836 2315 2970 2354 vero
3003 2299 3137 2354 audi
3173 2300 3722 2370 prudenter.Nonne

2071 2389 2264 2444 omnis
2295 2389 2552 2444 essentia
2583 2387 2758 2444 habet
2787 2389 2958 2443 etiam
2991 2388 3268 2444 virtutem
3294 2389 3408 2445 sibi
3439 2395 3720 2447 oonnatu-

2071 2478 2276 2548 ralem,
2309 2482 2366 2533 et
2397 2477 2791 2549 operationem
2827 2475 3152 2533 naturalem
3172 2475 3200 2531 ?

2143 2568 2260 2624 GR.
2288 2567 2354 2622 Id
2386 2567 2497 2622 aio.
2979 2634 2985 2638 _

2141 2657 2296 2714 LAT.
2329 2654 2643 2711 Considera
2697 2654 2879 2727 igitur
2934 2654 3082 2709 mihi
3134 2659 3190 2709 et
3219 2654 3328 2710 hoc
3358 2656 3717 2728 exemplum.

2069 2749 2168 2803 Est
2199 2745 2452 2802 essentia
2483 2745 2634 2816 ignis
2667 2745 2865 2813 etejus
2891 2743 3451 2800 combustivavirtus
3468 2745 3720 2817 ethujus

2065 2833 2290 2890 virtutis
2309 2832 2590 2902 operatio,
2614 2830 2962 2896 combustio,
3011 2830 3278 2887 effectum
3330 2848 3462 2889 vero
3517 2834 3713 2904 carbo,

2064 2923 2231 2980 cinis.
2255 2922 2346 2977 Sic
2375 2923 2431 2976 et
2457 2923 2690 2977 Pater...

2133 3106 2294 3162 LAT.
2330 3104 2429 3161 Est
2485 3106 2794 3176 punctum,
2852 3101 3008 3159 linea
3057 3105 3116 3158 et
3165 3103 3524 3175 superﬁcies,
3581 3105 3704 3162 haec

2062 3195 2175 3252 tria
2207 3209 2391 3250 unum
2439 3199 2575 3248 sunt
2633 3207 2834 3248 eorum
2884 3207 3010 3262 qua:
3069 3191 3340 3248 dicuntur
3395 3210 3705 3266 corporum

2067 3283 2619 3342 mathematicorum
2639 3280 3011 3352 principium,
3045 3283 3107 3336 ut
3135 3280 3254 3336 illie
3282 3285 3558 3353 essentia,
3593 3287 3708 3340 vir-

2066 3378 2160 3430 tus
2191 3378 2249 3429 et
2278 3371 2536 3444 operatio
2568 3387 2741 3426 unum
2796 3369 3131 3425 effectarum
3191 3370 3562 3443 principium,
3623 3373 3714 3429 vel

2065 3465 2113 3520 si
2139 3463 2248 3530 vis,
2309 3477 2532 3525 monas.
2593 3461 2760 3533 dyas,
2819 3459 2984 3526 trias,
3046 3458 3168 3515 haec
3213 3461 3516 3517 numerica
3572 3464 3719 3518 trias

2067 3551 2442 3625 principium,
2475 3566 2655 3606 causa
2683 3566 2749 3604 ac
2776 3549 2904 3604 fons
2955 3548 3149 3604 omnis
3195 3551 3492 3606 numeri...
3521 3551 3721 3622 cogita

2069 3641 2211 3698 mihi
2246 3639 2496 3711 digitum
2529 3643 2586 3694 et
2616 3653 2855 3692 manum
2897 3640 3102 3702 totam,
3127 3653 3159 3692 a
3216 3654 3330 3707 qua
3361 3638 3578 3708 digitus
3609 3639 3711 3694 de-
3818 3639 3820 3641 ’

2068 3729 2301 3802 pendet,
2333 3731 2599 3784 ettotum
2631 3725 2949 3790 hominem,
2982 3726 3151 3796 cujus
3181 3733 3265 3780 est
3297 3741 3507 3780 manus
3539 3730 3595 3779 et
3621 3725 3709 3780 di-

2066 3819 2291 3887 gitus...
2327 3815 2568 3872 Oculum
2603 3814 2755 3868 nosti
2813 3817 2868 3867 et
2926 3813 3144 3868 fontem
3188 3817 3244 3868 et
3276 3813 3533 3869 ﬂuvium.
3573 3819 3711 3869 Rur-

2067 3923 2200 3962 sum
2233 3905 2391 3961 aliud
2433 3901 2764 3973 cxemplum
2815 3902 3006 3972 ipsum
3056 3903 3319 3972 ejusdem
3353 3903 3427 3972 (S.
3457 3902 3710 3970 Gregorii

2067 3995 2226 4064 Naz).
2259 4011 2327 4050 ex
2340 3993 2640 4063 Scriptura
2653 4009 2686 4046 a
2701 3995 2896 4046 sancto
2911 3991 3318 4061 desumptum:
3339 3991 3518 4046 Adam
3533 4033 3548 4059 ,
3579 3995 3711 4056 Eva,

2069 4084 2275 4142 Seth...
2309 4085 2573 4138 Attamen
2606 4081 2796 4135 dicam
2829 4079 2936 4134 tibi
2965 4083 3022 4136 et
3050 4078 3206 4135 aliud
3233 4077 3586 4150 exemplum,
3619 4079 3713 4134 cui

2069 4173 2232 4230 nulla
2260 4170 2546 4243 ejusmodi
2577 4169 2773 4241 passio
2805 4167 2965 4223 insit.

2142 4263 2254 4318 GR.
2290 4260 2468 4326 Quale
2498 4263 2584 4315 est
2617 4259 2726 4314 hoc
2750 4259 2777 4314 ‘2

2143 4351 2302 4406 LAT.
2336 4347 2680 4420 Exemplum
2713 4346 2878 4415 solis,
2911 4344 3058 4401 radii
3088 4347 3146 4400 et
3174 4343 3420 4402 luminis
3449 4345 3522 4402 ad
3552 4344 3716 4402 illus-

2070 4440 2346 4496 trandum
2379 4438 2592 4510 dogma
2621 4438 2720 4507 (a).

2143 4527 2305 4592 Quod
2336 4525 2669 4599 praspositio
2697 4540 2796 4598 per
2825 4524 2985 4580 aliud
3007 4523 3366 4596 Scripturam
3390 4525 3719 4597 promiscue

1625 4592 1963 4695 ὑποδειγμά-
1993 4592 2040 4657 D
2074 4633 2176 4691 pro
2202 4633 2274 4671 ex
2303 4592 2640 4685 usurpatur.

2143 4703 2560 4777 Recapitulatio
2588 4703 3017 4778 propositorum
3046 4704 3466 4776 exemplorum.

2167 4879 2255 4936 55)
2289 4873 2447 4933 ὑπόδ.
2483 4877 2540 4933 ε’.

2144 4881 2238 4952 (55
2289 4879 2447 4933 ὑπόδ.
2483 4879 2540 4933 ε’.

2143 4879 2345 5024 (51311⁸.
2375 4951 2478 5024 26.
2506 4967 2562 5024 νο.
2599 4948 2758 5024 ζ“.-ν.
2785 4948 2972 5024 __G_:reg.
3024 4946 3161 5003 Naz.
3217 4953 3298 5004 De
3341 4946 3514 5019 Spirit
3542 4947 3718 5000 sanet.

2073 5019 2342 5087 orat.'37,
2376 5040 2431 5094 ρ,
2454 5023 2581 5094 6171,
2613 5021 2706 5077 ed.
2737 5019 2868 5074 Bill.

2145 5095 2256 5166 (55)
2296 5090 2553 5166 tuear.

2148 5157 2261 5239 (56')
2289 5166 2423 5221 Cod.
2460 5157 2619 5230 {[26,
2651 5165 2706 5219 b.
2741 5159 2900 5222 ὑπόδ,
2935 5164 3005 5234 η’.
3042 5162 3186 5216 Vide
3245 5160 3408 5227 Naz.,
3446 5160 3589 5214 orat.
3627 5157 3724 5214 cit.

2075 5240 2422 5382 p'(gg).ﬂaec
2455 5308 2569 5363 duo
2599 5310 2895 5379 postrema
2924 5321 2992 5362 ex
3023 5308 3143 5360 not.
3179 5301 3426 5375 margin.
3461 5302 3499 5358 f.
3541 5301 3634 5368 28,
3666 5302 3725 5358 b.

2082 5492 2275 5565 Spirit.
2310 5490 2495 5548 sancti
2526 5509 2542 5561 ;
2573 5489 2854 5546 Enchirid.
2890 5505 2938 5545 c.
2968 5489 3002 5544 8
3033 5492 3090 5545 et
3116 5489 3202 5545 16.
