4062 6202
385 388 502 446 215

1646 375 1957 436 ΝΙΟΕΤΑΞ,
2001 366 2538 432 MARONIENSIS

385 509 2508 544 __________________________

1512 670 1914 768 ΛΟΓΟΣ
1996 662 2632 762 ΠΕΜΠΤΟΣ.

1432 1021 2066 1120 DIALOGUS
2175 1018 2484 1133 QUIN
2488 1015 2753 1112 TUS-

456 1355 574 1413 GR.
607 1357 889 1411 Caeterum
921 1352 967 1408 si
1001 1351 1114 1407 alia
1145 1348 1434 1422 dogmatis
1465 1346 1610 1402 ratio
1640 1343 1745 1400 tibi
1775 1343 1965 1410 adest,
1998 1357 2031 1398 ο

2214 1345 2317 1396 ΓΡ.
2369 1339 2573 1392 Λοιπὸν
2634 1337 2685 1393 εἷ’
2718 1338 2800 1397 τίς
2851 1359 2936 1392 σοι
2987 1336 3151 1413 λόγος
3206 1336 3413 1410 ἕτερος,
3475 1341 3518 1391 ῶ
3578 1343 3807 1406 Λατῖνε,

383 1447 608 1511 Latine,
640 1446 897 1500 edissere
929 1463 945 1511 ;
978 1441 1148 1497 nobis
1199 1439 1436 1512 quidem
1480 1435 1699 1492 sufﬁcit
1745 1431 2033 1504 evangeli-

384 1554 517 1592 cum
552 1536 796 1600 dictum,
852 1532 1008 1603 quod
1064 1529 1365 1602 perspicue
1414 1543 1483 1582 ex
1540 1529 1706 1580 Patre
1752 1522 2032 1594 Spiritum

384 1626 696 1697 procedere
727 1623 1002 1676 declarat.

462 1713 616 1767 LAT.
651 1710 988 1776 Retinuisti,
1030 1725 1061 1763 ο
1101 1709 1312 1772 Graece,
1366 1705 1478 1760 huc
1531 1718 1719 1774 usque
1767 1700 2034 1772 disputa-

387 1802 607 1857 tionem
664 1816 732 1854 ex
791 1799 1143 1854 testimoniis
1199 1802 1256 1851 et
1301 1800 1588 1866 postremo
1643 1791 1767 1848 loco
1824 1806 1950 1846 eam
1981 1793 2039 1844 et

391 1890 563 1947 ambo
587 1889 998 1959 suscipiamus.
1045 1886 1211 1941 Nunc
1265 1901 1397 1939 vero
1450 1883 1591 1938 die:
1645 1879 1694 1936 si
1741 1879 1916 1935 simul
1948 1894 2040 1949 ge-

397 1981 621 2034 neratio
653 1981 708 2033 et
747 1975 1057 2047 processio,
1107 1973 1398 2044 quomodo
1448 1987 1561 2026 non
1611 1970 1786 2024 etiam
1838 1983 2037 2040 proce-

395 2069 558 2137 dens,
587 2083 656 2121 ex
680 2066 876 2136 genito
915 2062 1070 2118 erit?
1112 2062 1161 2117 si
1211 2061 1392 2116 simul
1435 2075 1503 2114 ex
1555 2059 1716 2114 Patre
1756 2057 1937 2112 Filius
1984 2061 2040 2112 et

393 2157 669 2230 Spiritus,
720 2153 1012 2226 quomodo
1066 2169 1181 2207 non
1231 2150 1408 2206 etiam
1461 2165 1528 2204 ex
1594 2147 1735 2203 Filio
1783 2146 2038 2219 Spiritus

389 2250 631 2303 sanctus
663 2244 684 2299 ἒ

461 2335 799 2391 GB.Dicam
823 2332 924 2388 tibi
946 2335 1164 2403 etego:
1212 2331 1271 2386 Si
1321 2328 1500 2385 simul
1544 2332 1709 2383 Pater
1747 2332 1804 2382 et
1834 2324 2036 2393 Filius,

386 2423 677 2497 quomodo
702 2423 883 2477 Filius
905 2425 993 2477 est
1014 2437 1078 2476 ex
1097 2420 1286 2489 Patre,
1306 2423 1363 2474 et
1389 2435 1502 2474 non
1531 2417 1696 2472 Pater
1727 2431 1953 2487 quoque
1970 2431 2039 2469 ex

385 2513 530 2568 Filio
560 2513 588 2566 Ἰ
615 2512 673 2566 Si
705 2509 878 2566 simul
931 2509 1178 2582 Spiritus
1229 2513 1286 2564 et
1341 2507 1522 2561 Filius
1551 2522 1620 2560 ex
1671 2509 1860 2570 Patre,
1894 2519 2036 2574 quo-

388 2603 562 2658 modo
595 2601 706 2656 erit
733 2600 980 2673 Spiritus
1005 2615 1072 2654 ex
1104 2598 1270 2661 Filio,
1299 2602 1356 2654 et
1388 2614 1504 2654 non
1536 2595 1711 2650 etiam
1757 2593 1938 2649 Filius
1969 2610 2038 2648 ex

388 2691 606 2764 Spiritu
641 2708 706 2746 ac
738 2689 997 2761 genitum
1025 2705 1092 2744 ex
1125 2688 1472 2760 procedente
1491 2686 1583 2742 ‘I...

465 2781 617 2835 LAT.
651 2779 787 2835 Dico
817 2778 996 2849 igitur
1022 2779 1341 2850 procedere,
1373 2777 1444 2831 de
1475 2775 1927 2846 quibuscunque
1953 2772 2039 2826 in-

2149 1433 2245 1483 τοῦ
2279 1426 2576 1502 δόγματος,
2610 1427 2808 1505 φράσον
2842 1431 2953 1500 (58)
2987 1447 2999 1458 ·
3029 1427 3266 1498 ὠσήμῖν
3307 1447 3369 1503 γε
3427 1427 3581 1500 ἀρκεῖ
3637 1429 3809 1500 ῥῆσις

2149 1521 2185 1587 ἡ
2244 1517 2568 1592 εὐαγγελική
2657 1517 2715 1572 ἐκ
2795 1521 2894 1572 τοῦ
2979 1517 3191 1590 Ηατρὸς
3265 1514 3650 1590 ἐκπορεύεσθαι
3733 1518 3805 1572 τὸ

2151 1614 2365 1682 Πνεῦμα
2396 1611 2711 1682 παριστῶσα
2751 1611 3000 1685 σαφῶς...

2221 1705 2370 1755 ΛΑΤ.
2432 1697 2710 1772 Ἐπίσχες,
2762 1695 2806 1749 ὦ
2876 1697 3090 1770 Γραικὶ,
3147 1695 3235 1750 καὶ
3295 1694 3459 1750 εἷσὲτι
3488 1696 3578 1750 τὸν
3609 1696 3807 1751 ἐκτῶν

2154 1800 2467 1871 μαρτυριῶν
2520 1794 2690 1870 λόγον
2755 1795 2846 1848 καὶ
2924 1793 3149 1849 ὕστατον
3220 1798 3412 1848 τοῦτον
3476 1794 3563 1848 καὶ
3626 1795 3807 1869 ἄμφω

2147 1886 2588 1959 ταμιευσώμεθαο
2620 1883 2712 1938 νῦν
2745 1880 2802 1938 δὲ
2841 1881 2970 1938 ἀλλ’
3026 1883 3161 1938 εἰπὲ·
3232 1883 3276 1938 εἰ
3318 1883 3431 1956 ἄμα
3493 1885 3528 1952 ἡ
3595 1883 3808 1958 γέννη-

2151 1997 2234 2037 σις
2302 1974 2390 2028 καὶ
2441 1976 2476 2042 ἡ
2509 1971 2848 2045 ἐκπόρευσις,
2899 1977 3017 2034 πῶς
3085 1969 3211 2046 οὒχὶ
3270 1972 3334 2026 τὸ
3380 1971 3702 2046 ἐκπορευτὸν
3743 1971 3812 2028 ἐκ

2148 2068 2249 2120 τοῦ
2303 2066 2579 2138 γεννητνῦ·
2637 2063 2687 2117 εἲ
2737 2064 2850 2134 ἅμα
2907 2060 2967 2116 ἐκ
2997 2065 3093 2116 τοῦ
3143 2062 3359 2136 Ιίατρὸς
3390 2062 3417 2116 6
3448 2063 3574 2124 Υἱὸς
3602 2065 3695 2117 καὶ
3730 2064 3805 2118 τὸ

2151 2157 2393 2226 Πνεῦμα,
2424 2156 2540 2214 πῶς
2572 2152 2700 2226 οὐχὶ
2728 2152 2818 2206 καὶ
2847 2151 2906 2206 ἐκ
2933 2149 3029 2206 τοῦ
3061 2152 3189 2205 Υῖοῦ
3220 2151 3281 2206 τὸ
3313 2152 3529 2224 Ηνεῦμα
3563 2171 3578 2221 ;

2219 2339 2318 2387 I'P'
2383 2333 2526 2406 Ἐρῶ
2594 2351 2676 2385 σοι
2734 2330 2906 2404 κάγώ·
2968 2329 3017 2383 εἷ’
3071 2327 3181 2402 ἅμα
3239 2332 3428 2403 Ηατήρ
3481 2331 3571 2384 καὶ
3649 2332 3808 2402 Υἱὸς,

2147 2426 2264 2484 πῶς
2297 2423 2324 2476 6
2346 2422 2470 2482 Υἱὸς
2502 2419 2561 2474 ἐκ
2591 2425 2686 2474 τοῦ
2716 2420 2948 2493 Ηατρὸς,
2982 2419 3110 2494 οὐχὶ
3135 2420 3239 2491 ξκαὶ
3272 2420 3300 2473 ὁ
3341 2421 3528 2493 Ηατῆρ
3580 2418 3639 2474 ἐκ
3695 2426 3808 2476 τοῦ

2148 2511 2275 2564 Υἱοῦ
2323 2530 2337 2580 ;
2380 2510 2424 2564 εἰ
2485 2509 2596 2581 ἃμα
2645 2514 2866 2582 Πνεῦμα
2921 2508 3007 2562 καὶ
3039 2509 3164 2569 Υἱὸς
3197 2507 3257 2562 ἐκ
3287 2508 3380 2562 τοῦ
3413 2509 3644 2582 Ηατρὸς,
3676 2516 3810 2575 πῶς

2145 2599 2209 2653 τὸ
2261 2603 2478 2671 Πνεῦμα
2537 2597 2597 2651 ἐκ
2653 2601 2750 2652 τοῦ
2807 2596 2956 2667 Ποῦ,
3017 2598 3103 2651 καὶ
3144 2596 3273 2671 οὐχὶ
3322 2599 3350 2652 6
3399 2598 3521 2660 Υἱὸς
3572 2597 3654 2671 ’ἐκ
3696 2603 3808 2654 τοῦ

2151 2687 2481 2761 Πνεῦματος,
2542 2687 2631 2741 καὶ
2685 2687 2746 2740 τὸ
2796 2687 3053 2762 γεννητὸν
3103 2686 3162 2741 ἐκ
3209 2691 3306 2741 τοῦ
3341 2684 3670 2757 ἒκπορευτοῦ
3707 2707 3808 2756 ;...

2222 2767 2375 2833 ΛΑΤ.
2432 2779 2544 2850 (59)
2603 2776 2761 2848 Φημὶ
2808 2774 2986 2830 τοίνυν
3043 2774 3228 2830 ὅτιτὸ
3280 2775 3661 2850 ἐκπορεύεσθαι
3715 2777 3808 2856 ἐφ’

387 2871 662 2928 veniatur
691 2870 936 2936 dictum,
993 2866 1322 2939 signiﬁcare
1403 2864 1720 2920 motionem
1779 2861 2036 2934 qualem-

2160 2868 2226 2921 ὧν
2277 2869 2336 2921 ἂν
2376 2867 2689 2941 εὑρίσκηται
2753 2865 3069 2940 λεγόμενον,
3128 2865 3380 2938 σημαίνει
3433 2868 3529 2938 μὲν
3580 2867 3804 2938 κίνησιν

391 2975 646 3032 cunque,
680 2959 975 3031 propriam
1007 2961 1203 3012 tamen
1237 2954 1342 3020 rei,
1370 2955 1443 3010 de
1481 2970 1600 3025 qua
1638 2951 1846 3024 agitur,
1873 2950 2036 3022 eique

2160 2956 2387 3025 :iavoiiv,
2445 2953 2592 3023 πλὴν
2640 2953 2842 3009 οἰκείαν
2903 2958 2983 3026 τῷ
3013 2955 3353 3030 προκειμένῳ
3383 2955 3661 3031 πράγματι
3702 2958 3806 3012 καὶ

389 3065 782 3120 congruam...

457 3137 616 3192 LAT.
649 3136 850 3191 Sentio
901 3150 995 3188 me
1053 3136 1320 3188 coactum
1379 3147 1504 3186 esse
1545 3131 1669 3202 jam
1720 3131 1792 3185 ad
1823 3130 2040 3202 scripta

392 3225 727 3282 testimonia
759 3222 1050 3278 accedere.
1104 3223 1370 3276 Attamen
1428 3219 1525 3275 hic
1569 3219 1742 3274 etiam
1784 3217 1892 3273 hac
1918 3218 2040 3274 dis-

390 3313 691 3386 putatione
750 3311 1035 3382 absoluta,
1086 3309 1323 3365 initium
1367 3308 1526 3364 aliud
1585 3309 1720 3364 inde
1773 3309 2035 3377 faciens;

388 3401 854 3460 testimoniorum
907 3401 1010 3457 tali
1053 3404 1223 3473 pacto
1280 3400 1638 3454 mentionem
1689 3399 1898 3454 faciam
1958 3405 2038 3454 at-

386 3510 500 3566 que
530 3490 1042 3548 demonstrationis
1093 3506 1160 3545 ex
1214 3489 1444 3544 Patrum
1478 3489 1774 3560 :doctrinis
1813 3488 2033 3543 deduc-

387 3590 481 3640 tae.
540 3583 685 3638 Nam
735 3582 808 3637 ad
867 3577 2034 3650 demonstrationem?supernaturalium

386 3690 580 3730 rerum
601 3671 747 3728 ratio
771 3675 891 3727 arte
909 3674 1245 3742 comparata
1271 3668 1479 3724 debilis
1520 3676 1630 3737 est,
1659 3673 1830 3740 atque
1861 3667 2033 3723 etiam

387 3779 454 3818 ea
487 3779 614 3835 quae
649 3763 890 3818 fortasse
921 3760 1136 3815 directe
1163 3758 1454 3814 concludit
1488 3763 1543 3812 et
1573 3775 1699 3829 quaa
1730 3759 1799 3812 ad
1831 3757 2033 3812 absur-

389 3854 526 3907 dum
562 3851 817 3920 deducit,
851 3866 916 3904 ac
971 3848 1318 3920 simpliciter
1374 3847 1755 3920 syllogismus
1793 3848 2036 3920 quilibet

388 3940 847 4012 atqueinductio
897 3955 966 3994 ex
1023 3937 1382 4009 imaginibus
1426 3942 1483 3992 et
1539 3936 1854 4007 exemplis;
1899 3954 2033 3991 nam

383 4047 561 4102 super
590 4028 1146 4084 demonstrationem
1182 4026 1402 4083 elevata
1450 4035 1605 4095 sunt,
1657 4028 1796 4098 quia
1853 4027 1900 4082 si
1933 4029 2032 4083 de-

387 4119 841 4175 monstrationes
873 4121 1012 4172 sunt
1041 4133 1238 4173 eorum
1284 4133 1412 4187 quae
1460 4116 1737 4187 existunt,
1784 4135 1846 4172 ea
1906 4134 2034 4187 quae

2151 3041 2627 3113 κατάλληλον.....

2224 3137 2389 3191 ΛΑΤ.
2423 3133 2760 3206 Αἷσθάνομαι
2795 3134 2889 3206 μὲν
2923 3130 3032 3202 ἤδη
3064 3135 3202 3210 πρὸς
3224 3132 3320 3195 τὰς
3355 3134 3624 3211 γραφικὰς
3659 3157 3810 3211 μαρ-

2144 3222 2330 3297 τυρίας
2382 3221 2570 3277 ἐλθεῖν
2634 3223 3062 3294 συνωθούμενος⁶
3121 3221 3269 3290 πλὴν
3300 3219 3429 3277 ἀλλ’
3459 3220 3683 3287 ἐνταῦθα
3711 3227 3813 3280 καὶ

2149 3317 2342 3366 τοῦτον
2402 3311 2494 3365 τὸν
2546 3308 2716 3387 λόγον
2769 3308 3128 3386 διαπεράνας,ξ
3157 3311 3336 3384 ἀρχὴν
3379 3312 3562 3385 ἒτὲραν
3611 3311 3800 3368 ἐντεῦ-

2145 3405 2230 3456 θεν
2288 3401 2636 3474 ποιούμενος,
2676 3405 2784 3456 τῶν
2841 3406 3156 3475 μαρτυριῶν
3189 3401 3332 3456 οὕτω
3368 3404 3797 3477 μνησθήσομαι.

2143 3491 2358 3560 καὶτῆς
2399 3489 2457 3544 ἐκ
2499 3495 2608 3546 τῶν
2673 3491 2958 3565 Ηατρικῶν
3016 3487 3370 3564 διδαγμάτων
3429 3500 3796 3562 κατασκευῆς,

2143 3580 2292 3654 Πρὸς
2337 3579 2439 3654 γὰρ
2495 3580 2594 3647 τὴν
2639 3583 2746 3632 τῶν
2782 3578 3067 3653 ὑπερφυῶν
3116 3576 3391 3648 ἀπόδειξιν
3421 3579 3510 3633 καὶ
3544 3580 3572 3633 6
3601 3599 3797 3654 τεχνι-

2141 3669 2236 3730 κὸς
2280 3668 2449 3743 λόγος
2506 3667 2732 3737 ἀσθενής
2762 3666 2872 3722 ἐστι
2913 3668 3002 3721 καὶ
3032 3668 3060 3721 6
3091 3668 3206 3721 κατ’
3241 3669 3448 3722 εὐθεῖαν
3479 3668 3616 3730 ’ἰσως
3655 3670 3794 3725 ουλ-

2144 3758 2521 3832 λογιζὸμενος,
2553 3757 2641 3811 καὶ
2674 3759 2701 3811 ὁ
2733 3757 2955 3832 ἀπάγων
2979 3757 3055 3818 εἱς
3088 3757 3311 3827 ἃτοπον,
3344 3757 3434 3812 καὶ
3467 3757 3655 3820 ἁπλῶς
3685 3765 3801 3824 πᾶς

2142 3848 2533 3923 συλλογισμὸς,
2566 3847 2654 3900 καὶ
2688 3844 2810 3901 ὁδι⁹
2859 3846 3077 3900 εἰκόνιον
3122 3851 3286 3901 τινῶν
3335 3849 3426 3902 καὶ
3500 3846 3801 3922 παραδειγ-

2147 3937 2330 4011 μάτων
2391 3937 2634 4012 ἀμαυρός
2681 3956 2739 3989 τε
2792 3936 2881 3989 καὶ
2940 3933 3199 4009 ἀδρανής⁴
3291 3934 3423 4010 ὒπὲρ
3516 3933 3797 4006 ἀπόδειξιν

2143 4028 2264 4102 γάρ·
2324 4026 2369 4081 εἰ
2416 4027 2520 4102 γὰρ
2579 4031 2683 4080 τῶν
2762 4022 2930 4079 ὄντων
2991 4027 3045 4079 αἱ
3093 4023 3389 4097 ἀποδείξεις
3433 4028 3495 4081 τὸ
3547 4027 3679 4102 ὑπὲρ
3728 4029 3803 4083 τὰ

2148 4112 2278 4171 ὅντα
2300 4116 2514 4178 πάντως
2546 4114 2654 4170 ἐστὶ
2686 4115 2773 4169 καὶ
2808 4115 2940 4189 ὑπὲρ
2972 4112 3262 4186 ἀπόδειξιν,

383 4213 522 4266 sunt
551 4225 722 4281 super
753 4206 1110 4277 exsistentia,
1121 4223 1360 4278 prorsus
1389 4207 1562 4262 etiam
1595 4223 1771 4277 super
1800 4207 2358 4263 demonstrationem
2391 4208 2608 4263 elevata
2638 4213 2794 4262 sunt.

1632 4535 2035 4633 ΛΟΓΟΣ
2119 4536 2524 4634 ΕΚΤΟΣ

1481 4859 2115 4956 DIALOGUS
2174 4860 2695 4957 SEXTUS-

448 5153 561 5210 GB.
588 5152 715 5208 Haec
738 5167 844 5220 ego
877 5165 1112 5222 quoque
1145 5149 1268 5220 ipse
1303 5149 1453 5205 dico.
1487 5148 1698 5206 Verum
1736 5149 1861 5220 jam
1899 5157 2036 5204 lem-

2225 5149 2329 5204 ΓΡ.
2357 5149 2532 5203 Ταῦτα
2555 5144 2620 5218 δή
2655 5169 2800 5225 φημι
2826 5151 2914 5205 καὶ
2948 5150 3110 5213 αὐτός
3147 5155 3280 5225 (60).
3317 5151 3495 5208 Ἀλλᾶ
3537 5154 3683 5216 τίνες
3739 5152 3804 5208 ἄν

380 5260 488 5313 pus
511 5247 598 5298 est
629 5242 880 5306 edicere,
912 5255 945 5295 ο
977 5238 1204 5305 Latine,
1237 5254 1509 5309 quaenam
1559 5239 1669 5294 sint
1706 5238 2036 5295 testimonia

2160 5239 2278 5308 εἶεν,
2333 5238 2404 5292 ὧν
2450 5242 2664 5309 Λατῖνε,
2723 5239 2813 5292 καὶ
2869 5240 2925 5293 αἱ
2977 5241 3272 5316 μαρτυρίαι
3314 5242 3367 5296 αἱ
3423 5243 3690 5319 Γραφικαί
3744 5265 3808 5299 τε

384 5342 506 5387 tum
540 5348 605 5386 ex
622 5330 960 5402 Seripturis,
995 5337 1114 5384 tum
1152 5345 1221 5384 ex
1259 5333 1495 5384 Patrum
1535 5329 1790 5401 scriptis,
1825 5329 2040 5401 quibus

453 5456 785 5537 t§§),Votic.
822 5456 858 5509 f.
891 5456 981 5525 32,
1014 5456 1069 5511 b.
1132 5456 1260 5511 init.
1307 5456 1461 5526 apud
1506 5453 1676 5510 Allat.
1723 5455 1793 5510 de
1818 5454 2036 5511 Nicetis

386 5545 443 5600 p-
480 5528 545 5600 13
569 5540 582 5592 ;
602 5528 912 5600 ,ῖράγωσρντ

2153 5329 2243 5382 καὶ
2284 5327 2569 5402 Πατρικαὶ,
2600 5327 2790 5403 καιρὸς
2817 5326 2924 5400 ἢδη
2968 5328 3168 5407 λέγειν,
3230 5329 3300 5385 δι’
3341 5333 3416 5386 ὧν
3481 5330 3540 5387 ἄν
3586 5337 3808 5411 γένοιτο

2216 5454 2328 5537 (69)
2354 5454 2721 5537 Ιάοωνῦυῇιιε
2755 5454 3234 5537 dialogininitium.
3285 5460 3461 5537 etiam
3510 5461 3662 5537 apud
3699 5464 3811 5520 Fa-

2147 5525 2393 5604 bricium
2429 5525 2722 5604 indicatur
2778 5525 2944 5604 131:0]:
2969 5528 3083 5600 Gr.,
3147 5528 3261 5586 vol.
3306 5530 3408 5601 VI,
3457 5549 3513 5604 p.
3547 5525 3673 5604 3£34,
3701 5539 3801 5597 ed.

457 5599 571 5672 (59)
601 5596 786 5672 Vntic.
814 5599 858 5672 At‘.
892 5598 980 5659 33,
999 5613 1069 5672 ια..
1093 5597 1246 5672 med.
1280 5596 1804 5672 Notafmarginalis
1836 5613 1849 5651 :
1910 5596 2040 5672 Περὶ
2148 5603 2255 5652 vet.
2290 5601 2346 5653 et
2377 5601 2518 5652 tom.
2551 5597 2672 5666 VII,
2706 5615 2758 5669 p.
2791 5600 2917 5653 756.

385 5665 481 5725 τοῦ
511 5665 896 5743 ἐκπορεύεσθαι
924 5665 1015 5721 καὶ
1047 5665 1268 5739 ὁσαχῶς
1296 5666 1531 5740 ε’ἰρηται.
