4034 6202
227 356 337 415 217

1205 348 1307 408 DE
1349 345 1889 410 PROCESSIONE
1933 348 2293 412 SPIRITUS
2338 351 2640 412 SANCTI.

3509 345 3627 407 2|8

228 483 389 555 δῆλον
417 482 495 538 ὅτι
530 484 606 556 μὴ
651 478 899 536 ἐναντίον
957 484 1077 541 τοῖς
1133 483 1241 535 τῶν
1301 479 1626 535 ἀποστόλων
1685 476 1850 556 διδάγ

1978 481 2215 540 evidens
2247 483 2366 555 fiat,
2425 501 2540 541 non
2605 499 2735 540 esse
2799 481 3157 539 contrarium
3217 479 3619 554 apostolorum

232 595 350 648 μασι
419 573 505 626 καὶ
579 575 703 632 ταῖς
781 573 1080 644 [ἰατρικαῖς
1153 566 1480 641 παραδόσεσι
1564 568 1654 623 καὶ
1744 575 1861 633 τοῖς

228 665 410 718 ἄνωθεν
454 660 940 730 ἒκκλησιαστικοῖς
997 659 1083 713 καὶ
1146 655 1460 732 ὀρθοδόξοις
1521 654 1751 732 δόγμασι
1797 658 1860 713 τὸ

228 751 385 825 λέγειν
436 751 500 804 τὸ
562 754 783 822 Πνεῦμα
839 749 930 803 καὶ
990 746 1050 803 ἐκ
1105 747 1202 802 τοῦ
1263 747 1390 800 Υ·ἱοῦ
1455 744 1857 820 ἐκπορεύεσθαι.

222 840 524 911 Θαυμαστὸν
552 839 655 914 γὰρ
687 839 778 892 καὶ
809 838 956 912 παρὰ
980 838 1078 907 τὴν
1111 834 1264 906 δόξαν
1295 838 1455 909 ἡμῖν·

1972 573 2255 630 doctrinis
2287 579 2344 630 et
2372 580 2709 631 sanctorum
2744 575 2974 629 Patrum
2997 572 3414 628 traditionibus
3446 575 3621 643 atque

1969 661 2382 720 ecclesiasticis
2412 669 2472 720 et
2499 663 2839 720 orthodoxis
2870 663 2940 718 ab
2955 663 3197 733 antiquo
3220 661 3616 733 dogmatibus,

1971 753 2162 809 dicere
2189 755 2472 825 Spiritum
2506 763 2774 811 sanctum
2806 755 2983 810 etiam
3011 768 3078 808 ex
3112 752 3253 806 Filio
3286 752 3618 823 procedere.

1972 840 2178 897 Mirum
2211 845 2367 900 enim
2399 853 2456 899 et
2487 849 2691 914 praeter
2719 844 3054 916 opinionem
3086 842 3143 896 id
3175 839 3344 897 nobis
3375 845 3484 898 est.

283 931 488 1005 Deinde
513 931 757 1005 Latinus
791 928 980 1005 multa
1011 928 1232 1005 profert
1256 944 1356 999 pro
1388 943 1500 1005 sua
1527 926 1820 1005 ententia
1853 928 2211 1005 testimonia,
2245 949 2425 1005 eaque
2458 934 2803 1005 plerumque
2833 932 3066 989 aliunde
3117 939 3251 986 nota
3288 930 3613 1005 et‘usitata.

217 1003 406 1078 Postea
435 1002 678 1078 Graecus
706 1001 790 1056 ita
817 1001 934 1072 (61)
967 998 1337 1072 prosequitur
1366 998 1727 1055 additionem
1758 998 1818 1053 in
1852 999 2132 1072 Symbolo
2163 998 2392 1061 tantum
2427 998 2598 1062 modo
2630 998 2970 1078 reprobans,
3021 1020 3139 1060 non
3183 1001 3436 1074 amplius
3479 1003 3613 1056 doc-

219 1074 414 1129 trinam
448 1074 668 1145 ipsam.

277 1165 372 1222 PP.
409 1160 626 1220 Οὐκοῦν
686 1160 777 1216 καὶ
829 1158 986 1214 αὐτοὶ
1033 1161 1095 1216 τὸ
1141 1157 1231 1214 καὶ
1289 1156 1352 1214 ἐκ
1398 1163 1496 1214 τοῦ
1555 1159 1682 1213 Υἱοῦ
1740 1180 1854 1239 φω-

212 1255 412 1312 νοῧντες
443 1250 499 1306 ἐν
550 1255 634 1322 τῷ
674 1245 944 1323 συμϐόλῳ
1005 1251 1140 1322 ἡμῖν
1189 1269 1247 1304 τε
1294 1245 1700 1327 ἒναντιόφρονες
1748 1253 1857 1324 (62)

215 1341 291 1394 καὶ
315 1341 676 1418 ἀσυμφώνως
707 1335 930 1414 ἔχοντες
966 1340 1021 1401 ἒς
1052 1338 1131 1393 ἀεὶ
1173 1341 1283 1413 (63)
1331 1339 1418 1393 καὶ
1476 1336 1736 1395 οὐδέποτε
1785 1340 1862 1404 εἷς

211 1429 364 1484 ταύτὰ
448 1427 731 1493 συνελθεῖν
810 1427 1172 1499 δυνηθήσεσθε
1247 1429 1360 1502 (64)
1433 1429 1523 1482 καὶ
1584 1434 1665 1501 τῷ
1705 1435 1856 1508 σοφῷ

2035 1164 2150 1221 GR.
2188 1166 2478 1242 Igitnr(b)
2534 1167 2875 1239 vosmetipsi
2935 1165 3078 1221 illud
3135 1165 3309 1222 etiam
3359 1179 3429 1220 ex
3467 1161 3614 1219 Filio

1967 1257 2414 1326 pronuntiantes
2443 1257 2502 1312 in
2533 1257 2798 1330 symbolo
2831 1274 2865 1312 a
2895 1256 3063 1312 nobis
3099 1254 3454 1320 discordare,
3486 1269 3616 1309 ves-

1967 1344 2192 1416 trisque
2222 1345 2432 1402 studiis
2488 1364 2521 1402 a
2578 1347 2796 1402 nostris
2847 1346 3062 1401 distare
3118 1343 3395 1400 videmini
3437 1347 3613 1415 atque

1970 1450 2272 1506 nunquam
2306 1436 2363 1490 in
2421 1436 2578 1492 idem
2638 1435 2946 1491 convenire
3003 1435 3308 1490 nobiscum
3351 1432 3614 1505 poteritis

213 1520 422 1594 Ἰωάννῃ
492 1519 848 1590 ἀντικείμενα
940 1519 1298 1596 φθεγγόμενοι
1388 1517 1619 1573 πάντοτε
1701 1540 1850 1594 νομι-

1971 1523 2335 1595 sapientique
2364 1525 2573 1580 Joanni
2601 1524 2892 1580 contraria
2913 1523 3101 1578 dicere
3134 1539 3367 1594 semper
3388 1526 3616 1593 reputa-

213 1609 439 1678 σθείητε.
469 1608 538 1664 Εἰ
591 1607 699 1684 γὰρ
743 1610 823 1669 εἷς
874 1607 1056 1678 οὗτος,
1106 1605 1253 1661 ἀλλὰ
1309 1607 1402 1661 καὶ
1443 1607 1725 1681 Κυρίλλου
1773 1611 1865 1664 καὶ

205 1697 532 1752 Ἀθανασίου
565 1698 656 1750 καὶ
688 1700 798 1751 τῶν
829 1695 1018 1751 ἄλλων
1053 1696 1302 1768 Πατέρων
1352 1695 1441 1750 καὶ
1496 1697 1602 1770 πρὸ
1651 1699 1861 1753 τούτων

199 1787 432 1860 Χριστοῦ
497 1787 772 1859 μαθητής.
825 1785 972 1860 Πρὸς
1030 1783 1245 1847 τούτοις
1307 1781 1364 1839 δὲ
1419 1784 1512 1840 καὶ
1571 1784 1703 1861 ὅπερ
1768 1787 1867 1842 οὐκ

203 1877 336 1930 εἷπον
371 1875 435 1931 ἐν
467 1880 553 1947 τῷ
607 1869 877 1948 συμϐόλῳ
936 1875 986 1929 οἱ
1036 1875 1244 1950 Ἅγιοι,
1293 1877 1454 1930 τοῦτο
1505 1875 1866 1953 ἐκφωνοῦντες

206 1967 351 2036 ὑμεῖς
384 1965 457 2020 οὐ
489 1970 613 2026 τοῖς
656 1968 820 2018 πᾶσιν
865 1960 1080 2026 ἕπεσθαι
1143 1966 1277 2037 (65),
1325 1961 1454 2020 ἄλλ’
1512 1964 1860 2042 ἐτεροφωνεῖν

201 2056 410 2114 παντως
475 2051 914 2130 ὗποληφθείητεο
972 2053 1147 2126 χρεὼν
1223 2052 1330 2128 γὰρ
1385 2053 1462 2125 μή
1516 2054 1680 2124 μόνον
1728 2055 1864 2109 κατὰ

200 2147 254 2199 τὰ
308 2144 575 2219 δόγματα
627 2143 718 2197 καὶ
778 2144 845 2196 τὰ
900 2144 1175 2214 νοήματα,
1234 2142 1381 2198 ἀλλὰ
1431 2145 1548 2198 κατ’
1606 2144 1742 2199 αὐτὰ
1796 2146 1861 2200 τὰ

203 2234 424 2308 ῥήματα
485 2233 784 2313 φυλάττειν
827 2233 1266 2305 ἀκαινοτόμητον
1313 2233 1402 2288 καὶ
1451 2232 1860 2310 ἀπαρεγχείρη-

201 2345 278 2378 τον
310 2327 420 2393 τήν
455 2330 560 2392 τῆς
611 2322 847 2384 πίσνεως
898 2317 1124 2381 ἔκθεσιν,
1182 2324 1322 2396 Ὃρα
1379 2320 1493 2391 οὖν,
1555 2322 1718 2377 πόσαι
1766 2345 1860 2401 γε-

203 2415 381 2487 γόνασι
416 2409 646 2466 σύνόδοι
683 2410 817 2484 μετὰ
843 2411 944 2479 τήν
999 2415 1096 2464 τοῦ
1145 2405 1429 2485 συμϐόλου
1482 2418 1583 2480 τῆς
1627 2411 1862 2474 πίστεως

206 2499 410 2556 ἔκθεσιν
492 2502 639 2574 (66),
716 2499 806 2553 καὶ
883 2499 1045 2553 πόσαι
1121 2495 1454 2573 ἀμφιϐολία(
1533 2497 1860 2578 δογματικαί

195 2589 548 2660 ἐκινήθησαν
611 2586 740 2643 ἀλλ’
799 2584 1028 2660 οὐδεμία
1077 2584 1306 2649 σύνοδος
1369 2588 1505 2660 μετά
1582 2590 1680 2657 τήν
1739 2589 1858 2645 δευ-

199 2683 348 2753 τέραν
383 2676 644 2750 σύνοδον,
679 2677 802 2747 ἣτις
852 2678 952 2746 τήν
991 2681 1089 2732 τοῦ
1134 2678 1293 2755 ἁγίου
1342 2678 1652 2752 ΙΙνεύματος
1701 2677 1855 2750 δόξαν

204 2769 524 2843 ἐτρᾶνωσεν,
577 2764 712 2821 οὐδὲ
767 2764 819 2821 ἒν
871 2772 1023 2841 ρῆμα
1069 2761 1191 2821 οὔτε
1237 2764 1456 2843 ἀφεῖλεν
1513 2768 1638 2822 οὗτε
1689 2789 1857 2843 προσ-

1975 1612 2202 1668 bimini.
2235 1613 2392 1669 Licet
2412 1613 2568 1669 enim
2602 1614 2694 1668 hic
2727 1630 2880 1668 unus
2913 1611 3010 1679 sit,
3041 1616 3297 1667 attamen
3331 1614 3387 1666 et
3417 1609 3612 1682 Cyrilli

1971 1705 2026 1756 et
2055 1703 2357 1758 Athanasii
2387 1709 2444 1759 et
2488 1703 2736 1759 aliorum
2801 1704 3063 1770 Patrum,
3121 1706 3178 1756 et
3230 1705 3363 1756 ante
3419 1701 3615 1756 Patres

1969 1789 2180 1847 Christi
2209 1791 2536 1865 discipulus
2566 1797 2672 1848 est.
2733 1791 2894 1847 Adde
2953 1791 3008 1845 id
3053 1791 3206 1864 quod
3239 1809 3271 1845 a
3303 1790 3522 1846 sanctis
3554 1789 3612 1844 in

1969 1881 2234 1952 symbolo
2260 1897 2373 1936 non
2398 1885 2488 1936 est
2519 1897 2858 1953 expressum
2892 1897 2992 1936 vos
3025 1879 3470 1951 pronuntiantes
3499 1895 3612 1932 non

1968 1983 2067 2024 eos
2099 1986 2300 2025 omnes
2332 1970 2517 2041 sequi,
2553 1969 2653 2025 sed
2687 1969 2876 2024 aliena
2907 1969 2979 2023 ab
3035 1968 3150 2022 illis
3200 1968 3391 2023 dicere
3420 1966 3615 2022 existi-

1968 2057 2296 2113 mabimini.
2329 2059 2476 2114 Nam
2507 2073 2740 2114 necesse
2767 2062 2876 2126 est,
2907 2073 3019 2112 non
3052 2055 3243 2111 solum
3283 2056 3608 2110 secundum

1969 2147 2241 2219 dogmata
2255 2152 2310 2203 et
2329 2147 2776 2215 sententias,sed
2793 2146 3116 2202 secundum
3137 2143 3420 2200 dictiones
3432 2143 3608 2199 etiam

1968 2237 2124 2306 ipsas
2155 2252 2494 2291 conservare
2550 2236 2892 2292 inoffensam
2951 2238 3123 2303 atque
3155 2235 3442 2304 integram
3478 2231 3607 2287 ﬁdei

1966 2325 2410 2396 expositionem.
2471 2325 2609 2382 Vide
2683 2324 2880 2395 igitur,
2940 2326 3082 2395 quot
3139 2321 3345 2394 synodi
3398 2320 3611 2376 habitze

1966 2413 2186 2470 fuerint
2211 2418 2342 2485 post
2372 2413 2703 2486 symbolum
2738 2413 2869 2470 ﬁdei
2903 2413 3232 2485 expositum
3283 2415 3338 2467 et
3367 2415 3508 2482 quot
3537 2409 3608 2465 de

1965 2503 2238 2575 dogmate
2270 2504 2626 2576 quastiones
2655 2504 2966 2575 disputata;
3017 2504 3156 2569 sint,
3189 2503 3287 2556 sed
3350 2500 3510 2556 nulla
3541 2516 3609 2554 ex

1964 2594 2202 2664 synodis
2235 2599 2363 2664 post
2393 2595 2734 2660 secundam,
2767 2609 2893 2663 quae
2918 2593 3262 2646 sententiam
3289 2589 3360 2644 de
3385 2587 3605 2660 Spiritu

1963 2687 2166 2737 sancto
2195 2682 2546 2752 explanavit,
2581 2698 2768 2753 neque
2790 2679 3009 2736 ademit
3040 2695 3227 2750 neque
3260 2677 3488 2732 addidit
3519 2675 3609 2730 vel

1964 2787 2143 2826 unum
2176 2771 2442 2838 verbum,
2475 2786 2664 2842 neque
2695 2769 3010 2840 quidquam
3038 2785 3107 2824 ex
3156 2769 3248 2833 iis,
3293 2783 3421 2837 quas
3473 2765 3610 2820 deti-

199 2859 376 2930 έθηκεν
413 2857 542 2914 οὔτε
571 2879 624 2913 τι
655 2861 768 2912 τῶν
799 2857 1125 2953 ὁρισθὲντων
1182 2855 1517 2926 ἡλλοίωσεν,
1569 2856 1715 2912 ἀλλὰ
1765 2860 1850 2914 καὶ

1971 2861 2094 2916 nita
2124 2865 2310 2926 erant,
2345 2860 2696 2925 immutavit,
2730 2873 2918 2914 verum
2972 2857 3284 2911 dubiorum
3335 2854 3610 2926 pleraque

200 2952 242 3002 si
275 2948 508 3011 πλείους
538 2951 649 3002 τῶν
683 2941 1035 3023 ἀμφιϐολιῶν
1069 2945 1128 2999 ἐκ
1166 2950 1272 3000 τῶν
1321 2946 1583 3020 ῥημάτων
1637 2945 1853 3021 μᾶλλον

196 3042 294 3091 τοῦ
327 3037 491 3111 ἆγίου
535 3030 826 3108 συμϐόλου
886 3033 1226 3104 ειελύθησαν,
1267 3034 1357 3088 καὶ
1389 3037 1423 3104 ἡ
1453 3034 1661 3090 τούτων
1715 3037 1852 3111 ὁμο-

194 3124 347 3202 λογία
387 3130 572 3181 πᾶσαν
624 3124 863 3197 ὑποψίαν
918 3122 1006 3178 καὶ
1067 3117 1401 3202 ἀμφιϐολίαν
1448 3119 1715 3194 ἐξέϐαλεν·
1766 3126 1854 3180 καὶ

197 3218 256 3271 τὸ
286 3214 475 3277 illum;
511 3214 604 3270 καὶ
636 3212 826 3275 ἄλλως
855 3215 983 3287 παρ’
1007 3211 1204 3276 ἄλλοις
1230 3213 1320 3268 καὶ
1339 3211 1536 3276 ἄλλοις
1558 3213 1850 3288 νοούμενον

200 3305 258 3360 ἐκ
286 3311 390 3360 τῶν
426 3303 482 3360 ἐν
521 3308 604 3376 τῷ
638 3297 910 3376 συμϐόλῳ
961 3300 1140 3378 ῥητῶν
1191 3303 1546 3378 καινοτομίαν
1596 3302 1852 3377 οὐδεμίαν

199 3395 467 3464 ἐπείησεν·
504 3391 654 3448 ἀλλά
697 3391 788 3446 καὶ
819 3393 855 3460 ἠ
887 3390 1084 3468 γνησία
1130 3395 1226 3446 τοῦ
1278 3387 1594 3469 ἀμφιϐόλου
1641 3393 1853 3448 νιάνοια

199 3482 265 3539 δι’
317 3483 521 3559 ἑτέρων
577 3480 836 3537 ἐκθέσεων
891 3480 980 3536 καὶ
1040 3483 1250 3556 ὁισμῶν
1322 3479 1708 3556 παραδέδοται,
1764 3481 1852 3537 καὶ

200 3576 413 3642 ﬂuvido:
443 3567 775 3642 ἀπόϐλητος
826 3572 1072 3648 γέγονεν·
1121 3571 1295 3633 οὕτως
1348 3569 1435 3626 ἐπὶ
1485 3578 1587 3641 τῆς
1638 3571 1848 3646 τρίτης,

205 3665 365 3724 οῧτως
392 3661 484 3717 ἐπὶ
547 3668 650 3730 τῆς
708 3663 993 3732 τετάρτης,
1048 3660 1220 3724 οὕτως
1279 3660 1367 3716 ἐπὶ
1421 3666 1530 3717 τῶν
1587 3663 1728 3733 ἑξῆς·
1786 3663 1848 3716 τὸ

205 3750 257 3806 δὲ
283 3752 433 3827 ἃγιον
468 3745 762 3824 σύμϐολον
790 3757 892 3820 τῆς
923 3751 1231 3825 θρησκείας,
1284 3751 1359 3814 ὡς
1406 3749 1457 3822 ἐξ
1507 3751 1689 3826 ἀρχῆς
1737 3750 1848 3822 ἐξε-

203 3843 345 3911 τέθη,
417 3839 835 3915 διατετήρηται.
899 3839 963 3897 Εἰ
1024 3841 1126 3917 γὰρ
1186 3837 1370 3910 δοθείη
1451 3840 1510 3896 ἐκ
1583 3846 1691 3897 τῶν
1741 3863 1849 3896 πα-

205 3935 617 4005 ρεμπιπτουσῶν
648 3925 1002 4009 ἀμφιϐολιῶν
1061 3928 1235 3993 ἄλλας
1289 3930 1378 3985 καὶ
1445 3928 1622 3994 ἄλλας
1678 3952 1844 4009 προσ-

207 4022 360 4089 θήκας
416 4025 600 4074 ποιεῖν
663 4019 754 4073 καὶ
800 4016 1106 4097 ἀφαιρέσεις
1137 4017 1449 4093 ἣάμείψεις
1507 4023 1684 4087 τινών,
1746 4019 1848 4074 Λά-

213 4110 382 4180 οοεμεν
412 4112 475 4164 ἂν
504 4110 628 4163 κατ’
660 4107 853 4184 ὀλίγον
879 4107 1002 4180 ὅρια
1051 4106 1305 4181 Πατὲρων
1350 4107 1843 4183 παρασαλεύοντες.

207 4198 340 4254 Ἐπεὶ
385 4199 474 4253 καὶ
534 4196 622 4252 ἐπ’
677 4199 782 4266 (67)
822 4194 998 4250 αὐτῶν
1047 4200 1156 4250 τῶν
1202 4194 1372 4271 ἁγίων
1434 4198 1686 4273 Πατὲρων
1740 4202 1846 4252 τῶν

210 4289 579 4360 ποιησαμένων
637 4287 736 4354 τήν
790 4279 995 4341 ἔκθεσιν
1051 4283 1260 4342 πολλαὶ
1317 4281 1648 4365 ἀμφιϐολίαι
1707 4285 1841 4359 μετὰ

204 4380 351 4432 tari-.1
388 4376 516 4452 περῖ
573 4379 673 4432 τοῦ
721 4374 1021 4448 ὁμοουσίου
1070 4376 1369 4449 γεγόνασιν,
1419 4375 1553 4450 ’ὀπερ
1603 4375 1701 4449 μία
1749 4378 1846 4430 τοῦ

270 4505 366 4574 (64)
398 4508 520 4560 Ηοο
551 4504 949 4574 fragmentum
981 4501 1149 4557 affert
1176 4500 1424 4557 Allatius
1455 4505 1657 4574 contra
1704 4502 1840 4574 Hot-

211 4572 394 4648 tinger,
424 4593 482 4648 p.
519 4574 650 4638 467,
684 4573 808 4648 469.
834 4572 951 4628 Nos
978 4574 1102 4642 ejus
1130 4577 1354 4648 textum
1385 4589 1452 4630 ex
1494 4573 1840 4648 Vatic._cod.

211 4593 394 4648 unger,
468 4616 482 4630 .
519 4593 650 4638 401,
684 4593 808 4627 ιιον.
834 4593 951 4628 1‘08
978 4593 1102 4642 6’08
1130 4593 1354 4628 ternum
1385 4593 1452 4630 ex
1505 4593 1681 4629 ναιιο.
1714 4593 1840 4628 εοα.

210 4646 292 4728 fol.
321 4648 405 4713 ﬂ,
528 4645 897 4728 correximus
924 4649 981 4728 et
1009 4660 1076 4728 ea
1105 4660 1236 4716 qum
1264 4644 1393 4718 ipse
1439 4644 1662 4716 omisit,
1692 4644 1843 4700 inse-

210 4719 430 4785 rnimns,
463 4721 644 4791 prout
671 4716 854 4791 codex
883 4714 1076 4791 habet.

259 4791 366 4874 (62)
397 4783 482 4847 1ιεὶ
513 4792 652 4845 Vat.
681 4787 855 4844 Aliat.
882 4801 952 4844 ex
981 4786 1092 4844 alio
1141 4789 1269 4844 cod.
1321 4786 1390 4842 τὰ
1445 4783 1658 4843 ἐναντία
1705 4804 1844 4866 φρο-

209 4879 391 4922 νουντες
401 4903 414 4917 .

265 4990 330 5058 (ὁ)
361 4986 561 5044 Versio
588 4984 792 5058 Allatii
839 4989 1042 5040 contra
1092 4984 1396 5058 Hottinger
1457 5002 1513 5058 p.
1573 4986 1678 5040 470
1718 5001 1836 5057 seq.

210 5057 286 5114 hic
312 5057 579 5116 nonnihil
612 5057 1050 5129 immutatamet
1099 5073 1141 5129 7a
1188 5057 1418 5112 mendis
1457 5057 1699 5129 purgata
1729 5063 1840 5126 est,

209 5132 339 5186 sicut
365 5138 420 5188 et
449 5133 522 5187 iis
553 5137 749 5195 aucta,
782 5144 904 5202 qua?
928 5126 1048 5184 illic
1079 5128 1311 5202 desunt.
1344 5126 1474 5186 Hinc
1514 5126 1841 5202 fragmenta

207 5203 434 5272 plurima
464 5219 531 5258 ex
565 5203 642 5259 iis
680 5201 1003 5272 praecedere
1029 5200 1315 5269 existimo,
1339 5218 1467 5272 qua:
1498 5200 1646 5273 apud
1679 5200 1840 5256 Nice-

212 5276 430 5354 phorum
465 5273 1060 5354 Blemmidamz‘orat.
1095 5273 1238 5354 tun.
1273 5274 1318 5354 _6
1356 5274 1471 5354 (Gr:
1514 5273 1678 5342 orth.)
1789 5273 1834 5338 Ι,

211 5362 257 5414 p.
281 5348 330 5413 6,
354 5351 406 5412 7,
431 5347 828 5402 adducuntur.
868 5343 991 5398 Huc
1040 5343 1287 5414 pertinet
1335 5349 1392 5400 et
1440 5344 1832 5414 fragmentum

210 5418 269 5471 ab
295 5417 492 5474 Allatio
524 5417 847 5472 adductum
882 5415 942 5470 in
973 5414 1256 5470 Vindiciis
1279 5415 1483 5486 synodi
1509 5416 1830 5486 Ephesium,

209 5504 314 5558 cap.
344 5492 427 5553 74,
461 5508 516 5562 p.
576 5488 711 5554 619,
759 5487 924 5562 62οε
984 5487 1361 5562 Nihilominus
1417 5489 1588 5562 multa
1625 5488 1832 5562 plures

205 5563 356 5630 aurigis
383 5559 538 5630 ﬁdem
557 5561 766 5617 mereri
799 5575 967 5632 quam
1003 5575 1177 5632 unum
1215 5559 1421 5614 dixerit
1450 5559 1746 5630 quispiam,
1782 5566 1835 5615 et

205 5637 302 5687 tam
319 5631 818 5703 potissimum,cuni
832 5632 939 5686 uni
958 5633 1020 5686 in
1042 5631 1204 5687 laude
1230 5641 1490 5702 pana-tur,
1511 5632 1635 5688 illo:
1653 5632 1829 5701 sequi,

206 5705 418 5778 illosque
435 5707 630 5765 Patre:
647 5702 780 5764 suos
797 5707 850 5762 et
879 5703 1126 5762 doctores
1165 5703 1356 5776 fateri.
1385 5703 1515 5773 Quis
1541 5702 1694 5762 enim
1720 5718 1830 5761 non

1967 2965 2033 3005 ex
2061 2949 2249 3020 ipsius
2281 2948 2530 3020 symboli
2559 2947 2750 3002 verbis
2803 2945 2994 3018 potius
3051 2944 3334 3000 dissoluta
3383 2947 3519 2999 sunt
3557 2947 3614 2998 et

1962 3053 2163 3094 eorum
2197 3038 2484 3094 confessio
2515 3037 2911 3108 suspicionem
2970 3050 3204 3090 omnem
3253 3037 3311 3089 et
3364 3033 3608 3089 dubium

1960 3128 2246 3198 omne,uti
2269 3143 2374 3198 par
2395 3131 2538 3192 erat,
2558 3125 2759 3199 procul
2783 3125 3100 3192 amovit;et
3130 3124 3264 3179 licet
3293 3123 3403 3178 alio
3436 3128 3611 3194 atque

1962 3218 2075 3274 alio
2107 3217 2278 3274 modo
2307 3217 2380 3272 ab
2413 3216 2544 3273 aliis
2567 3221 2745 3288 atque
2793 3215 2925 3270 aliis
2981 3213 3423 3285 intelligeretur,
3453 3213 3610 3268 dicta

1960 3312 2152 3364 tamen
2187 3304 2435 3376 symboli
2468 3304 2627 3360 nullo
2661 3305 2832 3360 modo
2855 3303 3163 3359 immutata
3191 3310 3331 3359 sunt
3361 3318 3375 3368 ;
3405 3317 3605 3357 verum

1959 3412 2236 3467 germana
2265 3395 2426 3450 dubii
2461 3394 2752 3450 sententia
2791 3408 2893 3465 per
2941 3392 3084 3448 alias
3134 3392 3524 3465 expositiones
3553 3397 3610 3447 et

1959 3485 2329 3542 deﬁnitiones
2387 3482 2686 3556 publicata
2731 3487 2839 3548 est,
2871 3486 2929 3538 et
2985 3480 3190 3554 spuria
3245 3482 3478 3553 rejects.
3513 3481 3607 3535 Sic

1957 3579 2154 3631 actum
2181 3578 2238 3630 et
2265 3574 2325 3630 in
2357 3572 2526 3629 tertia
2582 3571 2828 3644 synodo,
2887 3571 2970 3626 sic
3027 3571 3086 3625 in
3138 3574 3367 3641 quarta,
3417 3568 3502 3626 sic
3543 3569 3605 3623 in

1956 3663 2236 3735 reliquis;
2267 3661 2600 3736 symbolum
2634 3677 2766 3716 vero
2799 3658 3101 3730 religionis
3151 3661 3443 3724 sanctum,
3476 3660 3540 3711 ut
3570 3673 3604 3711 a

1955 3752 2244 3824 principio
2263 3750 2548 3807 traditum
2572 3751 2876 3813 fuerat,est
2902 3744 3603 3816 conservatum.Namque

1955 3841 2005 3898 si
2027 3841 2380 3896 concedatur
2397 3839 2470 3894 ob
2496 3837 2890 3894 dubitationes
2911 3835 3234 3890 exorientes
3256 3832 3401 3888 alias
3423 3837 3600 3905 atque

1955 3929 2100 3986 alias
2129 3929 2464 3984 additioncs
2518 3926 2706 3981 facere
2764 3929 2864 3980 aut
2920 3923 3321 3994 ademptiones
3363 3925 3462 3977 aut
3492 3921 3598 3977 ali-

1957 4034 2209 4091 quorum
2243 4014 2624 4080 mutationes,
2648 4013 2811 4086 quasi
2841 4012 3125 4085 inopinati
3173 4010 3453 4084 paulatim
3496 4015 3603 4065 Pa-

1953 4113 2110 4163 trum
2143 4105 2422 4162 terminos
2454 4103 2972 4176 transgrediemur.
2996 4103 3141 4158 Cum
3173 4101 3362 4157 adhuc
3392 4099 3601 4157 iisdem

1955 4197 2248 4264 Patribus,
2280 4194 2381 4267 qui
2412 4193 2545 4250 ﬁdei
2575 4192 2990 4265 expositionem
3051 4190 3356 4247 ediderunt
3399 4206 3602 4261 super-

1881 4255 1924 4316 D
1955 4255 2434 4356 stitibus,'m.ulta
2459 4255 2830 4356 postmodum
2865 4282 2936 4337 de
2966 4280 3274 4338 bomousio
3314 4295 3442 4350 quas
3474 4255 3602 4336 nna

1958 4375 2362 4432 tantummodo
2385 4371 2637 4444 symboli
2653 4371 2830 4428 dictio
2851 4374 2959 4442 est,
2985 4369 3161 4426 dubia
3175 4372 3372 4426 essent
3403 4373 3603 4425 exorta

2026 4501 2140 4569 (63)
2169 4498 2341 4556 Allat.
2371 4494 2600 4569 τῇσταεί,

2022 4565 2135 4640 (64)
2168 4571 2322 4626 Allat
2353 4587 2367 4626 :
2402 4565 2814 4639 δυνηθήσεσθαι.

2025 4634 2138 4716 (65)
2169 4642 2461 4716 Vat._pod.
2494 4634 2559 4695 οὑ
2591 4634 2727 4700 τοῖς.
2775 4641 2934 4693 πᾶσιν
2967 4634 3206 4695 ἔπεσθαι.
3267 4638 3446 4696 Allat.
3505 4637 3604 4694 αὑ-

1945 4707 2089 4774 τοῖς·
2121 4707 2283 4767 ίπᾶσιν
2312 4707 2519 4770 ἕπεσθε.

2023 4786 2136 4858 (66)
2169 4785 2357 4842 Verba
2376 4784 2530 4858 "Ops
2551 4799 2741 4858 usque
2758 4783 2834 4858 ad
2854 4775 3060 4836 ἔκθεσιν
3081 4782 3278 4839 omisit
3320 4780 3598 4839 Allatius.

2020 4858 2229 4930 (67)Ita
2259 4858 2410 4924 cod.,

1947 4985 2125 5053 novit,
2156 4985 2553 5041 Damascenum
2582 4985 2633 5038 et
2657 4983 2866 5038 Basilii
2892 4985 2946 5038 et
2965 4981 3224 5050 Gregorii
3239 4984 3287 5036 et
3309 4979 3603 5034 Athanasii

1948 5065 2005 5112 et
2037 5056 2239 5128 Cyrilli
2267 5055 2590 5112 etaliorum
2646 5059 2876 5110 Patrum
2932 5053 3264 5124 discipulum
3317 5065 3433 5106 esse
3482 5065 3599 5105 sese

1947 5134 2226 5185 ostentare
2254 5131 2279 5180 γ

2019 5199 2207 5254 Καίτοι
2265 5193 2742 5267 ἀξιοπιστοτέρλους
2795 5195 2938 5267 Δεἶναι
2991 5192 3122 5267 ,τοὺς
3178 5189 3405 5267 πλείους
3463 5188 3596 5267 iram-

1946 5272 2105 5343 φήσει
2144 5290 2227 5331 τις
2256 5260 2354 5323 τοῦ
2386 5265 2524 5343 ἑνὸς,
2569 5260 2657 5343 καὶ
2714 5263 2938 5343 μειλλον⁸
2983 5264 3064 5318 ὅτι
3111 5260 3311 5343 νῷῃένί
3350 5262 3414 5343 to
3468 5263 3597 5315 Θαυ-

1949 5332 2208 5412 μάζεσοαι
2259 5339 2317 5412 ἐκ
2375 5340 2471 5412 τοξύ
2509 5332 2732 5412 ἐκείνοις
2783 5337 3004 5412 ἒπεσραι
3063 5332 3342 5398 κάκείνους
3382 5334 3598 5412 ⁵ἑαυτοῦ

1943 5404 2176 5486 ποετ-ερας
2233 5410 2318 5486 ita}.
2382 5404 2757 5486 ataaczdkoue
2802 5405 3119 5486 ὁμολογεῖν.
3181 5409 3277 5486 Tir,
3337 5406 3438 5482 γὰρ
3498 5407 3598 5486 οὐκ

1942 5476 2090 5537 οἶδεν¹
2119 5482 2192 5542 ὡς
2226 5482 2253 5534 ὁ
2285 5477 2761 5554 ᾼαμασαηνὸςιξιαὶ
2808 5476 3233 5554 Βασιλε⁷ίουᾘ>ιαὶ
3283 5476 3591 5554 Γρηγορίου

1939 5555 2028 5609 καὶ
2064 5550 2488 5629 ’Λίλανασίσυααὶ
2525 5548 2806 5629 ξίισρίλιλου
2836 5549 2926 5604 καὶ
2953 5555 3060 5606 τῶν
3091 5548 3278 5608 ἂλλων
3328 5548 3590 5629 Πατξρων

1943 5626 2192 5700 μαθητὴς
2224 5624 2355 5678 εἶναι
2387 5619 2860 5698 ἐγκαλλὼπίζεται
2888 5641 2902 5692 ;

2493 4856 2616 4912 llat.
2644 4853 2743 4908 ἀπ’
2774 4853 2896 4910 αὐτ.
