4062 6202
405 343 524 404 219

1123 336 1433 398 NICETE
1472 334 2009 396 MARONIENSIS
2056 336 2156 397 DE
2199 335 2427 398 PROC.
2475 334 2667 396 SPIR.
2714 334 3018 396 SANCTI.

3695 331 3824 394 220

408 479 601 551 (multi
635 477 919 549 siquidem
954 472 1238 530 contraria
1270 471 1537 526 Patribus
1568 471 1883 525 sentientes
1933 469 2057 526 dic-

2168 463 2448 541 συμϐόλου
2480 467 2623 538 λέξις
2683 467 2794 523 ἐστί
2849 465 3080 541 (πολλοὶ
3122 464 3222 540 γὰρ
3281 464 3821 543 ἐναντιοορονοῦντες

405 571 632 624 tionem
662 567 896 638 quidem
929 565 1118 634 ipsam
1184 561 1258 616 ad
1314 560 1721 616 occultandam
1764 559 2056 631 propriam

412 657 774 729 impietatem
808 651 1323 722 amplectebantur,
1354 648 1530 706 aliam
1563 665 1694 704 vero
1750 649 1810 704 in
1851 648 2061 720 seipsis

412 745 761 802 sententiam
794 738 1275 810 abscondebant),
1307 745 1499 793 tamen
1526 737 1723 794 Patres
1751 736 2062 792 noluerunt

409 835 471 888 in
505 831 767 904 symbolo
813 828 1352 884 determinationem
1417 826 1594 882 ullam
1655 827 1889 892 addere,
1931 842 2058 898 quae

402 921 558 990 piam
585 917 931 974 sententiam
953 916 1378 989 explicaretaut
1400 916 1640 986 impiam
1673 916 2057 970 assertionem

400 1007 839 1071 exterminaret,
872 1007 972 1062 sed
1007 1005 1276 1077 privatim
1311 1009 1367 1060 et
1409 1021 1510 1076 per
1539 1021 1602 1060 se
1649 1004 1810 1076 ipsos
1841 1003 2058 1076 singuli

398 1099 469 1153 de
503 1095 759 1152 dictione
790 1098 846 1150 et
871 1095 942 1149 de
967 1093 1128 1148 illius
1179 1091 1516 1164 signiﬁcatu
1573 1092 1948 1149 decertarunt
2003 1096 2060 1148 et

399 1185 821 1258 expositionem
852 1187 1114 1256 apertam
1147 1188 1204 1238 et
1234 1182 1392 1253 piam
1424 1182 1660 1252 scriptis
1691 1181 1817 1238 suis
1849 1181 2054 1237 edide-

402 1279 544 1332 runt
572 1281 626 1330 et
657 1273 1053 1344 publicarunt,
1113 1269 1559 1342 intelligentiam
1620 1270 1778 1326 illius
1838 1275 2055 1326 rectam

402 1365 801 1428 ostendentes,
835 1361 1165 1417 bsereticam
1224 1377 1356 1416 vero
1405 1359 1753 1428 refellentes,
1797 1360 1966 1414 sicuti
1999 1364 2057 1415 et

404 1469 656 1525 magnus
686 1451 1046 1507 Athanasius
1069 1449 1238 1518 fecit;
1274 1449 1628 1505 additionem
1663 1449 1747 1504 vel
1780 1449 2056 1504 dictionis

404 1543 875 1600 immutationem
905 1539 1124 1596 nullam
1148 1540 1617 1610 attentarunt(c).
1651 1540 1848 1594 Patres
1878 1539 2059 1609 igitur

404 1633 464 1688 in
489 1631 752 1704 symbolo
776 1630 921 1684 illud
951 1631 1067 1701 Qui
1093 1645 1164 1684 ex
1195 1634 1360 1684 Patre
1385 1627 1633 1699 procedit
1678 1629 1894 1684 dixisse
1953 1645 2056 1684 nec

408 1720 713 1793 quidpiam
747 1718 1024 1790 amplius,
1057 1719 1114 1773 id
1147 1718 1456 1773 manifeste
1496 1717 1750 1773 clamant
1796 1717 2056 1788 singula-

408 1825 537 1864 rum
560 1808 914 1880 synodorum
939 1807 1195 1862 actiones
1219 1811 1274 1862 et
1291 1806 1566 1878 synodica
1591 1806 1714 1877 ipsa
1741 1805 2056 1873 volumina,

411 1912 621 1967 nempe
650 1913 777 1966 quae
807 1912 1004 1951 earum
1043 1899 1186 1950 Acta
1242 1895 1543 1950 continent
1577 1920 1590 1963 ;
1644 1894 1860 1966 ubique
1901 1896 2054 1950 enim

410 1985 669 2041 locorum
707 2001 821 2040 uno
853 1985 1020 2039 modo
1054 1999 1114 2039 se
1148 1983 1419 2039 habentia
1467 1983 1954 2039 circumferuntur
2005 1986 2064 2038 et

406 2089 597 2145 neque
627 2072 769 2128 illud
799 2089 868 2128 ex
907 2072 1052 2129 Filio
1083 2089 1266 2143 neque
1299 2071 1442 2127 illud
1481 2088 1589 2128 non
1647 2087 1717 2127 ea:
1766 2073 1926 2138 Filio,
1963 2075 2064 2125 aut

403 2179 502 2235 per
531 2163 741 2218 Filium
771 2167 1044 2218 assutum
1078 2161 1317 2216 habent.
1367 2161 1482 2217 Vos
1531 2162 1726 2230 igitur,
1759 2177 1791 2216 o
1838 2160 2062 2227 Latine,

407 2250 732 2307 sentientes
762 2265 831 2303 ex
863 2249 1028 2304 Patre
1085 2253 1142 2303 et
1200 2249 1343 2304 Filio
1403 2249 1709 2318 procedere
1750 2247 2061 2318 Spiritum,

411 2339 705 2410 siquidem
732 2337 811 2392 ita
842 2337 1034 2392 dicitis
1065 2353 1192 2393 eum
1230 2337 1537 2408 procedere
1586 2353 1654 2390 ex
1707 2337 1851 2391 Filio
1904 2341 1967 2390 ut
1997 2352 2064 2390 ex

407 2427 599 2499 primo
627 2425 940 2498 principio,
973 2430 1030 2480 et
1063 2443 1177 2480 non
1229 2430 1294 2480 ut
1341 2441 1443 2496 per
1496 2424 1732 2492 Filium,
1766 2426 1864 2480 sed
1911 2425 2065 2479 sicut

415 2521 474 2572 et
503 2533 570 2572 ex
602 2517 794 2582 Patre,
829 2517 942 2571 duo
974 2516 1212 2571 omnino
1235 2516 1424 2571 facitis
1446 2515 1732 2586 principia
1775 2520 1829 2570 et
1861 2514 2064 2571 tollitis

409 2603 850 2676 generationem
884 2603 1012 2658 Filii
1053 2608 1228 2675 atque
1273 2603 1564 2660 contraria
1617 2603 1810 2660 dicitis
1859 2609 2065 2660 Dama-

413 2709 588 2748 sccno
619 2696 676 2748 et
704 2692 1022 2748 Athanasio
1080 2698 1137 2748 et
1192 2693 1400 2760 Cyrillo
1460 2701 1513 2748 et
1569 2693 1787 2749 caeteris
1836 2696 2062 2748 cunctis

409 2781 682 2838 Patribus
704 2797 768 2836 ac
793 2780 982 2851 nobis,
1003 2781 1220 2852 quibus
1251 2781 1438 2854 gloria
1457 2786 1546 2837 est
1585 2787 1815 2837 sanctos
1863 2783 2063 2837 Patres

405 2869 608 2940 sequi;
641 2867 690 2923 si
721 2883 853 2924 vero
879 2867 960 2923 ita
977 2867 1170 2923 dicitis
1213 2867 1354 2923 illud
1395 2885 1463 2924 ex
1499 2868 1644 2924 Filio
1691 2873 1754 2923 ut
1788 2885 1856 2923 ex
1897 2868 2064 2924 Patre

407 2974 509 3030 per
545 2955 751 3012 Filium
785 2960 841 3011 et
870 2956 954 3012 sic
987 2955 1128 3012 illud
1153 2973 1221 3012 ex
1253 2957 1422 3011 Patre
1463 2961 1526 3011 ut
1573 2974 1606 3012 a
1639 2956 1803 3024 Filio,
1838 2958 1939 3028 qui
1974 2961 2063 3012 est

409 3062 478 3102 ex
508 3046 696 3115 Patre,
729 3045 1066 3102 cansonatis
1098 3050 1156 3101 et
1185 3045 1545 3102 Damasceuo
1565 3047 1777 3102 Joanni
1808 3050 1866 3102 et
1888 3045 2062 3101 Alba-

407 3135 576 3191 nasio
609 3139 664 3190 et
695 3133 910 3206 Cyrillo
941 3139 998 3189 et
1024 3134 1155 3190 aliis
1186 3151 1220 3188 a
1252 3135 1362 3189 Deo
1391 3134 1563 3190 motis
1611 3135 1876 3190 Patribus
1922 3151 2060 3190 con-

2166 563 2282 620 τοῖς
2319 557 2555 633 Ηατράσι
2586 557 2648 611 τὸ
2677 556 2810 612 αύτὸ
2846 556 2939 629 μὶν
2993 554 3144 630 ῥῆμα
3197 555 3334 630 πρὸς
3383 554 3672 628 ἐπίκρυψιν
3715 561 3822 621 τῆς

2167 651 2315 722 σφῶν
2376 641 2622 710 ἀσεϐείας
2667 642 2943 720 προΐεντο,
2987 643 3164 715 ἃλλην
3195 641 3252 699 δὲ
3297 645 3449 718 εἶχον
3501 641 3553 697 ἐν
3605 643 3822 702 ἑαυτοῖς

2165 734 2264 800 τὴν
2295 730 2576 804 διάνοιαν),
2620 731 2747 788 ἀλλ’
2805 731 2905 786 οὐκ
2959 730 3238 802 ἠθέλησαν
3299 729 3351 786 ἐν
3409 735 3489 802 τῷ
3547 725 3822 802 συμϐόλῳ

2168 819 2452 898 διορισμὸν
2517 821 2830 897 προσθεῖναί
2916 843 3039 876 τινα
3107 829 3209 891 τῆς
3290 816 3546 884 εὐσεϐοῦς
3617 820 3830 882 ἐννοίας

2168 910 2502 990 ἐκφαντικὸν,
2549 911 2584 980 ἤ
2624 914 2725 976 τῆς
2786 906 3012 972 ἀσεϐοῦς
3068 907 3308 985 ἐκδοχῆς
3356 907 3828 984 ἂποδιοριστικόν,

2166 1003 2296 1060 ἀλλ’
2335 1001 2447 1075 ἰδίᾳ
2507 1003 2602 1075 μὲν
2662 1002 2750 1056 καὶ
2807 1003 2925 1055 καθ’
2982 1001 3208 1062 ἑαυτοὺς
3263 997 3481 1055 ’ἕκαστοι
3538 1000 3663 1073 περὶ
3721 1007 3831 1068 τῆς

2167 1089 2364 1163 λέξεως
2421 1091 2512 1146 καὶ
2567 1093 2667 1156 τῆς
2729 1089 3003 1163 σημασίας
3085 1089 3256 1158 αὐτῆς
3306 1088 3670 1166 ἠγωνίσαντο,
3732 1087 3830 1142 καὶ

2167 1184 2266 1252 τήν
2333 1180 2622 1257 ἑρμηνείαν
2683 1186 2824 1256 σαφῆ
2887 1201 2944 1234 τε
2999 1179 3088 1234 καὶ
3157 1173 3353 1248 εὐσεϐῆ
3415 1178 3831 1257 συνεγράψαντό

2163 1295 2223 1330 τε
2247 1272 2338 1327 καὶ
2372 1268 2724 1340 ὲκδεδώκασι,
2778 1269 2840 1323 τὸ
2890 1268 2985 1342 μὲν
3047 1267 3341 1343 ὀρθόόοεον
3395 1269 3580 1340 νόημα
3636 1273 3833 1343 σαφῶς

2165 1362 2632 1438 παραστήσαντες,
2688 1358 2752 1414 τὸ
2811 1355 2867 1413 δὲ
2927 1357 3200 1431 αἱρετικὸν
3290 1355 3679 1432 διελέγξαντες,
3745 1360 3829 1421 ὡς

2165 1451 2255 1505 καὶ
2303 1451 2330 1504 ὁ
2387 1449 2553 1524 μέγας
2608 1447 2862 1517 ἐποίησεν
2917 1447 3251 1510 Ἀθανάσιός·
3313 1449 3635 1521 προσθήκην
3694 1445 3755 1503 δὲ

2165 1538 2441 1616 ἀφαίρεσιν
2482 1535 2518 1606 ἤ
2569 1543 2668 1605 τῆς
2723 1535 2921 1608 λέξεως
2980 1534 3280 1592 ἀλλοίωσιν
3339 1534 3588 1600 οὐδόλως
3627 1535 3831 1607 ἐποίη-

2168 1649 2285 1686 σαν.
2315 1628 2436 1684 ⁰Οτι
2472 1627 2568 1698 μὲν
2601 1625 2694 1680 οὗν
2728 1624 2780 1680 ἐν
2820 1629 2900 1696 τῷ
2932 1619 3200 1697 συμϐόλῳ
3242 1626 3306 1679 τὸ
3354 1623 3416 1679 ἐκ
3460 1629 3558 1679 τοῦ
3608 1625 3834 1699 Πατρὸς

2167 1718 2605 1794 ἐκπορευόμενοτ
2666 1718 2718 1771 οἱ
2772 1717 3011 1790 ΙΙατέρες
3058 1717 3212 1771 εἶπον
3270 1715 3361 1772 καὶ
3417 1715 3585 1772 πλέον
3643 1714 3834 1783 οὐδὲν,

2175 1805 2436 1878 δηλοῦσιν
2492 1805 2648 1860 αὐταὶ
2709 1806 2763 1858 αἱ
2817 1805 2934 1859 καθ’
3013 1805 3242 1876 ἑκάστην
3314 1802 3535 1860 σύνοδον
3608 1808 3838 1881 πράξεις

2172 1898 2263 1952 καὶ
2318 1897 2387 1950 τὰ
2443 1892 2698 1950 συνοδικᾶ
2753 1892 2881 1964 ἤτοι
2942 1894 2998 1948 αἱ
3057 1896 3172 1970 αερί
3235 1894 3445 1950 τούτων
3504 1891 3834 1968 διαλαμϐά-

2166 2007 2350 2042 νουσαι
2409 1987 2518 2060 (68)
2579 1979 2794 2060 βίϐλοι·
2855 1988 3143 2058 πανταχοῦ
3198 1985 3300 2061 γὰρ
3369 1985 3542 2047 οὕτως
3592 1983 3831 2060 ἔχουσαι

2169 2074 2443 2148 φέρονται,
2475 2073 2566 2126 καὶ
2627 2069 2751 2128 οὔτε
2799 2073 2864 2127 τὸ
2903 2071 2962 2128 ἐκ
3009 2077 3106 2128 τοῦ
3157 2074 3286 2127 Υἱοῦ
3344 2071 3467 2128 οὔτε
3516 2074 3578 2128 τὸ
3618 2074 3722 2128 οὐκ
3773 2075 3838 2130 ἐκ

2167 2163 2263 2218 τοῦ
2297 2163 2427 2216 Υἱοῦ
2471 2160 2507 2230 ἤ
2559 2157 2648 2215 διὰ
2704 2165 2803 2215 τοῦ
2857 2162 2988 2216 Υἱοῦ
3045 2159 3356 2238 ἐγκείμενον
3414 2159 3634 2237 ἔχουσιν
3690 2166 3838 2236 (69).

2167 2252 2351 2325 Ὑμεῖς
2395 2248 2510 2320 οὖσι,
2543 2251 2588 2304 ὧ
2643 2255 2856 2320 Λατῖνε,
2909 2249 2968 2304 ἐκ
3014 2255 3112 2305 τοῦ
3161 2251 3373 2325 Πατρὸς
3420 2250 3509 2305 καὶ
3555 2255 3652 2305 τοῦ
3698 2252 3838 2306 Υἱοῦ

2170 2344 2489 2420 φρονοῦντες
2551 2338 2935 2415 ἐκπορεύεσθαι
2991 2339 3053 2394 τὸ
3115 2343 3353 2414 Πνεῦμα,
3415 2340 3460 2395 εἶ
3527 2341 3624 2414 μὶν
3683 2339 3833 2396 οὕτω

2171 2431 2302 2508 φατὶ
2333 2433 2494 2484 τοῦτο
2527 2427 2914 2502 ἐκπορεύεσθαι
2963 2427 3023 2483 ἐκ
3080 2433 3177 2483 τοῦ
3225 2430 3378 2500 Υἱοῦ,
3438 2431 3512 2492 ὡς
3566 2430 3628 2484 ἐκ
3667 2431 3834 2506 πρώ-

2167 2538 2268 2587 της
2298 2517 2502 2592 ἀρχῆς,
2528 2517 2618 2571 καὶ
2651 2515 2756 2592 οὐχ
2808 2516 2884 2576 ὡς
2939 2513 3029 2570 διὰ
3072 2519 3171 2570 τοῦ
3220 2516 3375 2584 Υἱοῦ,
3424 2514 3551 2571 ἀλλ’
3605 2516 3680 2578 ὡς
3733 2517 3831 2571 καὶ

2170 2605 2228 2662 ἐκ
2284 2610 2382 2661 τοῦ
2441 2607 2672 2680 Πατρὸς,
2741 2603 2836 2659 δύο
2894 2606 3108 2668 πάντως
3166 2611 3372 2660 ποιεῖτε
3449 2606 3648 2680 ἀρχὰς,
3728 2607 3824 2661 καὶ

2168 2696 2435 2770 ἀναιρεῖτε
2495 2697 2594 2764 τὴν
2649 2693 2902 2769 γέννησιν
2959 2698 3058 2749 τοῦ
3113 2695 3264 2766 Υἱοῦ,
3320 2693 3410 2749 καὶ
3482 2694 3692 2750 ἐναντία
3746 2699 3828 2766 τῷ

2171 2787 2516 2858 Δαμασκηνῷ
2570 2782 2758 2860 λέγετε
2813 2783 2903 2837 καὶ
2980 2783 3290 2857 Ἀθανασίῳ
3379 2783 3470 2838 καὶ
3556 2783 3828 2858 Κυρίλλῳ

2166 2874 2258 2929 καὶ
2314 2877 2474 2928 πᾶσιν
2529 2870 2727 2935 ἄλλοις
2786 2873 3048 2948 Πατράσι,
3107 2873 3197 2927 καὶ
3273 2875 3432 2948 ἡμῖν,
3497 2875 3582 2938 οἷς
3660 2874 3831 2938 κλὲος

2165 2964 2228 3018 τὸ
2288 2963 2559 3038 ΙΙατράσιν
2618 2961 2794 3038 ἁγίοις
2849 2961 3198 3026 ἀκολουθεῖν
3274 2962 3320 3018 εἰ
3389 2961 3447 3019 δὲ
3523 2961 3672 3020 οὕτω
3733 2963 3830 3020 λέ-

2167 3071 2288 3127 γετε
2335 3051 2397 3106 τὸ
2455 3049 2514 3105 ἐκ
2561 3054 2658 3106 τοῦ
2708 3051 2837 3105 Υἱοῦ
2886 3051 2961 3112 ὡς
3022 3049 3081 3105 ἐκ
3132 3051 3348 3125 Πατρὸς
3408 3049 3498 3106 διὰ
3551 3057 3649 3107 τοῦ
3695 3054 3833 3109 Υἱοῦ

2167 3141 2257 3197 καὶ
2289 3139 2432 3195 οὕτω
2460 3140 2523 3194 τὸ
2554 3139 2614 3194 ἐκ
2669 3140 2766 3194 τοῦ
2824 3139 3038 3214 Πατρὸς
3090 3140 3166 3202 ὡς
3205 3141 3352 3215 παρὰ
3397 3145 3496 3197 τοῦ
3542 3143 3672 3197 Υἱοῦ
3729 3147 3832 3198 τοῦ

409 3223 642 3280 sentitis
685 3224 860 3278 etiam
905 3224 1230 3279 secundum
1283 3224 1632 3279 sententiam
1685 3226 1755 3278 de
1805 3224 2058 3296 Spiritus

2173 3230 2233 3286 ἐκ
2287 3233 2388 3284 τοῦ
2441 3230 2677 3303 Πατρὸς,
2738 3229 3140 3306 συμφθέγγεσθε
3197 3230 3288 3284 καὶ
3344 3235 3424 3302 τῷ
3481 3235 3830 3304 Δαμασκηνῷ

407 3311 598 3369 sancti
631 3312 1000 3384 processione
1031 3317 1203 3383 atque
1235 3311 1403 3367 nobis
1421 3313 1562 3368 estis
1583 3312 1755 3368 amici
1779 3317 1832 3367 et
1855 3313 2062 3368 unani-

406 3416 534 3457 mes
557 3401 654 3473 (d).
673 3404 852 3455 Porro
870 3400 1176 3470 oportebat
1196 3401 1432 3455 Patrum
1465 3400 1708 3473 vestigia
1751 3405 2062 3472 sequentes

406 3497 460 3547 et
491 3489 808 3546 amicitiam
841 3489 1163 3544 retinentes
1195 3489 1252 3544 in
1308 3489 1570 3561 symbolo
1633 3489 1868 3560 quidem
1916 3489 2061 3546 illud

407 3578 504 3652 qui
531 3595 602 3634 ex
628 3580 796 3634 Patre
817 3577 1058 3650 procedit
1109 3579 1508 3650 pronuntiare,
1566 3584 1631 3634 ut
1684 3584 1773 3635 est
1828 3579 2062 3635 Patrum

411 3670 485 3725 ab
509 3667 754 3740 antiquo
783 3666 1192 3736 traditio,illud
1223 3683 1358 3722 vero
1403 3683 1501 3738 per
1529 3668 1743 3723 Filium
1771 3667 2064 3740 procedere

412 3774 518 3832 per
548 3755 664 3813 alia
685 3756 904 3828 scripta
933 3754 1250 3826 inculcare,
1272 3773 1398 3827 quis
1423 3756 1581 3830 piam
1613 3757 1823 3812 horum
1855 3757 2061 3813 verbo-

409 3863 544 3904 rum
573 3845 924 3902 sententiam
957 3853 1269 3917 exponant,
1300 3845 1422 3901 sive
1475 3861 1578 3918 per
1630 3845 1836 3902 Filium
1884 3847 2065 3904 vultis

410 3953 671 3998 asserere
697 3935 1128 4008 processionem
1153 3936 1276 3990 sive
1296 3949 1365 3990 ex
1384 3936 1528 3991 Filio
1551 3936 1873 3992 secundum
1897 3952 2062 3992 eum-

411 4030 540 4086 dem
575 4026 1000 4100 signiﬂcatum,
1034 4040 1223 4096 neque
1283 4023 1625 4080 scandalum
1668 4041 1977 4081 commune
2002 4026 2060 4080 in

413 4118 667 4175 medium
702 4115 1092 4181 introducere,
1123 4115 1277 4184 quod
1313 4116 1460 4169 tanti
1497 4113 1829 4170 scbismatis
1878 4119 1936 4168 et
1971 4116 2060 4169 di-

411 4206 657 4266 visionis
688 4221 867 4262 causa
897 4205 994 4273 sit,
1027 4205 1182 4276 quod
1213 4207 1270 4259 et
1313 4219 1563 4276 magnus
1620 4203 1980 4259 Athanasius
2007 4209 2066 4259 et

411 4298 648 4369 sapiens
669 4294 922 4370 Cyrillus
942 4310 1058 4351 non
1082 4292 1194 4349 alio
1219 4293 1392 4349 modo
1415 4291 1806 4364 intelligente:
1828 4308 2062 4365 proces-

411 4389 639 4445 sionem
663 4404 732 4444 ex
762 4386 930 4442 Patre
961 4387 1020 4441 in
1053 4383 1306 4457 propriis
1336 4384 1769 4441 commentariis
1811 4383 2062 4455 Spiritus

483 4503 588 4572 (68)
629 4500 683 4554 αἱ
715 4493 1205 4572 διαλαμϐάνουσαι,
1237 4500 1310 4555 al.

484 4570 953 4666 (4692’Hucu2‘sque.
976 4576 1165 4666 tegtu-s
1197 4570 1548 4666 apudgillat.
1588 4592 1602 4636 ;
1635 4571 1938 4641 sequentia
1989 4585 2059 4626 ex
2091 4600 2135 4666 Β

412 4645 542 4700 cod.
569 4643 702 4699 Vat.
736 4643 894 4710 1145,
929 4644 968 4696 f.
1001 4643 1092 4710 45,
1123 4659 1177 4698 a.
1210 4643 1654 4712 descripsimus.

478 4716 588 4788 (70)
621 4715 757 4788 cod.
789 4715 948 4787 ἡμῖν.

483 4782 596 4860 (7i)
629 4787 764 4852 Quae
796 4782 952 4860 nunc
982 4787 1335 4857 sequuntur,
1369 4782 1606 4839 adducit
1652 4783 1867 4856 pariter
1907 4783 2059 4841 Alla-

408 4859 529 4916 tius
558 4858 597 4915 1'.
632 4875 681 4914 c.
715 4875 771 4930 p.
806 4858 930 4913 469.

481 4985 552 5058 (c)
581 4984 706 5040 Non
739 4986 994 5058 δραι-εει
1024 4981 1146 5036 haec
1194 4981 1269 5058 ad
1293 4979 1809 5058 __controver_siam_
1836 4982 1906 5058 de
1928 4995 2062 5036 voce

413 5051 895 5116 consubstantiali
918 5053 1263 5125 provocatio.
1293 5051 1438 5106 Nam
1476 5053 1760 5125 terminus
1796 5051 1888 5107 hic
1937 5069 2062 5125 om-

415 5131 579 5187 nium
612 5123 1260 5186 accommodatissimus
1291 5125 1659 5192 censebatur,
1686 5123 1830 5178 adeo
1862 5127 1924 5179 ut
1951 5124 2064 5179 alia

412 5219 548 5257 voce
573 5218 684 5257 non
705 5205 859 5256 esset
885 5215 1060 5271 opus,
1088 5201 1209 5252 erat
1253 5212 1385 5252 vero
1407 5200 1463 5251 et
1492 5197 1617 5267 ipse
1656 5195 1874 5271 additio
1910 5196 2062 5271 anti-

342 5320 350 5326 .
413 5274 792 5345 quioril‘acta
837 5267 1125 5345 symbolo,
1186 5273 1461 5340 praeterea
1518 5267 1822 5345 pauciores
1882 5267 2062 5323 multo

414 5343 578 5400 erant
600 5343 850 5400 haeretici
865 5343 1136 5413 ,quiejus
1159 5356 1398 5397 sensum
1438 5344 1852 5412 perverterunt,
1887 5356 2059 5412 quam

415 5415 510 5486 qui
543 5432 673 5470 eum
703 5431 944 5485 prorsus
976 5413 1382 5485 repudiarunt.

486 5483 723 5567 (Quae
749 5486 960 5567 Nicetis
982 5483 1192 5567 verba}
1221 5489 1360 5567 Vos,
1385 5483 1589 5567 Latini,
1624 5483 1722 5555 qui
1774 5499 1840 5567 ex
1899 5483 2062 5564 Patre

415 5560 473 5628 et
497 5554 643 5611 Filio
675 5557 912 5628 creditis
969 5557 1279 5628 procedere
1327 5555 1607 5626 Spiritum
1643 5554 1953 5628 sanctum,
2013 5554 2062 5609 si

417 5627 501 5684 sic
534 5628 765 5699 quidem
801 5625 994 5699 dicitis
1020 5628 1176 5682 hunc
1230 5625 1540 5698 procedere
1586 5642 1652 5681 ex
1696 5625 1842 5699 Filio
1894 5635 1953 5680 ut
1995 5642 2063 5680 ex

416 5697 609 5773 primo
640 5697 950 5770 principio,
981 5704 1039 5754 et
1069 5715 1184 5755 non
1225 5697 1504 5768 tanquam
1543 5713 1646 5768 per
1691 5697 1926 5766 Filium,
1959 5700 2060 5754 sed

2170 3319 2398 3393 Ἰωάννῃ
2430 3318 2520 3372 καὶ
2555 3317 2854 3389 Ἀθανασίῳ
2887 3317 2977 3372 καὶ
3010 3317 3288 3392 ΚυρίλλῳΙ
3330 3318 3424 3373 καὶ
3461 3324 3580 3383 τοῖς
3627 3318 3828 3385 ἄλλοις

2167 3407 2760 3486 θεοφόροιςιιατράσιν
2807 3403 3123 3479 ὁμοδοξεῖτε
3176 3407 3266 3461 καὶ
3326 3409 3466 3464 κατὰ
3518 3409 3619 3477 τήν
3663 3406 3824 3482 δόξαν

2166 3504 2268 3568 τῆς
2297 3501 2396 3552 τοῦ
2419 3496 2734 3570 Πνεύματος
2763 3494 3138 3570 ἐκπορεύσεως
3195 3496 3284 3550 καὶ
3341 3498 3476 3569 ἡμῖν
3535 3499 3647 3571 (70)
3703 3497 3825 3556 ἐστε

2167 3587 2324 3666 φίλοι
2355 3607 2414 3641 τε
2443 3584 2533 3640 καὶ
2565 3585 2873 3662 ὁμόφρονες
2928 3587 3064 3658 (71).
3115 3585 3321 3659 Ἐχρῆν
3365 3582 3423 3640 δὲ
3471 3587 3582 3660 (72)
3625 3586 3824 3643 λοιπὸν

2164 3676 2232 3731 τὰ
2262 3675 2356 3730 ’ἶσα
2383 3681 2502 3738 τοῖς
2547 3675 2787 3749 Πατράσι
2845 3674 2933 3729 καὶ
2984 3673 3118 3753 φίλα
3173 3671 3414 3747 δρῶντος
3469 3672 3522 3729 ἐν
3586 3677 3682 3749 μὲν
3741 3676 3823 3750 τῷ

2167 3759 2434 3838 συμϐόλῳ
2488 3764 2552 3818 τὸ
2608 3761 2668 3819 ἔκ
2725 3767 2822 3818 τοῦ
2884 3763 3096 3836 Ηατρὸς
3152 3761 3581 3838 ἐκπορευόμενον
3642 3765 3827 3844 ἐκφω-

2165 3859 2273 3910 νεῖν
2321 3853 2459 3909 κατὰ
2511 3854 2610 3924 τήν
2673 3851 2722 3924 ἐξ
2781 3851 2963 3933 ἀρχῆς
3019 3856 3127 3908 τῶν
3186 3852 3440 3930 Πατέρων
3500 3852 3821 3930 παράδοσιν

2166 3942 2230 3998 τὸ
2271 3938 2327 3997 δὲ
2374 3939 2437 3996 ἐκ
2487 3943 2602 4014 (73)
2657 3944 2756 3996 106
2814 3941 2941 3996 Υἱοῦ
3001 3938 3387 4016 ἐκπορεύεσθαι
3445 3937 3534 3997 διὰ
3585 3962 3830 4018 συγγρα-

2169 4035 2286 4110 φῶν
2318 4029 2515 4106 ἑτέρων
2549 4027 2755 4102 δηλοῦν
2793 4030 3213 4104 ἒρμηνευουσῶν
3235 4031 3335 4100 τὴν
3365 4026 3558 4101 εὐσεϐῆ
3613 4032 3824 4089 τούτων

2169 4119 2427 4191 διάνοιαν,
2464 4118 2570 4174 εἳτε
2601 4119 2689 4174 διὰ
2719 4123 2818 4174 τοῦ
2871 4120 3002 4174 Υἱοῦ
3047 4118 3228 4196 λέγειν
3279 4118 3519 4176 ἐθέλοιτε
3571 4125 3683 4196 (74)
3724 4124 3825 4191 τὴν

2167 4210 2507 4286 ἐκπόρευσιν,
2539 4210 2647 4264 ιῖτε
2676 4207 2736 4265 ἐκ
2761 4211 2858 4263 τοῦ
2903 4209 3034 4263 Υἳοῦ
3083 4209 3218 4263 κατὰ
3265 4209 3327 4264 τὸ
3371 4208 3502 4266 αὐτὸ
3552 4212 3831 4284 σημαινό-

2171 4321 2354 4377 μενον,
2407 4300 2501 4355 καὶ
2563 4297 2731 4376 μφδὶν
2793 4298 3023 4374 εἰσάγειν
3078 4295 3380 4355 σκάνδαλον
3464 4299 3541 4365 είς
3601 4300 3669 4356 τὸ
3728 4303 3826 4376 μὲ-

2168 4411 2258 4446 σον
2311 4391 2422 4465 (75)
2479 4387 2681 4444 κοινόνο
2735 4387 2827 4443 καὶ
2875 4387 3182 4463 σχίσματος
3235 4387 3500 4444 τοσούτου
3558 4391 3675 4467 (76)
3733 4391 3826 4447 καὶ

2233 4517 2353 4590 (72)
2382 4515 2576 4590 Allat._
2593 4513 2707 4590 μέν.

2258 4583 2350 4654 73)
2385 4590 2519 4661 Lgeg.
2552 4583 2662 4661 διά.

2261 4661 2353 4732 74)
2379 4655 2673 4732 ΒῆοἈΙΙβι.
2705 4659 2837 4732 cod.
2870 4655 3114 4728 ἐθέλητε.

2241 4727 2347 4802 (⁸75)
2378 4731 2549 4787 Allat.
2584 4728 2635 4784 ἐν
2667 4733 2746 4802 τῷ
2779 4727 2943 4802 μέσῳ.

2240 4801 2346 4874 (76)
2377 4804 2467 4858 Sic
2497 4803 2622 4858 cod.
2660 4801 2826 4858 Allat.
2857 4801 3132 4858 τοιούτου.

2171 4987 2237 5040 ut
2255 4985 2652 5052 exPatre,duo
2674 5000 2912 5056 prorsus
2955 4983 3150 5040 facitis
3191 4983 3482 5056 principia
3520 4987 3832 5044 destruen-

2172 5058 2244 5112 do
2270 5057 2394 5112 Filii
2414 5057 2871 5128 generationem,
2891 5056 3184 5112 contraria
3225 5057 3584 5114 Damasceno
3607 5060 3832 5128 dicitis,

2173 5127 2731 5200 AthanaSio,Cyrillo
2747 5131 3094 5197 cunctisque
3117 5127 3248 5200 aliis
3265 5128 3538 5184 Patribus
3556 5147 3624 5186 ac
3640 5127 3832 5195 nobis,

2174 5200 2386 5271 quibus
2413 5199 2613 5254 Patres
2644 5206 2878 5255 sanctos
2912 5200 3077 5270 sequi
3107 5199 3375 5271 gloriatio
3407 5205 3514 5255 est.
3539 5203 3598 5257 Si
3636 5210 3833 5260 autem

2172 5272 2258 5327 sic
2272 5271 2464 5326 dicitis
2485 5287 2552 5326 ex
2574 5271 2717 5327 Filio
2733 5276 2795 5326 ut
2811 5288 2878 5326 ex
2899 5272 3062 5327 Patre
3089 5287 3192 5343 per
3232 5271 3478 5343 Filium,
3494 5279 3834 5332 consonatis

2172 5343 2792 5415 Damasc_en0,Joanni,
2809 5342 3369 5415 Athanasi’o,Cyrillo
3387 5342 3638 5415 aliisque
3651 5347 3832 5402 Theo-

2173 5415 2372 5486 phoris
2407 5413 2674 5469 Patribus
2704 5420 2761 5470 et
2809 5415 3134 5470 secundum
3158 5413 3394 5486 dogma
3437 5413 3832 5486 processionis

2173 5484 2428 5557 Spiritus
2450 5487 2634 5540 sancti
2663 5487 2829 5542 nobis
2859 5486 3023 5542 eritis
3055 5484 3227 5542 amici
3260 5492 3312 5541 et
3342 5484 3778 5546 consentientes
3814 5507 3828 5546 :

2165 5559 2285 5628 jam
2323 5557 2562 5613 adduxit
2595 5557 2759 5630 Hugo
2792 5557 3166 5630 Etherianus,
3190 5558 3292 5630 qui
3314 5574 3449 5613 eum
3476 5560 3824 5630 scriptorem

2173 5635 2770 5758 :Tpfscoingimemorat
2799 5629 2902 5687 lib.
2935 5631 3142 5688 Contra.
3171 5629 3262 5686 Gr.
3315 5646 3378 5700 ιι,
3429 5646 3479 5687 c.
3512 5632 3568 5700 6,
3604 5629 3673 5688 10
3704 5649 3824 5703 ;m,

2245 5741 2262 5772 ,
2289 5741 2373 5773 CV,
2408 5741 2493 5758 ιν.
