4062 6202
260 336 388 395 221

1188 334 1441 396 MARCI
1484 334 1719 396 PATR.
1767 333 2000 395 ALEX.
2045 335 2345 402 QUIEST.
2392 335 2494 396 ET
2538 336 2768 398 RESP.

3571 337 3690 397 222

265 466 599 544 διαιρέσεως
629 465 827 535 αἴτιον,
859 466 942 524 ’ὅτι
982 466 1072 523 καὶ
1126 466 1289 530 αὐτὸς
1321 468 1349 521 ὁ
1402 467 1565 544 μέγας
1610 466 1930 530 Ἀθανάσιος
1957 472 1995 538 Α

2043 471 2228 526 sancti
2254 472 2685 543 processionem
2700 459 3166 539 manifestatum,
3200 473 3299 530 sed
3334 473 3392 527 in
3424 472 3688 543 symbolo

261 564 363 617 καὶ
391 564 423 617 ὁ
452 563 615 639 σογὸς
648 559 924 636 Κόριλλος
976 559 1122 616 οὕτω
1168 559 1417 622 νοοῦντες
1459 563 1560 631 τήν
1610 560 1670 616 ἐκ
1718 561 1927 636 Πατρὸς

262 650 594 726 ἐκπόρευσιν
674 649 728 705 ἐν
807 647 969 713 ἰδίοις
1021 651 1115 724 μὲν
1193 650 1584 727 συγγράμμασι
1657 651 1756 719 τὴν
1832 653 1929 704 τοῦ

266 742 598 813 Πνεῦματος
669 739 988 813 ἐκπόρευσιν
1065 737 1465 819 διεσαφήνισαν,
1557 739 1607 794 ἐν
1709 736 1766 793 δὲ
1851 742 1931 811 τῷ

267 826 552 902 συμϐόλῳ
608 829 955 903 προσέθηκαν
1011 825 1190 884 οὐδέν·
1273 829 1531 890 ὡσαύτως
1600 826 1656 882 δὲ
1745 827 1835 882 καὶ
1902 830 1930 882 ὁ

269 918 664 991 Δαμασκηνός.
700 920 786 975 Ἐν
837 918 941 994 γὰρ
990 922 1058 992 τῇ
1109 915 1364 973 ἀποδόσει
1422 924 1523 988 τῆς
1579 917 1814 980 πίστεως
1865 918 1928 973 τὸ

259 1012 323 1064 ἐκ
386 1014 492 1065 τοῦ
552 1010 786 1084 Ματρὸς,
845 1008 946 1064 οὐκ
1000 1008 1062 1065 ἐκ
1109 1013 1208 1066 τοῦ
1271 1009 1399 1063 Υἱοῦ
1475 1008 1926 1084 ἐκπορευόμενον,

263 1096 390 1170 ἰδίᾳ
424 1097 482 1154 δὲ
511 1097 950 1172 ἐπισημαίνεται,
981 1099 1056 1161 ὡς
1088 1099 1152 1154 οὐ
1185 1097 1402 1176 λέγεται
1447 1096 1508 1154 ἐκ
1552 1103 1650 1154 τοῦ
1690 1097 1820 1152 Υἰοῦ
1865 1097 1926 1151 τὸ

257 1191 501 1261 Πνεῦμα
525 1185 740 1258 δηλαδὴ
764 1188 841 1249 ὡς
871 1187 932 1242 ἐκ
959 1188 1182 1262 πρώτης
1231 1188 1413 1264 ἀρχῆς
1461 1189 1548 1243 καὶ
1605 1189 1680 1242 ὡς
1723 1187 1783 1241 ἐκ
1826 1191 1926 1242 τοῦ

258 1279 512 1352 Πατρός.
546 1277 767 1334 Τούτων
801 1278 892 1332 οὗν
943 1284 1062 1342 ταῖς
1111 1275 1489 1337 διδασκαλίαις
1528 1277 1785 1350 ἐπόμενοι
1834 1277 1927 1331 καὶ

257 1370 445 1439 ἡμεῖς
475 1365 628 1420 τὸέκ
654 1370 755 1420 τοῦ
807 1367 1018 1440 Πατρὸς
1078 1366 1508 1442 ἐκπορευόμενον
1557 1365 1924 1440 ἐπιφωνοῦντες

258 1460 514 1528 νοοῦμεν
547 1456 640 1529 μὲν
671 1456 771 1523 τήν
814 1454 1132 1532 ἐκπορευσιν
1181 1455 1240 1510 ἐκ
1288 1457 1498 1532 Ματρὸς
1541 1454 1616 1517 ὠς
1665 1455 1727 1510 ἐκ
1772 1455 1942 1528 πρώ--

252 1565 365 1614 της
397 1544 606 1620 ἀρχῆς,
636 1543 784 1614 πλὴν
817 1546 908 1599 οιά
937 1550 1035 1600 τοῦ
1068 1545 1194 1600 Υἱοῦ
1234 1548 1331 1599 τοῦ
1377 1550 1668 1623 προσεχῶς
1719 1544 1779 1599 ἐκ
1824 1547 1926 1599 τοῦ

260 1638 496 1708 Πατρός
527 1636 679 1707 ὅμως
740 1635 803 1690 οὐ
852 1633 1082 1711 λέγομεν
1137 1634 1188 1689 ἐν
1238 1639 1319 1707 τῷ
1376 1630 1663 1708 συμϐόλῳ·
1716 1634 1780 1689 τὸ
1835 1635 1928 1690 Ἐκ

250 1729 362 1779 τοῦ
443 1725 649 1797 Ηατρὸς
719 1721 806 1779 διὰ
867 1728 964 1778 τοῦ
1032 1725 1160 1780 Υὶοῦ
1243 1723 1688 1799 ἐκπορευόμενον·
1746 1724 1926 1779 καίτοι

2037 558 2184 616 nihil
2205 561 2558 617 addiderunt
2581 582 2594 630 ;
2617 562 2886 618 similiter
2907 567 2962 618 et
2977 562 3232 618 Joannes
3265 563 3683 618 Damascenus.

2034 648 2179 704 Nam
2203 650 2260 704 in
2287 651 2644 720 expositione
2668 651 2798 706 ﬁdei
2825 651 3098 723 exprimit
3117 650 3261 705 illud
3286 667 3354 706 ex
3370 651 3683 718 Patre,non

2036 753 2100 793 ex
2128 738 2271 794 Filio
2301 744 2610 810 procedere
2639 740 2943 812 Spiritum,
2977 740 3197 812 private
3238 756 3371 795 vero
3421 741 3679 812 adsigni-

2035 827 2192 894 licet,
2220 845 2332 884 non
2367 829 2480 885 dici
2523 846 2591 885 ex
2648 829 2790 886 Filio
2855 829 3155 902 Spirilum,
3218 829 3496 884 nimirum
3554 836 3680 886 tan-

2035 933 2208 987 quam
2233 933 2300 973 ex
2331 918 2516 989 primo
2574 918 2859 991 principio
2916 925 2969 974 et
3027 923 3092 974 ut
3121 935 3189 973 ex
3214 922 3400 974 Patre.
3460 918 3679 974 Horum

2035 1004 2216 1077 igitur
2259 1006 2554 1062 doctrinas
2603 1008 2812 1074 secuti,
2862 1009 3002 1062 dum
3058 1007 3201 1062 illud
3253 1007 3359 1076 Qui
3402 1024 3472 1063 ex
3520 1013 3684 1064 Patre

2031 1094 2273 1166 procedit
2311 1096 2712 1166 enuntiemus,
2743 1097 3131 1169 intelligimus
3172 1097 3408 1168 quidem
3455 1114 3686 1168 proces-

2034 1188 2257 1243 sionem
2290 1203 2360 1243 ex
2389 1193 2559 1244 Patre
2591 1193 2654 1243 ut
2697 1204 2766 1243 ex
2821 1190 3011 1260 primo
3072 1189 3377 1260 principio,
3424 1193 3678 1244 attamen

2035 1293 2135 1347 per
2165 1276 2400 1343 Filium,
2427 1279 2529 1348 qui
2577 1278 2850 1348 contigue
2907 1283 2995 1333 est
3042 1295 3108 1334 ex
3156 1282 3328 1334 Patre
3396 1296 3410 1346 ;
3455 1283 3514 1333 at
3563 1295 3676 1333 non

2034 1363 2282 1419 dicimus
2312 1364 2370 1419 in
2404 1365 2666 1436 symbolo
2696 1366 2806 1431 Qui
2824 1382 2894 1421 ea:
2921 1367 3091 1420 Putre
3118 1383 3215 1436 per
3237 1366 3456 1422 Filium
3485 1382 3678 1437 proce-

2032 1452 2149 1520 dit;
2185 1455 2448 1523 quamvis
2481 1456 2561 1509 ita
2597 1455 2791 1510 dicere
2823 1455 3228 1511 rationabilius
3269 1459 3409 1525 erat,
3442 1457 3676 1526 quando

2033 1545 2268 1616 quidem
2311 1551 2368 1600 et
2396 1547 2549 1616 apud
2584 1530 2690 1601 nos
2722 1551 2778 1601 et
2821 1547 2974 1617 apud
3022 1563 3118 1601 vos
3166 1546 3561 1601 indubitatum
3594 1553 3678 1602 est

2033 1637 2232 1703 utpote
2262 1633 2335 1689 ab
2364 1636 2631 1705 utrisque
2662 1635 2988 1691 admissum
3020 1643 3073 1690 et
3115 1651 3348 1690 omnem
3394 1634 3683 1704 ambigui-

2031 1727 2208 1779 tatem
2240 1725 2635 1780 exterminans
2666 1744 2681 1792 ;
2742 1741 2942 1780 verum
3004 1725 3158 1796 quod
3221 1726 3415 1780 Patres
3447 1741 3563 1780 non
3596 1725 3680 1780 fe-

252 1819 438 1869 τοῦτο
467 1813 640 1889 λέγειν
673 1813 1051 1891 εὐλογώτερον
1091 1815 1178 1886 ἦν,
1210 1813 1324 1890 ε’ἰγε
1353 1815 1443 1869 xui
1473 1816 1607 1886 ἡμῖν
1653 1814 1744 1868 καὶ
1796 1814 1922 1886 ὑμῖν
1955 1848 1995 1913 Β

2033 1821 2254 1876 cerunl,
2281 1829 2352 1868 ne
2373 1829 2514 1868 ansa
2534 1815 2880 1883 praeberetur
2902 1830 2970 1868 ex
3011 1813 3408 1870 oborientibus
3444 1811 3675 1868 dubila-

253 1899 396 1978 ἔχει
425 1904 488 1958 τὸ
535 1899 936 1981 ἆναμφίϐολον,
985 1905 1059 1967 ὡς
1115 1905 1242 1978 παρ’
1297 1903 1501 1980 ἀμφοῖν
1560 1900 1919 1976 δοξαζόμενον
1955 1899 1995 1913 ”

2030 1904 2290 1960 tionibus
2320 1905 2644 1961 additiones
2687 1905 2774 1961 vel
2821 1906 3222 1977 ademptiones
3250 1905 3340 1959 vel
3381 1910 3678 1960 transmu-

251 1993 356 2046 καὶ
395 1988 734 2071 ἀμφιϐολίαν
776 1993 984 2048 ἃπασαν
1031 1992 1302 2068 ἀναιροῦν’
1355 1990 1484 2047 ἀλλ’
1532 1991 1663 2066 ὅπερ
1711 1992 1762 2048 οἱ
1809 1998 1916 2047 ila-

245 2083 420 2154 τέρες
453 2081 553 2136 οὐκ
580 2081 865 2153 ἐποίησαν,
900 2083 974 2145 ὡς
1019 2084 1094 2155 μὴ
1149 2079 1333 2152 δοθείη
1383 2082 1653 2159 πρόφασις
1700 2080 1759 2136 ἐκ
1805 2082 1912 2136 τῶν

247 2176 770 2243 παρεμπιπτουσῶν
837 2167 1168 2248 ἀμφιϐολῶν
1236 2171 1548 2245 προσθήκας
1605 2173 1640 2242 ἢ
1698 2170 1915 2248 ἀφαιρέ-

242 2280 368 2319 σεις
404 2259 438 2328 ἢ
475 2256 785 2332 μεταϐολὰς
815 2282 964 2323 τινας
997 2260 1232 2316 ἐπινοεῖν
1255 2265 1336 2332 τῷ
1381 2255 1648 2332 συμϐολῳ
1685 2265 1785 2328 τῆς
1817 2258 1913 2314 πί-

246 2369 457 2418 στεως,
498 2349 588 2403 καὶ
648 2349 824 2412 οὕτως
880 2348 1308 2423 καινοτομηθείη
1363 2351 1397 2419 ἡ
1457 2348 1687 2417 ἔκθεσις,
1744 2352 1907 2403 τοῦτο

243 2438 343 2490 καὶ
385 2439 548 2508 ἡμεῖς
575 2444 761 2512 τηρεῖν
796 2437 1068 2503 ἐθέλοντες
1093 2436 1217 2494 οὔτε
1243 2439 1305 2494 τὸ
1337 2436 1426 2494 διὰ
1462 2443 1559 2493 τοῖ’)
1609 2439 1736 2492 Υἱοῦ
1785 2435 1908 2494 οὕτε

237 2525 304 2579 τὸ
341 2524 410 2580 ἐκ
453 2530 552 2581 τοῦ
605 2527 734 2582 Υἱοῠ
766 2529 802 2598 ἢ
839 2530 914 2601 μὴ
967 2527 1026 2582 ἐκ
1070 2532 1167 2583 τοῦ
1213 2527 1343 2582 Υἱοῦ
1390 2531 1735 2603 προστιθέναι
1789 2525 1906 2582 δέον

239 2615 564 2692 ἡγούμεθα.
598 2619 873 2689 Σιγήσατε
903 2622 1031 2692 γοῦν
1082 2620 1194 2693 (77)
1243 2618 1332 2673 καὶ
1382 2618 1536 2673 αὑτοὶ
1583 2619 1685 2687 τήν
1734 2637 1906 2692 προσ-

241 2709 432 2776 θήκην
461 2707 666 2777 ταύτης
691 2712 794 2776 τῆς
821 2705 1039 2777 λέξεως,
1070 2705 1159 2762 καὶ
1195 2706 1392 2780 μηκέτι
1426 2706 1478 2762 ἐν
1509 2711 1589 2779 τῷ
1636 2702 1904 2780 συμϐόλῳ

238 2793 542 2870 ἐκφωνεῖτε
587 2795 652 2850 τὸ
700 2793 760 2848 ἐκ
813 2798 910 2849 τοῦ
962 2795 1168 2871 Ηανρὸς
1223 2795 1313 2850 καὶ
1363 2795 1422 2849 ἐκ
1474 2799 1572 2850 τοῦ
1628 2796 1762 2849 Υἱοῦ
1818 2794 1904 2850 ἐκ·

237 2883 658 2957 πορευόμενον,-
679 2881 827 2938 ἀλλὰ
883 2883 1020 2940 κατὰ
1071 2884 1200 2947 τοὺς
1259 2886 1503 2961 Πατέρας
1564 2887 1682 2958 μεθ’
1741 2887 1901 2957 ἡμῶν

244 2973 309 3027 τὸ
365 2971 424 3026 ἐκ
480 2976 578 3027 τοῦ
644 2974 856 3045 Ματρὸς
923 2973 1371 3049 ἐκπορευόμενον,
1445 2975 1509 3029 τὸ
1587 2973 1677 3028 σὺν
1734 2973 1903 3047 Πατρὶ

241 3061 336 3116 καὶ
435 3062 548 3134 Γἱῷ
642 3059 1101 3137 συνδοξαζόμενον
1196 3063 1400 3122 εἷ’πατε.
1497 3062 1743 3139 ’Δρκέσει
1845 3061 1904 3116 δὲ

2030 1992 2275 2047 tationes
2305 1993 2670 2065 excogitandi
2702 1992 2966 2062 symbolo
2996 1994 3178 2059 Fidei,
3201 1998 3258 2048 et
3285 1993 3364 2048 ita
3391 1994 3671 2064 expositio

2026 2082 2421 2147 innovaretur,
2481 2082 2538 2136 id
2618 2087 2676 2138 et
2735 2098 2840 2137 nos
2889 2098 3118 2138 servare
3169 2081 3428 2137 volentes
3487 2098 3673 2152 neque

2023 2187 2219 2226 vocem
2253 2188 2351 2242 per
2385 2170 2590 2226 Filium
2638 2187 2828 2243 neque
2885 2187 2957 2227 ex
3003 2172 3144 2226 Filio
3174 2171 3259 2225 vel
3287 2187 3394 2226 non
3424 2187 3497 2226 ea:
3525 2172 3670 2226 Filio

2022 2261 2350 2316 addendam
2383 2276 2512 2316 esse
2570 2260 2950 2316 arbitramur.
3010 2259 3270 2315 Similem
3333 2260 3530 2330 itaque
3579 2260 3668 2316 di-

2019 2350 2229 2404 ctionis
2253 2349 2613 2405 additionem
2659 2350 2894 2406 silentio
2949 2367 3051 2405 vos
3096 2365 3323 2420 quoque
3372 2348 3664 2417 involvite,

2018 2455 2204 2511 neque
2233 2439 2293 2494 in
2351 2439 2612 2510 symbolo
2663 2440 2720 2494 in
2781 2446 3077 2510 posterum
3110 2439 3523 2510 pronuntiata:
3560 2439 3667 2506 Qui

2015 2550 2084 2590 ex
2115 2539 2284 2590 Patre
2311 2533 2558 2605 Filioque
2604 2533 2871 2604 procedit,
2921 2533 3023 2589 sed
3082 2534 3404 2588 secundum
3470 2533 3667 2588 Patres

2018 2619 2320 2675 nobiscum
2352 2620 2526 2675 dicite
2559 2636 2572 2674 :
2607 2620 2714 2688 Qui
2763 2635 2834 2674 ea:
2878 2624 3047 2674 Patre
3101 2618 3367 2688 procedit,
3399 2619 3496 2690 qui
3540 2635 3664 2672 cum

2016 2710 2182 2764 Patre
2211 2712 2264 2764 ct
2289 2709 2433 2763 Filio
2471 2708 2642 2762 simul
2670 2708 3036 2776 gloriﬁcatur.
3063 2706 3212 2762 Satis
3261 2706 3523 2776 utrisque
3561 2723 3665 2761 no-

2015 2797 2105 2853 bis
2137 2802 2193 2853 et
2224 2798 2383 2852 vobis
2415 2798 2720 2852 consensio
2750 2797 2807 2850 in
2840 2811 3020 2851 unum
3053 2810 3158 2866 per
3183 2795 3433 2865 Spiritus
3474 2795 3662 2850 sancti

2013 2886 2262 2957 gratiam
2288 2886 2398 2941 erit
2417 2886 2530 2956 (79)
2575 2901 2710 2940 cum
2755 2884 3003 2940 invicem
3043 2883 3489 2951 concordemus,
3520 2885 3662 2940 dum

2014 2975 2265 3030 dicimus
2292 2981 2345 3030 et
2377 2974 2726 3030 confitemur
2771 2988 2841 3029 ex
2890 2977 3058 3029 Patre
3107 2988 3210 3044 per
3239 2971 3449 3028 Filium
3480 2973 3663 3045 Spiri-

2013 3068 2110 3118 tus
2143 3063 2584 3134 processionem.

243 3151 377 3224 ὑμῖν
405 3151 498 3207 καὶ
531 3155 670 3225 ἡμῖν
711 3152 1033 3230 ἀμφονέρων
1067 3153 1142 3216 εἷς
1196 3154 1251 3209 ’ὲν
1313 3175 1583 3227 συμπνοια
1642 3156 1754 3226 (78)
1815 3149 1903 3206 διὰ
1958 3157 2058 3220 τῆς
2119 3154 2216 3206 τοῦ
2271 3150 2426 3225 ἁγίου
2484 3151 2797 3223 Πνεύματος
2848 3151 3102 3226 χάριτος,
3158 3147 3273 3205 ἐπεὶ
3333 3154 3659 3230 συμφωνοῦ-

246 3263 345 3313 μεν
373 3240 663 3313 ἀλλήλοις
694 3243 831 3298 κατὰ
857 3243 919 3298 τὸ
951 3241 1130 3319 λέγειν
1166 3242 1226 3300 ἔκ
1257 3244 1470 3320 ΙΙατρὸς
1505 3241 1594 3298 διὰ
1621 3246 1718 3297 τοῦ
1748 3242 1876 3296 Υἱοῦ
1904 3244 2004 3296 τοῦ
2040 3240 2344 3314 Πνεύματος
2372 3241 2471 3308 τὴν
2501 3235 2837 3313 ἐκπόρευσιν.

314 3380 428 3449 (77)
461 3377 592 3433 Haec
624 3393 810 3450 usque
841 3379 914 3434 ad
947 3378 1121 3435 ﬁnem
1154 3395 1386 3435 rursum
1433 3381 1533 3435 dat
1580 3376 1829 3434 Allatius
1855 3379 1899 3432 l.

243 3467 294 3506 c.
332 3468 385 3519 p.
422 3451 552 3516 469,
583 3451 709 3517 47o,
743 3451 869 3505 472.

303 3516 417 3592 (78)
451 3522 544 3578 Sic
575 3516 704 3578 Vat.
738 3523 778 3588 f,
811 3522 904 3590 45,
932 3521 989 3579 b.
1048 3522 1224 3579 Allat.
1258 3521 1333 3584 εἷς
1391 3520 1696 3596 σύμπνοιαν
1723 3519 1802 3583 εἲς
1829 3516 1900 3576 ἓν.

2081 3375 2196 3443 (79)
2225 3373 2377 3430 Allat
2409 3391 2422 3429 :
2453 3375 2613 3448 quod
2655 3374 2798 3432 satis
2838 3375 3122 3448 utrisque,
3179 3375 3346 3432 nobis
3383 3382 3437 3431 et
3467 3375 3653 3448 vobis,

2010 3461 2269 3502 amorem
2302 3445 2656 3503 conciliabit.

1637 3830 1789 3871 ANNO
1825 3831 2022 3872 οοιιιΝι
2055 3831 2257 3873 Μεοιιι.

759 3996 833 4168 J
847 3993 1340 4171 OANN
1355 3997 1532 4170 IS
1680 3997 2531 4174 EPISCOPI
2671 3999 3150 4177 CITRI

1335 4293 1905 4382 RESPONSA
1957 4295 2559 4382 CANONICA.

1128 4459 1261 4517 Vide
1287 4461 1620 4532 Patrologiae
1641 4462 1870 4535 hujusce
1897 4465 2097 4523 Graeca;-
2123 4469 2261 4520 tom.
2284 4465 2470 4536 CXIX,
2500 4466 2603 4523 col.
2633 4467 2759 4524 959.

280 4624 3120 4656 ————-—————————————_—_—___

1736 4757 1888 4797 ANNO

1940 4756 2144 4798 EODEI.

410 4903 946 5029 MARCI
1033 4904 2188 5030 PATRIARCHAE
2276 4905 3467 5032 ALEXANDRINI

1081 5126 1840 5240 QUIESTIONES
1914 5131 2057 5216 ET
2143 5129 2748 5220 RESPONSA.

1615 5298 1741 5356 Vide
1769 5299 1930 5369 ibid,
1960 5299 2063 5357 col.
2098 5299 2259 5357 1031.
