4034 6202
431 352 546 410 223
2009 345 2078 405 JC

2192 345 2268 404 .IS
3730 353 3853 412 224

1825 638 1976 678 ANNO
2025 638 2225 679 DOIINI
2281 641 2490 682 MCCIII.

681 818 784 1016 J
802 819 1258 1018 OEL
1378 816 3585 1141 CHRONOGBAPHUS.

1878 1266 2346 1355 NOTITIA
2363 1328 2384 1354 ς

1427 1449 1658 1521 (Oudin.
1691 1449 1762 1506 de
1792 1449 1998 1523 Script.
2036 1448 2240 1506 eccles.
2273 1453 2416 1506 tom.
2451 1449 2523 1516 II,
2556 1465 2613 1521 p.
2649 1447 2830 1521 1712).

499 1797 643 1864 Joel,
677 1795 1151 1868 chronograpbus
1178 1811 1426 1870 graecus,
1459 1795 1667 1851 claruit
1723 1795 1935 1852 iisdem
1988 1795 2372 1868 temporibus,
2432 1793 2647 1865 quibus
2705 1793 3022 1849 Balduinus
3074 1791 3355 1848 Flandriw
3416 1796 3474 1847 et
3527 1793 3847 1848 Hannonis:

437 1902 632 1942 comes
663 1891 719 1939 et
749 1884 1068 1940 Gaufridus
1099 1884 1168 1939 de
1201 1882 1646 1951 Villabarduini,
1682 1883 1782 1938 sed
1816 1883 1938 1954 ipse
1968 1883 2120 1938 inter
2145 1882 2394 1938 Grmcos.
2426 1881 2662 1952 Scripsit
2695 1881 2790 1936 ille
2843 1881 3268 1950 Chronologiam
3317 1880 3529 1934 brevem
3582 1897 3680 1935 sm
3707 1897 3845 1935 con-

431 1973 806 2047 pendiariam,
841 1990 1019 2044 quam
1050 1989 1151 2044 pro
1184 1972 1514 2028 Graecorum
1544 1988 1703 2027 more
1729 1973 1958 2028 orditur
1986 1973 2056 2027 ab
2089 1974 2224 2028 orbe
2255 1971 2510 2039 condito,
2569 1971 2880 2026 adductam
2933 1972 3000 2025 ad
3051 1986 3159 2024 sua
3209 1985 3395 2040 usque
3451 1977 3731 2042 tempora,
3773 1971 3844 2026 ad

437 2067 660 2135 captam
696 2077 904 2133 nempe
934 2061 1502 2133 ConstantinOpolim
1535 2078 1569 2117 a
1598 2061 1820 2117 Latinis
1850 2078 2002 2116 anno
2061 2061 2273 2116 Christi
2335 2061 2472 2114 1204
2505 2077 2518 2114 :
2579 2060 2670 2115 cui
2727 2060 3081 2132 expeditioni
3137 2061 3375 2115 aderant
3430 2059 3759 2116 Balduinus
3792 2069 3849 2116 et

435 2153 773 2219 Gaul'ridus,
806 2153 877 2208 de
908 2152 1121 2222 quibus
1151 2167 1345 2222 supra.
1377 2151 1610 2206 Studuit
1642 2151 1740 2206 ille
1774 2151 2041 2206 brevitati
2065 2150 2526 2220 nimium,atque
2546 2150 2645 2205 ubi
2666 2148 2839 2204 latius
2869 2165 2930 2205 se
2949 2149 3276 2205 ditfundere
3323 2150 3622 2215 debuerat,
3664 2151 3841 2206 nimi-

431 2257 558 2296 rum
597 2241 749 2296 circa
773 2241 1156 2312 imperatores
1179 2241 1428 2295 Orientis
1447 2239 1782 2294 ultimorum
1813 2245 2164 2311 temporum,
2196 2239 2316 2295 illic
2345 2239 2716 2306 obtumescit,
2737 2239 3046 2310 solamque
3070 2240 3373 2295 nominum
3407 2241 3845 2296 successionem

433 2329 686 2385 exhibet.
718 2330 1001 2385 Cessatin
1034 2329 1231 2384 Alexio
1264 2333 1418 2383 Duce
1446 2329 1544 2399 qui
1575 2333 1630 2384 et
1659 2328 2034 2399 Murzuphlus
2068 2329 2256 2383 diclus
2286 2331 2396 2393 est,
2445 2344 2596 2383 anno
2640 2328 2778 2383 1204
2827 2333 3114 2396 mortuus,
3163 2327 3254 2383 his
3304 2345 3470 2383 suam
3523 2328 3844 2384 Chronolo-

431 2417 585 2488 giam
623 2417 834 2471 finiens
866 2417 1058 2472 verbis
1089 2434 1108 2470 :
1141 2418 1293 2472 Hunc
1322 2433 1447 2471 cum
1485 2416 1763 2472 occidisset
1791 2415 2063 2488 patruelis
2095 2417 2320 2472 Alexim
2355 2417 2541 2486 Ducas,
2575 2418 2673 2488 qui
2725 2419 2774 2472 et
2829 2416 3198 2488 Marsuphtus
3245 2416 3423 2472 dictus
3465 2425 3569 2483 est,
3605 2417 3844 2488 imperio

428 2508 666 2575 prie/uit
697 2523 902 2562 menses
929 2507 1079 2562 duos.
1114 2507 1231 2562 Heu
1259 2523 1357 2562 nos
1398 2508 1668 2562 miseros!
1715 2507 1776 2562 Et
1805 2507 2058 2562 maxime
2103 2523 2230 2563 cum
2264 2506 2439 2562 simus
2477 2507 2800 2576 Christiani,
2825 2506 2963 2562 talia
2986 2508 3048 2562 in
3075 2508 3422 2563 Christianos
3442 2508 3844 2563 maehinamur

428 2596 492 2649 Et
524 2612 763 2667 quanam
795 2598 1012 2652 ratione
1043 2597 1302 2652 Divinum
1323 2596 1606 2668 judicium
1637 2603 1715 2652 tot
1743 2597 1953 2652 scelera
1986 2597 2230 2651 laturum
2277 2600 2434 2663 esset,
2472 2601 2525 2651 et
2556 2612 2666 2650 non
2713 2601 2846 2651 esset
2885 2612 2984 2652 nos
3023 2597 3332 2669 captivitati
3370 2606 3423 2652 et
3465 2597 3844 2654 internecioni

427 2684 790 2740 traditurum.
827 2685 977 2754 Quod
1005 2689 1058 2741 et
1084 2689 1298 2758 factum
1327 2690 1425 2754 est,
1456 2691 1512 2741 et
1538 2687 1935 2756 spectatissima
1956 2687 2085 2741 urbs
2116 2685 2482 2755 Constantini,
2521 2685 2584 2741 ob
2632 2685 2843 2740 similia
2886 2687 3162 2757 facinora,
3212 2688 3627 2758 impietatequ
3678 2688 3840 2743 Itali:

430 2775 639 2830 tradita
667 2783 764 2831 est.
798 2774 881 2830 Ita
912 2773 1008 2830 ille
1040 2791 1209 2831 suam
1244 2792 1360 2846 qua
1389 2775 1677 2830 scribebat
1699 2780 1924 2831 aetatem
1960 2774 2238 2846 pandens,
2264 2774 2434 2845 cujus
2479 2790 2649 2830 nemo
2692 2791 2866 2848 quem
2917 2776 3176 2848 legerim,
3210 2775 3510 2846 hucusque
3541 2778 3844 2848 meminit,

431 2867 612 2917 Cuveo
645 2868 900 2934 excepto.
934 2863 1296 2936 Opusculum
1330 2863 1488 2919 istud
1515 2863 1790 2918 eductum
1823 2879 1890 2919 ex
1925 2880 2034 2919 ms.
2066 2863 2260 2921 codice
2287 2863 2479 2936 Hegias
2509 2863 2828 2919 Gailiarum
2863 2863 3248 2932 bibliothecae,
3283 2865 3501 2920 editum
3549 2865 3750 2923 Grece
3787 2872 3847 2923 et

427 2951 631 3007 Latine
663 2968 716 3007 a.
751 2953 909 3022 1651,
933 2952 1171 3008 Parisiis
1204 2953 1429 3008 in-t'olio
1461 2969 1528 3007 ex
1561 2953 1942 3024 typographia
1973 2953 2170 3025 Regia,
2219 2953 2373 3008 inter
2418 2952 2564 3009 alios
2622 2953 2932 3024 scriptores
2983 2953 3250 3010 Historia;
3295 2953 3649 3028 Byzantina,
3702 2961 3845 3028 post

431 3040 741 3096 Chronicon
769 3041 1244 3113 compendiariam
1273 3044 1506 3115 Georgii
1533 3043 1881 3116 Acropolitas,
1913 3058 2046 3115 pag.
2073 3041 2175 3097 149
2203 3050 2256 3099 et
2283 3059 2408 3114 seq.
2429 3058 2496 3098 ex
2525 3041 2786 3099 versione
2812 3041 3018 3099 Leonis
3043 3042 3259 3099 Allatii.

775 3349 1690 3523 ΙΩΗΛΟΥ
1837 3352 3508 3526 ΧΡΟΝΟΓΡΑΦΙΑ

1761 3651 1923 3745 ΕΝ
2020 3651 2580 3748 ΣΥΝΟΨΕΙ

509 4015 1038 4170 JOELIS
1145 4014 2460 4173 CHRONOGBAPHIA
2571 4020 3753 4180 COMPENDIABIA

504 4489 636 4544 1-3
659 4487 970 4545 Sciendum
993 4491 1081 4543 est
1101 4488 1394 4544 Adamum
1420 4487 1557 4545 filiis
1585 4491 1644 4546 et
1664 4489 1941 4545 omnibus
1962 4489 2078 4546 ani-

2264 4487 2456 4546 Ἰστὲον
2507 4489 2592 4548 ὅτι
2631 4494 2660 4549 ὁ
2707 4495 2791 4570 ρὶν
2848 4493 3030 4571 ’Δδὰμ
3083 4495 3342 4570 ἐπέθηχεν
3427 4498 3672 4574 ὀνόματα
3728 4508 3860 4566 τοῖς

431 4578 730 4636 mentibus
755 4593 888 4633 cum
914 4578 1289 4634 terrestribus
1310 4583 1433 4634 tum
1455 4579 1698 4636 marinis
1721 4579 1962 4636 nomina
1980 4579 2080 4635 im-

428 4667 714 4741 posuisse,
751 4682 969 4722 nomen
989 4682 1124 4721 vero
1141 4665 1300 4722 illius
1326 4673 1379 4721 et
1400 4668 1595 4723 uxoris
1616 4667 1688 4723 ab
1735 4667 1936 4739 angelo
1978 4670 2082 4724 Do-

429 4757 575 4816 mini
605 4756 785 4812 fuisse
816 4754 1209 4811 manifestata.
1243 4754 1456 4810 Cainus
1500 4757 1779 4826 majorem
1823 4775 2080 4816 sororem

429 4845 924 4914 Azuram,Sethus
944 4844 1232 4900 minorem
1261 4846 1577 4899 Asuamam
1619 4861 1855 4901 uxorem
1895 4849 2079 4905 duxit.

427 4938 646 4994 Abelus
676 4935 839 5007 virgo
863 4932 1158 5006 justitiam
1193 4932 1438 4988 colebat.
1464 4931 1677 4988 Cainus
1704 4935 1943 5005 propriis
1976 4937 2082 4992 do-

431 5044 564 5084 mus
597 5025 770 5082 ruina
801 5023 1100 5080 emoritur.
1133 5021 1345 5077 Setbus
1373 5021 1597 5093 primus
1634 5020 1948 5079 Hebraicas
1985 5023 2081 5079 lit-

427 5121 603 5184 teras,
636 5114 935 5183 scientias,
969 5112 1139 5182 signa
1183 5111 1313 5168 cmli
1370 5114 1427 5166 et
1455 5114 1868 5183 tempestatum
1901 5111 2078 5182 vices,

432 5221 914 5272 menses,necnon
945 5201 1345 5258 hebdomadas
1382 5199 1748 5269 excogitavit;
1791 5200 2081 5258 sideribus

430 5312 661 5366 quoque
689 5299 742 5351 et
776 5295 1038 5366 quinque
1069 5291 1346 5363 planetis,
1379 5294 1442 5344 ut
1475 5289 1546 5344 ab
1592 5289 1927 5347 hominibus
1956 5295 2079 5347 tan-

429 5387 552 5436 tum
582 5383 845 5452 dignosci
878 5379 1385 5454 possent,nomina
1410 5379 1712 5450 imposuit,
1736 5383 1792 5434 et
1822 5380 2075 5450 primum

429 5469 1096 5537 Saturnum,secundum
1119 5468 1581 5537 Jovem,tertium
1605 5472 1866 5538 Martem,
1892 5488 2076 5542 quar-

434 5560 558 5612 tum
607 5558 909 5623 Venerem,
963 5562 1236 5630 quintum
1294 5561 1647 5616 Mercurium
1700 5563 2072 5634 nuncupavit,

2191 4580 2374 4634 παισίν
2410 4581 2579 4636 αὐτοῦ
2619 4583 2710 4638 καὶ
2761 4591 2890 4640 πᾶσι
2939 4592 3055 4650 τοῖς
3102 4588 3270 4657 ζώοις
3320 4588 3600 4664 χερσαίοις
3647 4611 3708 4645 τε
3761 4593 3859 4647 καὶ

2193 4667 2527 4738 Θαλαττίοις,
2583 4672 2644 4726 τὸ
2704 4671 2762 4729 δὲ
2818 4673 2981 4730 αὐτοῦ
3041 4672 3214 4750 ὄνομα
3270 4678 3360 4732 καὶ
3415 4685 3514 4749 τῆς
3589 4682 3861 4753 γυναικὸς

2193 4756 2357 4812 αὐτοῦ
2416 4759 2648 4836 ἃγγελος
2716 4763 2913 4832 Κυρίου
2972 4767 3118 4821 εἶπεν
3188 4765 3394 4830 αὐτοῖς.
3481 4767 3584 4824 Καὶ
3650 4771 3678 4824 ὁ
3753 4773 3862 4843 μὲν

2195 4847 2330 4903 Κάϊν
2408 4844 2572 4904 ἔλαϐε
2647 4858 2873 4924 γυναῖκα
2945 4855 3045 4922 τήν
3122 4857 3344 4930 πρώτην
3395 4856 3559 4912 αὐτοῦ
3599 4855 3858 4932 ἀδελφὴν

2193 4935 2482 5012 ’Δζούραν,
2524 4939 2552 4993 ὁ
2603 4937 2660 4995 δὲ
2720 4943 2835 5011 Σὴθ
2894 4944 2994 5012 τὴν
3056 4942 3305 5017 δευτέραν
3365 4947 3639 5018 Ἀσουὰμ,
3698 4949 3726 5002 ὁ
3799 4947 3862 5004 δὶ

2193 5021 2367 5082 ’Ἅϐελ
2399 5027 2663 5100 παρθένος
2710 5029 2800 5085 καὶ
2869 5029 3078 5096 δίκαιος
3131 5035 3401 5110 ὑπῆρχεν.
3456 5037 3517 5093 Ὀ
3567 5033 3624 5091 δὲ
3677 5040 3848 5103 Κάϊν,

2192 5121 2293 5184 τῆς
2343 5115 2520 5180 οἰκίας
2588 5119 2738 5192 αὐτῷ
2795 5121 3086 5192 πεσνύοης,
3156 5122 3431 5182 ἀπέθανεν.
3495 5125 3558 5181 Ὁ
3616 5123 3678 5181 δὲ
3733 5130 3859 5194 Σήθ

2192 5208 2413 5279 πρῶτος
2473 5208 2653 5282 ἒξεῢρε
2712 5209 3011 5283 γράμματα
3070 5206 3328 5284 Ἑϐραϊκὰ
3385 5215 3474 5267 καὶ
3515 5213 3708 5292 σοφίαν
3757 5217 3854 5270 καὶ

2190 5294 2256 5347 τὰ
2289 5301 2490 5368 σημεῖα
2518 5300 2616 5350 τοῦ
2649 5296 2880 5372 οὐρανοῦ
2910 5300 2998 5353 καὶ
3044 5300 3139 5361 τὰς
3188 5303 3393 5375 τροπὰς
3425 5305 3531 5356 τῶν
3580 5301 3848 5359 ἐνιαυτῶν

2191 5382 2439 5446 καὶτοὺς
2474 5391 2645 5456 μῆνας
2675 5388 2763 5441 καὶ
2795 5387 2890 5449 τὰς
2932 5383 3260 5462 ἑϐδομάδας,
3310 5392 3396 5444 καὶ
3449 5397 3566 5452 τοῖς
3619 5390 3852 5466 ἄστροις

2190 5470 2448 5540 ἐπέθηκεν
2481 5473 2720 5545 ὀνόματα
2764 5476 2854 5530 καὶ
2905 5483 3022 5538 τοῖς
3081 5478 3237 5532 πέντε
3300 5475 3606 5549 πλανήταις
3663 5481 3743 5544 εἰς
3791 5485 3860 5539 τὸ

2187 5561 2543 5635 γνωρίζεσθαι
2607 5563 2710 5619 ὑπὸ
2766 5569 2871 5620 τῶν
2958 5565 3260 5642 ἀνθρώπων
3318 5568 3410 5622 καὶ
3479 5570 3690 5642 μόνων.
3757 5578 3868 5635 Καὶ

439 5645 582 5701 Post
612 5643 888 5702 diluvium
912 5647 1202 5704 Cainanus
1221 5647 1547 5718 Arphaxadi
1572 5649 1726 5706 ﬁlius
1755 5666 1886 5707 cum
1913 5651 2073 5708 Setbi

2192 5649 2276 5704 τὸν
2313 5650 2407 5724 μὶν
2448 5657 2668 5726 πρῶτον
2725 5653 3009 5728 πλανήτην
3065 5655 3286 5714 ἐκάλεσε
3338 5659 3570 5733 Κρόνον,
3636 5661 3735 5716 τὸν
3796 5659 3868 5723 Si
