4062 6202
235 369 367 426 2ξὸ

1616 367 2284 429 CHRONOGRAPHIA
2301 412 2315 426 .

3554 379 3675 437 226

231 495 497 574 δεύτερον
530 498 646 566 Δία,
704 499 796 553 τὸν
845 495 1026 570 τρίτον
1071 498 1263 571 Ἀρεα,
1295 496 1388 552 τὸν
1420 496 1672 572 τέταρτον
1703 501 1902 575 Ἀφρο-

2018 499 2177 555 illius
2211 500 2464 557 filiorum
2494 508 2550 558 et
2581 503 2839 560 siderum
2870 508 3113 565 nomina
3135 515 3186 567 Δ
3209 510 3268 566 in
3299 527 3470 566 saxeo
3503 511 3674 582 cippo

233 585 407 658 δίτην
464 589 552 642 καὶ
609 589 703 642 τὸν
751 585 958 659 πὲμτον
1019 587 1243 659 Ἑρμῆν.
1299 586 1447 641 Μετὰ
1499 583 1556 640 δὲ
1600 586 1692 641 τὸν
1739 605 1905 641 κατα-

227 675 494 750 κλυσμὸν
578 679 782 733 Καῖνᾶν
876 675 904 730 6
989 675 1105 735 υἱὸς
1183 671 1457 752 Ἀρφαξάδ
1537 674 1905 749 συνεγράψατο

229 768 347 835 τὴν
412 765 795 840 ἀστρονομίαν,
853 764 1100 839 εὑρηκὼς
1159 764 1258 832 τὴν
1312 767 1411 819 τοῦ
1480 765 1596 833 Σὴθ
1651 764 1740 817 καὶ
1797 767 1904 817 τῶν

232 856 418 911 αύτοῦ
473 857 676 910 τέκνων
737 855 1036 927 ὀνομασίαν
1084 853 1174 906 καὶ
1231 857 1337 906 τῶν
1385 852 1622 925 ἀστέρων
1653 851 1705 906 ἐν
1737 851 1907 906 πλακὶ

237 947 440 1020 λιθίνῃ
467 943 887 1021 γεγλυμμὲνην.
947 943 1018 999 Οἱ
1071 942 1172 1017 γὰρ
1223 945 1320 996 τοῦ
1352 943 1466 1010 Σήθ
1498 941 1737 1018 ἔκγονοι,
1769 961 1912 1012 προ-

241 1035 552 1109 μυηθέντες
605 1031 802 1087 ἄνωθεν
859 1033 960 1101 τήν
1027 1029 1336 1104 μέλλουσαν
1389 1029 1635 1106 γενέσθαι
1704 1029 1907 1108 φθορὰν

233 1130 353 1180 τῶν
430 1123 753 1197 ἀνθρώπων,
822 1120 1085 1191 ἐποίησαν
1153 1117 1250 1175 δύο
1313 1117 1545 1191 στηλας,
1615 1118 1739 1193 μίαν
1813 1119 1907 1192 μὶν

232 1213 486 1284 λιθίνην,
539 1210 722 1286 ἑτέραν
783 1213 871 1284 [Ρ.
909 1211 1033 1283 150]
1084 1206 1141 1264 δὲ
1185 1207 1505 1280 πλινθίνην,
1556 1208 1909 1284 λογισάμενοι

229 1302 349 1375 ὅτι,
389 1304 438 1358 εὶ
472 1303 564 1374 μὶν
594 1298 665 1356 δι’
708 1298 904 1362 ὕδατος
936 1301 963 1355 6
992 1297 1403 1372 κατακλυσμὸς,
1436 1299 1471 1368 ἡ
1505 1297 1685 1369 λιθίνη
1729 1298 1908 1370 στήλη

232 1398 408 1466 μινεῖ
454 1392 545 1446 καὶ
591 1391 659 1445 τὰ
715 1388 768 1444 ἒν
830 1389 967 1462 αὐτῇ
1022 1387 1402 1464 γεγλυμμένα,
1435 1386 1485 1442 εἴ
1513 1384 1570 1441 δὲ
1599 1384 1690 1442 διὰ
1717 1387 1910 1459 πυρὸς,

2015 591 2418 660 comperisset,
2455 591 2744 647 stellarum
2799 610 3008 652 cursus
3057 601 3470 654 commentario
3521 616 3676 655 com-

2019 677 2220 749 plexos
2278 685 2363 734 est
2415 685 2556 736 Nam
2615 682 2772 737 Setbi
2831 701 3198 744 successores
3265 689 3671 745 imminentem

2016 767 2213 837 generi
2239 768 2499 826 humano
2559 771 2877 842 perniciem
2938 777 3126 831 edocti
3167 778 3314 833 duas
3352 778 3674 845 columnas,

2019 873 2198 912 unam
2230 858 2463 928 quidem
2504 857 2818 929 lapideam,
2882 862 3119 919 alteram
3182 865 3524 931 latericiam,
3578 884 3680 923 ex-

2019 953 2275 1011 struunt,
2305 948 2432 1014 rati,
2465 947 2514 1003 si
2549 950 2808 1007 mundus
2859 969 3146 1024 aquarum
3196 955 3393 1010 illuvie
3450 957 3656 1011 immer

2019 1039 2273 1105 geretur,
2306 1033 2593 1106 lapideam
2628 1055 3078 1109 permansuram
3121 1047 3178 1098 et
3223 1060 3590 1116 quaecunque
3623 1045 3679 1101 in

2019 1138 2084 1177 ea
2112 1123 2408 1194 exsculpta
2428 1134 2617 1195 erant;
2646 1128 2694 1183 si
2732 1129 3122 1203 conﬂagraret
3159 1131 3448 1199 incendio,
3480 1132 3675 1188 lateri-

2022 1212 2175 1268 ciam
2210 1229 2537 1270 evasuram.
2569 1217 2612 1270 A
2642 1215 2956 1289 Magusmis
2987 1219 3106 1276 sive
3136 1221 3328 1278 Persis
3360 1223 3678 1294 astrologia

2021 1305 2078 1356 et
2107 1302 2295 1374 magia
2329 1303 2560 1359 initium
2619 1305 2860 1377 duxere,
2909 1326 2940 1363 a
2987 1309 3316 1367 Nembrode
3361 1311 3677 1384 Babylonis

2023 1391 2320 1448 conditore
2350 1393 2655 1451 occasione
2686 1401 2942 1467 sumpta.

221 1485 264 1552 ἡ
303 1478 572 1548 πλινθίνη
606 1479 932 1563 σωτήσεται.
963 1478 1098 1534 Ἀπὸ
1132 1475 1497 1551 Μαγουσαίων
1531 1473 1590 1530 δὲ
1617 1477 1746 1545 ἤτοι
1775 1480 1996 1550 Περσῶν
2036 1474 2238 1552 ἤρξατο
2267 1477 2607 1557 ἀστρολογὶα
2637 1481 2726 1536 καὶ
2771 1485 2988 1560 μαγεία,
3020 1479 3304 1543 λαϐόντων
3333 1488 3510 1563 ἀρχὰς
3546 1487 3673 1546 ὰπὸ.

221 1565 479 1644 Νεϐρῶό
507 1573 604 1624 τοῦ
633 1569 733 1638 τὴν
772 1562 1074 1623 Βαϐυλῶνα
1103 1566 1403 1628 κτίσαντος.

304 1662 477 1719 Μετὰ
533 1665 692 1742 Νῖνον
770 1653 1112 1714 ἐϐασίλευσεν
1177 1657 1479 1733 Ἀσσυρίων
1546 1655 1756 1732 Θύρῥας
1819 1676 1902 1718 τις

2066 1660 2198 1717 Post
2223 1661 2440 1718 Ninum
2479 1663 2854 1736 Assyriorum
2900 1683 3079 1740 regno
3124 1668 3360 1740 praefuit
3413 1670 3638 1742 Thyrra

216 1745 496 1819 τοῦνομα
560 1741 655 1815 ἔτη
726 1743 798 1814 λ’,
866 1743 926 1800 ὅν
994 1743 1086 1799 καὶ
1167 1742 1527 1818 μετεκάλεσαν
1597 1747 1764 1814 ’Ἄρεα
1830 1743 1906 1806 εἰς

216 1836 424 1910 ὄνομα
470 1839 568 1889 τοῦ
624 1832 908 1904 πλανήτου
967 1833 1210 1908 ίὶστέρος,
1273 1832 1428 1904 ᾧτινι
1481 1833 1636 1906 Ἀρει
1685 1831 1909 1905 πρώτην

219 1925 466 1996 στήλην
525 1921 813 1992 ἀνέστησαν
866 1925 918 1976 οἱ
967 1921 1273 1996 Ἀσσύριοι,
1321 1921 1412 1976 καὶ
1461 1920 1535 1982 ὡς
1581 1921 1699 1976 θεὸν
1742 1920 1907 1996 μέχρι

215 2021 334 2072 τοῦ
398 2019 488 2068 νῦν
534 2016 959 2088 προσκυνοῦντες
1008 2009 1242 2066 καλοῦσι
1291 2011 1545 2084 Περσιστὶ
1607 2008 1908 2082 Βαᾶλθεὸς,

217 2107 252 2160 δ
285 2104 448 2160 ἐστιν
477 2105 657 2178 ’Ἄρης
686 2100 949 2174 πολέμων
982 2101 1122 2170 Θεὸς,
1152 2099 1214 2154 οὗ
1243 2100 1330 2153 καὶ
1362 2098 1575 2168 Λανιὴλ
1611 2100 1906 2173 μέμνηται.

297 2195 406 2251 Ἑν
457 2198 578 2256 τοῖς
632 2191 858 2267 χρόνοις
915 2197 1014 2259 τῆς
1073 2187 1354 2265 βασιλείας
1414 2192 1509 2243 τοῦ
1552 2188 1810 2249 Φοίνικος
1836 2187 1908 2257 ἦν

211 2281 526 2359 ’Ἡρακλῆς
580 2281 908 2359 φιλόσοφος,
964 2279 991 2333 6
1043 2278 1263 2352 Τύριος,
1319 2278 1411 2332 καὶ
1462 2283 1564 2347 τῆς
1618 2275 1908 2354 κογχύλης

217 2374 561 2453 ἐφευρετής.
630 2368 1110 2443 Μετεωριζόμενος
1171 2368 1275 2443 γὰρ
1342 2365 1430 2420 ἐπὶ
1506 2367 1570 2422 τὸ
1635 2365 1907 2442 παράλιον

221 2464 412 2537 μέρος
468 2467 570 2529 τῆς
650 2458 836 2531 Τύρου
913 2454 1022 2512 εἶδε
1077 2455 1395 2528 ποιμενικὸν
1471 2455 1603 2510 κύνα
1655 2453 1903 2519 ἐσθίοντα

219 2555 334 2620 τήν
368 2549 679 2623 λεγομένην
709 2546 1020 2622 κογχύλην,
1072 2545 1158 2601 καὶ
1205 2550 1303 2600 τοῦ
1353 2545 1614 2618 ποιμένος
1642 2546 1904 2618 νομίσαν-

216 2663 324 2704 τος
374 2641 663 2714 αἱμάσσειν
728 2638 820 2691 τὸν
884 2635 1038 2707 κύνα,
1083 2631 1354 2699 λαϐόντος
1403 2636 1571 2689 πόκον
1613 2629 1758 2710 ἔριον
1797 2633 1905 2689 ἀπὸ

219 2737 340 2786 τῶν
392 2724 686 2805 προϐάτων
749 2728 837 2781 καὶ
888 2722 1268 2798 ἀπομᾶξιντος
1333 2726 1394 2779 τὸ
1465 2723 1902 2800 καταφερόμενον

225 2822 292 2877 ἐκ
324 2825 430 2876 to?)
463 2817 740 2892 στόματος
780 2821 877 2871 τοῦ
924 2817 1104 2882 κυνὸς,
1153 2815 1241 2869 καὶ
1291 2813 1549 2890 βαφέντος
1581 2818 1676 2869 τοῦ
1705 2813 1901 2882 πόκου,

227 2914 550 2986 προσέσχεν
613 2908 640 2961 6
697 2905 975 2979 Ἡρακλῆς
1038 2907 1113 2978 μὴ
1174 2904 1310 2958 εἶναι
1369 2902 1498 2959 αὐτὸ
1557 2904 1714 2977 αἷμα,
1756 2901 1903 2958 ἀλλὰ

229 3003 542 3078 βάμματος
571 2996 849 3072 πρόξενον,
889 2993 917 3050 6'
945 2994 1034 3050 καὶ
1084 2992 1362 3068 Θαυμάσας
1431 2993 1505 3056 ὡς
1563 2993 1698 3067 μέγα
1729 2991 1903 3069 δῶρον

225 3090 393 3145 τουτὶ
424 3088 752 3163 προσήγαγε
798 3089 878 3156 τῷ
931 3083 1147 3159 βασιλεῖ
1175 3081 1414 3150 Φοίνικι,
1449 3082 1507 3144 ὅς
1553 3081 1644 3136 καὶ
1689 3079 1900 3154 μᾶλλον

2019 1767 2206 1808 annos
2227 1752 2484 1823 triginta.
2511 1753 2598 1810 Illi
2631 1770 2662 1810 e
2694 1755 2925 1828 planeta
2947 1773 3160 1814 nomen
3187 1758 3392 1815 Martis
3416 1759 3670 1817 inditum

2017 1843 2128 1907 est,
2157 1843 2214 1896 et
2242 1849 2432 1898 statua
2462 1843 2652 1912 prima
2688 1848 2899 1903 erecta.
2946 1851 3088 1902 Eum
3148 1848 3373 1920 Assyrii
3428 1849 3497 1903 ad
3547 1849 3670 1906 hac

2016 1935 2281 2001 tempore
2307 1948 2408 2004 pro
2457 1933 2564 1990 deo
2609 1934 2882 2003 colentes,
2935 1937 3132 2010 lingua
3171 1937 3394 1994 Persica
3442 1939 3670 1995 Baalem

2017 2019 2190 2076 deum
2211 2024 2597 2092 vocant,quod
2622 2028 2786 2080 notat
2807 2025 2959 2081 Mars
2977 2025 3267 2082 bellorum
3304 2029 3468 2082 deus.
3507 2025 3674 2081 Illius

2019 2108 2286 2164 meminit
2315 2108 2540 2166 Daniel.

2067 2197 2450 2270 Temporibus
2474 2199 2762 2256 Phcenicis
2785 2201 2938 2274 regis
2969 2201 3242 2259 Heracles
3289 2202 3596 2276 philosOph
3609 2219 3673 2258 us

2016 2286 2228 2359 Tyrius
2259 2303 2652 2361 purpuraque
2682 2290 2946 2348 inventor
2995 2291 3260 2361 ﬂorebat,
3289 2291 3500 2364 quippe
3536 2293 3671 2365 Tyri

2014 2376 2304 2432 maritima
2324 2377 2713 2435 obambulans
2745 2380 3124 2452 pastoricium
3156 2382 3436 2454 comperit
3467 2397 3671 2437 canem

2016 2463 2384 2533 conchylium
2437 2467 2866 2537 depacentem,
2918 2485 3090 2541 quem
3153 2475 3349 2542 pastor
3387 2471 3670 2541 sanguine

2013 2553 2215 2610 videns
2237 2555 2540 2625 infectum,
2563 2556 2706 2613 lana
2732 2558 2940 2615 vellere
2966 2576 3035 2615 ex
3058 2559 3266 2615 ovibus
3294 2567 3478 2630 rapto,
3515 2560 3669 2630 quod

2015 2644 2086 2697 ab
2117 2643 2245 2711 ejus
2275 2659 2372 2700 ore
2398 2645 2720 2716 proﬂuebat
2751 2647 3026 2703 abstersit
3056 2664 3070 2715 ;
3131 2663 3264 2702 cum
3325 2651 3515 2702 autem
3559 2650 3665 2701 He-

2017 2731 2202 2785 racles
2222 2730 2406 2786 vellus
2428 2749 2540 2788 non
2561 2735 2846 2806 sanguine
2879 2735 3042 2807 tingi,
3076 2736 3174 2790 sed
3223 2751 3373 2790 nova
3403 2736 3659 2806 quadam

2015 2820 2273 2876 tinctura
2303 2821 2458 2877 infici
2492 2823 2878 2892 observasset,
2931 2825 3256 2881 admiratus
3306 2826 3504 2897 magni
3536 2825 3662 2880 loco

2015 2908 2278 2963 muneris
2302 2908 2558 2966 Phoenici
2584 2911 2706 2983 regi
2725 2911 3065 2983 obtulit,qui
3087 2917 3144 2969 et
3166 2913 3288 2983 ipse
3311 2913 3355 2968 5
3385 2913 3672 2969 attonitus

2016 2995 2209 3050 lanam
2235 2996 2536 3066 conchylio
2566 2998 2714 3070 tingi
2746 2998 3008 3071 pracipit
3025 3000 3258 3070 sibique
3277 3007 3492 3056 vestem
3519 3001 3664 3056 ﬁeri.

2015 3083 2108 3138 Sic
2138 3083 2359 3154 primus
2389 3085 2516 3157 ipse
2546 3091 2927 3159 purpuratam
2978 3088 3343 3160 chlamydem
3389 3089 3665 3161 gestavit.

222 3181 534 3254 ἐκπλαγεὶς
572 3177 852 3232 ἐκέλευσεν
884 3175 988 3229 ἀπὸ
1018 3171 1305 3251 κογχύλης
1337 3166 1482 3247 ἔριον
1517 3174 1756 3252 βαφῆναι
1796 3171 1887 3227 καὶ
1941 3171 2186 3249 γενέσθαι
2229 3172 2374 3246 αὐτῷ
2401 3170 2783 3250 περιϐόλαιον,
2813 3178 2902 3232 καὶ
2938 3178 3084 3233 οὕτω
3114 3181 3333 3252 πρῶτον
3367 3177 3525 3233 αὐτὸν
3562 3198 3670 3254 φο-

223 3273 388 3348 ρέσαι
415 3267 640 3341 ἱμάτιον
669 3264 728 3320 ἐκ
756 3265 1062 3341 πορφύρας.

295 3358 454 3412 Μετὰ
531 3349 1026 3428 Ναϐουχοδονόσορ
1095 3350 1185 3405 καὶ
1262 3349 1549 3424 Βαλτάσαρ
1615 3349 1708 3403 τὸν
1777 3349 1894 3404 υἱὸν

222 3447 400 3503 αὖτοῦ
454 3439 772 3500 ἐϐασίλευσε
828 3447 1038 3517 Περσην
1094 3444 1274 3510 Κῦρος
1322 3441 1350 3495 6
1400 3440 1610 3514 Πέρσης
1653 3435 1749 3509 ’ἐτη
1782 3437 1892 3514 λβ’,

224 3536 290 3597 ὅς
354 3533 604 3608 πόλεμον
664 3529 886 3604 μέλλων
961 3524 1264 3603 συμϐαλεῖν
1323 3528 1459 3603 πρὸς
1516 3531 1749 3602 Κροῖσον
1805 3527 1896 3581 τὸν

226 3630 345 3680 τῶν
381 3621 572 3678 Λυδῶν
623 3619 854 3697 βασιλὲα
902 3619 991 3673 καὶ
1052 3613 1314 3695 φοϐηθεὶς
1376 3616 1759 3690 μετεπέμψατο
1790 3613 1896 3671 ἀπὸ

233 3721 341 3782 τῆς
367 3711 598 3782 Ἰνδικῆς
629 3711 820 3786 χώρας
841 3709 933 3764 τὸν
955 3709 1244 3787 προφήτην
1268 3706 1494 3775 Δανιὴλ,
1519 3704 1576 3766 ὅς
1607 3705 1898 3779 ἐρωτηθεὶς

239 3805 366 3858 εἶπε
423 3801 560 3874 πρὸς
619 3804 816 3874 Κῦροψ
878 3799 1091 3873 Θάρσει,
1149 3801 1301 3867 νικᾷς
1367 3795 1459 3851 τὸν
1512 3794 1708 3870 ἐχθρόν
1778 3815 1895 3853 σου.

240 3893 373 3968 Περῖ
437 3895 533 3946 σοῦ
606 3890 712 3966 γὰρ
790 3890 939 3944 εἶπεν
993 3887 1022 3940 6
1081 3891 1374 3960 προφῆτης
1429 3881 1676 3946 ’Ἡσαΐας
1741 3884 1898 3940 Οὕτω

240 3985 390 4059 λέγει
461 3980 663 4056 Κύριος
711 3981 790 4050 τῷ
859 3977 1044 4051 Κύρῳ,
1108 3975 1170 4029 οὗ
1228 3972 1502 4048 ἐκράτησα
1565 3978 1666 4040 τῆς
1727 3968 1901 4041 δεξιᾶς

239 4071 571 4131 Ἐπακούσει
688 4067 992 4142 ἔμπροσθεν
1089 4063 1253 4119 αὐτοῦ
1356 4062 1511 4132 ἓονη,
1582 4062 1674 4116 καὶ
1736 4060 1898 4139 ἱσχυν

243 4161 520 4239 βασιλέως
623 4155 920 4233 διαρῥῆξω.
1037 4153 1207 4216 Δύτὸς
1329 4149 1690 4225 οἰκοδομήσει
1799 4150 1897 4217 τὴν

241 4252 404 4309 πόλιν
483 4271 612 4324 μου,
680 4247 771 4303 καὶ
827 4247 926 4314 τὴν
986 4242 1378 4319 αῗχμαλωσίαν
1442 4247 1540 4297 τοῦ
1607 4239 1743 4295 λαοῦ
1796 4263 1902 4316 μου

240 4341 578 4417 ἒπιστρέψευ
655 4337 772 4392 εἷπε
847 4335 1048 4408 Κύριος
1128 4327 1383 4394 Σαϐαὼθ.
1459 4332 1521 4387 Ὀ
1598 4327 1655 4384 δὲ
1722 4335 1901 4404 Κῦρος

201 3429 216 3459 ἵ

2059 3351 2197 3408 Post
2249 3352 2883 3413 Nabuchodonosorem
2940 3361 3000 3413 et
3053 3356 3414 3413 Baltasarcm
3472 3356 3662 3414 tilium

2006 3444 2312 3495 Persarum
2373 3457 2615 3514 regnum
2675 3444 2860 3500 tenuit
2913 3445 3095 3517 Cyrus
3175 3461 3361 3500 annos
3419 3445 3667 3516 triginta

2006 3529 2176 3584 duos.
2209 3527 2314 3585 Hic
2341 3546 2476 3586 cum
2509 3533 2788 3589 adversus
2816 3537 3078 3588 Graecum
3131 3533 3421 3605 Lydorum
3463 3549 3660 3603 regem

2007 3615 2227 3672 bellum
2259 3625 2505 3688 pararet,
2538 3620 2750 3677 timore
2779 3623 3036 3694 percitus
3083 3622 3154 3676 ab
3188 3621 3388 3677 Indica
3423 3622 3660 3690 regione

2007 3707 2304 3764 Danielem
2330 3711 2668 3781 prophetam
2701 3711 3046 3767 accersitum
3098 3711 3169 3765 ad
3217 3727 3280 3765 se
3324 3709 3502 3764 misit.
3545 3710 3666 3765 Da-

2009 3798 2122 3854 niel
2175 3799 2566 3870 interrogatus
2650 3801 2998 3872 respondit:
3069 3805 3214 3856 Bono
3271 3803 3378 3856 esto
3443 3801 3660 3866 animo,

2009 3890 2221 3946 hostem
2251 3902 2410 3949 tuum
2437 3889 2690 3946 devinces
2717 3892 2950 3963 quippe;
2995 3890 3060 3946 de
3107 3899 3160 3946 te
3188 3891 3367 3946 Isaias
3394 3895 3660 3961 propheta

2010 3984 2345 4039 vaticinatus
2375 3985 2452 4036 est
2485 3997 2498 4035 :
2534 3979 2624 4035 Sic
2650 3980 2786 4035 dicit
2820 3980 3093 4035 Dominus
3127 3980 3293 4050 Cyro,
3333 3979 3496 4050 cujus
3525 3981 3668 4034 dea:-

2011 4077 2185 4126 teram
2240 4068 2594 4143 apprehendi,
2654 4072 2716 4123 ut
2772 4068 3065 4140 subjiciam
3115 4073 3244 4124 ante
3288 4069 3489 4140 faciem
3546 4070 3664 4137 eius

2010 4166 2193 4229 gentes
2248 4168 2299 4216 et
2346 4157 2518 4214 robur
2573 4156 2723 4226 regis
2779 4158 3149 4228 confringam.
3192 4159 3314 4230 Ipse
3366 4156 3670 4226 aediﬁcabit

2010 4248 2286 4304 civitatem
2315 4263 2516 4314 meam,
2547 4249 2598 4301 et
2627 4245 3005 4317 captivitatem
3041 4246 3236 4318 populi
3277 4246 3390 4302 mei
3438 4261 3665 4302 conver-

2014 4341 2107 4404 tet,
2138 4337 2273 4393 dicit
2305 4337 2574 4391 Dominus
2600 4334 2857 4390 Sabaoth.
2898 4334 2998 4389 His
3063 4333 3281 4390 auditis
3329 4334 3512 4404 Cyrus
3561 4340 3667 4390 Da-

247 4431 473 4491 ἆκούσας
503 4433 674 4484 ταῦτα
722 4428 840 4481 εἷπε
887 4423 1022 4499 πρὸς
1064 4420 1194 4484 τοὺς
1233 4417 1403 4482 πόδας
1441 4423 1538 4474 τοῦ
1571 4418 1776 4486 Δανιὴλ
1808 4439 1900 4474 πε.

2018 4424 2180 4480 nielis
2211 4425 2281 4480 ad
2316 4424 2491 4496 pedes
2527 4423 2866 4490 concidens,
2932 4423 3100 4492 Vivat,
3159 4422 3371 4494 inquit,
3407 4425 3670 4479 Dominus

247 4523 372 4574 σών.
431 4522 509 4591 Ζῇ
568 4517 772 4587 Κύριος
830 4514 859 4567 6
912 4513 1043 4574 Θεός
1116 4531 1230 4566 σου.
1291 4509 1435 4584 Ἐγὼ
1489 4505 1752 4562 ἀπολύσω
1807 4508 1899 4562 τὸν

247 4606 464 4682 Ἰσραὴλ
527 4606 588 4660 ἐκ
637 4611 741 4674 τῆς
799 4609 903 4679 γῆς
965 4621 1094 4674 μου,
1145 4599 1233 4652 ἳνα
1287 4597 1625 4671 λατρεύσωσι
1658 4601 1737 4666 τῷ
1782 4600 1898 4668 Θεῷ

250 4697 418 4752 αύτῶν
494 4694 550 4750 ἒν
641 4691 1028 4766 Ἰερουσαλήμ.
1121 4686 1578 4762 Πάραταξάμενος
1655 4683 1747 4738 οὖν
1822 4689 1902 4757 τῷ

250 4785 482 4859 Κροίσῳ,
533 4781 670 4837 κατὰ
717 4780 915 4855 κράτος
962 4777 1203 4846 ἡττήσας
1253 4773 1344 4829 καὶ
1399 4770 1660 4847 χιλιάδας
1689 4774 1734 4826 υ¹
1764 4773 1901 4826 άπο-
1937 4835 1950 4842 _

251 4872 431 4946 λὲσας,
473 4872 606 4934 τοὺς
657 4868 713 4924 δὲ
762 4867 992 4928 λοιποὺς
1044 4863 1436 4939 αἰχμαλώτους
1488 4861 1582 4916 σὺν
1625 4861 1772 4932 αὐτῷ
1804 4859 1902 4915 λα-

253 4958 378 5032 ϐὼν,
432 4962 522 5017 καὶ
572 4962 674 5030 τὴν
719 4962 830 5013 τῶν
891 4953 1086 5011 Λυδῶν
1145 4951 1429 5027 βασιλείαν
1467 4947 1692 5014 τελείως
1737 4971 1904 5005 κατα-

255 5051 435 5119 λύσας,
494 5051 626 5112 τοὺς
694 5047 848 5110 υἱοὺς
924 5040 1144 5119 Ἰσραὴλ
1215 5041 1416 5102 πάντας
1497 5038 1692 5102 εὐθέως
1769 5041 1903 5112 μετᾶ

259 5136 562 5214 Ζοροϐάϐελ
595 5136 861 5193 ἀπέλυσεν
901 5133 952 5190 ἐν
979 5129 1367 5207 Ἰερουσαλήμ.

329 5232 469 5288 Μετᾶ
522 5227 580 5284 δὲ
637 5231 814 5300 Κῦρον
872 5219 1190 5279 ἐϐασίλευσε
1246 5224 1469 5293 Δαρεῖος
1504 5219 1677 5280 ὁυὶὸς
1713 5217 1900 5290 αὐτοῦ,

265 5321 399 5375 ὁκαὶ
431 5313 759 5392 Καμϐύσης,
816 5311 909 5385 ἔτη
962 5313 1031 5384 η’.
1085 5311 1233 5368 Μετὰ
1280 5307 1338 5364 δὲ
1377 5303 1680 5381 Καμϐύσης
1711 5309 1902 5382 Ἀρτα.

265 5411 435 5484 ξὲρξης
465 5411 491 5464 ὁ
522 5410 768 5481 Μνήμων
793 5402 885 5474 ἔτη
913 5405 978 5460 κζ

329 5500 512 5557 Ἰστέον
553 5497 613 5553 δὲ
670 5494 756 5552 ὅτι
810 5496 1022 5566 Ῥῶμος
1079 5493 1108 5547 6
1164 5497 1264 5561 τῆς
1309 5489 1532 5562 Ῥώμης
1576 5485 1902 5562 βασιλεύσας

262 5591 320 5645 τὰ
361 5589 632 5667 λεγόμενα
675 5581 1002 5660 Βρουμάλια
1051 5579 1342 5651 ἒπενόησεν
1393 5575 1464 5667 δι’
1510 5576 1688 5640 αἰτίας
1715 5578 1906 5633 τοιαύ-

262 5699 371 5752 της.
412 5662 552 5734 ίίιασὶ
605 5676 716 5752 γὰρ
774 5671 940 5728 αὐτόν
983 5693 1014 5728 τ
1097 5669 1188 5726 καὶ
1236 5669 1328 5725 τὸν
1380 5662 1616 5746 ἀδελφὸν
1645 5664 1811 5721 αὐτοῦ
1841 5666 1901 5723 ἐκ

2017 4519 2165 4569 Deus
2188 4523 2314 4569 tuus
2337 4529 2356 4567 :
2381 4527 2478 4581 ego
2503 4512 2768 4567 Israetem
2801 4528 2873 4568 ea:
2900 4527 3055 4567 servo
3083 4512 3292 4584 faciam
3311 4515 3367 4567 ut
3396 4514 3472 4568 sit
3505 4514 3668 4580 liber,

2009 4608 2060 4660 et
2088 4621 2129 4659 a
2157 4619 2288 4659 mea
2317 4602 2524 4658 ditione
2560 4601 2858 4669 dimittam,
2891 4607 2951 4656 ut
2981 4601 3380 4674 Hierosolymis
3420 4604 3526 4658 Deo
3569 4618 3669 4658 suo

2011 4691 2219 4746 cultum
2267 4690 2544 4746 exhibeat.
2595 4690 2690 4746 Sic
2738 4689 2863 4746 acie
2901 4689 3184 4746 instructa
3250 4695 3455 4748 contra
3510 4692 3668 4748 Croe-

2014 4797 2142 4836 sum
2162 4781 2221 4836 in
2253 4781 2686 4836 dimicationem
2704 4780 3082 4852 venit,eoque
3113 4781 3376 4850 subjecto
3433 4785 3490 4835 et
3520 4796 3666 4849 qua-

2014 4869 2341 4941 dringentis
2399 4869 2666 4924 millibus
2720 4870 2904 4936 cassis,
2956 4870 3058 4940 qui
3117 4868 3266 4923 cladi
3326 4871 3672 4938 supererunt

2014 4961 2269 5030 captivos
2295 4960 2447 5027 fecit,
2478 4960 2885 5031 Lydorumque
2915 4958 3156 5030 imperio
3180 4959 3443 5014 funditus
3473 4973 3668 5011 everso

2013 5049 2170 5105 nulla
2235 5066 2399 5106 mora
2484 5047 2781 5104 Israelitas
2850 5064 3057 5104 omnes
3125 5063 3257 5102 cum
3317 5044 3667 5100 Zorobaliclo

2013 5139 2263 5208 dimisit,
2297 5144 2363 5195 ut
2390 5139 2706 5194 Jerusalem
2742 5141 3085 5209 repeterent.

2067 5228 2204 5284 Post
2231 5229 2443 5299 Cyrum
2475 5226 2682 5282 Darius
2714 5227 2888 5294 illius,
2913 5224 3014 5295 qui
3053 5229 3110 5280 et
3139 5224 3458 5296 Cambyses
3481 5222 3668 5279 dictus

2014 5319 2120 5384 est,
2155 5329 2394 5381 regnum
2426 5312 2617 5368 tenuit
2673 5327 2856 5366 annos
2911 5313 3063 5366 octo.
3124 5313 3259 5366 Post
3315 5309 3664 5380 Cambyscm

2013 5405 2353 5471 Artaxeryes
2384 5401 2608 5456 Memor
2637 5416 2820 5456 annos
2850 5398 3076 5472 viginti.

2067 5492 2114 5544 ϐ
2146 5488 2459 5545 Sciendum
2493 5493 2583 5544 est
2624 5492 2894 5556 Romam,
2955 5487 3056 5558 qui
3100 5490 3297 5544 Roma:
3339 5487 3665 5560 imperavit,

2015 5577 2306 5634 Brumalia
2336 5593 2451 5633 non
2510 5576 2624 5633 alia
2679 5577 2750 5632 de
2805 5590 2982 5632 causa
3035 5577 3418 5649 excogitasse.
3453 5578 3670 5633 Ferunt

2017 5683 2264 5743 namque
2317 5667 2510 5739 ipsum
2567 5683 2682 5724 una
2736 5682 2866 5724 cum
2916 5665 3094 5724 fratre
3150 5666 3435 5726 adulterio
3475 5667 3664 5727 editos
