4062 6202
458 345 575 405 227
2025 333 2060 395 J

2264 330 2294 390 5
3758 335 3868 394 228

459 477 638 550 sylvis
667 476 956 546 expositos
984 477 1042 530 et
1069 472 1142 528 ab
1172 471 1387 542 agresti
1420 470 1673 542 quadam
1723 471 1971 527 muliere
2009 469 2063 524 in

2259 463 2466 538 ορνείας
2522 461 2877 538 γεννηθέντας
2937 461 2993 519 έν
3045 461 3286 520 ἆλσώδει
3335 462 3492 538 τόπῳ
3523 464 3751 544 ῥιφῆναι
3779 470 3860 524 καὶ

463 571 686 630 ventos,
710 564 992 620 enutritos
1016 561 1212 616 fuisse.
1248 563 1424 615 Porro
1461 558 1951 616 contumeliosum
1983 575 2067 614 era

2260 556 2323 608 πὸ
2389 554 2712 627 ἀγροικικῆς
2782 574 2932 615 τινος
3026 555 3282 627 γυναικὸς
3355 556 3665 630 εὑρεθέντας
3743 558 3864 613 ἀνα-

463 657 614 729 apud
635 661 930 711 Romanos
955 649 1143 705 alieno
1165 649 1295 705 cibo
1323 648 1552 713 nutriri,
1577 653 1633 704 et
1655 648 1904 705 aliarum
1943 663 2067 702 men

2258 650 2500 720 βαεῆναι.
2534 641 2783 705 Ὀνειδος
2817 640 2874 697 δὲ
2921 644 2988 712 ἦν
3039 644 3342 717 Ῥωμαίοις
3371 647 3434 700 τὸ
3465 645 3518 719 ἐξ
3557 645 3862 722 ἀλλοτρίων

460 759 658 801 sarum
679 744 1028 811 captatorem
1055 738 1186 794 dici.
1206 737 1568 809 Quapropter
1585 737 1800 792 Romus
1814 735 2064 791 Brumali

2257 734 2496 812 ρέφεσθαι
2562 734 2651 787 καὶ
2718 733 3198 813 ἀλλοτριοφάγους
3293 735 3604 800 καλεῖσθαι.
3663 742 3722 796 Ὁ
3778 737 3861 794 οὖν

462 833 830 886 commentus
862 832 968 893 est,
1003 831 1067 881 ut
1098 828 1382 881 maculam
1440 825 1673 894 deleret,
1716 840 1950 880 necesse
1981 839 2066 880 ess

2259 823 2426 892 ’ὦμος
2482 821 2545 876 τὸ
2621 821 2822 876 οἰκεῖον
2909 817 3120 886 ὄνειδος
3191 821 3469 898 ἐξαλεῖψαι
3531 827 3863 899 βουλόμενος

462 918 762 974 afﬁrmans
791 920 1062 972 senatum
1094 913 1219 970 alia
1243 913 1576 983 rege,veluti
1596 914 1814 969 honore
1833 914 2066 984 dignum

2256 911 2470 980 τενόησε
2527 910 2596 964 τά
2661 909 3008 985 Βρουμάλια,
3067 911 3302 986 εἰρηκὼς
3369 913 3669 990 ἀναγκαῖον
3733 917 3860 972 εἶναι

459 1005 672 1062 hiemis
701 1010 959 1076 tempore
998 1003 1249 1074 bellique
1279 1003 1554 1070 induciis,
1579 1002 1893 1058 exercitum
1931 1019 1966 1056 a
2008 1017 2063 1056 se

2260 1023 2300 1054 ›ν
2360 997 2592 1075 βασιλέα
2638 1001 2851 1077 τρέφειν
2905 1001 3006 1070 τήν
3066 999 3272 1057 οἴκείαν
3334 1000 3646 1078 σύγκλητον
3695 1003 3745 1059 ἐν
3789 1008 3864 1077 τῷ

457 1100 622 1152 natu.
650 1092 918 1150 Convivio
943 1108 1154 1149 nomen
1188 1091 1542 1148 Brumalium
1586 1091 1766 1158 dedit,
1791 1091 1946 1162 quod
1997 1089 2061 1145 Rt

2257 1093 2383 1162 ιιρῷ
2418 1093 2516 1144 τοῦ
2575 1094 2857 1164 χειμῶνος
2911 1088 2987 1151 ὡς
3055 1088 3325 1163 ἐντίμους,
3386 1091 3515 1146 ὅταν
3581 1093 3861 1168 ἧρεμῶσιν

450 1201 619 1241 mana
676 1183 879 1256 lingua
935 1187 1107 1239 sonat
1187 1180 1376 1239 alieno
1450 1181 1604 1238 victu
1688 1196 1818 1236 esse
1899 1180 2054 1236 educ:

2260 1183 2385 1235 ιτοῦ
2414 1178 2688 1252 πολέμου,
2717 1181 2815 1249 τήν
2876 1176 2934 1234 δὲ
2993 1177 3306 1253 σύγκλητον
3343 1180 3510 1238 πάλιν
3532 1181 3746 1260 τρέφειν
3777 1183 3864 1240 τὸν

453 1283 602 1331 tum.
2207 1268 2453 1343 στρατόν.
2531 1267 2791 1326 Ἑκάλεσε
2858 1265 2916 1323 δὲ
2980 1270 3042 1323 νὸ
3107 1267 3285 1342 ὄνομα
3347 1275 3446 1326 τοῦ
3518 1269 3743 1346 ἀρίστου
3812 1274 3864 1350 ἐξ

449 1362 657 1417 ἐκείνου
689 1359 1115 1436 Βρουμάλιουμ,
1148 1361 1177 1414 8
1198 1357 1310 1414 ἔστι
1340 1355 1639 1431 Ῥωμαϊστὶ
1677 1357 1728 1427 ἐξ
1759 1353 2072 1431 ἀλλοτρίων
2105 1361 2395 1432 τραφῆναι.

515 1454 649 1510 Post
677 1453 931 1508 Romam
952 1467 1085 1507 cum
1135 1451 1319 1506 Roma
1356 1466 1390 1505 a
1432 1447 1771 1505 consulibus
1814 1453 1872 1503 et
1908 1448 2093 1502 diota-

2273 1446 2422 1503 Μετᾶ
2450 1445 2506 1502 δὲ
2559 1452 2769 1521 Ῥωμον
2826 1447 2931 1502 ὑπὸ
2990 1447 3208 1503 ὑπάτων
3258 1450 3350 1504 καὶ
3404 1456 3725 1528 στρατηγῶν
3757 1461 3858 1524 τῆς

444 1543 671 1598 toribus
704 1545 1022 1612 regeretur,
1055 1541 1204 1595 inter
1227 1556 1328 1596 eos
1352 1538 1604 1594 Manlius
1634 1535 1944 1592 Februario
1970 1552 2048 1591 cu

2255 1537 2424 1608 ’ώμης
2457 1533 2864 1610 διοικουμένης,
2922 1537 2968 1591 ὦ
3025 1538 3106 1599 εἷς
3164 1537 3231 1606 ἦν
3285 1537 3377 1594 καὶ
3412 1539 3650 1611 Μάλιος,
3684 1543 3712 1596 ὁ
3744 1549 3859 1598 Φε-

449 1630 586 1685 dam
618 1629 866 1687 senatori
914 1627 1156 1696 invisus,
1204 1627 1336 1684 aliis
1384 1627 1746 1683 senatoribus
1795 1625 1946 1681 mala
1991 1625 2053 1680 Fr

2255 1625 2496 1697 :oua'ptoc
2547 1623 2914 1702 συγκλητικὸς
2973 1623 3049 1679 ὢν
3106 1625 3196 1682 καὶ
3255 1631 3336 1699 τῷ
3393 1626 3598 1702 Μαλίῳ
3657 1634 3859 1708 φθονή-

445 1721 664 1778 bruarii
696 1722 898 1778 fraude
953 1674 1224 1787 seductis,
1283 1719 1509 1774 civitate
1567 1718 1816 1788 ejicitur.
1870 1718 2049 1772 Intere

2257 1674 2495 1697 -ν-ννι---τ
2551 1674 2911 1702 ν-ιτν-ν-ι-ν--ντ
2978 1674 3042 1679 -ν-
3108 1674 3196 1682 ----
3266 1674 3332 1699 -τ
3393 1674 3597 1702 ’ω’-ἠτ
3659 1674 3858 1708 Tir-"4’

2257 1736 2300 1777 ις
2399 1715 2766 1790 παρεσκεύασε
2836 1715 2965 1777 τοὺς
3025 1714 3424 1790 συγκλητικοὺς
3497 1722 3690 1774 τοῦτον
3761 1729 3861 1791 τῆς

447 1811 596 1866 Galli
629 1811 722 1867 die
752 1809 984 1867 Sextilis
1014 1809 1230 1865 mensis
1273 1808 1550 1879 vigesimo
1571 1807 1784 1878 impetu
1829 1806 1979 1861 facto
2011 1821 2045 1861 ιι

2257 1803 2424 1866 όλεως
2455 1802 2728 1875 ἐκδιῶξαι.
2787 1805 2908 1860 Τῶν
2968 1802 3061 1860 οὖν
3121 1802 3352 1860 Γάλλων
3409 1811 3479 1881 τῇ
3539 1807 3716 1863 εῗκάδι
3763 1815 3861 1865 τοῦ

449 1901 580 1957 bem
611 1908 893 1970 occupant
921 1908 974 1954 et
1018 1899 1275 1954 caedibus
1318 1897 1512 1952 omnia
1558 1895 1872 1966 complent.
1919 1896 2053 1951 Sena

2262 1892 2490 1963 εξτιλίου
2551 1894 2720 1965 μηνός
2775 1893 2964 1954 νυκτὸς
3020 1891 3362 1957 ἐπελθόντων
3417 1895 3510 1951 καὶ
3555 1899 3656 1965 τὴν
3698 1897 3866 1954 πόλιν

446 1991 620 2056 tores,
654 1987 751 2055 qui
785 1987 974 2059 fugam
1007 1987 1392 2055 arripuerant,
1437 1999 1637 2039 rursus
1685 1981 1961 2038 Manlium
1994 1981 2050 2037 ac'

2260 1977 2634 2056 ῑραλαῦόντων
2687 1981 2777 2037 καὶ
2835 1981 3010 2037 πολὺν
3089 1983 3254 2059 φόνον
3331 1982 3736 2060 ἐργασαμένων,
3809 1989 3864 2043 οἱ

447 2075 933 2131 vocant.Manlius
954 2083 1152 2130 coacta
1178 2087 1353 2128 manu
1378 2071 1577 2128 Gallos
1597 2072 1779 2126 armis
1800 2070 2047 2142 opprimi

2272 2070 2562 2144 γκλητικοί
2615 2071 2869 2146 φυγόντες
2945 2071 3038 2126 τὺν
3119 2071 3336 2130 Μάλιον
3395 2073 3564 2129 πάλιν
3621 2097 3872 2150 προσκα-

444 2165 810 2235 trucidatque
831 2180 1056 2228 omnes,
1091 2167 1148 2218 et
1196 2163 1374 2219 Roma
1423 2169 1650 2232 recepta
1697 2161 1936 2228 mensis,
1979 2176 2048 2230 qu

2267 2164 2453 2229 ὤνται,
2487 2162 2545 2222 δς
2582 2160 2715 2233 μετὰ
2745 2165 2978 2236 στρατοῦ
3029 2160 3275 2226 ἐπελθὼν
3319 2165 3410 2217 καὶ
3453 2166 3582 2227 τοὺς
3615 2164 3871 2229 Γάλλους

441 2255 562 2310 haec
592 2259 718 2310 acta
749 2259 906 2324 sunt,
940 2261 1214 2324 tanquam
1268 2253 1368 2323 qui
1417 2252 1608 2307 Romae
1661 2255 1894 2320 propter
1934 2248 2045 2304 illi:

2264 2244 2538 2324 ιραλαϐὼν
2615 2249 2820 2314 πάντας
2910 2249 3112 2320 ἀνεῖλε,
3197 2253 3290 2306 καὶ
3355 2256 3636 2327 κρατήσας
3712 2253 3868 2320 αὖθις

438 2343 831 2414 captivitatem
892 2342 1180 2398 infaustus
1238 2341 1442 2406 fuerat,
1499 2341 1622 2396 dies
1669 2341 2042 2406 detruncat“

2263 2345 2300 2406 ἧς
2353 2339 2580 2410 Ῥώμης
2639 2333 2954 2394 ὲκολόϐωσε
3008 2339 3106 2402 τὰς
3165 2340 3379 2415 ἡμέρας
3428 2346 3526 2396 τοῦ
3578 2343 3867 2414 Σεξτιλίου

442 2432 818 2488 Februarium
870 2432 1038 2486 bonis
1087 2429 1394 2503 publicatis
1447 2429 1687 2500 turpiter
1734 2427 1807 2483 ab
1856 2428 1998 2482 urbe

2263 2427 2379 2496 ηνὸς
2433 2426 2506 2490 ὠς
2566 2424 2869 2502 δυστυχοῦς
2935 2431 3004 2501 τῇ
3055 2429 3246 2503 Ῥώμῃ
3303 2433 3596 2506 γενομένου
3656 2429 3746 2487 διὰ
3803 2434 3867 2489 τὸ

441 2522 691 2592 ejectum
745 2520 1040 2584 interficit,
1097 2519 1482 2590 Sextilemque
1532 2533 1792 2572 mensem
1845 2517 2045 2572 Februt

2259 2538 2298 2584 δν
2354 2516 2666 2590 παράληψιν
2744 2517 2910 2585 αὐτῆς
2987 2520 3039 2571 ἐν
3095 2517 3245 2588 αὐτῷ
3311 2519 3574 2592 γενέσθαι.
3635 2523 3742 2580 Τὸν
3805 2521 3863 2580 δὲ

440 2611 589 2666 rium
621 2615 897 2682 tanquam
931 2626 999 2667 eo
1027 2611 1255 2666 nomine
1286 2609 1529 2679 dignum
1558 2607 1946 2679 cognominat.

2261 2600 2573 2678 εϐρουάριον
2633 2608 2742 2660 τῶν
2807 2607 3172 2681 ὑπαρχόντων
3239 2609 3532 2684 γυμνώσας
3589 2611 3682 2665 καὶ
3741 2612 3865 2668 ἀτί-

441 2719 560 2773 μως
637 2705 738 2769 τῆς
809 2699 1027 2761 πόλεως
1099 2691 1347 2752 ἐκϐαλὼν
1424 2693 1624 2765 ἀνεῖλε,
1710 2694 1942 2756 καλέσας
2013 2693 2106 2750 τὸν
2180 2692 2458 2766 Σεξτίλιον
2536 2701 2679 2768 μῆνα
2761 2688 3131 2770 Φεϐρουάριον
3210 2697 3288 2761 ὡς
3365 2696 3512 2768 ἄξιον
3562 2705 3663 2756 τοῦ
3726 2699 3869 2758 ὀνό-

445 2809 633 2863 ματος.

504 2883 642 2938 Post
698 2881 913 2938 dictum
997 2883 1371 2936 Artaxerxem
1441 2877 1789 2952 principatui
1859 2875 2083 2949 praefuit

2269 2875 2418 2931 Μετᾶ
2475 2873 2531 2931 δέ
2589 2877 2680 2931 τὸν
2752 2876 3044 2953 εἰρημένον
3123 2879 3486 2956 Ἀρταξέρξην
3543 2877 3866 2940 ἐϐασίλευσε

434 2971 625 3027 Chous
661 2970 837 3026 ﬁlius.
871 2971 926 3026 Is
955 2967 1302 3026 debellatam
1334 2969 1663 3057 Egyptum,
1711 2982 2038 3038 eversamqu

2259 2965 2553 3027 ὧοςὸυἱὸς
2600 2965 2790 3033 αὐτοῦ,
2846 2967 2904 3028 ὅς
2959 2967 3051 3022 καὶ
3107 2967 3207 3036 τήν
3261 2967 3544 3044 Αἴγυπτον
3576 2969 3863 3044 παρέλαϐε

436 3061 498 3116 in
529 3059 619 3114 sui
654 3062 996 3128 potestatem
1047 3058 1291 3128 redegit,
1341 3056 1746 3112 Nectenebone
1797 3063 1930 3110 tunc
1983 3057 2040 3111 in

2258 3056 2285 3110 :l
2317 3055 2588 3123 ἀπώλεσε,
2647 3057 3031 3133 βασιλεύοντος
3090 3061 3264 3130 αὐτῆς
3320 3061 3443 3116 τότε
3507 3060 3862 3135 Νεκτεναϐὼ,

438 3153 696 3218 parante,
729 3146 827 3217 qui
861 3147 994 3217 fuga
1025 3145 1137 3201 sibi
1169 3145 1480 3212 consuluit,
1513 3149 1570 3198 et
1612 3144 1944 3216 Egyptiaco
1975 3144 2042 3199 rit

2303 3147 2489 3225 φυγὼν
2542 3145 2634 3200 καὶ
2691 3143 2780 3201 διὰ
2837 3153 3144 3224 φαντασιῶν
3217 3171 3381 3205 τινων
3452 3151 3543 3206 καὶ
3603 3159 3855 3228 μαγειῶν

439 3235 595 3291 fictis
643 3234 988 3304 imaginibus
1067 3238 1125 3290 et
1184 3233 1427 3306 magicis
1483 3234 1844 3304 nugamentis
1899 3233 2043 3287 futui

2253 3240 2576 3311 ,γυπτιακῶν
2649 3236 2938 3313 προλέγων
3013 3238 3082 3292 τὰ
3183 3237 3465 3312 μέλλοντα
3561 3245 3857 3318 γνώριμος

438 3323 810 3395 praesagiens,
842 3322 1094 3394 Philippi
1126 3331 1295 3392 atque
1319 3322 1674 3394 Olympiadis
1712 3321 1868 3377 illius
1895 3337 2042 3377 uxor

2288 3344 2394 3378 εται
2437 3323 2701 3397 Φιλίππῳ
2750 3326 2840 3380 καὶ
2888 3324 3226 3400 Ὀλυμπιάδι
3283 3332 3352 3402 τῇ
3404 3332 3622 3404 γυναικὶ
3655 3332 3827 3387 αὐτοῦ
3865 3392 3892 3414 _

434 3412 884 3468 familiaritatem
945 3411 1057 3467 sibi
1106 3416 1290 3483 parat,
1342 3428 1412 3468 ex
1469 3427 1650 3482 eaque
1693 3409 2038 3466 Alexandrul

2288 3413 2339 3482 ἧς
2369 3409 2516 3468 ἔτεκε
2543 3413 2634 3469 τὸν
2683 3411 3054 3491 Ἀλέξανδρον.
3109 3416 3168 3470 '0
3229 3413 3285 3471 δὲ
3341 3415 3623 3481 Φίλιππος
3657 3409 3892 3476 έϐασί--ἆ

433 3501 1029 3574 procreat.Philippus
1052 3517 1242 3557 annos
1265 3501 1474 3572 viginti
1495 3499 1844 3557 Macedoniae
1874 3499 2037 3569 gubel

2257 3522 2348 3557 υσε
2397 3509 2497 3572 τῆς
2555 3499 2890 3568 Μακεδονίας
2971 3500 3065 3575 ἔτη
3135 3505 3204 3574 κ’,
3263 3506 3322 3568 ὅς
3382 3508 3483 3576 τὴν
3549 3509 3861 3567 Θεσσαλίαν

435 3591 646 3647 nacula
667 3590 860 3662 gessit,
877 3596 934 3646 et
955 3590 1258 3646 Thessalia
1279 3606 1558 3662 oppressa
1594 3589 1798 3646 urbem
1838 3590 2039 3646 Thessa

1865 3590 2083 3646 Pbessa-
2193 3592 2456 3662 ὑποτάξας
2485 3593 2585 3662 τὴν
2615 3590 3016 3664 Θεσσαλονίκην
3048 3591 3211 3649 πόλιν
3242 3590 3469 3652 ἔκτισεν.

434 3682 690 3737 lonicam
721 3682 1020 3737 exstruxit.

484 3770 752 3844 Philippo
783 3771 842 3824 in
889 3768 1240 3825 Macedonian
1289 3783 1470 3841 regno
1515 3767 1798 3824 successit
1841 3765 2084 3823 Alexan—

2264 3768 2414 3824 Μετὰ
2473 3765 2530 3822 δέ
2583 3766 2863 3824 Φίλιππον
2923 3763 3239 3825 έϐασίλευσε
3299 3769 3642 3828 Μακεδόνων
3692 3773 3868 3831 Ἀλέ-

435 3860 559 3928 der,
595 3865 730 3915 tunc
762 3875 892 3915 cum
927 3857 1130 3914 Darius
1185 3856 1410 3913 Arsami
1469 3855 1623 3912 filius
1681 3859 1812 3928 post
1865 3855 2039 3912 ChOlll

2250 3855 2433 3932 νδρος,
2489 3857 2578 3914 ὅτε
2631 3857 2722 3912 καὶ
2779 3862 3003 3933 Δαρεῖος
3063 3858 3091 3912 ὁ
3153 3859 3432 3934 Ἀρσάμου
3493 3862 3629 3934 μετὰ
3685 3863 3854 3920 Χῶον

437 3949 737 4020 occupatis
789 3946 1055 4003 omnibus
1103 3945 1360 4002 omnium
1415 3945 1690 4002 dominus
1737 3945 1921 4000 factus
1977 3960 2037 4000 es

2253 3945 2496 4002 ισιλεύων
2552 3949 2930 4022 κατεκυρίευσε
2986 3947 3225 4021 πάντων,
3285 3948 3342 4005 ὅν
3404 3948 3433 4004 ὁ
3481 3949 3857 4027 Ἀλέξανδρος

431 4038 602 4094 Dario
635 4037 937 4108 proﬂigato
969 4037 1285 4092 Alexander
1331 4034 1452 4104 ejus
1509 4033 1816 4106 imperium
1857 4033 2035 4090 univel

2253 4037 2601 4112 ιιρωσάμενος
2650 4033 2927 4110 παρέλαϐε
2972 4042 3144 4092 πᾶσαν
3194 4039 3294 4107 τήν
3347 4037 3627 4113 βασιλείαν
3675 4041 3857 4096 αὐτοῦ

430 4142 558 4180 sum
593 4131 652 4181 et
682 4125 1007 4190 Persarum,
1029 4124 1329 4179 Medorum
1380 4123 1518 4177 item
1558 4127 1617 4177 et
1648 4121 1996 4177 Parthorum
2030 4143 2034 4171 ι

2255 4126 2280 4181 εὶ
2311 4131 2483 4181 πᾶσαν
2531 4128 2633 4195 τὴν
2683 4130 2898 4201 Περσῶν
2958 4125 3048 4180 καὶ
3099 4124 3306 4196 Μήδων
3356 4129 3447 4182 καὶ
3494 4132 3724 4202 Πάρθων
3758 4130 3859 4185 καὶ

429 4215 874 4286 Babyloniorum
899 4215 1193 4286 regionum
1220 4223 1272 4268 et
1294 4211 1528 4268 Indicos
1554 4228 1752 4268 omnes
1781 4218 1994 4266 tractus
2024 4210 2033 4265 i

2257 4210 2551 4270 ιϐυλωνίων
2600 4214 2787 4289 χώραν
2846 4215 2935 4269 καὶ
2990 4213 3059 4270 τὰ
3116 4212 3313 4271 Ἰνδικὰ
3342 4217 3516 4271 πάντα
3551 4217 3716 4293 μέρη.
3752 4222 3861 4282 ’Ὁς

434 4321 594 4360 suam
627 4305 906 4361 ditionem
938 4303 1178 4376 redegit.
1207 4303 1311 4358 Hic
1343 4318 1475 4358 cum
1523 4317 1797 4372 magnam
1835 4299 2038 4355 Alexan

2263 4303 2405 4372 ὶτὴν
2468 4303 2716 4380 μεγάλην
2771 4300 3179 4378 ’Δλεξάνδρειαν
3238 4303 3314 4366 εἷς
3366 4306 3429 4360 τὸ
3486 4303 3626 4361 ἴδιον
3666 4303 3861 4382 ὄνομα

437 4394 623 4448 driam
646 4393 1022 4460 condidisset,
1073 4364 1141 4449 cx
1189 4392 1420 4464 proprio
1462 4364 1850 4461 nuncupatam
1881 4389 1940 4444 iu
1971 4389 2041 4444 Bs

2257 4364 2375 4455 ίσας
2411 4364 2486 4454 εἰς
2542 4364 2846 4449 ίὶαϐυλῶνα
2901 4364 3248 4467 ἐπέστρεψεν,
3299 4364 3351 4449 ἐν
3383 4393 3420 4468 ᾖ
3451 4394 3542 4450 καὶ
3590 4364 3856 4468 τελευτᾷ,

438 4479 804 4548 byloniorum
837 4497 1150 4536 conversus
1202 4481 1336 4536 vitae
1386 4481 1561 4536 ﬁnem
1623 4479 1836 4552 posuit,
1895 4478 2042 4535 aetati

1623 4479 1836 4552 posuit,
1895 4478 2079 4535 aetatis
2182 4481 2315 4538 ἐτῶν
2349 4475 2423 4536 ὤν
2454 4479 2564 4557 λβ’,
2608 4480 2930 4558 βασιλεύσας
2961 4479 3055 4554 ἔτη
3091 4482 3182 4557 ιβ’.

433 4583 716 4624 annorum
744 4569 986 4642 triginta
1035 4570 1300 4635 duorum,
1335 4570 1497 4641 regni
1534 4586 1687 4624 anno
1711 4569 2076 4626 duodecimo.

503 4658 933 4713 Advertendum
980 4663 1070 4713 est
1118 4659 1265 4713 duos
1306 4659 1472 4714 nobis
1521 4659 1837 4715 Lamecbos
1873 4675 1908 4713 a
1935 4657 2077 4714 Scri-

2256 4660 2450 4717 Ἰστέον
2507 4662 2590 4718 ὅτι
2664 4659 2758 4718 δύο
2842 4666 3042 4744 Λάμεχ
3113 4671 3150 4739 ἡ
3223 4669 3409 4746 Γραφὴ
3480 4665 3858 4740 μνημονεύει,

436 4752 609 4820 ptura
639 4746 1105 4816 commemorari,
1137 4747 1380 4802 alterum
1426 4749 1498 4802 ab
1539 4747 1736 4815 Caino,
1768 4747 1866 4818 qui
1916 4756 2040 4803 etv:

2254 4751 2301 4813 ὃς
2335 4752 2429 4824 μὶν
2455 4756 2552 4808 τοῦ
2582 4752 2688 4808 ἀπὸ
2723 4756 2880 4826 Κάϊν,
2928 4762 3024 4812 τοῦ
3078 4757 3171 4814 καὶ
3227 4758 3626 4833 πεφονευκότος
3666 4753 3858 4830 ἄνδρα

439 4854 566 4893 rum
587 4841 646 4894 et
675 4835 1173 4893 adolescentulum
1195 4835 1409 4892 occidit
1433 4835 1614 4908 (cassis
1649 4835 1805 4891 enim
1853 4836 2043 4892 duobu

2268 4840 2358 4896 καὶ
2381 4841 2659 4898 νεανίσκον
2703 4843 2849 4914 (τοὺς
2907 4848 3012 4922 γὰρ
3060 4844 3155 4902 δύο
3187 4845 3460 4922 ἀδελφοὺς
3489 4850 3587 4901 τοῦ
3621 4842 3857 4900 δικαίου

432 4929 577 5001 justi
605 4926 821 4984 Enochi
845 4925 1118 4982 fratribus
1146 4939 1344 4982 eorum
1369 4940 1578 4980 uxores
1602 4923 1808 4995 duxit),
1836 4925 2036 4980 alterni

2255 4932 2368 5006 υὼχ
2434 4931 2640 4987 ἂνελὼν
2708 4935 2796 4988 καὶ
2853 4940 2964 4991 τῶν
3023 4933 3119 4992 δύο
3174 4938 3270 4999 τὰς
3326 4941 3582 5014 γυναῖκας
3625 4929 3859 5006 ἔλαϐε),

436 5015 841 5084 recentiorem,
872 5015 990 5073 Noe
1023 5021 1343 5087 parentem,
1375 5030 1409 5068 a
1435 5011 1611 5069 Setho
1642 5011 1970 5068 oriundum.

2252 5023 2367 5095 έρου
2411 5018 2470 5075 δὲ
2506 5025 2601 5076 τοῦ
2649 5023 2853 5096 πατρὸς
2890 5030 3036 5099 Νῶε,
3086 5031 3184 5081 τοῦ
3235 5027 3326 5081 καὶ
3379 5024 3856 5102 μεταγενεστέρου

2183 5113 2274 5167 καὶ
2303 5111 2410 5166 ἀπὸ
2440 5113 2556 5180 Σὴθ
2585 5113 2984 5190 καταγομένου.

488 5201 534 5259 8
564 5202 785 5259 Tharra
805 5199 1434 5274 genuitAbrahamum,
1458 5194 1692 5253 Maehoé
1720 5199 1777 5251 et
1805 5197 2077 5252 Aramum

2253 5203 2314 5259 Ὀ
2347 5201 2528 5278 Θάρῥα
2582 5202 2826 5278 ἐγέννησε
2877 5206 2970 5260 τὸν
3029 5201 3308 5282 ’Δϐραὰμ,
3348 5207 3441 5262 τὸν
3474 5204 3692 5280 Μαχωὶ
3753 5203 3856 5259 καὶ

427 5293 552 5348 Loti
585 5293 943 5363 patrem,qui
971 5296 1030 5347 et
1077 5297 1211 5346 ante
1235 5287 1518 5343 Tharram
1563 5285 1680 5340 vita
1719 5285 1950 5342 functus
1970 5302 2028 5342 es

2253 5312 2273 5345 ν
2325 5291 2505 5364 Ἀρὰμ
2557 5291 2651 5346 τὸν
2703 5292 2909 5368 πατέρα
2961 5299 3063 5350 τοῦ
3128 5298 3274 5353 Λώτ·
3341 5294 3399 5359 ὅς
3457 5294 3548 5350 καὶ
3606 5290 3857 5348 ἀπέθανε

421 5378 565 5434 Nam
616 5396 748 5436 cum
807 5379 1174 5436 Abrahamus
1244 5375 1580 5432 incendium
1643 5373 1967 5442 excitasset,
2015 5392 2025 5429 ι

2253 5383 2290 5436 ιὸ
2347 5385 2443 5436 τοῦ
2496 5383 2702 5456 πατρὸς
2769 5384 2936 5440 αὐτοῦ
3007 5383 3204 5464 Θᾶῥρα·
3263 5389 3363 5442 τοῦ
3417 5384 3520 5462 γὰρ
3577 5379 3857 5459 Ἀϐραὰμ.

423 5467 581 5522 idola
606 5468 787 5539 patris
837 5471 1187 5536 absumeret,
1239 5468 1505 5529 Aramus,
1555 5463 1695 5519 dum
1745 5478 1812 5520 ea
1843 5463 1915 5519 ab
1946 5463 2027 5536 igr

2257 5471 2514 5546 πρησμὸν
2568 5473 2899 5542 ποιήσαντος
2952 5463 3095 5530 ὥστε
3138 5479 3471 5538 κατακαῦσαι
3520 5474 3589 5528 τὰ
3629 5469 3861 5528 εἴδωλα

426 5571 658 5613 servare
680 5559 1000 5627 contendit,
1033 5557 1214 5626 domi,
1246 5557 1305 5612 in
1331 5571 1507 5627 quam
1541 5553 1724 5610 fuerat
1762 5553 2026 5625 ingressu

2265 5564 2279 5612 3
2344 5561 2545 5634 πατρὸς
2607 5561 2793 5630 αὐτοῦ,
2851 5563 3108 5620 εἰσελθὼν
3168 5566 3346 5641 Ἀρὰμ
3401 5562 3676 5634 έξελέσῦαι
3710 5561 3869 5616 αὐτὰ

429 5645 656 5705 vidente
687 5653 868 5723 patre,
901 5651 1154 5707 flammis
1183 5655 1473 5707 crematus
1503 5645 1791 5703 occubuit.

2263 5646 2441 5705 έθανεν
2470 5649 2525 5705 ἐν
2569 5655 2651 5725 τῷ
2699 5651 2964 5728 οἰκήματι
3021 5653 3250 5712 ἐνώπιον
3281 5659 3381 5712 τοῦ
3411 5654 3616 5731 πατρὸς
3647 5653 3866 5712 αὐτοῦ.
