4062 6202
228 373 356 434 229
1595 363 1970 429 CHRONOG
1983 368 2291 429 RAPHIA.
3537 375 3657 437 230

302 504 404 559 Ἐκ
431 503 530 555 τοῦ
592 497 785 572 γένους
847 493 1013 550 Σίδου
1071 497 1191 550 υἱοῦ
1249 495 1558 572 Αἱγύπτου,
1623 496 1890 571 βασιλέως

2077 501 2157 555 Ex
2187 501 2469 571 sanguine
2499 501 2621 557 Sidi
2654 502 2757 558 ﬁlii
2786 501 3014 575 Egypti
3063 505 3216 576 regis
3246 508 3646 578 Egyptiorum

227 590 580 664 Αἰγυπτίων,
633 587 892 664 κατήχθη
953 585 1136 661 Μελχὶ
1168 587 1196 639 ὁ
1227 589 1410 660 πατὴρ
1449 591 1545 642 τοῦ
1585 585 1766 652 Σεδὲκ,
1809 587 1888 654 ὃς,

2043 597 2174 643 atus
2204 595 2292 644 est
2331 589 2615 646 Melchius
2672 600 2833 663 pater
2890 593 3112 648 Sedeci.
3171 595 3274 648 Hic
3323 595 3515 650 divino
3565 613 3653 650 sa-

224 681 524 756 γενόμενος
587 675 761 751 ἱερεὺς
819 679 916 730 τοῦ
956 679 1090 730 Θεοῦ
1138 675 1227 729 καὶ
1276 675 1532 750 βασιλεὺς
1562 680 1670 730 τῶν
1704 679 1890 731 Χανα-

2037 678 2258 732 erdotio
2287 678 2648 751 imperioque
2679 681 3134 737 Chananaeorum
3164 689 3371 738 auctus
3423 702 3456 738 a
3489 690 3648 755 patre

224 769 401 825 ναίων
456 765 736 836 ἐπεκλήθη
812 761 1160 838 Μελχισεδὲκ
1241 769 1698 838 πατρωνυμικῶς,
1801 763 1893 816 καὶ

2037 783 2212 823 omen
2235 769 2459 837 habuit,
2480 769 2786 841 dictusque
2806 775 2896 826 est
2914 771 3382 839 Mclchisedecus,
3410 775 3644 828 urbem-

226 861 422 920 κτίσας
479 854 642 911 πόλιν
704 854 753 908 ἐν
814 857 894 925 τῷ
952 850 1065 928 ὄρει
1123 852 1270 908 Σιὼν
1331 852 1680 926 ἐπωνόμασεν
1727 852 1894 922 αὐτὴν

2037 872 2117 926 _ue
2150 857 2207 910 in
2241 862 2437 913 monte
2464 858 2602 914 Sion
2633 859 2912 926 condidit,
2953 859 3140 916 Salem
3185 861 3646 930 denominatam,

228 947 465 1018 Σαλήμ,
513 943 542 999 δ
595 943 736 998 ἔστιν
799 943 1022 1016 εἰρήνης
1078 942 1266 1009 πόλις,
1297 941 1349 996 έν
1443 943 1534 996 καὶ
1568 941 1894 1016 βασιλεύσας

2037 946 2169 1015 [ιιεεὶ
2201 945 2421 1002 diceret
2440 948 2732 1003 civitatem
2767 950 2961 1019 pacis:
2997 950 3053 1004 in
3085 965 3151 1004 ea
3185 965 3317 1004 cum
3352 958 3649 1021 regnasset

230 1036 329 1106 ἔτη
397 1036 462 1109 ιγ’
520 1031 838 1102 ἐτελεύτησε
895 1028 1102 1092 δίκαιος
1157 1033 1250 1085 καὶ
1302 1029 1593 1103 παρθένος,
1626 1029 1700 1092 ὥς
1732 1050 1896 1105 φησιν

2037 1051 2192 1089 ωιοε
2223 1035 2522 1100 tredecim,
2553 1037 2706 1092 victa
2745 1039 2982 1092 functus
3013 1042 3122 1104 est,
3149 1039 3346 1107 justus
3378 1044 3434 1094 et
3464 1040 3646 1110 virgo,

227 1127 532 1192 Ἰώσηπος.
594 1119 754 1196 Λέγει
805 1117 864 1174 δὲ
914 1121 1002 1174 καὶ
1041 1120 1085 1202 ,ὁ
1139 1119 1304 1195 μέγας
1360 1117 1661 1191 Κύριλλος.
1733 1120 1896 1192 ’Δγε-

2037 1129 2071 1177 lt
2093 1124 2386 1193 Josephus
2417 1125 2871 1197 tradil.Magnus
2910 1125 3164 1195 Cyrillus
3202 1128 3272 1182 de
3303 1144 3368 1184 eo
3393 1129 3510 1184 haec
3544 1130 3648 1184 ha—

228 1213 570 1288 νεαλὸγητος
624 1210 837 1284 εἴρηται
898 1207 1249 1284 Μελχισεδὲκ
1303 1209 1450 1284 παρὰ
1489 1210 1552 1264 τὸ
1613 1211 1687 1282 μή
1725 1208 1899 1282 ὑπάρ-

2037 1217 2123 1269 ret.
2156 1212 2613 1269 Melchisedecus
2669 1214 2796 1270 sine
2852 1214 3189 1286 genealogia
3231 1217 3462 1283 dicitur,
3495 1219 3647 1288 quod

230 1323 362 1379 χειν
419 1303 480 1356 ἑκ
527 1303 628 1356 τοῦ
685 1298 996 1372 σπέρματος
1063 1293 1312 1372 Ἀϐραὰμ
1368 1296 1538 1366 ὅλως,
1602 1295 1744 1370 μηδὲ
1794 1296 1896 1351 ὑπὸ

2039 1301 2323 1357 Xsemine
2350 1301 2665 1358 Abrahami
2724 1320 2839 1358 non
2898 1304 3090 1374 fuerit,
3143 1321 3329 1376 neque
3377 1323 3412 1361 a
3457 1311 3652 1378 Moyse

229 1392 490 1451 Μωσέως
561 1385 1046 1463 γενεαλογηθῆναι,
1122 1387 1262 1440 εἶναι
1348 1383 1406 1440 δὲ
1477 1388 1774 1442 Χαναναῖον
1835 1385 1899 1439 τὸ

2037 1392 2136 1460 jus
2167 1390 2501 1463 genealogis
2521 1392 2979 1463 descripta.Erat
3000 1410 3166 1466 porro
3188 1410 3399 1466 genere
3417 1395 3651 1452 Chana-

225 1483 399 1555 γένος
461 1479 552 1534 καὶ
618 1476 678 1530 ἐκ
742 1481 842 1544 τῆς
927 1473 1200 1550 έπαράτου
1277 1479 1483 1548 σπορᾶς
1552 1475 1896 1548 ὁρμώμενον.

2037 1495 2193 1549 usus,
2253 1481 2608 1536 exsecranda
2666 1481 2892 1536 semine
2947 1482 3258 1551 oriundus,
3308 1501 3488 1556 quare
3549 1503 3651 1542 nec

225 1572 398 1627 Ὅθεν
449 1564 576 1622 οὐδὲ
631 1562 987 1640 γενεαλογίας
1039 1564 1290 1633 ἡξίωται³
1353 1561 1478 1618 ούδδ
1535 1564 1638 1640 γὰρ
1668 1582 1897 1636 πρεπω-

2037 1569 2223 1640 lignus
2249 1568 2482 1625 habitus
2511 1574 2602 1624 est
2629 1570 2798 1640 cujus
2828 1569 3169 1643 genealogia
3215 1572 3450 1644 scriptis
3484 1591 3654 1630 man-

227 1655 496 1712 δέστατον
526 1656 596 1723 ἦν
625 1655 718 1708 τὸν
769 1659 870 1721 τῆς
929 1648 1094 1726 ἄκρας
1150 1648 1498 1720 δικαιοσύνης
1553 1649 1901 1724 ἐπειλημμέο

2037 1658 2248 1713 laretur
2279 1682 2294 1726 ;
2326 1658 2635 1714 dedecebat
2664 1659 2878 1730 quippe
2919 1659 3373 1717 absolutissima
3410 1663 3654 1732 justitiie

225 1771 325 1804 νον
394 1744 726 1819 συμπλέκειν
783 1747 864 1815 τῷ
921 1750 1020 1811 τῆς
1076 1741 1242 1816 ἄκρας
1279 1739 1490 1804 ἀδικίας
1551 1741 1712 1817 γένει.
1746 1739 1901 1825 Ἦδὶ

2037 1750 2354 1802 ιθοιειοιιθω
2383 1747 2794 1819 perditissima:
2825 1751 3093 1820 nequitias
3132 1753 3333 1822 generi
3370 1755 3653 1825 copulari.

225 1834 612 1912 Ἰερουσαλὴμ
667 1833 728 1888 ἐκ
776 1833 1105 1908 προσθήκης
1153 1837 1253 1900 τῆς
1305 1835 1400 1885 τοῦ
1432 1831 1581 1906 ἱεροῦ
1612 1824 1897 1898 συλλαϐῆς

2037 1834 2368 1891 lierusalem
2399 1853 2531 1892 vero
2561 1839 2758 1906 Hiera,
2791 1838 2850 1892 id
2899 1849 2982 1894 est
3026 1841 3198 1906 sacri,
3243 1858 3356 1896 una
3404 1824 3535 1898 cum
3564 1860 3655 1898 sa-

233 1926 383 1999 μετᾶ
435 1932 538 1993 τῆς
593 1921 794 1994 Σαλήμ
847 1921 988 1976 κατᾶ
1037 1918 1318 1994 συνάφειαν
1379 1919 1676 1992 ὠνομάσθη
1711 1939 1900 1995 φερω-

2037 1939 2122 1978 em
2149 1924 2446 1980 additione
2477 1924 2843 1982 Hierusalem
2890 1926 3042 1982 dicta
3089 1936 3177 1984 est
3209 1946 3222 1996 ;
3272 1931 3448 2000 idque
3475 1932 3558 1986 vel
3591 1949 3659 1987 ex

225 2017 428 2087 νύμως
489 2008 877 2086 Ἰερουσαλὴμ,
953 2015 1028 2078 πῆ
1115 2009 1208 2081 μὶν
1285 2006 1375 2063 διὰ
1429 2009 1529 2076 τὴν
1593 2007 1900 2083 ἴερουργίαν

2037 2011 2410 2068 llelchisedeci
2445 2014 2768 2069 sacerdotio
2799 2014 2888 2070 vel
2933 2032 3000 2071 ex
3059 2017 3255 2087 templi
3305 2020 3659 2076 sacrosancti

227 2109 336 2161 τοῦ
397 2099 760 2177 Μελχισεδὲκ,
819 2105 898 2168 πῆ
976 2095 1032 2152 δὶ
1101 2095 1189 2152 διὰ
1255 2099 1358 2167 τὴν
1410 2102 1509 2152 τοῦ
1566 2097 1716 2171 ἰεροῦ
1773 2099 1905 2151 ναοῦ

229 2194 605 2260 κατασκευήν
637 2184 842 2249 Ἰεϐοὖς
875 2189 976 2263 γαρ
1009 2186 1256 2241 ἐκαλεῖτο
1296 2187 1510 2260 πρώην.

307 2284 443 2341 Λὼτ
493 2281 714 2353 ἀνεψιὸς
761 2283 858 2333 τοῦ
907 2273 1159 2350 Ἀϐραὰμ
1205 2275 1264 2330 ἐκ
1309 2280 1418 2331 τῶν
1463 2273 1558 2331 δύο
1599 2277 1904 2352 θυγατέρων

229 2376 408 2430 αὐτοῦ
438 2372 719 2446 ἐγέννησεν
769 2369 922 2430 υἱοὺς
977 2365 1094 2437 δύο,
1137 2361 1310 2424 Μωὰϐ
1341 2366 1431 2421 καὶ
1463 2367 1554 2422 τὸν
1584 2366 1821 2440 Ἀμμαν,
1854 2363 1906 2437 ἐξ

233 2465 310 2518 ὧν
349 2456 644 2520 Μωαϐῖται
675 2459 767 2513 καὶ
801 2459 1154 2530 Ἀμμανῖται.

309 2554 379 2608 Ὁ
409 2548 467 2605 δὲ
498 2543 746 2624 Ἀϐραάμ
799 2545 860 2600 ἐκ
921 2546 1016 2618 μὲν
1069 2552 1172 2614 τῆς
1227 2544 1530 2619 Αἰγυπτίας
1583 2545 1751 2600 αὐτοῦ
1781 2565 1907 2599 παι-

238 2641 439 2712 δίσκης
495 2643 676 2712 Ἀγαρ
744 2637 996 2714 έγέννησε
1077 2637 1172 2691 τὸν
1246 2634 1506 2708 Ἰσμαὴλ,
1564 2635 1625 2690 έκ
1691 2632 1750 2690 δὲ
1807 2641 1910 2704 τῆς

241 2732 464 2806 Σάρρας
494 2730 588 2784 τόν
635 2729 834 2783 Ἰσαάκ.
887 2727 950 2782 Ὁ
997 2723 1055 2780 δὶ
1106 2724 1286 2782 Ἰσαὰκ
1333 2724 1581 2799 ἐγέννησε
1622 2725 1716 2780 τὺν
1745 2727 1910 2780 Ἧσαῦ

240 2819 465 2876 καὶτὸν
523 2812 724 2874 Ἰακὼϐ
783 2815 843 2870 ἔκ
896 2823 997 2884 τῆς
1055 2809 1360 2875 Ῥεϐέκκας.
1413 2814 1518 2870 Καὶ
1566 2811 1627 2868 έκ
1678 2815 1772 2886 μεν
1813 2816 1911 2867 τοῦ

244 2913 422 2968 Ἠσαῦ
463 2908 667 2986 ἐτέχθη
731 2902 918 2977 Ἐδὼμ
974 2905 1090 2967 υἱὸς
1147 2904 1444 2976 ὁμώνυμος
1492 2907 1573 2974 τῷ
1626 2902 1791 2976 πατρὶ
1821 2900 1912 2956 καὶ

2011 2103 2433 2158 exstructione:
2471 2118 2607 2158 nam
2642 2103 2805 2174 prius
2836 2105 3006 2160 Iebus
3041 2110 3426 2178 nuncupatur.

2087 2281 2263 2337 Lotus
2284 2280 2600 2337 Abrahami
2633 2283 2830 2340 fratris
2861 2282 3019 2340 ﬁlius
3049 2285 3196 2340 duos
3228 2283 3379 2341 ﬁlios
3410 2300 3476 2341 ex
3511 2284 3658 2340 ﬁlia-

2014 2371 2120 2426 bus
2166 2370 2386 2441 genuit,
2447 2370 2718 2428 Moabum
2774 2376 2833 2428 et
2889 2377 3271 2442 Ammanum,
3326 2391 3396 2430 ex
3442 2375 3660 2445 quibus

2014 2459 2278 2516 Moabitm
2309 2459 2592 2531 originem
2623 2460 2858 2519 habent.

2085 2548 2133 2603 9
2169 2548 2534 2605 Ahrahamus
2563 2566 2631 2605 ex
2662 2554 2846 2622 Agare
2884 2551 3146 2622 Egyptia
3193 2550 3404 2606 ancilla
3452 2555 3660 2608 Ismae-

2014 2636 2126 2692 lem
2159 2638 2506 2708 procreavit,
2537 2637 2799 2693 Isaacum
2824 2655 2892 2694 ex
2921 2643 3109 2694 Sarra.
3151 2640 3383 2695 lsaacus
3431 2640 3572 2695 Esau
3609 2645 3665 2696 et

2014 2725 2296 2780 Jacobum
2327 2742 2396 2780 ex
2417 2725 2696 2781 Rebecca.
2760 2727 2838 2781 Ex
2888 2727 3041 2782 Esau
3102 2729 3365 2783 nascitur
3408 2729 3663 2784 Edcmus

2017 2814 2164 2885 patri
2195 2814 2562 2884 cognominis
2592 2822 2646 2870 et
2676 2815 2931 2884 Amalec,
2963 2831 3035 2871 ex
3065 2816 3279 2887 quibus
3318 2817 3555 2872 Idumaei
3606 2821 3665 2872 et

2016 2902 2367 2959 Amalecitaa.
2401 2904 2481 2958 Ex
2535 2903 2768 2973 Jaccho,
2797 2905 2898 2975 qui
2953 2911 3010 2960 et
3067 2905 3346 2972 Israelus,
3384 2907 3582 2975 Judas,
3630 2923 3665 2961 a

241 2997 538 3071 ’Δμαλήκ,
599 2995 649 3068 έξ
709 2996 783 3049 ὧν
838 2991 1138 3067 Ἰδουμαῖοι
1188 2994 1280 3048 καὶ
1327 2990 1722 3066 Ἀμαληκῖται,
1769 2991 1828 3046 ἐκ
1857 2988 1914 3046 δὲ

2037 3009 2134 3064 [uo
2153 2991 2339 3048 Judai
2369 3009 2595 3060 omnes,
2627 2993 2800 3048 etiam
2833 2994 2906 3049 ab
2937 2994 3066 3049 aliis
3097 2995 3302 3060 exorti,
3345 2994 3664 3067 nuncupati

241 3080 450 3143 Ἰακὼϐ
506 3087 607 3138 τοῦ
663 3083 752 3135 καὶ
813 3079 1033 3154 Ἰσραὴλ
1082 3077 1312 3147 Ἰούδας,
1369 3078 1458 3157 ἀφ’
1518 3077 1580 3132 οὗ
1636 3077 1726 3132 καὶ
1770 3080 1912 3132 Ἰου-

2037 3091 2179 3151 iunl,
2212 3082 2485 3139 israelitas
2514 3083 2564 3140 si
2597 3084 2830 3155 quidem
2861 3102 2895 3140 a
2953 3090 3114 3156 patre
3153 3085 3391 3155 Jacobo,
3424 3087 3605 3141 inuisi
3635 3103 3668 3141 a

245 3174 399 3232 δαῐοι
429 3174 630 3235 πάντες
656 3172 746 3226 καὶ
781 3171 832 3225 οἱ
877 3169 936 3224 lx
983 3173 1090 3224 τῶν
1129 3165 1340 3222 λοιπῶν
1370 3166 1910 3242 προσηγορεύθησαν,

2037 3171 2308 3228 nobiliore
2358 3173 2533 3228 fratre
2589 3173 2739 3230 Juda
2793 3174 3242 3246 appellationem
3305 3176 3537 3232 habent.
3589 3176 3669 3230 Ex

243 3265 339 3320 καὶ
381 3259 725 3336 Ἰσραηλῖται
772 3259 868 3332 μὲν
925 3257 984 3313 ἐκ
1038 3262 1135 3313 τοῦ
1164 3257 1369 3331 πατρὸς
1399 3251 1620 3326 Ἰακὼϐ,
1653 3253 1909 3312 Ἰουδαῖοι

2037 3260 2272 3318 [smaele
2297 3260 2588 3333 principes
2604 3267 2663 3319 et
2691 3279 2894 3319 eorum
2935 3279 3034 3319 sex
3063 3265 3351 3332 nationes,
3386 3265 3484 3336 qui
3515 3280 3670 3322 nunc

249 3352 307 3408 δὲ
356 3351 417 3407 ἐκ
466 3355 564 3406 τοῦ
614 3349 1016 3423 ἐπωημοτέρου
1065 3345 1305 3425 ἀδελφοῦ
1354 3345 1552 3401 αὐτῶν.
1606 3347 1703 3402 Ἐκ
1733 3343 1790 3398 δὲ
1817 3347 1915 3398 τοῦ

2037 3353 2327 3409 Sarraceni
2351 3358 2409 3408 et
2437 3353 2688 3426 Agareni
2717 3363 3014 3412 vocantur.
3049 3359 3220 3412 Porro
3235 3356 3468 3412 divinus
3488 3357 3669 3411 Abra-

247 3440 496 3516 Ἰσμαὴλ
529 3440 790 3515 ἄρχοντες
849 3438 940 3493 καὶ
998 3431 1123 3507 ἔθνη
1174 3437 1354 3492 αὐτῶν
1399 3434 1450 3505 ’ἐξ
1484 3433 1831 3507 Ἰσμαηλῖται
1864 3433 1916 3488 οἱ

2037 3443 2240 3498 hamus
2263 3459 2328 3498 ex
2351 3442 2625 3499 Chettura
2646 3449 2943 3516 postrema
2964 3461 3142 3500 uxore
3171 3444 3388 3501 liberos
3410 3446 3672 3517 quinque

251 3539 350 3588 νῦν
414 3529 707 3605 Ἀγαρηνοί
762 3549 821 3583 τε
872 3527 963 3582 καὶ
1024 3525 1333 3599 Σαρακηνοῖ
1393 3523 1708 3600 λεγόμενοι.
1761 3525 1816 3578 Ὀ
1863 3521 1920 3578 δὲ

2037 3533 2288 3604 suscepit
2312 3548 2325 3586 :
2349 3533 2502 3588 inter
2521 3549 2621 3589 eos
2648 3533 2979 3590 Madiamus
3001 3543 3158 3602 est,a
3177 3551 3292 3605 quo
3322 3535 3674 3603 Madianitae,

250 3645 316 3698 γε
373 3625 521 3683 θεῖος
579 3616 832 3694 Ἀϐραὰμ
887 3618 1170 3693 ἐγέννησεν
1201 3615 1262 3671 έκ
1287 3623 1389 3686 τῆς
1430 3615 1669 3689 ἐσχάτης
1728 3635 1918 3689 γυναι-

2037 3628 2088 3679 st
2107 3623 2264 3692 Afer,
2291 3640 2323 3678 a
2344 3639 2460 3694 quo
2484 3623 2947 3680 AfricaJsaacus
2969 3625 3264 3694 occubuit,
3280 3640 3411 3679 cum
3433 3625 3484 3678 vi
3502 3625 3675 3679 {isset

255 3715 357 3773 κὸς
388 3711 560 3766 αὐτοῦ
591 3709 896 3782 Χεττούρας
955 3707 1104 3769 υἱοὺς
1163 3707 1222 3776 ε’,
1280 3704 1329 3774 ἐξ
1389 3706 1463 3759 ὧν
1523 3703 1634 3758 ἐστι
1672 3701 1918 3776 Μαδιάμ,

2037 3729 2216 3768 annos
2247 3728 2449 3768 omnes
2472 3711 2648 3768 simul
2679 3718 2914 3770 centum
2947 3711 3556 3783 octusginta.Jaccbus
3576 3729 3678 3766 an-

261 3803 353 3879 d?’
424 3801 489 3854 οὗ
577 3795 927 3866 Μαδιανῖται,
1006 3794 1095 3849 καὶ
1172 3801 1366 3873 "Aemo,
1427 3794 1477 3865 ἐξ
1538 3793 1599 3847 οὗ
1663 3794 1918 3868 Ἀφρική.

259 3877 453 3948 Ἰσαάκ
500 3885 558 3942 δὲ
615 3887 846 3942 ἀπέθανε
899 3886 1066 3954 ζήσας
1117 3885 1183 3938 τὰ
1238 3884 1413 3938 πάντα
1461 3879 1553 3951 ἔτη
1587 3883 1693 3955 ρπ“.
1727 3877 1920 3937 Ἰακὼϐ

264 3978 322 4034 δὲ
354 3981 529 4048 ζήσας
589 3973 680 4044 ἔτη
745 3972 854 4050 ρνδ¹
910 3974 1168 4029 ἀπέθανεν
1217 3971 1292 4033 εἷς
1357 3969 1657 4048 Αἴγυπτον,
1690 3973 1924 4040 ποιήσας

264 4069 376 4124 ἐκεῖ
402 4067 498 4136 ἔτη
533 4067 616 4135 ιζ’.
647 4067 772 4132 "Oc,
805 4063 896 4118 ὅτε
927 4063 1174 4137 ὑπῆρχεν
1222 4060 1354 4116 ἐτῶν
1401 4062 1492 4128 οε’,
1541 4059 1725 4139 φυγὼν
1762 4061 1926 4117 Ἢσαῦ

264 4159 355 4214 τὸν
429 4153 667 4231 ἀδελφὸν
733 4151 900 4208 αὐτοῦ
982 4154 1314 4220 κατήντησεν
1385 4148 1464 4211 εἰς
1542 4148 1760 4226 Χσῤῥὰν
1825 4156 1926 4218 τῆς

264 4243 694 4315 Μεσοποταμίας
743 4241 880 4316 πρὸς
937 4235 1118 4294 Λάϐαν
1162 4240 1258 4294 τὸν
1312 4235 1543 4315 ἀδελφὸν
1576 4245 1674 4307 τῆς
1719 4239 1927 4312 μητρὸς

265 4336 434 4391 αὐτοῦ
464 4329 778 4400 Ῥεϐέκκας,
828 4331 890 4384 οὗ
943 4334 1052 4384 τῶν
1110 4324 1404 4403 προϐάτων
1462 4329 1660 4399 νομεὺς
1699 4329 1928 4402 γενόμε-

266 4447 352 4487 νος
413 4420 512 4492 ἔτη
571 4424 615 4477 κ’
675 4422 764 4476 καὶ
820 4421 916 4482 τὰς
970 4417 1066 4474 δύο
1127 4419 1422 4493 θυγατέρας
1481 4416 1644 4472 αὐτοῦ
1682 4419 1841 4472 Λείαν
1868 4437 1929 4472 τε

268 4516 359 4569 καὶ
388 4511 610 4588 Ῥαχὴλ
654 4515 916 4585 γυναῖκας
975 4504 1158 4564 λαϐὼν
1207 4506 1364 4584 ἔσχεν
1420 4505 1572 4568 υἱοὺς
1618 4506 1709 4560 καὶ
1763 4518 1930 4581 θυγα-

2031 3816 2242 3857 norum
2273 3806 2505 3856 centum
2557 3800 2984 3873 quinquaginta
3040 3805 3288 3873 quatuor
3335 3800 3485 3855 diem
3536 3801 3679 3856 obiit

2033 3889 2092 3944 in
2123 3889 2385 3960 Egypto,
2420 3897 2722 3960 postquam
2756 3890 2834 3944 ibi
2885 3893 3282 3944 commoratus
3312 3895 3464 3944 esset
3494 3906 3679 3944 annos

2035 3978 2467 4050 septemdecim.
2497 3977 2595 4033 Hic
2618 3995 2805 4034 annos
2830 3983 2998 4034 natus
3016 3979 3387 4051 septuaginta
3425 3981 3684 4050 quinque

2036 4067 2242 4121 timore
2274 4065 2464 4121 fratris
2495 4065 2643 4120 Esau
2693 4065 2925 4137 fugiens
2977 4065 3220 4121 Carrhas
3259 4065 3681 4136 Mesopotamia:

2037 4154 2297 4226 pervenit
2319 4155 2388 4209 ad
2417 4154 2710 4209 Labanum
2740 4154 2942 4210 matris
2960 4153 3228 4210 Rebeccae
3254 4155 3687 4225 fratrem,cujus

2037 4259 2168 4299 cum
2203 4242 2408 4315 viginti
2439 4258 2626 4298 annos
2655 4258 2787 4298 oves
2819 4243 3093 4313 pavisset,
3128 4243 3230 4298 Lia
3261 4249 3436 4314 atque
3465 4243 3687 4298 Rache-

2038 4333 2091 4388 le
2124 4331 2344 4387 Labani
2378 4331 2611 4386 ﬁliabus
2639 4331 2829 4388 ductis
2861 4331 3011 4386 ﬁlios
3034 4331 3299 4402 ﬁliasque
3322 4331 3687 4404 tulil,partirn

2039 4421 2112 4477 ab
2141 4419 2345 4476 liberis
2378 4420 2676 4488 uxoribus,
2694 4421 2900 4491 partim
2945 4421 3018 4476 ab
3044 4420 3272 4477 ancillis
3299 4420 3456 4476 Ralla
3483 4430 3531 4476 el
3566 4421 3689 4477 Zel-

2041 4509 2244 4582 phasa.
2278 4513 2446 4563 Anno
2474 4507 2747 4579 vigesimo
2763 4509 2962 4581 elapso
2994 4510 3177 4565 redux
3219 4527 3250 4566 e
3280 4511 3690 4582 Mesopotamia

266 4605 448 4676 τέρας,
493 4587 642 4676 μίαν
723 4598 829 4654 ἂπό
901 4619 960 4653 τε
1022 4603 1130 4652 τῶν
1189 4595 1484 4669 ἐλευθέρων
1542 4593 1648 4649 ἀπὸ
1706 4615 1763 4649 τε
1818 4596 1922 4650 τῶν

2038 4598 2322 4653 interram
2357 4597 2629 4653 Chanaan
2654 4598 2930 4654 visionem
2974 4599 3208 4655 Bethele
3247 4602 3567 4672 conspexit.
3603 4600 3692 4672 Illi

269 4688 663 4767 θεραπαινίδων
697 4687 877 4750 Βάλας
916 4687 1007 4741 καὶ
1050 4684 1274 4764 Ζελφάν.
1316 4685 1469 4742 Μετὰ
1508 4681 1565 4738 δὲ
1601 4684 1692 4738 τὸν
1715 4690 1761 4737 κ’
1792 4683 1926 4757 χρό-

268 4803 358 4836 νον
409 4787 512 4850 τῆς
574 4778 634 4833 ἒκ
687 4778 1104 4848 Μεςοποταμίας
1177 4775 1316 4849 πρὸς
1370 4780 1472 4848 γῆν
1539 4772 1747 4828 Χαναὰν
1805 4773 1933 4827 ὑπο-

273 4877 512 4947 στροφῆς
547 4865 686 4922 εἶδεν
717 4867 903 4941 ὅρασιν
955 4863 1007 4918 έν
1069 4862 1309 4933 Βαιθήλ,
1338 4863 1430 4917 καὶ
1460 4862 1634 4917 πάντα
1661 4859 1932 4916 ἀποδεγα-

274 4963 445 5021 τώσας
510 4960 646 5032 ἅπερ
705 4955 963 5025 ἐκέκτητο
1037 4952 1381 5014 τελευταίους
1444 4947 1747 5006 ὑποϐάλλει
1803 4950 1932 5015 τοὺς

273 5047 490 5119 παῖδας,
548 5047 640 5102 καὶ
698 5046 807 5100 ἀπὸ
862 5049 958 5100 τοῦ
1016 5043 1273 5116 Βενιαμὶν
1327 5042 1624 5118 ἀρξάμενος
1663 5040 1926 5096 ἀνάπαλιν

276 5140 362 5193 καὶ
403 5138 490 5192 ἐπὶ
536 5138 628 5191 τὸν
676 5135 812 5191 Λευῖ
868 5132 1041 5198 ἐλθὼν
1098 5137 1290 5186 τοῦτον
1340 5133 1658 5205 προσήγαγέ
1685 5134 1762 5201 τῷ
1791 5131 1926 5202 Θεῷ.

277 5230 339 5284 Ὀ
389 5232 519 5301 γοῦν
558 5226 742 5282 Ἰσαὰκ
796 5223 888 5277 καὶ
945 5226 979 5292 ἡ
1031 5216 1292 5278 Ῥεϐέκκα
1353 5220 1487 5293 μετὰ
1541 5220 1643 5288 τήν
1698 5220 1928 5275 τοῦῚα-

279 5313 392 5371 κὼϐ
423 5313 712 5382 ἐπάνοδον,
773 5311 1279 5386 προσκαλεσάμενοι
1343 5309 1434 5365 τόν
1496 5329 1554 5364 τε
1610 5305 1808 5364 Ἰακὼϐ
1839 5309 1930 5364 καὶ

285 5407 370 5460 τὸν
426 5408 618 5473 Ἡσαῦ,
711 5402 804 5457 καὶ
887 5398 1358 5476 παρακαλέσαντες
1421 5398 1617 5458 αὐτοὺς
1674 5397 1787 5470 ἃμα
1841 5398 1930 5452 καὶ

291 5495 716 5571 ἔνορκωσάμενοι
776 5492 998 5566 εἰρήνην
1070 5491 1218 5565 ἄγειν
1302 5489 1438 5561 πρὸς
1498 5484 1783 5556 ἀλλήλους
1840 5488 1930 5541 καὶ

286 5586 375 5653 τὴν
439 5583 739 5662 ἀδελφικὴν
819 5580 1128 5650 οἰκειότητα
1217 5580 1568 5647 ἂσπαζεσθαι,
1634 5573 1930 5631 τελευτῶσι

289 5672 514 5753 πρστέρα
573 5675 672 5750 μὲν
731 5674 768 5743 ἡ
828 5664 1106 5742 Ῥεϐέκκα,
1166 5668 1278 5724 εἶτα
1359 5667 1451 5722 καὶ
1509 5667 1536 5720 ὁ
1592 5665 1790 5733 Ἰσαὰκ,
1852 5670 1930 5741 τῷ

2041 4701 2170 4741 cum
2193 4703 2263 4741 ex
2283 4686 2560 4742 omnibus
2584 4703 2710 4758 quas
2737 4688 3334 4758 possideretdecimas
3357 4689 3687 4756 obtulisset,

2041 4779 2403 4846 postremum
2435 4780 2493 4831 et
2522 4793 2591 4832 ex
2627 4777 2778 4842 ﬁliis,
2823 4796 2854 4832 a
2905 4778 3248 4848 Benjamino
3304 4779 3476 4834 ducto
3525 4779 3690 4832 initio

2041 4864 2450 4930 dinumeratis,
2481 4866 2685 4922 ordine
2721 4875 3072 4937 praepostero
3097 4868 3171 4922 ad
3191 4869 3385 4922 Levim
3423 4884 3686 4939 progres-

2039 4971 2296 5022 sus,eum
2321 4955 2614 5010 decimum
2637 4961 2928 5027 repertum
2955 4957 3054 5010 ἰο
3089 4961 3200 5011 Deo
3239 4956 3485 5010 devovit.
3522 4959 3689 5009 Porro

2041 5043 2269 5099 Isaacus
2299 5048 2356 5099 et
2401 5045 2658 5100 Rebecca
2700 5045 2917 5100 accitos
2972 5045 3256 5100 Jccobum
3317 5058 3552 5114 peregre
3611 5058 3694 5097 re-

2039 5148 2308 5204 gressum
2353 5138 2412 5188 et
2451 5134 2595 5189 Esau
2658 5134 2928 5205 precibus
2983 5138 3040 5189 et
3080 5133 3251 5196 votis,
3283 5147 3484 5186 eorum
3513 5131 3687 5186 etiam

2040 5223 2614 5294 ﬁdemjurejurando
2645 5223 2939 5292 adstricta,
2972 5223 3358 5278 adhortantur
3376 5221 3456 5276 uti
3491 5237 3690 5292 pacem

2043 5320 2307 5368 mutuam
2338 5313 2682 5383 vinculaque
2741 5314 3015 5367 fraternae
3073 5310 3362 5366 societatis
3421 5310 3694 5368 inviolata

2041 5406 2297 5467 servent;
2319 5401 2517 5471 sicque
2532 5402 2678 5456 diem
2703 5403 2938 5469 obeunt,
2961 5399 3117 5470 prior
3145 5399 3382 5472 quidem
3408 5400 3688 5472 Rebecca,

2041 5507 2155 5544 non
2191 5490 2371 5544 multo
2422 5493 2551 5558 post
2600 5489 2850 5556 Isaacus,
2895 5488 3108 5544 Jacobo
3162 5489 3692 5560 primogenitijura

2040 5578 2286 5649 elargiti.
2311 5582 2448 5633 Post
2479 5577 2601 5633 haac
2634 5577 2780 5633 Esau
2831 5579 3087 5634 Amaleci
3135 5578 3240 5634 ﬁlii
3274 5579 3694 5636 cohortationi-

2042 5671 2151 5726 bus
2175 5670 2234 5725 in
2261 5669 2547 5726 Jacobum
2581 5669 2816 5727 fratrem
2849 5670 3192 5746 concitatus,
3225 5671 3478 5728 militum
3512 5685 3690 5729 manu
