4062 6202
441 333 554 394 231

2010 327 2276 390 JOELIS

3743 343 3862 405 232

439 464 686 520 collecta
714 479 846 519 eum
879 463 1082 528 armis,
1114 468 1179 518 ut
1233 467 1428 519 narrat
1483 463 1798 534 Joeephus,
1856 460 2049 516 invasi:

2205 453 2398 512 Ἰακὼϐ
2456 457 2878 530 καταλείψαντες
2943 461 3010 515 τὰ
3093 469 3192 532 τῆς
3251 469 3628 540 πρωτοτὸκίας
3702 472 3858 546 γέρα,

435 553 691 610 Jacobus
722 552 938 624 Oppidi,
976 552 1036 607 in
1068 553 1219 624 quod
1254 552 1614 626 confugerat,
1650 550 1830 624 portis
1859 549 2091 614 clausis,

2203 546 2352 602 Μετὰ
2385 542 2442 600 δε
2472 550 2639 602 ταῦτα
2692 547 2796 602 ὑπὸ
2852 548 3116 621 Ἀμαλῆκ
3169 559 3267 607 τοῦ
3326 556 3446 610 υἱοῦ
3487 559 3652 612 αὐτοῦ
3679 542 3852 634 παρος

437 643 508 698 de
568 659 736 698 muro
795 647 860 696 ut
913 651 1216 712 parentum
1278 642 1633 698 monitorum
1698 641 2049 696 recordaretu

2199 634 2402 702 ξυνθεὶς
2456 636 2621 690 Ἠσαῦ
2711 636 2848 690 κατᾶ
2927 643 3025 692 τοῦ
3097 637 3311 712 Ἰακὼϐ,
3377 646 3468 699 καὶ
3535 650 3850 724 συναγαγὼν

433 732 810 788 admonebat.
849 732 994 786 Esau
1027 746 1176 802 aegre
1205 731 1396 786 ferens
1430 731 1766 793 consilium,
1796 745 1926 786 eum
1973 745 2087 783 non

433 820 622 876 solum
655 821 932 877 conviciis
971 819 1416 891 maledictisque
1446 821 1759 890 incessere,
1792 819 1890 874 sed
1936 817 2086 875 exei-

432 917 596 972 dium
631 931 864 987 quoque
923 913 1154 969 minari.
1190 913 1446 968 Jacobus
1499 910 1610 966 telo
1663 911 1880 966 emisso
1938 909 2086 963 Esau

431 1005 635 1060 dextra
661 1003 922 1060 mamilla
943 1004 1209 1059 saucium
1236 1001 1462 1057 slernit.
1487 1000 1648 1056 Tunc
1670 1005 1865 1055 antem
1890 998 2090 1069 imple-

434 1101 561 1152 tum
591 1099 683 1152 est
716 1095 918 1151 Isaacii
949 1092 1289 1150 vaticinium
1322 1092 1392 1146 de
1438 1091 1592 1147 Esau
1629 1107 1642 1146 :
1694 1090 1754 1145 δι
1783 1089 2086 1146 excusseris

415 1185 618 1256 jugum
650 1183 845 1257 fratris
893 1185 981 1238 iui
1033 1182 1098 1238 de
1151 1182 1286 1239 collo
1344 1189 1454 1251 tuo,
1512 1179 1761 1251 peccabis
1805 1181 2082 1249 peccatum

427 1276 639 1330 mortis.

2199 717 2325 793 ἔθνη
2361 723 2589 797 ὥρμησε
2643 725 2762 778 κατ’
2821 727 3009 800 αὐτοῦ,
3044 727 3119 790 ὣς
3163 752 3326 806 φησιν
3355 735 3650 806 Ἰώσηπος.
3681 717 3853 808 Ὄτδέ,

2198 812 2295 873 τὰς
2325 811 2501 875 πύλας
2534 812 2864 877 ἀποκλείσας
2916 823 3019 885 τῆς
3067 816 3284 883 πόλεως
3318 821 3396 884 εἷς
3434 823 3500 892 ἥν
3534 827 3851 905 κατέφυγεν,

2197 903 2256 957 ἐκ
2309 908 2404 959 τοῦ
2465 907 2685 980 τείχους
2772 907 3071 983 παρεκάλει
3148 911 3240 966 τὸν
3317 914 3483 969 Ἠσαῦ
3545 903 3856 987 μνησθῆναι

2195 996 2299 1047 τῶν
2331 997 2557 1067 γονικῶν
2608 992 2866 1052 ἐντολῶν.
2925 998 3034 1054 Τοῦ
3095 995 3150 1052 δὲ
3203 1002 3277 1071 μή
3312 1001 3672 1077 ἀνεχομένου,
3705 1004 3854 1060 ἀλλὰ

2197 1081 2408 1155 μᾶλλον
2441 1085 2527 1138 καὶ
2565 1079 2881 1158 ὑϐρίζοντος
2934 1086 3025 1140 καὶ
3079 1086 3446 1164 ἐξολοθρεύειν
3495 1093 3657 1148 αὐτὸν
3692 1097 3848 1150 ἄπει-

2193 1169 2435 1243 λοῦντος,
2490 1171 2721 1235 ἐντείνας
2775 1175 2838 1228 τὸ
2896 1176 3052 1244 τόξον
3111 1178 3139 1231 6
3195 1175 3391 1234 Ἰακὼϐ
3443 1183 3533 1236 καὶ
3581 1184 3719 1238 κατὰ
3749 1189 3846 1240 τοῦ

2191 1257 2366 1333 δεξιοῦ
2418 1266 2590 1336 μαζοῦ
2642 1260 2855 1333 πλήξας
2904 1261 3170 1322 κατέϐαλε
3211 1269 3306 1323 τὸν
3358 1270 3548 1328 Ἡσαῦ.
3600 1275 3700 1330 Καὶ
3747 1276 3850 1329 οὒ-

421 1380 534 1421 τως
559 1358 858 1434 ἐπληρώθη
894 1360 928 1427 ἡ
958 1361 1059 1412 τοῦ
1092 1356 1274 1412 Ἰσαὰκ
1299 1354 1603 1430 πρόρρησις
1634 1352 1876 1428 λέγουσα
1903 1352 2042 1426 πρὸς
2091 1351 2277 1404 Ἦσαῖν
2332 1351 2456 1407 Ἐὰν
2502 1350 2737 1425 καθέλῃς
2767 1352 2860 1406 τὸν
2896 1354 3054 1427 ζυγὸν
3083 1359 3181 1411 τοῦ
3213 1354 3454 1434 ἀδελφοῦ
3487 1380 3581 1414 σου
3609 1361 3715 1417 ἀπὸ
3745 1367 3850 1417 τοῦ

420 1446 714 1524 τραχήλου
743 1469 861 1517 σου,
893 1444 1324 1520 πλημμελήσεις
1355 1441 1747 1517 πλημμέλειαν
1780 1442 2035 1498 θανάτου.

478 1549 608 1604 Levi
635 1563 807 1619 porro
830 1546 1033 1618 genuit
1060 1544 1368 1612 Canthum,
1393 1543 1644 1599 Caathus
1670 1545 1868 1614 genuit
1899 1541 2081 1596 Abra-

421 1653 607 1702 mum,
641 1637 930 1692 Abramus
961 1635 1163 1707 genuit
1189 1639 1382 1690 Aaron
1415 1637 1471 1689 et
1506 1637 1759 1704 Moysen.
1809 1633 1880 1686 Et
1925 1644 2078 1684 anno

421 1725 824 1798 octuagesimo
858 1724 1076 1794 Moysis
1134 1723 1349 1796 egressi
1407 1725 1546 1778 sunt
1602 1720 1706 1776 filii
1745 1718 1980 1776 Israelis
2011 1734 2079 1773 ex

2259 1534 2417 1624 Ααυί⁸
2459 1533 2518 1591 δὶ
2575 1536 2827 1613 ἐγέννησε
2880 1540 2972 1595 τὸν
3032 1542 3200 1614 Καὰθ,
3260 1544 3410 1600 Καὰθ
3476 1542 3536 1600 δὲ
3586 1545 3843 1624 ἐγέννησε

2185 1624 2278 1680 τὸν
2320 1621 2593 1700 Ἀϐραὰμ,
2647 1628 2865 1702 Ἀραὰμ
2921 1627 2979 1684 δὲ
3031 1629 3280 1704 ἐγέννησε
3332 1633 3424 1688 τὸν
3483 1621 3695 1712 Ἀαρῶν
3752 1640 3843 1696 καὶ

2185 1715 2276 1769 τὸν
2326 1720 2553 1784 Μωσῆν.
2608 1716 2692 1773 Ἐν
2728 1713 2786 1771 δὲ
2839 1721 2919 1790 τῷ
2957 1720 3010 1775 π’
3063 1716 3170 1776 ἔτει
3200 1726 3298 1776 τοῦ
3331 1723 3575 1788 Μωσέως
3605 1724 3836 1797 ἐξῆλθον

425 1817 667 1888 Egypto
710 1831 830 1870 una
895 1829 1094 1869 secum
1151 1816 1208 1868 et
1270 1811 1505 1868 ossibus
1562 1809 1797 1881 Josephi
1857 1806 2049 1864 delatis

2191 1804 2243 1859 οἱ
2274 1805 2381 1859 υἱοὶ
2443 1803 2665 1879 Ἰσραὴλ
2721 1806 2772 1876 ἐξ
2827 1805 3121 1883 Αῗγύπτου,
3179 1809 3567 1888 ἐπιφερόμενοι
3622 1817 3712 1870 καὶ
3771 1819 3842 1873 τὰ

421 1904 890 1974 commoratique
923 1907 1062 1958 sunt
1089 1902 1148 1956 in
1181 1902 1408 1956 deserto
1438 1915 1622 1954 annos
1667 1897 2074 1969 quadraginta.

483 1996 629 2048 Post
683 1994 937 2062 Moysem
999 1989 1392 2062 principatum
1449 1987 1670 2059 accepit
1696 1987 1870 2042 Jesus
1899 1990 2073 2053 Nave,

425 2086 936 2153 commoratusque
967 2081 1026 2134 in
1058 2085 1214 2135 terra
1269 2075 1674 2149 promissionis
1729 2091 1913 2132 annos
1971 2076 2072 2130 tri-

423 2171 586 2244 ginta
611 2171 757 2226 duos
789 2170 940 2224 diem
971 2168 1113 2224 obiit
1143 2183 1426 2223 annorum
1462 2167 1582 2222 110.

474 2262 569 2315 11
611 2259 747 2314 Post
770 2259 971 2313 Jesum
994 2275 1097 2329 per
1140 2257 1370 2327 judices
1414 2257 1564 2311 Deus
1589 2256 1802 2327 populo
1833 2269 2070 2309 succur-

414 2348 677 2404 rebat.Et
697 2348 927 2419 primus
960 2346 1222 2401 omnium
1244 2346 1426 2400 Judas
1453 2344 1736 2415 judicavit
1785 2342 2062 2415 populum

413 2453 602 2492 annos
653 2439 902 2507 septem.
936 2437 1038 2490 Hic
1083 2433 1550 2489 Adonibezecum
1601 2431 2059 2503 alienigenarum

414 2541 608 2597 regem
642 2525 897 2595 subegit,
939 2525 1189 2595 ejusque
1229 2538 1511 2577 manuum
1543 2526 1602 2576 et
1632 2522 1847 2592 pedum
1870 2524 2061 2575 extre-

415 2617 644 2672 mitates
669 2615 1120 2687 praecidit.Tunc
1140 2613 1574 2668 Adonibezeeus
1597 2628 1611 2667 :
1639 2615 1810 2682 Reges
1827 2613 2057 2666 summi-

405 2709 542 2760 tate:
571 2721 844 2760 manuum
873 2720 1112 2759 suarum.
1143 2719 1207 2758 ac
1232 2701 1431 2774 pedum
1462 2702 1666 2756 abscisi
1705 2705 1868 2756 erant
1897 2700 2058 2756 colli-

404 2803 592 2863 gentes
620 2809 746 2866 quae
773 2793 872 2849 sub
919 2809 1108 2849 mensa
1162 2808 1307 2848 mea.
1365 2791 1516 2847 Sicut
1575 2789 1746 2859 igitur
1799 2791 1932 2862 feci,
1975 2791 2058 2845 sic

401 2884 663 2940 retribuit
689 2883 834 2939 mihi
862 2885 1141 2939 Dominus.

467 3061 633 3118 Judas
655 3062 939 3118 successit
997 3059 1377 3116 Gothonielus
1425 3060 1603 3130 judex
1653 3075 1836 3114 annos
1883 3057 2051 3129 quin-

400 3149 704 3220 quaginta,
738 3149 1148 3203 Gothonielum
1191 3147 1418 3218 excepit
1443 3148 1674 3202 Avodus
1724 3163 1911 3202 annos
1958 3162 2046 3201 oc-

401 3238 830 3308 tuaginta.Post
863 3237 1117 3292 Avodum
1141 3237 1324 3306 judex
1345 3237 1534 3291 factus
1565 3239 1655 3291 est
1693 3239 2044 3306 Samagarus

399 3341 584 3381 annos
617 3329 858 3396 septem.
891 3325 1030 3381 Post
1061 3326 1446 3397 Samagarum
1482 3324 1743 3395 judicem
1793 3323 1912 3396 egit
1941 3327 2046 3378 Ba-

395 3430 590 3483 racus,
622 3419 680 3469 et
709 3429 838 3469 cum
875 3430 940 3470 eo
974 3414 1230 3470 Deborra
1258 3421 1433 3479 vales,
1467 3430 1593 3484 quae
1631 3413 1852 3468 Jaelem
1885 3413 2046 3468 Sisa-

392 3520 518 3559 ram
555 3503 848 3558 interfecit
878 3503 1115 3575 paxillo,
1165 3503 1338 3559 Cinaei
1385 3502 1688 3559 Chameris
1732 3519 1893 3559 uxor.
1943 3503 2044 3557 llis

397 3592 762 3663 temporibus
803 3593 1188 3649 Prometheus
1245 3597 1303 3648 et
1359 3593 1624 3664 Orpheus
1682 3592 1896 3660 Thrax,
1942 3592 2042 3662 qui

391 3683 547 3752 apud
579 3682 809 3738 Graecos
850 3681 1270 3754 sapientissimi
1305 3681 1488 3737 habiti
1519 3685 1754 3746 sunt,et
1781 3681 2040 3736 Escula-

393 3771 527 3841 pius
561 3771 824 3827 medicus
875 3779 926 3827 el
973 3771 1274 3843 Lycurgus
1329 3772 1652 3843 Spartanus
1709 3769 2038 3826 Graecorum

387 3861 585 3929 legum
620 3859 767 3914 lator
798 3858 1055 3915 celebres
1087 3863 1271 3915 erant.

441 3951 582 4003 Post
612 3949 896 4004 Baracum
926 3947 1212 4020 judicavit
1243 3948 1434 4004 Gerleo
1464 3965 1649 4004 annos
1679 3949 1768 4003 40.
1803 3949 1856 4004 Is
1899 3965 2031 4004 cum

384 4038 682 4108 trecentis,
708 4040 971 4110 quicum
1015 4039 1281 4094 biberent
1323 4039 1792 4110 praestantissimi
1847 4038 2032 4094 habiti

377 4131 540 4194 sunt,
571 4129 927 4183 Madiamum
961 4132 1017 4183 et
1071 4128 1325 4183 Orebum
1359 4137 1411 4184 et
1470 4129 1686 4184 Zehum
1735 4133 1793 4183 et
1821 4128 2030 4184 Zebeu-

379 4233 540 4272 mum
577 4221 632 4272 et
651 4217 1071 4273 Salmananum
1106 4217 1397 4288 principes
1428 4217 1699 4289 perdidit.

432 4305 687 4361 Gedeoni
711 4307 1127 4363 Abimclechus
1158 4307 1316 4363 {ilius
1349 4307 1628 4363 successit
1674 4323 1860 4363 annos
1893 4314 2024 4363 tres.

378 4394 482 4447 Hic
513 4393 723 4450 fratres
754 4412 893 4450 suos
923 4397 1296 4468 septuaginta
1325 4413 1501 4470 super
1543 4413 1725 4452 unum
1767 4396 2020 4468 lapidem

2191 1891 2323 1948 ὀστᾶ
2357 1894 2581 1971 Ἰωσήφ.
2616 1893 2909 1964 Ἐποίησαν
2947 1893 3007 1952 δὲ
3037 1895 3091 1952 ἐν
3119 1901 3188 1972 τῇ
3219 1898 3414 1976 ἐρήμῳ
3439 1899 3533 1974 ἳτη
3568 1911 3644 1976 μ’.

2256 1981 2405 2036 Μετὰ
2463 1981 2659 2038 Μωσέα
2723 1980 2991 2054 διεδέξατο
3057 1987 3155 2056 τὴν
3216 1987 3397 2064 ἀρχὴν
3466 1992 3677 2061 Ἰησοῦς
3741 2000 3841 2050 τοῦ

2182 2072 2360 2159 Ναυῆ,
2394 2073 2482 2127 καὶ
2517 2074 2753 2142 ποιήσας
2803 2073 2854 2129 ἐν
2901 2079 2972 2149 τῇ
3026 2080 3100 2152 γῇ
3157 2079 3258 2147 τῆς
3285 2077 3611 2155 ἐπαγγελίας
3635 2076 3730 2154 ἔτη
3765 2083 3843 2159 λβ

2179 2158 2429 2229 ἀπέθανε,
2465 2162 2628 2230 ζήσας
2659 2159 2752 2231 ἔτη
2782 2163 2870 2236 ρι“.

2249 2249 2398 2304 Μετὰ
2453 2247 2510 2303 δὲ
2573 2251 2781 2319 Ἰησοῦν
2845 2248 2936 2308 διὰ
2993 2257 3097 2308 τῶν
3162 2261 3363 2330 κριτῶν
3403 2251 3600 2328 ἔσωζεν
3637 2261 3666 2316 6
3700 2262 3835 2325 Θεὸς

2173 2338 2267 2393 τὸν
2300 2337 2450 2395 λαὸν.
2485 2337 2582 2392 Καὶ
2613 2344 2830 2414 πρῶτον
2886 2340 3091 2404 Ἰούδας
3149 2340 3323 2419 ἔκρινε
3350 2345 3442 2402 τὸν
3474 2346 3606 2403 λαὸν
3634 2347 3728 2420 ἔτη
3761 2353 3829 2421 ζ’,

2172 2428 2585 2502 χειρωσάμενος
2631 2430 2720 2483 καὶ
2786 2431 2878 2484 τὸν
2957 2429 3310 2504 ’Λδωνιϐεζὲκ
3389 2438 3640 2512 βασιλεία
3712 2446 3826 2497 τῶν

2170 2516 2528 2593 ἀλλοφύλων,
2594 2518 2683 2573 καὶ
2741 2520 3158 2595 ἀκρωτηριάσας
3238 2525 3404 2582 αὐτοῦ
3461 2534 3650 2602 χεῖρας
3733 2531 3828 2585 καὶ

2168 2603 2361 2667 πόδας·
2441 2607 2498 2669 ὅς
2559 2608 2648 2662 καὶ
2708 2608 2872 2664 εἶπεν·
2960 2611 3028 2668 Οἱ
3089 2612 3333 2685 βασιλεῖς
3391 2617 3460 2672 τὰ
3518 2615 3655 2692 ἄκρα
3713 2624 3824 2674 τῶν

2168 2697 2374 2769 χειρῶν
2465 2695 2553 2749 καὶ
2653 2700 2759 2750 τῶν
2854 2695 3038 2753 ποδῶν
3140 2701 3582 2778 ἀποκεκομμένοι
3688 2709 3827 2776 ἦσαν

2167 2782 2521 2857 συλλέγοντες
2579 2786 2647 2840 τὰ
2706 2785 2959 2842 ὑποκάτω
3012 2795 3114 2860 τῆς
3180 2793 3452 2866 τραπέζης
3515 2817 3639 2868 μου.
3709 2802 3823 2852 K1-

2164 2873 2271 2935 θὼς
2348 2871 2440 2928 οὖν
2515 2871 2768 2946 ἐποίησα,
2872 2875 3049 2941 οὕτως
3155 2883 3246 2937 καὶ
3322 2880 3597 2940 ἀπέλαϐον
3672 2890 3826 2962 παρὰ

2162 2965 2318 3019 Θεοῦ.

2233 3053 2381 3108 Μετὰ
2410 3049 2617 3142 Ἰούδαν
2646 3052 2843 3142 ,γέγονε
2900 3059 3095 3132 κριτὴς
3150 3061 3421 3132 Γοθονιὴλ
3453 3062 3548 3135 ἔτη
3580 3069 3644 3136 θ’,
3679 3070 3818 3142 μετὰ

2160 3136 2218 3234 δὲ
2249 3139 2708 3234 ΓοθονιήλμᾹύιῖοδ
2763 3137 2856 3215 ἔτη
2918 3147 2992 3216 π’,
3055 3150 3190 3220 μετὰ
3235 3147 3291 3206 δὲ
3347 3152 3511 3210 Αύὼδ
3543 3136 3817 3234 Σαγαμὰρ

2155 3227 2250 3299 ἓτη
2312 3231 2372 3298 ζ“,
2433 3229 2567 3302 μετὰ
2625 3228 2681 3287 δὲ
2737 3236 2995 3310 Σαγαμὰρ
3057 3237 3264 3313 Βαρὰκ,
3318 3245 3434 3313 μεθ’
3493 3243 3561 3299 οὗ
3590 3227 3817 3304 κσιὶνΔεζ

2157 3313 2392 3393 ϐὁρῥαὴ
2425 3325 2718 3396 προφῆτις,
2774 3329 2899 3390 ῆτις
2951 3324 3042 3380 καὶ
3096 3327 3188 3381 τὸν
3244 3330 3447 3406 Σίσαρα
3504 3334 3656 3404 Ἰαῆλ
3692 3337 3810 3392 ἀπ·-

2154 3406 2380 3463 έκτεινεν
2451 3406 2506 3462 ἐν
2582 3409 2869 3484 πασσάλῳ,
2945 3416 3083 3487 γυνὴ
3152 3417 3347 3493 Χάμερ
3403 3425 3500 3475 τοῦ
3555 3428 3810 3482 Κεναίου.

2327 3497 2388 3552 οὗ
2456 3498 2782 3592 Προμηθεὺς
2851 3503 2938 3592 καὶ
3011 3505 3237 3580 Ὀρφεὺς
3303 3509 3331 3562 ὁ
3401 3509 3538 3584 Θρᾲξ
3599 3515 3652 3568 οἱ
3697 3536 3809 3592 παρ

2150 3584 2387 3655 Ἕλλησι
2448 3587 2778 3662 σοφώτατοι⁹
2836 3591 2927 3645 καὶ
2987 3593 3325 3664 Ἀσκληπιὸς
3377 3599 3406 3652 6
3454 3599 3666 3674 ἱατρὸς,
3716 3584 3808 3659 καὶ

2149 3679 2463 3762 ,Χυκοῦργος
2495 3678 2522 3730 ὁ
2556 3679 2905 3752 Σπαρτιάτης
2929 3681 3016 3735 καὶ
3043 3684 3347 3757 νομοθέτης
3368 3691 3479 3743 τῶν
3514 3688 3803 3762 Ἐλλήνων

2147 3761 2524 3839 ἐγνωρίζοντο.

2217 3944 2367 3999 Μετὰ
2410 3946 2596 4020 Βαρὰκ
2650 3943 2853 4002 Γεδεὼν
2912 3947 3006 4021 ἔτη
3068 3957 3142 4026 pf,
3197 3955 3226 4009 6
3281 3957 3518 4028 πατάξας
3545 3959 3639 4016 τὸν
3667 3967 3798 4018 Μα-

2143 4031 2277 4106 διὰμ
2310 4036 2445 4108 μετὰ
2499 4042 2606 4091 τῖύν
2656 4039 2700 4092 τ’
2749 4043 2856 4093 τῶν
2917 4039 3250 4114 λαμψάντων
3282 4045 3335 4100 ἐν
3365 4053 3445 4120 τῷ
3475 4049 3672 4122 πίνειν,
3705 4054 3797 4110 καὶ

2136 4123 2229 4177 τὸν
2289 4121 2457 4200 Ὠρὴϐ
2507 4125 2598 4180 καὶ
2655 4122 2769 4197 Ζῆϐ
2826 4128 2918 4184 καί
2963 4127 3122 4187 Ζεϐεέ
3173 4135 3264 4190 καὶ
3311 4136 3602 4213 Σαλμανᾶν
3661 4144 3794 4207 τοὺς

2136 4210 2408 4288 ἄρχοντας
2433 4213 2608 4269 αὐτῶν
2619 4258 2632 4272 .

2206 4301 2360 4397 Μετὰ
2407 4299 2462 4356 δὲ
2500 4300 2716 4397 *Γεδεὼν
2772 4302 3086 4397 ξᾼϐιμέλεχ
3135 4313 3163 4367 ὁ
3213 4313 3328 4377 υἱὸς
3381 4317 3551 4374 αὐτοῦ
3581 4316 3678 4392 ἔτη
3721 4325 3794 4397 γ’,

2132 4391 2368 4462 πατάξας
2424 4393 2515 4447 καὶ
2572 4397 2699 4458 τοὺς
2757 4394 3031 4477 ἀδελφοὺς
3091 4401 3254 4460 αὐτοῦ
3326 4407 3370 4462 o'
3426 4405 3623 4484 ἄνδρας

372 4481 499 4535 neci
527 4484 792 4551 tradidit,
827 4485 1071 4556 ideoque
1101 4488 1336 4541 tandem
1396 4487 1586 4556 periit,
1637 4503 1772 4542 cum
1814 4485 2024 4542 mulier

2176 4479 2274 4554 ίθῳ
2327 4479 2426 4573 ἐνί·
2487 4480 2571 4573 διὸ
2629 4485 2719 4538 καὶ
2775 4485 3030 4544 ἀπώλετο
3099 4481 3318 4568 ὕστερον
3379 4496 3482 4551 ὑπὸ
3527 4479 3793 4573 ⁷γυναικὸς

373 4584 408 4657 ον
437 4571 579 4625 turri
615 4571 828 4643 lapidis
859 4574 976 4627 ictu
1011 4575 1273 4630 oranium
1324 4575 1481 4630 illius
1535 4575 1922 4631 contrivisset.
1958 4578 2026 4631 Et

2173 4571 2236 4624 πὸ
2267 4569 2480 4646 πύργου
2525 4569 2616 4626 διὰ
2675 4573 2849 4648 βολῆς
2908 4573 3066 4642 λίθου
3123 4566 3490 4657 συντριψάσης
3520 4566 3693 4642 α’ύτοῦ
3725 4593 3790 4646 τὸ

365 4656 640 4714 clamavit
666 4660 738 4714 ad
770 4677 1040 4731 puerum,
1087 4664 1187 4718 I2
1241 4663 1341 4733 qui
1391 4664 1614 4720 ferebat
1671 4681 1807 4720 vasa
1836 4664 2012 4734 ejus:

360 4746 510 4802 Educ
537 4747 788 4818 gladium
819 4753 980 4804 tuum
1010 4759 1058 4805 et
1091 4752 1463 4820 interﬁceme,
1488 4755 1777 4823 nequando
1806 4753 2009 4820 dicant,

355 4836 562 4894 Mulier
591 4841 773 4910 ipsum
804 4839 1040 4903 occidit;
1076 4844 1132 4896 et
1163 4841 1247 4896 sic
1307 4841 1622 4896 transfodit
1671 4858 1802 4898 eum
1847 4860 2009 4915 puer.

412 5013 548 5072 Post
576 5015 1016 5073 Abimclechum
1057 5017 1242 5073 Thola
1291 5016 1521 5090 praefuit
1578 5035 1762 5073 annos
1810 5018 2010 5088 viginti

357 5108 498 5171 tres,
531 5111 664 5177 post
694 5105 942 5162 Tholam
965 5106 1212 5178 Jephtae
1241 5124 1428 5162 annos
1457 5123 1575 5176 sex,
1612 5112 1741 5178 post
1765 5107 2009 5178 Jephtae

349 5193 539 5250 Abesa
572 5213 758 5252 annos
792 5201 1036 5267 septem,
1086 5200 1217 5268 post
1261 5198 1513 5252 Abesam
1561 5196 1796 5252 Elomus
1822 5214 2007 5254 annos

355 5283 576 5339 decem.
614 5284 811 5342 Elomo
843 5286 1090 5358 Sampso
1150 5287 1430 5343 suﬂectus
1475 5295 1576 5356 est,
1604 5287 2006 5361 judicavitque

2121 4657 2362 4733 κρανίον.
2419 4662 2520 4720 "Oc;
2577 4660 2667 4714 καὶ
2719 4663 2837 4717 εἶπε
2891 4666 3028 4738 πρὸς
3083 4669 3178 4723 τὸν
3233 4669 3460 4746 αἴροντα
3509 4674 3577 4730 τὰ
3615 4677 3786 4750 σκεύη

2121 4749 2302 4804 αὐτοῦ·
2393 4753 2600 4806 Σπὰσαι
2658 4754 2756 4822 τήν
2813 4755 3090 4834 ῥομφαίαν
3173 4783 3290 4833 σου,
3379 4766 3470 4820 καὶ
3531 4749 3788 4824 Θανὰτωέ

2118 4841 2208 4894 σόν
2247 4861 2334 4913 με,
2372 4842 2448 4913 μῆ
2485 4863 2620 4897 ποτε
2676 4841 2901 4899 εἷ’πωσιν
2953 4846 3038 4902 ὅτι
3087 4852 3220 4924 γυνὴ
3249 4853 3412 4908 αὐτὸν
3446 4855 3784 4918 ἀπέκτεινεν.

2119 4929 2215 4983 Καὶ
2245 4927 2418 4990 οὕτως
2452 4930 2662 4986 ἀνεῖλεν
2695 4932 2852 4989 αὐτὸν
2878 4937 2940 4991 τὸ
2975 4936 3216 4996 παιδίον.

2186 5019 2334 5108 Μετὰ
2391 5015 2447 5072 δὲ
2505 5015 2815 5108 ’ᾼϐιμέλεχ
2870 5020 3047 5100 ἔκρινε
3104 5027 3252 5084 Θολὰ
3282 5030 3372 5102 ἔτη
3407 5041 3513 5106 κγ’,
3549 5037 3689 5108 μετὰ
3720 5036 3781 5094 δὲ

2114 5106 2502 5198 ΘολὰᾼἸεφθάε
2531 5103 2623 5180 ἔτη
2682 5120 2745 5180 ς’,
2811 5115 2946 5186 μετὰ
3003 5114 3061 5171 δὲ
3117 5119 3324 5196 Ἰεφθάε
3353 5103 3558 5178 mea;
3580 5122 3678 5197 ἔτη
3709 5129 3775 5198 ζ’,

2115 5198 2249 5289 μετὰ
2279 5196 2335 5289 δὲ
2393 5195 2592 5254 Ἀϐεσὲ
2643 5202 2817 5258 Ἐλὼν
2877 5203 2974 5276 ἔτη
3036 5210 3090 5278 ι’,
3127 5195 3263 5282 μετὰ
3294 5208 3350 5266 δὲ
3382 5211 3577 5287 Ἐλὼμ

2111 5283 2380 5377 ψὼνῄἕτη
2441 5289 2509 5377 κ’,
2570 5289 2652 5368 ἐφ’
2707 5292 2769 5346 οὗ
2824 5293 2913 5348 καὶ
2964 5295 3244 5372 Ἡρακλῆς
3292 5301 3319 5355 6
3370 5305 3494 5377 παρ’
3525 5283 3776 5377 εἰΣλλῆσι

346 5387 533 5426 annos
561 5375 651 5430 20.
687 5375 807 5430 Sub
850 5375 972 5430 haec
1035 5383 1298 5448 tempora
1359 5375 1629 5433 Hercules
1670 5377 2002 5435 Grsacorum

2173 5372 2404 5448 αϐόητος
2433 5376 2606 5454 ἐγνωρ
2618 5377 2779 5449 ίζετο.

345 5458 614 5515 historiis
644 5463 859 5519 nobilis
889 5465 1152 5522 ﬂorebat.

347 5548 948 5694 dPosttSampsonem
1006 5554 1118 5610 fuit
1170 5553 1574 5629 interregnum
1636 5571 1824 5614 annos
1854 5572 2000 5628 qua-

390 5651 556 5709 ragin
588 5655 639 5694 a.

2180 5555 2330 5612 Μετὰ
2359 5553 2418 5610 δὲ
2447 5557 2691 5632 Σαμψὼν
2725 5559 2937 5639 ἐγένετο
2967 5563 3206 5642 ἀναρχία
3242 5561 3335 5639 ἔτη
3372 5571 3443 5644 μ’.
