  <div class='ocr_page' id='page_1' title='image "/cluster/home/n/w/nwhite01/storage/ocr_20150623/139/hvd.32044023361710/122.png"; bbox 0 0 4062 6202; ppageno 0'>
   <div class='ocr_carea' id='block_1_1' title="bbox 184 310 3616 388">
    <p class='ocr_par' dir='ltr' id='par_1_1' title="bbox 184 310 3616 388">
     <span class='ocr_line' id='line_1_1' title="bbox 184 310 3616 388; baseline -0.006 0"><span class='ocrx_word' id='word_1_1' title='bbox 184 327 313 388; x_wconf 80' lang='lat'><strong>233</strong></span> <span class='ocrx_word' id='word_1_2' title='bbox 1564 310 2246 378; x_wconf 81' lang='lat' dir='ltr'><strong>CHRONOGRAPHIA</strong></span> <span class='ocrx_word' id='word_1_3' title='bbox 3495 315 3616 377; x_wconf 62' lang='lat' dir='ltr'><strong>23a</strong></span> 
     </span>
    </p>
   </div>
   <div class='ocr_carea' id='block_1_2' title="bbox 257 443 1861 529">
    <p class='ocr_par' dir='ltr' id='par_1_2' title="bbox 257 445 1847 529">
     <span class='ocr_line' id='line_1_2' title="bbox 257 445 1847 529; baseline -0.006 -17"><span class='ocrx_word' id='word_1_4' title='bbox 257 451 507 514; x_wconf 73' lang='grc' dir='ltr'>Μετᾶδὶ</span> <span class='ocrx_word' id='word_1_5' title='bbox 553 450 689 515; x_wconf 76' lang='grc' dir='ltr'>τοὺς</span> <span class='ocrx_word' id='word_1_6' title='bbox 728 451 919 529; x_wconf 72' lang='grc' dir='ltr'>κριτὰς</span> <span class='ocrx_word' id='word_1_7' title='bbox 981 445 1158 527; x_wconf 77' lang='grc' dir='ltr'><strong>ἔκρινε</strong></span> <span class='ocrx_word' id='word_1_8' title='bbox 1211 451 1304 508; x_wconf 80' lang='grc' dir='ltr'>τὸν</span> <span class='ocrx_word' id='word_1_9' title='bbox 1362 447 1495 505; x_wconf 83' lang='grc' dir='ltr'>λαὸν</span> <span class='ocrx_word' id='word_1_10' title='bbox 1558 445 1847 527; x_wconf 74' lang='grc' dir='ltr'>ἀρχιερεὺς</span> 
     </span>
    </p>
   </div>
   <div class='ocr_carea' id='block_1_3' title="bbox 2013 443 3617 529">
    <p class='ocr_par' dir='ltr' id='par_1_3' title="bbox 2027 443 3617 518">
     <span class='ocr_line' id='line_1_3' title="bbox 2027 443 3617 518; baseline 0.003 -17"><span class='ocrx_word' id='word_1_11' title='bbox 2027 445 2164 501; x_wconf 86' lang='lat' dir='ltr'><strong>Post</strong></span> <span class='ocrx_word' id='word_1_12' title='bbox 2178 444 2412 516; x_wconf 86' lang='lat' dir='ltr'><strong>judices</strong></span> <span class='ocrx_word' id='word_1_13' title='bbox 2428 443 2715 517; x_wconf 80' lang='lat' dir='ltr'><strong>judicavit</strong></span> <span class='ocrx_word' id='word_1_14' title='bbox 2739 444 3024 518; x_wconf 86' lang='lat' dir='ltr'><strong>populum</strong></span> <span class='ocrx_word' id='word_1_15' title='bbox 3046 461 3317 505; x_wconf 85' lang='lat' dir='ltr'><strong>summus</strong></span> <span class='ocrx_word' id='word_1_16' title='bbox 3337 448 3617 506; x_wconf 83' lang='lat' dir='ltr'><strong>sacerdos</strong></span> 
     </span>
    </p>
   </div>
   <div class='ocr_carea' id='block_1_4' title="bbox 181 533 1785 615">
    <p class='ocr_par' dir='ltr' id='par_1_4' title="bbox 181 536 1785 615">
     <span class='ocr_line' id='line_1_4' title="bbox 181 536 1785 615; baseline -0.007 -15"><span class='ocrx_word' id='word_1_17' title='bbox 181 542 351 600; x_wconf 80' lang='grc' dir='ltr'>Ἡλεί</span> <span class='ocrx_word' id='word_1_18' title='bbox 378 540 474 613; x_wconf 73' lang='grc' dir='ltr'>ἔτη</span> <span class='ocrx_word' id='word_1_19' title='bbox 516 548 588 611; x_wconf 75' lang='grc' dir='ltr'>κ’,</span> <span class='ocrx_word' id='word_1_20' title='bbox 644 541 739 596; x_wconf 81' lang='grc' dir='ltr'><strong>καὶ</strong></span> <span class='ocrx_word' id='word_1_21' title='bbox 795 544 866 615; x_wconf 80' lang='grc' dir='ltr'>τῇ</span> <span class='ocrx_word' id='word_1_22' title='bbox 921 538 1176 615; x_wconf 80' lang='grc' dir='ltr'>παροινίᾳ</span> <span class='ocrx_word' id='word_1_23' title='bbox 1223 538 1313 592; x_wconf 81' lang='grc' dir='ltr'>καὶ</span> <span class='ocrx_word' id='word_1_24' title='bbox 1355 538 1543 609; x_wconf 80' lang='grc' dir='ltr'><strong>ἀταξίᾳ</strong></span> <span class='ocrx_word' id='word_1_25' title='bbox 1582 540 1689 591; x_wconf 82' lang='grc' dir='ltr'>τῶν</span> <span class='ocrx_word' id='word_1_26' title='bbox 1723 536 1785 589; x_wconf 69' lang='grc' dir='ltr'>υἱέ</span> 
     </span>
    </p>
   </div>
   <div class='ocr_carea' id='block_1_5' title="bbox 2016 533 3620 615">
    <p class='ocr_par' dir='ltr' id='par_1_5' title="bbox 2020 533 3620 607">
     <span class='ocr_line' id='line_1_5' title="bbox 2020 533 3620 607; baseline 0.004 -15"><span class='ocrx_word' id='word_1_27' title='bbox 2020 534 2090 592; x_wconf 90' lang='lat' dir='ltr'><strong>eli</strong></span> <span class='ocrx_word' id='word_1_28' title='bbox 2125 551 2278 591; x_wconf 92' lang='lat' dir='ltr'><strong>anno</strong></span> <span class='ocrx_word' id='word_1_29' title='bbox 2312 534 2539 607; x_wconf 89' lang='lat' dir='ltr'><strong>viginti.</strong></span> <span class='ocrx_word' id='word_1_30' title='bbox 2573 534 2631 591; x_wconf 91' lang='lat' dir='ltr'><strong>ls</strong></span> <span class='ocrx_word' id='word_1_31' title='bbox 2670 533 2926 591; x_wconf 86' lang='lat' dir='ltr'><strong>ﬁliorum</strong></span> <span class='ocrx_word' id='word_1_32' title='bbox 2983 535 3208 607; x_wconf 89' lang='lat' dir='ltr'><strong>Ophnis</strong></span> <span class='ocrx_word' id='word_1_33' title='bbox 3260 540 3317 593; x_wconf 92' lang='lat' dir='ltr'><strong>et</strong></span> <span class='ocrx_word' id='word_1_34' title='bbox 3369 536 3620 599; x_wconf 76' lang='lat' dir='ltr'><strong>Phineas</strong></span> 
     </span>
    </p>
   </div>
   <div class='ocr_carea' id='block_1_6' title="bbox 183 623 1787 709">
    <p class='ocr_par' dir='ltr' id='par_1_6' title="bbox 183 623 1787 709">
     <span class='ocr_line' id='line_1_6' title="bbox 183 623 1787 709; baseline -0.005 -22"><span class='ocrx_word' id='word_1_35' title='bbox 183 632 362 687; x_wconf 69' lang='grc' dir='ltr'>αὐτοῦ</span> <span class='ocrx_word' id='word_1_36' title='bbox 387 630 570 709; x_wconf 79' lang='grc' dir='ltr'>Όφνεὶ</span> <span class='ocrx_word' id='word_1_37' title='bbox 606 631 699 686; x_wconf 84' lang='grc' dir='ltr'><strong>καὶ</strong></span> <span class='ocrx_word' id='word_1_38' title='bbox 757 631 944 693; x_wconf 73' lang='grc' dir='ltr'>Φινεὲς</span> <span class='ocrx_word' id='word_1_39' title='bbox 996 634 1065 705; x_wconf 80' lang='grc' dir='ltr'>τῇ</span> <span class='ocrx_word' id='word_1_40' title='bbox 1126 627 1213 685; x_wconf 80' lang='grc' dir='ltr'><strong>ἐπὶ</strong></span> <span class='ocrx_word' id='word_1_41' title='bbox 1255 634 1363 683; x_wconf 77' lang='grc' dir='ltr'>τῶν</span> <span class='ocrx_word' id='word_1_42' title='bbox 1395 629 1588 682; x_wconf 79' lang='grc' dir='ltr'>θυσιῶν</span> <span class='ocrx_word' id='word_1_43' title='bbox 1618 623 1787 695; x_wconf 69' lang='grc' dir='ltr'><strong>έπῆλρ</strong></span> 
     </span>
    </p>
   </div>
   <div class='ocr_carea' id='block_1_7' title="bbox 2013 623 3617 709">
    <p class='ocr_par' dir='ltr' id='par_1_7' title="bbox 2013 625 3617 696">
     <span class='ocr_line' id='line_1_7' title="bbox 2013 625 3617 696; baseline 0.004 -14"><span class='ocrx_word' id='word_1_44' title='bbox 2013 625 2294 682; x_wconf 85' lang='lat' dir='ltr'><strong>etulantia</strong></span> <span class='ocrx_word' id='word_1_45' title='bbox 2322 641 2387 680; x_wconf 88' lang='lat' dir='ltr'><strong>ac</strong></span> <span class='ocrx_word' id='word_1_46' title='bbox 2419 626 2795 696; x_wconf 80' lang='lat' dir='ltr'><strong>perversitate</strong></span> <span class='ocrx_word' id='word_1_47' title='bbox 2824 625 2885 682; x_wconf 89' lang='lat' dir='ltr'><strong>in</strong></span> <span class='ocrx_word' id='word_1_48' title='bbox 2916 626 3220 684; x_wconf 87' lang='lat' dir='ltr'><strong>sacriﬁciis</strong></span> <span class='ocrx_word' id='word_1_49' title='bbox 3251 628 3428 685; x_wconf 88' lang='lat' dir='ltr'><strong>simul</strong></span> <span class='ocrx_word' id='word_1_50' title='bbox 3481 646 3617 688; x_wconf 89' lang='lat' dir='ltr'><strong>cum</strong></span> 
     </span>
    </p>
   </div>
   <div class='ocr_carea' id='block_1_8' title="bbox 183 711 1787 794">
    <p class='ocr_par' dir='ltr' id='par_1_8' title="bbox 183 711 1787 794">
     <span class='ocr_line' id='line_1_8' title="bbox 183 711 1787 794; baseline -0.005 -18"><span class='ocrx_word' id='word_1_51' title='bbox 183 721 447 790; x_wconf 73' lang='grc' dir='ltr'>αὖτοῖςὴ</span> <span class='ocrx_word' id='word_1_52' title='bbox 480 719 597 775; x_wconf 88' lang='grc' dir='ltr'>θεία</span> <span class='ocrx_word' id='word_1_53' title='bbox 655 717 803 790; x_wconf 83' lang='grc' dir='ltr'>δίκη·</span> <span class='ocrx_word' id='word_1_54' title='bbox 858 720 910 774; x_wconf 79' lang='grc' dir='ltr'><strong>οἱ</strong></span> <span class='ocrx_word' id='word_1_55' title='bbox 973 720 1067 793; x_wconf 76' lang='grc' dir='ltr'>μὲν</span> <span class='ocrx_word' id='word_1_56' title='bbox 1123 719 1226 794; x_wconf 73' lang='grc' dir='ltr'>γὰρ</span> <span class='ocrx_word' id='word_1_57' title='bbox 1255 719 1416 791; x_wconf 71' lang='grc' dir='ltr'>ἓντῷ</span> <span class='ocrx_word' id='word_1_58' title='bbox 1465 716 1700 790; x_wconf 81' lang='grc' dir='ltr'>πολέμῳ</span> <span class='ocrx_word' id='word_1_59' title='bbox 1741 711 1787 768; x_wconf 86' lang='grc' dir='ltr'><strong>δε</strong></span> 
     </span>
    </p>
   </div>
   <div class='ocr_carea' id='block_1_9' title="bbox 2014 711 3618 794">
    <p class='ocr_par' dir='ltr' id='par_1_9' title="bbox 2014 714 3618 793">
     <span class='ocr_line' id='line_1_9' title="bbox 2014 714 3618 793; baseline 0.006 -24"><span class='ocrx_word' id='word_1_60' title='bbox 2014 716 2107 771; x_wconf 90' lang='lat' dir='ltr'><strong>liis</strong></span> <span class='ocrx_word' id='word_1_61' title='bbox 2132 731 2301 785; x_wconf 86' lang='lat' dir='ltr'><strong>grave</strong></span> <span class='ocrx_word' id='word_1_62' title='bbox 2330 714 2607 771; x_wconf 85' lang='lat' dir='ltr'><strong>Numinis</strong></span> <span class='ocrx_word' id='word_1_63' title='bbox 2629 715 2923 787; x_wconf 88' lang='lat' dir='ltr'><strong>judicium</strong></span> <span class='ocrx_word' id='word_1_64' title='bbox 2957 717 3178 773; x_wconf 85' lang='lat' dir='ltr'><strong>subiit:</strong></span> <span class='ocrx_word' id='word_1_65' title='bbox 3210 717 3272 772; x_wconf 92' lang='lat' dir='ltr'><strong>hi</strong></span> <span class='ocrx_word' id='word_1_66' title='bbox 3312 718 3528 793; x_wconf 87' lang='lat' dir='ltr'><strong>quippe</strong></span> <span class='ocrx_word' id='word_1_67' title='bbox 3556 721 3618 778; x_wconf 89' lang='lat' dir='ltr'><strong>in</strong></span> 
     </span>
    </p>
   </div>
   <div class='ocr_carea' id='block_1_10' title="bbox 183 801 1787 887">
    <p class='ocr_par' dir='ltr' id='par_1_10' title="bbox 183 804 1787 887">
     <span class='ocr_line' id='line_1_10' title="bbox 183 804 1787 887; baseline -0.004 -22"><span class='ocrx_word' id='word_1_68' title='bbox 183 815 296 872; x_wconf 78' lang='grc' dir='ltr'>νῶς</span> <span class='ocrx_word' id='word_1_69' title='bbox 331 810 695 885; x_wconf 76' lang='grc' dir='ltr'>ἀνῃρέθησαν,</span> <span class='ocrx_word' id='word_1_70' title='bbox 756 809 785 863; x_wconf 99' lang='lat'><strong>6</strong></span> <span class='ocrx_word' id='word_1_71' title='bbox 840 806 897 863; x_wconf 79' lang='grc' dir='ltr'>δὲ</span> <span class='ocrx_word' id='word_1_72' title='bbox 955 808 1059 863; x_wconf 85' lang='grc' dir='ltr'><strong>ἀπὸ</strong></span> <span class='ocrx_word' id='word_1_73' title='bbox 1113 811 1211 864; x_wconf 81' lang='grc' dir='ltr'>τοῦ</span> <span class='ocrx_word' id='word_1_74' title='bbox 1270 804 1464 887; x_wconf 82' lang='grc' dir='ltr'>δίφρου</span> <span class='ocrx_word' id='word_1_75' title='bbox 1519 806 1697 860; x_wconf 84' lang='grc' dir='ltr'>πεσὼν</span> <span class='ocrx_word' id='word_1_76' title='bbox 1732 804 1787 858; x_wconf 82' lang='grc' dir='ltr'>ὀτ</span> 
     </span>
    </p>
   </div>
   <div class='ocr_carea' id='block_1_11' title="bbox 2011 801 3615 887">
    <p class='ocr_par' dir='ltr' id='par_1_11' title="bbox 2011 801 3615 873">
     <span class='ocr_line' id='line_1_11' title="bbox 2011 801 3615 873; baseline 0.007 -16"><span class='ocrx_word' id='word_1_77' title='bbox 2011 802 2163 859; x_wconf 72' lang='lat' dir='ltr'><strong>raelio</strong></span> <span class='ocrx_word' id='word_1_78' title='bbox 2196 801 2511 859; x_wconf 82' lang='lat' dir='ltr'><strong>crudeliter</strong></span> <span class='ocrx_word' id='word_1_79' title='bbox 2540 803 2670 858; x_wconf 67' lang='lat' dir='ltr'><strong>cassi</strong></span> <span class='ocrx_word' id='word_1_80' title='bbox 2705 806 2864 873; x_wconf 90' lang='lat' dir='ltr'><strong>sunt,</strong></span> <span class='ocrx_word' id='word_1_81' title='bbox 2894 802 2993 860; x_wconf 91' lang='lat' dir='ltr'><strong>ille</strong></span> <span class='ocrx_word' id='word_1_82' title='bbox 3022 804 3093 860; x_wconf 87' lang='lat' dir='ltr'><strong>de</strong></span> <span class='ocrx_word' id='word_1_83' title='bbox 3122 804 3265 861; x_wconf 80' lang='lat' dir='ltr'><strong>sella</strong></span> <span class='ocrx_word' id='word_1_84' title='bbox 3292 810 3615 868; x_wconf 83' lang='lat' dir='ltr'><strong>retrorsum</strong></span> 
     </span>
    </p>
   </div>
   <div class='ocr_carea' id='block_1_12' title="bbox 187 891 1791 972">
    <p class='ocr_par' dir='ltr' id='par_1_12' title="bbox 187 892 1711 972">
     <span class='ocr_line' id='line_1_12' title="bbox 187 892 1711 972; baseline -0.003 -18"><span class='ocrx_word' id='word_1_85' title='bbox 187 901 366 964; x_wconf 77' lang='grc' dir='ltr'>σθίως</span> <span class='ocrx_word' id='word_1_86' title='bbox 392 899 491 954; x_wconf 85' lang='grc' dir='ltr'><strong>καὶ</strong></span> <span class='ocrx_word' id='word_1_87' title='bbox 518 899 613 954; x_wconf 86' lang='grc' dir='ltr'>τὸν</span> <span class='ocrx_word' id='word_1_88' title='bbox 644 902 818 954; x_wconf 81' lang='grc' dir='ltr'>νῶτον</span> <span class='ocrx_word' id='word_1_89' title='bbox 854 892 1153 972; x_wconf 77' lang='grc' dir='ltr'>συντριϐεὶς</span> <span class='ocrx_word' id='word_1_90' title='bbox 1186 896 1442 951; x_wconf 75' lang='grc' dir='ltr'>ἀπέθανεν</span> <span class='ocrx_word' id='word_1_91' title='bbox 1478 894 1613 950; x_wconf 78' lang='grc' dir='ltr'>ἐτῶν</span> <span class='ocrx_word' id='word_1_92' title='bbox 1644 893 1711 971; x_wconf 59' lang='lat'><strong>1&quot;.</strong></span> 
     </span>
    </p>
   </div>
   <div class='ocr_carea' id='block_1_13' title="bbox 1934 891 3538 972">
    <p class='ocr_par' dir='ltr' id='par_1_13' title="bbox 1970 891 3538 954">
     <span class='ocr_line' id='line_1_13' title="bbox 1970 891 3538 954; baseline 0.004 -6"><span class='ocrx_word' id='word_1_93' title='bbox 1970 892 2184 948; x_wconf 86' lang='lat' dir='ltr'><strong>cadens</strong></span> <span class='ocrx_word' id='word_1_94' title='bbox 2214 892 2507 947; x_wconf 84' lang='lat' dir='ltr'><strong>confracto</strong></span> <span class='ocrx_word' id='word_1_95' title='bbox 2540 891 2711 948; x_wconf 90' lang='lat' dir='ltr'><strong>dorso</strong></span> <span class='ocrx_word' id='word_1_96' title='bbox 2744 896 3015 950; x_wconf 86' lang='lat' dir='ltr'><strong>mortuus</strong></span> <span class='ocrx_word' id='word_1_97' title='bbox 3032 897 3120 950; x_wconf 87' lang='lat' dir='ltr'><strong>est</strong></span> <span class='ocrx_word' id='word_1_98' title='bbox 3137 910 3424 952; x_wconf 87' lang='lat' dir='ltr'><strong>annorum</strong></span> <span class='ocrx_word' id='word_1_99' title='bbox 3448 898 3538 954; x_wconf 88' lang='lat'><strong>90.</strong></span> 
     </span>
    </p>
   </div>
   <div class='ocr_carea' id='block_1_14' title="bbox 264 979 1868 1065">
    <p class='ocr_par' dir='ltr' id='par_1_14' title="bbox 264 982 1855 1065">
     <span class='ocr_line' id='line_1_14' title="bbox 264 982 1855 1065; baseline -0.005 -22"><span class='ocrx_word' id='word_1_100' title='bbox 264 988 421 1044; x_wconf 75' lang='grc' dir='ltr'><strong>Μετᾶ</strong></span> <span class='ocrx_word' id='word_1_101' title='bbox 480 983 537 1043; x_wconf 72' lang='grc' dir='ltr'>δὲ</span> <span class='ocrx_word' id='word_1_102' title='bbox 591 984 747 1043; x_wconf 83' lang='grc' dir='ltr'>Ἠλεὶ</span> <span class='ocrx_word' id='word_1_103' title='bbox 806 986 1074 1061; x_wconf 77' lang='grc' dir='ltr'><strong>Σαμουὴλ</strong></span> <span class='ocrx_word' id='word_1_104' title='bbox 1131 987 1159 1041; x_wconf 91' lang='lat'><strong>6</strong></span> <span class='ocrx_word' id='word_1_105' title='bbox 1216 987 1507 1065; x_wconf 76' lang='grc' dir='ltr'><strong>προφήτης</strong></span> <span class='ocrx_word' id='word_1_106' title='bbox 1552 982 1643 1038; x_wconf 85' lang='grc' dir='ltr'><strong>καὶ</strong></span> <span class='ocrx_word' id='word_1_107' title='bbox 1682 982 1855 1056; x_wconf 75' lang='grc' dir='ltr'>ἱερεὺς</span> 
     </span>
    </p>
   </div>
   <div class='ocr_carea' id='block_1_15' title="bbox 2012 979 3616 1065">
    <p class='ocr_par' dir='ltr' id='par_1_15' title="bbox 2042 979 3616 1059">
     <span class='ocr_line' id='line_1_15' title="bbox 2042 979 3616 1059; baseline 0.006 -24"><span class='ocrx_word' id='word_1_108' title='bbox 2042 979 2180 1036; x_wconf 87' lang='lat' dir='ltr'><strong>Post</strong></span> <span class='ocrx_word' id='word_1_109' title='bbox 2207 979 2335 1036; x_wconf 87' lang='lat' dir='ltr'><strong>Heli</strong></span> <span class='ocrx_word' id='word_1_110' title='bbox 2375 979 2664 1052; x_wconf 83' lang='lat' dir='ltr'><strong>judicavit</strong></span> <span class='ocrx_word' id='word_1_111' title='bbox 2711 980 2992 1053; x_wconf 87' lang='lat' dir='ltr'><strong>populum</strong></span> <span class='ocrx_word' id='word_1_112' title='bbox 3042 983 3274 1040; x_wconf 84' lang='lat' dir='ltr'><strong>Samuel</strong></span> <span class='ocrx_word' id='word_1_113' title='bbox 3332 986 3616 1059; x_wconf 90' lang='lat' dir='ltr'><strong>propheta</strong></span> 
     </span>
    </p>
   </div>
   <div class='ocr_carea' id='block_1_16' title="bbox 192 1069 1796 1150">
    <p class='ocr_par' dir='ltr' id='par_1_16' title="bbox 192 1071 1796 1150">
     <span class='ocr_line' id='line_1_16' title="bbox 192 1071 1796 1150; baseline -0.006 -17"><span class='ocrx_word' id='word_1_114' title='bbox 192 1076 290 1148; x_wconf 80' lang='grc' dir='ltr'>ἔτη</span> <span class='ocrx_word' id='word_1_115' title='bbox 357 1075 429 1133; x_wconf 78' lang='grc' dir='ltr'><strong>λ’.</strong></span> <span class='ocrx_word' id='word_1_116' title='bbox 492 1076 590 1131; x_wconf 79' lang='grc' dir='ltr'><strong>Καὶ</strong></span> <span class='ocrx_word' id='word_1_117' title='bbox 645 1074 1047 1150; x_wconf 72' lang='grc' dir='ltr'>συναθροίζεται</span> <span class='ocrx_word' id='word_1_118' title='bbox 1103 1075 1131 1128; x_wconf 89' lang='lat'><strong>6</strong></span> <span class='ocrx_word' id='word_1_119' title='bbox 1184 1073 1318 1136; x_wconf 84' lang='grc' dir='ltr'><strong>λαὸς</strong></span> <span class='ocrx_word' id='word_1_120' title='bbox 1368 1074 1505 1148; x_wconf 87' lang='grc' dir='ltr'>πρὸς</span> <span class='ocrx_word' id='word_1_121' title='bbox 1565 1071 1725 1127; x_wconf 81' lang='grc' dir='ltr'>αὐτὸν</span> <span class='ocrx_word' id='word_1_122' title='bbox 1783 1091 1796 1124; x_wconf 90' lang='grc' dir='ltr'><strong>ε</strong></span> 
     </span>
    </p>
   </div>
   <div class='ocr_carea' id='block_1_17' title="bbox 2012 1069 3616 1150">
    <p class='ocr_par' dir='ltr' id='par_1_17' title="bbox 2012 1069 3616 1147">
     <span class='ocr_line' id='line_1_17' title="bbox 2012 1069 3616 1147; baseline 0.004 -20"><span class='ocrx_word' id='word_1_123' title='bbox 2012 1072 2030 1127; x_wconf 83' lang='lat' dir='ltr'><strong>t</strong></span> <span class='ocrx_word' id='word_1_124' title='bbox 2059 1070 2330 1126; x_wconf 84' lang='lat' dir='ltr'><strong>sacerdos</strong></span> <span class='ocrx_word' id='word_1_125' title='bbox 2362 1086 2545 1125; x_wconf 90' lang='lat' dir='ltr'><strong>annos</strong></span> <span class='ocrx_word' id='word_1_126' title='bbox 2572 1069 2833 1142; x_wconf 82' lang='lat' dir='ltr'><strong>triginta.</strong></span> <span class='ocrx_word' id='word_1_127' title='bbox 2866 1070 2934 1126; x_wconf 87' lang='lat' dir='ltr'><strong>Et</strong></span> <span class='ocrx_word' id='word_1_128' title='bbox 2962 1077 3347 1145; x_wconf 86' lang='lat' dir='ltr'><strong>congregatus</strong></span> <span class='ocrx_word' id='word_1_129' title='bbox 3364 1075 3616 1147; x_wconf 86' lang='lat' dir='ltr'><strong>populus</strong></span> 
     </span>
    </p>
   </div>
   <div class='ocr_carea' id='block_1_18' title="bbox 193 1158 1797 1241">
    <p class='ocr_par' dir='ltr' id='par_1_18' title="bbox 193 1158 1792 1241">
     <span class='ocr_line' id='line_1_18' title="bbox 193 1158 1792 1241; baseline -0.006 -18"><span class='ocrx_word' id='word_1_130' title='bbox 193 1165 521 1241; x_wconf 72' lang='grc' dir='ltr'>Ἀρμαθαῖμ</span> <span class='ocrx_word' id='word_1_131' title='bbox 573 1164 897 1237; x_wconf 73' lang='grc' dir='ltr'>αἰτούμενος</span> <span class='ocrx_word' id='word_1_132' title='bbox 959 1161 1206 1240; x_wconf 87' lang='grc' dir='ltr'>βασιλέα.</span> <span class='ocrx_word' id='word_1_133' title='bbox 1261 1167 1350 1236; x_wconf 77' lang='grc' dir='ltr'>Τῷ</span> <span class='ocrx_word' id='word_1_134' title='bbox 1409 1160 1466 1217; x_wconf 76' lang='grc' dir='ltr'>δὲ</span> <span class='ocrx_word' id='word_1_135' title='bbox 1522 1158 1728 1241; x_wconf 83' lang='grc' dir='ltr'>σφόδρα</span> <span class='ocrx_word' id='word_1_136' title='bbox 1760 1159 1792 1215; x_wconf 87' lang='grc' dir='ltr'>λ</span> 
     </span>
    </p>
   </div>
   <div class='ocr_carea' id='block_1_19' title="bbox 2012 1158 3616 1241">
    <p class='ocr_par' dir='ltr' id='par_1_19' title="bbox 2012 1159 3616 1232">
     <span class='ocr_line' id='line_1_19' title="bbox 2012 1159 3616 1232; baseline 0.005 -17"><span class='ocrx_word' id='word_1_137' title='bbox 2012 1176 2032 1215; x_wconf 84' lang='lat'><strong>1</strong></span> <span class='ocrx_word' id='word_1_138' title='bbox 2082 1159 2457 1215; x_wconf 88' lang='lat' dir='ltr'><strong>Armathaem</strong></span> <span class='ocrx_word' id='word_1_139' title='bbox 2507 1174 2703 1232; x_wconf 86' lang='lat' dir='ltr'><strong>regem</strong></span> <span class='ocrx_word' id='word_1_140' title='bbox 2752 1160 3032 1232; x_wconf 87' lang='lat' dir='ltr'><strong>exposcit.</strong></span> <span class='ocrx_word' id='word_1_141' title='bbox 3086 1163 3207 1229; x_wconf 86' lang='lat' dir='ltr'><strong>Quo</strong></span> <span class='ocrx_word' id='word_1_142' title='bbox 3250 1178 3384 1220; x_wconf 91' lang='lat' dir='ltr'><strong>cum</strong></span> <span class='ocrx_word' id='word_1_143' title='bbox 3436 1165 3616 1224; x_wconf 89' lang='lat' dir='ltr'><strong>nimis</strong></span> 
     </span>
    </p>
   </div>
   <div class='ocr_carea' id='block_1_20' title="bbox 190 1247 1794 1328">
    <p class='ocr_par' dir='ltr' id='par_1_20' title="bbox 190 1254 1789 1328">
     <span class='ocr_line' id='line_1_20' title="bbox 190 1254 1789 1328; baseline -0.004 -18"><span class='ocrx_word' id='word_1_144' title='bbox 190 1255 426 1327; x_wconf 63' lang='grc' dir='ltr'>«κτηθέντι</span> <span class='ocrx_word' id='word_1_145' title='bbox 502 1255 649 1309; x_wconf 79' lang='grc' dir='ltr'>εἶπεν</span> <span class='ocrx_word' id='word_1_146' title='bbox 704 1255 732 1309; x_wconf 88' lang='grc' dir='ltr'><strong>ὁ</strong></span> <span class='ocrx_word' id='word_1_147' title='bbox 789 1254 942 1316; x_wconf 75' lang='grc' dir='ltr'>Θεόςο</span> <span class='ocrx_word' id='word_1_148' title='bbox 1018 1255 1286 1309; x_wconf 68' lang='grc' dir='ltr'>’Ἄκουσον</span> <span class='ocrx_word' id='word_1_149' title='bbox 1362 1259 1464 1322; x_wconf 81' lang='grc' dir='ltr'>τῆς</span> <span class='ocrx_word' id='word_1_150' title='bbox 1517 1257 1703 1328; x_wconf 80' lang='grc' dir='ltr'>φωνῆς</span> <span class='ocrx_word' id='word_1_151' title='bbox 1759 1270 1789 1305; x_wconf 93' lang='grc' dir='ltr'><strong>τ</strong></span> 
     </span>
    </p>
   </div>
   <div class='ocr_carea' id='block_1_21' title="bbox 2007 1247 3611 1328">
    <p class='ocr_par' dir='ltr' id='par_1_21' title="bbox 2007 1247 3611 1317">
     <span class='ocr_line' id='line_1_21' title="bbox 2007 1247 3611 1317; baseline 0.005 -13"><span class='ocrx_word' id='word_1_152' title='bbox 2007 1247 2205 1304; x_wconf 61' lang='grc' dir='ltr'>ιεωυθι</span> <span class='ocrx_word' id='word_1_153' title='bbox 2236 1247 2607 1317; x_wconf 87' lang='lat' dir='ltr'><strong>indoluisset,</strong></span> <span class='ocrx_word' id='word_1_154' title='bbox 2643 1249 2761 1304; x_wconf 65' lang='lat' dir='ltr'><strong>haec</strong></span> <span class='ocrx_word' id='word_1_155' title='bbox 2790 1249 2906 1306; x_wconf 89' lang='lat' dir='ltr'><strong>sibi</strong></span> <span class='ocrx_word' id='word_1_156' title='bbox 2935 1266 2969 1305; x_wconf 91' lang='lat' dir='ltr'><strong>a</strong></span> <span class='ocrx_word' id='word_1_157' title='bbox 2998 1249 3115 1306; x_wconf 91' lang='lat' dir='ltr'><strong>Deo</strong></span> <span class='ocrx_word' id='word_1_158' title='bbox 3146 1251 3261 1308; x_wconf 89' lang='lat' dir='ltr'><strong>dici</strong></span> <span class='ocrx_word' id='word_1_159' title='bbox 3288 1252 3611 1312; x_wconf 81' lang='lat' dir='ltr'><strong>intellexit:</strong></span> 
     </span>
    </p>
   </div>
   <div class='ocr_carea' id='block_1_22' title="bbox 189 1337 1793 1416">
    <p class='ocr_par' dir='ltr' id='par_1_22' title="bbox 189 1338 1792 1416">
     <span class='ocr_line' id='line_1_22' title="bbox 189 1338 1792 1416; baseline -0.004 -15"><span class='ocrx_word' id='word_1_160' title='bbox 189 1345 364 1416; x_wconf 78' lang='grc' dir='ltr'>λαοῦ,</span> <span class='ocrx_word' id='word_1_161' title='bbox 432 1345 517 1400; x_wconf 81' lang='grc' dir='ltr'><strong>δτι</strong></span> <span class='ocrx_word' id='word_1_162' title='bbox 586 1343 653 1397; x_wconf 84' lang='grc' dir='ltr'><strong>ού</strong></span> <span class='ocrx_word' id='word_1_163' title='bbox 720 1344 778 1398; x_wconf 76' lang='grc' dir='ltr'><strong>σὶ</strong></span> <span class='ocrx_word' id='word_1_164' title='bbox 840 1339 1314 1414; x_wconf 72' lang='grc' dir='ltr'>ἐξουδενώσουσιν,</span> <span class='ocrx_word' id='word_1_165' title='bbox 1382 1338 1509 1396; x_wconf 81' lang='grc' dir='ltr'>ἀλλ’</span> <span class='ocrx_word' id='word_1_166' title='bbox 1575 1338 1695 1412; x_wconf 68' lang='grc' dir='ltr'>ἐμὲ,</span> <span class='ocrx_word' id='word_1_167' title='bbox 1763 1361 1792 1394; x_wconf 89' lang='grc' dir='ltr'><strong>τ</strong></span> 
     </span>
    </p>
   </div>
   <div class='ocr_carea' id='block_1_23' title="bbox 2009 1337 3613 1416">
    <p class='ocr_par' dir='ltr' id='par_1_23' title="bbox 2009 1337 3613 1415">
     <span class='ocr_line' id='line_1_23' title="bbox 2009 1337 3613 1415; baseline 0.006 -22"><span class='ocrx_word' id='word_1_168' title='bbox 2009 1337 2117 1394; x_wconf 85' lang='lat' dir='ltr'><strong>udi</strong></span> <span class='ocrx_word' id='word_1_169' title='bbox 2132 1354 2313 1394; x_wconf 87' lang='lat' dir='ltr'><strong>vocem</strong></span> <span class='ocrx_word' id='word_1_170' title='bbox 2325 1339 2540 1411; x_wconf 81' lang='lat' dir='ltr'><strong>populi,</strong></span> <span class='ocrx_word' id='word_1_171' title='bbox 2562 1340 2821 1411; x_wconf 84' lang='lat' dir='ltr'><strong>quoniam</strong></span> <span class='ocrx_word' id='word_1_172' title='bbox 2836 1356 2947 1397; x_wconf 77' lang='lat' dir='ltr'><strong>non</strong></span> <span class='ocrx_word' id='word_1_173' title='bbox 2967 1343 3018 1396; x_wconf 82' lang='lat' dir='ltr'><strong>te</strong></span> <span class='ocrx_word' id='word_1_174' title='bbox 3036 1348 3381 1412; x_wconf 82' lang='lat' dir='ltr'><strong>spreverunt,</strong></span> <span class='ocrx_word' id='word_1_175' title='bbox 3393 1343 3485 1400; x_wconf 84' lang='lat' dir='ltr'><strong>sed</strong></span> <span class='ocrx_word' id='word_1_176' title='bbox 3506 1361 3613 1415; x_wconf 81' lang='lat' dir='ltr'><strong>me,</strong></span> 
     </span>
    </p>
   </div>
   <div class='ocr_carea' id='block_1_24' title="bbox 191 1427 1795 1507">
    <p class='ocr_par' dir='ltr' id='par_1_24' title="bbox 191 1427 1795 1507">
     <span class='ocr_line' id='line_1_24' title="bbox 191 1427 1795 1507; baseline -0.004 -19"><span class='ocrx_word' id='word_1_177' title='bbox 191 1435 276 1506; x_wconf 80' lang='grc' dir='ltr'>μὴ</span> <span class='ocrx_word' id='word_1_178' title='bbox 343 1430 652 1507; x_wconf 71' lang='grc' dir='ltr'><strong>βασιλεύειν</strong></span> <span class='ocrx_word' id='word_1_179' title='bbox 710 1431 793 1485; x_wconf 79' lang='grc' dir='ltr'><strong>ἐπ’</strong></span> <span class='ocrx_word' id='word_1_180' title='bbox 851 1430 1047 1487; x_wconf 79' lang='grc' dir='ltr'>αὐτῶν.</span> <span class='ocrx_word' id='word_1_181' title='bbox 1102 1430 1207 1488; x_wconf 81' lang='grc' dir='ltr'><strong>Καὶ</strong></span> <span class='ocrx_word' id='word_1_182' title='bbox 1276 1427 1474 1484; x_wconf 81' lang='grc' dir='ltr'>ἔδωκεν</span> <span class='ocrx_word' id='word_1_183' title='bbox 1534 1428 1719 1490; x_wconf 79' lang='grc' dir='ltr'>αὐτοῖς</span> <span class='ocrx_word' id='word_1_184' title='bbox 1769 1447 1795 1481; x_wconf 88' lang='grc' dir='ltr'><strong>τ</strong></span> 
     </span>
    </p>
   </div>
   <div class='ocr_carea' id='block_1_25' title="bbox 2010 1427 3614 1507">
    <p class='ocr_par' dir='ltr' id='par_1_25' title="bbox 2014 1429 3614 1503">
     <span class='ocr_line' id='line_1_25' title="bbox 2014 1429 3614 1503; baseline 0.004 -18"><span class='ocrx_word' id='word_1_185' title='bbox 2014 1437 2033 1485; x_wconf 80' lang='grc' dir='ltr'><strong>ι</strong></span> <span class='ocrx_word' id='word_1_186' title='bbox 2061 1446 2172 1487; x_wconf 84' lang='lat' dir='ltr'><strong>non</strong></span> <span class='ocrx_word' id='word_1_187' title='bbox 2202 1440 2422 1503; x_wconf 78' lang='lat' dir='ltr'><strong>regnem</strong></span> <span class='ocrx_word' id='word_1_188' title='bbox 2438 1446 2602 1502; x_wconf 86' lang='lat' dir='ltr'><strong>super</strong></span> <span class='ocrx_word' id='word_1_189' title='bbox 2621 1445 2731 1487; x_wconf 89' lang='lat' dir='ltr'><strong>eos.</strong></span> <span class='ocrx_word' id='word_1_190' title='bbox 2756 1429 2824 1486; x_wconf 83' lang='lat' dir='ltr'><strong>Et</strong></span> <span class='ocrx_word' id='word_1_191' title='bbox 2842 1430 3003 1487; x_wconf 91' lang='lat' dir='ltr'><strong>dedit</strong></span> <span class='ocrx_word' id='word_1_192' title='bbox 3019 1430 3138 1487; x_wconf 89' lang='lat' dir='ltr'><strong>illis</strong></span> <span class='ocrx_word' id='word_1_193' title='bbox 3159 1431 3402 1489; x_wconf 89' lang='lat' dir='ltr'><strong>Saulum</strong></span> <span class='ocrx_word' id='word_1_194' title='bbox 3423 1433 3614 1492; x_wconf 82' lang='lat' dir='ltr'><strong>ﬁlium</strong></span> 
     </span>
    </p>
   </div>
   <div class='ocr_carea' id='block_1_26' title="bbox 187 1516 1791 1601">
    <p class='ocr_par' dir='ltr' id='par_1_26' title="bbox 187 1516 1791 1601">
     <span class='ocr_line' id='line_1_26' title="bbox 187 1516 1791 1601; baseline -0.004 -23"><span class='ocrx_word' id='word_1_195' title='bbox 187 1523 387 1578; x_wconf 70' lang='grc' dir='ltr'>Σαοὺλ</span> <span class='ocrx_word' id='word_1_196' title='bbox 427 1522 489 1578; x_wconf 84' lang='grc' dir='ltr'>ἐκ</span> <span class='ocrx_word' id='word_1_197' title='bbox 528 1522 710 1601; x_wconf 78' lang='grc' dir='ltr'>φυλῆς</span> <span class='ocrx_word' id='word_1_198' title='bbox 742 1522 1026 1595; x_wconf 84' lang='grc' dir='ltr'>Βενιαμὶν,</span> <span class='ocrx_word' id='word_1_199' title='bbox 1061 1521 1259 1600; x_wconf 79' lang='grc' dir='ltr'>χρίσας</span> <span class='ocrx_word' id='word_1_200' title='bbox 1291 1521 1457 1576; x_wconf 85' lang='grc' dir='ltr'>αὐτὸν</span> <span class='ocrx_word' id='word_1_201' title='bbox 1502 1518 1577 1581; x_wconf 80' lang='grc' dir='ltr'>εἷς</span> <span class='ocrx_word' id='word_1_202' title='bbox 1611 1516 1791 1593; x_wconf 85' lang='grc' dir='ltr'>βασιλέ</span> 
     </span>
    </p>
   </div>
   <div class='ocr_carea' id='block_1_27' title="bbox 2014 1516 3618 1601">
    <p class='ocr_par' dir='ltr' id='par_1_27' title="bbox 2014 1521 3618 1601">
     <span class='ocr_line' id='line_1_27' title="bbox 2014 1521 3618 1601; baseline 0.004 -24"><span class='ocrx_word' id='word_1_203' title='bbox 2014 1521 2087 1579; x_wconf 90' lang='lat' dir='ltr'><strong>isi</strong></span> <span class='ocrx_word' id='word_1_204' title='bbox 2116 1538 2185 1578; x_wconf 83' lang='lat' dir='ltr'><strong>ex</strong></span> <span class='ocrx_word' id='word_1_205' title='bbox 2221 1521 2374 1577; x_wconf 89' lang='lat' dir='ltr'><strong>tribu</strong></span> <span class='ocrx_word' id='word_1_206' title='bbox 2434 1522 2760 1594; x_wconf 87' lang='lat' dir='ltr'><strong>Benjamin,</strong></span> <span class='ocrx_word' id='word_1_207' title='bbox 2821 1538 2997 1595; x_wconf 86' lang='lat' dir='ltr'><strong>quem</strong></span> <span class='ocrx_word' id='word_1_208' title='bbox 3055 1522 3222 1579; x_wconf 86' lang='lat' dir='ltr'><strong>unxit</strong></span> <span class='ocrx_word' id='word_1_209' title='bbox 3275 1523 3336 1581; x_wconf 89' lang='lat' dir='ltr'><strong>in</strong></span> <span class='ocrx_word' id='word_1_210' title='bbox 3392 1541 3618 1601; x_wconf 83' lang='lat' dir='ltr'><strong>regem.</strong></span> 
     </span>
    </p>
   </div>
   <div class='ocr_carea' id='block_1_28' title="bbox 262 1602 1866 1685">
    <p class='ocr_par' dir='ltr' id='par_1_28' title="bbox 262 1602 1859 1685">
     <span class='ocr_line' id='line_1_28' title="bbox 262 1602 1859 1685; baseline -0.005 -16"><span class='ocrx_word' id='word_1_211' title='bbox 262 1612 425 1669; x_wconf 75' lang='grc' dir='ltr'>Μετὰ</span> <span class='ocrx_word' id='word_1_212' title='bbox 475 1611 567 1668; x_wconf 63' lang='grc' dir='ltr'><strong>οὖν</strong></span> <span class='ocrx_word' id='word_1_213' title='bbox 619 1608 887 1685; x_wconf 70' lang='grc' dir='ltr'>Σαμουὴλ</span> <span class='ocrx_word' id='word_1_214' title='bbox 950 1606 1264 1667; x_wconf 73' lang='grc' dir='ltr'>ἐϐασίλευσε</span> <span class='ocrx_word' id='word_1_215' title='bbox 1315 1606 1497 1664; x_wconf 81' lang='grc' dir='ltr'>Σαοὺλ</span> <span class='ocrx_word' id='word_1_216' title='bbox 1546 1602 1641 1678; x_wconf 74' lang='grc' dir='ltr'>ἔτη</span> <span class='ocrx_word' id='word_1_217' title='bbox 1692 1608 1765 1680; x_wconf 73' lang='grc' dir='ltr'>μ’,</span> <span class='ocrx_word' id='word_1_218' title='bbox 1800 1605 1859 1670; x_wconf 77' lang='grc' dir='ltr'>ὅς</span> 
     </span>
    </p>
   </div>
   <div class='ocr_carea' id='block_1_29' title="bbox 2013 1602 3617 1685">
    <p class='ocr_par' dir='ltr' id='par_1_29' title="bbox 2042 1609 3617 1685">
     <span class='ocr_line' id='line_1_29' title="bbox 2042 1609 3617 1685; baseline 0.005 -20"><span class='ocrx_word' id='word_1_219' title='bbox 2042 1614 2181 1667; x_wconf 90' lang='lat' dir='ltr'><strong>Post</strong></span> <span class='ocrx_word' id='word_1_220' title='bbox 2201 1609 2533 1666; x_wconf 90' lang='lat' dir='ltr'><strong>Samuelem</strong></span> <span class='ocrx_word' id='word_1_221' title='bbox 2567 1609 2782 1668; x_wconf 89' lang='lat' dir='ltr'><strong>Saulus</strong></span> <span class='ocrx_word' id='word_1_222' title='bbox 2812 1611 2978 1684; x_wconf 92' lang='lat' dir='ltr'><strong>regni</strong></span> <span class='ocrx_word' id='word_1_223' title='bbox 3004 1612 3404 1685; x_wconf 87' lang='lat' dir='ltr'><strong>gubernacula</strong></span> <span class='ocrx_word' id='word_1_224' title='bbox 3420 1631 3617 1673; x_wconf 87' lang='lat' dir='ltr'><strong>susce-</strong></span> 
     </span>
    </p>
   </div>
   <div class='ocr_carea' id='block_1_30' title="bbox 187 1699 1791 1778">
    <p class='ocr_par' dir='ltr' id='par_1_30' title="bbox 187 1699 1791 1778">
     <span class='ocr_line' id='line_1_30' title="bbox 187 1699 1791 1778; baseline -0.003 -20"><span class='ocrx_word' id='word_1_225' title='bbox 187 1702 490 1777; x_wconf 69' lang='grc' dir='ltr'>τολμήσας</span> <span class='ocrx_word' id='word_1_226' title='bbox 543 1703 810 1778; x_wconf 84' lang='grc' dir='ltr'>πρότερον</span> <span class='ocrx_word' id='word_1_227' title='bbox 884 1702 978 1775; x_wconf 82' lang='grc' dir='ltr'><strong>μὲν</strong></span> <span class='ocrx_word' id='word_1_228' title='bbox 1041 1704 1301 1774; x_wconf 78' lang='grc' dir='ltr'><strong>θυμιᾶσαι</strong></span> <span class='ocrx_word' id='word_1_229' title='bbox 1373 1704 1453 1770; x_wconf 82' lang='grc' dir='ltr'>τῷ</span> <span class='ocrx_word' id='word_1_230' title='bbox 1529 1703 1664 1771; x_wconf 82' lang='grc' dir='ltr'>Θεῷ,</span> <span class='ocrx_word' id='word_1_231' title='bbox 1746 1699 1791 1754; x_wconf 81' lang='grc' dir='ltr'><strong>εἶ</strong></span> 
     </span>
    </p>
   </div>
   <div class='ocr_carea' id='block_1_31' title="bbox 2013 1699 3617 1778">
    <p class='ocr_par' dir='ltr' id='par_1_31' title="bbox 2013 1701 3617 1777">
     <span class='ocr_line' id='line_1_31' title="bbox 2013 1701 3617 1777; baseline 0.004 -21"><span class='ocrx_word' id='word_1_232' title='bbox 2013 1701 2053 1756; x_wconf 89' lang='lat' dir='ltr'><strong>it</strong></span> <span class='ocrx_word' id='word_1_233' title='bbox 2084 1716 2186 1772; x_wconf 89' lang='lat' dir='ltr'><strong>per</strong></span> <span class='ocrx_word' id='word_1_234' title='bbox 2215 1716 2400 1756; x_wconf 87' lang='lat' dir='ltr'><strong>annos</strong></span> <span class='ocrx_word' id='word_1_235' title='bbox 2431 1701 2841 1773; x_wconf 85' lang='lat' dir='ltr'><strong>quadraginta.</strong></span> <span class='ocrx_word' id='word_1_236' title='bbox 2872 1701 2974 1758; x_wconf 87' lang='lat' dir='ltr'><strong>Hic</strong></span> <span class='ocrx_word' id='word_1_237' title='bbox 3003 1718 3139 1759; x_wconf 91' lang='lat' dir='ltr'><strong>cum</strong></span> <span class='ocrx_word' id='word_1_238' title='bbox 3161 1704 3418 1777; x_wconf 89' lang='lat' dir='ltr'><strong>primum</strong></span> <span class='ocrx_word' id='word_1_239' title='bbox 3439 1704 3617 1764; x_wconf 86' lang='lat' dir='ltr'><strong>thura</strong></span> 
     </span>
    </p>
   </div>
   <div class='ocr_carea' id='block_1_32' title="bbox 187 1786 1791 1890">
    <p class='ocr_par' dir='ltr' id='par_1_32' title="bbox 187 1786 1791 1869">
     <span class='ocr_line' id='line_1_32' title="bbox 187 1786 1791 1869; baseline -0.004 -20"><span class='ocrx_word' id='word_1_240' title='bbox 187 1786 455 1869; x_wconf 67' lang='grc' dir='ltr'>παραϐὰς</span> <span class='ocrx_word' id='word_1_241' title='bbox 483 1793 585 1861; x_wconf 70' lang='grc' dir='ltr'>τὴν</span> <span class='ocrx_word' id='word_1_242' title='bbox 613 1789 843 1861; x_wconf 74' lang='grc' dir='ltr'>ἐντολὴν</span> <span class='ocrx_word' id='word_1_243' title='bbox 887 1794 984 1845; x_wconf 75' lang='grc' dir='ltr'><strong>τοῦ</strong></span> <span class='ocrx_word' id='word_1_244' title='bbox 1032 1795 1166 1846; x_wconf 77' lang='grc' dir='ltr'>Θεοῦ</span> <span class='ocrx_word' id='word_1_245' title='bbox 1225 1788 1311 1844; x_wconf 78' lang='grc' dir='ltr'>ἐπὶ</span> <span class='ocrx_word' id='word_1_246' title='bbox 1370 1793 1489 1852; x_wconf 84' lang='grc' dir='ltr'>τοῖς</span> <span class='ocrx_word' id='word_1_247' title='bbox 1547 1786 1791 1861; x_wconf 63' lang='grc' dir='ltr'>Ἀμαλη)</span> 
     </span>
    </p>
   </div>
   <div class='ocr_carea' id='block_1_33' title="bbox 2009 1786 3613 1890">
    <p class='ocr_par' dir='ltr' id='par_1_33' title="bbox 2009 1788 3613 1856">
     <span class='ocr_line' id='line_1_33' title="bbox 2009 1788 3613 1856; baseline 0.007 -16"><span class='ocrx_word' id='word_1_248' title='bbox 2009 1796 2087 1846; x_wconf 71' lang='lat' dir='ltr'><strong>leo</strong></span> <span class='ocrx_word' id='word_1_249' title='bbox 2119 1788 2499 1856; x_wconf 89' lang='lat' dir='ltr'><strong>incendisset,</strong></span> <span class='ocrx_word' id='word_1_250' title='bbox 2539 1788 2746 1845; x_wconf 88' lang='lat' dir='ltr'><strong>deinde</strong></span> <span class='ocrx_word' id='word_1_251' title='bbox 2778 1790 3053 1847; x_wconf 89' lang='lat' dir='ltr'><strong>mandato</strong></span> <span class='ocrx_word' id='word_1_252' title='bbox 3087 1792 3356 1850; x_wconf 90' lang='lat' dir='ltr'><strong>Numinis</strong></span> <span class='ocrx_word' id='word_1_253' title='bbox 3399 1793 3613 1852; x_wconf 90' lang='lat' dir='ltr'><strong>violato</strong></span> 
     </span>
    </p>
   </div>
   <div class='ocr_carea' id='block_1_34' title="bbox 187 1876 1791 1956">
    <p class='ocr_par' dir='ltr' id='par_1_34' title="bbox 187 1876 1791 1956">
     <span class='ocr_line' id='line_1_34' title="bbox 187 1876 1791 1956; baseline -0.004 -18"><span class='ocrx_word' id='word_1_254' title='bbox 187 1904 344 1953; x_wconf 81' lang='grc' dir='ltr'>ταις,</span> <span class='ocrx_word' id='word_1_255' title='bbox 379 1887 735 1956; x_wconf 81' lang='grc' dir='ltr'>ζωογονησας</span> <span class='ocrx_word' id='word_1_256' title='bbox 787 1880 960 1954; x_wconf 83' lang='grc' dir='ltr'>Ἀγὰγ</span> <span class='ocrx_word' id='word_1_257' title='bbox 1007 1879 1098 1935; x_wconf 82' lang='grc' dir='ltr'>τὸν</span> <span class='ocrx_word' id='word_1_258' title='bbox 1151 1876 1379 1955; x_wconf 78' lang='grc' dir='ltr'>βασιλέα</span> <span class='ocrx_word' id='word_1_259' title='bbox 1427 1876 1628 1950; x_wconf 68' lang='grc' dir='ltr'>αὐτῶν,</span> <span class='ocrx_word' id='word_1_260' title='bbox 1660 1876 1791 1946; x_wconf 75' lang='grc' dir='ltr'>ἣκου</span> 
     </span>
    </p>
   </div>
   <div class='ocr_carea' id='block_1_35' title="bbox 2010 1876 3614 1956">
    <p class='ocr_par' dir='ltr' id='par_1_35' title="bbox 2010 1878 3614 1954">
     <span class='ocr_line' id='line_1_35' title="bbox 2010 1878 3614 1954; baseline 0.004 -19"><span class='ocrx_word' id='word_1_261' title='bbox 2010 1896 2038 1935; x_wconf 89' lang='lat' dir='ltr'><strong>e</strong></span> <span class='ocrx_word' id='word_1_262' title='bbox 2064 1878 2404 1935; x_wconf 88' lang='lat' dir='ltr'><strong>Amalecitis</strong></span> <span class='ocrx_word' id='word_1_263' title='bbox 2432 1880 2703 1951; x_wconf 81' lang='lat' dir='ltr'><strong>Agagum</strong></span> <span class='ocrx_word' id='word_1_264' title='bbox 2729 1895 2934 1936; x_wconf 89' lang='lat' dir='ltr'><strong>eorum</strong></span> <span class='ocrx_word' id='word_1_265' title='bbox 2983 1896 3176 1954; x_wconf 83' lang='lat' dir='ltr'><strong>regem</strong></span> <span class='ocrx_word' id='word_1_266' title='bbox 3225 1883 3417 1942; x_wconf 88' lang='lat' dir='ltr'><strong>vivum</strong></span> <span class='ocrx_word' id='word_1_267' title='bbox 3470 1899 3614 1942; x_wconf 90' lang='lat' dir='ltr'><strong>con-</strong></span> 
     </span>
    </p>
   </div>
   <div class='ocr_carea' id='block_1_36' title="bbox 190 1965 1794 2047">
    <p class='ocr_par' dir='ltr' id='par_1_36' title="bbox 190 1966 1789 2047">
     <span class='ocr_line' id='line_1_36' title="bbox 190 1966 1789 2047; baseline -0.003 -20"><span class='ocrx_word' id='word_1_268' title='bbox 190 1972 357 2047; x_wconf 73' lang='grc' dir='ltr'>παρᾶ</span> <span class='ocrx_word' id='word_1_269' title='bbox 412 1974 510 2026; x_wconf 76' lang='grc' dir='ltr'>τοῦ</span> <span class='ocrx_word' id='word_1_270' title='bbox 567 1971 881 2047; x_wconf 72' lang='grc' dir='ltr'>προφήτου,</span> <span class='ocrx_word' id='word_1_271' title='bbox 939 1967 1021 2023; x_wconf 81' lang='grc' dir='ltr'>ὅτι</span> <span class='ocrx_word' id='word_1_272' title='bbox 1062 1966 1455 2043; x_wconf 79' lang='grc' dir='ltr'>Μεματαίωταί</span> <span class='ocrx_word' id='word_1_273' title='bbox 1508 1989 1614 2040; x_wconf 85' lang='grc' dir='ltr'>σοι,</span> <span class='ocrx_word' id='word_1_274' title='bbox 1647 1966 1730 2022; x_wconf 77' lang='grc' dir='ltr'>ὅτι</span> <span class='ocrx_word' id='word_1_275' title='bbox 1762 1987 1789 2023; x_wconf 90' lang='grc' dir='ltr'><strong>ο</strong></span> 
     </span>
    </p>
   </div>
   <div class='ocr_carea' id='block_1_37' title="bbox 2004 1965 3608 2047">
    <p class='ocr_par' dir='ltr' id='par_1_37' title="bbox 2004 1967 3608 2042">
     <span class='ocr_line' id='line_1_37' title="bbox 2004 1967 3608 2042; baseline 0.004 -18"><span class='ocrx_word' id='word_1_276' title='bbox 2004 1972 2274 2037; x_wconf 87' lang='lat' dir='ltr'><strong>srvasset,</strong></span> <span class='ocrx_word' id='word_1_277' title='bbox 2304 1967 2495 2024; x_wconf 89' lang='lat' dir='ltr'><strong>audiit</strong></span> <span class='ocrx_word' id='word_1_278' title='bbox 2527 1968 2623 2024; x_wconf 71' lang='grc' dir='ltr'><strong>ιθ</strong></span> <span class='ocrx_word' id='word_1_279' title='bbox 2655 1984 2689 2022; x_wconf 90' lang='lat' dir='ltr'><strong>a</strong></span> <span class='ocrx_word' id='word_1_280' title='bbox 2719 1967 3042 2040; x_wconf 77' lang='lat' dir='ltr'><strong>propheta:</strong></span> <span class='ocrx_word' id='word_1_281' title='bbox 3076 1970 3251 2027; x_wconf 79' lang='lat' dir='ltr'><strong>Stulte</strong></span> <span class='ocrx_word' id='word_1_282' title='bbox 3268 1974 3477 2042; x_wconf 80' lang='lat' dir='ltr'><strong>factum</strong></span> <span class='ocrx_word' id='word_1_283' title='bbox 3491 1981 3608 2030; x_wconf 86' lang='lat' dir='ltr'><strong>est:</strong></span> 
     </span>
    </p>
   </div>
   <div class='ocr_carea' id='block_1_38' title="bbox 190 2054 1794 2140">
    <p class='ocr_par' dir='ltr' id='par_1_38' title="bbox 190 2054 1794 2140">
     <span class='ocr_line' id='line_1_38' title="bbox 190 2054 1794 2140; baseline -0.001 -25"><span class='ocrx_word' id='word_1_284' title='bbox 190 2060 478 2140; x_wconf 69' lang='grc' dir='ltr'>ἐφύλαξας</span> <span class='ocrx_word' id='word_1_285' title='bbox 506 2062 606 2129; x_wconf 75' lang='grc' dir='ltr'>τήν</span> <span class='ocrx_word' id='word_1_286' title='bbox 634 2056 865 2130; x_wconf 77' lang='grc' dir='ltr'>ἐντολήν</span> <span class='ocrx_word' id='word_1_287' title='bbox 899 2078 1026 2134; x_wconf 87' lang='grc' dir='ltr'>μου,</span> <span class='ocrx_word' id='word_1_288' title='bbox 1073 2054 1141 2128; x_wconf 77' lang='grc' dir='ltr'>ἤν</span> <span class='ocrx_word' id='word_1_289' title='bbox 1192 2055 1489 2114; x_wconf 68' lang='grc' dir='ltr'>ἐνετείλατό</span> <span class='ocrx_word' id='word_1_290' title='bbox 1519 2078 1605 2112; x_wconf 90' lang='grc' dir='ltr'><strong>σοι</strong></span> <span class='ocrx_word' id='word_1_291' title='bbox 1636 2057 1794 2133; x_wconf 72' lang='grc' dir='ltr'>Κύριε</span> 
     </span>
    </p>
   </div>
   <div class='ocr_carea' id='block_1_39' title="bbox 2008 2054 3612 2140">
    <p class='ocr_par' dir='ltr' id='par_1_39' title="bbox 2008 2055 3612 2134">
     <span class='ocr_line' id='line_1_39' title="bbox 2008 2055 3612 2134; baseline 0.005 -21"><span class='ocrx_word' id='word_1_292' title='bbox 2008 2057 2289 2113; x_wconf 78' lang='grc' dir='ltr'>ιαηᾱαιιιηι</span> <span class='ocrx_word' id='word_1_293' title='bbox 2317 2072 2524 2126; x_wconf 85' lang='lat' dir='ltr'><strong>meum,</strong></span> <span class='ocrx_word' id='word_1_294' title='bbox 2559 2055 2699 2130; x_wconf 87' lang='lat' dir='ltr'><strong>quod</strong></span> <span class='ocrx_word' id='word_1_295' title='bbox 2723 2060 2992 2131; x_wconf 63' lang='lat' dir='ltr'><strong>prmeepit</strong></span> <span class='ocrx_word' id='word_1_296' title='bbox 3019 2059 3127 2117; x_wconf 85' lang='lat' dir='ltr'><strong>tibi</strong></span> <span class='ocrx_word' id='word_1_297' title='bbox 3155 2059 3455 2134; x_wconf 85' lang='lat' dir='ltr'><strong>Dominus,</strong></span> <span class='ocrx_word' id='word_1_298' title='bbox 3500 2078 3612 2121; x_wconf 73' lang='lat' dir='ltr'><strong>non</strong></span> 
     </span>
    </p>
   </div>
   <div class='ocr_carea' id='block_1_40' title="bbox 190 2149 1794 2221">
    <p class='ocr_par' dir='ltr' id='par_1_40' title="bbox 190 2150 569 2221">
     <span class='ocr_line' id='line_1_40' title="bbox 190 2150 569 2221; baseline 0 -15"><span class='ocrx_word' id='word_1_299' title='bbox 190 2153 286 2206; x_wconf 69' lang='grc' dir='ltr'><strong>καὶ</strong></span> <span class='ocrx_word' id='word_1_300' title='bbox 322 2152 392 2205; x_wconf 72' lang='grc' dir='ltr'>τὰ</span> <span class='ocrx_word' id='word_1_301' title='bbox 424 2150 515 2221; x_wconf 77' lang='grc' dir='ltr'>έξῆ</span> <span class='ocrx_word' id='word_1_302' title='bbox 525 2173 569 2215; x_wconf 91' lang='grc' dir='ltr'>ς.</span> 
     </span>
    </p>
   </div>
   <div class='ocr_carea' id='block_1_41' title="bbox 742 2149 2346 2221">
    <p class='ocr_par' dir='ltr' id='par_1_41' title="bbox 1961 2149 2346 2217">
     <span class='ocr_line' id='line_1_41' title="bbox 1961 2149 2346 2217; baseline -0.003 -13"><span class='ocrx_word' id='word_1_303' title='bbox 1961 2149 2213 2217; x_wconf 83' lang='lat' dir='ltr'><strong>servasti,</strong></span> <span class='ocrx_word' id='word_1_304' title='bbox 2244 2152 2346 2203; x_wconf 84' lang='lat' dir='ltr'><strong>etc.</strong></span> 
     </span>
    </p>
   </div>
   <div class='ocr_carea' id='block_1_42' title="bbox 264 2233 1868 2317">
    <p class='ocr_par' dir='ltr' id='par_1_42' title="bbox 264 2233 1859 2317">
     <span class='ocr_line' id='line_1_42' title="bbox 264 2233 1859 2317; baseline -0.003 -21"><span class='ocrx_word' id='word_1_305' title='bbox 264 2239 423 2297; x_wconf 68' lang='grc' dir='ltr'>Μετᾶ</span> <span class='ocrx_word' id='word_1_306' title='bbox 474 2237 530 2295; x_wconf 72' lang='grc' dir='ltr'>δὶ</span> <span class='ocrx_word' id='word_1_307' title='bbox 588 2239 773 2295; x_wconf 76' lang='grc' dir='ltr'>Σαοὺλ</span> <span class='ocrx_word' id='word_1_308' title='bbox 822 2233 1135 2295; x_wconf 76' lang='grc' dir='ltr'>ἐϐασίλευσε</span> <span class='ocrx_word' id='word_1_309' title='bbox 1187 2234 1355 2293; x_wconf 78' lang='grc' dir='ltr'>Δαϐὶδ</span> <span class='ocrx_word' id='word_1_310' title='bbox 1385 2236 1445 2293; x_wconf 80' lang='grc' dir='ltr'><strong>ἐκ</strong></span> <span class='ocrx_word' id='word_1_311' title='bbox 1472 2235 1650 2317; x_wconf 84' lang='grc' dir='ltr'>φυλῆς</span> <span class='ocrx_word' id='word_1_312' title='bbox 1682 2234 1859 2295; x_wconf 86' lang='grc' dir='ltr'>Ἰούδα</span> 
     </span>
    </p>
   </div>
   <div class='ocr_carea' id='block_1_43' title="bbox 2003 2233 3607 2317">
    <p class='ocr_par' dir='ltr' id='par_1_43' title="bbox 2034 2234 3607 2309">
     <span class='ocr_line' id='line_1_43' title="bbox 2034 2234 3607 2309; baseline 0.004 -16"><span class='ocrx_word' id='word_1_313' title='bbox 2034 2235 2210 2293; x_wconf 90' lang='lat' dir='ltr'><strong>Saulo</strong></span> <span class='ocrx_word' id='word_1_314' title='bbox 2242 2234 2523 2292; x_wconf 86' lang='lat' dir='ltr'><strong>successit</strong></span> <span class='ocrx_word' id='word_1_315' title='bbox 2562 2235 2622 2291; x_wconf 91' lang='lat' dir='ltr'><strong>in</strong></span> <span class='ocrx_word' id='word_1_316' title='bbox 2671 2249 2851 2309; x_wconf 91' lang='lat' dir='ltr'><strong>regno</strong></span> <span class='ocrx_word' id='word_1_317' title='bbox 2896 2236 3080 2294; x_wconf 90' lang='lat' dir='ltr'><strong>David</strong></span> <span class='ocrx_word' id='word_1_318' title='bbox 3133 2254 3203 2296; x_wconf 83' lang='lat' dir='ltr'><strong>ex</strong></span> <span class='ocrx_word' id='word_1_319' title='bbox 3246 2239 3407 2298; x_wconf 89' lang='lat' dir='ltr'><strong>tribu</strong></span> <span class='ocrx_word' id='word_1_320' title='bbox 3452 2241 3607 2301; x_wconf 84' lang='lat' dir='ltr'><strong>Juda</strong></span> 
     </span>
    </p>
   </div>
   <div class='ocr_carea' id='block_1_44' title="bbox 188 2324 1792 2404">
    <p class='ocr_par' dir='ltr' id='par_1_44' title="bbox 188 2324 1792 2404">
     <span class='ocr_line' id='line_1_44' title="bbox 188 2324 1792 2404; baseline -0.003 -17"><span class='ocrx_word' id='word_1_321' title='bbox 188 2326 287 2401; x_wconf 78' lang='grc' dir='ltr'>ἔτη</span> <span class='ocrx_word' id='word_1_322' title='bbox 354 2336 429 2404; x_wconf 91' lang='grc' dir='ltr'><strong>μ’.</strong></span> <span class='ocrx_word' id='word_1_323' title='bbox 487 2328 546 2391; x_wconf 80' lang='grc' dir='ltr'>ὅς</span> <span class='ocrx_word' id='word_1_324' title='bbox 603 2329 692 2384; x_wconf 76' lang='grc' dir='ltr'>καὶ</span> <span class='ocrx_word' id='word_1_325' title='bbox 751 2327 975 2399; x_wconf 73' lang='grc' dir='ltr'>ἐποίησε</span> <span class='ocrx_word' id='word_1_326' title='bbox 1026 2329 1095 2383; x_wconf 82' lang='grc' dir='ltr'>τὰ</span> <span class='ocrx_word' id='word_1_327' title='bbox 1159 2324 1444 2399; x_wconf 74' lang='grc' dir='ltr'>θελήματα</span> <span class='ocrx_word' id='word_1_328' title='bbox 1499 2330 1597 2382; x_wconf 78' lang='grc' dir='ltr'>τοῦ</span> <span class='ocrx_word' id='word_1_329' title='bbox 1657 2327 1792 2402; x_wconf 89' lang='grc' dir='ltr'>Κυρί</span> 
     </span>
    </p>
   </div>
   <div class='ocr_carea' id='block_1_45' title="bbox 2004 2324 3608 2404">
    <p class='ocr_par' dir='ltr' id='par_1_45' title="bbox 2004 2325 3608 2401">
     <span class='ocr_line' id='line_1_45' title="bbox 2004 2325 3608 2401; baseline 0.005 -19"><span class='ocrx_word' id='word_1_330' title='bbox 2004 2343 2145 2384; x_wconf 85' lang='lat' dir='ltr'><strong>unos</strong></span> <span class='ocrx_word' id='word_1_331' title='bbox 2176 2325 2585 2398; x_wconf 85' lang='lat' dir='ltr'><strong>quadraginta,</strong></span> <span class='ocrx_word' id='word_1_332' title='bbox 2617 2325 2718 2398; x_wconf 89' lang='lat' dir='ltr'><strong>qui</strong></span> <span class='ocrx_word' id='word_1_333' title='bbox 2754 2326 2865 2383; x_wconf 92' lang='lat' dir='ltr'><strong>Deo</strong></span> <span class='ocrx_word' id='word_1_334' title='bbox 2888 2341 3107 2384; x_wconf 89' lang='lat' dir='ltr'><strong>morem</strong></span> <span class='ocrx_word' id='word_1_335' title='bbox 3129 2328 3315 2401; x_wconf 87' lang='lat' dir='ltr'><strong>gessit</strong></span> <span class='ocrx_word' id='word_1_336' title='bbox 3330 2330 3402 2389; x_wconf 91' lang='lat' dir='ltr'><strong>de</strong></span> <span class='ocrx_word' id='word_1_337' title='bbox 3422 2335 3608 2390; x_wconf 90' lang='lat' dir='ltr'><strong>omni-</strong></span> 
     </span>
    </p>
   </div>
   <div class='ocr_carea' id='block_1_46' title="bbox 190 2413 1794 2493">
    <p class='ocr_par' dir='ltr' id='par_1_46' title="bbox 190 2414 1794 2493">
     <span class='ocr_line' id='line_1_46' title="bbox 190 2414 1794 2493; baseline -0.004 -16"><span class='ocrx_word' id='word_1_338' title='bbox 190 2422 396 2477; x_wconf 72' lang='grc' dir='ltr'>πάντα.</span> <span class='ocrx_word' id='word_1_339' title='bbox 456 2418 709 2489; x_wconf 75' lang='grc' dir='ltr'>Ηατάξας</span> <span class='ocrx_word' id='word_1_340' title='bbox 778 2417 835 2474; x_wconf 71' lang='grc' dir='ltr'>δὲ</span> <span class='ocrx_word' id='word_1_341' title='bbox 889 2419 979 2473; x_wconf 76' lang='grc' dir='ltr'>καὶ</span> <span class='ocrx_word' id='word_1_342' title='bbox 1032 2417 1124 2473; x_wconf 90' lang='grc' dir='ltr'>τὸν</span> <span class='ocrx_word' id='word_1_343' title='bbox 1186 2415 1398 2491; x_wconf 83' lang='grc' dir='ltr'>Μελχὼ</span> <span class='ocrx_word' id='word_1_344' title='bbox 1468 2414 1694 2493; x_wconf 77' lang='grc' dir='ltr'><strong>βασιλέα</strong></span> <span class='ocrx_word' id='word_1_345' title='bbox 1748 2420 1794 2471; x_wconf 84' lang='grc' dir='ltr'><strong>τε</strong></span> 
     </span>
    </p>
   </div>
   <div class='ocr_carea' id='block_1_47' title="bbox 2005 2413 3609 2493">
    <p class='ocr_par' dir='ltr' id='par_1_47' title="bbox 2005 2413 3609 2489">
     <span class='ocr_line' id='line_1_47' title="bbox 2005 2413 3609 2489; baseline 0.004 -16"><span class='ocrx_word' id='word_1_346' title='bbox 2005 2434 2093 2474; x_wconf 92' lang='lat' dir='ltr'><strong>us.</strong></span> <span class='ocrx_word' id='word_1_347' title='bbox 2127 2415 2230 2472; x_wconf 89' lang='lat' dir='ltr'><strong>Hic</strong></span> <span class='ocrx_word' id='word_1_348' title='bbox 2260 2413 2582 2473; x_wconf 90' lang='lat' dir='ltr'><strong>Melchomo</strong></span> <span class='ocrx_word' id='word_1_349' title='bbox 2621 2414 2900 2488; x_wconf 84' lang='lat' dir='ltr'><strong>Syrorum</strong></span> <span class='ocrx_word' id='word_1_350' title='bbox 2932 2432 3066 2489; x_wconf 90' lang='lat' dir='ltr'><strong>rege</strong></span> <span class='ocrx_word' id='word_1_351' title='bbox 3104 2418 3394 2478; x_wconf 89' lang='lat' dir='ltr'><strong>debellato</strong></span> <span class='ocrx_word' id='word_1_352' title='bbox 3436 2438 3609 2480; x_wconf 88' lang='lat' dir='ltr'><strong>coro-</strong></span> 
     </span>
    </p>
   </div>
   <div class='ocr_carea' id='block_1_48' title="bbox 193 2502 1797 2585">
    <p class='ocr_par' dir='ltr' id='par_1_48' title="bbox 193 2502 1797 2585">
     <span class='ocr_line' id='line_1_48' title="bbox 193 2502 1797 2585; baseline -0.001 -22"><span class='ocrx_word' id='word_1_353' title='bbox 193 2511 419 2585; x_wconf 77' lang='grc' dir='ltr'>Σύρων,</span> <span class='ocrx_word' id='word_1_354' title='bbox 448 2508 544 2564; x_wconf 86' lang='grc' dir='ltr'><strong>καὶ</strong></span> <span class='ocrx_word' id='word_1_355' title='bbox 590 2502 777 2563; x_wconf 76' lang='grc' dir='ltr'>λαϐὼν</span> <span class='ocrx_word' id='word_1_356' title='bbox 824 2508 920 2563; x_wconf 88' lang='grc' dir='ltr'>τὸν</span> <span class='ocrx_word' id='word_1_357' title='bbox 978 2507 1066 2563; x_wconf 76' lang='grc' dir='ltr'><strong>ἐπὶ</strong></span> <span class='ocrx_word' id='word_1_358' title='bbox 1120 2512 1219 2577; x_wconf 81' lang='grc' dir='ltr'>τῆς</span> <span class='ocrx_word' id='word_1_359' title='bbox 1274 2506 1518 2582; x_wconf 77' lang='grc' dir='ltr'>κεφαλῆς</span> <span class='ocrx_word' id='word_1_360' title='bbox 1552 2506 1717 2560; x_wconf 79' lang='grc' dir='ltr'>αὐτοῦ</span> <span class='ocrx_word' id='word_1_361' title='bbox 1748 2527 1797 2561; x_wconf 74' lang='grc' dir='ltr'>στ</span> 
     </span>
    </p>
   </div>
   <div class='ocr_carea' id='block_1_49' title="bbox 2003 2502 3607 2585">
    <p class='ocr_par' dir='ltr' id='par_1_49' title="bbox 2006 2504 3607 2583">
     <span class='ocr_line' id='line_1_49' title="bbox 2006 2504 3607 2583; baseline 0.004 -20"><span class='ocrx_word' id='word_1_362' title='bbox 2006 2523 2101 2563; x_wconf 91' lang='lat' dir='ltr'><strong>am</strong></span> <span class='ocrx_word' id='word_1_363' title='bbox 2154 2520 2452 2577; x_wconf 75' lang='lat' dir='ltr'><strong>magnam,</strong></span> <span class='ocrx_word' id='word_1_364' title='bbox 2505 2504 2775 2576; x_wconf 86' lang='lat' dir='ltr'><strong>pretiosis</strong></span> <span class='ocrx_word' id='word_1_365' title='bbox 2833 2505 3123 2563; x_wconf 89' lang='lat' dir='ltr'><strong>illustrem</strong></span> <span class='ocrx_word' id='word_1_366' title='bbox 3169 2508 3486 2583; x_wconf 88' lang='lat' dir='ltr'><strong>lapidibus,</strong></span> <span class='ocrx_word' id='word_1_367' title='bbox 3537 2530 3607 2570; x_wconf 82' lang='lat' dir='ltr'><strong>ex</strong></span> 
     </span>
    </p>
   </div>
   <div class='ocr_carea' id='block_1_50' title="bbox 194 2590 1798 2679">
    <p class='ocr_par' dir='ltr' id='par_1_50' title="bbox 194 2590 1795 2679">
     <span class='ocr_line' id='line_1_50' title="bbox 194 2590 1795 2679; baseline -0.004 -24"><span class='ocrx_word' id='word_1_368' title='bbox 194 2620 370 2679; x_wconf 75' lang='grc' dir='ltr'>φανον</span> <span class='ocrx_word' id='word_1_369' title='bbox 401 2602 643 2674; x_wconf 75' lang='grc' dir='ltr'>χρυσοῦν</span> <span class='ocrx_word' id='word_1_370' title='bbox 704 2597 897 2674; x_wconf 85' lang='grc' dir='ltr'>μέγαν,</span> <span class='ocrx_word' id='word_1_371' title='bbox 953 2591 1154 2672; x_wconf 74' lang='grc' dir='ltr'>ἔχοντα</span> <span class='ocrx_word' id='word_1_372' title='bbox 1213 2590 1404 2657; x_wconf 87' lang='grc' dir='ltr'>λίθους</span> <span class='ocrx_word' id='word_1_373' title='bbox 1461 2593 1700 2667; x_wconf 85' lang='grc' dir='ltr'>τιμίους,</span> <span class='ocrx_word' id='word_1_374' title='bbox 1732 2593 1795 2671; x_wconf 79' lang='grc' dir='ltr'>ἐφ</span> 
     </span>
    </p>
   </div>
   <div class='ocr_carea' id='block_1_51' title="bbox 2003 2590 3607 2679">
    <p class='ocr_par' dir='ltr' id='par_1_51' title="bbox 2003 2592 3607 2674">
     <span class='ocr_line' id='line_1_51' title="bbox 2003 2592 3607 2674; baseline 0.005 -24"><span class='ocrx_word' id='word_1_375' title='bbox 2003 2594 2123 2650; x_wconf 47' lang='grc' dir='ltr'>ηιίυε</span> <span class='ocrx_word' id='word_1_376' title='bbox 2152 2595 2342 2666; x_wconf 88' lang='lat' dir='ltr'><strong>capite</strong></span> <span class='ocrx_word' id='word_1_377' title='bbox 2372 2592 2667 2650; x_wconf 86' lang='lat' dir='ltr'><strong>sublatam</strong></span> <span class='ocrx_word' id='word_1_378' title='bbox 2698 2594 2809 2650; x_wconf 87' lang='lat' dir='ltr'><strong>sibi</strong></span> <span class='ocrx_word' id='word_1_379' title='bbox 2840 2595 3141 2666; x_wconf 86' lang='lat' dir='ltr'><strong>imposuit,</strong></span> <span class='ocrx_word' id='word_1_380' title='bbox 3172 2602 3442 2656; x_wconf 85' lang='lat' dir='ltr'><strong>ornatum</strong></span> <span class='ocrx_word' id='word_1_381' title='bbox 3471 2600 3607 2674; x_wconf 88' lang='lat' dir='ltr'><strong>pul-</strong></span> 
     </span>
    </p>
   </div>
   <div class='ocr_carea' id='block_1_52' title="bbox 198 2680 1802 2765">
    <p class='ocr_par' dir='ltr' id='par_1_52' title="bbox 198 2680 1802 2765">
     <span class='ocr_line' id='line_1_52' title="bbox 198 2680 1802 2765; baseline -0.004 -21"><span class='ocrx_word' id='word_1_382' title='bbox 198 2710 350 2765; x_wconf 79' lang='grc' dir='ltr'>ρεσεν</span> <span class='ocrx_word' id='word_1_383' title='bbox 381 2688 572 2758; x_wconf 78' lang='grc' dir='ltr'>αὐτὸν,</span> <span class='ocrx_word' id='word_1_384' title='bbox 616 2686 705 2741; x_wconf 82' lang='grc' dir='ltr'><strong>καὶ</strong></span> <span class='ocrx_word' id='word_1_385' title='bbox 762 2687 830 2755; x_wconf 76' lang='grc' dir='ltr'>ἦν</span> <span class='ocrx_word' id='word_1_386' title='bbox 889 2686 976 2740; x_wconf 79' lang='grc' dir='ltr'>ἐπὶ</span> <span class='ocrx_word' id='word_1_387' title='bbox 1031 2691 1131 2755; x_wconf 87' lang='grc' dir='ltr'>τῆς</span> <span class='ocrx_word' id='word_1_388' title='bbox 1171 2680 1420 2759; x_wconf 79' lang='grc' dir='ltr'>κεφαλῆς</span> <span class='ocrx_word' id='word_1_389' title='bbox 1450 2681 1618 2739; x_wconf 76' lang='grc' dir='ltr'>αὐτοῦ</span> <span class='ocrx_word' id='word_1_390' title='bbox 1649 2683 1802 2758; x_wconf 73' lang='grc' dir='ltr'>κόσμι</span> 
     </span>
    </p>
   </div>
   <div class='ocr_carea' id='block_1_53' title="bbox 2004 2680 3608 2765">
    <p class='ocr_par' dir='ltr' id='par_1_53' title="bbox 2004 2682 3608 2757">
     <span class='ocr_line' id='line_1_53' title="bbox 2004 2682 3608 2757; baseline 0.005 -16"><span class='ocrx_word' id='word_1_391' title='bbox 2004 2685 2321 2741; x_wconf 87' lang='lat' dir='ltr'><strong>herrimum</strong></span> <span class='ocrx_word' id='word_1_392' title='bbox 2378 2699 2443 2739; x_wconf 91' lang='lat' dir='ltr'><strong>ac</strong></span> <span class='ocrx_word' id='word_1_393' title='bbox 2498 2682 2772 2755; x_wconf 82' lang='lat' dir='ltr'><strong>regalem,</strong></span> <span class='ocrx_word' id='word_1_394' title='bbox 2831 2685 2988 2756; x_wconf 89' lang='lat' dir='ltr'><strong>quod</strong></span> <span class='ocrx_word' id='word_1_395' title='bbox 3031 2684 3158 2757; x_wconf 90' lang='lat' dir='ltr'><strong>ipse</strong></span> <span class='ocrx_word' id='word_1_396' title='bbox 3213 2687 3334 2746; x_wconf 89' lang='lat' dir='ltr'><strong>illis</strong></span> <span class='ocrx_word' id='word_1_397' title='bbox 3375 2688 3608 2749; x_wconf 90' lang='lat' dir='ltr'><strong>innuit:</strong></span> 
     </span>
    </p>
   </div>
   <div class='ocr_carea' id='block_1_54' title="bbox 196 2768 1800 2854">
    <p class='ocr_par' dir='ltr' id='par_1_54' title="bbox 196 2768 1800 2854">
     <span class='ocr_line' id='line_1_54' title="bbox 196 2768 1800 2854; baseline -0.005 -20"><span class='ocrx_word' id='word_1_398' title='bbox 196 2778 659 2854; x_wconf 73' lang='grc' dir='ltr'>εὐπρεπέστατος,</span> <span class='ocrx_word' id='word_1_399' title='bbox 722 2776 855 2852; x_wconf 81' lang='grc' dir='ltr'>ὅπερ</span> <span class='ocrx_word' id='word_1_400' title='bbox 949 2772 1134 2845; x_wconf 83' lang='grc' dir='ltr'>δηλῶν</span> <span class='ocrx_word' id='word_1_401' title='bbox 1212 2768 1336 2853; x_wconf 80' lang='grc' dir='ltr'>ἔφη·</span> <span class='ocrx_word' id='word_1_402' title='bbox 1406 2772 1593 2848; x_wconf 84' lang='grc' dir='ltr'>Κύριε,</span> <span class='ocrx_word' id='word_1_403' title='bbox 1669 2772 1720 2828; x_wconf 82' lang='grc' dir='ltr'><strong>ἐν</strong></span> <span class='ocrx_word' id='word_1_404' title='bbox 1785 2795 1800 2824; x_wconf 71' lang='grc' dir='ltr'><strong>ιτ</strong></span> 
     </span>
    </p>
   </div>
   <div class='ocr_carea' id='block_1_55' title="bbox 2008 2768 3612 2854">
    <p class='ocr_par' dir='ltr' id='par_1_55' title="bbox 2008 2772 3612 2853">
     <span class='ocr_line' id='line_1_55' title="bbox 2008 2772 3612 2853; baseline 0.004 -22"><span class='ocrx_word' id='word_1_405' title='bbox 2008 2776 2223 2841; x_wconf 63' lang='lat' dir='ltr'><strong>*omine,</strong></span> <span class='ocrx_word' id='word_1_406' title='bbox 2253 2773 2315 2829; x_wconf 78' lang='lat' dir='ltr'><strong>in</strong></span> <span class='ocrx_word' id='word_1_407' title='bbox 2340 2772 2549 2829; x_wconf 85' lang='lat' dir='ltr'><strong>virtute</strong></span> <span class='ocrx_word' id='word_1_408' title='bbox 2611 2777 2705 2828; x_wconf 89' lang='lat' dir='ltr'><strong>tua</strong></span> <span class='ocrx_word' id='word_1_409' title='bbox 2761 2773 3049 2830; x_wconf 68' lang='lat' dir='ltr'><strong>laetabitur</strong></span> <span class='ocrx_word' id='word_1_410' title='bbox 3098 2791 3220 2847; x_wconf 74' lang='lat' dir='ltr'><strong>rex,</strong></span> <span class='ocrx_word' id='word_1_411' title='bbox 3270 2781 3330 2834; x_wconf 93' lang='lat' dir='ltr'><strong>et</strong></span> <span class='ocrx_word' id='word_1_412' title='bbox 3383 2778 3612 2853; x_wconf 89' lang='lat' dir='ltr'><strong>reliqua</strong></span> 
     </span>
    </p>
   </div>
   <div class='ocr_carea' id='block_1_56' title="bbox 198 2860 1802 2943">
    <p class='ocr_par' dir='ltr' id='par_1_56' title="bbox 198 2861 1802 2943">
     <span class='ocr_line' id='line_1_56' title="bbox 198 2861 1802 2943; baseline -0.005 -19"><span class='ocrx_word' id='word_1_413' title='bbox 198 2867 429 2941; x_wconf 73' lang='grc' dir='ltr'>δυνάμει</span> <span class='ocrx_word' id='word_1_414' title='bbox 504 2888 606 2921; x_wconf 89' lang='grc' dir='ltr'><strong>σου</strong></span> <span class='ocrx_word' id='word_1_415' title='bbox 672 2866 1096 2943; x_wconf 72' lang='grc' dir='ltr'>εὐφρανθήσεται</span> <span class='ocrx_word' id='word_1_416' title='bbox 1162 2865 1190 2918; x_wconf 93' lang='lat'><strong>6</strong></span> <span class='ocrx_word' id='word_1_417' title='bbox 1274 2861 1553 2938; x_wconf 78' lang='grc' dir='ltr'>βασιλεὺς,</span> <span class='ocrx_word' id='word_1_418' title='bbox 1628 2862 1718 2917; x_wconf 79' lang='grc' dir='ltr'>καὶ</span> <span class='ocrx_word' id='word_1_419' title='bbox 1792 2883 1802 2897; x_wconf 75' lang='grc' dir='ltr'><strong><em>σ</em></strong></span> 
     </span>
    </p>
   </div>
   <div class='ocr_carea' id='block_1_57' title="bbox 2007 2860 3611 2943">
    <p class='ocr_par' dir='ltr' id='par_1_57' title="bbox 2008 2860 3611 2935">
     <span class='ocr_line' id='line_1_57' title="bbox 2008 2860 3611 2935; baseline 0.006 -17"><span class='ocrx_word' id='word_1_420' title='bbox 2008 2864 2120 2920; x_wconf 87' lang='lat' dir='ltr'><strong>lius</strong></span> <span class='ocrx_word' id='word_1_421' title='bbox 2156 2861 2390 2935; x_wconf 88' lang='lat' dir='ltr'><strong>psalmi.</strong></span> <span class='ocrx_word' id='word_1_422' title='bbox 2422 2860 2601 2918; x_wconf 90' lang='lat' dir='ltr'><strong>David</strong></span> <span class='ocrx_word' id='word_1_423' title='bbox 2644 2864 2919 2933; x_wconf 80' lang='lat' dir='ltr'><strong>praeterea</strong></span> <span class='ocrx_word' id='word_1_424' title='bbox 2976 2863 3141 2920; x_wconf 88' lang='lat' dir='ltr'><strong>senio</strong></span> <span class='ocrx_word' id='word_1_425' title='bbox 3194 2866 3498 2925; x_wconf 85' lang='lat' dir='ltr'><strong>confectus</strong></span> <span class='ocrx_word' id='word_1_426' title='bbox 3553 2872 3611 2927; x_wconf 90' lang='lat' dir='ltr'><strong>et</strong></span> 
     </span>
    </p>
   </div>
   <div class='ocr_carea' id='block_1_58' title="bbox 200 2948 1804 3029">
    <p class='ocr_par' dir='ltr' id='par_1_58' title="bbox 200 2948 1804 3029">
     <span class='ocr_line' id='line_1_58' title="bbox 200 2948 1804 3029; baseline -0.005 -16"><span class='ocrx_word' id='word_1_427' title='bbox 200 2958 373 3013; x_wconf 75' lang='grc' dir='ltr'>λοιπᾶ</span> <span class='ocrx_word' id='word_1_428' title='bbox 428 2961 531 3012; x_wconf 73' lang='grc' dir='ltr'><strong>τοῦ</strong></span> <span class='ocrx_word' id='word_1_429' title='bbox 597 2954 846 3029; x_wconf 76' lang='grc' dir='ltr'>ψαλμοῦ.</span> <span class='ocrx_word' id='word_1_430' title='bbox 907 2949 1278 3029; x_wconf 75' lang='grc' dir='ltr'>Ηρεσϐύτερος</span> <span class='ocrx_word' id='word_1_431' title='bbox 1338 2950 1428 3006; x_wconf 80' lang='grc' dir='ltr'>οὗν</span> <span class='ocrx_word' id='word_1_432' title='bbox 1484 2949 1573 3007; x_wconf 80' lang='grc' dir='ltr'><strong>καὶ</strong></span> <span class='ocrx_word' id='word_1_433' title='bbox 1631 2948 1804 3026; x_wconf 66' lang='grc' dir='ltr'>πλήρι</span> 
     </span>
    </p>
   </div>
   <div class='ocr_carea' id='block_1_59' title="bbox 2004 2948 3608 3029">
    <p class='ocr_par' dir='ltr' id='par_1_59' title="bbox 2007 2951 3608 3027">
     <span class='ocr_line' id='line_1_59' title="bbox 2007 2951 3608 3027; baseline 0.003 -19"><span class='ocrx_word' id='word_1_434' title='bbox 2007 2954 2172 3010; x_wconf 89' lang='lat' dir='ltr'><strong>iebus</strong></span> <span class='ocrx_word' id='word_1_435' title='bbox 2204 2955 2435 3023; x_wconf 89' lang='lat' dir='ltr'><strong>auctus,</strong></span> <span class='ocrx_word' id='word_1_436' title='bbox 2468 2967 2602 3007; x_wconf 90' lang='lat' dir='ltr'><strong>cum</strong></span> <span class='ocrx_word' id='word_1_437' title='bbox 2658 2951 3029 3010; x_wconf 91' lang='lat' dir='ltr'><strong>Salomonem</strong></span> <span class='ocrx_word' id='word_1_438' title='bbox 3084 2968 3276 3027; x_wconf 85' lang='lat' dir='ltr'><strong>regem</strong></span> <span class='ocrx_word' id='word_1_439' title='bbox 3337 2965 3608 3026; x_wconf 81' lang='lat' dir='ltr'><strong>creasset,</strong></span> 
     </span>
    </p>
   </div>
   <div class='ocr_carea' id='block_1_60' title="bbox 197 3039 1801 3121">
    <p class='ocr_par' dir='ltr' id='par_1_60' title="bbox 197 3039 1801 3121">
     <span class='ocr_line' id='line_1_60' title="bbox 197 3039 1801 3121; baseline -0.006 -20"><span class='ocrx_word' id='word_1_440' title='bbox 197 3050 428 3121; x_wconf 78' lang='grc' dir='ltr'>ἡμερῶν</span> <span class='ocrx_word' id='word_1_441' title='bbox 490 3045 805 3119; x_wconf 83' lang='grc' dir='ltr'>γενόμενος,</span> <span class='ocrx_word' id='word_1_442' title='bbox 860 3044 948 3098; x_wconf 80' lang='grc' dir='ltr'><strong>καὶ</strong></span> <span class='ocrx_word' id='word_1_443' title='bbox 1013 3040 1336 3117; x_wconf 78' lang='grc' dir='ltr'>βασιλεύσας</span> <span class='ocrx_word' id='word_1_444' title='bbox 1380 3041 1474 3097; x_wconf 82' lang='grc' dir='ltr'>τὸν</span> <span class='ocrx_word' id='word_1_445' title='bbox 1522 3042 1637 3096; x_wconf 77' lang='grc' dir='ltr'>υἱὸν</span> <span class='ocrx_word' id='word_1_446' title='bbox 1692 3039 1801 3095; x_wconf 68' lang='grc' dir='ltr'>αὖτε</span> 
     </span>
    </p>
   </div>
   <div class='ocr_carea' id='block_1_61' title="bbox 2008 3039 3612 3121">
    <p class='ocr_par' dir='ltr' id='par_1_61' title="bbox 2008 3041 3612 3117">
     <span class='ocr_line' id='line_1_61' title="bbox 2008 3041 3612 3117; baseline 0.004 -18"><span class='ocrx_word' id='word_1_447' title='bbox 2008 3043 2146 3099; x_wconf 80' lang='lat' dir='ltr'><strong>ixit:</strong></span> <span class='ocrx_word' id='word_1_448' title='bbox 2177 3045 2254 3099; x_wconf 77' lang='lat' dir='ltr'><strong>Et</strong></span> <span class='ocrx_word' id='word_1_449' title='bbox 2282 3058 2451 3113; x_wconf 80' lang='lat' dir='ltr'><strong>nunc,</strong></span> <span class='ocrx_word' id='word_1_450' title='bbox 2480 3041 2760 3111; x_wconf 84' lang='lat' dir='ltr'><strong>Salomon,</strong></span> <span class='ocrx_word' id='word_1_451' title='bbox 2791 3056 2953 3099; x_wconf 78' lang='lat' dir='ltr'><strong>nosce</strong></span> <span class='ocrx_word' id='word_1_452' title='bbox 2981 3043 3156 3100; x_wconf 89' lang='lat' dir='ltr'><strong>Deum</strong></span> <span class='ocrx_word' id='word_1_453' title='bbox 3200 3049 3433 3117; x_wconf 84' lang='lat' dir='ltr'><strong>patrum</strong></span> <span class='ocrx_word' id='word_1_454' title='bbox 3489 3051 3612 3105; x_wconf 87' lang='lat' dir='ltr'><strong>tuo-</strong></span> 
     </span>
    </p>
   </div>
   <div class='ocr_carea' id='block_1_62' title="bbox 200 3127 1804 3209">
    <p class='ocr_par' dir='ltr' id='par_1_62' title="bbox 200 3127 1800 3209">
     <span class='ocr_line' id='line_1_62' title="bbox 200 3127 1800 3209; baseline -0.004 -18"><span class='ocrx_word' id='word_1_455' title='bbox 200 3137 576 3209; x_wconf 79' lang='grc' dir='ltr'>Συλομῶντα,</span> <span class='ocrx_word' id='word_1_456' title='bbox 634 3133 781 3189; x_wconf 83' lang='grc' dir='ltr'>εἶπεν</span> <span class='ocrx_word' id='word_1_457' title='bbox 839 3132 1007 3205; x_wconf 74' lang='grc' dir='ltr'>αὐτῷ*</span> <span class='ocrx_word' id='word_1_458' title='bbox 1065 3131 1163 3187; x_wconf 84' lang='grc' dir='ltr'>Καὶ</span> <span class='ocrx_word' id='word_1_459' title='bbox 1218 3134 1333 3200; x_wconf 80' lang='grc' dir='ltr'>νῦν,</span> <span class='ocrx_word' id='word_1_460' title='bbox 1387 3127 1660 3204; x_wconf 87' lang='grc' dir='ltr'>Σολομὸν,</span> <span class='ocrx_word' id='word_1_461' title='bbox 1691 3134 1800 3204; x_wconf 85' lang='grc' dir='ltr'>γνῶ</span> 
     </span>
    </p>
   </div>
   <div class='ocr_carea' id='block_1_63' title="bbox 2006 3127 3610 3209">
    <p class='ocr_par' dir='ltr' id='par_1_63' title="bbox 2006 3132 3610 3205">
     <span class='ocr_line' id='line_1_63' title="bbox 2006 3132 3610 3205; baseline 0.004 -16"><span class='ocrx_word' id='word_1_462' title='bbox 2006 3150 2112 3200; x_wconf 88' lang='lat' dir='ltr'><strong>um,</strong></span> <span class='ocrx_word' id='word_1_463' title='bbox 2146 3136 2199 3189; x_wconf 82' lang='lat' dir='ltr'><strong>et</strong></span> <span class='ocrx_word' id='word_1_464' title='bbox 2224 3133 2377 3188; x_wconf 84' lang='lat' dir='ltr'><strong>servi</strong></span> <span class='ocrx_word' id='word_1_465' title='bbox 2395 3132 2449 3188; x_wconf 86' lang='lat' dir='ltr'><strong>ei</strong></span> <span class='ocrx_word' id='word_1_466' title='bbox 2479 3132 2541 3187; x_wconf 80' lang='lat' dir='ltr'><strong>in</strong></span> <span class='ocrx_word' id='word_1_467' title='bbox 2570 3132 2732 3188; x_wconf 87' lang='lat' dir='ltr'><strong>corde</strong></span> <span class='ocrx_word' id='word_1_468' title='bbox 2770 3133 3011 3203; x_wconf 76' lang='lat' dir='ltr'><strong>perfecto</strong></span> <span class='ocrx_word' id='word_1_469' title='bbox 3038 3141 3094 3190; x_wconf 84' lang='lat' dir='ltr'><strong>et</strong></span> <span class='ocrx_word' id='word_1_470' title='bbox 3132 3136 3327 3193; x_wconf 87' lang='lat' dir='ltr'><strong>anima</strong></span> <span class='ocrx_word' id='word_1_471' title='bbox 3376 3137 3610 3205; x_wconf 79' lang='lat' dir='ltr'><strong>volente,</strong></span> 
     </span>
    </p>
   </div>
   <div class='ocr_carea' id='block_1_64' title="bbox 196 3200 1800 3299">
    <p class='ocr_par' dir='ltr' id='par_1_64' title="bbox 196 3217 1757 3299">
     <span class='ocr_line' id='line_1_64' title="bbox 196 3217 1757 3299; baseline -0.005 -18"><span class='ocrx_word' id='word_1_472' title='bbox 196 3228 284 3281; x_wconf 77' lang='grc' dir='ltr'>τὸν</span> <span class='ocrx_word' id='word_1_473' title='bbox 338 3227 475 3281; x_wconf 84' lang='grc' dir='ltr'>Θεὸν</span> <span class='ocrx_word' id='word_1_474' title='bbox 526 3228 637 3279; x_wconf 81' lang='grc' dir='ltr'>τῶν</span> <span class='ocrx_word' id='word_1_475' title='bbox 692 3224 942 3299; x_wconf 81' lang='grc' dir='ltr'>πατέρων</span> <span class='ocrx_word' id='word_1_476' title='bbox 995 3242 1110 3294; x_wconf 85' lang='grc' dir='ltr'>σου,</span> <span class='ocrx_word' id='word_1_477' title='bbox 1167 3220 1259 3281; x_wconf 82' lang='grc' dir='ltr'><strong>καὶ</strong></span> <span class='ocrx_word' id='word_1_478' title='bbox 1321 3217 1544 3275; x_wconf 83' lang='grc' dir='ltr'>δούλευε</span> <span class='ocrx_word' id='word_1_479' title='bbox 1610 3219 1757 3290; x_wconf 80' lang='grc' dir='ltr'>αὐτῷ</span> 
     </span>
    </p>
   </div>
   <div class='ocr_carea' id='block_1_65' title="bbox 2007 3200 3611 3299">
    <p class='ocr_par' dir='ltr' id='par_1_65' title="bbox 2007 3200 3611 3295">
     <span class='ocr_line' id='line_1_65' title="bbox 2007 3200 3611 3295; baseline 0.004 -16"><span class='ocrx_word' id='word_1_480' title='bbox 2007 3224 2229 3279; x_wconf 87' lang='lat' dir='ltr'><strong>uom&#39;am</strong></span> <span class='ocrx_word' id='word_1_481' title='bbox 2259 3220 2425 3278; x_wconf 84' lang='lat' dir='ltr'><strong>corda</strong></span> <span class='ocrx_word' id='word_1_482' title='bbox 2451 3220 2701 3278; x_wconf 83' lang='lat' dir='ltr'><strong>omnium</strong></span> <span class='ocrx_word' id='word_1_483' title='bbox 2730 3200 3016 3278; x_wconf 73' lang='lat' dir='ltr'><strong>scrutatur</strong></span> <span class='ocrx_word' id='word_1_484' title='bbox 3047 3225 3336 3295; x_wconf 75' lang='lat' dir='ltr'><strong>Dominus,</strong></span> <span class='ocrx_word' id='word_1_485' title='bbox 3385 3234 3445 3283; x_wconf 82' lang='lat' dir='ltr'><strong>et</strong></span> <span class='ocrx_word' id='word_1_486' title='bbox 3488 3200 3611 3285; x_wconf 59' lang='lat' dir='ltr'><strong>om;</strong></span> 
     </span>
    </p>
   </div>
   <div class='ocr_carea' id='block_1_66' title="bbox 194 3305 1798 3391">
    <p class='ocr_par' dir='ltr' id='par_1_66' title="bbox 194 3305 1798 3391">
     <span class='ocr_line' id='line_1_66' title="bbox 194 3305 1798 3391; baseline -0.005 -21"><span class='ocrx_word' id='word_1_487' title='bbox 194 3312 392 3391; x_wconf 73' lang='grc' dir='ltr'>καρδίᾳ</span> <span class='ocrx_word' id='word_1_488' title='bbox 449 3310 638 3384; x_wconf 82' lang='grc' dir='ltr'>τελείᾳ</span> <span class='ocrx_word' id='word_1_489' title='bbox 702 3313 791 3368; x_wconf 84' lang='grc' dir='ltr'><strong>καὶ</strong></span> <span class='ocrx_word' id='word_1_490' title='bbox 858 3314 1013 3390; x_wconf 81' lang='grc' dir='ltr'>ψυχῇ</span> <span class='ocrx_word' id='word_1_491' title='bbox 1089 3307 1341 3385; x_wconf 71' lang='grc' dir='ltr'>θελούσῃο</span> <span class='ocrx_word' id='word_1_492' title='bbox 1448 3309 1532 3364; x_wconf 81' lang='grc' dir='ltr'><strong>δτι</strong></span> <span class='ocrx_word' id='word_1_493' title='bbox 1633 3305 1798 3381; x_wconf 81' lang='grc' dir='ltr'>καρδί‹</span> 
     </span>
    </p>
   </div>
   <div class='ocr_carea' id='block_1_67' title="bbox 2006 3305 3610 3391">
    <p class='ocr_par' dir='ltr' id='par_1_67' title="bbox 2006 3309 3610 3385">
     <span class='ocr_line' id='line_1_67' title="bbox 2006 3309 3610 3385; baseline 0.004 -18"><span class='ocrx_word' id='word_1_494' title='bbox 2006 3327 2089 3367; x_wconf 89' lang='lat' dir='ltr'><strong>em</strong></span> <span class='ocrx_word' id='word_1_495' title='bbox 2115 3309 2505 3381; x_wconf 77' lang='lat' dir='ltr'><strong>cogitationem</strong></span> <span class='ocrx_word' id='word_1_496' title='bbox 2535 3310 2832 3381; x_wconf 74' lang='lat' dir='ltr'><strong>cognoscit.</strong></span> <span class='ocrx_word' id='word_1_497' title='bbox 2866 3309 3012 3367; x_wconf 82' lang='lat' dir='ltr'><strong>Etsi</strong></span> <span class='ocrx_word' id='word_1_498' title='bbox 3041 3313 3327 3384; x_wconf 64' lang='lat' dir='ltr'><strong>quaesieris</strong></span> <span class='ocrx_word' id='word_1_499' title='bbox 3355 3330 3506 3385; x_wconf 83' lang='lat' dir='ltr'><strong>eum,</strong></span> <span class='ocrx_word' id='word_1_500' title='bbox 3525 3319 3610 3374; x_wconf 80' lang='lat' dir='ltr'><strong>in-</strong></span> 
     </span>
    </p>
   </div>
   <div class='ocr_carea' id='block_1_68' title="bbox 198 3396 1802 3479">
    <p class='ocr_par' dir='ltr' id='par_1_68' title="bbox 198 3396 1802 3477">
     <span class='ocr_line' id='line_1_68' title="bbox 198 3396 1802 3477; baseline -0.005 -18"><span class='ocrx_word' id='word_1_501' title='bbox 198 3405 370 3466; x_wconf 70' lang='grc' dir='ltr'>πὲσας</span> <span class='ocrx_word' id='word_1_502' title='bbox 449 3402 631 3471; x_wconf 74' lang='grc' dir='ltr'>ἐτάζει</span> <span class='ocrx_word' id='word_1_503' title='bbox 705 3401 903 3477; x_wconf 79' lang='grc' dir='ltr'>Κύριος</span> <span class='ocrx_word' id='word_1_504' title='bbox 977 3400 1063 3455; x_wconf 84' lang='grc' dir='ltr'>καὶ</span> <span class='ocrx_word' id='word_1_505' title='bbox 1140 3402 1245 3454; x_wconf 78' lang='grc' dir='ltr'><strong>πᾶν</strong></span> <span class='ocrx_word' id='word_1_506' title='bbox 1320 3396 1612 3472; x_wconf 80' lang='grc' dir='ltr'>ἐνθύμημα</span> <span class='ocrx_word' id='word_1_507' title='bbox 1692 3418 1802 3471; x_wconf 72' lang='grc' dir='ltr'>γινυ</span> 
     </span>
    </p>
   </div>
   <div class='ocr_carea' id='block_1_69' title="bbox 2009 3396 3613 3479">
    <p class='ocr_par' dir='ltr' id='par_1_69' title="bbox 2009 3398 3613 3479">
     <span class='ocr_line' id='line_1_69' title="bbox 2009 3398 3613 3479; baseline 0.005 -22"><span class='ocrx_word' id='word_1_508' title='bbox 2009 3399 2209 3457; x_wconf 73' lang='grc' dir='ltr'><strong>εηίθιιιν</strong></span> <span class='ocrx_word' id='word_1_509' title='bbox 2242 3398 2365 3468; x_wconf 83' lang='lat' dir='ltr'><strong>tibi,</strong></span> <span class='ocrx_word' id='word_1_510' title='bbox 2395 3402 2450 3455; x_wconf 81' lang='lat' dir='ltr'><strong>et</strong></span> <span class='ocrx_word' id='word_1_511' title='bbox 2476 3400 2528 3455; x_wconf 89' lang='lat' dir='ltr'><strong>si</strong></span> <span class='ocrx_word' id='word_1_512' title='bbox 2553 3400 2914 3471; x_wconf 85' lang='lat' dir='ltr'><strong>dereliqueris</strong></span> <span class='ocrx_word' id='word_1_513' title='bbox 2951 3416 3099 3471; x_wconf 87' lang='lat' dir='ltr'><strong>eum,</strong></span> <span class='ocrx_word' id='word_1_514' title='bbox 3150 3402 3505 3479; x_wconf 79' lang='lat' dir='ltr'><strong>derelinquet</strong></span> <span class='ocrx_word' id='word_1_515' title='bbox 3559 3412 3613 3465; x_wconf 83' lang='lat' dir='ltr'><strong>te</strong></span> 
     </span>
    </p>
   </div>
   <div class='ocr_carea' id='block_1_70' title="bbox 201 3484 1805 3564">
    <p class='ocr_par' dir='ltr' id='par_1_70' title="bbox 201 3484 1805 3563">
     <span class='ocr_line' id='line_1_70' title="bbox 201 3484 1805 3563; baseline -0.006 -14"><span class='ocrx_word' id='word_1_516' title='bbox 201 3514 337 3552; x_wconf 77' lang='grc' dir='ltr'>σκει.</span> <span class='ocrx_word' id='word_1_517' title='bbox 402 3490 503 3547; x_wconf 79' lang='grc' dir='ltr'><strong>Καὶ</strong></span> <span class='ocrx_word' id='word_1_518' title='bbox 582 3490 671 3545; x_wconf 69' lang='grc' dir='ltr'><strong>ἐὰν</strong></span> <span class='ocrx_word' id='word_1_519' title='bbox 748 3491 993 3563; x_wconf 79' lang='grc' dir='ltr'>ζητήσῃς</span> <span class='ocrx_word' id='word_1_520' title='bbox 1066 3486 1250 3558; x_wconf 82' lang='grc' dir='ltr'>αὐτὸν,</span> <span class='ocrx_word' id='word_1_521' title='bbox 1328 3484 1668 3561; x_wconf 79' lang='grc' dir='ltr'>εὐρεθήσεταί</span> <span class='ocrx_word' id='word_1_522' title='bbox 1748 3506 1805 3540; x_wconf 86' lang='grc' dir='ltr'><strong>σο</strong></span> 
     </span>
    </p>
   </div>
   <div class='ocr_carea' id='block_1_71' title="bbox 2006 3484 3610 3564">
    <p class='ocr_par' dir='ltr' id='par_1_71' title="bbox 2006 3486 3610 3564">
     <span class='ocr_line' id='line_1_71' title="bbox 2006 3486 3610 3564; baseline 0.004 -20"><span class='ocrx_word' id='word_1_523' title='bbox 2006 3489 2242 3560; x_wconf 76' lang='lat' dir='ltr'><strong>zﬁnem.</strong></span> <span class='ocrx_word' id='word_1_524' title='bbox 2282 3487 2352 3543; x_wconf 87' lang='lat' dir='ltr'><strong>Et</strong></span> <span class='ocrx_word' id='word_1_525' title='bbox 2397 3486 2558 3543; x_wconf 91' lang='lat' dir='ltr'><strong>dedit</strong></span> <span class='ocrx_word' id='word_1_526' title='bbox 2604 3486 2689 3542; x_wconf 86' lang='lat' dir='ltr'><strong>illi</strong></span> <span class='ocrx_word' id='word_1_527' title='bbox 2737 3487 3034 3560; x_wconf 85' lang='lat' dir='ltr'><strong>exemplar</strong></span> <span class='ocrx_word' id='word_1_528' title='bbox 3076 3490 3280 3562; x_wconf 90' lang='lat' dir='ltr'><strong>templi</strong></span> <span class='ocrx_word' id='word_1_529' title='bbox 3330 3494 3610 3564; x_wconf 89' lang='lat' dir='ltr'><strong>universi,</strong></span> 
     </span>
    </p>
   </div>
   <div class='ocr_carea' id='block_1_72' title="bbox 200 3574 1804 3655">
    <p class='ocr_par' dir='ltr' id='par_1_72' title="bbox 200 3575 1804 3655">
     <span class='ocr_line' id='line_1_72' title="bbox 270 3575 1486 3605; baseline -0.006 -3"><span class='ocrx_word' id='word_1_530' title='bbox 270 3585 286 3605; x_wconf 53' lang='grc' dir='ltr'>ἢ</span> <span class='ocrx_word' id='word_1_531' title='bbox 408 3584 423 3601; x_wconf 53' lang='grc' dir='ltr'>ἢ</span> <span class='ocrx_word' id='word_1_532' title='bbox 751 3578 765 3599; x_wconf 83' lang='grc' dir='ltr'><strong><em>Ι</em></strong></span> <span class='ocrx_word' id='word_1_533' title='bbox 1021 3576 1035 3599; x_wconf 68' lang='grc'><strong><em>7</em></strong></span> <span class='ocrx_word' id='word_1_534' title='bbox 1084 3578 1099 3596; x_wconf 83' lang='lat'><strong><em>\</em></strong></span> <span class='ocrx_word' id='word_1_535' title='bbox 1474 3575 1486 3595; x_wconf 81' lang='grc' dir='ltr'><strong><em>Ι</em></strong></span> 
     </span>
     <span class='ocr_line' id='line_1_73' title="bbox 200 3579 1804 3655; baseline -0.005 -17"><span class='ocrx_word' id='word_1_536' title='bbox 200 3604 289 3638; x_wconf 79' lang='grc' dir='ltr'><strong>και</strong></span> <span class='ocrx_word' id='word_1_537' title='bbox 368 3582 464 3637; x_wconf 84' lang='grc' dir='ltr'><strong>έαν</strong></span> <span class='ocrx_word' id='word_1_538' title='bbox 536 3579 877 3655; x_wconf 79' lang='grc' dir='ltr'>καταλειψῃς</span> <span class='ocrx_word' id='word_1_539' title='bbox 977 3598 1161 3649; x_wconf 90' lang='grc' dir='ltr'>αυτον,</span> <span class='ocrx_word' id='word_1_540' title='bbox 1263 3579 1577 3650; x_wconf 73' lang='grc' dir='ltr'>καταλειψει</span> <span class='ocrx_word' id='word_1_541' title='bbox 1654 3596 1710 3631; x_wconf 91' lang='grc' dir='ltr'>σε</span> <span class='ocrx_word' id='word_1_542' title='bbox 1785 3596 1804 3630; x_wconf 89' lang='grc' dir='ltr'>ε</span> 
     </span>
    </p>
   </div>
   <div class='ocr_carea' id='block_1_73' title="bbox 2012 3574 3616 3655">
    <p class='ocr_par' dir='ltr' id='par_1_73' title="bbox 2012 3577 3616 3652">
     <span class='ocr_line' id='line_1_74' title="bbox 2012 3577 3616 3652; baseline 0.004 -18"><span class='ocrx_word' id='word_1_543' title='bbox 2012 3578 2207 3634; x_wconf 88' lang='lat' dir='ltr'><strong>icens:</strong></span> <span class='ocrx_word' id='word_1_544' title='bbox 2244 3577 2572 3648; x_wconf 76' lang='lat' dir='ltr'><strong>Conforlare</strong></span> <span class='ocrx_word' id='word_1_545' title='bbox 2598 3580 2650 3632; x_wconf 91' lang='lat' dir='ltr'><strong>et</strong></span> <span class='ocrx_word' id='word_1_546' title='bbox 2678 3577 2920 3633; x_wconf 76' lang='lat' dir='ltr'><strong>viriliter</strong></span> <span class='ocrx_word' id='word_1_547' title='bbox 2947 3595 3070 3650; x_wconf 85' lang='lat' dir='ltr'><strong>age,</strong></span> <span class='ocrx_word' id='word_1_548' title='bbox 3117 3583 3381 3652; x_wconf 82' lang='lat' dir='ltr'><strong>quoniam</strong></span> <span class='ocrx_word' id='word_1_549' title='bbox 3425 3584 3616 3641; x_wconf 84' lang='lat' dir='ltr'><strong>Domi-</strong></span> 
     </span>
    </p>
   </div>
   <div class='ocr_carea' id='block_1_74' title="bbox 206 3663 1810 3742">
    <p class='ocr_par' dir='ltr' id='par_1_74' title="bbox 206 3663 1810 3742">
     <span class='ocr_line' id='line_1_75' title="bbox 206 3663 1810 3742; baseline -0.006 -15"><span class='ocrx_word' id='word_1_550' title='bbox 206 3671 385 3734; x_wconf 83' lang='grc' dir='ltr'>τέλος.</span> <span class='ocrx_word' id='word_1_551' title='bbox 446 3672 550 3726; x_wconf 81' lang='grc' dir='ltr'>Καὶ</span> <span class='ocrx_word' id='word_1_552' title='bbox 590 3668 786 3725; x_wconf 82' lang='grc' dir='ltr'>ἔδωκεν</span> <span class='ocrx_word' id='word_1_553' title='bbox 847 3667 994 3740; x_wconf 77' lang='grc' dir='ltr'>αὐτῷ</span> <span class='ocrx_word' id='word_1_554' title='bbox 1047 3667 1110 3722; x_wconf 88' lang='grc' dir='ltr'>τὸ</span> <span class='ocrx_word' id='word_1_555' title='bbox 1167 3663 1515 3742; x_wconf 82' lang='grc' dir='ltr'>παράδειγμα</span> <span class='ocrx_word' id='word_1_556' title='bbox 1570 3669 1668 3721; x_wconf 77' lang='grc' dir='ltr'>τοῦ</span> <span class='ocrx_word' id='word_1_557' title='bbox 1732 3685 1810 3720; x_wconf 84' lang='grc' dir='ltr'><strong>ναι</strong></span> 
     </span>
    </p>
   </div>
   <div class='ocr_carea' id='block_1_75' title="bbox 2009 3663 3613 3742">
    <p class='ocr_par' dir='ltr' id='par_1_75' title="bbox 2009 3665 3613 3740">
     <span class='ocr_line' id='line_1_76' title="bbox 2009 3665 3613 3740; baseline 0.004 -17"><span class='ocrx_word' id='word_1_558' title='bbox 2009 3684 2072 3723; x_wconf 85' lang='lat' dir='ltr'><strong>us</strong></span> <span class='ocrx_word' id='word_1_559' title='bbox 2102 3668 2242 3724; x_wconf 86' lang='lat' dir='ltr'><strong>Deus</strong></span> <span class='ocrx_word' id='word_1_560' title='bbox 2270 3682 2417 3723; x_wconf 86' lang='lat' dir='ltr'><strong>meus</strong></span> <span class='ocrx_word' id='word_1_561' title='bbox 2446 3669 2645 3724; x_wconf 82' lang='lat' dir='ltr'><strong>tecum.</strong></span> <span class='ocrx_word' id='word_1_562' title='bbox 2677 3669 2813 3723; x_wconf 88' lang='lat' dir='ltr'><strong>Post</strong></span> <span class='ocrx_word' id='word_1_563' title='bbox 2841 3665 2962 3723; x_wconf 61' lang='lat' dir='ltr'><strong>haec</strong></span> <span class='ocrx_word' id='word_1_564' title='bbox 2992 3683 3228 3725; x_wconf 90' lang='lat' dir='ltr'><strong>summa</strong></span> <span class='ocrx_word' id='word_1_565' title='bbox 3270 3670 3394 3740; x_wconf 85' lang='lat' dir='ltr'><strong>jam</strong></span> <span class='ocrx_word' id='word_1_566' title='bbox 3447 3688 3613 3730; x_wconf 90' lang='lat' dir='ltr'><strong>seue-</strong></span> 
     </span>
    </p>
   </div>
   <div class='ocr_carea' id='block_1_76' title="bbox 212 3752 1816 3838">
    <p class='ocr_par' dir='ltr' id='par_1_76' title="bbox 212 3752 1816 3838">
     <span class='ocr_line' id='line_1_77' title="bbox 212 3752 1816 3838; baseline -0.007 -22"><span class='ocrx_word' id='word_1_567' title='bbox 212 3763 413 3823; x_wconf 75' lang='grc' dir='ltr'>παντὸς</span> <span class='ocrx_word' id='word_1_568' title='bbox 489 3760 542 3815; x_wconf 78' lang='grc' dir='ltr'><strong>έν</strong></span> <span class='ocrx_word' id='word_1_569' title='bbox 621 3764 827 3838; x_wconf 80' lang='grc' dir='ltr'>γραφῇ,</span> <span class='ocrx_word' id='word_1_570' title='bbox 889 3755 1087 3833; x_wconf 75' lang='grc' dir='ltr'>λέγων’</span> <span class='ocrx_word' id='word_1_571' title='bbox 1164 3759 1352 3830; x_wconf 87' lang='grc' dir='ltr'>Ἴσχυε</span> <span class='ocrx_word' id='word_1_572' title='bbox 1422 3754 1513 3810; x_wconf 80' lang='grc' dir='ltr'><strong>καὶ</strong></span> <span class='ocrx_word' id='word_1_573' title='bbox 1589 3752 1816 3829; x_wconf 65' lang='grc' dir='ltr'>ἀνδρίζοι</span> 
     </span>
    </p>
   </div>
   <div class='ocr_carea' id='block_1_77' title="bbox 2006 3752 3610 3838">
    <p class='ocr_par' dir='ltr' id='par_1_77' title="bbox 2006 3753 3610 3830">
     <span class='ocr_line' id='line_1_78' title="bbox 2006 3753 3610 3830; baseline 0.004 -17"><span class='ocrx_word' id='word_1_574' title='bbox 2006 3760 2147 3825; x_wconf 90' lang='lat' dir='ltr'><strong>tute,</strong></span> <span class='ocrx_word' id='word_1_575' title='bbox 2183 3755 2423 3826; x_wconf 90' lang='lat' dir='ltr'><strong>divitiis,</strong></span> <span class='ocrx_word' id='word_1_576' title='bbox 2456 3754 2660 3827; x_wconf 81' lang='lat' dir='ltr'><strong>gloria,</strong></span> <span class='ocrx_word' id='word_1_577' title='bbox 2693 3758 2752 3810; x_wconf 89' lang='lat' dir='ltr'><strong>et</strong></span> <span class='ocrx_word' id='word_1_578' title='bbox 2782 3753 2998 3826; x_wconf 89' lang='lat' dir='ltr'><strong>pietate</strong></span> <span class='ocrx_word' id='word_1_579' title='bbox 3027 3756 3297 3830; x_wconf 90' lang='lat' dir='ltr'><strong>celebris,</strong></span> <span class='ocrx_word' id='word_1_580' title='bbox 3325 3775 3610 3826; x_wconf 85' lang='lat' dir='ltr'><strong>annorum</strong></span> 
     </span>
    </p>
   </div>
   <div class='ocr_carea' id='block_1_78' title="bbox 210 3842 1814 3923">
    <p class='ocr_par' dir='ltr' id='par_1_78' title="bbox 210 3842 1814 3923">
     <span class='ocr_line' id='line_1_79' title="bbox 210 3842 1814 3923; baseline -0.004 -20"><span class='ocrx_word' id='word_1_581' title='bbox 210 3848 292 3903; x_wconf 75' lang='grc' dir='ltr'>ὅτι</span> <span class='ocrx_word' id='word_1_582' title='bbox 350 3848 562 3923; x_wconf 82' lang='grc' dir='ltr'>Κύριος</span> <span class='ocrx_word' id='word_1_583' title='bbox 592 3848 620 3902; x_wconf 92' lang='lat'><strong>6</strong></span> <span class='ocrx_word' id='word_1_584' title='bbox 650 3847 781 3909; x_wconf 85' lang='grc' dir='ltr'>Θεός</span> <span class='ocrx_word' id='word_1_585' title='bbox 831 3867 940 3920; x_wconf 86' lang='grc' dir='ltr'><strong>μου</strong></span> <span class='ocrx_word' id='word_1_586' title='bbox 1007 3844 1140 3918; x_wconf 85' lang='grc' dir='ltr'><strong>μετᾶ</strong></span> <span class='ocrx_word' id='word_1_587' title='bbox 1179 3848 1299 3902; x_wconf 75' lang='grc' dir='ltr'><strong>σοῦ.</strong></span> <span class='ocrx_word' id='word_1_588' title='bbox 1351 3842 1451 3899; x_wconf 83' lang='grc' dir='ltr'><strong>Καὶ</strong></span> <span class='ocrx_word' id='word_1_589' title='bbox 1513 3842 1645 3917; x_wconf 74' lang='grc' dir='ltr'>μετὰ</span> <span class='ocrx_word' id='word_1_590' title='bbox 1696 3846 1814 3898; x_wconf 67' lang='grc' dir='ltr'><strong>ταῦίι</strong></span> 
     </span>
    </p>
   </div>
   <div class='ocr_carea' id='block_1_79' title="bbox 2015 3842 3619 3923">
    <p class='ocr_par' dir='ltr' id='par_1_79' title="bbox 2015 3842 3619 3923">
     <span class='ocr_line' id='line_1_80' title="bbox 2015 3842 3619 3923; baseline 0.004 -21"><span class='ocrx_word' id='word_1_591' title='bbox 2015 3844 2388 3917; x_wconf 74' lang='lat' dir='ltr'><strong>septuaginta</strong></span> <span class='ocrx_word' id='word_1_592' title='bbox 2417 3859 2448 3899; x_wconf 92' lang='lat' dir='ltr'><strong>e</strong></span> <span class='ocrx_word' id='word_1_593' title='bbox 2479 3842 2630 3900; x_wconf 91' lang='lat' dir='ltr'><strong>vivis</strong></span> <span class='ocrx_word' id='word_1_594' title='bbox 2659 3843 2924 3903; x_wconf 85' lang='lat' dir='ltr'><strong>excessit.</strong></span> <span class='ocrx_word' id='word_1_595' title='bbox 2957 3845 3095 3901; x_wconf 87' lang='lat' dir='ltr'><strong>Erat</strong></span> <span class='ocrx_word' id='word_1_596' title='bbox 3132 3850 3329 3904; x_wconf 86' lang='lat' dir='ltr'><strong>autem</strong></span> <span class='ocrx_word' id='word_1_597' title='bbox 3377 3849 3619 3923; x_wconf 85' lang='lat' dir='ltr'><strong>triginta</strong></span> 
     </span>
    </p>
   </div>
   <div class='ocr_carea' id='block_1_80' title="bbox 214 3929 1818 4011">
    <p class='ocr_par' dir='ltr' id='par_1_80' title="bbox 214 3929 1818 4011">
     <span class='ocr_line' id='line_1_81' title="bbox 214 3929 1818 4011; baseline -0.005 -18"><span class='ocrx_word' id='word_1_598' title='bbox 214 3937 562 4008; x_wconf 74' lang='grc' dir='ltr'>ἐτελεύτησεν</span> <span class='ocrx_word' id='word_1_599' title='bbox 606 3934 658 3991; x_wconf 80' lang='grc' dir='ltr'>ἐν</span> <span class='ocrx_word' id='word_1_600' title='bbox 709 3938 857 4011; x_wconf 81' lang='grc' dir='ltr'>γήρα</span> <span class='ocrx_word' id='word_1_601' title='bbox 903 3933 1060 4007; x_wconf 86' lang='grc' dir='ltr'>καλῷ</span> <span class='ocrx_word' id='word_1_602' title='bbox 1116 3932 1343 4007; x_wconf 73' lang='grc' dir='ltr'>πλούτῳ</span> <span class='ocrx_word' id='word_1_603' title='bbox 1382 3953 1441 3987; x_wconf 89' lang='grc' dir='ltr'><strong>τε</strong></span> <span class='ocrx_word' id='word_1_604' title='bbox 1482 3933 1571 3988; x_wconf 82' lang='grc' dir='ltr'><strong>καὶ</strong></span> <span class='ocrx_word' id='word_1_605' title='bbox 1613 3929 1741 4007; x_wconf 76' lang='grc' dir='ltr'><strong>δόξῃ</strong></span> <span class='ocrx_word' id='word_1_606' title='bbox 1773 3952 1818 3986; x_wconf 85' lang='grc' dir='ltr'><strong>κι</strong></span> 
     </span>
    </p>
   </div>
   <div class='ocr_carea' id='block_1_81' title="bbox 2013 3929 3617 4011">
    <p class='ocr_par' dir='ltr' id='par_1_81' title="bbox 2013 3931 3617 4009">
     <span class='ocr_line' id='line_1_82' title="bbox 2013 3931 3617 4009; baseline 0.004 -18"><span class='ocrx_word' id='word_1_607' title='bbox 2013 3949 2260 3991; x_wconf 89' lang='lat' dir='ltr'><strong>nncrum</strong></span> <span class='ocrx_word' id='word_1_608' title='bbox 2292 3947 2428 3988; x_wconf 92' lang='lat' dir='ltr'><strong>cum</strong></span> <span class='ocrx_word' id='word_1_609' title='bbox 2460 3932 2586 4004; x_wconf 91' lang='lat' dir='ltr'><strong>ipse</strong></span> <span class='ocrx_word' id='word_1_610' title='bbox 2616 3931 2901 4004; x_wconf 88' lang='lat' dir='ltr'><strong>regnavit,</strong></span> <span class='ocrx_word' id='word_1_611' title='bbox 2926 3936 2983 3989; x_wconf 88' lang='lat' dir='ltr'><strong>et</strong></span> <span class='ocrx_word' id='word_1_612' title='bbox 3013 3933 3402 4009; x_wconf 87' lang='lat' dir='ltr'><strong>quadraginta</strong></span> <span class='ocrx_word' id='word_1_613' title='bbox 3431 3955 3617 3999; x_wconf 87' lang='lat' dir='ltr'><strong>annos</strong></span> 
     </span>
    </p>
   </div>
   <div class='ocr_carea' id='block_1_82' title="bbox 215 4017 1819 4102">
    <p class='ocr_par' dir='ltr' id='par_1_82' title="bbox 215 4017 1816 4097">
     <span class='ocr_line' id='line_1_83' title="bbox 215 4017 1816 4097; baseline -0.004 -16"><span class='ocrx_word' id='word_1_614' title='bbox 215 4022 461 4097; x_wconf 68' lang='grc' dir='ltr'>εὐσεϐείᾳ</span> <span class='ocrx_word' id='word_1_615' title='bbox 519 4024 653 4080; x_wconf 71' lang='grc' dir='ltr'>ἐτῶν</span> <span class='ocrx_word' id='word_1_616' title='bbox 709 4026 772 4082; x_wconf 70' lang='grc' dir='ltr'><strong>θ’.</strong></span> <span class='ocrx_word' id='word_1_617' title='bbox 822 4025 924 4081; x_wconf 86' lang='grc' dir='ltr'><strong>Ἦν</strong></span> <span class='ocrx_word' id='word_1_618' title='bbox 968 4020 1024 4078; x_wconf 78' lang='grc' dir='ltr'>δὲ</span> <span class='ocrx_word' id='word_1_619' title='bbox 1059 4020 1193 4078; x_wconf 78' lang='grc' dir='ltr'>ἐτῶν</span> <span class='ocrx_word' id='word_1_620' title='bbox 1226 4020 1282 4078; x_wconf 87' lang='grc' dir='ltr'>λ’</span> <span class='ocrx_word' id='word_1_621' title='bbox 1313 4017 1480 4077; x_wconf 78' lang='grc' dir='ltr'>Δαϐὶδ</span> <span class='ocrx_word' id='word_1_622' title='bbox 1519 4021 1571 4076; x_wconf 83' lang='grc' dir='ltr'>έν</span> <span class='ocrx_word' id='word_1_623' title='bbox 1599 4025 1678 4093; x_wconf 78' lang='grc' dir='ltr'>τῷ</span> <span class='ocrx_word' id='word_1_624' title='bbox 1714 4021 1816 4095; x_wconf 84' lang='grc' dir='ltr'><strong>βασ</strong></span> 
     </span>
    </p>
   </div>
   <div class='ocr_carea' id='block_1_83' title="bbox 2014 4017 3618 4102">
    <p class='ocr_par' dir='ltr' id='par_1_83' title="bbox 2014 4021 3618 4102">
     <span class='ocr_line' id='line_1_84' title="bbox 2014 4021 3618 4102; baseline 0.006 -21"><span class='ocrx_word' id='word_1_625' title='bbox 2014 4022 2251 4097; x_wconf 81' lang='lat' dir='ltr'><strong>sgnavit.</strong></span> <span class='ocrx_word' id='word_1_626' title='bbox 2279 4021 2385 4078; x_wconf 86' lang='lat' dir='ltr'><strong>Hic</strong></span> <span class='ocrx_word' id='word_1_627' title='bbox 2412 4022 2574 4095; x_wconf 88' lang='lat' dir='ltr'><strong>regia</strong></span> <span class='ocrx_word' id='word_1_628' title='bbox 2603 4022 2878 4080; x_wconf 89' lang='lat' dir='ltr'><strong>unctione</strong></span> <span class='ocrx_word' id='word_1_629' title='bbox 2907 4041 2942 4080; x_wconf 93' lang='lat' dir='ltr'><strong>a</strong></span> <span class='ocrx_word' id='word_1_630' title='bbox 2987 4025 3255 4085; x_wconf 90' lang='lat' dir='ltr'><strong>Samuele</strong></span> <span class='ocrx_word' id='word_1_631' title='bbox 3303 4028 3618 4102; x_wconf 79' lang='lat' dir='ltr'><strong>dignatus:</strong></span> 
     </span>
    </p>
   </div>
   <div class='ocr_carea' id='block_1_84' title="bbox 221 4107 1825 4186">
    <p class='ocr_par' dir='ltr' id='par_1_84' title="bbox 221 4107 1825 4185">
     <span class='ocr_line' id='line_1_85' title="bbox 221 4107 1825 4185; baseline -0.004 -15"><span class='ocrx_word' id='word_1_632' title='bbox 221 4114 393 4171; x_wconf 84' lang='grc' dir='ltr'>λεύειν</span> <span class='ocrx_word' id='word_1_633' title='bbox 437 4115 624 4184; x_wconf 74' lang='grc' dir='ltr'>αὐτὸν,</span> <span class='ocrx_word' id='word_1_634' title='bbox 659 4110 976 4171; x_wconf 73' lang='grc' dir='ltr'>ἐϐασίλευσε</span> <span class='ocrx_word' id='word_1_635' title='bbox 1027 4109 1085 4167; x_wconf 68' lang='grc' dir='ltr'>δὲ</span> <span class='ocrx_word' id='word_1_636' title='bbox 1139 4113 1226 4168; x_wconf 84' lang='grc' dir='ltr'><strong>καὶ</strong></span> <span class='ocrx_word' id='word_1_637' title='bbox 1274 4107 1366 4182; x_wconf 83' lang='grc' dir='ltr'>ἔτη</span> <span class='ocrx_word' id='word_1_638' title='bbox 1432 4113 1505 4185; x_wconf 74' lang='grc' dir='ltr'><strong>μ’.</strong></span> <span class='ocrx_word' id='word_1_639' title='bbox 1562 4110 1737 4168; x_wconf 78' lang='grc' dir='ltr'>Ἀλλὰ</span> <span class='ocrx_word' id='word_1_640' title='bbox 1765 4117 1825 4179; x_wconf 72' lang='grc' dir='ltr'>τῆ</span> 
     </span>
    </p>
   </div>
   <div class='ocr_carea' id='block_1_85' title="bbox 2014 4107 3618 4186">
    <p class='ocr_par' dir='ltr' id='par_1_85' title="bbox 2014 4110 3618 4186">
     <span class='ocr_line' id='line_1_86' title="bbox 2014 4110 3618 4186; baseline 0.006 -16"><span class='ocrx_word' id='word_1_641' title='bbox 2014 4115 2073 4170; x_wconf 83' lang='lat' dir='ltr'><strong>sd</strong></span> <span class='ocrx_word' id='word_1_642' title='bbox 2122 4111 2436 4186; x_wconf 90' lang='lat' dir='ltr'><strong>populares</strong></span> <span class='ocrx_word' id='word_1_643' title='bbox 2493 4110 2732 4184; x_wconf 84' lang='lat' dir='ltr'><strong>plausus</strong></span> <span class='ocrx_word' id='word_1_644' title='bbox 2769 4110 3016 4171; x_wconf 88' lang='lat' dir='ltr'><strong>historia</strong></span> <span class='ocrx_word' id='word_1_645' title='bbox 3060 4114 3462 4177; x_wconf 72' lang='lat' dir='ltr'><strong>indifferenter</strong></span> <span class='ocrx_word' id='word_1_646' title='bbox 3506 4136 3618 4179; x_wconf 90' lang='lat' dir='ltr'><strong>un-</strong></span> 
     </span>
    </p>
   </div>
   <div class='ocr_carea' id='block_1_86' title="bbox 224 4199 1828 4280">
    <p class='ocr_par' dir='ltr' id='par_1_86' title="bbox 224 4199 1828 4280">
     <span class='ocr_line' id='line_1_87' title="bbox 224 4199 1828 4280; baseline -0.002 -21"><span class='ocrx_word' id='word_1_647' title='bbox 224 4207 314 4277; x_wconf 74' lang='grc' dir='ltr'><strong>μὲν</strong></span> <span class='ocrx_word' id='word_1_648' title='bbox 350 4204 647 4280; x_wconf 82' lang='grc' dir='ltr'>βασιλικῆς</span> <span class='ocrx_word' id='word_1_649' title='bbox 678 4202 917 4279; x_wconf 82' lang='grc' dir='ltr'>χρίσεως</span> <span class='ocrx_word' id='word_1_650' title='bbox 962 4199 1052 4257; x_wconf 81' lang='grc' dir='ltr'>διὰ</span> <span class='ocrx_word' id='word_1_651' title='bbox 1098 4200 1365 4275; x_wconf 75' lang='grc' dir='ltr'>Σαμουὴλ</span> <span class='ocrx_word' id='word_1_652' title='bbox 1397 4201 1607 4272; x_wconf 77' lang='grc' dir='ltr'>ἠξιώθη</span> <span class='ocrx_word' id='word_1_653' title='bbox 1639 4200 1702 4256; x_wconf 85' lang='grc' dir='ltr'>τὸ</span> <span class='ocrx_word' id='word_1_654' title='bbox 1731 4201 1828 4276; x_wconf 69' lang='grc' dir='ltr'>πρέ</span> 
     </span>
    </p>
   </div>
   <div class='ocr_carea' id='block_1_87' title="bbox 2014 4199 3618 4280">
    <p class='ocr_par' dir='ltr' id='par_1_87' title="bbox 2014 4199 3618 4275">
     <span class='ocr_line' id='line_1_88' title="bbox 2014 4199 3618 4275; baseline 0.005 -15"><span class='ocrx_word' id='word_1_655' title='bbox 2014 4203 2198 4260; x_wconf 87' lang='lat' dir='ltr'><strong>tiones</strong></span> <span class='ocrx_word' id='word_1_656' title='bbox 2209 4201 2453 4259; x_wconf 89' lang='lat' dir='ltr'><strong>vocavit.</strong></span> <span class='ocrx_word' id='word_1_657' title='bbox 2468 4199 2802 4259; x_wconf 81' lang='lat' dir='ltr'><strong>Exstinctus</strong></span> <span class='ocrx_word' id='word_1_658' title='bbox 2817 4218 2955 4275; x_wconf 90' lang='lat' dir='ltr'><strong>ergo</strong></span> <span class='ocrx_word' id='word_1_659' title='bbox 2972 4202 3031 4259; x_wconf 90' lang='lat' dir='ltr'><strong>in</strong></span> <span class='ocrx_word' id='word_1_660' title='bbox 3050 4204 3193 4261; x_wconf 90' lang='lat' dir='ltr'><strong>urbe</strong></span> <span class='ocrx_word' id='word_1_661' title='bbox 3206 4205 3533 4267; x_wconf 85' lang='lat' dir='ltr'><strong>Jerusalem</strong></span> <span class='ocrx_word' id='word_1_662' title='bbox 3555 4212 3618 4268; x_wconf 92' lang='lat' dir='ltr'><strong>in</strong></span> 
     </span>
    </p>
   </div>
   <div class='ocr_carea' id='block_1_88' title="bbox 224 4288 1828 4370">
    <p class='ocr_par' dir='ltr' id='par_1_88' title="bbox 224 4288 1828 4370">
     <span class='ocr_line' id='line_1_89' title="bbox 224 4288 1828 4370; baseline -0.003 -22"><span class='ocrx_word' id='word_1_663' title='bbox 224 4313 388 4369; x_wconf 70' lang='grc' dir='ltr'>τερον*</span> <span class='ocrx_word' id='word_1_664' title='bbox 455 4293 554 4356; x_wconf 79' lang='grc' dir='ltr'>τὰς</span> <span class='ocrx_word' id='word_1_665' title='bbox 612 4293 716 4370; x_wconf 77' lang='grc' dir='ltr'>γὰρ</span> <span class='ocrx_word' id='word_1_666' title='bbox 773 4295 868 4346; x_wconf 75' lang='grc' dir='ltr'>τοῦ</span> <span class='ocrx_word' id='word_1_667' title='bbox 928 4288 1065 4345; x_wconf 76' lang='grc' dir='ltr'>λαοῦ</span> <span class='ocrx_word' id='word_1_668' title='bbox 1121 4289 1499 4367; x_wconf 85' lang='grc' dir='ltr'>ἀναγορεύσεις</span> <span class='ocrx_word' id='word_1_669' title='bbox 1556 4292 1591 4360; x_wconf 82' lang='grc' dir='ltr'><strong>ἡ</strong></span> <span class='ocrx_word' id='word_1_670' title='bbox 1657 4288 1828 4361; x_wconf 79' lang='grc' dir='ltr'>ἱστορί</span> 
     </span>
    </p>
   </div>
   <div class='ocr_carea' id='block_1_89' title="bbox 2018 4288 3622 4370">
    <p class='ocr_par' dir='ltr' id='par_1_89' title="bbox 2018 4291 3622 4363">
     <span class='ocr_line' id='line_1_90' title="bbox 2018 4291 3622 4363; baseline 0.006 -16"><span class='ocrx_word' id='word_1_671' title='bbox 2018 4291 2228 4348; x_wconf 77' lang='lat' dir='ltr'><strong>iaximo</strong></span> <span class='ocrx_word' id='word_1_672' title='bbox 2252 4293 2653 4359; x_wconf 87' lang='lat' dir='ltr'><strong>monumento,</strong></span> <span class='ocrx_word' id='word_1_673' title='bbox 2669 4291 2820 4361; x_wconf 92' lang='lat' dir='ltr'><strong>quod</strong></span> <span class='ocrx_word' id='word_1_674' title='bbox 2843 4291 3320 4363; x_wconf 88' lang='lat' dir='ltr'><strong>sapientissimus</strong></span> <span class='ocrx_word' id='word_1_675' title='bbox 3342 4296 3500 4356; x_wconf 83' lang='lat' dir='ltr'><strong>ﬁlius</strong></span> <span class='ocrx_word' id='word_1_676' title='bbox 3520 4300 3622 4358; x_wconf 87' lang='lat' dir='ltr'><strong>Sa-</strong></span> 
     </span>
    </p>
   </div>
   <div class='ocr_carea' id='block_1_90' title="bbox 226 4379 1830 4459">
    <p class='ocr_par' dir='ltr' id='par_1_90' title="bbox 226 4379 1830 4459">
     <span class='ocr_line' id='line_1_91' title="bbox 226 4379 1830 4459; baseline 0 -24"><span class='ocrx_word' id='word_1_677' title='bbox 226 4384 436 4457; x_wconf 75' lang='grc' dir='ltr'>χρίσεις</span> <span class='ocrx_word' id='word_1_678' title='bbox 540 4379 834 4459; x_wconf 79' lang='grc' dir='ltr'>διαφόρους</span> <span class='ocrx_word' id='word_1_679' title='bbox 903 4379 1206 4453; x_wconf 85' lang='grc' dir='ltr'>ὠνόμασεν.</span> <span class='ocrx_word' id='word_1_680' title='bbox 1273 4380 1617 4451; x_wconf 83' lang='grc' dir='ltr'>Τελευτήσας</span> <span class='ocrx_word' id='word_1_681' title='bbox 1690 4379 1830 4435; x_wconf 74' lang='grc' dir='ltr'>τοίνυ</span> 
     </span>
    </p>
   </div>
   <div class='ocr_carea' id='block_1_91' title="bbox 2019 4379 3623 4459">
    <p class='ocr_par' dir='ltr' id='par_1_91' title="bbox 2019 4380 3623 4457">
     <span class='ocr_line' id='line_1_92' title="bbox 2019 4380 3623 4457; baseline 0.006 -18"><span class='ocrx_word' id='word_1_682' title='bbox 2019 4398 2176 4439; x_wconf 75' lang='grc' dir='ltr'><strong>ΠΠΟΠ</strong></span> <span class='ocrx_word' id='word_1_683' title='bbox 2210 4382 2309 4436; x_wconf 73' lang='grc'><strong>14</strong></span> <span class='ocrx_word' id='word_1_684' title='bbox 2332 4380 2808 4447; x_wconf 81' lang='lat' dir='ltr'><strong>exaediﬁcaverat,</strong></span> <span class='ocrx_word' id='word_1_685' title='bbox 2840 4382 3139 4454; x_wconf 79' lang='lat' dir='ltr'><strong>sepelitur.</strong></span> <span class='ocrx_word' id='word_1_686' title='bbox 3161 4388 3231 4441; x_wconf 90' lang='lat' dir='ltr'><strong>Et</strong></span> <span class='ocrx_word' id='word_1_687' title='bbox 3248 4385 3308 4442; x_wconf 89' lang='lat' dir='ltr'><strong>in</strong></span> <span class='ocrx_word' id='word_1_688' title='bbox 3330 4402 3418 4457; x_wconf 90' lang='lat' dir='ltr'><strong>eo,</strong></span> <span class='ocrx_word' id='word_1_689' title='bbox 3443 4392 3507 4446; x_wconf 94' lang='lat' dir='ltr'><strong>ut</strong></span> <span class='ocrx_word' id='word_1_690' title='bbox 3521 4390 3623 4448; x_wconf 88' lang='lat' dir='ltr'><strong>Jo-</strong></span> 
     </span>
    </p>
   </div>
   <div class='ocr_carea' id='block_1_92' title="bbox 227 4467 1831 4554">
    <p class='ocr_par' dir='ltr' id='par_1_92' title="bbox 227 4467 1831 4545">
     <span class='ocr_line' id='line_1_93' title="bbox 227 4467 1831 4545; baseline 0.001 -22"><span class='ocrx_word' id='word_1_691' title='bbox 227 4472 475 4526; x_wconf 74' lang='grc' dir='ltr'>θάπτεται</span> <span class='ocrx_word' id='word_1_692' title='bbox 506 4470 563 4527; x_wconf 82' lang='grc' dir='ltr'><strong>έν</strong></span> <span class='ocrx_word' id='word_1_693' title='bbox 621 4474 689 4545; x_wconf 78' lang='grc' dir='ltr'>τῇ</span> <span class='ocrx_word' id='word_1_694' title='bbox 749 4468 908 4525; x_wconf 86' lang='grc' dir='ltr'>πόλει</span> <span class='ocrx_word' id='word_1_695' title='bbox 970 4467 1337 4545; x_wconf 81' lang='grc' dir='ltr'>Ἰερουσαλὴμ</span> <span class='ocrx_word' id='word_1_696' title='bbox 1386 4468 1461 4530; x_wconf 75' lang='grc' dir='ltr'>εἷς</span> <span class='ocrx_word' id='word_1_697' title='bbox 1511 4469 1574 4525; x_wconf 85' lang='grc' dir='ltr'>τὸ</span> <span class='ocrx_word' id='word_1_698' title='bbox 1622 4468 1831 4544; x_wconf 75' lang='grc' dir='ltr'>μέγιστε</span> 
     </span>
    </p>
   </div>
   <div class='ocr_carea' id='block_1_93' title="bbox 2018 4467 3622 4554">
    <p class='ocr_par' dir='ltr' id='par_1_93' title="bbox 2018 4467 3622 4554">
     <span class='ocr_line' id='line_1_94' title="bbox 2018 4467 3622 4554; baseline 0.005 -26"><span class='ocrx_word' id='word_1_699' title='bbox 2018 4469 2199 4542; x_wconf 84' lang='lat' dir='ltr'><strong>epbus</strong></span> <span class='ocrx_word' id='word_1_700' title='bbox 2222 4471 2424 4524; x_wconf 88' lang='lat' dir='ltr'><strong>auctor</strong></span> <span class='ocrx_word' id='word_1_701' title='bbox 2454 4470 2560 4535; x_wconf 88' lang='lat' dir='ltr'><strong>est,</strong></span> <span class='ocrx_word' id='word_1_702' title='bbox 2582 4467 2796 4524; x_wconf 90' lang='lat' dir='ltr'><strong>multas</strong></span> <span class='ocrx_word' id='word_1_703' title='bbox 2812 4486 3125 4529; x_wconf 89' lang='lat' dir='ltr'><strong>aureorum</strong></span> <span class='ocrx_word' id='word_1_704' title='bbox 3136 4473 3491 4535; x_wconf 78' lang='lat' dir='ltr'><strong>talentorum</strong></span> <span class='ocrx_word' id='word_1_705' title='bbox 3504 4495 3622 4554; x_wconf 80' lang='lat' dir='ltr'><strong>my-</strong></span> 
     </span>
    </p>
   </div>
   <div class='ocr_carea' id='block_1_94' title="bbox 239 4557 1843 4652">
    <p class='ocr_par' dir='ltr' id='par_1_94' title="bbox 239 4557 1838 4635">
     <span class='ocr_line' id='line_1_95' title="bbox 239 4557 1838 4635; baseline -0.002 -20"><span class='ocrx_word' id='word_1_706' title='bbox 239 4563 435 4632; x_wconf 80' lang='grc' dir='ltr'>μνῆμα,</span> <span class='ocrx_word' id='word_1_707' title='bbox 495 4560 525 4615; x_wconf 86' lang='grc' dir='ltr'><strong>δ</strong></span> <span class='ocrx_word' id='word_1_708' title='bbox 582 4558 967 4615; x_wconf 84' lang='grc' dir='ltr'>κατεσκεύασεν</span> <span class='ocrx_word' id='word_1_709' title='bbox 1038 4560 1067 4614; x_wconf 91' lang='lat'><strong>6</strong></span> <span class='ocrx_word' id='word_1_710' title='bbox 1135 4559 1448 4635; x_wconf 88' lang='grc' dir='ltr'>σοφώτατος</span> <span class='ocrx_word' id='word_1_711' title='bbox 1528 4559 1644 4620; x_wconf 78' lang='grc' dir='ltr'>υἱὸς</span> <span class='ocrx_word' id='word_1_712' title='bbox 1709 4557 1838 4613; x_wconf 78' lang='grc' dir='ltr'>αὐτο</span> 
     </span>
    </p>
   </div>
   <div class='ocr_carea' id='block_1_95' title="bbox 2022 4557 3626 4652">
    <p class='ocr_par' dir='ltr' id='par_1_95' title="bbox 2022 4557 3626 4652">
     <span class='ocr_line' id='line_1_96' title="bbox 2022 4557 3626 4652; baseline 0.008 -35"><span class='ocrx_word' id='word_1_713' title='bbox 2022 4560 2173 4617; x_wconf 72' lang='lat' dir='ltr'><strong>Ladas</strong></span> <span class='ocrx_word' id='word_1_714' title='bbox 2194 4557 2633 4652; x_wconf 80' lang='lat' dir='ltr'><strong>contumulavit,</strong></span> <span class='ocrx_word' id='word_1_715' title='bbox 2648 4559 2805 4631; x_wconf 91' lang='lat' dir='ltr'><strong>quod</strong></span> <span class='ocrx_word' id='word_1_716' title='bbox 2821 4564 2878 4617; x_wconf 90' lang='lat' dir='ltr'><strong>et</strong></span> <span class='ocrx_word' id='word_1_717' title='bbox 2899 4577 3001 4634; x_wconf 87' lang='lat' dir='ltr'><strong>per</strong></span> <span class='ocrx_word' id='word_1_718' title='bbox 3017 4566 3366 4636; x_wconf 88' lang='lat' dir='ltr'><strong>posteriores</strong></span> <span class='ocrx_word' id='word_1_719' title='bbox 3383 4574 3626 4630; x_wconf 87' lang='lat' dir='ltr'><strong>eventus</strong></span> 
     </span>
    </p>
   </div>
   <div class='ocr_carea' id='block_1_96' title="bbox 242 4644 1846 4737">
    <p class='ocr_par' dir='ltr' id='par_1_96' title="bbox 242 4644 1844 4737">
     <span class='ocr_line' id='line_1_97' title="bbox 242 4644 1844 4737; baseline 0 -35"><span class='ocrx_word' id='word_1_720' title='bbox 242 4647 514 4737; x_wconf 83' lang='grc' dir='ltr'>Σολομῶν,</span> <span class='ocrx_word' id='word_1_721' title='bbox 569 4649 623 4705; x_wconf 77' lang='grc' dir='ltr'><strong>ἐν</strong></span> <span class='ocrx_word' id='word_1_722' title='bbox 682 4649 729 4721; x_wconf 81' lang='grc' dir='ltr'>ᾧ</span> <span class='ocrx_word' id='word_1_723' title='bbox 787 4649 877 4703; x_wconf 82' lang='grc' dir='ltr'><strong>καὶ</strong></span> <span class='ocrx_word' id='word_1_724' title='bbox 935 4648 1310 4723; x_wconf 79' lang='grc' dir='ltr'>συγκατώρυξε</span> <span class='ocrx_word' id='word_1_725' title='bbox 1345 4651 1425 4721; x_wconf 76' lang='grc' dir='ltr'>τῷ</span> <span class='ocrx_word' id='word_1_726' title='bbox 1463 4647 1626 4723; x_wconf 83' lang='grc' dir='ltr'>πατρὶ</span> <span class='ocrx_word' id='word_1_727' title='bbox 1656 4644 1844 4704; x_wconf 83' lang='grc' dir='ltr'>πολλὰ</span> 
     </span>
    </p>
   </div>
   <div class='ocr_carea' id='block_1_97' title="bbox 2026 4644 3630 4737">
    <p class='ocr_par' dir='ltr' id='par_1_97' title="bbox 2026 4649 3630 4737">
     <span class='ocr_line' id='line_1_98' title="bbox 2026 4649 3630 4737; baseline 0.007 -28"><span class='ocrx_word' id='word_1_728' title='bbox 2026 4667 2110 4709; x_wconf 82' lang='lat' dir='ltr'><strong>om</strong></span> <span class='ocrx_word' id='word_1_729' title='bbox 2120 4649 2423 4723; x_wconf 88' lang='lat' dir='ltr'><strong>probatum</strong></span> <span class='ocrx_word' id='word_1_730' title='bbox 2455 4652 2563 4707; x_wconf 87' lang='lat' dir='ltr'><strong>est.</strong></span> <span class='ocrx_word' id='word_1_731' title='bbox 2583 4650 2807 4724; x_wconf 91' lang='lat' dir='ltr'><strong>Quippe</strong></span> <span class='ocrx_word' id='word_1_732' title='bbox 2828 4669 3097 4712; x_wconf 89' lang='lat' dir='ltr'><strong>summus</strong></span> <span class='ocrx_word' id='word_1_733' title='bbox 3119 4660 3392 4718; x_wconf 88' lang='lat' dir='ltr'><strong>sacerdos</strong></span> <span class='ocrx_word' id='word_1_734' title='bbox 3410 4666 3630 4737; x_wconf 80' lang='lat' dir='ltr'><strong>Hyrca-</strong></span> 
     </span>
    </p>
   </div>
   <div class='ocr_carea' id='block_1_98' title="bbox 248 4735 1852 4821">
    <p class='ocr_par' dir='ltr' id='par_1_98' title="bbox 248 4735 1844 4817">
     <span class='ocr_line' id='line_1_99' title="bbox 248 4735 1844 4817; baseline 0.002 -27"><span class='ocrx_word' id='word_1_735' title='bbox 248 4736 488 4811; x_wconf 68' lang='grc' dir='ltr'>μυριάδας</span> <span class='ocrx_word' id='word_1_736' title='bbox 541 4736 822 4795; x_wconf 79' lang='grc' dir='ltr'>ταλάντων</span> <span class='ocrx_word' id='word_1_737' title='bbox 882 4737 1139 4817; x_wconf 86' lang='grc' dir='ltr'>χρυσίου,</span> <span class='ocrx_word' id='word_1_738' title='bbox 1212 4735 1286 4798; x_wconf 80' lang='grc' dir='ltr'>ὤς</span> <span class='ocrx_word' id='word_1_739' title='bbox 1349 4758 1510 4811; x_wconf 86' lang='grc' dir='ltr'>φησιν</span> <span class='ocrx_word' id='word_1_740' title='bbox 1578 4738 1844 4809; x_wconf 83' lang='grc' dir='ltr'>Ἰώσηπος</span> 
     </span>
    </p>
   </div>
   <div class='ocr_carea' id='block_1_99' title="bbox 2026 4735 3630 4821">
    <p class='ocr_par' dir='ltr' id='par_1_99' title="bbox 2028 4735 3630 4821">
     <span class='ocr_line' id='line_1_100' title="bbox 2028 4735 3630 4821; baseline 0.009 -25"><span class='ocrx_word' id='word_1_741' title='bbox 2028 4739 2203 4797; x_wconf 84' lang='lat' dir='ltr'><strong>us-ab</strong></span> <span class='ocrx_word' id='word_1_742' title='bbox 2233 4738 2519 4796; x_wconf 89' lang='lat' dir='ltr'><strong>Antiocho</strong></span> <span class='ocrx_word' id='word_1_743' title='bbox 2552 4740 2825 4798; x_wconf 88' lang='lat' dir='ltr'><strong>Demetrii</strong></span> <span class='ocrx_word' id='word_1_744' title='bbox 2857 4741 2979 4801; x_wconf 87' lang='lat' dir='ltr'><strong>ﬁlio</strong></span> <span class='ocrx_word' id='word_1_745' title='bbox 3010 4744 3153 4802; x_wconf 86' lang='lat' dir='ltr'><strong>urbe</strong></span> <span class='ocrx_word' id='word_1_746' title='bbox 3181 4747 3445 4821; x_wconf 89' lang='lat' dir='ltr'><strong>obsessa,</strong></span> <span class='ocrx_word' id='word_1_747' title='bbox 3471 4735 3630 4810; x_wconf 80' lang='lat' dir='ltr'><strong>rese-</strong></span> 
     </span>
    </p>
   </div>
   <div class='ocr_carea' id='block_1_100' title="bbox 247 4824 1851 4904">
    <p class='ocr_par' dir='ltr' id='par_1_100' title="bbox 247 4824 1851 4904">
     <span class='ocr_line' id='line_1_101' title="bbox 247 4824 1851 4904; baseline 0 -24"><span class='ocrx_word' id='word_1_748' title='bbox 247 4827 339 4880; x_wconf 76' lang='lat' dir='ltr'><strong>Kal</strong></span> <span class='ocrx_word' id='word_1_749' title='bbox 387 4824 555 4896; x_wconf 76' lang='grc' dir='ltr'>δῆλον</span> <span class='ocrx_word' id='word_1_750' title='bbox 613 4825 676 4881; x_wconf 71' lang='grc' dir='ltr'>ἐκ</span> <span class='ocrx_word' id='word_1_751' title='bbox 726 4830 836 4881; x_wconf 82' lang='grc' dir='ltr'>τῶν</span> <span class='ocrx_word' id='word_1_752' title='bbox 896 4824 971 4888; x_wconf 80' lang='grc' dir='ltr'>εἷς</span> <span class='ocrx_word' id='word_1_753' title='bbox 1033 4827 1253 4901; x_wconf 76' lang='grc' dir='ltr'>ὕστερον</span> <span class='ocrx_word' id='word_1_754' title='bbox 1293 4826 1621 4903; x_wconf 73' lang='grc' dir='ltr'>γενομένων·</span> <span class='ocrx_word' id='word_1_755' title='bbox 1685 4827 1712 4880; x_wconf 92' lang='lat'><strong>6</strong></span> <span class='ocrx_word' id='word_1_756' title='bbox 1765 4825 1851 4904; x_wconf 58' lang='grc' dir='ltr'><strong>γὰρ</strong></span> 
     </span>
    </p>
   </div>
   <div class='ocr_carea' id='block_1_101' title="bbox 2025 4824 3629 4904">
    <p class='ocr_par' dir='ltr' id='par_1_101' title="bbox 2025 4828 3629 4897">
     <span class='ocr_line' id='line_1_102' title="bbox 2025 4828 3629 4897; baseline 0.007 -11"><span class='ocrx_word' id='word_1_757' title='bbox 2025 4833 2105 4886; x_wconf 75' lang='lat' dir='ltr'><strong>ito</strong></span> <span class='ocrx_word' id='word_1_758' title='bbox 2137 4832 2520 4885; x_wconf 90' lang='lat' dir='ltr'><strong>monumento</strong></span> <span class='ocrx_word' id='word_1_759' title='bbox 2551 4828 2666 4885; x_wconf 86' lang='lat' dir='ltr'><strong>tria</strong></span> <span class='ocrx_word' id='word_1_760' title='bbox 2697 4829 2879 4888; x_wconf 88' lang='lat' dir='ltr'><strong>millia</strong></span> <span class='ocrx_word' id='word_1_761' title='bbox 2910 4831 3265 4893; x_wconf 90' lang='lat' dir='ltr'><strong>talentorum</strong></span> <span class='ocrx_word' id='word_1_762' title='bbox 3287 4838 3423 4895; x_wconf 90' lang='lat' dir='ltr'><strong>inde</strong></span> <span class='ocrx_word' id='word_1_763' title='bbox 3442 4846 3629 4897; x_wconf 88' lang='lat' dir='ltr'><strong>extra-</strong></span> 
     </span>
    </p>
   </div>
   <div class='ocr_carea' id='block_1_102' title="bbox 251 4911 1855 4999">
    <p class='ocr_par' dir='ltr' id='par_1_102' title="bbox 251 4911 1855 4989">
     <span class='ocr_line' id='line_1_103' title="bbox 251 4911 1855 4989; baseline 0.002 -24"><span class='ocrx_word' id='word_1_764' title='bbox 251 4911 506 4989; x_wconf 74' lang='grc' dir='ltr'>ἀρχιερεὺς</span> <span class='ocrx_word' id='word_1_765' title='bbox 562 4914 839 4988; x_wconf 71' lang='grc' dir='ltr'>Ἱρκανὸς,</span> <span class='ocrx_word' id='word_1_766' title='bbox 896 4913 1202 4989; x_wconf 77' lang='grc' dir='ltr'>πολιορκου</span> <span class='ocrx_word' id='word_1_767' title='bbox 1278 4912 1441 4988; x_wconf 89' lang='grc' dir='ltr'>μένης</span> <span class='ocrx_word' id='word_1_768' title='bbox 1497 4922 1597 4985; x_wconf 82' lang='grc' dir='ltr'>τῆς</span> <span class='ocrx_word' id='word_1_769' title='bbox 1654 4912 1855 4969; x_wconf 72' lang='grc' dir='ltr'>πόλεως</span> 
     </span>
    </p>
   </div>
   <div class='ocr_carea' id='block_1_103' title="bbox 2024 4911 3628 4999">
    <p class='ocr_par' dir='ltr' id='par_1_103' title="bbox 2024 4917 3628 4999">
     <span class='ocr_line' id='line_1_104' title="bbox 2024 4917 3628 4999; baseline 0.006 -25"><span class='ocrx_word' id='word_1_770' title='bbox 2024 4920 2083 4977; x_wconf 93' lang='lat' dir='ltr'><strong>it.</strong></span> <span class='ocrx_word' id='word_1_771' title='bbox 2117 4917 2425 4974; x_wconf 87' lang='lat' dir='ltr'><strong>Talentum</strong></span> <span class='ocrx_word' id='word_1_772' title='bbox 2453 4934 2587 4975; x_wconf 85' lang='lat' dir='ltr'><strong>vero</strong></span> <span class='ocrx_word' id='word_1_773' title='bbox 2619 4925 2705 4976; x_wconf 89' lang='lat' dir='ltr'><strong>est</strong></span> <span class='ocrx_word' id='word_1_774' title='bbox 2737 4936 3114 4979; x_wconf 90' lang='lat' dir='ltr'><strong>nummorum</strong></span> <span class='ocrx_word' id='word_1_775' title='bbox 3145 4929 3379 4982; x_wconf 92' lang='lat' dir='ltr'><strong>centum</strong></span> <span class='ocrx_word' id='word_1_776' title='bbox 3422 4927 3628 4999; x_wconf 90' lang='lat' dir='ltr'><strong>viginti</strong></span> 
     </span>
    </p>
   </div>
   <div class='ocr_carea' id='block_1_104' title="bbox 255 5000 1859 5087">
    <p class='ocr_par' dir='ltr' id='par_1_104' title="bbox 255 5000 1859 5080">
     <span class='ocr_line' id='line_1_105' title="bbox 255 5000 1859 5080; baseline 0.003 -26"><span class='ocrx_word' id='word_1_777' title='bbox 255 5000 329 5056; x_wconf 69' lang='grc' dir='ltr'><strong>ὑπ’</strong></span> <span class='ocrx_word' id='word_1_778' title='bbox 389 5005 671 5080; x_wconf 83' lang='grc' dir='ltr'>Ἀντιόχου</span> <span class='ocrx_word' id='word_1_779' title='bbox 737 5008 834 5060; x_wconf 76' lang='grc' dir='ltr'>τοῦ</span> <span class='ocrx_word' id='word_1_780' title='bbox 886 5004 1209 5079; x_wconf 79' lang='grc' dir='ltr'>Δημητρίου</span> <span class='ocrx_word' id='word_1_781' title='bbox 1266 5002 1483 5076; x_wconf 85' lang='grc' dir='ltr'>παιδὸς,</span> <span class='ocrx_word' id='word_1_782' title='bbox 1541 5002 1756 5075; x_wconf 77' lang='grc' dir='ltr'>ἀνοίξας</span> <span class='ocrx_word' id='word_1_783' title='bbox 1808 5005 1859 5059; x_wconf 73' lang='grc' dir='ltr'>τὶ</span> 
     </span>
    </p>
   </div>
   <div class='ocr_carea' id='block_1_105' title="bbox 2023 5000 3627 5087">
    <p class='ocr_par' dir='ltr' id='par_1_105' title="bbox 2024 5008 3627 5087">
     <span class='ocr_line' id='line_1_106' title="bbox 2024 5008 3627 5087; baseline 0.006 -22"><span class='ocrx_word' id='word_1_784' title='bbox 2024 5008 2262 5079; x_wconf 86' lang='lat' dir='ltr'><strong>uinque.</strong></span> <span class='ocrx_word' id='word_1_785' title='bbox 2298 5008 2551 5065; x_wconf 87' lang='lat' dir='ltr'><strong>Herodes</strong></span> <span class='ocrx_word' id='word_1_786' title='bbox 2586 5008 2861 5081; x_wconf 90' lang='lat' dir='ltr'><strong>deinceps</strong></span> <span class='ocrx_word' id='word_1_787' title='bbox 2899 5027 3119 5082; x_wconf 83' lang='lat' dir='ltr'><strong>gnarus</strong></span> <span class='ocrx_word' id='word_1_788' title='bbox 3150 5013 3208 5069; x_wconf 92' lang='lat' dir='ltr'><strong>id</strong></span> <span class='ocrx_word' id='word_1_789' title='bbox 3238 5018 3501 5087; x_wconf 81' lang='lat' dir='ltr'><strong>Hyrcano</strong></span> <span class='ocrx_word' id='word_1_790' title='bbox 3533 5015 3627 5075; x_wconf 81' lang='lat' dir='ltr'><strong>fa-</strong></span> 
     </span>
    </p>
   </div>
   <div class='ocr_carea' id='block_1_106' title="bbox 259 5092 1863 5173">
    <p class='ocr_par' dir='ltr' id='par_1_106' title="bbox 259 5092 1863 5171">
     <span class='ocr_line' id='line_1_107' title="bbox 259 5092 1863 5171; baseline 0.001 -24"><span class='ocrx_word' id='word_1_791' title='bbox 259 5097 424 5165; x_wconf 75' lang='grc' dir='ltr'>μνῆμα</span> <span class='ocrx_word' id='word_1_792' title='bbox 471 5094 710 5150; x_wconf 77' lang='grc' dir='ltr'>τάλαντα</span> <span class='ocrx_word' id='word_1_793' title='bbox 761 5100 809 5168; x_wconf 86' lang='grc' dir='ltr'>γ’</span> <span class='ocrx_word' id='word_1_794' title='bbox 865 5094 1063 5149; x_wconf 82' lang='grc' dir='ltr'>ἐκεῖθεν</span> <span class='ocrx_word' id='word_1_795' title='bbox 1129 5092 1468 5171; x_wconf 79' lang='grc' dir='ltr'>ἐξεφόρησεν.</span> <span class='ocrx_word' id='word_1_796' title='bbox 1536 5094 1615 5151; x_wconf 87' lang='grc' dir='ltr'>Τὸ</span> <span class='ocrx_word' id='word_1_797' title='bbox 1668 5092 1725 5148; x_wconf 77' lang='grc' dir='ltr'><strong>δὲ</strong></span> <span class='ocrx_word' id='word_1_798' title='bbox 1774 5095 1863 5149; x_wconf 80' lang='grc' dir='ltr'><strong>τά·</strong></span> 
     </span>
    </p>
   </div>
   <div class='ocr_carea' id='block_1_107' title="bbox 2026 5092 3630 5173">
    <p class='ocr_par' dir='ltr' id='par_1_107' title="bbox 2026 5099 3630 5173">
     <span class='ocr_line' id='line_1_108' title="bbox 2026 5099 3630 5173; baseline 0.006 -19"><span class='ocrx_word' id='word_1_799' title='bbox 2026 5104 2162 5167; x_wconf 68' lang='lat' dir='ltr'><strong>:um,</strong></span> <span class='ocrx_word' id='word_1_800' title='bbox 2181 5102 2623 5154; x_wconf 87' lang='lat' dir='ltr'><strong>monumentum</strong></span> <span class='ocrx_word' id='word_1_801' title='bbox 2643 5102 2700 5155; x_wconf 92' lang='lat' dir='ltr'><strong>et</strong></span> <span class='ocrx_word' id='word_1_802' title='bbox 2714 5099 2841 5171; x_wconf 90' lang='lat' dir='ltr'><strong>ipse</strong></span> <span class='ocrx_word' id='word_1_803' title='bbox 2854 5101 3175 5173; x_wconf 88' lang='lat' dir='ltr'><strong>adaperuit,</strong></span> <span class='ocrx_word' id='word_1_804' title='bbox 3193 5103 3289 5158; x_wconf 88' lang='lat' dir='ltr'><strong>ubi</strong></span> <span class='ocrx_word' id='word_1_805' title='bbox 3307 5103 3440 5160; x_wconf 87' lang='lat' dir='ltr'><strong>licet</strong></span> <span class='ocrx_word' id='word_1_806' title='bbox 3453 5104 3630 5163; x_wconf 79' lang='lat' dir='ltr'><strong>nullas</strong></span> 
     </span>
    </p>
   </div>
   <div class='ocr_carea' id='block_1_108' title="bbox 256 5176 1860 5265">
    <p class='ocr_par' dir='ltr' id='par_1_108' title="bbox 256 5176 1860 5260">
     <span class='ocr_line' id='line_1_109' title="bbox 256 5176 1860 5260; baseline 0.005 -29"><span class='ocrx_word' id='word_1_807' title='bbox 256 5176 430 5236; x_wconf 79' lang='grc' dir='ltr'>λαντον</span> <span class='ocrx_word' id='word_1_808' title='bbox 486 5182 600 5260; x_wconf 80' lang='grc' dir='ltr'>ἔχει</span> <span class='ocrx_word' id='word_1_809' title='bbox 685 5184 1002 5258; x_wconf 82' lang='grc' dir='ltr'>νομίσματα</span> <span class='ocrx_word' id='word_1_810' title='bbox 1093 5190 1216 5258; x_wconf 85' lang='grc' dir='ltr'>ρκε’.</span> <span class='ocrx_word' id='word_1_811' title='bbox 1268 5185 1399 5242; x_wconf 74' lang='grc' dir='ltr'>Μεθ’</span> <span class='ocrx_word' id='word_1_812' title='bbox 1473 5183 1532 5239; x_wconf 87' lang='lat' dir='ltr'><strong>6&#39;v</strong></span> <span class='ocrx_word' id='word_1_813' title='bbox 1599 5181 1860 5258; x_wconf 66' lang='grc' dir='ltr'>Ἡρώδης,</span> 
     </span>
    </p>
   </div>
   <div class='ocr_carea' id='block_1_109' title="bbox 2025 5176 3629 5265">
    <p class='ocr_par' dir='ltr' id='par_1_109' title="bbox 2025 5188 3629 5265">
     <span class='ocr_line' id='line_1_110' title="bbox 2025 5188 3629 5265; baseline 0.005 -20"><span class='ocrx_word' id='word_1_814' title='bbox 2025 5191 2180 5245; x_wconf 84' lang='lat' dir='ltr'><strong>ssent</strong></span> <span class='ocrx_word' id='word_1_815' title='bbox 2208 5188 2488 5258; x_wconf 77' lang='lat' dir='ltr'><strong>pecunias,</strong></span> <span class='ocrx_word' id='word_1_816' title='bbox 2522 5196 2793 5244; x_wconf 86' lang='lat' dir='ltr'><strong>ornatum</strong></span> <span class='ocrx_word' id='word_1_817' title='bbox 2824 5192 3021 5247; x_wconf 88' lang='lat' dir='ltr'><strong>tamen</strong></span> <span class='ocrx_word' id='word_1_818' title='bbox 3069 5206 3310 5248; x_wconf 88' lang='lat' dir='ltr'><strong>aureum</strong></span> <span class='ocrx_word' id='word_1_819' title='bbox 3344 5192 3629 5265; x_wconf 88' lang='lat' dir='ltr'><strong>plurima-</strong></span> 
     </span>
    </p>
   </div>
   <div class='ocr_carea' id='block_1_110' title="bbox 260 5269 1864 5358">
    <p class='ocr_par' dir='ltr' id='par_1_110' title="bbox 260 5269 1864 5351">
     <span class='ocr_line' id='line_1_111' title="bbox 260 5269 1864 5351; baseline 0.002 -27"><span class='ocrx_word' id='word_1_820' title='bbox 260 5269 399 5344; x_wconf 64' lang='grc' dir='ltr'>γνοὺς</span> <span class='ocrx_word' id='word_1_821' title='bbox 470 5275 544 5338; x_wconf 84' lang='grc' dir='ltr'>ὡς</span> <span class='ocrx_word' id='word_1_822' title='bbox 598 5273 836 5351; x_wconf 85' lang='grc' dir='ltr'>γρκανὸς</span> <span class='ocrx_word' id='word_1_823' title='bbox 901 5277 1062 5329; x_wconf 81' lang='grc' dir='ltr'>τοῦτο</span> <span class='ocrx_word' id='word_1_824' title='bbox 1136 5272 1453 5343; x_wconf 81' lang='grc' dir='ltr'>πεποίηκεν,</span> <span class='ocrx_word' id='word_1_825' title='bbox 1527 5272 1711 5343; x_wconf 70' lang='grc' dir='ltr'>ἤνοιξε</span> <span class='ocrx_word' id='word_1_826' title='bbox 1782 5274 1864 5328; x_wconf 71' lang='grc' dir='ltr'><strong>καῖ</strong></span> 
     </span>
    </p>
   </div>
   <div class='ocr_carea' id='block_1_111' title="bbox 2025 5269 3629 5358">
    <p class='ocr_par' dir='ltr' id='par_1_111' title="bbox 2026 5275 3629 5358">
     <span class='ocr_line' id='line_1_112' title="bbox 2026 5275 3629 5358; baseline 0.004 -24"><span class='ocrx_word' id='word_1_827' title='bbox 2026 5292 2095 5334; x_wconf 91' lang='lat' dir='ltr'><strong>ue</strong></span> <span class='ocrx_word' id='word_1_828' title='bbox 2126 5275 2371 5332; x_wconf 87' lang='lat' dir='ltr'><strong>donaria</strong></span> <span class='ocrx_word' id='word_1_829' title='bbox 2399 5290 2468 5333; x_wconf 89' lang='lat' dir='ltr'><strong>ex</strong></span> <span class='ocrx_word' id='word_1_830' title='bbox 2497 5292 2564 5332; x_wconf 90' lang='lat' dir='ltr'><strong>eo</strong></span> <span class='ocrx_word' id='word_1_831' title='bbox 2596 5276 2860 5333; x_wconf 87' lang='lat' dir='ltr'><strong>sustulit.</strong></span> <span class='ocrx_word' id='word_1_832' title='bbox 2893 5278 3004 5335; x_wconf 91' lang='lat' dir='ltr'><strong>Sed</strong></span> <span class='ocrx_word' id='word_1_833' title='bbox 3036 5295 3172 5337; x_wconf 88' lang='lat' dir='ltr'><strong>cum</strong></span> <span class='ocrx_word' id='word_1_834' title='bbox 3204 5279 3448 5340; x_wconf 82' lang='lat' dir='ltr'><strong>ulterius</strong></span> <span class='ocrx_word' id='word_1_835' title='bbox 3496 5301 3629 5358; x_wconf 90' lang='lat' dir='ltr'><strong>pro-</strong></span> 
     </span>
    </p>
   </div>
   <div class='ocr_carea' id='block_1_112' title="bbox 254 5358 1858 5449">
    <p class='ocr_par' dir='ltr' id='par_1_112' title="bbox 254 5358 1858 5443">
     <span class='ocr_line' id='line_1_113' title="bbox 254 5358 1858 5443; baseline 0.002 -27"><span class='ocrx_word' id='word_1_836' title='bbox 254 5358 394 5424; x_wconf 68' lang='grc' dir='ltr'>αὐτὸς</span> <span class='ocrx_word' id='word_1_837' title='bbox 422 5365 505 5420; x_wconf 84' lang='grc' dir='ltr'>τὸν</span> <span class='ocrx_word' id='word_1_838' title='bbox 536 5366 736 5443; x_wconf 77' lang='grc' dir='ltr'>τάφον,</span> <span class='ocrx_word' id='word_1_839' title='bbox 783 5365 868 5419; x_wconf 85' lang='grc' dir='ltr'><strong>καὶ</strong></span> <span class='ocrx_word' id='word_1_840' title='bbox 935 5364 1198 5438; x_wconf 78' lang='grc' dir='ltr'>χρήματα</span> <span class='ocrx_word' id='word_1_841' title='bbox 1234 5365 1327 5437; x_wconf 80' lang='grc' dir='ltr'><strong>μέν</strong></span> <span class='ocrx_word' id='word_1_842' title='bbox 1360 5362 1468 5438; x_wconf 78' lang='grc' dir='ltr'><strong>οὐχ</strong></span> <span class='ocrx_word' id='word_1_843' title='bbox 1497 5362 1641 5440; x_wconf 78' lang='grc' dir='ltr'>εὗρε,</span> <span class='ocrx_word' id='word_1_844' title='bbox 1670 5363 1858 5438; x_wconf 77' lang='grc' dir='ltr'>κόσμο·</span> 
     </span>
    </p>
   </div>
   <div class='ocr_carea' id='block_1_113' title="bbox 2031 5358 3635 5449">
    <p class='ocr_par' dir='ltr' id='par_1_113' title="bbox 2031 5364 3635 5449">
     <span class='ocr_line' id='line_1_114' title="bbox 2031 5364 3635 5449; baseline 0.009 -29"><span class='ocrx_word' id='word_1_845' title='bbox 2031 5365 2147 5421; x_wconf 85' lang='lat' dir='ltr'><strong>redi</strong></span> <span class='ocrx_word' id='word_1_846' title='bbox 2176 5368 2446 5432; x_wconf 88' lang='lat' dir='ltr'><strong>tentaret,</strong></span> <span class='ocrx_word' id='word_1_847' title='bbox 2480 5364 2579 5421; x_wconf 87' lang='lat' dir='ltr'><strong>ubi</strong></span> <span class='ocrx_word' id='word_1_848' title='bbox 2629 5365 2868 5423; x_wconf 89' lang='lat' dir='ltr'><strong>Davidis</strong></span> <span class='ocrx_word' id='word_1_849' title='bbox 2915 5370 2972 5424; x_wconf 89' lang='lat' dir='ltr'><strong>et</strong></span> <span class='ocrx_word' id='word_1_850' title='bbox 3018 5366 3344 5429; x_wconf 80' lang='lat' dir='ltr'><strong>Salomonis</strong></span> <span class='ocrx_word' id='word_1_851' title='bbox 3391 5389 3635 5449; x_wconf 87' lang='lat' dir='ltr'><strong>corpora</strong></span> 
     </span>
    </p>
   </div>
   <div class='ocr_carea' id='block_1_114' title="bbox 254 5444 1858 5534">
    <p class='ocr_par' dir='ltr' id='par_1_114' title="bbox 254 5444 1858 5529">
     <span class='ocr_line' id='line_1_115' title="bbox 254 5444 1858 5529; baseline 0.003 -26"><span class='ocrx_word' id='word_1_852' title='bbox 254 5444 406 5506; x_wconf 67' lang='grc' dir='ltr'>δὲκαὶ</span> <span class='ocrx_word' id='word_1_853' title='bbox 433 5453 698 5529; x_wconf 67' lang='grc' dir='ltr'>κειμήλια</span> <span class='ocrx_word' id='word_1_854' title='bbox 751 5453 957 5528; x_wconf 84' lang='grc' dir='ltr'>χρύσεα</span> <span class='ocrx_word' id='word_1_855' title='bbox 1011 5450 1325 5526; x_wconf 76' lang='grc' dir='ltr'>πάμπολλα</span> <span class='ocrx_word' id='word_1_856' title='bbox 1373 5452 1636 5509; x_wconf 84' lang='grc' dir='ltr'>ἀνείλετο.</span> <span class='ocrx_word' id='word_1_857' title='bbox 1675 5459 1858 5528; x_wconf 82' lang='grc' dir='ltr'>Πειρα-</span> 
     </span>
    </p>
   </div>
   <div class='ocr_carea' id='block_1_115' title="bbox 2032 5444 3636 5534">
    <p class='ocr_par' dir='ltr' id='par_1_115' title="bbox 2032 5444 3636 5534">
     <span class='ocr_line' id='line_1_116' title="bbox 2032 5444 3636 5534; baseline 0.009 -24"><span class='ocrx_word' id='word_1_858' title='bbox 2032 5452 2241 5527; x_wconf 69' lang='lat' dir='ltr'><strong>aposita</strong></span> <span class='ocrx_word' id='word_1_859' title='bbox 2271 5453 2519 5524; x_wconf 80' lang='lat' dir='ltr'><strong>fuerant,</strong></span> <span class='ocrx_word' id='word_1_860' title='bbox 2539 5452 2692 5525; x_wconf 87' lang='lat' dir='ltr'><strong>ignis</strong></span> <span class='ocrx_word' id='word_1_861' title='bbox 2713 5454 2988 5513; x_wconf 84' lang='lat' dir='ltr'><strong>exsiliens</strong></span> <span class='ocrx_word' id='word_1_862' title='bbox 3008 5458 3156 5516; x_wconf 90' lang='lat' dir='ltr'><strong>duos</strong></span> <span class='ocrx_word' id='word_1_863' title='bbox 3176 5475 3246 5517; x_wconf 86' lang='lat' dir='ltr'><strong>ex</strong></span> <span class='ocrx_word' id='word_1_864' title='bbox 3264 5461 3393 5534; x_wconf 88' lang='lat' dir='ltr'><strong>ejus</strong></span> <span class='ocrx_word' id='word_1_865' title='bbox 3415 5444 3636 5523; x_wconf 77' lang='lat' dir='ltr'><strong>satelli-</strong></span> 
     </span>
    </p>
   </div>
   <div class='ocr_carea' id='block_1_116' title="bbox 250 5537 1854 5619">
    <p class='ocr_par' dir='ltr' id='par_1_116' title="bbox 250 5537 1854 5619">
     <span class='ocr_line' id='line_1_117' title="bbox 250 5537 1854 5619; baseline 0.002 -24"><span class='ocrx_word' id='word_1_866' title='bbox 250 5537 407 5604; x_wconf 76' lang='grc' dir='ltr'>θέντος</span> <span class='ocrx_word' id='word_1_867' title='bbox 460 5541 515 5599; x_wconf 71' lang='grc' dir='ltr'>δὲ</span> <span class='ocrx_word' id='word_1_868' title='bbox 570 5544 740 5599; x_wconf 76' lang='grc' dir='ltr'>αὑτοῦ</span> <span class='ocrx_word' id='word_1_869' title='bbox 808 5540 1076 5619; x_wconf 78' lang='grc' dir='ltr'>ἐνδοτέρω</span> <span class='ocrx_word' id='word_1_870' title='bbox 1133 5546 1359 5618; x_wconf 85' lang='grc' dir='ltr'>χωρεῖν,</span> <span class='ocrx_word' id='word_1_871' title='bbox 1417 5543 1478 5597; x_wconf 83' lang='grc' dir='ltr'>οὗ</span> <span class='ocrx_word' id='word_1_872' title='bbox 1535 5543 1602 5598; x_wconf 78' lang='grc' dir='ltr'>τὰ</span> <span class='ocrx_word' id='word_1_873' title='bbox 1649 5543 1854 5617; x_wconf 81' lang='grc' dir='ltr'>σώματι</span> 
     </span>
    </p>
   </div>
   <div class='ocr_carea' id='block_1_117' title="bbox 927 5537 2531 5619">
    <p class='ocr_par' dir='ltr' id='par_1_117' title="bbox 927 5542 2531 5619">
     <span class='ocr_line' id='line_1_118' title="bbox 927 5542 2531 5619; baseline 0.004 -25"><span class='ocrx_word' id='word_1_874' title='bbox 927 5542 1076 5619; x_wconf 62' lang='grc' dir='ltr'>,τέρω</span> <span class='ocrx_word' id='word_1_875' title='bbox 1133 5546 1359 5618; x_wconf 86' lang='grc' dir='ltr'>χωρεῖν,</span> <span class='ocrx_word' id='word_1_876' title='bbox 1417 5543 1478 5597; x_wconf 83' lang='grc' dir='ltr'>οὗ</span> <span class='ocrx_word' id='word_1_877' title='bbox 1535 5543 1602 5598; x_wconf 77' lang='grc' dir='ltr'>τὰ</span> <span class='ocrx_word' id='word_1_878' title='bbox 1649 5543 1877 5617; x_wconf 85' lang='grc' dir='ltr'>σώματα</span> <span class='ocrx_word' id='word_1_879' title='bbox 1988 5544 2151 5600; x_wconf 87' lang='lat' dir='ltr'><strong>tibus</strong></span> <span class='ocrx_word' id='word_1_880' title='bbox 2180 5542 2531 5614; x_wconf 89' lang='lat' dir='ltr'><strong>absumpsit.</strong></span> 
     </span>
    </p>
   </div>
   <div class='ocr_carea' id='block_1_118' title="bbox 259 5625 2748 5712">
    <p class='ocr_par' dir='ltr' id='par_1_118' title="bbox 259 5625 2748 5712">
     <span class='ocr_line' id='line_1_119' title="bbox 259 5625 2748 5712; baseline 0.003 -30"><span class='ocrx_word' id='word_1_881' title='bbox 259 5625 407 5686; x_wconf 73' lang='grc' dir='ltr'>Δαϐίδ</span> <span class='ocrx_word' id='word_1_882' title='bbox 436 5653 490 5689; x_wconf 86' lang='grc' dir='ltr'><strong>τε</strong></span> <span class='ocrx_word' id='word_1_883' title='bbox 521 5633 611 5688; x_wconf 79' lang='grc' dir='ltr'><strong>καὶ</strong></span> <span class='ocrx_word' id='word_1_884' title='bbox 643 5632 1023 5705; x_wconf 81' lang='grc' dir='ltr'>Σολομῶντος</span> <span class='ocrx_word' id='word_1_885' title='bbox 1054 5628 1232 5701; x_wconf 70' lang='grc' dir='ltr'>ἐτέθη,</span> <span class='ocrx_word' id='word_1_886' title='bbox 1266 5633 1372 5705; x_wconf 79' lang='grc' dir='ltr'>πῦρ</span> <span class='ocrx_word' id='word_1_887' title='bbox 1405 5629 1619 5703; x_wconf 74' lang='grc' dir='ltr'><strong>ἐξελθὸν</strong></span> <span class='ocrx_word' id='word_1_888' title='bbox 1655 5628 1750 5687; x_wconf 86' lang='grc' dir='ltr'><strong>δύο</strong></span> <span class='ocrx_word' id='word_1_889' title='bbox 1783 5637 1888 5688; x_wconf 80' lang='grc' dir='ltr'>τῶν</span> <span class='ocrx_word' id='word_1_890' title='bbox 1923 5629 2240 5707; x_wconf 87' lang='grc' dir='ltr'>δορυφόρων</span> <span class='ocrx_word' id='word_1_891' title='bbox 2268 5625 2434 5706; x_wconf 69' lang='grc' dir='ltr'>αὺτοῦ</span> <span class='ocrx_word' id='word_1_892' title='bbox 2463 5627 2748 5712; x_wconf 81' lang='grc' dir='ltr'>διέφθειρε.</span> 
     </span>
    </p>
   </div>
   <div class='ocr_carea' id='block_1_119' title="bbox 709 5748 3241 5817">
    <p class='ocr_par' dir='ltr' id='par_1_119' title="bbox 709 5748 3241 5817">
     <span class='ocr_line' id='line_1_120' title="bbox 709 5748 3241 5817; baseline -0.003 -3"><span class='ocrx_word' id='word_1_893' title='bbox 709 5753 990 5814; x_wconf 72' lang='grc' dir='ltr'><strong>ΡΑτιιοΙη</strong></span> <span class='ocrx_word' id='word_1_894' title='bbox 1037 5750 1146 5812; x_wconf 77' lang='lat' dir='ltr'><strong>Gn.</strong></span> <span class='ocrx_word' id='word_1_895' title='bbox 1196 5748 1517 5812; x_wconf 85' lang='lat' dir='ltr'><strong>CXXXIX.</strong></span> <span class='ocrx_word' id='word_1_896' title='bbox 3201 5758 3241 5817; x_wconf 71' lang='grc' dir='ltr'><strong><em>ι</em></strong></span> 
     </span>
    </p>
   </div>
  </div>
