4034 6202
436 359 584 456 235,

2009 385 2273 451 JOELIS

3726 385 3846 447 236

508 525 648 583 Post
673 523 953 582 Davidem
979 535 1158 596 regno
1181 521 1403 594 potitur
1421 519 1699 578 Salomon
1721 519 1878 577 ﬁlius
1899 535 2085 577 annos

2275 517 2427 578 Μετᾶ
2455 517 2545 572 οὗν
2579 511 2747 572 mets
2777 509 3092 572 ἐϐασίλευσε
3129 513 3403 590 Σολομῶν
3445 516 3472 571 6
3522 515 3641 580 υἱὸς
3687 514 3850 572 auito?)

440 613 848 688 quadraginta,
878 609 1104 668 eximia
1126 609 1456 683 divinaque
1476 614 1536 666 et
1555 626 1736 683 supra
1755 609 2084 666 humanum

440 708 676 778 captum
707 701 1008 775 sapientia:
1038 700 1348 773 particeps.
1370 699 1475 756 Hic
1497 699 1702 756 urbem
1725 703 1784 756 et
1801 697 2084 770 templum

439 793 673 854 Domini
696 789 1058 864 longitudine
1081 789 1416 847 cubitorum
1435 789 1757 862 sexaginta,
1781 787 2091 845 latitudine

438 880 668 955 viginti,
701 879 1010 938 altitudine
1039 881 1274 936 centum
1295 879 1524 952 viginti,
1548 881 1773 950 septem
1799 893 2087 934 annorum

440 970 628 1046 spatio
660 967 946 1027 absolvit:
979 969 1129 1025 duas
1159 968 1376 1040 quippe
1405 966 1870 1040 contignationes
1907 966 2087 1022 habe-

439 1063 564 1131 bat,
597 1063 664 1116 ut
694 1058 869 1116 refert
895 1057 1210 1132 Josephus.
1241 1057 1306 1114 In
1338 1056 1652 1130 prandium
1669 1057 1798 1128 ejus
1823 1055 2086 1128 quotidie

440 1149 894 1208 insumebantur
921 1146 1129 1204 simila:
1159 1147 1281 1204 cori
1310 1145 1573 1219 triginta,
1593 1146 1791 1202 farinae
1821 1144 2086 1203 cribrata:

441 1239 562 1298 cori
590 1237 913 1312 sexaginta,
943 1237 1110 1294 electi
1139 1235 1305 1294 vituli
1336 1236 1558 1303 decem,
1591 1235 1693 1310 qui
1741 1238 1938 1291 autem
1985 1250 2088 1306 per

443 1316 684 1401 campos
715 1327 1106 1401 pascebantur
1143 1325 1320 1384 boves
1362 1323 1591 1398 viginti,
1642 1340 1776 1382 oves
1827 1331 2084 1393 centum,

442 1425 648 1493 praeter
677 1433 878 1475 cervos
905 1420 966 1472 et
993 1432 1234 1488 capreas
1263 1419 1322 1472 et
1348 1429 1482 1472 aves
1511 1412 1727 1470 electas
1773 1416 1830 1470 et
1874 1411 2082 1468 altiles.

442 1512 624 1565 Corus
645 1505 890 1579 triginta
910 1505 1240 1562 modiorum
1265 1519 1542 1560 mensura
1561 1509 1671 1571 est,
1692 1503 1774 1558 ita
1795 1506 1859 1558 ut
1879 1515 2085 1558 omnes

444 1597 626 1656 modii
652 1595 822 1653 simul
851 1593 1199 1668 colligantur
1227 1594 1343 1650 duo
1373 1591 1559 1650 millia
1587 1595 1646 1648 et
1689 1591 2082 1664 septuaginta.

2153 657 2172 670 .
2203 603 2296 678 ἔτη
2333 608 2408 682 μ’,
2456 605 2542 676 ὅς,
2594 606 2696 675 τήν
2746 605 3166 678 πανθαύμαστον
3196 605 3284 661 καὶ
3319 603 3568 662 θεόδοτον
3597 605 3687 660 καὶ
3722 605 3850 680 ὑπὲρ

2201 693 2485 772 ἄνθρωπον
2573 695 2764 774 σοφίαν
2851 691 3159 768 δεξάμενος,
3229 691 3561 769 ᾠκοδόμησε
3625 697 3724 765 τήν
3793 715 3850 750 τε

2197 783 2362 842 πόλιν
2421 783 2508 840 καὶ
2564 783 2656 840 τὸν
2711 783 2836 839 ναὸν
2893 785 3094 860 Κυρίου
3160 782 3214 838 ἐν
3281 781 3450 840 ἔτεσιν
3486 782 3638 854 ἑπτὰ,
3677 786 3852 858 μῆκος

2195 876 2426 950 πήχεων
2487 874 2548 945 ξ’,
2607 871 2763 948 εὖρος
2847 874 3076 952 πήχεων
3133 879 3180 928 κ’
3243 871 3378 947 ὕψος
3435 875 3667 948 πήχεων
3734 878 3848 949 ρκ’·

2195 958 2455 1042 διόροφος
2493 963 2598 1038 γὰρ
2641 961 2732 1031 ἦν,
2783 960 2858 1026 ὥς
2908 983 3072 1036 φησιν
3108 962 3398 1033 Ἰώσηπος.
3432 963 3510 1020 Τὸ
3542 959 3601 1018 δὲ
3627 961 3848 1033 ἄριστον

2196 1055 2293 1108 τοῦ
2325 1049 2697 1124 Σολομῶντος
2728 1051 2794 1121 ἦν
2827 1052 2947 1106 καθ’
2977 1048 3186 1128 ἡμέραν
3218 1051 3373 1126 κόροι
3405 1048 3750 1126 σεμιδάλεως
3776 1049 3848 1123 λ’,

2193 1141 2348 1217 κόροι
2379 1137 2614 1216 ἀλεύρου
2653 1141 3117 1215 κικοπανισμένου
3163 1140 3222 1212 ξ’,
3279 1139 3481 1216 μόσχοι
3517 1140 3761 1196 ἐκλεκτοὶ
3795 1143 3850 1212 ι’,

2197 1231 2322 1306 βόες
2379 1227 2615 1304 νομᾳδες
2669 1230 2715 1285 κ’
2771 1229 2860 1286 καὶ
2919 1225 3166 1305 πρόϐατα
3222 1231 3267 1306 ρ’
3325 1229 3480 1293 ἐκτὸς
3509 1231 3729 1309 ἐλάφων
3758 1232 3845 1287 καὶ

2196 1318 2475 1398 δορκάδων
2532 1320 2624 1375 καὶ
2681 1319 2909 1396 ὀρνίθων
2974 1320 3241 1378 ἐκλεκτῶν
3301 1323 3391 1376 καὶ
3448 1327 3734 1381 σιτευτῶν.
3793 1323 3850 1376 Ὀ

2195 1407 2254 1466 δὲ
2282 1411 2448 1484 κόρος
2478 1407 2648 1465 ἐποίει
2679 1407 2849 1482 μόδια
2903 1408 2973 1468 λ’.
3037 1413 3212 1484 Ὀμοῦ
3241 1411 3506 1486 γινόμενα
3536 1409 3706 1484 μόδια

2193 1499 2452 1556 ’Λπέθανε
2481 1495 2540 1554 δὲ
2572 1497 2845 1572 Σολομῶν
2880 1498 3012 1554 ἐτῶν
3071 1506 3173 1576 of,
3224 1500 3313 1554 καὶ
3376 1497 3549 1578 ἐταφη
3587 1500 3725 1574 μετᾶ
3752 1505 3850 1556 τοῦ

2199 1589 2404 1664 πατρὸς
2463 1588 2652 1644 αὐτοῦ.
2712 1589 2830 1666 Ἐφ’
2885 1587 2948 1644 οὗ
2998 1589 3064 1658 ἧν
3122 1589 3373 1666 Ὄμηρος
3430 1591 3520 1644 καὶ
3579 1587 3856 1652 Ἡσίοδος.

450 1688 578 1744 Vita
607 1702 775 1760 porro
804 1685 1042 1742 functus
1067 1686 1158 1741 est
1179 1683 1455 1740 Salomon
1487 1681 1674 1740 astatis
1739 1697 1892 1738 anno
1942 1679 2377 1754 septuagesimo
2437 1679 2635 1751 tertio,
2671 1679 3070 1753 sepeliturque
3097 1696 3230 1737 cum
3265 1684 3428 1754 patre
3459 1681 3694 1738 Davide.
3723 1681 3849 1738 Sub

449 1792 515 1834 ce
545 1777 839 1833 Homerus
869 1781 925 1832 et
953 1773 1243 1830 Hesiodus
1282 1771 1566 1829 claruere.

515 1867 615 1923 15
649 1863 948 1921 Salomoni
967 1863 1029 1919 in
1061 1877 1238 1935 regno
1260 1860 1546 1918 successit
1566 1859 1901 1918 Robeamus
1924 1859 2082 1916 illius

445 1955 740 2027 regnoque
795 1951 1028 2026 praefuit
1079 1966 1266 2008 annos
1322 1949 1757 2022 septemdecim,
1813 1947 1968 2006 male
2017 1949 2089 2006 de
2119 1949 2166 2016 B
2201 1944 2369 2002 αὐτοῦ
2425 1942 2518 2017 ἔτη

450 2033 717 2112 Domino,
748 2057 913 2114 atque
941 2057 1008 2097 ae
1041 2045 1223 2112 pater,
1255 2037 1522 2096 meritus.
1575 2041 1842 2096 Mortuus
1897 2045 1986 2094 est
2033 2037 2090 2092 in

447 2129 705 2204 peccatis
735 2129 883 2188 suis.
915 2129 996 2186 Eo
1027 2133 1291 2201 tempore
1319 2143 1420 2184 rex
1462 2127 1691 2202 Egypti
1719 2127 2090 2193 Susacemus,

449 2218 868 2293 Hierosolymis
897 2218 1106 2291 captis,
1137 2217 1418 2291 pecunias
1446 2233 1574 2290 qua
1619 2216 1678 2272 in
1725 2215 1944 2288 templo
1991 2231 2091 2272 re-

449 2309 662 2382 giaque
691 2311 876 2375 erant,
907 2311 968 2363 et
1009 2321 1216 2362 aureas
1263 2305 1466 2362 hastas
1511 2309 1571 2362 et
1616 2308 1784 2363 scuta
1825 2303 2090 2377 diripuit,

452 2402 706 2470 quorum
735 2394 862 2454 loco
891 2411 1052 2452 ansa
1079 2394 1353 2452 restituta
1383 2397 1541 2450 sunt.

517 2563 658 2620 Post
712 2559 1078 2618 Robeamum
1119 2557 1294 2617 Abias
1347 2555 1509 2614 illius
1565 2555 1848 2632 regnavit,
1889 2557 1950 2613 et
1993 2555 2092 2612 hie

447 2666 684 2724 quoque
711 2647 866 2706 male
892 2663 956 2706 se
983 2647 1168 2722 gessit
1194 2661 1334 2720 erga
1361 2645 1698 2714 Dominum,
1729 2650 1787 2704 et
1825 2648 2092 2704 mortuus

443 2745 536 2799 est
563 2755 717 2798 anno
739 2737 904 2812 regni
931 2737 986 2796 6.

514 2829 654 2887 Post
679 2828 891 2886 Abiam
923 2823 1184 2898 regnavit
1221 2825 1453 2882 Asanus
1507 2823 1689 2896 filius,
1750 2827 1810 2880 et
1864 2823 1916 2880 is
1972 2839 2090 2880 non

441 2923 598 2978 recte
626 2934 826 2976 secum
855 2915 1102 2974 Domine
1130 2914 1336 2988 gessit,
1363 2930 1637 2988 annoque
1659 2913 1823 2988 regni
1855 2913 1923 2970 16
1945 2931 2096 2970 mor-

2271 1855 2424 1913 Μετὰ
2480 1855 2537 1913 δὲ
2594 1855 2942 1930 Σολομῶντα
2989 1850 3307 1913 ἐϐασίλευσε
3345 1851 3592 1932 Ῥοϐοὰμ
3648 1857 3678 1912 6
3735 1857 3859 1921 υίὸς

2604 1947 2686 2018 ιζ’,
2745 1947 2806 2008 ὃς
2871 1947 2935 2002 τὸ
2991 1946 3232 2021 πονηρὸν
3310 1944 3563 2018 ἐποίησεν
3619 1945 3859 2002 ἐνώπιον

2201 2035 2433 2112 Κυρίου,
2481 2037 2558 2099 ὡς
2617 2037 2646 2090 6
2702 2037 2883 2111 πατὴρ
2942 2034 3128 2108 αὐτοῦ,
3185 2035 3274 2090 καὶ
3329 2035 3586 2100 ἀπέθανεν
3634 2035 3686 2091 ἐν
3735 2042 3859 2100 ταῖς

2202 2126 2494 2201 ἁμαρτίαις
2552 2123 2738 2182 αὐτοῦ.
2802 2125 2918 2197 Ἐφ’
2977 2125 3038 2180 οὗ
3091 2125 3400 2199 Σουσακείμ
3457 2123 3715 2201 βασιλεὺς
3749 2127 3860 2182 Al-

2201 2213 2410 2292 γύπτου
2468 2215 2568 2284 τὴν
2622 2212 2989 2290 Ἰερουσαλὴμ
3049 2211 3190 2270 ἐλὼν
3247 2211 3498 2293 ἀφείλετο
3557 2215 3624 2270 τὰ
3675 2214 3728 2268 ἐν
3777 2219 3862 2287 τῷ

2198 2308 2310 2376 ναῷ
2339 2305 2431 2360 καὶ
2465 2309 2584 2367 τοῖς
2619 2303 2923 2378 βασιλείοις
2981 2305 3250 2383 χρήματα
3304 2303 3396 2358 καὶ
3447 2304 3516 2358 τὰ
3554 2308 3732 2379 χρυσᾶ
3767 2301 3863 2358 δό-

2201 2413 2335 2468 ρατα
2389 2392 2479 2448 καὶ
2533 2392 2661 2456 τοὺς
2720 2395 2957 2469 χρυσοῦς
3015 2389 3259 2468 θυρεοὺς,
3315 2391 3429 2448 ἀνθ’
3487 2393 3561 2446 ὧν
3607 2392 3862 2470 ἐγένοντο

2199 2477 2428 2557 χαλκοῖ.

2269 2570 2418 2624 Μετά
2492 2565 2548 2624 δὲ
2620 2563 2872 2643 Ῥοϐοᾶμ
2945 2564 3290 2624 ἐϐασίλευσεν
3369 2563 3556 2630 Ἀϐίας
3632 2570 3661 2624 6
3741 2571 3870 2632 υἱὸς

2197 2657 2386 2728 αὐτοῦ,
2419 2657 2509 2712 καὶ
2549 2657 2776 2728 ἐποίησε
2817 2659 2881 2714 τὸ
2937 2658 3178 2733 πονηρὸν
3234 2656 3468 2714 ἐνώπιον
3499 2658 3730 2736 Κυρίου,
3773 2660 3872 2714 καὶ

2199 2746 2458 2804 ἀπέθανεν
2493 2743 2820 2820 βασιλεύσας
2852 2739 2944 2816 ἔτη
2982 2746 3046 2809 ς’.

2271 2834 2418 2893 Μετᾶ
2449 2835 2506 2890 δὲ
2536 2830 2718 2892 Ἀϐίαν
2760 2829 3105 2892 ἐϐασίλευσεν
3165 2835 3299 2892 Ἀσᾶ
3353 2835 3469 2898 υἱὸς
3524 2833 3714 2906 αὐτοῦ,
3768 2846 3866 2900 καὶ

2199 2924 2424 2996 ἐποίησε
2469 2924 2532 2980 τὸ
2587 2924 2829 3000 πονηρὸν
2888 2923 3118 2980 ἐνώπιον
3181 2923 3402 3000 Κυρίου,
3469 2923 3560 2980 καὶ
3626 2925 3876 2984 ἆπεθανε

391 3075 394 3078 ’
442 3011 1020 3155 tusissaenstiosuccessit
1047 3094 1109 3149 in
1142 3107 1319 3164 regno
1347 3091 1708 3164 Josaphatus
1756 3091 1934 3162 (ilius,
1988 3093 2090 3164 qui

437 3185 587 3242 bene
601 3185 824 3256 agendo
853 3181 1168 3239 Dominum
1190 3181 1508 3240 demeritos
1535 3180 1908 3252 est,obiitque
1935 3196 2088 3238 anno

439 3271 604 3346 regni
632 3272 724 3330 25.

509 3366 648 3421 Post
674 3360 1060 3434 Josaphatum
1090 3375 1269 3433 regno
1311 3359 1544 3432 prefuit
1581 3362 1855 3416 Joramus
1899 3357 2078 3425 illius,

437 3455 540 3530 qui
569 3455 628 3511 in
651 3453 837 3510 Deum
854 3452 1072 3526 impius
1093 3452 1242 3521 fuit;
1265 3451 1421 3508 diem
1445 3451 1588 3508 obiit
1607 3451 1900 3509 viscerum
1923 3467 2080 3507 mor-

434 3545 510 3602 bo
542 3543 842 3601 confectus
871 3558 1024 3599 anno
1051 3541 1216 3612 regni
1245 3543 1466 3598 octavo.

506 3635 646 3691 Post
671 3633 977 3690 Joramum
1007 3645 1256 3704 regnum
1287 3629 1549 3704 suscepit
1590 3629 1874 3687 Ochosias
1921 3628 2080 3686 illius

435 3739 657 3782 annum
691 3737 900 3792 unum,
932 3721 1034 3794 qui
1066 3720 1140 3777 ob
1170 3719 1392 3777 scelera
1425 3720 1536 3777 Deo
1567 3719 1808 3778 odiosus
1836 3719 1947 3776 fuit
1973 3736 2080 3776 caa-

435 3829 655 3886 susque
684 3816 774 3870 est
801 3811 875 3869 ab
902 3810 1035 3868 Jeu.

503 3903 763 3962 Ochoziaa
793 3902 853 3958 in
885 3917 1062 3974 regno
1093 3898 1664 3958 successitGotholia
1685 3905 1874 3956 mater
1893 3915 2081 3956 annos

2203 3011 2529 3089 βασιλεύσας
2560 3009 2652 3084 ἔτη
2691 3013 2772 3083 ιζ’.

2270 3103 2416 3158 Μετὰ
2447 3099 2504 3158 δὲ
2528 3103 2662 3160 Ἀσᾶ
2689 3096 3032 3158 ἐϐασίλευσεν
3067 3103 3333 3183 Ἰωσαφάτ
3383 3104 3497 3166 υἱὸς
3543 3101 3734 3173 αύτοῦ,
3770 3106 3872 3160 καὶ

2197 3188 2422 3262 ἐποίησε
2477 3192 2540 3247 τὸ
2600 3192 2750 3256 εύθές
2805 3190 3038 3248 ἐνώπιον
3090 3193 3321 3267 Κυρίου,
3381 3193 3468 3248 καὶ
3535 3191 3870 3264 ἐτελεύτησε

2239 3279 2526 3342 ασιλεύσας
2557 3275 2649 3342 ἔτη
2684 3283 2780 3342 κε’.

2201 3281 2526 3354 βασιλεύσας
2557 3281 2649 3352 ἔτη
2684 3283 2780 3342 κε’.

2115 3326 2158 3394 C
2264 3370 2414 3426 Μετὰ
2464 3367 2521 3425 δὲ
2569 3370 2835 3449 Ἰωσαφὰτ
2877 3365 3222 3428 ἐϐασίλευσεν
3270 3371 3479 3447 Ἰωρὰμ
3507 3371 3626 3434 υἱὸς
3655 3371 3856 3442 αὐτοῦ,

2183 3458 2276 3513 καὶ
2308 3456 2530 3528 ἐποίησε
2561 3459 2624 3514 τὸ
2672 3459 2908 3534 πονηρὸν
2961 3459 3195 3515 ἐνώπιον
3226 3461 3454 3534 Κυρίου,
3487 3461 3578 3515 καὶ
3612 3459 3859 3518 ἀπέθανε

2185 3543 2574 3624 δυσεντερικὸς,
2611 3546 2933 3623 βασιλεύσας
2959 3544 3052 3619 ’ἐτη
3089 3556 3160 3619 η’.

2254 3639 2404 3694 Μετὰ
2459 3637 2666 3710 Ἰωρὰμ
2720 3632 3066 3694 ἐϐασίλευσεν
3146 3637 3402 3713 Ὀχοζίας
3478 3638 3595 3702 υίὸς
3673 3639 3857 3696 αὐτοῦ

2183 3721 2302 3789 ἔτος
2361 3728 2428 3796 α’,
2487 3725 2578 3782 καὶ
2635 3724 2857 3798 ἐποίησε
2913 3728 2976 3782 τὸ
3031 3731 3298 3803 πονηρὸν,
3331 3729 3418 3782 καὶ
3463 3727 3701 3804 ἀνῃρέθη
3741 3730 3856 3785 ὑπὸ

2185 3816 2358 3888 Ἰηοῦ.

2255 3905 2406 3962 Μετὰ
2445 3901 2503 3960 δὲ
2557 3905 2814 3980 Ὀχοζίαν
2863 3903 3178 3962 ἐϐασίλευσε
3235 3905 3470 3962 Γοθολία
3513 3908 3700 3983 μήτηρ
3752 3911 3858 3964 αὖ-

2181 3997 2278 4050 τοῦ
2327 3991 2420 4064 ἔτη
2472 3995 2539 4066 ς’,
2596 3995 2687 4051 καὶ
2750 3994 3026 4052 ἀπέκτεινε
3077 3996 3284 4057 πάντας
3330 3997 3456 4058 τοὺς
3488 3995 3641 4059 υἱοὺς
3671 3997 3861 4077 Ὀχο-

2183 4083 2300 4155 ζίου
2347 4084 2613 4158 παρεκτὸς
2662 4082 2864 4155 νηπΐου
2936 4085 3052 4146 ἐνδς
3109 4082 3469 4147 διασωθέντος
3519 4083 3862 4160 παραδόξως

2184 4173 2289 4228 ὑπὸ
2346 4173 2597 4248 γυναικὸς
2658 4171 2845 4228 Ἰωδαὶ
2898 4177 2997 4228 τοῦ
3053 4173 3262 4247 ἱερέως
3295 4174 3355 4236 ὃς
3412 4172 3499 4228 καὶ
3553 4172 3859 4254 αἰφνιδίως

2181 4261 2527 4338 ἀνηγορεύθη
2563 4259 2820 4337 βασιλεὺς
2881 4262 2986 4317 ὑπὸ
3041 4260 3226 4318 Ἰωδαέ
3280 4267 3378 4318 τοῦ
3415 4259 3625 4337 ἱερέως,
3661 4265 3856 4338 ὑπεὶρ-

2183 4369 2299 4428 χων
2328 4351 2462 4407 ἐτῶν
2525 4352 2587 4422 ζ’.
2647 4354 2707 4409 Ἦ
2769 4348 2828 4406 δέ
2881 4349 3122 4416 Γοθολία
3150 4350 3456 4424 ἀπεκτάνθη
3488 4352 3542 4407 ἐν
3576 4351 3719 4425 οἳκῳ
3745 4359 3857 4410 τοῦ

2184 4438 2476 4518 βασιλεως.

501 4530 605 4585 ‘10
631 4528 959 4585 Gotholiam
1008 4529 1220 4602 excipit
1269 4529 1408 4586 Joas
1455 4529 1723 4586 Ochozim
1768 4527 1926 4585 illius
1979 4544 2074 4586 se-

2251 4531 2404 4590 Μετᾶ
2470 4533 2564 4588 οὗν
2631 4531 2896 4597 Γοθολίαν
2957 4530 3218 4603 ἐπταετῆς
3284 4531 3608 4607 βασιλεύσας
3675 4533 3856 4597 Ἰωᾶς

432 4620 688 4692 ptennis,
720 4618 1102 4692 regnavitque
1133 4636 1318 4676 annos
1349 4619 1751 4692 quadraginta.
1777 4618 1880 4675 Hic
1911 4618 2076 4691 prius

2213 4622 2304 4686 »ἱὸς
2339 4619 2604 4696 Ὀχοζίου
2662 4617 2756 4693 ἔτη
2819 4628 2892 4696 μ’,
2945 4619 3120 4677 ἐποίει
3174 4621 3238 4696 τρ
3284 4620 3428 4683 εὗθὶς
3457 4619 3692 4676 ἐνώπιον
3729 4625 3860 4681 Κυ-

431 4685 504 4766 ob
535 4685 814 4781 pietatem
843 4711 954 4764 Deo
984 4685 1186 4782 gratus
1234 4685 1478 4776 exstitit,
1511 4685 1722 4763 deinde
1769 4685 2078 4770 aberravit,

2213 4712 2332 4782 ιίου,
2373 4710 2490 4765 εἶτα
2543 4709 2914 4786 παρατραπεῖς
2971 4695 3291 4791 ἐσφάγηοέν
3345 4713 3425 4783 τῷ
3479 4709 3619 4784 ο¹ἶκῳ
3647 4711 3854 4770 αὐτοῦ.

429 4797 704 4868 domique
734 4801 990 4853 necatur.
1021 4795 1162 4852 Joas
1189 4795 1531 4852 Zachariam
1569 4794 1912 4867 prophetam
1938 4803 2077 4867 p‘rae-

2213 4804 2276 4861 ῡς
2333 4798 2423 4854 καὶ
2495 4797 2774 4854 ἀπέκτεινε
2855 4799 3129 4878 Ζαχαρίαν
3195 4799 3289 4853 τὸν
3357 4801 3672 4878 προφήτην,
3746 4803 3853 4857 τὸν

429 4887 682 4962 ceptoris
710 4889 804 4944 sui
835 4885 1024 4942 filium
1055 4884 1182 4942 neci
1210 4884 1472 4941 tradidit.
1508 4883 1626 4940 Sub
1659 4883 1752 4940 his
1795 4885 2070 4957 tempori-

2217 4889 2298 4944 ἱὸν
2325 4892 2424 4944 τοῦ
2455 4884 2786 4944 διδασκάλου
2816 4885 2998 4944 αύτοῦ.
3056 4889 3172 4965 Ἐφ’
3219 4888 3281 4942 οὗ
3311 4889 3347 4958 ἡ
3381 4883 3632 4944 Σίϐυλλα
3669 4885 3858 4965 ἐγνω-

427 4978 540 5036 bus
568 4976 786 5050 Sibylla
813 4974 970 5033 clara
989 4975 1292 5031 habeatur.

2223 4979 2384 5050 ίζετο.

499 5069 632 5126 Post
661 5069 796 5125 Joas
827 5065 1070 5138 imperio
1102 5061 1329 5134 praefuit
1360 5061 1632 5119 Amasias
1681 5061 1837 5119 illius
1886 5081 2072 5122 annos

2252 5067 2404 5126 Μετᾶ
2461 5065 2517 5123 δὲ
2569 5067 2725 5132 Ἰωὰς
2779 5061 3124 5123 ἐϐασίλευσεν
3186 5067 3448 5141 Ἀμασίας
3488 5068 3608 5132 ὒὶὸς
3660 5070 3852 5126 αὐτοῦ

424 5157 635 5230 viginti
667 5173 894 5228 novem,
921 5155 1014 5211 vir
1055 5155 1329 5225 spectatae
1351 5150 1412 5207 in
1465 5151 1646 5208 Deum
1696 5151 1953 5224 pietatis.
2006 5157 2069 5211 In

2213 5181 2269 5230 τη
2301 5160 2398 5229 κθ’,
2431 5157 2520 5213 καὶ
2551 5155 2772 5230 ἐποίησε
2796 5159 2858 5213 τὸ
2889 5157 3041 5222 εὐθὲς
3093 5155 3326 5214 ἐνῶπιον
3361 5157 3590 5234 Κυρίου·
3623 5157 3843 5237 ἐσφάγη

426 5249 626 5320 ριιωιὶο
656 5248 1038 5304 obtruncatus
1065 5247 1177 5301 est.

2213 5251 2238 5304 ὲ
2264 5247 2320 5304 ἐν
2348 5251 2428 5320 τῷ
2460 5243 2720 5322 πολέμῳ.

496 5339 741 5394 Amasis:
773 5335 1034 5394 succedit
1062 5335 1121 5389 in
1144 5347 1320 5405 regno
1337 5332 1501 5390 Ozias
1521 5331 1697 5402 illius,
1724 5333 1822 5406 qui
1846 5337 1901 5391 et
1920 5336 2062 5390 Aza-

2247 5337 2396 5394 Μετὰ
2461 5333 2519 5390 δὲ
2586 5335 2846 5406 Ἀμασίαν
2913 5330 3260 5391 ἐϐασίλευσεν
3327 5333 3512 5406 Ὀζίας
3617 5337 3646 5390 6
3749 5338 3860 5394 καὶ

425 5425 562 5490 tias,
586 5427 756 5483 annis
779 5428 870 5483 52.
897 5428 946 5483 Is
964 5425 1236 5482 Numinis
1257 5422 1713 5482 benevolentiam
1736 5429 2061 5494 assecutus,

2213 5427 2450 5500 \Caplaq,
2503 5425 2618 5488 υἱὸς
2677 5426 2845 5480 αὐτοῦ
2904 5424 2996 5496 ἔτη
3052 5426 3157 5498 νβ’,
3214 5426 3304 5480 καὶ
3339 5425 3564 5497 ἐποίησε
3593 5427 3657 5482 τὸ
3690 5427 3866 5496 εύθὲς

423 5527 556 5566 cum
590 5529 864 5586 prospera
893 5518 1104 5574 cuncta
1134 5514 1246 5572 sibi
1277 5515 1458 5571 fluere
1487 5514 1732 5585 videret,
1779 5514 1919 5570 ﬂatu
1968 5519 2062 5570 tu-

2213 5519 2404 5573 νώπιον
2461 5514 2688 5590 Κυρίου,
2751 5515 2840 5569 καὶ
2900 5513 3262 5589 εὖοδούμενος
3320 5513 3558 5590 ἐπήρθη,
3619 5515 3711 5570 καὶ
3766 5515 3856 5588 δὴ

423 5614 590 5657 mens
615 5601 800 5658 voluit
825 5603 1072 5675 ipsemet
1091 5603 1208 5660 Deo
1229 5603 1533 5661 incensum
1559 5604 1764 5660 oll’erre
1787 5617 1802 5672 ;
1825 5603 1906 5660 sic
1923 5621 2057 5661 cum

2213 5606 2402 5680 ιλήσας
2461 5608 2720 5678 θυμιᾶσαι
2783 5609 2865 5678 τῷ
2920 5609 3036 5678 Θεῷ
3117 5605 3284 5666 αὐτὸς
3340 5607 3430 5683 ἄρ’
3485 5604 3685 5662 ἐαυτοῦ
3741 5607 3862 5662 καὶ

435 4009 557 4062 sex,
589 4010 717 4066 ques
747 4008 951 4049 omnes
979 3989 1238 4048 Ochezim
1268 3989 1484 4047 liberos
1513 3994 1721 4062 prater
1760 4005 1942 4046 unum
1988 3989 2081 4045 in-

435 4085 656 4140 fintem
683 4083 756 4139 ab
786 4082 964 4138 Jodae
991 4079 1314 4137 sacerdotis
1343 4095 1522 4136 uxore
1551 4083 1758 4152 printer
1778 4079 2080 4135 hominum

433 4173 771 4247 Opinionem
823 4181 1111 4228 servatum
1133 4169 1446 4226 interemit.
1480 4169 1535 4226 Is
1564 4184 1633 4225 ex
1661 4167 1975 4241 improviso
2005 4169 2078 4225 ab

432 4264 615 4322 Jodae
669 4262 971 4320 sacerdote
1025 4261 1326 4334 septennia
1375 4275 1475 4317 rex
1519 4262 1768 4318 creatur.
1812 4259 2079 4316 Gotholia

431 4369 567 4410 vero
598 4352 659 4407 in
685 4351 846 4424 regia
871 4350 1240 4409 interﬁcitur.
