4062 6202
275 411 398 472 237
1657 409 2325 478 CHRONOGRAPHIA
3577 433 3695 494 238
3718 408 3722 411 ”

268 542 536 616 θυμιάσας
601 541 762 603 εὐθὺς
836 539 1165 616 ἓλεπρώθη,
1233 542 1324 597 καὶ
1393 538 1570 605 οὕτως
1649 540 1889 602 ἐτελεύττ

2012 605 2022 620 _
2051 549 2113 606 in
2144 551 2360 623 templo
2393 554 2760 630 adolevisset,
2793 563 3031 634 repente
3063 561 3224 637 lepra
3254 563 3480 625 obsitus
3517 572 3608 627 est
3636 575 3696 628 et

270 654 354 688 σεν
365 675 380 688 .

2051 640 2234 696 vitam
2267 642 2495 702 eti‘udit.

337 727 495 782 Μετὰ
558 721 613 778 δὲ
683 725 867 793 Ὀζίαν
925 717 1274 780 ἐϐασίλευσεν
1331 726 1556 782 Ἰωάθαν
1603 726 1720 792 υἱὸς
1766 726 1889 784 αὐτο

2118 729 2255 788 Post
2285 732 2480 791 Oziam
2508 751 2754 810 regnum
2777 740 3374 804 obtinuitJoathanus
3396 747 3553 805 {ilius
3586 767 3694 808 an-

267 812 360 887 ἔτη
401 825 487 887 ις’,
531 813 625 871 καὶ
685 813 910 886 ἐποίησε
960 815 1023 869 τὸ
1078 812 1229 878 εύθές
1295 813 1525 873 ἐνώπιον
1579 817 1804 893 Κυρίου,
1836 839 1889 874 κα

2046 834 2151 875 nos
2179 822 2493 891 sexdecim,
2533 841 2664 897 plus
2703 845 2771 885 ac
2813 829 3123 902 religiosus
3180 834 3290 906 vir,
3337 843 3391 894 et
3425 845 3690 899 mortuus

269 905 647 976 ἐτελεύτησεν.
2045 911 2156 966 est.

339 995 495 1052 Mati
547 991 603 1049 δὲ
657 994 877 1058 Ἰωαθαν
942 987 1282 1050 ἐϐασίλευσεν
1352 995 1530 1072 Ἀχὰζ
1581 997 1698 1061 υἱὸς
1765 996 1889 1055 αὐτο

2115 1000 2251 1058 Post
2279 1003 2633 1064 Joathanum
2667 1009 2906 1082 imperio
2946 1013 3175 1084 praefuit
3220 1018 3484 1077 Acbarus
3529 1021 3685 1080 filius

267 1082 356 1156 ἔτη
424 1090 510 1154 ιζ’,
568 1084 661 1138 καὶ
719 1085 956 1155 ποιήσας
1005 1083 1069 1139 τὸ
1125 1085 1367 1156 πονηρὸν
1426 1086 1658 1143 ἐνώπιον
1718 1086 1889 1164 Κυρίο

2041 1105 2226 1148 annos
2257 1095 2676 1169 sexdecim,vir
2697 1116 2952 1174 nequam
2985 1107 3041 1160 et
3068 1104 3307 1180 impius,
3336 1114 3392 1166 et
3422 1119 3683 1170 mortuus

266 1175 525 1230 ἀπέθανεν
536 1220 549 1233 .

2041 1188 2146 1237 est.

337 1265 496 1321 Μετὰ
565 1261 622 1319 δὲ
681 1264 864 1339 Ἀχᾶζ
916 1258 1260 1320 ἐϐασίλευσεν
1319 1266 1562 1336 Ἐζεκίας
1611 1267 1727 1330 υἱὸς
1758 1269 1889 1323 αὐτο

2110 1271 2317 1329 Acbazi
2349 1291 2590 1348 regnum
2614 1281 2839 1354 excepit
2866 1284 3138 1344 Ezechias
3169 1288 3349 1361 ﬁlius,
3381 1291 3591 1363 pietate
3621 1294 3680 1352 in

263 1351 354 1424 ἔτη
401 1356 506 1424 κθ’,
571 1353 661 1407 καὶ
718 1353 942 1424 ἐποίησε
994 1353 1056 1408 τὸ
1111 1353 1260 1417 εὐθές
1316 1352 1548 1410 ἐνώπιον
1581 1355 1804 1432 Κυρίου,
1834 1378 1889 1412 κο

2041 1359 2224 1417 Deum
2270 1368 2738 1427 commendatus.
2783 1371 2966 1444 Regni
3024 1392 3178 1434 anno
3207 1379 3488 1451 vigesimo
3529 1401 3680 1441 nono

261 1442 637 1513 ἐτελεύτησεν.
692 1443 809 1520 Ἐφ’
864 1442 926 1496 οὗ
981 1443 1047 1510 ἧν
1102 1442 1131 1497 6
1181 1445 1473 1506 Μωσαϊκὸς
1525 1443 1771 1522 χαλκοῦς
1802 1441 1889 1526 ὅφι

261 1524 373 1545 ι,-
728 1528 812 1545 μ,
1029 1525 1088 1545 ο,
1345 1531 1370 1545 ..
1471 1533 1566 1545 ..
1773 1536 1866 1545 _..__

2040 1449 2194 1506 diem
2239 1452 2404 1509 obiit.
2438 1455 2602 1513 Illius
2643 1462 2809 1516 estate
2858 1441 3149 1521 h—losaicus
3205 1441 3401 1526 aeneus
3441 1488 3682 1545 serpens

257 1524 553 1605 ἔτυπαρὰ
610 1528 890 1588 Ἰουδαίων
964 1525 1283 1605 σεϐόμενος,
1339 1531 1398 1587 ὅν
1458 1533 1711 1610 ἠφάνισεν
1771 1524 1889 1605 Ἐζε

2039 1537 2231 1593 adhuc
2262 1547 2563 1611 supererat
2609 1561 2643 1600 a
2690 1546 2911 1605 Judzeis
2940 1549 2998 1606 in
3029 1555 3399 1613 veneratione
3429 1524 3681 1618 habitus.

255 1620 396 1692 κίας,
433 1621 616 1694 ὥσπερ
678 1619 745 1692 δὴ
807 1622 898 1677 καὶ
954 1623 1051 1685 τὰς
1110 1618 1342 1698 βίϐλους
1375 1628 1474 1680 τοῦ
1532 1624 1889 1699 Σολομῶντος

2037 1626 2183 1682 Eum
2218 1627 2509 1698 Ezechias,
2542 1633 2694 1690 sicut
2724 1639 2780 1692 et
2804 1636 3133 1697 Salomonis
3172 1641 3372 1716 libros,
3408 1651 3688 1718 expunxit

255 1712 371 1786 Ἐξ
435 1711 511 1764 ὧν
571 1711 790 1785 χρόνων
845 1713 1066 1785 Ῥῶμος
1123 1712 1211 1766 καὶ
1268 1711 1464 1803 Ῥἐμος
1519 1708 1889 1772 ἐϐασίλευονέ

2038 1719 2095 1771 et
2150 1716 2221 1773 de
2279 1719 2473 1776 medio
2527 1723 2784 1780 sustulit.
2818 1725 2922 1784 His
2970 1733 3337 1803 temporibus
3360 1708 3598 1795 'Romus
3631 1747 3691 1796 et

253 1773 478 1875 Ῥωμῃ,
692 1773 1030 1870 Σίϐυλλαιὴ
1091 1773 1889 1902 Ἐρυθραίαέχνωρίζξτομξς

2036 1804 2253 1863 Remus
2311 1773 2502 1865 Romae
2528 1773 3190 1898 73113513,.
3221 1773 3692 1902 ξῖἒῑίξξιῖἐυὲτξί

256 1891 314 1944 οὗ
526 1890 884 1966 Σεναχηρεὶμ
937 1861 1075 1946 κατὰ
1122 1861 1486 1966 ’ίερουσαλήιέ
1547 1861 1772 1967 έναϐας,
1831 1861 1889 1952 δέ

2035 1861 2213 1952 thraca
2265 1897 2515 1956 illustris
2547 1861 2695 1961 erat.
2737 1904 2807 1962 Et
2858 1908 2954 1962 ’17
2989 1861 3442 1971 Senac’berimu;
3472 1861 3682 1974 Hiera:-

257 1980 404 2034 θείου
453 1977 700 2056 ἀγγέλου
731 1979 784 2034 ἐν
817 1984 916 2053 μιᾷ
945 1981 1097 2036 νυκτὶ
1150 1989 1263 2057 ρπε¹
1306 1979 1568 2057 χιλιάδας
1598 1979 1889 2042 ἀποϐαλὼν

2025 1983 2207 2041 salem
2222 2002 2591 2060 oppugnans,
2607 1998 2841 2050 centum
2872 1997 3210 2070 octuaginta
3223 2003 3482 2073 quinque
3500 2006 3678 2063 milli~

260 2071 377 2143 μετ’
409 2069 686 2148 αἰσχύνης
716 2069 1062 2145 ὑπέστρεψεν.

2023 2073 2135 2129 bus
2166 2090 2270 2145 per
2327 2077 2596 2149 angelum
2650 2098 2768 2138 una
2816 2091 2977 2142 nocte
3017 2069 3344 2161 trucidatis,
3375 2069 3658 2152 dedecore

2023 2167 2261 2235 opertus
2291 2182 2558 2226 reversus
2588 2174 2697 2227 est.

2091 2255 2554 2315 Posthechiam
2596 2259 2898 2320 Manasses
2936 2264 3096 2322 ﬁlius
3141 2284 3385 2340 regnum
3416 2272 3664 2333 obtinuit

2020 2356 2204 2398 annos
2219 2343 2651 2419 quinquaginta
2683 2350 2966 2424 quinque,
2981 2371 3254 2428 magnum
3268 2361 3477 2420 Isaiam
3501 2382 3662 2422 serra

2018 2430 2235 2504 divisit,
2266 2433 2728 2510 Hierosolymam
2759 2439 3158 2503 innocentium
3173 2451 3458 2522 sanguine
3489 2454 3662 2512 inun-

2017 2519 2197 2590 davit,
2245 2524 2356 2579 Deo
2415 2540 2647 2584 exosus.
2683 2529 2940 2588 Tandem
2974 2543 3102 2607 post
3153 2519 3446 2597 excidium
3478 2549 3536 2598 et
3564 2561 3663 2600 ca-

2016 2612 2347 2685 ptivitatem
2378 2619 2822 2678 eumsceleratrs
2855 2624 2984 2681 vitae
3019 2628 3307 2699 paenituit,
3339 2631 3666 2704 sicquevita

2017 2703 2259 2780 functus
2290 2711 2401 2763 est.

2084 2793 2336 2850 Manassi
2366 2797 2652 2854 successit
2674 2799 2733 2855 in
2756 2815 2934 2872 regno
2961 2807 3216 2863 Amosus
3239 2807 3419 2877 filius,
3452 2827 3662 2884 regna-

2010 2879 2094 2936 vit
2123 2897 2308 2939 annos
2345 2883 2516 2972 duos,
2555 2901 2660 2942 nec
2689 2903 2753 2945 se
2795 2905 2934 2962 erga
2963 2891 3146 2950 Deum
3201 2895 3360 2967 pium
3393 2879 3658 2972 praebuit,

2011 2970 2380 3044 propriisque
2409 2971 2470 3029 in
2511 2975 2731 3033 (edibus
2761 2979 3093 3040 trucidatus
3131 2988 3238 3042 est.

2079 3063 2362 3116 Amosum
2383 3063 2606 3136 excepit
2624 3064 2817 3122 Josias
2835 3067 3190 3128 filiuststatis
3201 3091 3487 3133 annorum
3505 3084 3656 3138 octo.

2009 3149 2294 3222 Regnavit
2344 3168 2529 3210 annos
2575 3155 2817 3223 triginta
2849 3174 3056 3220 unum.
3113 3163 3213 3220 llic
3261 3166 3396 3224 fecit
3431 3179 3652 3229 rectum

2011 3255 2206 3295 coram
2230 3241 2496 3299 Domino.
2545 3244 2771 3317 Sagitta
2809 3248 3118 3308 confossus
3165 3253 3220 3309 in
3256 3258 3452 3328 praelia
3482 3276 3653 3318 occu-

2007 3327 2156 3383 buit.
2191 3328 2268 3384 Eo
2298 3333 2556 3402 tempore
2605 3333 2940 3406 Byzantium
2975 3356 3007 3395 a
3030 3341 3174 3412 Byzo
3202 3327 3488 3406 Thracum
3520 3367 3652 3423 rege

2009 3417 2422 3476 exadiﬁoatur.

2070 3505 2205 3562 Post
2232 3507 2452 3568 Josiam
2483 3515 2748 3584 regnavit
2776 3516 3103 3576 Joacbazus
3149 3522 3329 3581 ﬁlius.
3363 3528 3418 3582 Is
3449 3528 3650 3584 volun-

2000 3594 2107 3651 tati
2153 3594 2257 3652 Dei
2301 3597 2662 3669 adversatus,
2717 3609 2926 3677 captus
2977 3626 3009 3665 a
3068 3626 3202 3682 rege
3248 3617 3646 3688 JEgyptiorum

1999 3684 2309 3743 Necbaone
2340 3687 2748 3764 abductusque
2792 3703 2877 3750 est
2906 3697 2964 3752 in
2997 3703 3329 3772 Egyptum,
3355 3684 3462 3762 ubi
3493 3708 3644 3762 occi-

1998 3775 2107 3846 dit,
2140 3792 2271 3833 cum
2293 3777 2608 3850 imperium
2631 3783 2920 3840 tenuisset
2951 3801 3179 3845 menses
3210 3794 3346 3849 tres.

324 2249 480 2305 Μετὰ
585 2245 644 2304 δὲ
718 2249 960 2319 Ἐζεκίαν
1046 2243 1360 2306 ἐϐασίλευσε
1434 2252 1724 2324 Μανασσῆς
1799 2255 1915 2318 υἱὸς

251 2338 422 2392 αύτοῦ
458 2333 556 2408 ἔτη
601 2338 693 2407 νε’,
746 2339 774 2393 6
823 2338 914 2392 καὶ
956 2338 1046 2394 τὸν
1095 2338 1258 2416 μέγαν
1312 2339 1534 2395 Ἡσαΐαν
1582 2342 1784 2417 πρίσας
1820 2344 1912 2400 καὶ

247 2429 344 2496 τήν
401 2425 775 2502 Ἰερουσαλὴμ
827 2429 1019 2493 ἆθώων
1080 2428 1329 2503 αἱμάτων
1391 2429 1608 2501 πλήσας
1687 2431 1779 2488 καὶ
1847 2433 1909 2489 τὸ

250 2517 494 2591 πονηρὸν
527 2515 766 2572 ἐναντίον
823 2517 1026 2592 Κυρίου
1083 2518 1339 2588 ποιήσας.
1396 2524 1647 2593 Ὕστερον
1687 2517 1744 2576 δέ
1777 2519 1912 2596 μετᾶ

245 2608 343 2675 τὴν
381 2605 593 2662 ἅλωσιν
625 2607 714 2661 καὶ
746 2604 1133 2682 αἰχμαλωσίαν
1185 2607 1356 2662 αὐτοῦ
1391 2607 1642 2681 μετανοίᾳ
1669 2605 1907 2686 διορθω-

252 2698 490 2769 σάμενος
513 2696 762 2753 ἀπέθανε.

315 2785 470 2842 Μετᾶ
526 2782 584 2840 δὲ
632 2787 927 2854 Μανασσῆν
982 2779 1326 2842 ἐϐασίλευσεν
1375 2786 1561 2861 Ἀμὼς
1591 2787 1707 2852 υἳὸς
1739 2790 1906 2846 αὐτοῦ

247 2870 340 2944 ἔτη
379 2875 446 2949 β’,
479 2875 570 2928 καὶ
617 2872 842 2944 ἐποίησε
885 2874 948 2929 τὸ
1001 2874 1242 2950 πονηρὸν
1290 2873 1521 2932 ἐνώπιον
1563 2877 1783 2951 Κυρίου,
1814 2878 1904 2935 καὶ

247 2964 459 3038 ἐσφάγη
495 2961 547 3017 ἐν
579 2967 661 3035 τῷ
692 2961 829 3035 οἲκῳ
861 2960 1046 3019 αὐτοῦ.

318 3052 477 3110 Μετᾶ
524 3050 581 3108 δὲ
631 3052 813 3126 Ἀμὼς
861 3047 1202 3109 ἐϐασίλευσεν
1254 3053 1468 3118 Ἰωσίας
1515 3054 1681 3111 αὐτοῦ
1730 3055 1904 3132 ὑπάρ-

248 3161 366 3217 χων
401 3142 522 3205 utr);
560 3141 655 3213 ἔτη
688 3144 794 3213 λα’,
843 3144 975 3198 ἐτῶν
1024 3143 1288 3222 ὑπάρχων
1336 3146 1406 3216 η’,
1451 3145 1540 3201 καὶ
1587 3145 1811 3218 ἐποίησε
1838 3147 1902 3204 τὸ

244 3233 395 3295 εύθές
429 3233 664 3288 ἐνώπιον
695 3234 922 3306 Κυρίου,
953 3235 1040 3289 καὶ
1091 3231 1408 3305 ἐτελεύτησε
1432 3238 1699 3308 τοξευθεὶς
1732 3237 1783 3294 ἐν
1817 3243 1898 3312 τῷ

240 3321 504 3396 πολέμῳ·
527 3324 647 3402 Ἐφ’
677 3324 752 3377 ὧν
780 3323 998 3398 χρόνων
1027 3323 1115 3378 καὶ
1149 3323 1212 3379 τὸ
1263 3325 1553 3394 Βυζάντιον
1588 3325 1691 3382 ὑπὸ
1720 3327 1896 3399 Βύζου

246 3411 519 3485 βασιλέως
549 3411 769 3476 ἐκτίσθη
804 3413 904 3482 τῆς
929 3413 1161 3486 Θρᾴκης.

309 3506 465 3561 Μετὰ
511 3502 569 3560 δὲ
617 3504 830 3561 Ἰωσίαν
894 3499 1235 3560 ἐϐασίλευσεν
1288 3507 1527 3584 Ἰωάχαζ
1569 3507 1686 3571 υἱὸς
1729 3507 1897 3564 αὐτοῦ

246 3600 418 3664 μῆνας
462 3595 533 3668 γ’,
583 3592 676 3649 καὶ
726 3591 954 3664 ἐποίησε
996 3594 1058 3648 τὸ
1108 3594 1352 3668 πονηρὸν
1384 3592 1616 3652 ἐνώπιον
1665 3594 1895 3674 Κυρίοο,

247 3684 330 3736 καί
363 3681 599 3757 ληφθεὶς
631 3681 734 3737 ὕπὸ
778 3683 980 3758 Νεχαὼ
1032 3681 1304 3759 βασιλέως
1350 3684 1632 3760 Αἰγύπτου
1660 3686 1891 3762 ἀπήχθη

246 3771 320 3832 εἷς
349 3771 656 3846 Λῖγυπτον,
691 3771 742 3828 ἐν
830 3773 919 3827 καὶ
940 3771 1217 3837 ἀπέθανεν.

312 3861 463 3918 Μετᾶ
546 3858 606 3916 δὲ
688 3861 924 3938 Ἰωάχαζ
993 3857 1338 3919 ἐϐασίλευσεν
1404 3866 1662 3940 Ἰωακεῖμ
1707 3867 1734 3922 ὁ
1801 3869 1890 3924 καὶ

245 3949 551 4022 Ἐλιακεὶμ,
612 3951 640 4005 ὁ
681 3949 917 4029 ἀδελφὸς
973 3951 1160 4014 αὐτοῦ.
1209 3947 1302 4024 ἔτη
1339 3955 1429 4023 ια’,
1460 3956 1548 4010 καὶ
1582 3956 1805 4028 ἐποίησε
1827 3959 1889 4014 τὸ

241 4040 480 4114 πονηρὸν
542 4039 772 4095 ἐνώπιον
838 4039 1060 4116 Κυρίου.
1136 4043 1232 4097 Καὶ
1291 4041 1464 4098 ἐλθὼν
1526 4040 1888 4121 Ναϐουχοδο-

237 4126 395 4201 νόσορ
470 4130 574 4198 τὴν
668 4134 841 4184 πᾶσαν
914 4127 1176 4186 Ἰουδαίαν
1251 4130 1526 4211 ὑπόφορον
1612 4133 1885 4206 ἐποίησεν.

236 4217 630 4290 ’Δθετήσαντος
680 4217 736 4275 δὲ
811 4219 1140 4296 φορολογίαν
1215 4223 1471 4298 Ἰωακεὶμ
1542 4224 1680 4296 ⁴ἦλθε
1721 4227 1888 4284 πάλιν

232 4306 305 4369 εἷς
348 4310 720 4384 Ἰερουσαλήμ
769 4305 1279 4387 Ναϐουχοδονόσορ,
1329 4314 1419 4369 καὶ
1456 4318 1650 4371 τοῦτον
1679 4336 1886 4392 χιιρωο

232 4398 457 4470 σαμένος
477 4398 566 4454 καὶ
590 4397 801 4455 ἀνελὼν
821 4396 926 4455 ἆπὸ
953 4404 1051 4455 τοῦ
1081 4400 1299 4476 τείχους
1319 4400 1540 4483 ῥιφῆναι
1570 4405 1882 4480 προσέταξε,

231 4486 319 4540 καὶ
350 4486 552 4566 ἄταφον
573 4487 664 4544 ἐπὶ
701 4486 880 4545 πολὺν
907 4488 1167 4546 κατέλιπε
1195 4495 1420 4566 χρόνον.

301 4577 446 4632 Μετᾶ
515 4575 574 4632 δὲ
633 4578 892 4652 Ἰωακείμ
954 4573 1298 4636 ἐϐασίλευσεν
1355 4581 1617 4658 Ἰεχονίας
1666 4584 1694 4639 ὁ
1764 4586 1880 4649 υἱὸς

2065 3865 2348 3922 Joacbazo
2379 3871 2663 3926 successit
2701 3871 3039 3934 Joachimus
3071 3879 3268 3952 frater,
3291 3885 3384 3939 cui
3409 3889 3466 3941 et
3494 3887 3644 3942 Elia-

1994 3955 2146 4012 oimo
2177 3971 2412 4026 nomen,
2445 3975 2632 4016 annos
2654 3963 2948 4022 undecim.
2975 3967 3139 4026 Hunc
3161 3978 3396 4045 propter
3424 3977 3643 4035 scelera

1992 4048 2293 4102 aversatus
2359 4050 2450 4103 est
2505 4048 2811 4110 Dominus.
2865 4057 3051 4121 Quare
3106 4060 3643 4125 Nabuchodonosor

1990 4133 2257 4191 Judwam
2317 4135 2598 4194 invadens
2655 4155 2790 4198 eum
2830 4144 2947 4202 sibi
2977 4149 3316 4223 vectigalem
3341 4155 3493 4212 fecit.
3524 4159 3636 4215 Sed

1991 4240 2126 4281 cum
2153 4224 2495 4283 Joachimus
2515 4225 2807 4300 imperata
2837 4233 3060 4294 solvere
3083 4249 3400 4313 recusaret,
3426 4245 3633 4306 iterum

1990 4314 2329 4388 irrumpens
2351 4315 2815 4389 Hierosolymam
2847 4326 3022 4398 cepit,
3060 4343 3370 4405 regemque
3399 4342 3636 4410 captum

1989 4418 2324 4476 casumque
2356 4419 2570 4501 smuro
2600 4410 2958 4484 pracipitem
2991 4415 3138 4485 dari,
3163 4419 3638 4501 insepultumque

1991 4491 2090 4547 diu
2115 4492 2313 4563 jacere
2327 4493 2534 4563 jussit.

2059 4579 2159 4636 18
2193 4580 2571 4641 Joacbimum
2622 4590 2852 4662 excepit
2894 4595 3208 4657 Jechonias
3242 4602 3417 4675 lilius,
3449 4608 3550 4679 qui
3582 4614 3638 4666 et

233 4664 415 4732 αὐτοῦ,
475 4667 504 4722 6
552 4666 643 4721 καὶ
695 4667 974 4742 Ἰωακεὶμ,
1043 4665 1130 4723 διὰ
1175 4669 1600 4746 προστάγματος
1666 4670 1880 4731 Ναϐου-

2019 4671 2345 4743 oachimus,
2356 4687 2457 4745 per
2471 4690 2706 4736 menses
2725 4683 2842 4739 tres
2869 4684 2983 4742 :sio
3005 4688 3160 4747 enim
3179 4657 3636 4758 Nabuchodono-

233 4751 534 4829 χοδονόσορ
608 4763 780 4830 μῆνας
842 4763 1008 4831 τρεῖς,
1067 4757 1158 4812 καὶ
1223 4756 1445 4830 ἐποίησε
1508 4762 1571 4816 τὸ
1631 4763 1876 4842 πονηρὸν

233 4841 461 4900 ἐναντίον
510 4845 730 4919 Κυρίου.
788 4847 884 4900 Καὶ
937 4847 1060 4921 περί
1117 4869 1245 4910 τους
1303 4849 1505 4925 φόρους
1551 4841 1877 4927 ἀγνωμονή-

235 4950 415 4992 σαντος
487 4932 658 4988 αὐτοῦ
749 4933 914 5004 ἦλθεν
984 4935 1139 5000 αὗθις
1214 4933 1712 5016 Μαϐουχοδονόσορ
1799 4943 1875 5006 είς

233 5017 618 5093 Ἰερουσαλὴμ,
664 5021 756 5076 καὶ
816 5025 910 5078 τὸν
959 5021 1208 5079 Σεδεκίαν
1249 5025 1360 5080 ἀντ’
1409 5026 1573 5082 αὐτοῦ
1606 5032 1875 5103 καταστή-

235 5123 323 5166 σας
370 5106 642 5180 ἀπῴκισεν
698 5107 776 5172 εἰς
826 5104 1134 5165 Βαϐυλῶνα
1185 5110 1452 5190 Ἰεχονίαν
1508 5115 1597 5170 καὶ
1628 5117 1728 5186 τήν
1764 5140 1876 5190 μη·-

233 5190 355 5263 τέρα
381 5194 469 5249 καὶ
506 5194 637 5256 τοὺς
667 5196 941 5271 ἄρχοντας
990 5197 1179 5254 αὐτοῦ.
1233 5200 1512 5275 Ἐξήνεγκε
1543 5199 1600 5258 δὲ
1629 5204 1716 5259 καὶ
1748 5204 1875 5269 τοὺς

241 5280 529 5355 θησαυροὺς
572 5283 779 5355 Κυρίου
827 5285 918 5339 καὶ
973 5290 1071 5340 τοῦ
1131 5286 1402 5362 βασιλέως
1447 5290 1536 5345 καὶ
1582 5293 1648 5347 τὰ
1697 5301 1876 5371 χρυσᾶ

240 5369 390 5440 σκεύη
421 5372 613 5440 πάντα,
644 5367 676 5426 ἅ
705 5370 932 5443 ἐποίησε
959 5373 1228 5450 Σολομῶν
1261 5376 1312 5433 ἐν
1341 5379 1456 5452 ναῷ
1484 5378 1703 5455 Κυρίου.

303 5552 445 5606 Μετὰ
479 5550 537 5606 δὲ
572 5552 835 5628 Ἰεχονίαν
895 5550 1211 5611 ἐϐασίλευσε
1267 5555 1517 5623 Σεδεκίας
1568 5560 1875 5638 πατραδελ-

230 5656 325 5711 ρος
372 5641 536 5696 αὐτοῦ
594 5640 688 5713 ἔτη
731 5645 798 5717 γ’,
847 5645 937 5700 καὶ
984 5643 1207 5716 ἐποίησε
1253 5648 1316 5702 τὸ
1363 5651 1601 5724 πονηρὸν
1632 5649 1868 5711 ἐναντίον

226 5727 440 5802 Κυρίου·
497 5731 586 5786 καὶ
646 5731 772 5808 περὶ
829 5734 927 5806 τήν
987 5734 1319 5813 φορολογίαν
1379 5738 1640 5806 ὡσαύτως
1690 5762 1868 5820 παρα..

1986 4777 2156 4818 sorus
2190 4762 2248 4817 in
2272 4763 2565 4822 mandatis
2588 4767 2849 4830 dederat.
2868 4773 3020 4848 Erga
3049 4779 3240 4838 Deum
3273 4784 3490 4857 impius
3507 4790 3631 4847 fuit.

1984 4848 2090 4906 Hic
2111 4865 2246 4906 cum
2304 4851 2525 4910 tributa
2555 4857 2713 4915 mala
2742 4859 2856 4919 ﬁde
2890 4868 3264 4939 persolveret,
3303 4848 3496 4934 valida
3525 4878 3631 4934 ite-

1984 4955 2115 4995 rum
2145 4955 2322 4996 manu
2354 4940 2961 5010 Nabuchodonosorus
2991 4955 3448 5033 Hierosolymam
3480 4967 3630 5022 obsi-

1983 5027 2154 5085 dione
2205 5029 2412 5104 cingit,
2467 5036 2525 5089 et
2579 5035 2869 5097 Jechonits
2913 5059 3157 5117 regnum
3217 5027 3275 5104 in
3328 5052 3626 5110 Sedeciam

1983 5118 2279 5186 transfert,
2311 5135 2400 5190 eo,
2463 5126 2644 5213 matre
2678 5127 3034 5203 reliquisque
3077 5136 3234 5193 illius
3265 5140 3628 5213 principibus

1982 5207 2336 5280 Babylonem
2382 5211 2676 5270 adductis.
2718 5217 3048 5278 Thesauros
3102 5224 3238 5280 item
3266 5207 3476 5288 omnes
3506 5237 3625 5291 tam

1979 5402 2147 5457 quam
2213 5385 2490 5445 Salomon
2550 5390 2610 5447 in
2665 5392 2839 5452 domo
2897 5399 3121 5458 Domini
3181 5385 3628 5486 praeparaverat,

1985 5476 2326 5549 exportavit.

2051 5569 2190 5624 Post
2217 5566 2564 5627 Jechoniam
2603 5573 2879 5635 Sedecias
2919 5585 3166 5653 patruus
3201 5605 3445 5664 regnum
3478 5598 3629 5655 obti-

1979 5657 2107 5716 nuit
2138 5671 2325 5713 annos
2375 5661 2514 5728 tres,
2545 5661 2634 5718 vir
2688 5665 2949 5739 injustus
2993 5679 3048 5730 et
3078 5657 3318 5752 impius,
3361 5686 3460 5756 qui
3491 5705 3622 5744 cum

1977 5746 2164 5822 pactis
2198 5761 2306 5807 nec
2329 5746 2452 5821 ipse
2477 5751 2758 5830 stetisset,
2806 5761 2976 5821 tertio
3007 5746 3616 5832 Nabuchodonosorus
