4062 6202
354 353 474 416 239
1928 332 1997 397 Ι(

2127 328 2192 392 lS
3648 331 3759 393 240

2027 458 2518 539 Ασπονδήσαντος
2583 456 2750 514 ὰῦτοῦ
2819 456 2960 527 ἦλθε
3017 456 3187 515 πάλιν
3254 454 3765 536 Ναϐουχοδονόσορ,

2116 550 2205 607 καὶ
2250 551 2352 619 τὴν
2399 549 2496 623 μὲν
2543 545 2707 603 πόλιν
2737 549 2910 601 πᾶσαν
2971 542 3304 623 παραλαϐὼν
3351 548 3637 624 ἐνέπρησε,
3677 551 3765 606 τὸν

2115 638 2173 695 δέ
2201 636 2449 694 Σέδεκίαν
2505 637 2940 715 χειρωσάμενος,
3000 637 3099 706 τὴν
3160 636 3255 710 μὶν
3312 644 3540 712 γυναῖκα
3586 639 3771 695 καὶτὰ

2112 729 2271 786 τέκνα
2328 728 2493 783 αὐτοῦ
2540 727 2658 783 κατ’
2712 725 3031 807 ὀφθαλμοὺς
3091 729 3264 784 αὐτοῦ
3302 727 3536 802 ἀνεῖλεν,
3606 730 3769 785 αὐτὸν

2116 817 2173 875 δὲ
2204 818 2552 897 ἐκτυφλώσας
2588 817 2678 872 καὶ
2712 814 2937 890 δεσμοῖς
2992 817 3274 892 καθείρξας
3335 818 3414 883 είς
3467 813 3773 876 Βαϐυλῶνα

2115 908 2479 983 αἰχμάλωτον
2502 908 2805 981 ἀπήγαγεν.

347 499 814 575 Hierosolymam
888 495 1122 555 obsedit
1176 494 1685 567 expugnatamque
1742 485 1999 546 ﬂammis

346 589 709 664 absumpsit,
740 587 976 645 Sedecia
1024 590 1197 659 capto
1226 599 1465 641 uxorem
1512 585 1571 638 et
1600 579 1754 637 ﬁlios
1779 578 1839 634 in
1868 592 2008 633 con-

348 684 557 757 spectu
583 679 743 736 illius
772 676 898 734 neci
921 675 1179 744 tradidit,
1213 690 1345 731 eum
1363 665 2008 757 obcaecatumvinculis-

352 756 467 847 que
487 769 794 843 alligatum
824 766 1120 839 captivum
1142 764 1203 821 in
1235 762 1590 837 Babylonem
1623 756 1889 816 abduxit.

847 1088 863 1104 .
942 1088 982 1104 ῃ
1026 1087 1040 1104 ο
1081 1087 1095 1104 Ω
1182 1085 1568 1104 ΏῌΠὶῌψμ
1598 1081 1758 1104 m2“
1781 1079 1981 1104 “AA”
2187 1016 2340 1074 Μετὰ
2402 1016 2505 1104 τὴν
2554 1012 2818 1104 ,διαίρεσιν
2879 1018 2989 1104 τῶῥν
3043 1011 3170 1069 δέκα
3227 1018 3519 1091 σκήπτρων
3589 1011 3779 1072 ἐϐασί-

408 1096 620 1152 Decem
648 1088 897 1164 sceptris
927 1087 1131 1145 divisis
1178 1090 1241 1145 Je
1254 1085 1570 1143 roboamus
1597 1081 1759 1139 illius
1781 1080 1997 1183 Nabati,

2127 1105 2303 1161 λευσεν
2337 1080 2623 1178 Ἰεροϐοὰμ
2676 1080 2795 1166 υἱὸς
2853 1098 3043 1160 Ναϐὰτ
3097 1102 3158 1158 ἐκ
3205 1080 3385 1181 (pol-ﬁ;
3412 1080 3703 1183 "Ecppa’i'p,
3745 1107 3775 1161 6

316 1200 413 1243 ex
459 1183 621 1241 tribu
679 1179 987 1252 Ephraim,
1029 1192 1236 1234 servus
1288 1173 1623 1232 Salomonis
1670 1174 1728 1228 et
1770 1168 1997 1269 rebellis

2127 1190 2315 1256 δοῦλος
2368 1191 2734 1266 Σολομῶντος
2792 1192 2883 1248 καὶ
2956 1168 3292 1266 ἀποστάτης,
3352 1188 3445 1265 ἔτη

322 1288 594 1347 .regnum
638 1272 882 1341 occupat
924 1284 1112 1325 annos
1159 1265 1549 1338 quadraginta
1602 1263 1773 1331 duos,
1806 1259 1997 1357 multis

2127 1280 2341 1351 ἐποίησε
2391 1280 2454 1336 τὸ
2512 1259 2752 1355 πονηρὸν
2810 1280 3046 1336 ἐναντίον
3108 1259 3326 1357 Κυρίουο
3382 1259 3467 1337 διδ
3508 1259 3778 1336 ’καῖ”επά-

352 1356 1079 1466 E?fariiﬁgn°.5celeruzu3
1141 1354 1675 1466 epopeﬂuf-.Id?°.
1724 1348 2011 1466 P930338“
2112 1348 2274 1443 :aﬁsv'
2317 1368 2477 1425 αὐτὸν
2511 1369 2538 1423 6
2570 1348 2721 1441 Θεδς,
2769 1370 2861 1424 καὶ
2911 1348 3273 1425 ἀπέθανεν-ἐν
3318 1375 3439 1433 ταῖς
3478 1371 3778 1447 ἁμαρτίαις

354 1451 525 1509 illum
582 1446 892 1514 Dominus,
951 1449 1009 1502 et
1039 1448 1310 1502 mortuus
1353 1446 1445 1500 est
1494 1442 1556 1498 in
1597 1437 2008 1513 iniquitatibus
2115 1437 2306 1517 αὔξοδο

357 1542 506 1641 suis.
564 1628 580 1641 _
1076 1624 1111 1641 η
1148 1622 1411 1641 “LL”
1458 1618 1618 1641 an“
1677 1616 1893 1641 _“1___
1926 1616 1983 1641 ,ῃ
2189 1566 2341 1622 Μετὰ
2386 1563 2443 1621 δὲ
2494 1560 2784 1641 Ἰεροϐοὰμ
2840 1561 3155 1622 ἐϐασίλευσε
3201 1560 3391 1625 Ναϐὰτ
3439 1567 3557 1630 υἱὸς
3606 1568 3781 1622 αὐτοῦ

2116 1648 2210 1726 ἔτη
2246 1653 2315 1729 β“,
2348 1654 2438 1710 καὶ
2498 1653 2721 1725 ἐποίησε
2760 1655 2823 1709 τὸ
2878 1655 3122 1731 πονηρὸν
3156 1653 3386 1711 ἐνώπιον
3420 1657 3651 1732 Κυρίου,
3684 1659 3784 1711 καὶ

1992 1747 2007 1777 ³
2116 1742 2325 1820 ἐσφάγη
2361 1744 2463 1799 ὑπὸ
2497 1743 2731 1801 Βαασσά.

2040 1829 2093 1896 Β
2193 1849 2344 1908 Μετὰ
2391 1848 2449 1906 δὲ
2504 1845 2692 1910 Ναϐὰτ
2754 1845 3068 1908 ἐϐασίλευσε
3126 1854 3337 1927 βαασσὰ
3383 1848 3477 1925 ἔτη
3530 1850 3636 1926 κδ’,
3684 1854 3784 1909 καὶ

2122 1937 2347 2011 ἐποίησε
2384 1940 2447 1996 τὸ
2477 1939 2734 2017 πονηρὸν,
2766 1940 2857 1994 καὶ
2888 1937 3095 2018 ἐσφάγη
3132 1940 3183 1996 ἐν
3212 1938 3465 2015 πολέμῳ.

426 1628 778 1686 Jeroboamo
835 1624 1121 1684 successit
1148 1622 1412 1679 Nabatus
1458 1618 1641 1687 filius,
1676 1616 1896 1674 scelere
1924 1616 2010 1673 fu-

356 1732 606 1790 roreque
633 1717 1071 1784 inﬂammatus;
1106 1717 1163 1770 et
1178 1729 1313 1770 cum
1344 1710 1652 1768 biennium
1683 1710 1987 1782 regnasset

359 1824 549 1864 caesus
565 1811 655 1864 est
682 1824 716 1863 a
744 1806 961 1862 Baasa.

437 1897 575 1954 Post
604 1895 894 1953 Nabstum
952 1892 1216 1966 regnavit
1252 1896 1458 1958 Baasa,
1513 1889 1606 1947 vir
1633 1887 1932 1947 maleficus
1957 1888 2015 1942 et

370 1987 669 2059 iniustus;
701 1988 759 2041 et
822 1998 962 2040 cum
1011 1983 1316 2055 regnasset
1373 1995 1559 2037 annos
1602 1979 1693 2048 24,
1725 1976 1786 2034 in
1818 1973 2014 2048 praalio

364 2075 698 2134 trucidatus
724 2077 836 2131 est.

439 2164 542 2219 ἰθ
574 2165 714 2219 Post
746 2162 991 2218 Baasam
1030 2159 1342 2233 imperavit
1379 2156 1523 2215 Hela
1546 2153 2021 2227 filius,virpr0tli-

365 2253 729 2327 gatissimus.
763 2251 815 2307 ls
844 2250 1149 2307 biennium
1180 2247 1466 2321 regnavit,
1513 2244 1902 2317 sublatusque
1930 2246 2020 2300 est

370 2358 406 2399 a
427 2340 696 2398 Zambrio
716 2355 870 2396 anno
900 2337 1063 2410 regni
1084 2339 1142 2393 2.

444 2396 607 2486 ﬁcia:
621 2427 924 2485 Zambrius
941 2396 1224 2483 εἷοοεεεὶι
1238 2424 1438 2481 multis
1460 2422 1695 2495 ﬂagitiis
1709 2426 1766 2479 et
1787 2420 1993 2479 sceleri

2132 2492 2146 2495 _
2201 2402 2348 2495 hiscat
2403 2399 2461 2495 δέ
2517 2396 3029 2495 Ἠλὰᾼέϐασίλευσε
3100 2399 3326 2480 Ζαμϐρῆ
3387 2400 3481 2477 ἔτη
3540 2406 3632 2483 ιβ’,
3690 2409 3790 2464 καὶ

378 2520 493 2577 bus
524 2518 976 2575 contaminatus.
1009 2517 1114 2572 Hic
1155 2530 1289 2572 cum
1319 2530 1380 2570 se
1429 2490 1568 2587 fuga
1596 2513 1835 2570 domum
1868 2526 1997 2567 recc

2130 2491 2350 2564 ἐποίησε
2382 2490 2446 2547 τὸ
2495 2492 2754 2567 πονηρὸν,
2796 2491 2888 2548 καί
2935 2493 3136 2565 ἐκαύθη
3187 2495 3292 2551 ὑπὸ
3340 2498 3448 2551 τῶν
3493 2495 3791 2571 πολεμίων

2168 2580 2193 2603 Ἰ
2348 2602 2353 2603 ,
2568 2584 2580 2602 1

380 2608 589 2682 pisset,
622 2608 695 2664 ab
716 2607 990 2663 hostibus
1020 2609 1426 2662 concrematus
1445 2584 1535 2660 est
1563 2619 1716 2659 anno
1742 2602 1904 2674 regni
1938 2604 1997 2656 12

2133 2584 2268 2655 οἷ’κῳ
2290 2584 2641 2660 προσφυγὼν.

452 2697 721 2755 Zambrio
805 2695 1071 2753 succedit
1144 2695 1205 2750 in
1260 2710 1439 2766 regno
1514 2691 1791 2749 Achabus
1843 2691 1997 2748 ﬁlius

2203 2689 2350 2745 Μετὰ
2410 2686 2468 2744 δέ
2523 2684 2750 2766 Ζαμϐρῆ
2809 2684 3150 2746 ἐϐασίλευσεν
3210 2688 3425 2768 Ἀχαὰϐ
3464 2693 3581 2755 υίὸς
3613 2695 3795 2751 αὐτοῦ

376 2784 725 2845 facinorosis
772 2784 1048 2857 operibus
1090 2784 1203 2839 Deo
1252 2797 1484 2852 exosus,
1521 2784 1578 2837 et
1625 2783 1893 2837 mortuus
1935 2796 1997 2838 es

2133 2775 2226 2850 ἔτη
2275 2780 2385 2855 κβ’,
2443 2778 2533 2834 καὶ
2590 2777 2814 2849 ἐποίησε
2869 2780 2932 2835 τὸ
2983 2781 3249 2857 πονηρὸν,
3295 2783 3387 2837 καὶ
3434 2782 3662 2862 ἐσφάγη,
3695 2787 3794 2841 καὶ

377 2877 440 2933 in
480 2872 870 2949 inquitatibus
900 2873 1026 2930 suis
1056 2889 1209 2929 anno
1241 2871 1405 2944 regni
1435 2869 1713 2927 vicesimo
1746 2871 1997 2926 secundo

2132 2868 2391 2924 ἀπέθανεν
2412 2867 2467 2924 ἐν
2487 2874 2605 2931 ταῖς
2632 2868 2921 2944 ἁμαρτίαις
2953 2869 3139 2926 αὐτοῦ.

443 2965 730 3023 Defuncto
750 2963 984 3020 Acbabo
1015 2978 1263 3035 regnum
1294 2959 1729 3017 administravit
1747 2957 1997 3016 Ochosia

2206 2956 2352 3013 Μετὰ
2407 2954 2465 3011 δὲ
2517 2952 2732 3034 Ἀχαὰϐ
2789 2952 3131 3013 ἐϐασίλευσεν
3164 2961 3421 3035 Ὀχοζίας
3460 2962 3579 3024 υἱὸς
3612 2964 3794 3019 αὐτοῦ

375 3071 566 3113 annos
588 3054 756 3121 duos,
785 3052 875 3109 vir
915 3050 1432 3125 proﬂigatissimus
1475 3063 1542 3106 ac
1571 3047 1997 3120 perditissimus

2134 3041 2227 3117 ἔτη
2289 3046 2359 3120 β’,
2415 3045 2505 3100 καὶ
2560 3045 2785 3117 ἐποίησε
2843 3046 2906 3101 τὸ
2962 3048 3224 3120 πονηρὸν,
3266 3049 3357 3105 καὶ
3386 3050 3565 3106 πεσὼν
3597 3050 3658 3106 ἐκ
3687 3057 3793 3107 τοῦ

371 3143 435 3203 Is
460 3160 595 3202 cum
618 3159 650 3200 e
678 3140 975 3200 cmnaculo
1005 3141 1219 3197 domus
1245 3155 1365 3195 sua
1396 3137 1722 3207 cecidisset,
1749 3153 1993 3194 consum

378 3237 523 3257 _r-__
556 3237 639 3257 --ι

2136 3134 2385 3209 δπερῴου
2412 3138 2510 3190 τοῦ
2535 3133 2689 3190 οἲκου
2718 3135 2883 3191 αὐτοῦ
2921 3135 3201 3195 ἀπέθανεν.

378 3237 525 3307 ptus
554 3237 663 3290 est.

446 3321 708 3381 Ochosits
750 3318 1034 3378 successit
1086 3320 1359 3376 Joramus
1417 3317 1594 3373 frater
1625 3315 1886 3389 nequitia
1905 3316 1996 3372 sin

2202 3313 2350 3369 Μετὰ
2406 3310 2465 3368 δὲ
2520 3312 2775 3388 Ὀχοζίαν
2837 3310 3178 3372 ἐϐασίλευσεν
3236 3317 3442 3394 Ἰωρὰμ
3479 3319 3508 3374 6
3546 3318 3789 3401 ἀδελφὸς

373 3412 560 3488 gulari
585 3413 863 3486 praeditus
883 3426 906 3475 ;
923 3414 980 3466 et
992 3410 1065 3467 ab
1077 3410 1219 3467 Jesu
1241 3408 1565 3465 trucidatus
1594 3411 1997 3479 est,postquau

2131 3403 2298 3459 αὐτοῦ
2326 3402 2421 3474 ἓτη
2484 3404 2553 3478 β’,
2612 3405 2702 3459 καὶ
2752 3405 2975 3476 ἐποίησε
3029 3407 3092 3461 τὸ
3149 3408 3535 3483 πονηρὸν,καὶ
3568 3409 3785 3489 ἐσφάγη

372 3505 679 3576 regnasset
718 3516 905 3557 annos
949 3497 1279 3554 duodecim.
1323 3497 1445 3555 Sub
1476 3513 1542 3553 e0
1596 3496 1749 3552 Elias
1774 3514 1997 3570 magnu

2135 3492 2239 3547 ὑπὸ
2287 3494 2456 3563 Ἰηοῦ.
2515 3493 2631 3566 Ἐφ’
2679 3494 2741 3548 οὗ
2787 3493 3067 3571 ἀνελήφθη
3103 3497 3131 3550 6
3165 3496 3333 3571 μέγας
3368 3497 3582 3563 Ἠλίας
3638 3503 3667 3555 ὁ
3728 3499 3789 3556 δὲ

374 3594 719 3664 assumptus
774 3593 882 3646 est.
933 3588 1175 3645 Elisaeus
1231 3603 1365 3644 vero
1410 3586 1573 3658 aquis
1622 3586 1997 3644 Hiericuntiis

2133 3580 2441 3646 Ἐλισσαῖος
2470 3583 2532 3639 τὸ
2562 3583 2949 3660 Ἱεριχούντιον
2997 3582 3146 3660 ὕδωρ
3185 3587 3378 3661 πικρὸν
3416 3589 3475 3643 δν
3505 3588 3659 3667 φύσει
3691 3591 3786 3646 καὶ

374 3697 511 3739 cum
543 3683 738 3738 essent
793 3694 1010 3735 amarae
1042 3682 1099 3734 et
1126 3679 1304 3750 gustu
1353 3677 1646 3745 insuaves,
1669 3692 1836 3749 opem
1866 3676 1997 3733 tulit

2134 3669 2398 3729 δύσποτον
2426 3672 2635 3731 ἱάσατο.

444 3771 580 3827 Post
601 3773 907 3826 Joramum
932 3781 1173 3839 regnum
1203 3764 1395 3822 tenuit
1429 3764 1536 3821 Jeu
1597 3764 1841 3821 Amasiae
1863 3764 1997 3823 filiu:

2199 3762 2349 3820 Μετὰ
2404 3762 2461 3818 δὶ
2513 3764 2723 3839 Ἰωρὰμ
2771 3758 3115 3821 ἐϐασίλευσεν
3162 3767 3312 3838 Ἰηοῦ
3352 3768 3471 3831 υἱὸς
3515 3769 3782 3842 Ἀμεσίου

2196 2120 2347 2178 Μετὰ
2428 2116 2486 2175 δὲ
2570 2118 2757 2176 Βαασὰ
2830 2115 3172 2175 ἐϐασίλευσεν
3240 2120 3381 2177 Ἠλὰ
3436 2122 3552 2185 υίὸς
3611 2122 3790 2179 αὐτοῦ

2121 2205 2220 2280 ’ἐτη
2248 2210 2351 2351 ϐβ’,
2399 2207 2491 2263 καὶ
2548 2207 2771 2280 ἐποίησε
2824 2209 2888 2265 τὸ
2950 2210 3212 2287 πονηρὸν,
3270 2212 3359 2267 καὶ
3419 2210 3628 2291 ἐσφάγη
3676 2212 3791 2269 ὕπὸ

2127 2305 2246 2353 Ζαυ.
2287 2300 2376 2353 οῆ⁶

2207 2317 2279 2372 μο
2287 2317 2353 2373 ρη
2363 2318 2376 2331 ε

372 3879 561 3921 annos
587 3861 794 3935 viginti
816 3864 967 3918 octo.
992 3860 1046 3916 is
1075 3875 1211 3915 cum
1240 3857 1567 3915 Samariam
1593 3857 1997 3930 ingrederetur

2127 3850 2216 3924 ἔτη
2273 3859 2379 3923 κη’,
2440 3853 2530 3907 καὶ
2590 3852 2980 3928 εἷσερχόμενος
3032 3855 3084 3910 ἐν
3142 3862 3211 3930 τῇ
3261 3855 3422 3913 πόλει
3468 3860 3782 3935 Σαμαρείας

360 3950 739 4022 Jezabellam,
793 3965 921 4021 quas
977 3947 1310 4005 cultissimo
1383 3945 1644 4020 corporis
1688 3950 1900 4003 ornatu
1955 3947 1997 4003 ir

2127 3938 2230 3997 ε’ίδε
2285 3941 2636 4018 προκόψασαν
2689 3938 2928 4012 Ἰεζάϐελ
2998 3941 3088 3999 διὰ
3133 3949 3233 4011 τῆς
3292 3944 3509 4020 θυρίδος
3576 3951 3784 4007 κεκαλ-

364 4042 621 4099 fenestra
642 4042 1010 4113 apparuerat,
1031 4052 1133 4110 per
1162 4036 1462 4093 eunuchos
1494 4035 1849 4108 praecipitem
1864 4036 1982 4109 egit

2127 4029 2500 4105 λωπισμένην,
2554 4032 2645 4087 καὶ
2703 4033 3000 4108 προσέταξε
3076 4039 3195 4097 τοῖς
3254 4034 3543 4112 ἑύνούχοις
3603 4039 3781 4111 αὐτῆς

363 4131 451 4189 εἰσ
482 4129 583 4187 illa
607 4130 679 4187 ab
722 4128 893 4201 equis
940 4125 1283 4184 conculcata
1310 4131 1368 4182 et
1392 4143 1425 4182 a
1468 4126 1713 4182 canibus
1744 4126 1997 4183 devorat:

2127 4120 2553 4196 κατακρημνίσαι
2584 4120 2774 4194 αὐτὴν,
2825 4121 2860 4191 ἥ
2911 4125 3261 4194 κατεπατήθη
3315 4124 3420 4180 ὑπὸ
3449 4132 3555 4181 τῶν
3583 4125 3775 4183 ’ίππων

361 4225 470 4276 est.
539 4220 699 4276 Idem
757 4215 911 4273 filice
965 4214 1189 4272 Achabi
1220 4214 1345 4271 neci
1404 4214 1669 4281 tradidit,
1722 4216 1780 4270 et
1821 4218 1997 4271 astutt

2127 4210 2204 4264 ui
2269 4205 2587 4287 κατεϐρώθη
2647 4209 2751 4265 ύπὸ
2813 4216 2922 4265 τῶν
2978 4215 3178 4268 κυνῶν.
3246 4215 3510 4286 Ἐπάταξε
3569 4214 3629 4272 δέ
3685 4232 3781 4285 καὶ

360 4307 876 4379 fraudulenterque
932 4307 1247 4362 convocato
1304 4302 1521 4376 populo
1574 4303 1901 4360 sacerdotes
1946 4320 1997 4360 at

2127 4297 2243 4360 τοὺς
2291 4299 2441 4361 υἱοὺς
2490 4293 2725 4373 Ἀχαὰϐ,
2774 4298 2865 4353 καὶ
2918 4299 3052 4372 μετὰ
3104 4303 3437 4377 πανουργίας
3488 4308 3780 4381 συναθροί-

361 4395 677 4470 prophetas
708 4394 900 4452 Baalis
929 4410 1133 4451 omnes
1179 4392 1489 4458 interfecit,
1535 4397 1591 4449 et
1627 4392 1764 4449 Baal
1820 4391 1997 4450 illius-

2127 4408 2210 4451 τας
2256 4389 2460 4450 πάντας
2527 4388 2657 4452 τοὺς
2715 4388 2881 4462 ἱερεῖς
2948 4389 3040 4443 καὶ
3114 4394 3403 4469 προφήτας
3446 4399 3546 4448 τοῦ
3600 4396 3776 4469 Βάαλ,

363 4500 477 4556 que
499 4482 959 4556 suppellectilem
979 4497 1214 4539 omnem
1237 4481 1849 4540 succendit.Casterum
1899 4484 1925 4538 J
1933 4499 1997 4539 eu

2127 4476 2315 4539 πάντας
2363 4475 2712 4552 ἀναιρεθῆναι
2766 4478 3082 4553 προσέταξε,
3129 4478 3220 4534 καὶ
3267 4480 3358 4535 τὸν
3410 4481 3558 4538 Βάαλ
3587 4486 3779 4542 καὶτὰ

363 4555 553 4644 usque
579 4555 660 4627 in
699 4572 882 4626 finem
932 4587 1037 4627 nec
1072 4570 1364 4641 justitiam
1401 4586 1508 4626 nec
1549 4570 1737 4643 legem
1776 4572 1997 4628 Domin:

2127 4565 2286 4621 αὐτοῦ
2317 4565 2491 4621 πάντα
2521 4565 2803 4641 ἐνέπρησε.
2839 4567 2994 4636 Πλὴν
3052 4564 3153 4622 οὒκ
3209 4567 3470 4646 ἐφύλαξεν
3511 4572 3587 4637 εἲς
3613 4573 3777 4639 τέλος

361 4660 637 4733 servavit,
668 4662 1078 4730 mactatusque
1100 4661 1187 4715 est
1207 4658 1268 4714 in
1302 4658 1521 4730 praelia.

2127 4656 2441 4801 ῗὲρεύεσθαι
2487 4655 2538 4710 ἒν
2583 4653 2741 4728 νόμῳ
2796 4654 3018 4730 Κύρίου,
3076 4657 3167 4711 καὶ
3220 4657 3423 4737 ἐσφάγη
3458 4661 3510 4714 ἐν
3540 4666 3620 4735 τῷ
3665 4684 3775 4720 πο-

2192 4766 2299 4801 μω.

428 4833 531 4891 21)
568 4831 707 4890 Post
772 4831 883 4888 Jeu
948 4829 1213 4931 regnavit
1257 4827 1577 4886 Joacbazus
1619 4829 1779 4887 filius
1824 4846 1997 4889 anno:

2127 4766 2184 4801 Αε
2286 4787 2299 4801 .

2183 4766 2342 4936 ίέξτὰ
2394 4831 2450 4936 δὲ
2505 4836 2652 4936 ἶΙηοῦ
2682 4829 3031 4936 ἐϐασίλευσεν
3064 4837 3305 4917 Ἰωάχαζ
3332 4840 3449 4904 υἱὸς
3479 4840 3642 4898 αὐτοῦ
3673 4842 3770 4917 ἔτη

352 4921 564 4997 viginti
587 4925 839 4996 septem,
897 4917 1185 4992 legirupa,
1237 4917 1479 4991 impius,
1510 4922 1568 4976 et
1599 4923 1865 4976 mortuus
1896 4925 1997 4978 est.

2127 4926 2216 5068 Ξῖ,
2256 4924 2345 4979 καὶ
2403 4923 2629 4994 ἐποίησε
2685 4924 2749 4979 τὸ
2805 4926 3042 5001 πονηρὸν
3102 4928 3331 4985 ἐνώπιον
3402 4932 3622 5007 Κυρίου,
3676 4936 3769 4989 καὶ

2150 5012 2395 5069 πέθανεν.

417 5106 704 5164 Joacbazo
749 5102 1035 5162 successit
1062 5102 1203 5160 Joas
1257 5100 1441 5173 ﬁlius,
1470 5101 1559 5158 vir
1588 5101 1997 5175 profligatissi-

2127 5025 2216 5069 ὶπέ
2255 5034 2395 5073 ανεν.

2183 5025 2333 5162 Ἀὲετὰ
2385 5100 2443 5159 δέ
2494 5102 2736 5183 Ἰωάχαζ
2790 5099 3136 5161 ἐϐασίλευσεν
3194 5107 3354 5172 Ἰωὰς
3421 5111 3537 5173 υἱὸς
3603 5112 3768 5169 αὐτοῦ

344 5210 524 5267 mus;
558 5206 612 5253 et
643 5211 780 5253 cum
815 5196 1121 5267 regnasset
1145 5208 1333 5249 annos
1355 5192 1820 5263 quatuordecim,
1855 5210 1997 5252 mor-

2127 5189 2202 5265 ἵτη
2261 5191 2344 5266 ιδ’,
2389 5192 2480 5247 καὶ
2530 5193 2755 5263 ἐποίησε
2805 5194 2869 5249 τὸ
2917 5195 3181 5269 πονηρὸν,
3212 5197 3307 5253 καὶ
3339 5198 3620 5264 ἀπέθανεν.
3650 5204 3766 5281 Ἐφ’

340 5288 481 5341 tuus
500 5289 611 5342 est.
660 5285 803 5357 Ejus
862 5284 1217 5355 tempestate
1254 5280 1501 5338 Elisaaus
1531 5282 1800 5352 moritur,
1836 5290 1997 5357 post-

2127 5286 2175 5341 ›ὗ
2244 5283 2555 5346 Ἐλισσαῖος
2623 5282 2941 5357 ἐτελεύτησε
2995 5288 3373 5364 προφητεύσας
3430 5291 3598 5347 αὐτοῦ
3662 5296 3763 5363 τήν

343 5387 523 5443 quam
565 5390 668 5446 per
710 5375 882 5447 signa
932 5374 1005 5429 de
1033 5372 1215 5446 Syriis
1258 5371 1558 5429 victoriam
1594 5372 1995 5447 praedixisset;

2127 5377 2376 5452 τροτέραν
2407 5372 2496 5429 διὰ
2538 5370 2834 5447 συμϐόλων
2892 5375 3046 5446 νίκην
3103 5379 3239 5433 κατὰ
3294 5380 3506 5454 Σύρων,
3552 5387 3666 5439 T06
3708 5381 3764 5440 δὲ

343 5475 480 5516 cum
510 5476 644 5518 vero
671 5462 979 5534 sepultura
1005 5461 1400 5531 mandaretur,
1433 5463 1681 5519 cadaver
1710 5462 1767 5518 in
1791 5465 1993 5523 eodem

2127 5466 2388 5543 προφήτου
2420 5465 2764 5538 θαπτομένου
2818 5466 2869 5520 ἐν
2928 5469 3010 5539 τῷ
3066 5469 3325 5541 μνημείῳ
3374 5471 3559 5546 νεκρός
3586 5494 3673 5537 τις
3704 5475 3758 5529 ἒ,

342 5554 727 5606 monumento
747 5549 935 5607 beatis
966 5548 1084 5606 illis
1113 5550 1407 5622 prophetae
1422 5551 1659 5608 ossibus
1680 5553 1990 5625 appropin-

2127 5559 2179 5627 ᾣ
2235 5552 2383 5625 αὐτῷ
2444 5551 2600 5633 τάφῳ
2650 5554 2960 5624 πλησιάσας
3024 5561 3143 5619 τοῖς
3207 5561 3499 5635 μακαρίοις
3545 5562 3756 5626 ὀστέοις

343 5652 536 5711 quans
560 5636 690 5696 vita
714 5637 1051 5694 restitutum
1074 5640 1184 5694 est.

2127 5643 2271 5699 16:06
2299 5641 2515 5712 ἀνέστη.
