4062 6202
306 363 429 423 241

1682 354 2367 421 CHRONOGBAPHIA

3605 360 3729 422 ιιι

394 491 548 548 Μετᾶ
591 486 651 544 δὲ
710 486 868 547 Ἰωὰς
926 480 1269 543 ἐϐασίλευσεν
1324 479 1610 561 Ἰεροϐοὰμ
1636 487 1754 549 υἱὸς
1806 482 1961 541 uinci

2161 490 2298 547 Post
2350 490 2488 549 Joas
2558 491 2948 548 Jeroboamus
3004 488 3161 545 ﬁlius
3232 503 3479 561 regnum
3535 490 3729 546 tenuit

310 579 410 651 ἔτη
444 578 551 651 λδ“,
572 578 665 634 καὶ
693 576 920 648 ἐποίησε
946 577 1010 632 τὸ
1035 576 1298 650 πονηρὸν,
1324 574 1414 630 καὶ
1446 573 1720 631 ἀπέθανεν.

388 764 541 822 Μετὰ
620 759 681 817 δὲ
747 757 1042 837 Ἰεροϐοὰμ
1114 755 1456 816 ἐϐασίλευσεν
1534 758 1782 834 Ἀζαρίας
1860 759 1973 819 υἱὸς

309 856 488 910 αὐτοῦ
525 860 699 927 μῆνας
732 852 798 924 ς’,
828 852 919 907 καὶ
969 848 1194 922 ἐποίησε
1238 851 1302 906 τὸ
1350 849 1610 924 πονηρὸν,
1643 848 1733 904 καὶ
1764 845 1970 927 ἐσφάγη

312 944 423 999 ὑπὸ
456 940 565 997 Σελ
575 942 706 1015 ούμ.
1052 1015 1057 1019 ψ

385 1033 539 1089 Μετᾶ
584 1029 642 1087 δὲ
692 1031 941 1104 Ἀζαρίαν
993 1026 1307 1086 ἐϐασίλευσε
1353 1025 1581 1102 Σελοὺμ
1614 1030 1762 1099 μῆνα
1786 1026 1852 1098 α’,
1882 1027 1974 1081 καὶ

304 1119 541 1192 ἐποίησε
571 1121 635 1177 τὸ
664 1121 929 1195 πονηρὸν,
963 1120 1054 1174 καὶ
1087 1118 1296 1198 ἐσφάγη
1332 1117 1435 1172 ὑπὸ
1475 1117 1724 1191 Μαναῖμ.

380 1211 534 1267 Μετὰ
595 1207 651 1266 δὲ
710 1207 935 1282 Σελοὺμ
987 1205 1307 1263 ἐϐασίλευσε
1363 1203 1592 1279 Μαναίμ
1638 1203 1732 1276 ἔτη
1776 1211 1843 1281 γ’,
1883 1204 1974 1261 καὶ

301 1298 546 1373 ἐποίησε
575 1299 638 1355 τὸ
668 1299 931 1374 πονηρὸν,
961 1298 1050 1352 καὶ
1090 1295 1300 1373 ἐσφάγη
1334 1295 1437 1352 61:6
1468 1294 1759 1353 Φακεσίου.

386 1478 545 1538 Meri
574 1477 633 1535 δὲ
674 1478 902 1553 Μαναῒμ
947 1472 1262 1533 ἐϐασίλευσε
1322 1473 1592 1539 Φακεσίας
1639 1474 1757 1537 υἱὸς
1809 1473 1974 1529 αὐτοῦ

306 1566 414 1641 ἔτη
481 1571 549 1645 β’,
607 1569 699 1625 καὶ
749 1567 975 1639 ἐποίησε
1027 1566 1090 1622 τὸ
1148 1565 1410 1642 πονηρὸν,
1464 1565 1556 1620 καὶ
1612 1563 1817 1644 ἐσφάγη
1870 1563 1972 1619 ὑπὸ

305 1661 512 1717 Φακεέ.

383 1748 543 1807 Μετᾶ
602 1746 658 1803 δὲ
712 1746 979 1803 Φακεσίαν
1038 1741 1356 1802 ἐϐασίλευσε
1415 1745 1589 1800 Φακεέ
1647 1741 1739 1814 ἔτη
1780 1743 1848 1813 κ’,
1879 1742 1970 1799 καὶ

303 1840 542 1909 ἐποίησε
570 1838 633 1892 τὸ
672 1838 939 1912 πονηρὸν,
968 1836 1057 1891 καὶ
1089 1834 1292 1909 ἐσφάγη
1326 1835 1429 1889 ὑπὸ
1459 1832 1638 1902 Ὠσηέ.

384 1929 536 1983 Μετὰ
567 1925 623 1982 δὲ
655 1926 830 1982 Φακεέ
866 1920 1207 1981 ἐϐασίλευσεν
1235 1923 1395 1995 Ὠσηέ
1431 1920 1525 1994 ἔτη
1558 1924 1621 1993 θ’,
1654 1921 1745 1978 καὶ
1790 1926 1966 1979 ποιῶν

301 2017 373 2075 τὸ
402 2018 648 2092 πονηρὸν
677 2015 931 2080 ἀπέθανε.

378 2107 535 2165 Μετὰ
610 2104 672 2160 δὲ
744 2104 871 2167 τοὺς
946 2104 1265 2180 εἰρημένους
1338 2096 1643 2178 ’Ᾰσσυρίων
1719 2103 1965 2179 βασιλεῖς

294 2191 673 2266 ἐϐασίλευσεν,
734 2193 809 2257 ὠς
870 2191 1104 2269 εἴρηται,
1170 2188 1663 2270 Ναϐουχοδονόσορ
1704 2190 1798 2265 ἔτη
1850 2194 1957 2264 κζ’.

294 2286 400 2342 Καὶ
464 2283 555 2341 διὰ
604 2285 669 2341 τὸ
728 2282 1030 2360 ἐπαρθῆναι
1089 2283 1224 2338 κατᾶ
1276 2280 1418 2337 θείαν
1468 2283 1639 2359 ὀργὴν
1669 2280 1721 2354 ἐξ
1751 2281 1965 2355 ἀνθρώ-

296 2397 424 2432 πων
456 2373 783 2450 ἐκδιωχθεὶς
828 2374 919 2429 καὶ
963 2372 1098 2447 μετᾶ
1146 2370 1352 2445 θηρίων
1386 2371 1612 2442 οίκήσας
1642 2370 1733 2427 καὶ
1763 2371 1966 2447 χόρτον

300 2465 511 2546 φαγὼν,
559 2462 784 2538 ὕστερον
831 2460 1086 2538 ἐπιγνοὺς
1119 2460 1234 2522 ,τὸν
1291 2465 1401 2515 τῶν
1451 2458 1597 2516 ’ὀλων
1631 2460 1761 2516 Θεὸν
1794 2458 1961 2517 πάλιν

298 2556 610 2627 ἐπανῆλθεν
645 2554 723 2617 εἷς
771 2556 871 2624 τὴν
921 2552 1116 2608 ἐάυτοῦ
1150 2548 1429 2627 βασιλείαν
1458 2549 1549 2606 καὶ
1581 2547 1964 2628 λαμπρότερος

300 2647 517 2723 γέγονε.

376 2825 528 2884 Μετὰ
559 2823 617 2882 ’δὲ
648 2818 1147 2898 Ναϐουχοδονόσορ
1180 2815 1523 2878 ἐϐασίλευσεν
1555 2817 1965 2896 Οὐλεμαροδὰχ

302 2919 427 2980 υἱὸς
461 2918 631 2973 αὐτοῦ
660 2912 754 2986 ἔτη
787 2914 844 2971 ε’.

373 3007 532 3067 Μετᾶ
563 3002 622 3060 6‘s
653 2996 1064 3079 Ούλεμαροδᾶχ
1086 2996 1401 3057 ἐϐασίλευσε
1427 2997 1714 3078 Βαλτάσαρ
1747 3001 1775 3056 6
1807 2997 1964 3058 ἀδελ-

302 3097 406 3176 φὸς
441 3094 607 3151 αὐτοῦ
658 3088 751 3165 ἔτη
785 3093 856 3169 γ’,
887 3091 964 3159 ὅς,
998 3092 1189 3166 μιάνας
1240 3088 1306 3145 τὰ
1360 3088 1478 3165 ἱερᾶ
1508 3088 1669 3161 σκεύη
1700 3094 1796 3146 τοῦ
1826 3094 1960 3146 Θεοῦ

296 3185 352 3241 ἐν
382 3189 469 3258 τῷ
501 3182 795 3258 συμποσίῳ
821 3180 1009 3251 αὐτοῦ,
1042 3179 1176 3256 ’ἅπερ
1207 3179 1412 3256 ἢγαγεν
1471 3180 1498 3234 ὁ
1555 3180 1738 3255 πατὴρ
1788 3180 1954 3236 αὐτοῦ

298 3270 805 3349 Ναϐουχοδονόσορ
861 3270 910 3341 ἐξ
958 3268 1345 3346 Ἰερουσαλὴμ,
1377 3268 1611 3344 ἀνῃρέθη
1644 3269 1782 3325 κατὰ
1810 3269 1954 3327 θείαν

300 3366 500 3445 ὀργῆν,
530 3364 623 3420 καὶ
654 3356 932 3439 παρέλαϐε
960 3361 1059 3432 τὴν
1085 3356 1362 3438 βασιλείαν
1395 3364 1639 3434 Δαρεῖος.

376 3544 527 3603 Μετὰ
559 3542 617 3599 δὲ
648 3540 938 3617 Βαλτάσαρ
994 3535 1315 3596 ἐϐασίλευσε
1363 3541 1589 3613 Δαρεῖυς
1622 3538 1650 3592 6
1686 3535 1899 3610 Μῆδος,
1933 3539 1961 3594 6

302 3637 397 3691 καὶ
466 3632 780 3710 Ἀστυάγης
854 3630 945 3687 καὶ
1019 3628 1402 3705 Ἀρταξέρξης,
1454 3621 1547 3697 ἔτη
1614 3628 1694 3697 ιζ’.
1760 3629 1859 3705 Ἐιρ
1900 3629 1962 3683 οὗ

306 3724 399 3781 καὶ
430 3723 511 3796 τῷ
541 3721 746 3791 Δανιὴλ
779 3718 1092 3796 ἑωράθησαν
1124 3718 1180 3772 αἱ
1225 3714 1313 3771 διὰ
1360 3720 1456 3771 τοῦ
1521 3713 1759 3791 ἀγγέλου
1792 3716 1962 3772 ὀπτα-

308 3816 446 3886 σίαι,
476 3816 567 3870 καὶ
595 3815 625 3869 6
657 3813 859 3892 χρόνος
890 3808 1145 3880 ἐδηλώθη
1202 3811 1302 3872 τῆς
1359 3810 1604 3881 Χριστοῦ
1642 3806 1961 3883 παρουσίαςο

306 3906 391 3975 ὅς,
444 3903 735 3982 φθονηθεὶς
784 3901 887 3956 ὑπὸ
933 3903 1039 3954 τῶν
1098 3896 1426 3982 μεγιστάνων
1480 3892 1567 3950 διὰ
1613 3895 1677 3951 τὸ
1707 3893 1965 3974 μεγάλως

304 3979 570 4070 τιμᾶσθαι
633 3992 739 4048 ὑπὸ
792 3994 890 4047 τοῦ
933 3985 1228 4066 βασιλέως,
1278 3979 1546 4057 ἐνεϐλήθη
1580 3983 1631 4039 ἐν
1662 3988 1742 4058 τῷ
1773 3985 1963 4060 λάκκῳ

302 4092 415 4143 τῶν
446 4084 711 4141 λεόντων.

372 4177 523 4233 Μετᾶ
579 4170 639 4229 δῖε
722 4174 942 4244 Δαρεῖον
1002 4162 1321 4223 ἐϐασίλευσε
1395 4169 1569 4242 Κῦρος
1645 4165 1673 4220 6
1750 4164 1962 4240 Πέρσης

305 4261 398 4336 ἔτη
430 4264 503 4333 λ’,
534 4264 597 4323 ’ὸς
651 4258 859 4317 ἀνελὼν
919 4262 1138 4333 Δαρεῖον
1189 4255 1451 4330 ἐκράτησε
1478 4254 1656 4325 πάσης
1683 4260 1784 4324 τῆς
1810 4252 1964 4310 Χαλ-

308 4352 469 4410 δαίων
535 4352 629 4409 καὶ
688 4349 992 4424 Ἀσσυρίων
1050 4347 1139 4401 καὶ
1188 4348 1412 4422 Ηερσῶν
1466 4345 1555 4400 καὶ
1598 4342 1965 4414 Παλαιστίνης

308 4445 394 4502 καὶ
444 4443 630 4514 πάσης
661 4447 763 4511 τῆς
791 4437 997 4509 Ἀσίας,
1065 4435 1180 4509 μετ’
1208 4435 1281 4490 ὧν
1314 4435 1414 4503 τήν
1445 4429 1636 4489 Λυδῶν
1679 4431 1960 4508 βασιλείαν

2084 595 2271 636 annos
2303 581 2548 657 triginta
2599 586 2867 654 quatuor,
2898 578 3017 637 vita
3046 578 3285 651 ﬂagitiis
3312 576 3639 651 inquinata,
3670 582 3728 636 et

2083 676 2344 726 mortuus
2373 675 2483 728 est.

2151 759 2495 817 Jeroboumo
2518 760 2806 818 successit
2835 759 3069 816 Azarias
3099 757 3254 816 ﬁlius
3293 774 3436 817 sane
3466 773 3725 832 nequam

2083 864 2149 904 ac
2179 849 2464 922 perditus.
2517 854 2709 908 Cissus
2756 854 2846 907 est
2901 867 2935 907 a
2963 847 3242 919 Sellumo,
3291 853 3602 924 postquam
3632 865 3724 906 re-

2083 943 2321 1011 gnasset
2352 956 2586 997 menses
2612 941 2670 996 6.

2153 1029 2371 1086 Azarias
2401 1031 2784 1087 suﬁ‘ectusest
2808 1028 3105 1088 Sellumus
3134 1030 3361 1088 fraudis
3373 1029 3727 1104 scelerisque

2083 1116 2317 1190 plenus,
2347 1119 2679 1177 trucidatus
2704 1136 2738 1175 a
2776 1119 3070 1177 Manaimo
3095 1121 3256 1192 regni
3281 1137 3485 1178 mense
3512 1120 3725 1193 primo.

2155 1208 2289 1265 Post
2333 1208 2656 1266 Sellumum
2689 1210 2950 1281 regnavit
3001 1209 3332 1267 Manaimus
3376 1226 3562 1268 annos
3583 1214 3725 1268 tres.

2081 1297 2568 1370 Proﬂigatissime
2622 1299 2788 1368 vixit,
2846 1303 2905 1356 et
2933 1316 2969 1357 a
3019 1299 3298 1358 Phacesia
3341 1298 3726 1373 interemptus

2082 1390 2195 1445 est.

2153 1478 2511 1537 Manaimum
2524 1479 2751 1552 excepit
2766 1479 3077 1537 Phacesias
3091 1479 3250 1538 ﬁlius
3276 1480 3348 1538 ab
3369 1480 3531 1538 omni
3544 1478 3727 1538 hone-

2082 1570 2234 1625 state
2264 1570 2534 1628 relictus:
2568 1575 2625 1628 et
2654 1586 2788 1628 cum
2812 1575 3115 1643 regnasset
3134 1588 3320 1630 annos
3333 1572 3482 1631 duos
3511 1586 3549 1630 a’
3573 1571 3725 1630 Pha-

2081 1673 2178 1714 cea
2208 1659 2511 1718 occiditur.

2153 1747 2290 1804 Post
2317 1750 2659 1808 Phacesiam
2706 1751 2968 1825 regnavit
2995 1751 3253 1808 Phaceas
3283 1768 3469 1810 annos
3497 1752 3723 1825 viginti,

1999 1874 2046 1937 Β
2080 1841 2196 1937 Deo
2226 1852 2458 1910 exosus,
2484 1846 2893 1913 mactatusque
2921 1842 2994 1898 ab
3034 1842 3207 1899 Osea.

2146 1928 2283 1984 Post
2311 1929 2597 1987 Phaceam
2648 1930 2911 2002 regnavit
2949 1930 3097 1988 Osea
3124 1948 3311 1988 annos
3341 1946 3568 2004 novem,
3601 1932 3722 2006 ple-

2074 2034 2304 2089 nusque
2327 2019 2562 2076 sceleris
2593 2019 2888 2076 occubuit.

2142 2107 2280 2165 Post
2291 2113 2594 2166 enarratos
2617 2108 2985 2180 Assyriorum
2998 2124 3185 2182 reges,
3210 2113 3273 2166 ut
3292 2109 3590 2182 proditum
3604 2114 3719 2181 est,

2072 2212 2321 2271 regnum
2354 2199 2425 2255 ad
2448 2199 3088 2255 Nabuchodonosorum
3118 2199 3214 2256 2|
3245 2202 3336 2255 est
3354 2197 3718 2269 devolutum,

2071 2287 2172 2359 qui
2199 2287 2733 2361 Hierosolymorum
2784 2304 2966 2345 annos
2993 2287 3065 2343 27
3102 2303 3352 2361 regnum
3384 2287 3707 2361 occupavit.

2074 2374 2173 2430 Hic
2231 2380 2470 2449 propter
2515 2376 2856 2449 superbiam
2908 2375 3105 2433 divina
3166 2375 3256 2433 ira
3283 2392 3353 2433 ex
3402 2375 3715 2434 hominum

2072 2468 2222 2522 coetu
2251 2467 2474 2539 ejectus
2505 2483 2640 2523 cum
2690 2466 2993 2524 sodalibus
3022 2465 3236 2524 belluis
3266 2467 3486 2523 fcsnum
3516 2464 3720 2540 epula-

2071 2555 2265 2614 batur.
2293 2556 2700 2615 Tandem-Deo
2730 2572 2927 2614 rerum
2948 2556 3213 2612 omnium
3243 2556 3451 2629 opifice
3466 2556 3717 2627 cognito,

2069 2664 2279 2704 rursus
2309 2646 2560 2721 pristino
2588 2645 2835 2719 imperio
2875 2645 3173 2703 restitutus
3198 2651 3286 2702 est
3313 2643 3719 2716 illustricrque

2068 2737 2332 2795 effectus.

2140 2836 2278 2893 Post
2318 2834 2966 2892 Nabuchodonosorum
3016 2831 3263 2907 imperio
3310 2831 3541 2906 prmfuit
3580 2831 3712 2890 Ule-

2069 2925 2460 2983 marodachus
2493 2924 2649 2982 ﬁlius
2678 2941 2860 2981 annos
2888 2924 2945 2982 5.

2137 3014 2597 3072 Ulemarodacho
2656 3013 2940 3071 successit
2977 3011 3243 3070 Baltasar
3294 3011 3493 3083 frater,
3524 3012 3711 3069 trien-

2068 3104 2350 3177 niumque
2400 3103 2682 3177 regnavit.
2742 3105 2797 3160 Is
2840 3102 2990 3160 vasis
3039 3100 3279 3158 Numini
3329 3102 3531 3173 sacris,
3581 3119 3709 3176 quae

2067 3193 2478 3265 Hierosolymis
2491 3192 3098 3250 Nahuchodonosorus
3115 3194 3709 3265 paterasportaverat,

2065 3282 2130 3341 in
2160 3283 2419 3341 convivio
2433 3282 2869 3352 contaminatis,
2888 3280 3137 3341 Numine
3175 3292 3558 3339 succensente
3584 3280 3709 3339 vio-

2065 3376 2224 3433 lenta
2252 3379 2438 3433 morte
2457 3373 2753 3441 occubuit,
2776 3375 2834 3429 et
2861 3388 3107 3445 regnum
3142 3372 3212 3430 ad
3243 3370 3480 3430 Darium
3508 3374 3708 3432 trans-

2061 3464 2249 3522 latum
2277 3470 2386 3523 est.

2137 3555 2274 3612 Post
2330 3555 2696 3613 Baltasarum
2749 3552 2960 3610 Darius
3007 3551 3234 3624 Medus,
3284 3550 3385 3624 qui
3426 3552 3708 3625 Astyages

2065 3643 2205 3700 item
2225 3648 2283 3701 et
2310 3646 2654 3701 Artaxerxes
2669 3641 2994 3712 dicebatur,
3018 3657 3262 3713 regnum
3280 3639 3715 3696 administravit

2067 3750 2253 3790 annos
2286 3730 2724 3806 septemdecim.
2757 3730 2877 3787 Sub
2911 3730 3018 3786 hoc
3032 3745 3134 3801 per
3154 3727 3428 3800 angelum
3459 3727 3715 3786 visiones

2069 3813 2303 3870 Danielo
2344 3818 2595 3870 ostensa:
2639 3814 2798 3880 sunt,
2838 3815 3193 3881 tempusque
3241 3807 3457 3864 Christi
3482 3808 3713 3865 venturi

2065 3902 2416 3959 indicatum.
2477 3901 2577 3957 Hic
2611 3900 2766 3974 quod
2825 3915 3038 3973 magno
3065 3902 3221 3955 esset
3251 3898 3311 3955 in
3343 3898 3526 3971 pretio
3553 3899 3713 3971 apud

2066 4008 2286 4065 regem,
2317 3990 2539 4047 invidia
2589 3989 2924 4063 principum
2956 3988 3017 4045 in
3048 3989 3272 4046 foveam
3300 3988 3534 4047 leonum
3576 4004 3712 4062 pro-

2063 4080 2286 4154 jicitur.

2136 4170 2272 4226 Post
2312 4168 2549 4226 Darium
2607 4168 2792 4242 Cyrus
2819 4173 2991 4225 Persa
3020 4182 3267 4240 regnum
3301 4167 3492 4225 tenuit
3521 4184 3709 4227 annos

2067 4258 2328 4332 triginta,
2387 4259 2486 4331 qui
2540 4259 2716 4316 Dario
2759 4274 2907 4315 caeso
2952 4257 3224 4314 universa
3279 4256 3706 4328 Chaldzsorum,

2062 4348 2459 4421 Assyriorum,
2475 4347 2785 4405 Persarum
2807 4346 3044 4420 regione
3072 4345 3316 4419 potitus,
3341 4345 3709 4404 Palastinam

2065 4438 2206 4495 item
2229 4441 2286 4495 et
2314 4441 2495 4494 totam
2517 4437 3035 4510 Asiam,Lydorum
3053 4435 3294 4509 posthac
3316 4435 3707 4510 dominatum,

311 4535 586 4605 ὑπέταξεν,
644 4528 853 4586 ἀνελὼν
910 4530 1171 4597 Κροῖσον,
1230 4525 1305 4589 ὡς
1360 4522 1704 4599 προείρηται.
1745 4524 1864 4601 Ἐφ’
1896 4521 1957 4577 οὗ

2092 4526 2260 4583 Irmso
2295 4530 2485 4598 capto,
2508 4530 2573 4582 ut
2612 4525 2740 4597 jam
2772 4524 3053 4596 diximus,
3092 4525 3204 4582 sub
3234 4524 3454 4583 ditione
3475 4527 3711 4600 propria

311 4600 535 4694 Δανιὴλ,
571 4600 1024 4694 ’ἐπιφανέστερος
1084 4613 1347 4688 ὑπάρχων
1406 4608 1486 4667 ἔτι
1534 4612 1626 4666 καὶ
1686 4607 1778 4666 τὸν
1835 4608 1955 4679 Βὴλ

2092 4617 2304 4689 ηθάεεὶι.
2365 4617 2444 4672 Ea
2472 4619 2823 4689 tempestate
2879 4614 3080 4673 Daniel
3131 4615 3415 4690 dignitate
3444 4635 3511 4675 ac
3542 4619 3709 4677 factis

312 4713 605 4788 συντρίψας
664 4707 755 4763 καὶ
814 4706 903 4762 τὸν
963 4701 1230 4780 δράκοντα
1294 4699 1575 4781 φονεύσας,
1628 4701 1696 4755 τὰ
1742 4703 1960 4775 Περσῶν

308 4798 647 4877 σεϐάσματα,
700 4791 913 4867 ἐϐλήθη
955 4793 1007 4850 ἐν
1069 4796 1149 4865 τῷ
1204 4790 1392 4866 λάκκῳ
1435 4794 1545 4846 τῶν
1576 4788 1835 4861 λεόντων,
1866 4789 1953 4844 καὶ

304 4894 367 4963 ἦν
397 4891 512 4947 ἐκεῖ
541 4888 757 4964 ἡμέρας

372 4981 530 5041 Μετᾶ
560 4978 620 5034 δὲ
652 4962 823 5051 Κῦρόν
875 4968 1189 5028 ἐϐασίλευσε
1234 4962 1529 5043 Καμϐύσης
1560 4967 1591 5024 6'
1619 4968 1736 5030 υἱὸς
1768 4966 1954 5040 αύτοῦ,

305 5076 331 5130 6
365 5074 457 5129 καὶ
517 5062 1019 5143 Ναϐουχοδονόσορ
1069 5058 1406 5131 ἐπικληθεὶς,
1456 5055 1548 5130 ἔτη
1608 5059 1697 5131 ιη’.
1743 5058 1859 5131 Ἐφ’
1892 5058 1954 5112 οὗ

304 5164 387 5218 καὶ
438 5157 664 5229 Ἰουδὴθ
720 5160 790 5231 τῇ
847 5156 943 5208 τοῦ
1000 5148 1134 5206 Θεοῦ
1194 5147 1418 5222 βοηθείᾳ
1470 5146 1560 5202 καὶ
1616 5149 1686 5221 τῇ
1755 5146 1950 5217 ἑαυτῆς

306 5252 463 5330 σοφίᾳ
519 5248 846 5318 ἆπατήσασα
890 5239 982 5297 καὶ
1038 5236 1484 5330 ἀπονιειραλίσασα
1538 5236 1629 5330 τὸν
1683 5234 1953 5330 Ὀλοῗὲμ

300 5324 416 5414 νην,
470 5340 786 5416 πορθοῦντα
812 5334 910 5402 τήν
958 5325 1246 5385 Βετουλίαν
1301 5324 1487 5398 πόλιν,
1514 5325 1666 5396 νίκην
1700 5324 1947 5403 μεγάλην

2069 4705 2445 4778 conspicuus,
2476 4705 2612 4762 Belo
2666 4705 2961 4763 confracto
2990 4706 3359 4779 draconeque
3386 4707 3710 4783 interfecto,

2068 4794 2377 4852 Persarum
2426 4794 2781 4852 sacresantis
2823 4793 3183 4866 numinibus,
3239 4795 3301 4851 in
3332 4795 3558 4854 foveam
3586 4796 3710 4854 lec-

2068 4902 2210 4942 num
2241 4885 2540 4956 conjectus
2572 4888 2681 4950 est,
2714 4884 2816 4941 ubi
2839 4888 3060 4956 septem
3090 4884 3216 4940 dies
3240 4886 3587 4956 permansit.

2137 4977 2238 5034 22
2269 4975 2481 5050 Cyrum
2512 4975 2724 5049 excipit
2753 4975 3069 5048 Cambyses
3100 4974 3277 5043 ﬁlius,
3301 4974 3402 5047 qui
3432 4983 3486 5032 et
3514 4975 3710 5033 Nabu-

2064 5065 2430 5123 chodonosor
2478 5067 2817 5135 vocabatur,
2867 5081 2970 5136 per
3018 5079 3205 5120 annos
3254 5063 3591 5121 octodecim.
3621 5069 3708 5122 Ea

2060 5158 2405 5228 tempestate
2435 5153 2677 5211 Juditha
2698 5153 2898 5210 divina
2926 5168 3036 5225 ope
3066 5152 3442 5223 etprudentia
3471 5154 3704 5225 propria

2060 5244 2381 5316 Olopherne
2429 5242 2655 5313 deluso,
2697 5243 2944 5313 ejusque
2991 5238 3226 5295 Betuliaa
3274 5255 3501 5312 magnas
3538 5242 3703 5300 urbis

2059 5332 2351 5389 excidium
2384 5329 2713 5387 minitantis
2743 5329 2933 5402 capite
2963 5327 3551 5401 amputato,ingentis
3579 5332 3702 5389 vic-

301 5412 411 5494 τοῖς
438 5412 582 5492 υἱοῖς
615 5421 841 5501 Ἰσραὴλ
889 5417 1234 5499 προεξένησε,
1288 5415 1379 5472 καὶ
1430 5412 1751 5497 ἐτελεύτησε
1799 5416 1949 5491 χήρα

2092 5420 2217 5477 πίω
2269 5418 2548 5476 Israelitis
2607 5433 2785 5475 causa
2814 5416 2953 5488 fuit;
3010 5415 3273 5489 obiitqus
3302 5416 3477 5477 vidua
3514 5419 3699 5481 calatis

304 5520 432 5577 ἐτῶν
464 5522 556 5597 ρε’.

372 5592 520 5668 Μετᾶ
570 5608 629 5665 δὲ
686 5598 988 5681 Καμϐύσην
1039 5594 1355 5657 ἐϐασίλευσε
1414 5592 1680 5673 Σμέρδιος
1713 5597 1741 5653 6
1774 5594 1946 5673 μάγος

306 5708 477 5781 μῆνας
498 5701 566 5776 ξι
1360 5720 1365 5727 δ
1570 5720 1571 5727 ‘

2056 5521 2344 5566 annorum
2364 5505 2488 5565 105.

2126 5597 2434 5672 Cambysis
2490 5610 2737 5671 regnum
2762 5612 2828 5657 eo
2859 5595 3161 5669 defuncto,
3190 5597 3469 5673 Sperdius
3496 5600 3700 5678 Magna

2059 5701 2289 5748 menses
2310 5687 2348 5744 7
2375 5687 2698 5761 occupavit.
