  <div class='ocr_page' id='page_1' title='image "/cluster/home/n/w/nwhite01/storage/ocr_20150623/139/hvd.32044023361710/127.png"; bbox 0 0 4034 6202; ppageno 0'>
   <div class='ocr_carea' id='block_1_1' title="bbox 355 331 487 406">
    <p class='ocr_par' dir='ltr' id='par_1_1' title="bbox 355 331 487 406">
     <span class='ocr_line' id='line_1_1' title="bbox 355 331 487 406; baseline 0 -15"><span class='ocrx_word' id='word_1_1' title='bbox 355 331 487 406; x_wconf 67' lang='lat'><strong>343</strong></span> 
     </span>
    </p>
   </div>
   <div class='ocr_carea' id='block_1_2' title="bbox 1937 321 2200 386">
    <p class='ocr_par' dir='ltr' id='par_1_2' title="bbox 1937 321 2200 386">
     <span class='ocr_line' id='line_1_2' title="bbox 1937 321 2200 386; baseline -0.011 0"><span class='ocrx_word' id='word_1_2' title='bbox 1937 321 2200 386; x_wconf 81' lang='lat' dir='ltr'><strong>JOELIS</strong></span> 
     </span>
    </p>
   </div>
   <div class='ocr_carea' id='block_1_3' title="bbox 3656 315 3778 372">
    <p class='ocr_par' dir='ltr' id='par_1_3' title="bbox 3656 315 3778 372">
     <span class='ocr_line' id='line_1_3' title="bbox 3656 315 3778 372; baseline -0.008 0"><span class='ocrx_word' id='word_1_3' title='bbox 3656 315 3778 372; x_wconf 71' lang='grc'><strong>244</strong></span> 
     </span>
    </p>
   </div>
   <div class='ocr_carea' id='block_1_4' title="bbox 437 443 2010 552">
    <p class='ocr_par' dir='ltr' id='par_1_4' title="bbox 437 473 2010 552">
     <span class='ocr_line' id='line_1_4' title="bbox 437 473 2010 552; baseline -0.005 -16"><span class='ocrx_word' id='word_1_4' title='bbox 437 482 578 536; x_wconf 92' lang='lat' dir='ltr'><strong>Post</strong></span> <span class='ocrx_word' id='word_1_5' title='bbox 631 479 945 552; x_wconf 88' lang='lat' dir='ltr'><strong>Sperdium</strong></span> <span class='ocrx_word' id='word_1_6' title='bbox 976 477 1185 534; x_wconf 83' lang='lat' dir='ltr'><strong>Darius</strong></span> <span class='ocrx_word' id='word_1_7' title='bbox 1243 475 1546 550; x_wconf 85' lang='lat' dir='ltr'><strong>Hystaspis</strong></span> <span class='ocrx_word' id='word_1_8' title='bbox 1583 473 1738 530; x_wconf 76' lang='lat' dir='ltr'><strong>filius</strong></span> <span class='ocrx_word' id='word_1_9' title='bbox 1767 489 2010 546; x_wconf 82' lang='lat' dir='ltr'><strong>regnum</strong></span> 
     </span>
    </p>
   </div>
   <div class='ocr_carea' id='block_1_5' title="bbox 2126 443 3779 552">
    <p class='ocr_par' dir='ltr' id='par_1_5' title="bbox 2195 443 3779 552">
     <span class='ocr_line' id='line_1_5' title="bbox 2195 443 3779 552; baseline -0.008 -43"><span class='ocrx_word' id='word_1_10' title='bbox 2195 453 2346 510; x_wconf 75' lang='grc' dir='ltr'>Μετὰ</span> <span class='ocrx_word' id='word_1_11' title='bbox 2409 449 2466 507; x_wconf 75' lang='grc' dir='ltr'>δὲ</span> <span class='ocrx_word' id='word_1_12' title='bbox 2534 446 2803 524; x_wconf 82' lang='grc' dir='ltr'>Σμέρδιον</span> <span class='ocrx_word' id='word_1_13' title='bbox 2857 443 3140 552; x_wconf 47' lang='grc' dir='ltr'>ἐϐασίλεουε</span> <span class='ocrx_word' id='word_1_14' title='bbox 3199 449 3421 518; x_wconf 78' lang='grc' dir='ltr'>Δαρεῖος</span> <span class='ocrx_word' id='word_1_15' title='bbox 3479 444 3779 550; x_wconf 56' lang='grc' dir='ltr'>Ὑστάσπου</span> 
     </span>
    </p>
   </div>
   <div class='ocr_carea' id='block_1_6' title="bbox 362 565 2008 638">
    <p class='ocr_par' dir='ltr' id='par_1_6' title="bbox 362 565 2008 638">
     <span class='ocr_line' id='line_1_6' title="bbox 362 565 2008 638; baseline -0.005 -13"><span class='ocrx_word' id='word_1_16' title='bbox 362 567 795 625; x_wconf 74' lang='lat' dir='ltr'><strong>administravit</strong></span> <span class='ocrx_word' id='word_1_17' title='bbox 826 583 1011 624; x_wconf 90' lang='lat' dir='ltr'><strong>annos</strong></span> <span class='ocrx_word' id='word_1_18' title='bbox 1032 565 1262 638; x_wconf 85' lang='lat' dir='ltr'><strong>viginti,</strong></span> <span class='ocrx_word' id='word_1_19' title='bbox 1294 565 1403 621; x_wconf 90' lang='lat' dir='ltr'><strong>sub</strong></span> <span class='ocrx_word' id='word_1_20' title='bbox 1437 581 1552 637; x_wconf 89' lang='lat' dir='ltr'><strong>quo</strong></span> <span class='ocrx_word' id='word_1_21' title='bbox 1583 579 1815 620; x_wconf 89' lang='lat' dir='ltr'><strong>rursum</strong></span> <span class='ocrx_word' id='word_1_22' title='bbox 1839 567 2008 618; x_wconf 89' lang='lat' dir='ltr'><strong>Zoro-</strong></span> 
     </span>
    </p>
   </div>
   <div class='ocr_carea' id='block_1_7' title="bbox 361 652 2008 726">
    <p class='ocr_par' dir='ltr' id='par_1_7' title="bbox 361 652 2008 726">
     <span class='ocr_line' id='line_1_7' title="bbox 361 652 2008 726; baseline -0.004 -12"><span class='ocrx_word' id='word_1_23' title='bbox 361 657 606 714; x_wconf 90' lang='lat' dir='ltr'><strong>babelus</strong></span> <span class='ocrx_word' id='word_1_24' title='bbox 639 665 694 713; x_wconf 87' lang='lat' dir='ltr'><strong>et</strong></span> <span class='ocrx_word' id='word_1_25' title='bbox 721 658 894 714; x_wconf 89' lang='lat' dir='ltr'><strong>Jesus</strong></span> <span class='ocrx_word' id='word_1_26' title='bbox 916 655 1387 713; x_wconf 72' lang='lat' dir='ltr'><strong>exmdiﬁcationis</strong></span> <span class='ocrx_word' id='word_1_27' title='bbox 1418 654 1621 726; x_wconf 78' lang='lat' dir='ltr'><strong>templi</strong></span> <span class='ocrx_word' id='word_1_28' title='bbox 1650 652 2008 726; x_wconf 78' lang='lat' dir='ltr'><strong>provinciam</strong></span> 
     </span>
    </p>
   </div>
   <div class='ocr_carea' id='block_1_8' title="bbox 365 743 2012 808">
    <p class='ocr_par' dir='ltr' id='par_1_8' title="bbox 365 743 2012 808">
     <span class='ocr_line' id='line_1_8' title="bbox 365 743 2012 808; baseline -0.004 -5"><span class='ocrx_word' id='word_1_29' title='bbox 365 746 478 803; x_wconf 82' lang='lat' dir='ltr'><strong>sibi</strong></span> <span class='ocrx_word' id='word_1_30' title='bbox 527 746 906 803; x_wconf 82' lang='lat' dir='ltr'><strong>commissam</strong></span> <span class='ocrx_word' id='word_1_31' title='bbox 959 745 1286 802; x_wconf 78' lang='lat' dir='ltr'><strong>absolvunt.</strong></span> <span class='ocrx_word' id='word_1_32' title='bbox 1334 744 1576 808; x_wconf 83' lang='lat' dir='ltr'><strong>Quando</strong></span> <span class='ocrx_word' id='word_1_33' title='bbox 1620 743 2012 799; x_wconf 89' lang='lat' dir='ltr'><strong>Zorobabelus</strong></span> 
     </span>
    </p>
   </div>
   <div class='ocr_carea' id='block_1_9' title="bbox 365 831 2010 908">
    <p class='ocr_par' dir='ltr' id='par_1_9' title="bbox 365 831 2010 908">
     <span class='ocr_line' id='line_1_9' title="bbox 365 831 2010 908; baseline -0.002 -17"><span class='ocrx_word' id='word_1_34' title='bbox 365 836 635 905; x_wconf 77' lang='lat' dir='ltr'><strong>superior</strong></span> <span class='ocrx_word' id='word_1_35' title='bbox 693 837 749 892; x_wconf 92' lang='lat' dir='ltr'><strong>in</strong></span> <span class='ocrx_word' id='word_1_36' title='bbox 824 835 1156 908; x_wconf 89' lang='lat' dir='ltr'><strong>exponendo</strong></span> <span class='ocrx_word' id='word_1_37' title='bbox 1240 833 1600 907; x_wconf 81' lang='lat' dir='ltr'><strong>problemata</strong></span> <span class='ocrx_word' id='word_1_38' title='bbox 1662 831 2010 902; x_wconf 82' lang='lat' dir='ltr'><strong>declaratur,</strong></span> 
     </span>
    </p>
   </div>
   <div class='ocr_carea' id='block_1_10' title="bbox 369 922 2012 998">
    <p class='ocr_par' dir='ltr' id='par_1_10' title="bbox 369 922 2012 998">
     <span class='ocr_line' id='line_1_10' title="bbox 369 922 2012 998; baseline -0.003 -17"><span class='ocrx_word' id='word_1_39' title='bbox 369 925 538 998; x_wconf 88' lang='lat' dir='ltr'><strong>eique</strong></span> <span class='ocrx_word' id='word_1_40' title='bbox 596 942 699 998; x_wconf 91' lang='lat' dir='ltr'><strong>pro</strong></span> <span class='ocrx_word' id='word_1_41' title='bbox 758 925 924 981; x_wconf 91' lang='lat' dir='ltr'><strong>libito</strong></span> <span class='ocrx_word' id='word_1_42' title='bbox 1003 923 1288 997; x_wconf 88' lang='lat' dir='ltr'><strong>quidquid</strong></span> <span class='ocrx_word' id='word_1_43' title='bbox 1374 927 1526 980; x_wconf 85' lang='lat' dir='ltr'><strong>esset</strong></span> <span class='ocrx_word' id='word_1_44' title='bbox 1581 922 2012 988; x_wconf 89' lang='lat' dir='ltr'><strong>concederetur,</strong></span> 
     </span>
    </p>
   </div>
   <div class='ocr_carea' id='block_1_11' title="bbox 371 1010 2012 1086">
    <p class='ocr_par' dir='ltr' id='par_1_11' title="bbox 371 1010 2012 1086">
     <span class='ocr_line' id='line_1_11' title="bbox 371 1010 2012 1086; baseline -0.003 -17"><span class='ocrx_word' id='word_1_45' title='bbox 371 1013 972 1086; x_wconf 88' lang='lat' dir='ltr'><strong>primumlibertatem</strong></span> <span class='ocrx_word' id='word_1_46' title='bbox 1001 1012 1222 1086; x_wconf 89' lang='lat' dir='ltr'><strong>populi,</strong></span> <span class='ocrx_word' id='word_1_47' title='bbox 1247 1012 1461 1068; x_wconf 91' lang='lat' dir='ltr'><strong>deinde</strong></span> <span class='ocrx_word' id='word_1_48' title='bbox 1474 1010 2012 1084; x_wconf 87' lang='lat' dir='ltr'><strong>Hierosolymorum</strong></span> 
     </span>
    </p>
   </div>
   <div class='ocr_carea' id='block_1_12' title="bbox 373 1097 2011 1174">
    <p class='ocr_par' dir='ltr' id='par_1_12' title="bbox 373 1097 2011 1174">
     <span class='ocr_line' id='line_1_12' title="bbox 373 1097 2011 1174; baseline -0.004 -15"><span class='ocrx_word' id='word_1_49' title='bbox 373 1102 832 1159; x_wconf 83' lang='lat' dir='ltr'><strong>exstructionem</strong></span> <span class='ocrx_word' id='word_1_50' title='bbox 895 1103 1192 1174; x_wconf 79' lang='lat' dir='ltr'><strong>exposcit;</strong></span> <span class='ocrx_word' id='word_1_51' title='bbox 1225 1103 1380 1173; x_wconf 92' lang='lat' dir='ltr'><strong>quod</strong></span> <span class='ocrx_word' id='word_1_52' title='bbox 1429 1105 1485 1158; x_wconf 92' lang='lat' dir='ltr'><strong>et</strong></span> <span class='ocrx_word' id='word_1_53' title='bbox 1513 1100 1731 1157; x_wconf 82' lang='lat' dir='ltr'><strong>exitum</strong></span> <span class='ocrx_word' id='word_1_54' title='bbox 1785 1097 2011 1154; x_wconf 83' lang='lat' dir='ltr'><strong>habuit.</strong></span> 
     </span>
    </p>
   </div>
   <div class='ocr_carea' id='block_1_13' title="bbox 353 1188 2015 1264">
    <p class='ocr_par' dir='ltr' id='par_1_13' title="bbox 353 1188 2015 1264">
     <span class='ocr_line' id='line_1_13' title="bbox 353 1188 2015 1264; baseline -0.002 -17"><span class='ocrx_word' id='word_1_55' title='bbox 353 1192 441 1255; x_wconf 75' lang='lat' dir='ltr'><strong>,Et</strong></span> <span class='ocrx_word' id='word_1_56' title='bbox 472 1195 612 1247; x_wconf 91' lang='lat' dir='ltr'><strong>tunc</strong></span> <span class='ocrx_word' id='word_1_57' title='bbox 653 1191 792 1247; x_wconf 90' lang='lat' dir='ltr'><strong>anni</strong></span> <span class='ocrx_word' id='word_1_58' title='bbox 849 1189 1221 1264; x_wconf 80' lang='lat' dir='ltr'><strong>septuaginta</strong></span> <span class='ocrx_word' id='word_1_59' title='bbox 1250 1189 1604 1262; x_wconf 81' lang='lat' dir='ltr'><strong>captivitatis</strong></span> <span class='ocrx_word' id='word_1_60' title='bbox 1648 1188 1825 1244; x_wconf 70' lang='lat' dir='ltr'><strong>etirm</strong></span> <span class='ocrx_word' id='word_1_61' title='bbox 1852 1203 2015 1243; x_wconf 88' lang='lat' dir='ltr'><strong>com—</strong></span> 
     </span>
    </p>
   </div>
   <div class='ocr_carea' id='block_1_14' title="bbox 372 1278 2015 1355">
    <p class='ocr_par' dir='ltr' id='par_1_14' title="bbox 372 1278 2015 1355">
     <span class='ocr_line' id='line_1_14' title="bbox 372 1278 2015 1355; baseline -0.002 -19"><span class='ocrx_word' id='word_1_62' title='bbox 372 1281 512 1355; x_wconf 90' lang='lat' dir='ltr'><strong>pleti</strong></span> <span class='ocrx_word' id='word_1_63' title='bbox 568 1285 728 1338; x_wconf 86' lang='lat' dir='ltr'><strong>sunt.</strong></span> <span class='ocrx_word' id='word_1_64' title='bbox 784 1281 1010 1347; x_wconf 83' lang='lat' dir='ltr'><strong>Interea</strong></span> <span class='ocrx_word' id='word_1_65' title='bbox 1067 1298 1338 1338; x_wconf 86' lang='lat' dir='ltr'><strong>summus</strong></span> <span class='ocrx_word' id='word_1_66' title='bbox 1386 1280 1661 1338; x_wconf 83' lang='lat' dir='ltr'><strong>sacerdos</strong></span> <span class='ocrx_word' id='word_1_67' title='bbox 1703 1278 2015 1350; x_wconf 87' lang='lat' dir='ltr'><strong>scribaque</strong></span> 
     </span>
    </p>
   </div>
   <div class='ocr_carea' id='block_1_15' title="bbox 378 1368 2013 1443">
    <p class='ocr_par' dir='ltr' id='par_1_15' title="bbox 378 1368 2013 1443">
     <span class='ocr_line' id='line_1_15' title="bbox 378 1368 2013 1443; baseline -0.002 -17"><span class='ocrx_word' id='word_1_68' title='bbox 378 1368 563 1427; x_wconf 88' lang='lat' dir='ltr'><strong>Esdra</strong></span> <span class='ocrx_word' id='word_1_69' title='bbox 594 1371 876 1443; x_wconf 88' lang='lat' dir='ltr'><strong>populum</strong></span> <span class='ocrx_word' id='word_1_70' title='bbox 906 1371 1136 1443; x_wconf 85' lang='lat' dir='ltr'><strong>legibus</strong></span> <span class='ocrx_word' id='word_1_71' title='bbox 1177 1370 1389 1426; x_wconf 83' lang='lat' dir='ltr'><strong>divinis</strong></span> <span class='ocrx_word' id='word_1_72' title='bbox 1421 1368 1795 1434; x_wconf 83' lang='lat' dir='ltr'><strong>informabat,</strong></span> <span class='ocrx_word' id='word_1_73' title='bbox 1825 1375 1878 1424; x_wconf 90' lang='lat' dir='ltr'><strong>et</strong></span> <span class='ocrx_word' id='word_1_74' title='bbox 1911 1383 2013 1440; x_wconf 91' lang='lat' dir='ltr'><strong>pro</strong></span> 
     </span>
    </p>
   </div>
   <div class='ocr_carea' id='block_1_16' title="bbox 350 1466 2014 1540">
    <p class='ocr_par' dir='ltr' id='par_1_16' title="bbox 350 1466 2014 1540">
     <span class='ocr_line' id='line_1_16' title="bbox 350 1466 2014 1540; baseline -0.004 -14"><span class='ocrx_word' id='word_1_75' title='bbox 350 1485 478 1526; x_wconf 76' lang='lat' dir='ltr'><strong>sua</strong></span> <span class='ocrx_word' id='word_1_76' title='bbox 514 1468 730 1540; x_wconf 80' lang='lat' dir='ltr'><strong>ingenii</strong></span> <span class='ocrx_word' id='word_1_77' title='bbox 771 1469 1110 1526; x_wconf 79' lang='lat' dir='ltr'><strong>dexteritate</strong></span> <span class='ocrx_word' id='word_1_78' title='bbox 1142 1468 1650 1540; x_wconf 82' lang='lat' dir='ltr'><strong>interpretabatur.</strong></span> <span class='ocrx_word' id='word_1_79' title='bbox 1703 1467 1808 1522; x_wconf 82' lang='lat' dir='ltr'><strong>Hic</strong></span> <span class='ocrx_word' id='word_1_80' title='bbox 1838 1466 2014 1522; x_wconf 91' lang='lat' dir='ltr'><strong>etiam</strong></span> 
     </span>
    </p>
   </div>
   <div class='ocr_carea' id='block_1_17' title="bbox 371 1555 2012 1630">
    <p class='ocr_par' dir='ltr' id='par_1_17' title="bbox 371 1555 2012 1630">
     <span class='ocr_line' id='line_1_17' title="bbox 371 1555 2012 1630; baseline -0.002 -16"><span class='ocrx_word' id='word_1_81' title='bbox 371 1559 554 1616; x_wconf 86' lang='lat' dir='ltr'><strong>libros</strong></span> <span class='ocrx_word' id='word_1_82' title='bbox 612 1575 812 1616; x_wconf 88' lang='lat' dir='ltr'><strong>sacros</strong></span> <span class='ocrx_word' id='word_1_83' title='bbox 857 1559 930 1615; x_wconf 87' lang='lat' dir='ltr'><strong>ab</strong></span> <span class='ocrx_word' id='word_1_84' title='bbox 983 1558 1254 1614; x_wconf 88' lang='lat' dir='ltr'><strong>hostibus</strong></span> <span class='ocrx_word' id='word_1_85' title='bbox 1312 1561 1617 1630; x_wconf 87' lang='lat' dir='ltr'><strong>corruptos</strong></span> <span class='ocrx_word' id='word_1_86' title='bbox 1673 1555 2012 1623; x_wconf 86' lang='lat' dir='ltr'><strong>renovavit;</strong></span> 
     </span>
    </p>
   </div>
   <div class='ocr_carea' id='block_1_18' title="bbox 370 1644 2013 1720">
    <p class='ocr_par' dir='ltr' id='par_1_18' title="bbox 370 1644 2013 1720">
     <span class='ocr_line' id='line_1_18' title="bbox 370 1644 2013 1720; baseline -0.001 -18"><span class='ocrx_word' id='word_1_87' title='bbox 370 1648 768 1704; x_wconf 79' lang='lat' dir='ltr'><strong>Chaldaeorum</strong></span> <span class='ocrx_word' id='word_1_88' title='bbox 829 1647 1046 1720; x_wconf 89' lang='lat' dir='ltr'><strong>quippe</strong></span> <span class='ocrx_word' id='word_1_89' title='bbox 1092 1663 1269 1704; x_wconf 88' lang='lat' dir='ltr'><strong>manu</strong></span> <span class='ocrx_word' id='word_1_90' title='bbox 1311 1651 1442 1719; x_wconf 87' lang='lat' dir='ltr'><strong>post</strong></span> <span class='ocrx_word' id='word_1_91' title='bbox 1480 1644 2013 1718; x_wconf 82' lang='lat' dir='ltr'><strong>Hierosolymorum</strong></span> 
     </span>
    </p>
   </div>
   <div class='ocr_carea' id='block_1_19' title="bbox 376 1736 2014 1810">
    <p class='ocr_par' dir='ltr' id='par_1_19' title="bbox 376 1736 2014 1810">
     <span class='ocr_line' id='line_1_19' title="bbox 376 1736 2014 1810; baseline -0.001 -18"><span class='ocrx_word' id='word_1_92' title='bbox 376 1737 666 1794; x_wconf 84' lang='lat' dir='ltr'><strong>excidium</strong></span> <span class='ocrx_word' id='word_1_93' title='bbox 715 1738 1131 1810; x_wconf 79' lang='lat' dir='ltr'><strong>deﬂagrarunt.</strong></span> <span class='ocrx_word' id='word_1_94' title='bbox 1164 1739 1530 1809; x_wconf 84' lang='lat' dir='ltr'><strong>Quapropter</strong></span> <span class='ocrx_word' id='word_1_95' title='bbox 1568 1736 1723 1792; x_wconf 90' lang='lat' dir='ltr'><strong>Deus</strong></span> <span class='ocrx_word' id='word_1_96' title='bbox 1748 1751 1852 1792; x_wconf 80' lang='lat' dir='ltr'><strong>suo</strong></span> <span class='ocrx_word' id='word_1_97' title='bbox 1881 1750 2014 1791; x_wconf 90' lang='lat' dir='ltr'><strong>eum</strong></span> 
     </span>
    </p>
   </div>
   <div class='ocr_carea' id='block_1_20' title="bbox 382 1824 1862 1897">
    <p class='ocr_par' dir='ltr' id='par_1_20' title="bbox 382 1824 1862 1897">
     <span class='ocr_line' id='line_1_20' title="bbox 382 1824 1862 1897; baseline 0 -15"><span class='ocrx_word' id='word_1_98' title='bbox 382 1826 577 1882; x_wconf 79' lang='lat' dir='ltr'><strong>aiilatu</strong></span> <span class='ocrx_word' id='word_1_99' title='bbox 611 1828 692 1882; x_wconf 88' lang='lat' dir='ltr'><strong>ita</strong></span> <span class='ocrx_word' id='word_1_100' title='bbox 722 1827 957 1896; x_wconf 89' lang='lat' dir='ltr'><strong>muniit,</strong></span> <span class='ocrx_word' id='word_1_101' title='bbox 991 1831 1054 1882; x_wconf 90' lang='lat' dir='ltr'><strong>ut</strong></span> <span class='ocrx_word' id='word_1_102' title='bbox 1074 1826 1206 1882; x_wconf 92' lang='lat' dir='ltr'><strong>illos</strong></span> <span class='ocrx_word' id='word_1_103' title='bbox 1223 1827 1419 1882; x_wconf 88' lang='lat' dir='ltr'><strong>ederet</strong></span> <span class='ocrx_word' id='word_1_104' title='bbox 1447 1828 1503 1881; x_wconf 91' lang='lat' dir='ltr'><strong>et</strong></span> <span class='ocrx_word' id='word_1_105' title='bbox 1523 1824 1862 1897; x_wconf 84' lang='lat' dir='ltr'><strong>publicaret.</strong></span> 
     </span>
    </p>
   </div>
   <div class='ocr_carea' id='block_1_21' title="bbox 357 1915 2026 1987">
    <p class='ocr_par' dir='ltr' id='par_1_21' title="bbox 357 1915 2026 1987">
     <span class='ocr_line' id='line_1_21' title="bbox 357 1915 2026 1987; baseline 0.001 -17"><span class='ocrx_word' id='word_1_106' title='bbox 357 1959 362 1963; x_wconf 91' lang='lat'><strong>.</strong></span> <span class='ocrx_word' id='word_1_107' title='bbox 448 1915 620 1972; x_wconf 86' lang='lat' dir='ltr'><strong>Dario</strong></span> <span class='ocrx_word' id='word_1_108' title='bbox 653 1915 710 1971; x_wconf 93' lang='lat' dir='ltr'><strong>in</strong></span> <span class='ocrx_word' id='word_1_109' title='bbox 757 1931 931 1987; x_wconf 82' lang='lat' dir='ltr'><strong>regno</strong></span> <span class='ocrx_word' id='word_1_110' title='bbox 974 1915 1235 1974; x_wconf 89' lang='lat' dir='ltr'><strong>succedit</strong></span> <span class='ocrx_word' id='word_1_111' title='bbox 1290 1915 1614 1971; x_wconf 86' lang='lat' dir='ltr'><strong>Artabanes</strong></span> <span class='ocrx_word' id='word_1_112' title='bbox 1645 1930 1749 1987; x_wconf 90' lang='lat' dir='ltr'><strong>per</strong></span> <span class='ocrx_word' id='word_1_113' title='bbox 1795 1930 2026 1972; x_wconf 87' lang='lat' dir='ltr'><strong>menses</strong></span> 
     </span>
    </p>
   </div>
   <div class='ocr_carea' id='block_1_22' title="bbox 379 2009 624 2076">
    <p class='ocr_par' dir='ltr' id='par_1_22' title="bbox 379 2009 624 2076">
     <span class='ocr_line' id='line_1_22' title="bbox 379 2009 624 2076; baseline 0 -16"><span class='ocrx_word' id='word_1_114' title='bbox 379 2009 624 2076; x_wconf 85' lang='lat' dir='ltr'><strong>septem.</strong></span> 
     </span>
    </p>
   </div>
   <div class='ocr_carea' id='block_1_23' title="bbox 443 2093 2024 2166">
    <p class='ocr_par' dir='ltr' id='par_1_23' title="bbox 443 2093 2024 2166">
     <span class='ocr_line' id='line_1_23' title="bbox 443 2093 2024 2166; baseline -0.001 -16"><span class='ocrx_word' id='word_1_115' title='bbox 443 2095 736 2150; x_wconf 88' lang='lat' dir='ltr'><strong>Artabano</strong></span> <span class='ocrx_word' id='word_1_116' title='bbox 766 2096 1110 2151; x_wconf 87' lang='lat' dir='ltr'><strong>Artaxerxes</strong></span> <span class='ocrx_word' id='word_1_117' title='bbox 1156 2093 1562 2166; x_wconf 85' lang='lat' dir='ltr'><strong>Longimanus</strong></span> <span class='ocrx_word' id='word_1_118' title='bbox 1593 2110 1696 2166; x_wconf 90' lang='lat' dir='ltr'><strong>per</strong></span> <span class='ocrx_word' id='word_1_119' title='bbox 1722 2110 1908 2150; x_wconf 85' lang='lat' dir='ltr'><strong>annos</strong></span> <span class='ocrx_word' id='word_1_120' title='bbox 1939 2093 2024 2152; x_wconf 73' lang='grc'><strong>41.</strong></span> 
     </span>
    </p>
   </div>
   <div class='ocr_carea' id='block_1_24' title="bbox 369 2181 2028 2256">
    <p class='ocr_par' dir='ltr' id='par_1_24' title="bbox 369 2181 2028 2256">
     <span class='ocr_line' id='line_1_24' title="bbox 369 2181 2028 2256; baseline 0 -16"><span class='ocrx_word' id='word_1_121' title='bbox 369 2189 448 2240; x_wconf 89' lang='lat' dir='ltr'><strong>Ea</strong></span> <span class='ocrx_word' id='word_1_122' title='bbox 475 2187 819 2255; x_wconf 89' lang='lat' dir='ltr'><strong>tempestate</strong></span> <span class='ocrx_word' id='word_1_123' title='bbox 859 2183 1192 2256; x_wconf 84' lang='lat' dir='ltr'><strong>Sophocles,</strong></span> <span class='ocrx_word' id='word_1_124' title='bbox 1242 2181 1601 2250; x_wconf 88' lang='lat' dir='ltr'><strong>Heraclitus,</strong></span> <span class='ocrx_word' id='word_1_125' title='bbox 1633 2185 2028 2256; x_wconf 81' lang='lat' dir='ltr'><strong>Anaxagoras,</strong></span> 
     </span>
    </p>
   </div>
   <div class='ocr_carea' id='block_1_25' title="bbox 367 2273 2027 2347">
    <p class='ocr_par' dir='ltr' id='par_1_25' title="bbox 367 2273 2027 2347">
     <span class='ocr_line' id='line_1_25' title="bbox 367 2273 2027 2347; baseline -0.001 -16"><span class='ocrx_word' id='word_1_126' title='bbox 367 2275 750 2347; x_wconf 74' lang='lat' dir='ltr'><strong>Pythagoras,</strong></span> <span class='ocrx_word' id='word_1_127' title='bbox 779 2274 1170 2347; x_wconf 78' lang='lat' dir='ltr'><strong>Thucydides,</strong></span> <span class='ocrx_word' id='word_1_128' title='bbox 1194 2273 1523 2345; x_wconf 87' lang='lat' dir='ltr'><strong>Euripides,</strong></span> <span class='ocrx_word' id='word_1_129' title='bbox 1549 2273 1894 2343; x_wconf 88' lang='lat' dir='ltr'><strong>Herodotus,</strong></span> <span class='ocrx_word' id='word_1_130' title='bbox 1927 2274 2027 2330; x_wconf 72' lang='lat'><strong>23</strong></span> 
     </span>
    </p>
   </div>
   <div class='ocr_carea' id='block_1_26' title="bbox 378 2361 2028 2434">
    <p class='ocr_par' dir='ltr' id='par_1_26' title="bbox 378 2361 2028 2434">
     <span class='ocr_line' id='line_1_26' title="bbox 378 2361 2028 2434; baseline 0 -15"><span class='ocrx_word' id='word_1_131' title='bbox 378 2361 776 2434; x_wconf 80' lang='lat' dir='ltr'><strong>Empedocles,</strong></span> <span class='ocrx_word' id='word_1_132' title='bbox 807 2362 1113 2434; x_wconf 81' lang='lat' dir='ltr'><strong>Diogenes,</strong></span> <span class='ocrx_word' id='word_1_133' title='bbox 1161 2363 1332 2431; x_wconf 88' lang='lat' dir='ltr'><strong>Zeno,</strong></span> <span class='ocrx_word' id='word_1_134' title='bbox 1359 2362 1738 2434; x_wconf 86' lang='lat' dir='ltr'><strong>Pherecydes,</strong></span> <span class='ocrx_word' id='word_1_135' title='bbox 1771 2363 2028 2419; x_wconf 88' lang='lat' dir='ltr'><strong>Aristar-</strong></span> 
     </span>
    </p>
   </div>
   <div class='ocr_carea' id='block_1_27' title="bbox 388 2449 2026 2524">
    <p class='ocr_par' dir='ltr' id='par_1_27' title="bbox 388 2449 2026 2524">
     <span class='ocr_line' id='line_1_27' title="bbox 388 2449 2026 2524; baseline 0.001 -17"><span class='ocrx_word' id='word_1_136' title='bbox 388 2452 556 2522; x_wconf 90' lang='lat' dir='ltr'><strong>chus,</strong></span> <span class='ocrx_word' id='word_1_137' title='bbox 580 2451 979 2524; x_wconf 82' lang='lat' dir='ltr'><strong>Hippocrates,</strong></span> <span class='ocrx_word' id='word_1_138' title='bbox 1014 2449 1410 2519; x_wconf 89' lang='lat' dir='ltr'><strong>Parmenides,</strong></span> <span class='ocrx_word' id='word_1_139' title='bbox 1445 2449 1626 2522; x_wconf 89' lang='lat' dir='ltr'><strong>Plato,</strong></span> <span class='ocrx_word' id='word_1_140' title='bbox 1672 2449 2026 2524; x_wconf 78' lang='lat' dir='ltr'><strong>Aristoteles,</strong></span> 
     </span>
    </p>
   </div>
   <div class='ocr_carea' id='block_1_28' title="bbox 388 2540 1514 2599">
    <p class='ocr_par' dir='ltr' id='par_1_28' title="bbox 388 2540 1514 2599">
     <span class='ocr_line' id='line_1_28' title="bbox 388 2540 1514 2599; baseline -0.002 -1"><span class='ocrx_word' id='word_1_141' title='bbox 388 2541 808 2599; x_wconf 88' lang='lat' dir='ltr'><strong>Demosthenes</strong></span> <span class='ocrx_word' id='word_1_142' title='bbox 839 2545 897 2597; x_wconf 91' lang='lat' dir='ltr'><strong>et</strong></span> <span class='ocrx_word' id='word_1_143' title='bbox 924 2544 1187 2598; x_wconf 86' lang='lat' dir='ltr'><strong>Socrates</strong></span> <span class='ocrx_word' id='word_1_144' title='bbox 1210 2540 1514 2596; x_wconf 73' lang='lat' dir='ltr'><strong>florebant.</strong></span> 
     </span>
    </p>
   </div>
   <div class='ocr_carea' id='block_1_29' title="bbox 451 2693 2025 2768">
    <p class='ocr_par' dir='ltr' id='par_1_29' title="bbox 451 2693 2025 2768">
     <span class='ocr_line' id='line_1_29' title="bbox 451 2693 2025 2768; baseline 0.002 -18"><span class='ocrx_word' id='word_1_145' title='bbox 451 2695 590 2752; x_wconf 88' lang='lat' dir='ltr'><strong>Post</strong></span> <span class='ocrx_word' id='word_1_146' title='bbox 620 2698 996 2752; x_wconf 83' lang='lat' dir='ltr'><strong>Artaxerxem</strong></span> <span class='ocrx_word' id='word_1_147' title='bbox 1039 2695 1382 2751; x_wconf 77' lang='lat' dir='ltr'><strong>Artaxerxes</strong></span> <span class='ocrx_word' id='word_1_148' title='bbox 1409 2693 1562 2750; x_wconf 87' lang='lat' dir='ltr'><strong>alius</strong></span> <span class='ocrx_word' id='word_1_149' title='bbox 1600 2698 1694 2764; x_wconf 89' lang='lat' dir='ltr'><strong>;et</strong></span> <span class='ocrx_word' id='word_1_150' title='bbox 1733 2696 1833 2768; x_wconf 92' lang='lat' dir='ltr'><strong>qui</strong></span> <span class='ocrx_word' id='word_1_151' title='bbox 1862 2697 2025 2754; x_wconf 83' lang='lat' dir='ltr'><strong>Arta-</strong></span> 
     </span>
    </p>
   </div>
   <div class='ocr_carea' id='block_1_30' title="bbox 371 2785 2025 2859">
    <p class='ocr_par' dir='ltr' id='par_1_30' title="bbox 371 2785 2025 2859">
     <span class='ocr_line' id='line_1_30' title="bbox 371 2785 2025 2859; baseline 0.001 -20"><span class='ocrx_word' id='word_1_152' title='bbox 371 2785 530 2840; x_wconf 87' lang='lat' dir='ltr'><strong>xerxi</strong></span> <span class='ocrx_word' id='word_1_153' title='bbox 551 2800 1159 2856; x_wconf 84' lang='lat' dir='ltr'><strong>successere,regnum</strong></span> <span class='ocrx_word' id='word_1_154' title='bbox 1183 2785 1536 2844; x_wconf 89' lang='lat' dir='ltr'><strong>obtinentad</strong></span> <span class='ocrx_word' id='word_1_155' title='bbox 1560 2785 1792 2842; x_wconf 89' lang='lat' dir='ltr'><strong>Darium</strong></span> <span class='ocrx_word' id='word_1_156' title='bbox 1816 2800 2025 2859; x_wconf 86' lang='lat' dir='ltr'><strong>usque,</strong></span> 
     </span>
    </p>
   </div>
   <div class='ocr_carea' id='block_1_31' title="bbox 369 2873 2026 2947">
    <p class='ocr_par' dir='ltr' id='par_1_31' title="bbox 369 2873 2026 2947">
     <span class='ocr_line' id='line_1_31' title="bbox 369 2873 2026 2947; baseline 0.001 -19"><span class='ocrx_word' id='word_1_157' title='bbox 369 2890 542 2946; x_wconf 89' lang='lat' dir='ltr'><strong>quem</strong></span> <span class='ocrx_word' id='word_1_158' title='bbox 583 2873 910 2929; x_wconf 85' lang='lat' dir='ltr'><strong>Alexander</strong></span> <span class='ocrx_word' id='word_1_159' title='bbox 947 2873 1265 2930; x_wconf 90' lang='lat' dir='ltr'><strong>interemit.</strong></span> <span class='ocrx_word' id='word_1_160' title='bbox 1299 2875 1400 2934; x_wconf 88' lang='lat' dir='ltr'><strong>Hic</strong></span> <span class='ocrx_word' id='word_1_161' title='bbox 1455 2893 1590 2934; x_wconf 90' lang='lat' dir='ltr'><strong>cum</strong></span> <span class='ocrx_word' id='word_1_162' title='bbox 1626 2891 1866 2947; x_wconf 79' lang='lat' dir='ltr'><strong>regnum</strong></span> <span class='ocrx_word' id='word_1_163' title='bbox 1899 2873 2026 2930; x_wconf 89' lang='lat' dir='ltr'><strong>Per-</strong></span> 
     </span>
    </p>
   </div>
   <div class='ocr_carea' id='block_1_32' title="bbox 365 2961 2023 3036">
    <p class='ocr_par' dir='ltr' id='par_1_32' title="bbox 365 2961 2023 3036">
     <span class='ocr_line' id='line_1_32' title="bbox 365 2961 2023 3036; baseline 0 -18"><span class='ocrx_word' id='word_1_164' title='bbox 365 2978 561 3018; x_wconf 87' lang='lat' dir='ltr'><strong>sarum</strong></span> <span class='ocrx_word' id='word_1_165' title='bbox 612 2967 923 3031; x_wconf 87' lang='lat' dir='ltr'><strong>vastasset,</strong></span> <span class='ocrx_word' id='word_1_166' title='bbox 958 2963 1230 3018; x_wconf 80' lang='lat' dir='ltr'><strong>universa</strong></span> <span class='ocrx_word' id='word_1_167' title='bbox 1259 2968 1414 3022; x_wconf 88' lang='lat' dir='ltr'><strong>terra</strong></span> <span class='ocrx_word' id='word_1_168' title='bbox 1445 2965 1693 3021; x_wconf 88' lang='lat' dir='ltr'><strong>subacta</strong></span> <span class='ocrx_word' id='word_1_169' title='bbox 1729 2961 2023 3036; x_wconf 81' lang='lat' dir='ltr'><strong>Babylone</strong></span> 
     </span>
    </p>
   </div>
   <div class='ocr_carea' id='block_1_33' title="bbox 367 3050 2020 3122">
    <p class='ocr_par' dir='ltr' id='par_1_33' title="bbox 367 3050 2020 3122">
     <span class='ocr_line' id='line_1_33' title="bbox 367 3050 2020 3122; baseline 0.001 -16"><span class='ocrx_word' id='word_1_170' title='bbox 367 3050 678 3119; x_wconf 86' lang='lat' dir='ltr'><strong>occubuit;</strong></span> <span class='ocrx_word' id='word_1_171' title='bbox 738 3057 795 3106; x_wconf 91' lang='lat' dir='ltr'><strong>et</strong></span> <span class='ocrx_word' id='word_1_172' title='bbox 843 3066 908 3106; x_wconf 90' lang='lat' dir='ltr'><strong>eo</strong></span> <span class='ocrx_word' id='word_1_173' title='bbox 941 3051 1057 3107; x_wconf 82' lang='lat' dir='ltr'><strong>fato</strong></span> <span class='ocrx_word' id='word_1_174' title='bbox 1109 3051 1307 3108; x_wconf 82' lang='lat' dir='ltr'><strong>functo</strong></span> <span class='ocrx_word' id='word_1_175' title='bbox 1364 3053 1721 3119; x_wconf 90' lang='lat' dir='ltr'><strong>administri,</strong></span> <span class='ocrx_word' id='word_1_176' title='bbox 1784 3057 1850 3108; x_wconf 90' lang='lat' dir='ltr'><strong>ut</strong></span> <span class='ocrx_word' id='word_1_177' title='bbox 1894 3053 2020 3122; x_wconf 88' lang='lat' dir='ltr'><strong>jam</strong></span> 
     </span>
    </p>
   </div>
   <div class='ocr_carea' id='block_1_34' title="bbox 367 3138 2012 3214">
    <p class='ocr_par' dir='ltr' id='par_1_34' title="bbox 367 3138 2012 3214">
     <span class='ocr_line' id='line_1_34' title="bbox 367 3138 2012 3214; baseline 0.002 -21"><span class='ocrx_word' id='word_1_178' title='bbox 367 3139 584 3194; x_wconf 88' lang='lat' dir='ltr'><strong>dictum</strong></span> <span class='ocrx_word' id='word_1_179' title='bbox 605 3143 713 3208; x_wconf 87' lang='lat' dir='ltr'><strong>est,</strong></span> <span class='ocrx_word' id='word_1_180' title='bbox 740 3138 1052 3210; x_wconf 89' lang='lat' dir='ltr'><strong>imperium</strong></span> <span class='ocrx_word' id='word_1_181' title='bbox 1078 3139 1354 3211; x_wconf 89' lang='lat' dir='ltr'><strong>divisere;</strong></span> <span class='ocrx_word' id='word_1_182' title='bbox 1380 3159 1634 3214; x_wconf 89' lang='lat' dir='ltr'><strong>quorum</strong></span> <span class='ocrx_word' id='word_1_183' title='bbox 1659 3141 2012 3198; x_wconf 68' lang='lat' dir='ltr'><strong>Ptolemaeus</strong></span> 
     </span>
    </p>
   </div>
   <div class='ocr_carea' id='block_1_35' title="bbox 365 3226 2013 3304">
    <p class='ocr_par' dir='ltr' id='par_1_35' title="bbox 365 3226 2013 3304">
     <span class='ocr_line' id='line_1_35' title="bbox 365 3226 2013 3304; baseline 0.002 -22"><span class='ocrx_word' id='word_1_184' title='bbox 365 3227 508 3298; x_wconf 82' lang='lat' dir='ltr'><strong>Lagi</strong></span> <span class='ocrx_word' id='word_1_185' title='bbox 541 3226 696 3281; x_wconf 76' lang='lat' dir='ltr'><strong>ﬁlius</strong></span> <span class='ocrx_word' id='word_1_186' title='bbox 752 3227 976 3298; x_wconf 69' lang='lat' dir='ltr'><strong>Egypti</strong></span> <span class='ocrx_word' id='word_1_187' title='bbox 1008 3245 1254 3299; x_wconf 78' lang='lat' dir='ltr'><strong>regnum</strong></span> <span class='ocrx_word' id='word_1_188' title='bbox 1302 3231 1624 3304; x_wconf 88' lang='lat' dir='ltr'><strong>occupavit,</strong></span> <span class='ocrx_word' id='word_1_189' title='bbox 1658 3235 1714 3288; x_wconf 89' lang='lat' dir='ltr'><strong>et</strong></span> <span class='ocrx_word' id='word_1_190' title='bbox 1749 3230 1849 3302; x_wconf 92' lang='lat' dir='ltr'><strong>qui</strong></span> <span class='ocrx_word' id='word_1_191' title='bbox 1881 3235 2013 3302; x_wconf 89' lang='lat' dir='ltr'><strong>post</strong></span> 
     </span>
    </p>
   </div>
   <div class='ocr_carea' id='block_1_36' title="bbox 366 3303 2012 3389">
    <p class='ocr_par' dir='ltr' id='par_1_36' title="bbox 366 3303 2012 3389">
     <span class='ocr_line' id='line_1_36' title="bbox 366 3303 2012 3389; baseline 0.002 -19"><span class='ocrx_word' id='word_1_192' title='bbox 366 3303 502 3370; x_wconf 86' lang='lat' dir='ltr'><strong>eum</strong></span> <span class='ocrx_word' id='word_1_193' title='bbox 551 3315 1013 3371; x_wconf 89' lang='lat' dir='ltr'><strong>subsecutisunt</strong></span> <span class='ocrx_word' id='word_1_194' title='bbox 1060 3316 1355 3374; x_wconf 64' lang='lat' dir='ltr'><strong>Ptolemwi</strong></span> <span class='ocrx_word' id='word_1_195' title='bbox 1405 3303 1686 3375; x_wconf 85' lang='lat' dir='ltr'><strong>tredecim</strong></span> <span class='ocrx_word' id='word_1_196' title='bbox 1721 3335 1908 3389; x_wconf 90' lang='lat' dir='ltr'><strong>usque</strong></span> <span class='ocrx_word' id='word_1_197' title='bbox 1941 3319 2012 3374; x_wconf 87' lang='lat' dir='ltr'><strong>ad</strong></span> 
     </span>
    </p>
   </div>
   <div class='ocr_carea' id='block_1_37' title="bbox 367 3403 2012 3479">
    <p class='ocr_par' dir='ltr' id='par_1_37' title="bbox 367 3403 2012 3479">
     <span class='ocr_line' id='line_1_37' title="bbox 367 3403 2012 3479; baseline 0.001 -20"><span class='ocrx_word' id='word_1_198' title='bbox 367 3403 729 3476; x_wconf 85' lang='lat' dir='ltr'><strong>Cleopatram</strong></span> <span class='ocrx_word' id='word_1_199' title='bbox 765 3403 1018 3477; x_wconf 88' lang='lat' dir='ltr'><strong>Dionysii</strong></span> <span class='ocrx_word' id='word_1_200' title='bbox 1069 3404 1274 3462; x_wconf 81' lang='lat' dir='ltr'><strong>ﬁliam.</strong></span> <span class='ocrx_word' id='word_1_201' title='bbox 1309 3406 1600 3464; x_wconf 80' lang='lat' dir='ltr'><strong>Universae</strong></span> <span class='ocrx_word' id='word_1_202' title='bbox 1633 3406 1782 3464; x_wconf 70' lang='lat' dir='ltr'><strong>Asiae</strong></span> <span class='ocrx_word' id='word_1_203' title='bbox 1815 3408 2012 3479; x_wconf 89' lang='lat' dir='ltr'><strong>impe-</strong></span> 
     </span>
    </p>
   </div>
   <div class='ocr_carea' id='block_1_38' title="bbox 368 3493 2016 3570">
    <p class='ocr_par' dir='ltr' id='par_1_38' title="bbox 368 3493 2016 3570">
     <span class='ocr_line' id='line_1_38' title="bbox 368 3493 2016 3570; baseline 0.002 -21"><span class='ocrx_word' id='word_1_204' title='bbox 368 3493 523 3549; x_wconf 89' lang='lat' dir='ltr'><strong>rium</strong></span> <span class='ocrx_word' id='word_1_205' title='bbox 575 3493 819 3565; x_wconf 87' lang='lat' dir='ltr'><strong>arripuit</strong></span> <span class='ocrx_word' id='word_1_206' title='bbox 877 3493 1222 3567; x_wconf 83' lang='lat' dir='ltr'><strong>Antigonus,</strong></span> <span class='ocrx_word' id='word_1_207' title='bbox 1302 3497 1497 3569; x_wconf 71' lang='lat' dir='ltr'><strong>Syriae,</strong></span> <span class='ocrx_word' id='word_1_208' title='bbox 1548 3496 1899 3570; x_wconf 69' lang='lat' dir='ltr'><strong>Babyloniae,</strong></span> <span class='ocrx_word' id='word_1_209' title='bbox 1958 3499 2016 3552; x_wconf 88' lang='lat' dir='ltr'><strong>et</strong></span> 
     </span>
    </p>
   </div>
   <div class='ocr_carea' id='block_1_39' title="bbox 369 3582 2012 3660">
    <p class='ocr_par' dir='ltr' id='par_1_39' title="bbox 369 3582 2012 3660">
     <span class='ocr_line' id='line_1_39' title="bbox 369 3582 2012 3660; baseline 0.002 -21"><span class='ocrx_word' id='word_1_210' title='bbox 369 3582 690 3640; x_wconf 61' lang='lat' dir='ltr'><strong>Pulsestinaa</strong></span> <span class='ocrx_word' id='word_1_211' title='bbox 713 3582 989 3640; x_wconf 83' lang='lat' dir='ltr'><strong>Seleucus</strong></span> <span class='ocrx_word' id='word_1_212' title='bbox 1013 3583 1286 3654; x_wconf 89' lang='lat' dir='ltr'><strong>Nicanor,</strong></span> <span class='ocrx_word' id='word_1_213' title='bbox 1336 3588 1435 3659; x_wconf 91' lang='lat' dir='ltr'><strong>qui</strong></span> <span class='ocrx_word' id='word_1_214' title='bbox 1469 3588 1615 3643; x_wconf 90' lang='lat' dir='ltr'><strong>duas</strong></span> <span class='ocrx_word' id='word_1_215' title='bbox 1639 3588 1792 3660; x_wconf 89' lang='lat' dir='ltr'><strong>apud</strong></span> <span class='ocrx_word' id='word_1_216' title='bbox 1808 3586 2012 3643; x_wconf 87' lang='lat' dir='ltr'><strong>Cilices</strong></span> 
     </span>
    </p>
   </div>
   <div class='ocr_carea' id='block_1_40' title="bbox 368 3675 2009 3750">
    <p class='ocr_par' dir='ltr' id='par_1_40' title="bbox 368 3675 2009 3750">
     <span class='ocr_line' id='line_1_40' title="bbox 368 3675 2009 3750; baseline 0.001 -19"><span class='ocrx_word' id='word_1_217' title='bbox 368 3678 425 3731; x_wconf 90' lang='lat' dir='ltr'><strong>et</strong></span> <span class='ocrx_word' id='word_1_218' title='bbox 455 3675 686 3730; x_wconf 89' lang='lat' dir='ltr'><strong>tertiam</strong></span> <span class='ocrx_word' id='word_1_219' title='bbox 719 3676 871 3746; x_wconf 86' lang='lat' dir='ltr'><strong>apud</strong></span> <span class='ocrx_word' id='word_1_220' title='bbox 903 3675 1083 3749; x_wconf 89' lang='lat' dir='ltr'><strong>Syrps</strong></span> <span class='ocrx_word' id='word_1_221' title='bbox 1116 3677 1291 3734; x_wconf 91' lang='lat' dir='ltr'><strong>urbes</strong></span> <span class='ocrx_word' id='word_1_222' title='bbox 1315 3678 1756 3746; x_wconf 88' lang='lat' dir='ltr'><strong>condidit,hanc</strong></span> <span class='ocrx_word' id='word_1_223' title='bbox 1775 3678 2009 3750; x_wconf 86' lang='lat' dir='ltr'><strong>quidem</strong></span> 
     </span>
    </p>
   </div>
   <div class='ocr_carea' id='block_1_41' title="bbox 367 3762 2011 3838">
    <p class='ocr_par' dir='ltr' id='par_1_41' title="bbox 367 3762 2011 3838">
     <span class='ocr_line' id='line_1_41' title="bbox 367 3762 2011 3838; baseline 0.002 -19"><span class='ocrx_word' id='word_1_224' title='bbox 367 3762 716 3834; x_wconf 85' lang='lat' dir='ltr'><strong>Seleuciam,</strong></span> <span class='ocrx_word' id='word_1_225' title='bbox 742 3763 902 3820; x_wconf 90' lang='lat' dir='ltr'><strong>illam</strong></span> <span class='ocrx_word' id='word_1_226' title='bbox 935 3765 1324 3838; x_wconf 70' lang='lat' dir='ltr'><strong>Antiochiam,</strong></span> <span class='ocrx_word' id='word_1_227' title='bbox 1350 3768 1580 3824; x_wconf 89' lang='lat' dir='ltr'><strong>tertiam</strong></span> <span class='ocrx_word' id='word_1_228' title='bbox 1613 3767 1952 3824; x_wconf 89' lang='lat' dir='ltr'><strong>Laodiceam</strong></span> <span class='ocrx_word' id='word_1_229' title='bbox 1977 3783 2011 3823; x_wconf 87' lang='lat' dir='ltr'><strong>a</strong></span> 
     </span>
    </p>
   </div>
   <div class='ocr_carea' id='block_1_42' title="bbox 367 3853 2010 3930">
    <p class='ocr_par' dir='ltr' id='par_1_42' title="bbox 367 3853 2010 3930">
     <span class='ocr_line' id='line_1_42' title="bbox 367 3853 2010 3930; baseline 0.002 -20"><span class='ocrx_word' id='word_1_230' title='bbox 367 3871 494 3922; x_wconf 88' lang='lat' dir='ltr'><strong>suo,</strong></span> <span class='ocrx_word' id='word_1_231' title='bbox 518 3853 648 3926; x_wconf 80' lang='lat' dir='ltr'><strong>filii,</strong></span> <span class='ocrx_word' id='word_1_232' title='bbox 679 3853 927 3926; x_wconf 67' lang='lat' dir='ltr'><strong>filiaeque</strong></span> <span class='ocrx_word' id='word_1_233' title='bbox 948 3855 1184 3912; x_wconf 91' lang='lat' dir='ltr'><strong>nomine</strong></span> <span class='ocrx_word' id='word_1_234' title='bbox 1207 3863 1623 3930; x_wconf 86' lang='lat' dir='ltr'><strong>nuncupatam.</strong></span> <span class='ocrx_word' id='word_1_235' title='bbox 1651 3859 1728 3913; x_wconf 85' lang='lat' dir='ltr'><strong>Eo</strong></span> <span class='ocrx_word' id='word_1_236' title='bbox 1755 3861 2010 3929; x_wconf 82' lang='lat' dir='ltr'><strong>tempore</strong></span> 
     </span>
    </p>
   </div>
   <div class='ocr_carea' id='block_1_43' title="bbox 358 3944 2007 4018">
    <p class='ocr_par' dir='ltr' id='par_1_43' title="bbox 358 3944 2007 4018">
     <span class='ocr_line' id='line_1_43' title="bbox 358 3944 2007 4018; baseline 0.004 -20"><span class='ocrx_word' id='word_1_237' title='bbox 358 3944 569 4014; x_wconf 75' lang='lat' dir='ltr'><strong>Rhodii</strong></span> <span class='ocrx_word' id='word_1_238' title='bbox 606 3960 739 4000; x_wconf 92' lang='lat' dir='ltr'><strong>cum</strong></span> <span class='ocrx_word' id='word_1_239' title='bbox 772 3945 1081 4017; x_wconf 88' lang='lat' dir='ltr'><strong>imperium</strong></span> <span class='ocrx_word' id='word_1_240' title='bbox 1117 3947 1296 4004; x_wconf 89' lang='lat' dir='ltr'><strong>maris</strong></span> <span class='ocrx_word' id='word_1_241' title='bbox 1314 3947 1732 4018; x_wconf 88' lang='lat' dir='ltr'><strong>obtinuissent,</strong></span> <span class='ocrx_word' id='word_1_242' title='bbox 1757 3952 2007 4004; x_wconf 89' lang='lat' dir='ltr'><strong>statuam</strong></span> 
     </span>
    </p>
   </div>
   <div class='ocr_carea' id='block_1_44' title="bbox 359 4032 2006 4094">
    <p class='ocr_par' dir='ltr' id='par_1_44' title="bbox 359 4032 2006 4094">
     <span class='ocr_line' id='line_1_44' title="bbox 359 4032 2006 4094; baseline 0.004 -7"><span class='ocrx_word' id='word_1_243' title='bbox 359 4049 578 4088; x_wconf 75' lang='lat' dir='ltr'><strong>teneam</strong></span> <span class='ocrx_word' id='word_1_244' title='bbox 608 4032 666 4088; x_wconf 90' lang='lat' dir='ltr'><strong>in</strong></span> <span class='ocrx_word' id='word_1_245' title='bbox 727 4049 794 4089; x_wconf 90' lang='lat' dir='ltr'><strong>ea</strong></span> <span class='ocrx_word' id='word_1_246' title='bbox 823 4034 963 4090; x_wconf 88' lang='lat' dir='ltr'><strong>urbe</strong></span> <span class='ocrx_word' id='word_1_247' title='bbox 1007 4035 1125 4090; x_wconf 85' lang='lat' dir='ltr'><strong>sive</strong></span> <span class='ocrx_word' id='word_1_248' title='bbox 1157 4035 1350 4092; x_wconf 91' lang='lat' dir='ltr'><strong>insula</strong></span> <span class='ocrx_word' id='word_1_249' title='bbox 1397 4036 1505 4094; x_wconf 92' lang='lat' dir='ltr'><strong>soli</strong></span> <span class='ocrx_word' id='word_1_250' title='bbox 1537 4054 1763 4094; x_wconf 84' lang='lat' dir='ltr'><strong>sacram</strong></span> <span class='ocrx_word' id='word_1_251' title='bbox 1813 4053 2006 4094; x_wconf 81' lang='lat' dir='ltr'><strong>erexe-</strong></span> 
     </span>
    </p>
   </div>
   <div class='ocr_carea' id='block_1_45' title="bbox 358 4123 2005 4198">
    <p class='ocr_par' dir='ltr' id='par_1_45' title="bbox 358 4123 2005 4198">
     <span class='ocr_line' id='line_1_45' title="bbox 358 4123 2005 4198; baseline 0.003 -21"><span class='ocrx_word' id='word_1_252' title='bbox 358 4126 514 4191; x_wconf 89' lang='lat' dir='ltr'><strong>runt,</strong></span> <span class='ocrx_word' id='word_1_253' title='bbox 551 4139 727 4194; x_wconf 92' lang='lat' dir='ltr'><strong>quam</strong></span> <span class='ocrx_word' id='word_1_254' title='bbox 762 4139 830 4178; x_wconf 84' lang='lat' dir='ltr'><strong>ex</strong></span> <span class='ocrx_word' id='word_1_255' title='bbox 859 4123 1580 4195; x_wconf 86' lang='lat' dir='ltr'><strong>magnitudineColossum</strong></span> <span class='ocrx_word' id='word_1_256' title='bbox 1613 4125 2005 4198; x_wconf 89' lang='lat' dir='ltr'><strong>appellarunt,</strong></span> 
     </span>
    </p>
   </div>
   <div class='ocr_carea' id='block_1_46' title="bbox 359 4211 1684 4284">
    <p class='ocr_par' dir='ltr' id='par_1_46' title="bbox 359 4211 1684 4284">
     <span class='ocr_line' id='line_1_46' title="bbox 359 4211 1684 4284; baseline 0.005 -16"><span class='ocrx_word' id='word_1_257' title='bbox 359 4228 391 4268; x_wconf 91' lang='lat' dir='ltr'><strong>a</strong></span> <span class='ocrx_word' id='word_1_258' title='bbox 425 4228 537 4284; x_wconf 88' lang='lat' dir='ltr'><strong>qua</strong></span> <span class='ocrx_word' id='word_1_259' title='bbox 566 4211 678 4284; x_wconf 90' lang='lat' dir='ltr'><strong>ipsi</strong></span> <span class='ocrx_word' id='word_1_260' title='bbox 711 4216 918 4284; x_wconf 87' lang='lat' dir='ltr'><strong>postea</strong></span> <span class='ocrx_word' id='word_1_261' title='bbox 944 4211 1321 4271; x_wconf 77' lang='lat' dir='ltr'><strong>Colossenses</strong></span> <span class='ocrx_word' id='word_1_262' title='bbox 1351 4214 1492 4272; x_wconf 91' lang='lat' dir='ltr'><strong>dicti</strong></span> <span class='ocrx_word' id='word_1_263' title='bbox 1524 4219 1684 4274; x_wconf 89' lang='lat' dir='ltr'><strong>sunt.</strong></span> 
     </span>
    </p>
   </div>
   <div class='ocr_carea' id='block_1_47' title="bbox 431 4398 2001 4472">
    <p class='ocr_par' dir='ltr' id='par_1_47' title="bbox 431 4398 2001 4472">
     <span class='ocr_line' id='line_1_47' title="bbox 431 4398 2001 4472; baseline 0.002 -17"><span class='ocrx_word' id='word_1_264' title='bbox 431 4398 668 4455; x_wconf 90' lang='lat' dir='ltr'><strong>Seleuco</strong></span> <span class='ocrx_word' id='word_1_265' title='bbox 690 4401 972 4456; x_wconf 88' lang='lat' dir='ltr'><strong>successit</strong></span> <span class='ocrx_word' id='word_1_266' title='bbox 999 4399 1315 4458; x_wconf 80' lang='lat' dir='ltr'><strong>Antiochus</strong></span> <span class='ocrx_word' id='word_1_267' title='bbox 1334 4399 1490 4458; x_wconf 84' lang='lat' dir='ltr'><strong>ﬁlius</strong></span> <span class='ocrx_word' id='word_1_268' title='bbox 1510 4403 1565 4457; x_wconf 89' lang='lat' dir='ltr'><strong>et</strong></span> <span class='ocrx_word' id='word_1_269' title='bbox 1594 4399 1690 4457; x_wconf 89' lang='lat' dir='ltr'><strong>alii</strong></span> <span class='ocrx_word' id='word_1_270' title='bbox 1721 4399 2001 4472; x_wconf 87' lang='lat' dir='ltr'><strong>quinque,</strong></span> 
     </span>
    </p>
   </div>
   <div class='ocr_carea' id='block_1_48' title="bbox 359 4487 2000 4562">
    <p class='ocr_par' dir='ltr' id='par_1_48' title="bbox 359 4487 2000 4562">
     <span class='ocr_line' id='line_1_48' title="bbox 359 4487 2000 4562; baseline 0 -16"><span class='ocrx_word' id='word_1_271' title='bbox 359 4487 577 4546; x_wconf 89' lang='lat' dir='ltr'><strong>Deinde</strong></span> <span class='ocrx_word' id='word_1_272' title='bbox 607 4489 957 4545; x_wconf 89' lang='lat' dir='ltr'><strong>subsecutus</strong></span> <span class='ocrx_word' id='word_1_273' title='bbox 981 4489 2000 4562; x_wconf 85' lang='lat' dir='ltr'><strong>estAntiochusEpiphanes,Seleuei</strong></span> 
     </span>
    </p>
   </div>
   <div class='ocr_carea' id='block_1_49' title="bbox 2052 1831 2100 1896">
    <p class='ocr_par' dir='ltr' id='par_1_49' title="bbox 2052 1831 2100 1896">
     <span class='ocr_line' id='line_1_49' title="bbox 2052 1831 2100 1896; baseline 0 0"><span class='ocrx_word' id='word_1_274' title='bbox 2052 1831 2100 1896; x_wconf 88' lang='lat' dir='ltr'><strong>B</strong></span> 
     </span>
    </p>
   </div>
   <div class='ocr_carea' id='block_1_50' title="bbox 2042 3184 2091 3251">
    <p class='ocr_par' dir='ltr' id='par_1_50' title="bbox 2042 3184 2091 3251">
     <span class='ocr_line' id='line_1_50' title="bbox 2042 3184 2091 3251; baseline 0 0"><span class='ocrx_word' id='word_1_275' title='bbox 2042 3184 2091 3251; x_wconf 88' lang='lat' dir='ltr'><strong><em>C</em></strong></span> 
     </span>
    </p>
   </div>
   <div class='ocr_carea' id='block_1_51' title="bbox 2117 530 3780 615">
    <p class='ocr_par' dir='ltr' id='par_1_51' title="bbox 2117 530 3780 615">
     <span class='ocr_line' id='line_1_51' title="bbox 2117 530 3780 615; baseline -0.007 -19"><span class='ocrx_word' id='word_1_276' title='bbox 2117 537 2210 611; x_wconf 77' lang='grc' dir='ltr'>ἔτη</span> <span class='ocrx_word' id='word_1_277' title='bbox 2257 541 2322 598; x_wconf 86' lang='grc' dir='ltr'>κ’.</span> <span class='ocrx_word' id='word_1_278' title='bbox 2358 541 2478 615; x_wconf 73' lang='grc' dir='ltr'>Ἐφ’</span> <span class='ocrx_word' id='word_1_279' title='bbox 2523 539 2584 593; x_wconf 76' lang='grc' dir='ltr'><strong>οὗ</strong></span> <span class='ocrx_word' id='word_1_280' title='bbox 2633 536 2797 592; x_wconf 85' lang='grc' dir='ltr'>πάλιν</span> <span class='ocrx_word' id='word_1_281' title='bbox 2843 530 3155 612; x_wconf 84' lang='grc' dir='ltr'>Ζοροϐάϐελ</span> <span class='ocrx_word' id='word_1_282' title='bbox 3189 534 3280 588; x_wconf 86' lang='grc' dir='ltr'><strong>καὶ</strong></span> <span class='ocrx_word' id='word_1_283' title='bbox 3313 535 3525 604; x_wconf 76' lang='grc' dir='ltr'>Ἰησοῦς</span> <span class='ocrx_word' id='word_1_284' title='bbox 3555 531 3780 606; x_wconf 82' lang='grc' dir='ltr'>ἐπιτρα-</span> 
     </span>
    </p>
   </div>
   <div class='ocr_carea' id='block_1_52' title="bbox 2117 622 3780 697">
    <p class='ocr_par' dir='ltr' id='par_1_52' title="bbox 2117 622 3780 697">
     <span class='ocr_line' id='line_1_52' title="bbox 2117 622 3780 697; baseline -0.007 -13"><span class='ocrx_word' id='word_1_285' title='bbox 2117 625 2660 690; x_wconf 80' lang='grc' dir='ltr'>πέντεςέτελείωσαν</span> <span class='ocrx_word' id='word_1_286' title='bbox 2700 628 2800 696; x_wconf 72' lang='grc' dir='ltr'>τὴν</span> <span class='ocrx_word' id='word_1_287' title='bbox 2836 622 3137 697; x_wconf 74' lang='grc' dir='ltr'>οἰκοδομὴν</span> <span class='ocrx_word' id='word_1_288' title='bbox 3168 627 3270 678; x_wconf 78' lang='grc' dir='ltr'><strong>τοῦ</strong></span> <span class='ocrx_word' id='word_1_289' title='bbox 3311 627 3466 692; x_wconf 71' lang='grc' dir='ltr'>ναοῦ,</span> <span class='ocrx_word' id='word_1_290' title='bbox 3500 623 3590 676; x_wconf 88' lang='grc' dir='ltr'>’ὀτε</span> <span class='ocrx_word' id='word_1_291' title='bbox 3621 622 3648 674; x_wconf 90' lang='lat'><strong>6</strong></span> <span class='ocrx_word' id='word_1_292' title='bbox 3680 627 3780 673; x_wconf 88' lang='lat' dir='ltr'><strong>Zo-</strong></span> 
     </span>
    </p>
   </div>
   <div class='ocr_carea' id='block_1_53' title="bbox 2121 710 3782 795">
    <p class='ocr_par' dir='ltr' id='par_1_53' title="bbox 2121 710 3782 795">
     <span class='ocr_line' id='line_1_53' title="bbox 2121 710 3782 795; baseline -0.005 -22"><span class='ocrx_word' id='word_1_293' title='bbox 2121 713 2357 795; x_wconf 88' lang='grc' dir='ltr'>ροϐάϐελ</span> <span class='ocrx_word' id='word_1_294' title='bbox 2393 715 2445 771; x_wconf 83' lang='grc' dir='ltr'><strong>ἐν</strong></span> <span class='ocrx_word' id='word_1_295' title='bbox 2483 711 2840 791; x_wconf 88' lang='grc' dir='ltr'>προϐλήματι</span> <span class='ocrx_word' id='word_1_296' title='bbox 2874 716 3123 784; x_wconf 82' lang='grc' dir='ltr'>νικήσας,</span> <span class='ocrx_word' id='word_1_297' title='bbox 3157 712 3247 768; x_wconf 79' lang='grc' dir='ltr'><strong>καὶ</strong></span> <span class='ocrx_word' id='word_1_298' title='bbox 3279 710 3593 784; x_wconf 73' lang='grc' dir='ltr'><strong>ἐπιτραπεὶς</strong></span> <span class='ocrx_word' id='word_1_299' title='bbox 3627 710 3782 780; x_wconf 74' lang='grc' dir='ltr'>αἰτή·</span> 
     </span>
    </p>
   </div>
   <div class='ocr_carea' id='block_1_54' title="bbox 2120 796 3785 882">
    <p class='ocr_par' dir='ltr' id='par_1_54' title="bbox 2120 796 3785 882">
     <span class='ocr_line' id='line_1_54' title="bbox 2120 796 3785 882; baseline -0.006 -21"><span class='ocrx_word' id='word_1_300' title='bbox 2120 818 2310 871; x_wconf 79' lang='grc' dir='ltr'>σασοαι</span> <span class='ocrx_word' id='word_1_301' title='bbox 2358 806 2389 860; x_wconf 82' lang='lat'><em>6&#39;</em></span> <span class='ocrx_word' id='word_1_302' title='bbox 2445 803 2721 882; x_wconf 84' lang='grc' dir='ltr'>βούλεται,</span> <span class='ocrx_word' id='word_1_303' title='bbox 2767 803 2996 875; x_wconf 76' lang='grc' dir='ltr'><strong>ἠξίωσεν</strong></span> <span class='ocrx_word' id='word_1_304' title='bbox 3035 801 3296 879; x_wconf 73' lang='grc' dir='ltr'>ἀφεθῆναι</span> <span class='ocrx_word' id='word_1_305' title='bbox 3341 801 3440 868; x_wconf 73' lang='grc' dir='ltr'><strong>τήν</strong></span> <span class='ocrx_word' id='word_1_306' title='bbox 3477 796 3785 873; x_wconf 77' lang='grc' dir='ltr'>αἰχμαλω-</span> 
     </span>
    </p>
   </div>
   <div class='ocr_carea' id='block_1_55' title="bbox 2122 886 3782 967">
    <p class='ocr_par' dir='ltr' id='par_1_55' title="bbox 2122 886 3782 967">
     <span class='ocr_line' id='line_1_55' title="bbox 2122 886 3782 967; baseline -0.007 -17"><span class='ocrx_word' id='word_1_307' title='bbox 2122 894 2236 950; x_wconf 90' lang='grc' dir='ltr'>σίαν</span> <span class='ocrx_word' id='word_1_308' title='bbox 2304 895 2395 950; x_wconf 84' lang='grc' dir='ltr'><strong>καὶ</strong></span> <span class='ocrx_word' id='word_1_309' title='bbox 2457 892 2893 967; x_wconf 69' lang='grc' dir='ltr'>οίκοδομηθῆναι</span> <span class='ocrx_word' id='word_1_310' title='bbox 2963 893 3062 960; x_wconf 80' lang='grc' dir='ltr'><strong>τήν</strong></span> <span class='ocrx_word' id='word_1_311' title='bbox 3129 886 3519 963; x_wconf 81' lang='grc' dir='ltr'>Ἰερουσαλήμ·</span> <span class='ocrx_word' id='word_1_312' title='bbox 3591 888 3621 941; x_wconf 86' lang='grc' dir='ltr'><strong>δ</strong></span> <span class='ocrx_word' id='word_1_313' title='bbox 3687 887 3782 941; x_wconf 78' lang='grc' dir='ltr'>καὶ</span> 
     </span>
    </p>
   </div>
   <div class='ocr_carea' id='block_1_56' title="bbox 2118 976 3786 1063">
    <p class='ocr_par' dir='ltr' id='par_1_56' title="bbox 2118 976 3786 1063">
     <span class='ocr_line' id='line_1_56' title="bbox 2118 976 3786 1063; baseline -0.007 -23"><span class='ocrx_word' id='word_1_314' title='bbox 2118 985 2326 1063; x_wconf 66' lang='grc' dir='ltr'>γέγονε,</span> <span class='ocrx_word' id='word_1_315' title='bbox 2355 984 2446 1039; x_wconf 81' lang='grc' dir='ltr'><strong>καὶ</strong></span> <span class='ocrx_word' id='word_1_316' title='bbox 2475 984 2600 1038; x_wconf 88' lang='grc' dir='ltr'>τότε</span> <span class='ocrx_word' id='word_1_317' title='bbox 2645 980 3011 1056; x_wconf 71' lang='grc' dir='ltr'><strong>πεπλήρωται</strong></span> <span class='ocrx_word' id='word_1_318' title='bbox 3044 979 3120 1044; x_wconf 80' lang='grc' dir='ltr'>εἷς</span> <span class='ocrx_word' id='word_1_319' title='bbox 3158 977 3320 1043; x_wconf 71' lang='grc' dir='ltr'>τέλος</span> <span class='ocrx_word' id='word_1_320' title='bbox 3347 977 3413 1032; x_wconf 79' lang='grc' dir='ltr'>τὰ</span> <span class='ocrx_word' id='word_1_321' title='bbox 3445 984 3543 1046; x_wconf 80' lang='grc' dir='ltr'><strong>τῆς</strong></span> <span class='ocrx_word' id='word_1_322' title='bbox 3573 976 3786 1054; x_wconf 80' lang='grc' dir='ltr'>αἰχμα-</span> 
     </span>
    </p>
   </div>
   <div class='ocr_carea' id='block_1_57' title="bbox 2122 1066 3785 1149">
    <p class='ocr_par' dir='ltr' id='par_1_57' title="bbox 2122 1066 3785 1149">
     <span class='ocr_line' id='line_1_57' title="bbox 2122 1066 3785 1149; baseline -0.007 -17"><span class='ocrx_word' id='word_1_323' title='bbox 2122 1075 2327 1140; x_wconf 88' lang='grc' dir='ltr'>λωσίας</span> <span class='ocrx_word' id='word_1_324' title='bbox 2372 1074 2461 1130; x_wconf 85' lang='grc' dir='ltr'><strong>καὶ</strong></span> <span class='ocrx_word' id='word_1_325' title='bbox 2511 1081 2610 1144; x_wconf 80' lang='grc' dir='ltr'><strong>τῆς</strong></span> <span class='ocrx_word' id='word_1_326' title='bbox 2664 1074 2833 1149; x_wconf 72' lang='grc' dir='ltr'>ὀργῆς</span> <span class='ocrx_word' id='word_1_327' title='bbox 2899 1067 2991 1142; x_wconf 77' lang='grc' dir='ltr'>ἔτη</span> <span class='ocrx_word' id='word_1_328' title='bbox 3057 1071 3122 1128; x_wconf 76' lang='grc' dir='ltr'><strong>θ’.</strong></span> <span class='ocrx_word' id='word_1_329' title='bbox 3172 1071 3233 1128; x_wconf 82' lang='grc' dir='ltr'><strong>Ὀ</strong></span> <span class='ocrx_word' id='word_1_330' title='bbox 3283 1066 3340 1124; x_wconf 78' lang='grc' dir='ltr'><strong>δέ</strong></span> <span class='ocrx_word' id='word_1_331' title='bbox 3383 1089 3444 1146; x_wconf 87' lang='grc' dir='ltr'>γε</span> <span class='ocrx_word' id='word_1_332' title='bbox 3491 1066 3785 1144; x_wconf 76' lang='grc' dir='ltr'>ἀρχιερεὺς</span> 
     </span>
    </p>
   </div>
   <div class='ocr_carea' id='block_1_58' title="bbox 2122 1157 3782 1243">
    <p class='ocr_par' dir='ltr' id='par_1_58' title="bbox 2122 1157 3782 1243">
     <span class='ocr_line' id='line_1_58' title="bbox 2122 1157 3782 1243; baseline -0.007 -21"><span class='ocrx_word' id='word_1_333' title='bbox 2122 1167 2213 1222; x_wconf 85' lang='grc' dir='ltr'>καὶ</span> <span class='ocrx_word' id='word_1_334' title='bbox 2278 1163 2634 1243; x_wconf 78' lang='grc' dir='ltr'>γραμματεὺς</span> <span class='ocrx_word' id='word_1_335' title='bbox 2700 1161 2938 1238; x_wconf 81' lang='grc' dir='ltr'><strong>Ἔσδρας</strong></span> <span class='ocrx_word' id='word_1_336' title='bbox 2994 1163 3062 1232; x_wconf 77' lang='grc' dir='ltr'>ἦν</span> <span class='ocrx_word' id='word_1_337' title='bbox 3131 1157 3399 1216; x_wconf 78' lang='grc' dir='ltr'>διδάσκων</span> <span class='ocrx_word' id='word_1_338' title='bbox 3461 1159 3552 1214; x_wconf 85' lang='grc' dir='ltr'><strong>τὸν</strong></span> <span class='ocrx_word' id='word_1_339' title='bbox 3608 1157 3782 1230; x_wconf 87' lang='grc' dir='ltr'>νόμον</span> 
     </span>
    </p>
   </div>
   <div class='ocr_carea' id='block_1_59' title="bbox 2121 1248 3778 1329">
    <p class='ocr_par' dir='ltr' id='par_1_59' title="bbox 2121 1248 3778 1329">
     <span class='ocr_line' id='line_1_59' title="bbox 2121 1248 3778 1329; baseline -0.008 -16"><span class='ocrx_word' id='word_1_340' title='bbox 2121 1262 2219 1312; x_wconf 83' lang='grc' dir='ltr'>τοῦ</span> <span class='ocrx_word' id='word_1_341' title='bbox 2269 1259 2404 1312; x_wconf 81' lang='grc' dir='ltr'>Θεοῦ</span> <span class='ocrx_word' id='word_1_342' title='bbox 2447 1254 2537 1309; x_wconf 83' lang='grc' dir='ltr'>καὶ</span> <span class='ocrx_word' id='word_1_343' title='bbox 2590 1249 2965 1329; x_wconf 83' lang='grc' dir='ltr'>διερμηνεύων</span> <span class='ocrx_word' id='word_1_344' title='bbox 3016 1250 3090 1313; x_wconf 86' lang='grc' dir='ltr'>ὠς</span> <span class='ocrx_word' id='word_1_345' title='bbox 3137 1249 3492 1328; x_wconf 67' lang='grc' dir='ltr'>εὐφυέστατος</span> <span class='ocrx_word' id='word_1_346' title='bbox 3533 1248 3778 1318; x_wconf 83' lang='grc' dir='ltr'>πάντων,</span> 
     </span>
    </p>
   </div>
   <div class='ocr_carea' id='block_1_60' title="bbox 2123 1334 3785 1420">
    <p class='ocr_par' dir='ltr' id='par_1_60' title="bbox 2123 1334 3785 1420">
     <span class='ocr_line' id='line_1_60' title="bbox 2123 1334 3785 1420; baseline -0.007 -19"><span class='ocrx_word' id='word_1_347' title='bbox 2123 1346 2184 1408; x_wconf 81' lang='grc' dir='ltr'><strong>δς</strong></span> <span class='ocrx_word' id='word_1_348' title='bbox 2241 1345 2332 1400; x_wconf 82' lang='grc' dir='ltr'><strong>καὶ</strong></span> <span class='ocrx_word' id='word_1_349' title='bbox 2387 1343 2481 1406; x_wconf 71' lang='grc' dir='ltr'><strong>τάς</strong></span> <span class='ocrx_word' id='word_1_350' title='bbox 2541 1343 2692 1420; x_wconf 75' lang='grc' dir='ltr'>ἱερὰς</span> <span class='ocrx_word' id='word_1_351' title='bbox 2752 1336 2982 1418; x_wconf 85' lang='grc' dir='ltr'>βίϐλους</span> <span class='ocrx_word' id='word_1_352' title='bbox 3040 1339 3445 1408; x_wconf 72' lang='grc' dir='ltr'><strong>ἀποκατέστησε</strong></span> <span class='ocrx_word' id='word_1_353' title='bbox 3475 1334 3785 1414; x_wconf 71' lang='grc' dir='ltr'>διαφθαρεί-</span> 
     </span>
    </p>
   </div>
   <div class='ocr_carea' id='block_1_61' title="bbox 2124 1424 3785 1508">
    <p class='ocr_par' dir='ltr' id='par_1_61' title="bbox 2124 1424 3785 1508">
     <span class='ocr_line' id='line_1_61' title="bbox 2124 1424 3785 1508; baseline -0.006 -18"><span class='ocrx_word' id='word_1_354' title='bbox 2124 1456 2221 1497; x_wconf 85' lang='grc' dir='ltr'>σας</span> <span class='ocrx_word' id='word_1_355' title='bbox 2250 1435 2354 1490; x_wconf 80' lang='grc' dir='ltr'><strong>ύπὸ</strong></span> <span class='ocrx_word' id='word_1_356' title='bbox 2409 1437 2516 1488; x_wconf 80' lang='grc' dir='ltr'>τῶν</span> <span class='ocrx_word' id='word_1_357' title='bbox 2572 1431 2880 1505; x_wconf 75' lang='grc' dir='ltr'>πολεμίωνο</span> <span class='ocrx_word' id='word_1_358' title='bbox 2935 1431 2987 1486; x_wconf 79' lang='grc' dir='ltr'><strong>οἱ</strong></span> <span class='ocrx_word' id='word_1_359' title='bbox 3048 1429 3152 1508; x_wconf 76' lang='grc' dir='ltr'>γὰρ</span> <span class='ocrx_word' id='word_1_360' title='bbox 3192 1449 3280 1484; x_wconf 90' lang='grc' dir='ltr'><strong>τοι</strong></span> <span class='ocrx_word' id='word_1_361' title='bbox 3337 1424 3604 1486; x_wconf 81' lang='grc' dir='ltr'>Χαλδαῖοι</span> <span class='ocrx_word' id='word_1_362' title='bbox 3644 1425 3785 1499; x_wconf 76' lang='grc' dir='ltr'>μετά</span> 
     </span>
    </p>
   </div>
   <div class='ocr_carea' id='block_1_62' title="bbox 2123 1514 3783 1595">
    <p class='ocr_par' dir='ltr' id='par_1_62' title="bbox 2123 1514 3783 1595">
     <span class='ocr_line' id='line_1_62' title="bbox 2123 1514 3783 1595; baseline -0.005 -16"><span class='ocrx_word' id='word_1_363' title='bbox 2123 1526 2222 1592; x_wconf 75' lang='grc' dir='ltr'>τήν</span> <span class='ocrx_word' id='word_1_364' title='bbox 2254 1521 2459 1579; x_wconf 77' lang='grc' dir='ltr'>ἅλωσιν</span> <span class='ocrx_word' id='word_1_365' title='bbox 2508 1527 2608 1591; x_wconf 77' lang='grc' dir='ltr'><strong>τῆς</strong></span> <span class='ocrx_word' id='word_1_366' title='bbox 2665 1519 3033 1595; x_wconf 72' lang='grc' dir='ltr'>Ἰερουσαλὴμ</span> <span class='ocrx_word' id='word_1_367' title='bbox 3088 1514 3385 1593; x_wconf 77' lang='grc' dir='ltr'>ἐνέπρησαν</span> <span class='ocrx_word' id='word_1_368' title='bbox 3440 1518 3631 1577; x_wconf 84' lang='grc' dir='ltr'>πάσας.</span> <span class='ocrx_word' id='word_1_369' title='bbox 3686 1517 3783 1570; x_wconf 83' lang='grc' dir='ltr'><strong>Διὸ</strong></span> 
     </span>
    </p>
   </div>
   <div class='ocr_carea' id='block_1_63' title="bbox 2123 1603 3782 1680">
    <p class='ocr_par' dir='ltr' id='par_1_63' title="bbox 2123 1603 3782 1680">
     <span class='ocr_line' id='line_1_63' title="bbox 2123 1603 3782 1680; baseline -0.004 -12"><span class='ocrx_word' id='word_1_370' title='bbox 2123 1613 2215 1668; x_wconf 86' lang='grc' dir='ltr'>καὶ</span> <span class='ocrx_word' id='word_1_371' title='bbox 2247 1610 2550 1668; x_wconf 77' lang='grc' dir='ltr'>ἐνέπνευσεν</span> <span class='ocrx_word' id='word_1_372' title='bbox 2610 1611 2638 1665; x_wconf 88' lang='grc' dir='ltr'><strong>ὁ</strong></span> <span class='ocrx_word' id='word_1_373' title='bbox 2696 1610 2827 1672; x_wconf 86' lang='grc' dir='ltr'>Θεὸς</span> <span class='ocrx_word' id='word_1_374' title='bbox 2883 1609 3067 1680; x_wconf 83' lang='grc' dir='ltr'>τούτῷ</span> <span class='ocrx_word' id='word_1_375' title='bbox 3133 1607 3270 1662; x_wconf 81' lang='grc' dir='ltr'>ὥστε</span> <span class='ocrx_word' id='word_1_376' title='bbox 3321 1605 3484 1668; x_wconf 78' lang='grc' dir='ltr'>αύτάς</span> <span class='ocrx_word' id='word_1_377' title='bbox 3515 1603 3782 1670; x_wconf 71' lang='grc' dir='ltr'>ἐκθέσθαι.</span> 
     </span>
    </p>
   </div>
   <div class='ocr_carea' id='block_1_64' title="bbox 2200 1870 3783 1954">
    <p class='ocr_par' dir='ltr' id='par_1_64' title="bbox 2200 1870 3783 1954">
     <span class='ocr_line' id='line_1_64' title="bbox 2200 1870 3783 1954; baseline -0.008 -15"><span class='ocrx_word' id='word_1_378' title='bbox 2200 1883 2351 1938; x_wconf 83' lang='grc' dir='ltr'>Μετᾶ</span> <span class='ocrx_word' id='word_1_379' title='bbox 2407 1878 2465 1937; x_wconf 73' lang='grc' dir='ltr'>δὶ</span> <span class='ocrx_word' id='word_1_380' title='bbox 2531 1883 2752 1954; x_wconf 88' lang='grc' dir='ltr'>Δαρεῖον</span> <span class='ocrx_word' id='word_1_381' title='bbox 2849 1873 3196 1934; x_wconf 78' lang='grc' dir='ltr'>ἐϐασίλευσεν</span> <span class='ocrx_word' id='word_1_382' title='bbox 3265 1870 3604 1954; x_wconf 78' lang='grc' dir='ltr'>Ἀρταϐάνης</span> <span class='ocrx_word' id='word_1_383' title='bbox 3667 1883 3783 1950; x_wconf 76' lang='grc' dir='ltr'><strong>μῆ-</strong></span> 
     </span>
    </p>
   </div>
   <div class='ocr_carea' id='block_1_65' title="bbox 2128 1975 2316 2043">
    <p class='ocr_par' dir='ltr' id='par_1_65' title="bbox 2128 1975 2316 2043">
     <span class='ocr_line' id='line_1_65' title="bbox 2128 1975 2316 2043; baseline 0.005 -15"><span class='ocrx_word' id='word_1_384' title='bbox 2128 1993 2222 2034; x_wconf 88' lang='grc' dir='ltr'><strong>νας</strong></span> <span class='ocrx_word' id='word_1_385' title='bbox 2255 1975 2316 2043; x_wconf 86' lang='grc' dir='ltr'>ζ’.</span> 
     </span>
    </p>
   </div>
   <div class='ocr_carea' id='block_1_66' title="bbox 2202 2053 3789 2136">
    <p class='ocr_par' dir='ltr' id='par_1_66' title="bbox 2202 2053 3789 2136">
     <span class='ocr_line' id='line_1_66' title="bbox 2202 2053 3789 2136; baseline 0.002 -20"><span class='ocrx_word' id='word_1_386' title='bbox 2202 2062 2355 2119; x_wconf 70' lang='grc' dir='ltr'>Μετὰ</span> <span class='ocrx_word' id='word_1_387' title='bbox 2429 2058 2486 2116; x_wconf 72' lang='grc' dir='ltr'>δὲ</span> <span class='ocrx_word' id='word_1_388' title='bbox 2557 2054 2897 2136; x_wconf 80' lang='grc' dir='ltr'>’Δρταϐάνην</span> <span class='ocrx_word' id='word_1_389' title='bbox 2980 2053 3322 2115; x_wconf 84' lang='grc' dir='ltr'>ἐϐασίλευσεν</span> <span class='ocrx_word' id='word_1_390' title='bbox 3427 2056 3789 2133; x_wconf 77' lang='grc' dir='ltr'>Ἀρταξέρξης</span> 
     </span>
    </p>
   </div>
   <div class='ocr_carea' id='block_1_67' title="bbox 2131 2145 3792 2228">
    <p class='ocr_par' dir='ltr' id='par_1_67' title="bbox 2131 2145 3792 2228">
     <span class='ocr_line' id='line_1_67' title="bbox 2131 2145 3792 2228; baseline -0.004 -21"><span class='ocrx_word' id='word_1_391' title='bbox 2131 2151 2158 2207; x_wconf 87' lang='lat'><strong>6</strong></span> <span class='ocrx_word' id='word_1_392' title='bbox 2188 2152 2505 2227; x_wconf 85' lang='grc' dir='ltr'>Μακρόχειρ</span> <span class='ocrx_word' id='word_1_393' title='bbox 2537 2145 2629 2221; x_wconf 85' lang='grc' dir='ltr'>ἔτη</span> <span class='ocrx_word' id='word_1_394' title='bbox 2667 2155 2774 2222; x_wconf 86' lang='grc' dir='ltr'>μα’.</span> <span class='ocrx_word' id='word_1_395' title='bbox 2809 2149 2924 2226; x_wconf 78' lang='grc' dir='ltr'>Ἐφ’</span> <span class='ocrx_word' id='word_1_396' title='bbox 2971 2147 3033 2203; x_wconf 79' lang='grc' dir='ltr'>οὗ</span> <span class='ocrx_word' id='word_1_397' title='bbox 3084 2146 3399 2228; x_wconf 70' lang='grc' dir='ltr'>Σοφοκλῆς,</span> <span class='ocrx_word' id='word_1_398' title='bbox 3428 2146 3792 2221; x_wconf 81' lang='grc' dir='ltr'>Ἡράκλειτος</span> 
     </span>
    </p>
   </div>
   <div class='ocr_carea' id='block_1_68' title="bbox 2131 2233 3790 2317">
    <p class='ocr_par' dir='ltr' id='par_1_68' title="bbox 2131 2233 3790 2317">
     <span class='ocr_line' id='line_1_68' title="bbox 2131 2233 3790 2317; baseline -0.004 -20"><span class='ocrx_word' id='word_1_399' title='bbox 2131 2243 2222 2297; x_wconf 75' lang='grc' dir='ltr'><strong>καὶ</strong></span> <span class='ocrx_word' id='word_1_400' title='bbox 2253 2241 2613 2317; x_wconf 78' lang='grc' dir='ltr'>Ἀναξαγόρας</span> <span class='ocrx_word' id='word_1_401' title='bbox 2669 2239 2760 2294; x_wconf 84' lang='grc' dir='ltr'><strong>καὶ</strong></span> <span class='ocrx_word' id='word_1_402' title='bbox 2800 2238 3112 2315; x_wconf 84' lang='grc' dir='ltr'>Ηυθαγόρας</span> <span class='ocrx_word' id='word_1_403' title='bbox 3171 2237 3262 2294; x_wconf 84' lang='grc' dir='ltr'><strong>καὶ</strong></span> <span class='ocrx_word' id='word_1_404' title='bbox 3319 2233 3656 2306; x_wconf 77' lang='grc' dir='ltr'>Θουκυδίδης</span> <span class='ocrx_word' id='word_1_405' title='bbox 3693 2238 3790 2291; x_wconf 87' lang='grc' dir='ltr'><strong>καὶ</strong></span> 
     </span>
    </p>
   </div>
   <div class='ocr_carea' id='block_1_69' title="bbox 2132 2323 3790 2408">
    <p class='ocr_par' dir='ltr' id='par_1_69' title="bbox 2132 2323 3790 2408">
     <span class='ocr_line' id='line_1_69' title="bbox 2132 2323 3790 2408; baseline -0.004 -22"><span class='ocrx_word' id='word_1_406' title='bbox 2132 2329 2438 2408; x_wconf 84' lang='grc' dir='ltr'>Εύριπίδης</span> <span class='ocrx_word' id='word_1_407' title='bbox 2493 2329 2584 2385; x_wconf 85' lang='grc' dir='ltr'><strong>καὶ</strong></span> <span class='ocrx_word' id='word_1_408' title='bbox 2643 2326 2936 2404; x_wconf 87' lang='grc' dir='ltr'>Ἡρόδοτος</span> <span class='ocrx_word' id='word_1_409' title='bbox 2975 2328 3065 2382; x_wconf 84' lang='grc' dir='ltr'><strong>καὶ</strong></span> <span class='ocrx_word' id='word_1_410' title='bbox 3124 2323 3504 2401; x_wconf 74' lang='grc' dir='ltr'>Ἐμπεδοκλῆς</span> <span class='ocrx_word' id='word_1_411' title='bbox 3536 2326 3628 2380; x_wconf 80' lang='grc' dir='ltr'>καὶ</span> <span class='ocrx_word' id='word_1_412' title='bbox 3662 2333 3790 2380; x_wconf 81' lang='grc' dir='ltr'>Διο-</span> 
     </span>
    </p>
   </div>
   <div class='ocr_carea' id='block_1_70' title="bbox 2129 2415 3792 2498">
    <p class='ocr_par' dir='ltr' id='par_1_70' title="bbox 2129 2415 3792 2498">
     <span class='ocr_line' id='line_1_70' title="bbox 2129 2415 3792 2498; baseline -0.004 -22"><span class='ocrx_word' id='word_1_413' title='bbox 2129 2419 2293 2498; x_wconf 85' lang='grc' dir='ltr'>γένης</span> <span class='ocrx_word' id='word_1_414' title='bbox 2325 2421 2416 2475; x_wconf 78' lang='grc' dir='ltr'><strong>καὶ</strong></span> <span class='ocrx_word' id='word_1_415' title='bbox 2447 2421 2630 2492; x_wconf 82' lang='grc' dir='ltr'>Ζήνων</span> <span class='ocrx_word' id='word_1_416' title='bbox 2665 2415 2976 2496; x_wconf 82' lang='grc' dir='ltr'>Φερεκύδης</span> <span class='ocrx_word' id='word_1_417' title='bbox 3032 2439 3091 2473; x_wconf 91' lang='grc' dir='ltr'><strong>τε</strong></span> <span class='ocrx_word' id='word_1_418' title='bbox 3145 2417 3237 2472; x_wconf 86' lang='grc' dir='ltr'><strong>καὶ</strong></span> <span class='ocrx_word' id='word_1_419' title='bbox 3291 2415 3658 2492; x_wconf 85' lang='grc' dir='ltr'>Ἀρίσταρχος</span> <span class='ocrx_word' id='word_1_420' title='bbox 3695 2416 3792 2470; x_wconf 83' lang='grc' dir='ltr'><strong>καὶ</strong></span> 
     </span>
    </p>
   </div>
   <div class='ocr_carea' id='block_1_71' title="bbox 2128 2504 3792 2585">
    <p class='ocr_par' dir='ltr' id='par_1_71' title="bbox 2128 2504 3792 2585">
     <span class='ocr_line' id='line_1_71' title="bbox 2128 2504 3792 2585; baseline -0.005 -18"><span class='ocrx_word' id='word_1_421' title='bbox 2128 2510 2510 2585; x_wconf 72' lang='grc' dir='ltr'>Ἱπποκράτης,</span> <span class='ocrx_word' id='word_1_422' title='bbox 2565 2505 2939 2584; x_wconf 78' lang='grc' dir='ltr'>Παρμενίδης,</span> <span class='ocrx_word' id='word_1_423' title='bbox 2993 2505 3222 2562; x_wconf 84' lang='grc' dir='ltr'>Πλάτων</span> <span class='ocrx_word' id='word_1_424' title='bbox 3279 2505 3369 2560; x_wconf 86' lang='grc' dir='ltr'><strong>καὶ</strong></span> <span class='ocrx_word' id='word_1_425' title='bbox 3400 2504 3792 2581; x_wconf 75' lang='grc' dir='ltr'>Ἀριστοτέλης</span> 
     </span>
    </p>
   </div>
   <div class='ocr_carea' id='block_1_72' title="bbox 2112 2593 3471 2673">
    <p class='ocr_par' dir='ltr' id='par_1_72' title="bbox 2112 2593 3471 2673">
     <span class='ocr_line' id='line_1_72' title="bbox 2112 2593 3471 2673; baseline -0.004 -18"><span class='ocrx_word' id='word_1_426' title='bbox 2112 2599 2222 2656; x_wconf 77' lang='grc' dir='ltr'><strong>¹καὶ</strong></span> <span class='ocrx_word' id='word_1_427' title='bbox 2252 2598 2606 2673; x_wconf 72' lang='grc' dir='ltr'>Δημοσθένης</span> <span class='ocrx_word' id='word_1_428' title='bbox 2638 2597 2730 2652; x_wconf 86' lang='grc' dir='ltr'><strong>καὶ</strong></span> <span class='ocrx_word' id='word_1_429' title='bbox 2762 2595 3063 2673; x_wconf 82' lang='grc' dir='ltr'>Σωκράτης</span> <span class='ocrx_word' id='word_1_430' title='bbox 3095 2593 3471 2671; x_wconf 84' lang='grc' dir='ltr'>ἐγνωρίζοντο.</span> 
     </span>
    </p>
   </div>
   <div class='ocr_carea' id='block_1_73' title="bbox 2201 2681 3787 2763">
    <p class='ocr_par' dir='ltr' id='par_1_73' title="bbox 2201 2681 3787 2763">
     <span class='ocr_line' id='line_1_73' title="bbox 2201 2681 3787 2763; baseline -0.006 -16"><span class='ocrx_word' id='word_1_431' title='bbox 2201 2689 2354 2747; x_wconf 82' lang='grc' dir='ltr'><strong>Μετά</strong></span> <span class='ocrx_word' id='word_1_432' title='bbox 2410 2686 2468 2744; x_wconf 75' lang='grc' dir='ltr'>δὶ</span> <span class='ocrx_word' id='word_1_433' title='bbox 2534 2685 2891 2763; x_wconf 73' lang='grc' dir='ltr'>Ἀρταξέρξην</span> <span class='ocrx_word' id='word_1_434' title='bbox 2986 2681 3331 2742; x_wconf 83' lang='grc' dir='ltr'>ἐϐασίλευσεν</span> <span class='ocrx_word' id='word_1_435' title='bbox 3418 2685 3787 2760; x_wconf 79' lang='grc' dir='ltr'>’Δρταξέρξης</span> 
     </span>
    </p>
   </div>
   <div class='ocr_carea' id='block_1_74' title="bbox 2127 2774 3785 2853">
    <p class='ocr_par' dir='ltr' id='par_1_74' title="bbox 2127 2774 3785 2853">
     <span class='ocr_line' id='line_1_74' title="bbox 2127 2774 3785 2853; baseline -0.004 -16"><span class='ocrx_word' id='word_1_436' title='bbox 2127 2779 2299 2844; x_wconf 77' lang='grc' dir='ltr'>ἄλλος</span> <span class='ocrx_word' id='word_1_437' title='bbox 2340 2779 2428 2836; x_wconf 73' lang='grc' dir='ltr'><strong>καὶ</strong></span> <span class='ocrx_word' id='word_1_438' title='bbox 2460 2781 2512 2836; x_wconf 78' lang='grc' dir='ltr'><strong>οὶ</strong></span> <span class='ocrx_word' id='word_1_439' title='bbox 2540 2781 2767 2851; x_wconf 75' lang='grc' dir='ltr'>καθεξῆς</span> <span class='ocrx_word' id='word_1_440' title='bbox 2811 2776 2917 2840; x_wconf 71' lang='grc' dir='ltr'>ἕως</span> <span class='ocrx_word' id='word_1_441' title='bbox 2949 2777 3196 2853; x_wconf 81' lang='grc' dir='ltr'>Δαρείου,</span> <span class='ocrx_word' id='word_1_442' title='bbox 3245 2779 3303 2832; x_wconf 76' lang='grc' dir='ltr'>’ὸν</span> <span class='ocrx_word' id='word_1_443' title='bbox 3353 2774 3559 2832; x_wconf 84' lang='grc' dir='ltr'>ἀνεῖλεν</span> <span class='ocrx_word' id='word_1_444' title='bbox 3591 2774 3785 2846; x_wconf 77' lang='grc' dir='ltr'><strong>Ἀλέξ-</strong></span> 
     </span>
    </p>
   </div>
   <div class='ocr_carea' id='block_1_75' title="bbox 2129 2863 3787 2946">
    <p class='ocr_par' dir='ltr' id='par_1_75' title="bbox 2129 2863 3787 2946">
     <span class='ocr_line' id='line_1_75' title="bbox 2129 2863 3787 2946; baseline -0.004 -20"><span class='ocrx_word' id='word_1_445' title='bbox 2129 2869 2346 2946; x_wconf 86' lang='grc' dir='ltr'>ανδρος,</span> <span class='ocrx_word' id='word_1_446' title='bbox 2414 2870 2476 2925; x_wconf 77' lang='grc' dir='ltr'>οὗ</span> <span class='ocrx_word' id='word_1_447' title='bbox 2551 2871 2648 2940; x_wconf 85' lang='grc' dir='ltr'><strong>τήν</strong></span> <span class='ocrx_word' id='word_1_448' title='bbox 2729 2873 2948 2944; x_wconf 79' lang='grc' dir='ltr'>Περσῶν</span> <span class='ocrx_word' id='word_1_449' title='bbox 3023 2865 3305 2942; x_wconf 83' lang='grc' dir='ltr'>βασιλείαν</span> <span class='ocrx_word' id='word_1_450' title='bbox 3380 2863 3787 2930; x_wconf 72' lang='grc' dir='ltr'>καταλύσαντος</span> 
     </span>
    </p>
   </div>
   <div class='ocr_carea' id='block_1_76' title="bbox 2125 2950 3782 3034">
    <p class='ocr_par' dir='ltr' id='par_1_76' title="bbox 2125 2950 3782 3034">
     <span class='ocr_line' id='line_1_76' title="bbox 2125 2950 3782 3034; baseline -0.004 -18"><span class='ocrx_word' id='word_1_451' title='bbox 2125 2961 2216 3016; x_wconf 86' lang='grc' dir='ltr'><strong>καὶ</strong></span> <span class='ocrx_word' id='word_1_452' title='bbox 2315 2959 2493 3031; x_wconf 87' lang='grc' dir='ltr'>πάσης</span> <span class='ocrx_word' id='word_1_453' title='bbox 2600 2965 2704 3028; x_wconf 79' lang='grc' dir='ltr'>τῆς</span> <span class='ocrx_word' id='word_1_454' title='bbox 2805 2964 2910 3034; x_wconf 81' lang='grc' dir='ltr'>γῆς</span> <span class='ocrx_word' id='word_1_455' title='bbox 3010 2958 3379 3032; x_wconf 73' lang='grc' dir='ltr'>κρατήσαντος</span> <span class='ocrx_word' id='word_1_456' title='bbox 3464 2953 3514 3010; x_wconf 86' lang='grc' dir='ltr'><strong>ἐν</strong></span> <span class='ocrx_word' id='word_1_457' title='bbox 3593 2950 3782 3011; x_wconf 76' lang='grc' dir='ltr'>Βαϐυο</span> 
     </span>
    </p>
   </div>
   <div class='ocr_carea' id='block_1_77' title="bbox 2125 3043 3780 3120">
    <p class='ocr_par' dir='ltr' id='par_1_77' title="bbox 2125 3043 3780 3120">
     <span class='ocr_line' id='line_1_77' title="bbox 2125 3043 3780 3120; baseline -0.004 -16"><span class='ocrx_word' id='word_1_458' title='bbox 2125 3047 2262 3105; x_wconf 79' lang='grc' dir='ltr'>λῶνί</span> <span class='ocrx_word' id='word_1_459' title='bbox 2360 3069 2418 3104; x_wconf 89' lang='grc' dir='ltr'><strong>τε</strong></span> <span class='ocrx_word' id='word_1_460' title='bbox 2491 3045 2918 3119; x_wconf 80' lang='grc' dir='ltr'>τελευτήσαντος</span> <span class='ocrx_word' id='word_1_461' title='bbox 3007 3043 3211 3101; x_wconf 81' lang='grc' dir='ltr'>διεῖλον</span> <span class='ocrx_word' id='word_1_462' title='bbox 3298 3047 3399 3116; x_wconf 79' lang='grc' dir='ltr'><strong>τήν</strong></span> <span class='ocrx_word' id='word_1_463' title='bbox 3478 3043 3780 3120; x_wconf 77' lang='grc' dir='ltr'>βασιλείαν,</span> 
     </span>
    </p>
   </div>
   <div class='ocr_carea' id='block_1_78' title="bbox 2126 3135 3781 3213">
    <p class='ocr_par' dir='ltr' id='par_1_78' title="bbox 2126 3135 3781 3213">
     <span class='ocr_line' id='line_1_78' title="bbox 2126 3135 3781 3213; baseline -0.001 -19"><span class='ocrx_word' id='word_1_464' title='bbox 2126 3139 2200 3201; x_wconf 84' lang='grc' dir='ltr'>ὡς</span> <span class='ocrx_word' id='word_1_465' title='bbox 2267 3137 2498 3213; x_wconf 77' lang='grc' dir='ltr'>πρόσθεν</span> <span class='ocrx_word' id='word_1_466' title='bbox 2558 3136 2795 3213; x_wconf 89' lang='grc' dir='ltr'>ε’ἰρηται,</span> <span class='ocrx_word' id='word_1_467' title='bbox 2852 3136 2906 3190; x_wconf 74' lang='grc' dir='ltr'>οἱ</span> <span class='ocrx_word' id='word_1_468' title='bbox 2964 3135 3154 3199; x_wconf 83' lang='grc' dir='ltr'>παῖδες</span> <span class='ocrx_word' id='word_1_469' title='bbox 3212 3135 3377 3191; x_wconf 78' lang='grc' dir='ltr'>αὐτοῦ</span> <span class='ocrx_word' id='word_1_470' title='bbox 3416 3135 3611 3198; x_wconf 76' lang='grc' dir='ltr'>οὕτως.</span> <span class='ocrx_word' id='word_1_471' title='bbox 3660 3137 3781 3204; x_wconf 77' lang='grc' dir='ltr'><strong>Τῆς</strong></span> 
     </span>
    </p>
   </div>
   <div class='ocr_carea' id='block_1_79' title="bbox 2129 3219 3783 3304">
    <p class='ocr_par' dir='ltr' id='par_1_79' title="bbox 2129 3219 3783 3304">
     <span class='ocr_line' id='line_1_79' title="bbox 2129 3219 3783 3304; baseline -0.003 -22"><span class='ocrx_word' id='word_1_472' title='bbox 2129 3227 2223 3300; x_wconf 71' lang='grc' dir='ltr'>μὲν</span> <span class='ocrx_word' id='word_1_473' title='bbox 2276 3226 2560 3304; x_wconf 73' lang='grc' dir='ltr'>Αἰγύπτου</span> <span class='ocrx_word' id='word_1_474' title='bbox 2609 3224 2958 3299; x_wconf 88' lang='grc' dir='ltr'>Πτολεμαῖος</span> <span class='ocrx_word' id='word_1_475' title='bbox 3017 3219 3360 3280; x_wconf 86' lang='grc' dir='ltr'>ἐϐασίλευσεν</span> <span class='ocrx_word' id='word_1_476' title='bbox 3391 3224 3419 3278; x_wconf 84' lang='lat'><strong>6</strong></span> <span class='ocrx_word' id='word_1_477' title='bbox 3453 3224 3632 3298; x_wconf 82' lang='grc' dir='ltr'>Λάγου</span> <span class='ocrx_word' id='word_1_478' title='bbox 3687 3224 3783 3278; x_wconf 83' lang='grc' dir='ltr'><strong>καὶ</strong></span> 
     </span>
    </p>
   </div>
   <div class='ocr_carea' id='block_1_80' title="bbox 2126 3309 3784 3390">
    <p class='ocr_par' dir='ltr' id='par_1_80' title="bbox 2126 3309 3784 3390">
     <span class='ocr_line' id='line_1_80' title="bbox 2126 3309 3784 3390; baseline -0.003 -19"><span class='ocrx_word' id='word_1_479' title='bbox 2126 3317 2178 3371; x_wconf 75' lang='grc' dir='ltr'>οἱ</span> <span class='ocrx_word' id='word_1_480' title='bbox 2233 3315 2460 3386; x_wconf 76' lang='grc' dir='ltr'>καθεξης</span> <span class='ocrx_word' id='word_1_481' title='bbox 2519 3313 2858 3388; x_wconf 88' lang='grc' dir='ltr'>Πτολεμαῖοι</span> <span class='ocrx_word' id='word_1_482' title='bbox 2918 3314 2984 3390; x_wconf 85' lang='grc' dir='ltr'><strong>ιγ’</strong></span> <span class='ocrx_word' id='word_1_483' title='bbox 3047 3309 3152 3376; x_wconf 69' lang='grc' dir='ltr'><strong>ἕως</strong></span> <span class='ocrx_word' id='word_1_484' title='bbox 3212 3312 3562 3389; x_wconf 85' lang='grc' dir='ltr'>Κλεοπάτρας</span> <span class='ocrx_word' id='word_1_485' title='bbox 3612 3315 3784 3388; x_wconf 81' lang='grc' dir='ltr'>θυγα-</span> 
     </span>
    </p>
   </div>
   <div class='ocr_carea' id='block_1_81' title="bbox 2121 3403 3783 3482">
    <p class='ocr_par' dir='ltr' id='par_1_81' title="bbox 2121 3403 3783 3482">
     <span class='ocr_line' id='line_1_81' title="bbox 2121 3403 3783 3482; baseline -0.003 -20"><span class='ocrx_word' id='word_1_486' title='bbox 2121 3407 2249 3482; x_wconf 86' lang='grc' dir='ltr'>τρὸς</span> <span class='ocrx_word' id='word_1_487' title='bbox 2305 3405 2604 3476; x_wconf 90' lang='grc' dir='ltr'>Διονυσίου,</span> <span class='ocrx_word' id='word_1_488' title='bbox 2660 3411 2762 3475; x_wconf 86' lang='grc' dir='ltr'><strong>τῆς</strong></span> <span class='ocrx_word' id='word_1_489' title='bbox 2842 3403 2899 3460; x_wconf 76' lang='grc' dir='ltr'>δὲ</span> <span class='ocrx_word' id='word_1_490' title='bbox 2976 3404 3158 3467; x_wconf 88' lang='grc' dir='ltr'>Ἀσίας</span> <span class='ocrx_word' id='word_1_491' title='bbox 3208 3405 3388 3475; x_wconf 85' lang='grc' dir='ltr'>πάσης</span> <span class='ocrx_word' id='word_1_492' title='bbox 3446 3403 3783 3478; x_wconf 81' lang='grc' dir='ltr'>Ἀντίγονος,</span> 
     </span>
    </p>
   </div>
   <div class='ocr_carea' id='block_1_82' title="bbox 2119 3490 3783 3572">
    <p class='ocr_par' dir='ltr' id='par_1_82' title="bbox 2119 3490 3783 3572">
     <span class='ocr_line' id='line_1_82' title="bbox 2119 3490 3783 3572; baseline -0.003 -20"><span class='ocrx_word' id='word_1_493' title='bbox 2119 3504 2221 3567; x_wconf 82' lang='grc' dir='ltr'><strong>τῆς</strong></span> <span class='ocrx_word' id='word_1_494' title='bbox 2289 3493 2346 3552; x_wconf 77' lang='grc' dir='ltr'>δὲ</span> <span class='ocrx_word' id='word_1_495' title='bbox 2407 3495 2607 3572; x_wconf 85' lang='grc' dir='ltr'>Συρίας</span> <span class='ocrx_word' id='word_1_496' title='bbox 2669 3495 2759 3551; x_wconf 73' lang='grc' dir='ltr'><strong>καὶ</strong></span> <span class='ocrx_word' id='word_1_497' title='bbox 2829 3490 3184 3558; x_wconf 80' lang='grc' dir='ltr'>Βαϐυλωνίας</span> <span class='ocrx_word' id='word_1_498' title='bbox 3251 3496 3343 3550; x_wconf 88' lang='grc' dir='ltr'><strong>καὶ</strong></span> <span class='ocrx_word' id='word_1_499' title='bbox 3410 3493 3783 3562; x_wconf 72' lang='grc' dir='ltr'>Παλαιστίνης</span> 
     </span>
    </p>
   </div>
   <div class='ocr_carea' id='block_1_83' title="bbox 2122 3581 3782 3660">
    <p class='ocr_par' dir='ltr' id='par_1_83' title="bbox 2122 3581 3782 3660">
     <span class='ocr_line' id='line_1_83' title="bbox 2122 3581 3782 3660; baseline -0.002 -20"><span class='ocrx_word' id='word_1_500' title='bbox 2122 3584 2385 3647; x_wconf 83' lang='grc' dir='ltr'>Σέλευκος</span> <span class='ocrx_word' id='word_1_501' title='bbox 2432 3586 2460 3639; x_wconf 89' lang='lat'><strong>6</strong></span> <span class='ocrx_word' id='word_1_502' title='bbox 2507 3584 2787 3660; x_wconf 78' lang='grc' dir='ltr'>Νικάνωρ,</span> <span class='ocrx_word' id='word_1_503' title='bbox 2848 3582 2907 3647; x_wconf 80' lang='grc' dir='ltr'><strong>ὅς</strong></span> <span class='ocrx_word' id='word_1_504' title='bbox 2949 3584 3038 3638; x_wconf 83' lang='grc' dir='ltr'><strong>καὶ</strong></span> <span class='ocrx_word' id='word_1_505' title='bbox 3095 3583 3287 3647; x_wconf 81' lang='grc' dir='ltr'>πόλεις</span> <span class='ocrx_word' id='word_1_506' title='bbox 3353 3581 3450 3639; x_wconf 92' lang='grc' dir='ltr'><strong>δύο</strong></span> <span class='ocrx_word' id='word_1_507' title='bbox 3505 3604 3696 3648; x_wconf 87' lang='grc' dir='ltr'>κτισας</span> <span class='ocrx_word' id='word_1_508' title='bbox 3727 3583 3782 3638; x_wconf 83' lang='grc' dir='ltr'><strong>ἐν</strong></span> 
     </span>
    </p>
   </div>
   <div class='ocr_carea' id='block_1_84' title="bbox 2118 3671 3777 3750">
    <p class='ocr_par' dir='ltr' id='par_1_84' title="bbox 2118 3671 3777 3750">
     <span class='ocr_line' id='line_1_84' title="bbox 2118 3671 3777 3750; baseline -0.002 -20"><span class='ocrx_word' id='word_1_509' title='bbox 2118 3679 2234 3738; x_wconf 88' lang='grc' dir='ltr'>τοῖς</span> <span class='ocrx_word' id='word_1_510' title='bbox 2269 3675 2452 3750; x_wconf 67' lang='grc' dir='ltr'>μέρεσι</span> <span class='ocrx_word' id='word_1_511' title='bbox 2483 3673 2735 3736; x_wconf 87' lang='grc' dir='ltr'>Κιλικίας</span> <span class='ocrx_word' id='word_1_512' title='bbox 2795 3673 2888 3728; x_wconf 87' lang='grc' dir='ltr'>καὶ</span> <span class='ocrx_word' id='word_1_513' title='bbox 2947 3671 3128 3745; x_wconf 77' lang='grc' dir='ltr'>ἄλλην</span> <span class='ocrx_word' id='word_1_514' title='bbox 3177 3672 3229 3729; x_wconf 93' lang='grc' dir='ltr'><strong>ἐν</strong></span> <span class='ocrx_word' id='word_1_515' title='bbox 3274 3671 3465 3748; x_wconf 82' lang='grc' dir='ltr'>Συρίᾳ,</span> <span class='ocrx_word' id='word_1_516' title='bbox 3520 3673 3620 3741; x_wconf 72' lang='grc' dir='ltr'>τὴν</span> <span class='ocrx_word' id='word_1_517' title='bbox 3676 3674 3777 3746; x_wconf 81' lang='grc' dir='ltr'>μὲν</span> 
     </span>
    </p>
   </div>
   <div class='ocr_carea' id='block_1_85' title="bbox 2121 3760 3778 3840">
    <p class='ocr_par' dir='ltr' id='par_1_85' title="bbox 2121 3760 3778 3840">
     <span class='ocr_line' id='line_1_85' title="bbox 2121 3760 3778 3840; baseline -0.001 -22"><span class='ocrx_word' id='word_1_518' title='bbox 2121 3763 2440 3820; x_wconf 87' lang='grc' dir='ltr'>Σελεύκειαν</span> <span class='ocrx_word' id='word_1_519' title='bbox 2497 3761 2742 3834; x_wconf 84' lang='grc' dir='ltr'>ἐκάλεσε,</span> <span class='ocrx_word' id='word_1_520' title='bbox 2795 3764 2896 3833; x_wconf 77' lang='grc' dir='ltr'><strong>τήν</strong></span> <span class='ocrx_word' id='word_1_521' title='bbox 2964 3760 3021 3818; x_wconf 81' lang='grc' dir='ltr'><strong>δέ</strong></span> <span class='ocrx_word' id='word_1_522' title='bbox 3088 3764 3452 3840; x_wconf 80' lang='grc' dir='ltr'>Ἀντιόχειαν,</span> <span class='ocrx_word' id='word_1_523' title='bbox 3523 3765 3624 3833; x_wconf 75' lang='grc' dir='ltr'><strong>τήν</strong></span> <span class='ocrx_word' id='word_1_524' title='bbox 3713 3760 3778 3818; x_wconf 78' lang='grc' dir='ltr'>δὲ</span> 
     </span>
    </p>
   </div>
   <div class='ocr_carea' id='block_1_86' title="bbox 2117 3847 3776 3927">
    <p class='ocr_par' dir='ltr' id='par_1_86' title="bbox 2117 3847 3776 3927">
     <span class='ocr_line' id='line_1_86' title="bbox 2117 3847 3776 3927; baseline -0.001 -18"><span class='ocrx_word' id='word_1_525' title='bbox 2117 3851 2434 3910; x_wconf 84' lang='grc' dir='ltr'>Λαοδίκειαν</span> <span class='ocrx_word' id='word_1_526' title='bbox 2489 3851 2566 3916; x_wconf 86' lang='grc' dir='ltr'><strong>είς</strong></span> <span class='ocrx_word' id='word_1_527' title='bbox 2627 3852 2691 3908; x_wconf 87' lang='grc' dir='ltr'><strong>τὸ</strong></span> <span class='ocrx_word' id='word_1_528' title='bbox 2743 3852 2934 3908; x_wconf 73' lang='grc' dir='ltr'>ἐαυτοῦ</span> <span class='ocrx_word' id='word_1_529' title='bbox 2992 3847 3167 3927; x_wconf 72' lang='grc' dir='ltr'>ὄνομα</span> <span class='ocrx_word' id='word_1_530' title='bbox 3231 3853 3320 3908; x_wconf 81' lang='grc' dir='ltr'><strong>καὶ</strong></span> <span class='ocrx_word' id='word_1_531' title='bbox 3377 3857 3474 3907; x_wconf 80' lang='grc' dir='ltr'><strong>τοῦ</strong></span> <span class='ocrx_word' id='word_1_532' title='bbox 3526 3853 3647 3906; x_wconf 83' lang='grc' dir='ltr'>υἱοῦ</span> <span class='ocrx_word' id='word_1_533' title='bbox 3678 3854 3776 3907; x_wconf 79' lang='grc' dir='ltr'><strong>καὶ</strong></span> 
     </span>
    </p>
   </div>
   <div class='ocr_carea' id='block_1_87' title="bbox 2115 3938 3780 4018">
    <p class='ocr_par' dir='ltr' id='par_1_87' title="bbox 2115 3938 3780 4018">
     <span class='ocr_line' id='line_1_87' title="bbox 2115 3938 3780 4018; baseline -0.004 -20"><span class='ocrx_word' id='word_1_534' title='bbox 2115 3950 2215 4014; x_wconf 83' lang='grc' dir='ltr'><strong>τῆς</strong></span> <span class='ocrx_word' id='word_1_535' title='bbox 2266 3943 2531 4017; x_wconf 79' lang='grc' dir='ltr'>θυγατρὸς</span> <span class='ocrx_word' id='word_1_536' title='bbox 2581 3938 2880 4012; x_wconf 88' lang='grc' dir='ltr'>Λαοδίκης.</span> <span class='ocrx_word' id='word_1_537' title='bbox 2939 3942 3053 4018; x_wconf 78' lang='grc' dir='ltr'><strong>Ἐφ’</strong></span> <span class='ocrx_word' id='word_1_538' title='bbox 3115 3943 3176 3998; x_wconf 83' lang='grc' dir='ltr'>οὗ</span> <span class='ocrx_word' id='word_1_539' title='bbox 3237 3939 3443 3998; x_wconf 77' lang='grc' dir='ltr'>Ῥόδιοι</span> <span class='ocrx_word' id='word_1_540' title='bbox 3501 3939 3780 4006; x_wconf 86' lang='grc' dir='ltr'>θαλασσο.</span> 
     </span>
    </p>
   </div>
   <div class='ocr_carea' id='block_1_88' title="bbox 2115 4027 3779 4107">
    <p class='ocr_par' dir='ltr' id='par_1_88' title="bbox 2115 4027 3779 4107">
     <span class='ocr_line' id='line_1_88' title="bbox 2115 4027 3779 4107; baseline 0 -20"><span class='ocrx_word' id='word_1_541' title='bbox 2115 4033 2476 4107; x_wconf 77' lang='grc' dir='ltr'>κρατήσαντες</span> <span class='ocrx_word' id='word_1_542' title='bbox 2509 4030 2803 4102; x_wconf 84' lang='grc' dir='ltr'>ἀνέστησαν</span> <span class='ocrx_word' id='word_1_543' title='bbox 2859 4029 2910 4085; x_wconf 87' lang='grc' dir='ltr'><strong>ἐν</strong></span> <span class='ocrx_word' id='word_1_544' title='bbox 2965 4031 3035 4102; x_wconf 79' lang='grc' dir='ltr'>τῇ</span> <span class='ocrx_word' id='word_1_545' title='bbox 3065 4029 3250 4102; x_wconf 88' lang='grc' dir='ltr'>πόλει’,</span> <span class='ocrx_word' id='word_1_546' title='bbox 3281 4027 3449 4104; x_wconf 71' lang='grc' dir='ltr'>ἤγουν</span> <span class='ocrx_word' id='word_1_547' title='bbox 3477 4032 3548 4102; x_wconf 77' lang='grc' dir='ltr'>τῇ</span> <span class='ocrx_word' id='word_1_548' title='bbox 3597 4030 3779 4088; x_wconf 84' lang='grc' dir='ltr'>ἐκεῖσε</span> 
     </span>
    </p>
   </div>
   <div class='ocr_carea' id='block_1_89' title="bbox 2113 4116 3776 4196">
    <p class='ocr_par' dir='ltr' id='par_1_89' title="bbox 2113 4116 3776 4196">
     <span class='ocr_line' id='line_1_89' title="bbox 2113 4116 3776 4196; baseline -0.001 -20"><span class='ocrx_word' id='word_1_549' title='bbox 2113 4122 2283 4194; x_wconf 87' lang='grc' dir='ltr'>νήσῳ,</span> <span class='ocrx_word' id='word_1_550' title='bbox 2313 4118 2556 4196; x_wconf 77' lang='grc' dir='ltr'>χαλκοῦν</span> <span class='ocrx_word' id='word_1_551' title='bbox 2600 4116 2888 4192; x_wconf 81' lang='grc' dir='ltr'>ἀνδριάντα</span> <span class='ocrx_word' id='word_1_552' title='bbox 2931 4122 3029 4174; x_wconf 80' lang='grc' dir='ltr'><strong>τοῦ</strong></span> <span class='ocrx_word' id='word_1_553' title='bbox 3081 4117 3271 4189; x_wconf 79' lang='grc' dir='ltr'>ἡλίου,</span> <span class='ocrx_word' id='word_1_554' title='bbox 3305 4118 3363 4174; x_wconf 78' lang='grc' dir='ltr'><strong>δν</strong></span> <span class='ocrx_word' id='word_1_555' title='bbox 3398 4116 3486 4174; x_wconf 77' lang='grc' dir='ltr'><strong>διά</strong></span> <span class='ocrx_word' id='word_1_556' title='bbox 3513 4120 3576 4174; x_wconf 86' lang='grc' dir='ltr'>τὸ</span> <span class='ocrx_word' id='word_1_557' title='bbox 3611 4121 3776 4196; x_wconf 71' lang='grc' dir='ltr'>μέγε-</span> 
     </span>
    </p>
   </div>
   <div class='ocr_carea' id='block_1_90' title="bbox 2115 4206 3780 4279">
    <p class='ocr_par' dir='ltr' id='par_1_90' title="bbox 2115 4206 3780 4279">
     <span class='ocr_line' id='line_1_90' title="bbox 2115 4206 3780 4279; baseline 0 -15"><span class='ocrx_word' id='word_1_558' title='bbox 2115 4220 2208 4274; x_wconf 84' lang='grc' dir='ltr'><strong>θος</strong></span> <span class='ocrx_word' id='word_1_559' title='bbox 2284 4207 2542 4264; x_wconf 76' lang='grc' dir='ltr'>ἐκάλεσαν</span> <span class='ocrx_word' id='word_1_560' title='bbox 2632 4206 2920 4279; x_wconf 85' lang='grc' dir='ltr'>κολοσσὸν,</span> <span class='ocrx_word' id='word_1_561' title='bbox 3023 4206 3114 4263; x_wconf 88' lang='grc' dir='ltr'>καὶ</span> <span class='ocrx_word' id='word_1_562' title='bbox 3210 4207 3364 4264; x_wconf 85' lang='grc' dir='ltr'>αύτοὶ</span> <span class='ocrx_word' id='word_1_563' title='bbox 3439 4206 3780 4273; x_wconf 84' lang='grc' dir='ltr'>Κολοσσαεῖς</span> 
     </span>
    </p>
   </div>
   <div class='ocr_carea' id='block_1_91' title="bbox 2115 4299 2533 4373">
    <p class='ocr_par' dir='ltr' id='par_1_91' title="bbox 2115 4299 2533 4373">
     <span class='ocr_line' id='line_1_91' title="bbox 2115 4299 2533 4373; baseline 0.002 -19"><span class='ocrx_word' id='word_1_564' title='bbox 2115 4299 2508 4373; x_wconf 82' lang='grc' dir='ltr'>ὠνομάσθησαν</span> <span class='ocrx_word' id='word_1_565' title='bbox 2519 4340 2533 4356; x_wconf 92' lang='grc'>.</span> 
     </span>
    </p>
   </div>
   <div class='ocr_carea' id='block_1_92' title="bbox 2182 4385 3774 4466">
    <p class='ocr_par' dir='ltr' id='par_1_92' title="bbox 2182 4385 3774 4466">
     <span class='ocr_line' id='line_1_92' title="bbox 2182 4385 3774 4466; baseline -0.002 -17"><span class='ocrx_word' id='word_1_566' title='bbox 2182 4391 2332 4450; x_wconf 80' lang='grc' dir='ltr'>Μετὰ</span> <span class='ocrx_word' id='word_1_567' title='bbox 2399 4387 2456 4445; x_wconf 77' lang='grc' dir='ltr'>δὶ</span> <span class='ocrx_word' id='word_1_568' title='bbox 2524 4388 2788 4446; x_wconf 70' lang='grc' dir='ltr'>Σέλευκον</span> <span class='ocrx_word' id='word_1_569' title='bbox 2865 4385 3206 4446; x_wconf 83' lang='grc' dir='ltr'>ἐϐασίλευσεν</span> <span class='ocrx_word' id='word_1_570' title='bbox 3286 4391 3574 4466; x_wconf 85' lang='grc' dir='ltr'>Ἀντίοχος</span> <span class='ocrx_word' id='word_1_571' title='bbox 3647 4390 3774 4454; x_wconf 88' lang='grc' dir='ltr'>υίὸς</span> 
     </span>
    </p>
   </div>
   <div class='ocr_carea' id='block_1_93' title="bbox 2112 4477 3772 4559">
    <p class='ocr_par' dir='ltr' id='par_1_93' title="bbox 2112 4477 3772 4559">
     <span class='ocr_line' id='line_1_93' title="bbox 2112 4477 3772 4559; baseline 0.001 -22"><span class='ocrx_word' id='word_1_572' title='bbox 2112 4479 2277 4537; x_wconf 78' lang='grc' dir='ltr'>αὐτοῦ</span> <span class='ocrx_word' id='word_1_573' title='bbox 2325 4480 2415 4536; x_wconf 82' lang='grc' dir='ltr'><strong>καὶ</strong></span> <span class='ocrx_word' id='word_1_574' title='bbox 2469 4478 2636 4536; x_wconf 79' lang='grc' dir='ltr'>ἄλλοι</span> <span class='ocrx_word' id='word_1_575' title='bbox 2695 4479 2753 4539; x_wconf 76' lang='grc' dir='ltr'>ε’.</span> <span class='ocrx_word' id='word_1_576' title='bbox 2808 4480 2945 4539; x_wconf 76' lang='grc' dir='ltr'>Εἶτα</span> <span class='ocrx_word' id='word_1_577' title='bbox 3000 4477 3344 4538; x_wconf 81' lang='grc' dir='ltr'>ἐϐασίλευσεν</span> <span class='ocrx_word' id='word_1_578' title='bbox 3411 4482 3702 4559; x_wconf 82' lang='grc' dir='ltr'>Ἀντίοχος</span> <span class='ocrx_word' id='word_1_579' title='bbox 3741 4485 3772 4538; x_wconf 97' lang='lat'><strong>6</strong></span> 
     </span>
    </p>
   </div>
   <div class='ocr_carea' id='block_1_94' title="bbox 359 4560 2010 4652">
    <p class='ocr_par' dir='ltr' id='par_1_94' title="bbox 359 4560 2001 4652">
     <span class='ocr_line' id='line_1_94' title="bbox 359 4560 2001 4652; baseline 0.002 -20"><span class='ocrx_word' id='word_1_580' title='bbox 359 4575 746 4647; x_wconf 87' lang='lat' dir='ltr'><strong>Philopatoris</strong></span> <span class='ocrx_word' id='word_1_581' title='bbox 805 4575 984 4646; x_wconf 84' lang='lat' dir='ltr'><strong>ﬁlms,</strong></span> <span class='ocrx_word' id='word_1_582' title='bbox 1017 4578 1126 4634; x_wconf 90' lang='lat' dir='ltr'><strong>sub</strong></span> <span class='ocrx_word' id='word_1_583' title='bbox 1157 4595 1272 4649; x_wconf 91' lang='lat' dir='ltr'><strong>quo</strong></span> <span class='ocrx_word' id='word_1_584' title='bbox 1303 4560 1627 4636; x_wconf 76' lang='lat' dir='ltr'><strong>secundum</strong></span> <span class='ocrx_word' id='word_1_585' title='bbox 1668 4579 2001 4652; x_wconf 83' lang='lat' dir='ltr'><strong>Hierosoly-</strong></span> 
     </span>
    </p>
   </div>
   <div class='ocr_carea' id='block_1_95' title="bbox 2126 4560 3768 4652">
    <p class='ocr_par' dir='ltr' id='par_1_95' title="bbox 2126 4569 3768 4650">
     <span class='ocr_line' id='line_1_95' title="bbox 2126 4569 3768 4650; baseline 0.001 -23"><span class='ocrx_word' id='word_1_586' title='bbox 2126 4572 2432 4648; x_wconf 81' lang='grc' dir='ltr'>Επιφανής,</span> <span class='ocrx_word' id='word_1_587' title='bbox 2480 4570 2596 4634; x_wconf 72' lang='grc' dir='ltr'>υἱὸς</span> <span class='ocrx_word' id='word_1_588' title='bbox 2647 4569 2922 4626; x_wconf 85' lang='grc' dir='ltr'>Σελεύκου</span> <span class='ocrx_word' id='word_1_589' title='bbox 2971 4576 3069 4628; x_wconf 80' lang='grc' dir='ltr'>τοῦ</span> <span class='ocrx_word' id='word_1_590' title='bbox 3124 4570 3528 4649; x_wconf 79' lang='grc' dir='ltr'>Φιλοπάτορος,</span> <span class='ocrx_word' id='word_1_591' title='bbox 3579 4571 3664 4650; x_wconf 79' lang='grc' dir='ltr'><strong>ἐφ’</strong></span> <span class='ocrx_word' id='word_1_592' title='bbox 3696 4575 3768 4628; x_wconf 79' lang='grc' dir='ltr'>οὗ</span> 
     </span>
    </p>
   </div>
   <div class='ocr_carea' id='block_1_96' title="bbox 354 4667 1996 4743">
    <p class='ocr_par' dir='ltr' id='par_1_96' title="bbox 354 4667 1996 4743">
     <span class='ocr_line' id='line_1_96' title="bbox 354 4667 1996 4743; baseline 0.002 -19"><span class='ocrx_word' id='word_1_593' title='bbox 354 4683 580 4724; x_wconf 89' lang='lat' dir='ltr'><strong>morum</strong></span> <span class='ocrx_word' id='word_1_594' title='bbox 609 4667 900 4724; x_wconf 83' lang='lat' dir='ltr'><strong>excidium</strong></span> <span class='ocrx_word' id='word_1_595' title='bbox 959 4673 1017 4724; x_wconf 88' lang='lat' dir='ltr'><strong>et</strong></span> <span class='ocrx_word' id='word_1_596' title='bbox 1047 4670 1501 4728; x_wconf 74' lang='lat' dir='ltr'><strong>Maccabaeorum</strong></span> <span class='ocrx_word' id='word_1_597' title='bbox 1544 4688 1634 4728; x_wconf 90' lang='lat' dir='ltr'><strong>res</strong></span> <span class='ocrx_word' id='word_1_598' title='bbox 1660 4676 1830 4743; x_wconf 69' lang='lat' dir='ltr'><strong>gesta:</strong></span> <span class='ocrx_word' id='word_1_599' title='bbox 1861 4689 1996 4730; x_wconf 86' lang='lat' dir='ltr'><strong>nar-</strong></span> 
     </span>
    </p>
   </div>
   <div class='ocr_carea' id='block_1_97' title="bbox 355 4756 1994 4830">
    <p class='ocr_par' dir='ltr' id='par_1_97' title="bbox 355 4756 1994 4830">
     <span class='ocr_line' id='line_1_97' title="bbox 355 4756 1994 4830; baseline 0.004 -17"><span class='ocrx_word' id='word_1_600' title='bbox 355 4756 990 4830; x_wconf 83' lang='lat' dir='ltr'><strong>rantur,templumque</strong></span> <span class='ocrx_word' id='word_1_601' title='bbox 1012 4759 1337 4814; x_wconf 88' lang='lat' dir='ltr'><strong>secundum</strong></span> <span class='ocrx_word' id='word_1_602' title='bbox 1365 4759 1620 4816; x_wconf 90' lang='lat' dir='ltr'><strong>Danielis</strong></span> <span class='ocrx_word' id='word_1_603' title='bbox 1650 4761 1994 4818; x_wconf 81' lang='lat' dir='ltr'><strong>vaticinium</strong></span> 
     </span>
    </p>
   </div>
   <div class='ocr_carea' id='block_1_98' title="bbox 355 4847 1997 4929">
    <p class='ocr_par' dir='ltr' id='par_1_98' title="bbox 355 4847 1997 4929">
     <span class='ocr_line' id='line_1_98' title="bbox 355 4847 1997 4929; baseline 0.003 -26"><span class='ocrx_word' id='word_1_604' title='bbox 355 4848 754 4929; x_wconf 64' lang='lat' dir='ltr'><strong>profanatum.</strong></span> <span class='ocrx_word' id='word_1_605' title='bbox 811 4848 917 4904; x_wconf 84' lang='lat' dir='ltr'><strong>Ilio</strong></span> <span class='ocrx_word' id='word_1_606' title='bbox 1002 4847 1354 4904; x_wconf 71' lang='lat' dir='ltr'><strong>nefariorum</strong></span> <span class='ocrx_word' id='word_1_607' title='bbox 1411 4847 1694 4906; x_wconf 88' lang='lat' dir='ltr'><strong>scelerum</strong></span> <span class='ocrx_word' id='word_1_608' title='bbox 1745 4851 1997 4908; x_wconf 87' lang='lat' dir='ltr'><strong>archite-</strong></span> 
     </span>
    </p>
   </div>
   <div class='ocr_carea' id='block_1_99' title="bbox 350 4936 1994 5011">
    <p class='ocr_par' dir='ltr' id='par_1_99' title="bbox 350 4936 1994 5011">
     <span class='ocr_line' id='line_1_99' title="bbox 350 4936 1994 5011; baseline 0.001 -17"><span class='ocrx_word' id='word_1_609' title='bbox 350 4945 482 5009; x_wconf 77' lang='lat' dir='ltr'><strong>ctus</strong></span> <span class='ocrx_word' id='word_1_610' title='bbox 529 4938 704 4994; x_wconf 83' lang='lat' dir='ltr'><strong>vitam</strong></span> <span class='ocrx_word' id='word_1_611' title='bbox 731 4937 790 4994; x_wconf 92' lang='lat' dir='ltr'><strong>in</strong></span> <span class='ocrx_word' id='word_1_612' title='bbox 823 4936 1014 4994; x_wconf 89' lang='lat' dir='ltr'><strong>aliena</strong></span> <span class='ocrx_word' id='word_1_613' title='bbox 1057 4941 1213 4994; x_wconf 90' lang='lat' dir='ltr'><strong>terra</strong></span> <span class='ocrx_word' id='word_1_614' title='bbox 1261 4954 1396 4994; x_wconf 89' lang='lat' dir='ltr'><strong>cum</strong></span> <span class='ocrx_word' id='word_1_615' title='bbox 1427 4938 1768 5011; x_wconf 87' lang='lat' dir='ltr'><strong>turpissima</strong></span> <span class='ocrx_word' id='word_1_616' title='bbox 1809 4943 1994 4996; x_wconf 87' lang='lat' dir='ltr'><strong>morte</strong></span> 
     </span>
    </p>
   </div>
   <div class='ocr_carea' id='block_1_100' title="bbox 351 5029 752 5086">
    <p class='ocr_par' dir='ltr' id='par_1_100' title="bbox 351 5029 752 5086">
     <span class='ocr_line' id='line_1_100' title="bbox 351 5029 752 5086; baseline -0.005 0"><span class='ocrx_word' id='word_1_617' title='bbox 351 5029 752 5086; x_wconf 88' lang='lat' dir='ltr'><strong>commutavit.</strong></span> 
     </span>
    </p>
   </div>
   <div class='ocr_carea' id='block_1_101' title="bbox 419 5116 1647 5192">
    <p class='ocr_par' dir='ltr' id='par_1_101' title="bbox 419 5116 1647 5192">
     <span class='ocr_line' id='line_1_101' title="bbox 419 5116 1647 5192; baseline -0.001 -15"><span class='ocrx_word' id='word_1_618' title='bbox 419 5121 521 5178; x_wconf 66' lang='lat'><strong>24</strong></span> <span class='ocrx_word' id='word_1_619' title='bbox 551 5119 897 5177; x_wconf 89' lang='lat' dir='ltr'><strong>Antiochum</strong></span> <span class='ocrx_word' id='word_1_620' title='bbox 932 5118 1158 5191; x_wconf 87' lang='lat' dir='ltr'><strong>excepit</strong></span> <span class='ocrx_word' id='word_1_621' title='bbox 1190 5116 1348 5176; x_wconf 80' lang='lat' dir='ltr'><strong>{ilius</strong></span> <span class='ocrx_word' id='word_1_622' title='bbox 1375 5118 1647 5192; x_wconf 88' lang='lat' dir='ltr'><strong>Eupator.</strong></span> 
     </span>
    </p>
   </div>
   <div class='ocr_carea' id='block_1_102' title="bbox 425 5281 1991 5355">
    <p class='ocr_par' dir='ltr' id='par_1_102' title="bbox 425 5281 1991 5355">
     <span class='ocr_line' id='line_1_102' title="bbox 425 5281 1991 5355; baseline 0.002 -16"><span class='ocrx_word' id='word_1_623' title='bbox 425 5283 670 5340; x_wconf 88' lang='lat' dir='ltr'><strong>Posthac</strong></span> <span class='ocrx_word' id='word_1_624' title='bbox 718 5283 908 5341; x_wconf 85' lang='lat' dir='ltr'><strong>Julius</strong></span> <span class='ocrx_word' id='word_1_625' title='bbox 939 5287 1148 5351; x_wconf 70' lang='lat' dir='ltr'><strong>Caesar,</strong></span> <span class='ocrx_word' id='word_1_626' title='bbox 1189 5281 1290 5355; x_wconf 88' lang='lat' dir='ltr'><strong>qui</strong></span> <span class='ocrx_word' id='word_1_627' title='bbox 1329 5281 1562 5355; x_wconf 81' lang='lat' dir='ltr'><strong>genitus</strong></span> <span class='ocrx_word' id='word_1_628' title='bbox 1614 5299 1725 5340; x_wconf 92' lang='lat' dir='ltr'><strong>non</strong></span> <span class='ocrx_word' id='word_1_629' title='bbox 1759 5286 1868 5353; x_wconf 88' lang='lat' dir='ltr'><strong>est,</strong></span> <span class='ocrx_word' id='word_1_630' title='bbox 1898 5299 1991 5342; x_wconf 86' lang='lat' dir='ltr'><strong>res</strong></span> 
     </span>
    </p>
   </div>
   <div class='ocr_carea' id='block_1_103' title="bbox 351 5359 1992 5444">
    <p class='ocr_par' dir='ltr' id='par_1_103' title="bbox 351 5359 1992 5444">
     <span class='ocr_line' id='line_1_103' title="bbox 351 5359 1992 5444; baseline 0.004 -18"><span class='ocrx_word' id='word_1_631' title='bbox 351 5359 581 5444; x_wconf 85' lang='lat' dir='ltr'><strong>imperii</strong></span> <span class='ocrx_word' id='word_1_632' title='bbox 643 5373 1110 5430; x_wconf 88' lang='lat' dir='ltr'><strong>administravit:</strong></span> <span class='ocrx_word' id='word_1_633' title='bbox 1179 5389 1330 5430; x_wconf 91' lang='lat' dir='ltr'><strong>nono</strong></span> <span class='ocrx_word' id='word_1_634' title='bbox 1379 5372 1590 5430; x_wconf 89' lang='lat' dir='ltr'><strong>etenim</strong></span> <span class='ocrx_word' id='word_1_635' title='bbox 1643 5389 1864 5442; x_wconf 91' lang='lat' dir='ltr'><strong>mense,</strong></span> <span class='ocrx_word' id='word_1_636' title='bbox 1923 5391 1992 5432; x_wconf 86' lang='lat' dir='ltr'><strong>ex</strong></span> 
     </span>
    </p>
   </div>
   <div class='ocr_carea' id='block_1_104' title="bbox 350 5462 1990 5535">
    <p class='ocr_par' dir='ltr' id='par_1_104' title="bbox 350 5462 1990 5535">
     <span class='ocr_line' id='line_1_104' title="bbox 350 5462 1990 5535; baseline 0.005 -22"><span class='ocrx_word' id='word_1_637' title='bbox 350 5477 465 5532; x_wconf 91' lang='lat' dir='ltr'><strong>quo</strong></span> <span class='ocrx_word' id='word_1_638' title='bbox 490 5463 720 5515; x_wconf 90' lang='lat' dir='ltr'><strong>uterum</strong></span> <span class='ocrx_word' id='word_1_639' title='bbox 753 5467 938 5517; x_wconf 89' lang='lat' dir='ltr'><strong>mater</strong></span> <span class='ocrx_word' id='word_1_640' title='bbox 969 5463 1114 5518; x_wconf 80' lang='lat' dir='ltr'><strong>ferre</strong></span> <span class='ocrx_word' id='word_1_641' title='bbox 1163 5467 1436 5535; x_wconf 84' lang='lat' dir='ltr'><strong>coeperat,</strong></span> <span class='ocrx_word' id='word_1_642' title='bbox 1469 5462 1674 5520; x_wconf 88' lang='lat' dir='ltr'><strong>matris</strong></span> <span class='ocrx_word' id='word_1_643' title='bbox 1712 5467 1990 5522; x_wconf 67' lang='lat' dir='ltr'><strong>emortum</strong></span> 
     </span>
    </p>
   </div>
   <div class='ocr_carea' id='block_1_105' title="bbox 352 5543 1990 5624">
    <p class='ocr_par' dir='ltr' id='par_1_105' title="bbox 352 5543 1990 5624">
     <span class='ocr_line' id='line_1_105' title="bbox 352 5543 1990 5624; baseline 0.004 -21"><span class='ocrx_word' id='word_1_644' title='bbox 352 5553 517 5616; x_wconf 81' lang='lat' dir='ltr'><strong>utero</strong></span> <span class='ocrx_word' id='word_1_645' title='bbox 548 5552 703 5604; x_wconf 90' lang='lat' dir='ltr'><strong>secto</strong></span> <span class='ocrx_word' id='word_1_646' title='bbox 733 5550 1072 5609; x_wconf 84' lang='lat' dir='ltr'><strong>extrahitur.</strong></span> <span class='ocrx_word' id='word_1_647' title='bbox 1106 5551 1271 5609; x_wconf 90' lang='lat' dir='ltr'><strong>Unde</strong></span> <span class='ocrx_word' id='word_1_648' title='bbox 1299 5560 1353 5609; x_wconf 90' lang='lat' dir='ltr'><strong>et</strong></span> <span class='ocrx_word' id='word_1_649' title='bbox 1375 5543 1807 5624; x_wconf 62' lang='lat' dir='ltr'><strong>Caesar&#39;dictus,</strong></span> <span class='ocrx_word' id='word_1_650' title='bbox 1840 5558 1897 5611; x_wconf 88' lang='lat' dir='ltr'><strong>et</strong></span> <span class='ocrx_word' id='word_1_651' title='bbox 1915 5554 1990 5612; x_wconf 90' lang='lat' dir='ltr'><strong>ab</strong></span> 
     </span>
    </p>
   </div>
   <div class='ocr_carea' id='block_1_106' title="bbox 353 5640 1989 5738">
    <p class='ocr_par' dir='ltr' id='par_1_106' title="bbox 353 5640 1989 5738">
     <span class='ocr_line' id='line_1_106' title="bbox 353 5640 1989 5738; baseline 0.007 -45"><span class='ocrx_word' id='word_1_652' title='bbox 353 5655 419 5702; x_wconf 78' lang='lat' dir='ltr'><strong>eo</strong></span> <span class='ocrx_word' id='word_1_653' title='bbox 449 5640 702 5694; x_wconf 68' lang='lat' dir='ltr'><strong>Caesares</strong></span> <span class='ocrx_word' id='word_1_654' title='bbox 731 5644 932 5695; x_wconf 76' lang='lat' dir='ltr'><strong>omnes</strong></span> <span class='ocrx_word' id='word_1_655' title='bbox 961 5641 1788 5738; x_wconf 43' lang='lat' dir='ltr'><strong>Romanorum‘imperatores,</strong></span> <span class='ocrx_word' id='word_1_656' title='bbox 1815 5661 1847 5704; x_wconf 88' lang='lat' dir='ltr'><strong>a</strong></span> <span class='ocrx_word' id='word_1_657' title='bbox 1879 5662 1989 5704; x_wconf 65' lang='lat' dir='ltr'><strong>ca-</strong></span> 
     </span>
    </p>
   </div>
   <div class='ocr_carea' id='block_1_107' title="bbox 2105 4656 3767 4738">
    <p class='ocr_par' dir='ltr' id='par_1_107' title="bbox 2105 4656 3767 4738">
     <span class='ocr_line' id='line_1_107' title="bbox 2105 4656 3767 4738; baseline 0.002 -23"><span class='ocrx_word' id='word_1_658' title='bbox 2105 4661 2324 4737; x_wconf 77' lang='grc' dir='ltr'>γέγονεν</span> <span class='ocrx_word' id='word_1_659' title='bbox 2383 4662 2418 4730; x_wconf 83' lang='grc' dir='ltr'>ἠ</span> <span class='ocrx_word' id='word_1_660' title='bbox 2473 4656 2694 4735; x_wconf 83' lang='grc' dir='ltr'>δευτέρα</span> <span class='ocrx_word' id='word_1_661' title='bbox 2742 4657 2949 4724; x_wconf 77' lang='grc' dir='ltr'>ἅλωσις</span> <span class='ocrx_word' id='word_1_662' title='bbox 3003 4667 3104 4732; x_wconf 83' lang='grc' dir='ltr'><strong>τῆς</strong></span> <span class='ocrx_word' id='word_1_663' title='bbox 3155 4661 3518 4738; x_wconf 76' lang='grc' dir='ltr'>Ἰερουσαλὴμ</span> <span class='ocrx_word' id='word_1_664' title='bbox 3566 4663 3657 4717; x_wconf 79' lang='grc' dir='ltr'><strong>καὶ</strong></span> <span class='ocrx_word' id='word_1_665' title='bbox 3691 4665 3767 4718; x_wconf 75' lang='grc' dir='ltr'><strong>τά</strong></span> 
     </span>
    </p>
   </div>
   <div class='ocr_carea' id='block_1_108' title="bbox 2103 4744 3767 4827">
    <p class='ocr_par' dir='ltr' id='par_1_108' title="bbox 2103 4744 3767 4827">
     <span class='ocr_line' id='line_1_108' title="bbox 2103 4744 3767 4827; baseline 0.001 -22"><span class='ocrx_word' id='word_1_666' title='bbox 2103 4751 2239 4805; x_wconf 76' lang='grc' dir='ltr'>κατὰ</span> <span class='ocrx_word' id='word_1_667' title='bbox 2290 4753 2398 4804; x_wconf 82' lang='grc' dir='ltr'><strong>τῶν</strong></span> <span class='ocrx_word' id='word_1_668' title='bbox 2456 4744 2820 4804; x_wconf 83' lang='grc' dir='ltr'>Μακκαϐαίων</span> <span class='ocrx_word' id='word_1_669' title='bbox 2879 4748 3127 4826; x_wconf 81' lang='grc' dir='ltr'>ἐπράχθη</span> <span class='ocrx_word' id='word_1_670' title='bbox 3177 4750 3268 4806; x_wconf 82' lang='grc' dir='ltr'><strong>καὶ</strong></span> <span class='ocrx_word' id='word_1_671' title='bbox 3309 4752 3372 4806; x_wconf 87' lang='grc' dir='ltr'>τὸ</span> <span class='ocrx_word' id='word_1_672' title='bbox 3425 4751 3568 4827; x_wconf 76' lang='grc' dir='ltr'>ἱερὸν</span> <span class='ocrx_word' id='word_1_673' title='bbox 3629 4750 3767 4826; x_wconf 83' lang='grc' dir='ltr'>ἐμο-</span> 
     </span>
    </p>
   </div>
   <div class='ocr_carea' id='block_1_109' title="bbox 2105 4835 3764 4918">
    <p class='ocr_par' dir='ltr' id='par_1_109' title="bbox 2105 4835 3764 4918">
     <span class='ocr_line' id='line_1_109' title="bbox 2105 4835 3764 4918; baseline 0.001 -24"><span class='ocrx_word' id='word_1_674' title='bbox 2105 4837 2276 4910; x_wconf 90' lang='grc' dir='ltr'>λύνθη</span> <span class='ocrx_word' id='word_1_675' title='bbox 2325 4839 2462 4894; x_wconf 82' lang='grc' dir='ltr'>κατᾶ</span> <span class='ocrx_word' id='word_1_676' title='bbox 2515 4839 2614 4909; x_wconf 78' lang='grc' dir='ltr'>τὴν</span> <span class='ocrx_word' id='word_1_677' title='bbox 2669 4842 2766 4894; x_wconf 79' lang='grc' dir='ltr'>τοῦ</span> <span class='ocrx_word' id='word_1_678' title='bbox 2822 4839 3030 4910; x_wconf 78' lang='grc' dir='ltr'>Δανιὴλ</span> <span class='ocrx_word' id='word_1_679' title='bbox 3081 4835 3405 4918; x_wconf 74' lang='grc' dir='ltr'>πρὸῤῥησιν.</span> <span class='ocrx_word' id='word_1_680' title='bbox 3454 4842 3522 4898; x_wconf 76' lang='grc' dir='ltr'>Ὀ</span> <span class='ocrx_word' id='word_1_681' title='bbox 3551 4840 3643 4896; x_wconf 75' lang='grc' dir='ltr'><strong>καὶ</strong></span> <span class='ocrx_word' id='word_1_682' title='bbox 3685 4839 3764 4896; x_wconf 84' lang='grc' dir='ltr'><strong>δι’</strong></span> 
     </span>
    </p>
   </div>
   <div class='ocr_carea' id='block_1_110' title="bbox 2104 4925 3762 5009">
    <p class='ocr_par' dir='ltr' id='par_1_110' title="bbox 2104 4925 3762 5009">
     <span class='ocr_line' id='line_1_110' title="bbox 2104 4925 3762 5009; baseline 0.002 -25"><span class='ocrx_word' id='word_1_683' title='bbox 2104 4925 2351 5006; x_wconf 79' lang='grc' dir='ltr'>ἂέπραξε</span> <span class='ocrx_word' id='word_1_684' title='bbox 2406 4926 2594 4985; x_wconf 75' lang='grc' dir='ltr'>πολλὰ</span> <span class='ocrx_word' id='word_1_685' title='bbox 2648 4929 2788 4984; x_wconf 74' lang='grc' dir='ltr'>κακὰ</span> <span class='ocrx_word' id='word_1_686' title='bbox 2847 4928 3118 5009; x_wconf 76' lang='grc' dir='ltr'>αἰσχίστῷ</span> <span class='ocrx_word' id='word_1_687' title='bbox 3173 4931 3329 5005; x_wconf 84' lang='grc' dir='ltr'>μόρῳ</span> <span class='ocrx_word' id='word_1_688' title='bbox 3369 4931 3459 4988; x_wconf 76' lang='grc' dir='ltr'>τὸν</span> <span class='ocrx_word' id='word_1_689' title='bbox 3505 4931 3624 5007; x_wconf 86' lang='grc' dir='ltr'>βίον</span> <span class='ocrx_word' id='word_1_690' title='bbox 3668 4931 3762 4988; x_wconf 78' lang='grc' dir='ltr'><strong>ἐπὶ</strong></span> 
     </span>
    </p>
   </div>
   <div class='ocr_carea' id='block_1_111' title="bbox 2102 5019 2665 5095">
    <p class='ocr_par' dir='ltr' id='par_1_111' title="bbox 2102 5019 2665 5095">
     <span class='ocr_line' id='line_1_111' title="bbox 2102 5019 2665 5095; baseline 0.004 -21"><span class='ocrx_word' id='word_1_691' title='bbox 2102 5019 2257 5093; x_wconf 77' lang='grc' dir='ltr'>εένης</span> <span class='ocrx_word' id='word_1_692' title='bbox 2287 5019 2665 5095; x_wconf 72' lang='grc' dir='ltr'>κατέστρεψεν.</span> 
     </span>
    </p>
   </div>
   <div class='ocr_carea' id='block_1_112' title="bbox 2173 5104 3767 5184">
    <p class='ocr_par' dir='ltr' id='par_1_112' title="bbox 2173 5104 3767 5184">
     <span class='ocr_line' id='line_1_112' title="bbox 2173 5104 3767 5184; baseline 0.002 -18"><span class='ocrx_word' id='word_1_693' title='bbox 2173 5108 2323 5166; x_wconf 81' lang='grc' dir='ltr'>Μετὰ</span> <span class='ocrx_word' id='word_1_694' title='bbox 2371 5104 2429 5164; x_wconf 64' lang='grc' dir='ltr'><strong>δέ</strong></span> <span class='ocrx_word' id='word_1_695' title='bbox 2485 5106 2774 5184; x_wconf 84' lang='grc' dir='ltr'>Ἀντίοχον</span> <span class='ocrx_word' id='word_1_696' title='bbox 2831 5104 3179 5166; x_wconf 79' lang='grc' dir='ltr'>ἐϐασίλευσεν</span> <span class='ocrx_word' id='word_1_697' title='bbox 3240 5111 3269 5167; x_wconf 89' lang='lat'><strong>6</strong></span> <span class='ocrx_word' id='word_1_698' title='bbox 3329 5112 3443 5174; x_wconf 77' lang='grc' dir='ltr'>υἱὸς</span> <span class='ocrx_word' id='word_1_699' title='bbox 3499 5111 3670 5168; x_wconf 78' lang='grc' dir='ltr'>αύτοῦ</span> <span class='ocrx_word' id='word_1_700' title='bbox 3735 5115 3767 5169; x_wconf 92' lang='lat'><strong>6</strong></span> 
     </span>
    </p>
   </div>
   <div class='ocr_carea' id='block_1_113' title="bbox 2102 5196 2386 5273">
    <p class='ocr_par' dir='ltr' id='par_1_113' title="bbox 2102 5196 2386 5273">
     <span class='ocr_line' id='line_1_113' title="bbox 2102 5196 2386 5273; baseline -0.007 -17"><span class='ocrx_word' id='word_1_701' title='bbox 2102 5196 2386 5273; x_wconf 80' lang='grc' dir='ltr'>Εὐπάτωρ.</span> 
     </span>
    </p>
   </div>
   <div class='ocr_carea' id='block_1_114' title="bbox 2171 5281 3760 5370">
    <p class='ocr_par' dir='ltr' id='par_1_114' title="bbox 2171 5281 3760 5370">
     <span class='ocr_line' id='line_1_114' title="bbox 2171 5281 3760 5370; baseline 0.002 -24"><span class='ocrx_word' id='word_1_702' title='bbox 2171 5288 2322 5346; x_wconf 78' lang='grc' dir='ltr'>Μετὰ</span> <span class='ocrx_word' id='word_1_703' title='bbox 2361 5285 2418 5342; x_wconf 77' lang='grc' dir='ltr'>δὶ</span> <span class='ocrx_word' id='word_1_704' title='bbox 2467 5292 2634 5344; x_wconf 74' lang='grc' dir='ltr'>ταῦτα</span> <span class='ocrx_word' id='word_1_705' title='bbox 2701 5281 3047 5345; x_wconf 87' lang='grc' dir='ltr'>ἐϐασίλευσεν</span> <span class='ocrx_word' id='word_1_706' title='bbox 3087 5289 3326 5357; x_wconf 87' lang='grc' dir='ltr'>Ἰούλιος</span> <span class='ocrx_word' id='word_1_707' title='bbox 3363 5296 3571 5367; x_wconf 84' lang='grc' dir='ltr'>Καῖσαρ</span> <span class='ocrx_word' id='word_1_708' title='bbox 3603 5293 3632 5348; x_wconf 91' lang='lat'><strong>6</strong></span> <span class='ocrx_word' id='word_1_709' title='bbox 3679 5295 3760 5370; x_wconf 81' lang='grc' dir='ltr'>μὴ</span> 
     </span>
    </p>
   </div>
   <div class='ocr_carea' id='block_1_115' title="bbox 2100 5375 3758 5458">
    <p class='ocr_par' dir='ltr' id='par_1_115' title="bbox 2100 5375 3758 5458">
     <span class='ocr_line' id='line_1_115' title="bbox 2100 5375 3758 5458; baseline 0.004 -26"><span class='ocrx_word' id='word_1_710' title='bbox 2100 5375 2391 5455; x_wconf 82' lang='grc' dir='ltr'>γεννηθείς·</span> <span class='ocrx_word' id='word_1_711' title='bbox 2455 5383 2555 5448; x_wconf 85' lang='grc' dir='ltr'><strong>τῆς</strong></span> <span class='ocrx_word' id='word_1_712' title='bbox 2613 5379 2714 5454; x_wconf 76' lang='grc' dir='ltr'>γὰρ</span> <span class='ocrx_word' id='word_1_713' title='bbox 2776 5379 2984 5454; x_wconf 85' lang='grc' dir='ltr'>μητρὸς</span> <span class='ocrx_word' id='word_1_714' title='bbox 3051 5376 3214 5436; x_wconf 78' lang='grc' dir='ltr'>αύτοῦ</span> <span class='ocrx_word' id='word_1_715' title='bbox 3265 5383 3530 5452; x_wconf 82' lang='grc' dir='ltr'>θανούσης</span> <span class='ocrx_word' id='word_1_716' title='bbox 3580 5381 3635 5437; x_wconf 89' lang='grc' dir='ltr'><strong>ἐν</strong></span> <span class='ocrx_word' id='word_1_717' title='bbox 3674 5390 3758 5458; x_wconf 79' lang='grc' dir='ltr'><strong>τῷ</strong></span> 
     </span>
    </p>
   </div>
   <div class='ocr_carea' id='block_1_116' title="bbox 2100 5465 3755 5543">
    <p class='ocr_par' dir='ltr' id='par_1_116' title="bbox 2100 5465 3755 5543">
     <span class='ocr_line' id='line_1_116' title="bbox 2100 5465 3755 5543; baseline 0.002 -21"><span class='ocrx_word' id='word_1_718' title='bbox 2100 5465 2303 5540; x_wconf 81' lang='grc' dir='ltr'>ἐννάτῳ</span> <span class='ocrx_word' id='word_1_719' title='bbox 2346 5466 2502 5540; x_wconf 84' lang='grc' dir='ltr'>μηνὶ,</span> <span class='ocrx_word' id='word_1_720' title='bbox 2559 5466 2761 5538; x_wconf 87' lang='grc' dir='ltr'>ταύτην</span> <span class='ocrx_word' id='word_1_721' title='bbox 2831 5467 3182 5542; x_wconf 87' lang='grc' dir='ltr'>ἀνατεμόντες</span> <span class='ocrx_word' id='word_1_722' title='bbox 3237 5465 3495 5543; x_wconf 70' lang='grc' dir='ltr'>ἐξέϐαλον</span> <span class='ocrx_word' id='word_1_723' title='bbox 3555 5471 3755 5533; x_wconf 77' lang='grc' dir='ltr'>αὐτόν,</span> 
     </span>
    </p>
   </div>
   <div class='ocr_carea' id='block_1_117' title="bbox 2098 5555 3751 5638">
    <p class='ocr_par' dir='ltr' id='par_1_117' title="bbox 2098 5555 3751 5638">
     <span class='ocr_line' id='line_1_117' title="bbox 2098 5555 3751 5638; baseline 0.021 -31"><span class='ocrx_word' id='word_1_724' title='bbox 2098 5557 2246 5620; x_wconf 82' lang='grc' dir='ltr'>Ὁθεν</span> <span class='ocrx_word' id='word_1_725' title='bbox 2317 5557 2407 5610; x_wconf 83' lang='grc' dir='ltr'><strong>καὶ</strong></span> <span class='ocrx_word' id='word_1_726' title='bbox 2495 5558 2700 5633; x_wconf 81' lang='grc' dir='ltr'>Καῖσαρ</span> <span class='ocrx_word' id='word_1_727' title='bbox 2771 5555 3008 5634; x_wconf 71' lang='grc' dir='ltr'>λέγεται·</span> <span class='ocrx_word' id='word_1_728' title='bbox 3087 5559 3178 5638; x_wconf 80' lang='grc' dir='ltr'><strong>ἀφ’</strong></span> <span class='ocrx_word' id='word_1_729' title='bbox 3250 5562 3312 5616; x_wconf 76' lang='grc' dir='ltr'><strong>οὗ</strong></span> <span class='ocrx_word' id='word_1_730' title='bbox 3369 5561 3632 5635; x_wconf 70' lang='grc' dir='ltr'><strong>Καίσαρες</strong></span> <span class='ocrx_word' id='word_1_731' title='bbox 3694 5566 3751 5620; x_wconf 59' lang='grc' dir='ltr'><strong>οἱ</strong></span> 
     </span>
    </p>
   </div>
   <div class='ocr_carea' id='block_1_118' title="bbox 2097 5643 3753 5730">
    <p class='ocr_par' dir='ltr' id='par_1_118' title="bbox 2097 5643 3753 5730">
     <span class='ocr_line' id='line_1_118' title="bbox 2097 5643 3753 5730; baseline 0.007 -30"><span class='ocrx_word' id='word_1_732' title='bbox 2097 5643 2384 5723; x_wconf 84' lang='grc' dir='ltr'>Ῥωμαίων</span> <span class='ocrx_word' id='word_1_733' title='bbox 2433 5645 2950 5727; x_wconf 78' lang='grc' dir='ltr'>προσηγορεύθησαν</span> <span class='ocrx_word' id='word_1_734' title='bbox 3017 5649 3280 5730; x_wconf 86' lang='grc' dir='ltr'>βασιλεῖς,</span> <span class='ocrx_word' id='word_1_735' title='bbox 3341 5650 3372 5708; x_wconf 86' lang='lat'><em>6&#39;</em></span> <span class='ocrx_word' id='word_1_736' title='bbox 3425 5650 3570 5712; x_wconf 90' lang='grc' dir='ltr'>ἐστιν</span> <span class='ocrx_word' id='word_1_737' title='bbox 3619 5654 3753 5712; x_wconf 79' lang='grc' dir='ltr'>ἀνα-</span> 
     </span>
    </p>
   </div>
  </div>
