4062 6202
261 323 371 382 245

1620 319 2297 386 CHRONOGRAPHIA

3549 339 3669 401 346

261 453 400 524 τομή
431 450 570 506 κατὰ
598 452 704 520 τὴν
735 450 1026 525 Ῥωμαίων
1057 449 1335 527 γλῶτταν.
1394 453 1495 515 "Oc
1544 457 1761 527 πρῶτος
1818 474 1886 508 κα

1996 482 2165 523 sura
2193 466 2280 525 sic
2319 466 2477 524 dicta
2520 465 2724 539 lingua
2770 466 3054 524 Romana.
3112 466 3216 525 Hic
3263 468 3492 541 primus
3538 486 3670 528 om-

263 541 422 614 μῦνος
490 541 762 614 ἐκράτησε
827 540 936 596 τῶν
1004 540 1330 613 Ῥωμαϊκῶν
1416 542 1707 617 σκήπτρων
1780 561 1886 615 μετέ

2021 558 2186 616 nium
2216 562 2276 614 et
2306 556 2470 614 solus
2500 555 2814 628 imperium
2865 556 3199 614 Romanum
3256 540 3465 626 tenuit,
3508 564 3664 631 quod

260 629 474 699 πολλῆς
536 629 935 706 ὑπερηιρανίας·
998 629 1118 684 ’ὸθεν
1174 632 1264 684 καὶ
1322 627 1590 706 δικτάτωρ
1639 629 1908 699 ἐκαλεῖτο,

257 719 283 773 ’ὸ
313 719 425 775 ἐστι
459 721 776 794 μονάρχης.
812 720 1033 775 Πάντων
1085 717 1141 774 δὲ
1192 722 1468 794 κρατήσας
1519 719 1571 775 ἐν
1615 719 1908 794 ἱταμότητι

254 808 333 862 καί
380 806 666 881 τυραννίδι
728 807 817 863 ἐπὶ
877 802 969 879 ἔτη
1037 810 1105 878 ιη’
1153 807 1385 883 ἀνῃρέθη
1434 808 1521 865 ἐπὶ
1571 809 1906 886 συγκλήτου.

249 900 338 959 Ὃς
391 898 606 971 νόμους
683 898 982 972 Ῥωμαίοις
1058 892 1250 970 ἔδωκε,
1324 899 1414 953 καὶ
1488 900 1581 954 τὸν
1659 899 1903 972 βίσεκτον

249 985 456 1064 ἐξεῦρε,
487 988 584 1042 καὶ
615 987 709 1042 τὸν
745 995 895 1061 μῆνα
924 985 1161 1044 Ἰούλιον
1213 988 1587 1062 μετωνόμασε,
1635 989 1901 1064 πρόαερον

249 1073 580 1131 Κυντίλλιον
637 1074 997 1150 καλούμενον.
1056 1077 1176 1154 Ἐφ’
1238 1077 1298 1130 οὗ
1354 1079 1419 1146 ἦν
1477 1076 1566 1131 καὶ
1624 1074 1833 1139 Ἰούδας
1872 1077 1901 1132 6

243 1163 542 1227 Γαλιλαῖος
574 1165 603 1219 6
636 1164 688 1220 ἐν
720 1170 841 1228 ταῖς
885 1164 1111 1240 Πράξεσι
1143 1165 1250 1220 τῶν
1300 1164 1623 1222 ἀποστόλων
1676 1187 1900 1240 μνημο-

242 1254 558 1327 νευόμενος,
600 1255 690 1310 καὶ
752 1255 1110 1331 ’Λντίπατρος
1145 1256 1173 1309 6
1215 1252 1463 1330 Ἡρώδου
1510 1256 1690 1333 πατὴρ
1742 1258 1900 1331 βασι-

246 1341 366 1407 λεὺς
394 1351 500 1413 τῆς
525 1341 796 1408 Ἰουδαίας
824 1343 1077 1416 κατέστη.

302 1434 456 1488 Μετᾶ
488 1431 548 1488 δὲ
606 1434 842 1490 Ἰούλιον
902 1436 1146 1511 Καίσαρα
1195 1430 1538 1491 ἐϐασίλευσεν
1585 1434 1894 1511 Αὔγουστος

242 1529 444 1598 Καῖσαρ
475 1519 767 1579 Ὀκταϐίου
824 1526 965 1597 υἱὸς,
1026 1526 1085 1588 ὃς
1141 1525 1233 1579 καὶ
1289 1520 1585 1596 Σεϐαστὸς,
1643 1523 1734 1597 ἔτη
1792 1526 1890 1590 νς⁰’

236 1613 321 1688 ἀρ’
353 1611 426 1666 οὗ
460 1608 725 1668 Σεϐαστοῖ
765 1615 855 1669 καὶ
915 1611 1222 1690 Αὕγουστοι
1268 1614 1788 1692 προσηγορεύθησαν
1839 1617 1891 1671 οἱ

236 1704 533 1777 Ῥωμαίων
569 1702 842 1778 βασιλεῖς,
874 1704 964 1759 καὶ
999 1705 1027 1759 6
1051 1706 1159 1777 μὴν
1190 1703 1501 1780 Αὔγουστος
1524 1704 1716 1778 ἐκλθη,
1753 1706 1890 1780 πρό-

2017 648 2268 719 superbe
2328 645 2647 703 admodum
2695 650 3151 719 arroganterque
3183 647 3615 704 administravit
3647 666 3661 716 ;

2016 736 2154 794 hinc
2182 734 2453 792 dictatori
2475 751 2686 791 nomen
2720 733 2804 790 illi
2828 734 2957 792 fuit.
2993 735 3049 790 Is
3071 751 3264 793 severe
3285 751 3350 793 ac
3365 735 3666 806 tyrannica

2012 825 2370 897 reipublicae
2428 822 2845 898 gubernaculis
2901 824 3263 895 pertractatis
3319 840 3423 898 per
3471 842 3659 882 annos

2010 916 2332 973 octodecim
2365 915 2424 971 in
2456 918 2663 971 senatu
2694 912 3040 971 trucidatur.
3070 912 3351 971 Romanis
3375 914 3529 987 leges
3557 915 3660 972 de-

2010 1006 2114 1074 dit,
2171 1005 2500 1062 bissextum
2528 1002 2805 1070 instituit,
2839 1020 3101 1060 mensem
3134 1003 3297 1076 prius
3337 1002 3654 1071 Quintilem

2008 1095 2231 1151 dictum
2284 1093 2510 1151 Julium
2543 1092 2890 1150 nominavit.
2942 1092 3061 1149 Sub
3111 1107 3177 1149 eo
3230 1092 3425 1150 ﬂoruit
3470 1093 3653 1149 Judas

2007 1182 2303 1254 Galilieus,
2335 1185 2509 1256 cujus
2536 1182 2598 1240 in
2628 1183 2873 1239 Actibus
2903 1181 3302 1255 apostolorum
3326 1182 3541 1239 mentio
3565 1182 3651 1251 ﬁt,

2003 1278 2060 1331 et
2088 1275 2397 1349 Antipater
2423 1274 2668 1332 Herodis
2698 1278 2863 1347 pater
2882 1289 2983 1330 rex
3009 1272 3225 1332 Juda'aa
3254 1277 3504 1332 creatur.

2074 1440 2209 1496 Post
2231 1437 2452 1495 Iulium
2475 1437 2759 1495 Caesarem
2799 1434 3112 1508 imperium
3134 1436 3323 1494 tenuit
3343 1440 3648 1510 Augustus

1998 1529 2189 1586 Caesar
2216 1529 2440 1586 Octavii
2472 1526 2655 1597 filius,
2680 1526 2777 1600 qui
2796 1534 2850 1583 et
2876 1532 3179 1598 Augustus
3201 1526 3528 1600 appellatus
3553 1534 3643 1585 est

1998 1636 2183 1677 annos
2215 1618 2648 1691 quinquaginta
2677 1633 2797 1674 sex.
2822 1616 2907 1673 Ab
2939 1615 3047 1673 hoc
3070 1617 3312 1674 Romani
3333 1616 3647 1689 imperato-

1998 1726 2092 1766 res
2120 1708 2351 1766 Sebasti
2400 1707 2768 1781 Augustique
2797 1706 2986 1764 vocati
3007 1714 3165 1779 sunt,
3196 1710 3251 1764 et
3273 1705 3493 1764 mensis
3523 1707 3643 1762 Au-

232 1812 386 1868 τερον
421 1791 707 1862 Σεξτίλιος
755 1793 1179 1868 ὀνομαζόμενος.
1226 1795 1313 1851 Ἐν
1358 1798 1437 1867 τῷ
1491 1796 1581 1870 μβ¹
1637 1792 1741 1850 ἔτει
1787 1802 1886 1865 τῆς

2000 1805 2234 1873 gustus,
2293 1799 2388 1857 cui
2421 1804 2594 1856 antea
2624 1813 2839 1856 nomen
2895 1797 3116 1857 Sextili.
3174 1798 3340 1854 Anno
3389 1797 3642 1869 quadra-

233 1882 399 1936 αὐτοῦ
434 1881 717 1956 βασιλείας
750 1881 1009 1959 ἐγεννήθη
1044 1883 1072 1937 ὁ
1106 1882 1305 1957 Κύριος
1327 1885 1487 1957 ἡμῶν
1521 1884 1736 1955 Ἰησοῦς
1758 1886 1891 1959 Χρι-

228 1975 378 2035 στός.
414 1975 501 2030 Ἐν
530 1971 588 2028 δὲ
607 1975 687 2046 τῷ
725 1980 812 2048 μα’
840 1968 947 2030 ἔτει
977 1980 1078 2043 τῆς
1112 1972 1391 2049 βασιλεία)
1423 1974 1610 2045 αὐτοῦ,
1633 1976 1737 2032 ἀπὸ
1768 1976 1887 2032 κτί-

232 2083 367 2125 σεως
384 2060 601 2136 κόσμοῦ
634 2061 741 2118 ἔτει
767 2070 860 2140 scp',
891 2064 979 2118 καὶ
1005 2060 1260 2137 Ἡρώδης
1289 2065 1339 2133 ἐξ
1374 2062 1541 2119 ἐθνῶν
1581 2062 1692 2137 ἤδη
1729 2065 1886 2142 βασι-

228 2149 357 2213 λεῦς
389 2158 497 2220 τῆς
528 2149 801 2214 Ἰουδαίας
834 2151 1217 2228 ἀνηγόρευται.
1252 2155 1367 2209 Τοῦ
1400 2150 1456 2207 δὲ
1486 2152 1685 2228 Κυρίου
1722 2156 1884 2228 ἡμῶν

226 2244 413 2313 Ἰησοῦ
436 2247 689 2319 Χριστοῦ
714 2243 853 2298 κατὰ
877 2241 1045 2317 σάρκα
1087 2243 1433 2318 γεννηθέντος
1464 2243 1551 2298 καὶ
1580 2248 1678 2300 τοῦ
1708 2245 1887 2321 Ἠρώ-

232 2331 333 2388 δου
363 2339 554 2394 κακῶς
580 2334 675 2389 τὸν
709 2333 830 2409 βίον
874 2332 1336 2407 μεταλλάξαντος,
1388 2332 1753 2410 πεπλήρωται
1801 2336 1885 2407 τὸ,

236 2424 353 2481 Ούκ
382 2421 632 2497 ἐκλείψει
664 2421 853 2502 ἄρχων
889 2422 941 2493 ἐξ
973 2419 1171 2493 Ἰούδα,
1227 2422 1332 2484 ἓως
1385 2422 1445 2478 ἄν
1496 2419 1629 2499 ἔλθῃ
1671 2425 1717 2497 ᾧ
1746 2424 1887 2479 ἀπό-

234 2538 436 2589 κειται,
470 2518 538 2580 ὃς
568 2515 715 2572 ἐστιν
746 2518 774 2571 ὁ
806 2515 1062 2593 Χριστός,
1095 2518 1157 2574 Ὀ
1206 2513 1263 2572 δέ
1318 2538 1382 2595 γε
1428 2515 1681 2592 Ἡρώδης
1728 2512 1886 2593 ἔσχεν

226 2608 383 2679 αύτῷ
415 2606 570 2669 υἱοὺς
602 2607 935 2682 ὁμωνύμους
991 2606 1082 2662 καὶ
1137 2603 1449 2681 διωνύμους
1490 2612 1658 2683 τρεῖς.
1714 2608 1890 2683 Ἡρώ-

236 2692 335 2765 δην
371 2696 629 2751 Ἀντίπαν
683 2697 775 2751 τὸν
833 2699 922 2749 καί
982 2696 1077 2750 τὸν
1134 2694 1457 2771 Πρόδρομον
1522 2695 1885 2770 ἀποτεμόντα,

230 2785 293 2864 ἐφ
325 2784 390 2839 οὗ
435 2785 529 2839 καὶ
583 2786 611 2840 6
654 2784 856 2859 Κύριος
902 2784 1242 2858 ἐσταυρώθη,
1285 2781 1538 2861 Ἡρώδην
1582 2786 1887 2857 Φίλιππον,

236 2876 282 2947 ᾧ
338 2879 562 2951 πρῶτον
633 2870 904 2949 Ἡρωδιὰς
994 2875 1315 2953 συναφθεῖσα
1400 2869 1546 2930 ἔτεκε
1628 2876 1891 2950 θυγατέρα

239 2964 519 3039 Σαλώμην
563 2964 667 3033 τήν
713 2963 1131 3038 ὀρχησάμένην,
1178 2963 1269 3018 καὶ
1325 2960 1577 3038 Ἡρώδην
1631 2963 1892 3021 Ἀντίπα-

237 3073 362 3130 τρον
391 3055 489 3109 τὸν
538 3054 631 3108 καὶ
689 3046 947 3111 Ἰάκωϐον
1003 3050 1265 3109 ἀνελόντα
1318 3052 1414 3108 τὸῦ
1461 3046 1767 3125 Ζεϐεδαίου,
1827 3053 1887 3118 ὅς

235 3142 289 3197 ἐν
318 3144 396 3216 τῷ
428 3140 776 3218 δημηγορεῖν
815 3146 913 3197 τοῦ
964 3138 1146 3216 δήμου
1193 3146 1493 3217 φωνοῦτος,
1540 3144 1708 3212 Φωνῆ
1753 3147 1886 3199 Θεοῦ

233 3235 323 3287 καὶ
381 3234 486 3289 οὐκ
542 3232 856 3308 ἀνθρώπου,
916 3228 1069 3302 δίκην
1126 3230 1324 3288 ἔδωκεν
1377 3230 1594 3288 αὐτίκαο
1654 3231 1884 3311 ἅγγελος

232 3322 332 3397 γὰρ
374 3322 585 3398 Κυρίου
645 3319 799 3383 εὐθὺς
857 3323 1047 3376 τοῦτο)
1106 3320 1316 3395 ἀθρόως
1373 3318 1621 3398 ἐπάταξε,
1676 3320 1767 3376 καὶ
1826 3320 1885 3384 ὅς

236 3394 543 3483 ἀνεπήδησε
572 3417 674 3479 τῆς
715 3406 979 3480 καθὲδησε
1046 3409 1099 3465 ἐν
1140 3394 1219 3481 τῷ
1259 3407 1449 3474 δεινῶς
1502 3394 1618 3479 τὴν.
1652 3410 1887 3487 γαστέρα

237 3501 398 3563 αὐτοῦ
464 3500 890 3574 σπαράττεσθαι.
969 3498 1073 3556 Τὸν
1160 3495 1215 3554 δέ
1280 3519 1343 3574 γε
1419 3500 1560 3555 θεῖον
1623 3495 1887 3556 Ἰάκωϐον

236 3589 363 3646 ἰδὼν
431 3590 786 3668 ἀπαγόμενον
849 3591 950 3660 τήν
1018 3586 1107 3644 ἐπὶ
1191 3589 1419 3644 θάνατον
1487 3589 1515 3644 6
1578 3592 1884 3666 κατήγορος

232 3678 390 3735 αὒτοῦ
448 3680 540 3734 καὶ
604 3677 1027 3754 μεταμεληθεὶς,
1085 3676 1384 3753 προσέπεσε
1438 3683 1557 3744 τοῖς
1608 3680 1737 3735 πὸσί
1787 3684 1884 3737 τοῦ

234 3768 540 3826 ἀποστόλου
600 3767 801 3845 λέγων·
864 3766 1236 3843 Συγχώρησόν
1296 3788 1412 3843 μοι,
1482 3767 1731 3844 ἄνθρωπε
1785 3774 1882 3825 τοῦ

229 3863 380 3929 Θεοῦ,
439 3858 525 3915 ὅτι
590 3855 1055 3932 μεταμεμὲλημαι
1114 3855 1195 3937 ἐφ’
1253 3856 1334 3920 οἷς
1418 3855 1665 3930 ἐλάλησα
1746 3860 1882 3915 κατὰ

225 3946 337 4004 σοῦ.
411 3948 471 4001 Ὀ
549 3944 613 4001 δὲ
693 3946 958 4021 μακάριος
1029 3950 1222 4000 τοῦτον
1280 3944 1657 4026 καταφιλήσας
1732 3948 1879 4004 εἶπεν

226 4038 389 4111 αύτῷ·
424 4036 639 4112 Εἰρήνη
676 4057 784 4102 σοι,
841 4035 1048 4094 τέκνον.
1101 4034 1291 4111 εἰρήνη
1349 4056 1458 4106 σοι,
1517 4036 1607 4091 καὶ
1657 4038 1883 4113 συγχώ-

228 4148 380 4200 ρησις
443 4130 544 4181 τοῦ
598 4126 963 4199 πταίσματος.
1022 4124 1083 4181 Ὀ
1161 4120 1219 4178 δὲ
1280 4122 1415 4197 μετά
1469 4131 1657 4203 φωνῆς
1718 4127 1884 4203 μεγά-

223 4215 327 4287 λης
377 4216 582 4278 εὖθὲως
629 4212 954 4290 Χριστιανὸν
1014 4213 1203 4267 ἑαυτὸν
1258 4211 1347 4268 ἐπὶ
1404 4213 1622 4268 πάντων
1675 4214 1881 4293 ἀνηγό-

222 4327 390 4382 ρευσε,
446 4307 543 4362 καὶ
605 4305 783 4369 οὕτως
841 4304 1374 4380 συγκαταριθμηθεὶς
1428 4309 1508 4377 τῷ
1568 4304 1658 4360 ὑπ’
1715 4304 1881 4362 αὐτοῦ

1996 1891 2222 1965 gesimo
2281 1890 2540 1947 secundo
2570 1888 2835 1959 ejusdem
2868 1886 3097 1959 imperii
3132 1887 3414 1943 Dominus
3444 1890 3642 1943 noster

1989 1981 2157 2038 Jesus
2169 1980 2436 2037 Christus
2450 1978 2737 2035 nascitur.
2758 1979 2917 2034 Anno
2930 1991 3063 2033 vero
3078 1975 3237 2031 illius
3252 1975 3632 2048 quadragesi-

1992 2087 2088 2127 mo
2119 2069 2305 2142 primo
2358 2068 2430 2125 ab
2462 2067 2602 2124 orbe
2632 2066 2868 2123 condito
2898 2080 3086 2121 annus
3108 2066 3248 2122 5500
3278 2066 3630 2137 completur,

1991 2177 2125 2217 cum
2181 2158 2434 2216 llerodes
2468 2174 2567 2214 rex
2614 2156 2827 2214 Judam
2858 2154 3113 2229 eligitur.
3171 2155 3347 2212 Porro
3374 2155 3633 2227 [Domino

1992 2252 2196 2306 nostro
2252 2248 2393 2306 Jesu
2445 2245 2675 2304 Christo
2725 2245 2784 2302 in
2815 2260 2989 2302 carne
3027 2247 3188 2314 nato,
3222 2245 3443 2302 Herode
3493 2244 3634 2301 item

1993 2337 2361 2396 atrocissime
2387 2336 2504 2392 vita
2538 2336 2762 2403 functo,
2786 2333 3171 2407 adimpletum
3193 2338 3284 2391 est
3306 2333 3450 2390 illud
3480 2337 3639 2391 :Non

1992 2427 2214 2498 deﬁciet
2241 2427 2501 2501 princeps
2528 2440 2599 2483 ex
2616 2424 2775 2497 Iuda,
2807 2424 2986 2482 donec
3012 2424 3197 2482 veniat
3215 2425 3313 2483 cui
3338 2425 3640 2496 repositum

1993 2518 2090 2575 25
2115 2520 2214 2586 est,
2266 2517 2367 2590 qui
2407 2519 2497 2572 est
2525 2515 2814 2574 Christus.
2861 2514 3117 2572 Herodes
3145 2532 3276 2572 vero
3300 2513 3516 2571 liberos
3544 2514 3637 2569 bi-

1993 2607 2264 2666 nomines
2296 2607 2523 2679 sibique
2572 2605 2950 2679 cognomines
2979 2611 3098 2663 tres
3127 2604 3421 2677 suscepit:
3457 2604 3633 2660 Hero-

1991 2698 2126 2754 dem
2184 2696 2487 2768 Antipam,
2517 2693 2620 2767 qui
2671 2694 3048 2752 Praecursoris
3077 2700 3254 2766 caput
3300 2693 3551 2749 abscidit
3578 2697 3636 2750 et

1992 2787 2103 2844 sub
2134 2802 2249 2859 quo
2281 2786 2568 2842 Dominus
2590 2784 2747 2840 cruci
2770 2784 2980 2841 afﬁxus
3011 2789 3139 2853 est;
3172 2784 3456 2841 Herodem
3475 2784 3633 2842 Phil-

1990 2876 2220 2949 ippum,
2243 2874 2334 2932 cui
2365 2873 2623 2947 primum
2654 2873 2933 2931 Herodias
2962 2878 3140 2947 nupta
3161 2872 3432 2931 Salomen
3455 2874 3634 2933 salta-

1992 2967 2197 3022 tricem
2246 2962 2565 3038 generavit,
2598 2969 2655 3019 et
2701 2962 2991 3020 Herodem
3039 2962 3405 3036 Antipatrum
3433 2965 3634 3022 Jacobi

1990 3054 2248 3113 Zebedaei
2278 3052 2654 3128 parricidam,
2678 3053 2801 3127 qui,
2834 3068 2969 3109 cum
2992 3052 3147 3111 inter
3166 3054 3631 3113 concionandum

1994 3145 2369 3203 inclamasset
2401 3144 2652 3219 populus
2686 3160 2701 3202 :
2758 3145 2868 3201 Vox
2896 3143 2995 3201 Dei
3029 3154 3081 3202 et
3110 3160 3219 3201 non
3248 3144 3509 3213 hominis,
3542 3163 3635 3204 re-

1997 3239 2169 3310 pente
2199 3250 2401 3308 pmnas
2429 3233 2591 3290 dedit
2621 3251 2636 3291 :
2671 3232 2915 3306 angelus
2947 3232 3163 3307 quippe
3193 3234 3426 3292 Domini
3448 3237 3636 3294 confe-

1995 3325 2133 3381 stim
2165 3341 2300 3381 eum
2330 3323 2654 3397 percussit;
2687 3323 2825 3380 hinc
2855 3323 3221 3381 cruciatuum
3244 3324 3546 3384 doloribus
3574 3328 3638 3386 in

1994 3418 2194 3471 ventre
2244 3412 2564 3471 convulsus
2620 3429 2651 3469 e
2698 3412 2845 3470 solio
2898 3412 3131 3474 exsiliit.
3190 3415 3463 3474 Divinum
3504 3433 3636 3476 vero

1991 3504 2272 3561 Iacobum
2293 3519 2427 3560 cum
2452 3498 2578 3574 ejus
2610 3505 2914 3561 accusator
2930 3504 3001 3560 ad
3035 3510 3275 3561 mortem
3306 3506 3442 3562 duci
3466 3508 3640 3564 vidis-

1994 3596 2105 3665 set,
2137 3591 2477 3666 pmnitentia
2506 3592 2718 3649 ductus
2752 3592 2812 3647 in
2844 3592 3022 3665 pedes
3050 3593 3298 3666 apostoli
3329 3596 3637 3667 procubuit

1993 3683 2194 3740 dicens
2226 3696 2242 3736 :
2277 3681 2547 3739 Condona
2575 3682 2737 3750 mihi,
2769 3682 2858 3737 vir
2903 3684 3040 3751 Dei;
3079 3684 3209 3757 jam
3261 3698 3349 3740 me
3398 3685 3636 3755 paenitet

1990 3771 2260 3847 facinori:
2316 3771 2575 3829 adversus
2620 3779 2675 3829 te
2712 3773 3031 3844 perpetrati.
3089 3770 3157 3828 Et
3213 3772 3418 3830 beatus
3460 3773 3629 3830 illum

1992 3862 2364 3921 exosculatus
2388 3861 2536 3917 dixit
2556 3875 2572 3917 :
2593 3862 2713 3916 Pax
2732 3862 2854 3930 tibi,
2875 3861 2983 3931 ﬁli,
3003 3878 3115 3933 par
3142 3862 3244 3918 tibi
3262 3864 3335 3919 sit
3355 3872 3406 3920 et
3423 3863 3635 3921 erroris

1990 3954 2177 4011 venia.
2235 3950 2338 4007 Ille
2366 3950 2620 4007 distenta
2648 3966 2785 4006 voce
2814 3949 3008 4023 palam
3066 3951 3332 4009 omnibus
3370 3969 3433 4009 se
3462 3953 3635 4010 ﬁdem

1991 4038 2207 4097 Christi
2264 4038 2431 4111 sequi
2491 4037 2811 4111 professus,
2853 4054 2971 4096 una
3017 4055 3151 4095 cum
3205 4056 3271 4097 eo
3305 4056 3477 4113 quem
3511 4041 3637 4114 ipse

1991 4128 2154 4202 prius
2178 4125 2547 4200 injudicium
2597 4130 2852 4197 vocarat,
2885 4129 3151 4202 martyrii
3195 4145 3471 4186 coronam
3500 4146 3639 4187 con-

1992 4218 2275 4292 sequitur.
2305 4217 2480 4273 Miser
2507 4219 2704 4274 antem
2736 4217 2990 4275 Herodes
3018 4218 3169 4274 foeda
3197 4219 3485 4277 vermium
3507 4219 3640 4277 tabe

1991 4326 2094 4383 per
2123 4307 2412 4380 plurimos
2462 4306 2587 4364 dies
2618 4307 2938 4377 confectus,
2989 4308 3482 4383 quemadmodum
3530 4325 3635 4382 pa-

216 4396 653 4474 κατηγορηθέντι
688 4394 780 4450 σὺν
825 4395 977 4467 αύτῷ
1029 4393 1121 4449 καὶ
1173 4393 1235 4449 τὸ
1292 4388 1546 4468 βραϐεῖον
1589 4397 1686 4450 τοῦ
1740 4416 1873 4473 μαρ-

1996 4406 2073 4456 ter
2117 4397 2246 4469 ejus
2273 4412 2341 4453 eo
2371 4396 2693 4468 improbior
2742 4412 2810 4452 ac
2839 4396 3185 4470 perversior,
3215 4398 3397 4455 vitam
3454 4398 3631 4456 finiit.

227 4487 414 4563 τυρίου
474 4484 840 4560 ἀπηνέγκατο.
897 4484 959 4541 Ὁ
1020 4481 1077 4537 δέ
1128 4502 1188 4558 γε
1241 4479 1444 4547 ἄθλους
1496 4481 1747 4559 Ἡρώδης
1807 4484 1895 4543 ἐπὶ
1952 4485 2162 4563 ἡμέρας
2219 4484 2581 4566 φθειρόμενος
2634 4484 2727 4539 καὶ
2778 4481 3072 4557 σκώληκας
3129 4481 3405 4563 ἐκϐράζων
3460 4485 3632 4545 ὶλεει-

215 4581 325 4639 νῶς
352 4576 442 4633 τὸν
475 4576 600 4653 βίον
635 4574 949 4642 κατέλυσεν,
982 4571 1163 4649 ὥσπερ
1193 4570 1284 4627 καὶ
1317 4573 1344 4627 6
1377 4567 1800 4650 δυσσεϐέστερος
1831 4576 1996 4635 αὐτοῦ
2021 4576 2226 4650 πατήρ.

283 4670 436 4725 Μετὰ
467 4665 529 4722 δὲ
561 4664 876 4741 Αὔγουστον
904 4660 1219 4719 ἐϐασίλευσε
1249 4657 1509 4739 Τιϐἑριος
1553 4663 1671 4727 υἱὸς
1703 4662 1867 4723 αὐτοῦ

218 4752 311 4825 ἔτη
338 4760 444 4833 κγ’,
477 4753 539 4817 6';
568 4754 759 4815 κτίσας
792 4751 958 4809 πόλιν
991 4750 1041 4807 ἐν
1075 4754 1143 4826 τῇ
1193 4748 1429 4824 Ἰουδαίᾳ
1474 4750 1724 4808 ἐκάλεσεν
1768 4754 1869 4810 αύ-

216 4846 315 4912 τὴν
351 4844 429 4906 εἷς
460 4845 530 4899 τὸ
558 4840 705 4897 ’ἰδιον
738 4841 909 4916 ὄνομα
939 4837 1259 4917 Τιϐεριάδα.
1293 4840 1372 4898 Οῦ
1400 4845 1480 4914 τῷ
1515 4842 1575 4896 ιε’
1622 4840 1728 4897 ἔτει
1776 4849 1878 4913 τῆς

222 4933 504 5007 βασιλείας
541 4934 569 4988 6
630 4932 834 5007 Κύριος
880 4933 1041 5006 ἡμῶν
1096 4929 1405 5008 βαπτισθεὶς
1443 4935 1542 4987 τοῦ
1592 4930 1879 5010 εὐαγγελι-

220 5026 319 5076 κοῦ
347 5022 709 5099 κηρύγματος
739 5021 1040 5096 ἀπήρξατο.
1073 5020 1161 5077 Ἐν
1193 5017 1250 5075 δὲ
1296 5024 1375 5093 τῷ
1427 5021 1500 5090 ιη’
1552 5021 1881 5097 σταυρωθεὶς

222 5109 411 5183 ἀνέστη
445 5116 518 5187 τῇ
551 5113 627 5167 κε’
657 5114 757 5166 τοῦ
798 5110 1068 5185 Φαμενὼθ
1104 5111 1271 5183 μηνὸς
1312 5108 1439 5179 ἢτοι
1480 5108 1749 5183 Μαρτίου,
1778 5115 1877 5167 τοῦ

219 5202 629 5275 πρωτοκτίστου
664 5200 836 5275 μηνὸς
866 5200 1038 5257 Νισάν
1066 5202 1198 5275 παρ’
1226 5194 1507 5274 Ἑϐραίοις
1547 5197 1874 5276 λεγομένου,

220 5286 641 5366 ἐπιφωσκούσης
709 5290 1011 5367 Κυριακῆς.
1080 5286 1180 5341 Διά
1242 5286 1294 5341 τί
1355 5285 1413 5342 δὲ
1468 5282 1636 5364 ὀγδόη
1704 5290 1739 5359 ἡ
1778 5293 1876 5344 τοῦ

222 5383 424 5458 Κυρίου
484 5384 778 5445 ἀνάστασις
837 5379 1225 5452 ἐπωνόμασται
1276 5394 1291 5447 ;
1355 5375 1581 5449 Ἐπειδὴ
1650 5377 1874 5444 ἑπτάκις

234 5478 418 5547 δεκρῶν
459 5473 748 5529 ἀνάστασιν
817 5470 1042 5546 εὕρομεν
1105 5467 1157 5524 ἐν
1226 5470 1296 5543 τῇ
1365 5467 1481 5539 θείᾳ
1544 5472 1731 5545 Γραφῇ
1783 5468 1873 5525 καὶ

229 5565 361 5636 μετᾰ
388 5564 516 5626 τοὺς
575 5565 622 5634 ζ’
684 5558 878 5638 ὄγδοος
934 5558 995 5615 ἐκ
1049 5562 1253 5635 νεκρῶν
1309 5557 1500 5629 ἀνέστη
1555 5558 1583 5613 6
1652 5559 1873 5634 Κύριος.

225 5653 337 5733 Πρὸ
391 5654 496 5734 γὰρ
554 5658 658 5726 τῆς
717 5652 954 5730 Χριστοῦ
1010 5648 1351 5712 ἀναστάσεως
1399 5646 1450 5703 ἐν
1532 5651 1602 5725 τῇ
1661 5645 1874 5724 Παλαιᾷ

2050 4670 2185 4727 Poet
2233 4671 2567 4741 Augustum
2597 4667 2864 4728 Tiberius
2913 4670 3043 4743 ejus
3103 4671 3260 4731 ﬁlius
3319 4672 3634 4748 imperium

1976 4757 2170 4816 tenuit
2203 4774 2390 4816 annos
2412 4758 2621 4831 viginti
2680 4762 2824 4818 tres.
2851 4760 2904 4817 Is
2923 4762 3122 4819 urbem
3153 4763 3213 4820 in
3231 4763 3433 4821 Judeea
3456 4782 3636 4839 prope

1988 4846 2186 4904 lacum
2236 4847 2538 4905 conditam
2568 4865 2604 4906 a
2632 4864 2737 4906 suo
2770 4850 3007 4907 nomine
3034 4851 3403 4909 Tiberiadem
3434 4854 3632 4926 appel-

1987 4934 2148 4996 lavit.
2184 4937 2417 5010 lmperii
2475 4938 2605 5011 ejus
2644 4954 2798 4995 anno
2828 4939 3056 4997 decimo
3118 4942 3322 5014 quinto
3352 4943 3639 5001 Dominus

1987 5033 2190 5087 noster
2249 5028 2580 5103 baptizatus
2651 5029 2996 5104 evangelicae
3049 5032 3149 5088 26
3208 5031 3636 5104 praedicationis

1986 5119 2159 5176 initia
2188 5118 2406 5193 posuit,
2439 5122 2498 5175 et
2538 5118 2766 5176 decimo
2813 5123 3032 5188 octavo,
3102 5118 3486 5176 Pbamenothi
3517 5121 3637 5180 sive

1984 5209 2175 5266 Martii
2204 5208 2381 5283 primi
2439 5207 2658 5265 conditi
2681 5208 2925 5278 mensis,
2962 5207 3062 5281 qui
3092 5208 3347 5265 Nisanus
3378 5209 3636 5269 Hebraeis

1985 5304 2096 5367 est,
2126 5298 2405 5355 vicesimo
2460 5298 2664 5369 quinto
2713 5296 2828 5367 die,
2880 5296 3183 5354 Dominico
3243 5296 3631 5373 illucescente,

1985 5384 2144 5443 cruci
2198 5387 2404 5443 afﬁxus
2454 5386 2767 5444 resurrexit
2823 5403 2859 5443 a
2914 5386 3184 5444 mortuis.
3229 5388 3337 5445 Sed
3372 5407 3631 5462 quanam

1984 5475 2210 5531 ratione
2266 5480 2470 5532 octava
2530 5474 2761 5531 Domini
2818 5477 3161 5535 resurrectio
3200 5483 3634 5552 nuncupatur?

1983 5567 2215 5637 Septem
2238 5562 2461 5621 scilicet
2479 5564 2538 5620 in
2561 5563 2774 5621 divinis
2794 5564 3024 5622 Litteris
3046 5571 3409 5626 mortuorum
3434 5586 3627 5629 resur-

1982 5653 2271 5713 rectiones
2343 5652 2860 5728 deprehendimus,
2930 5654 3208 5733 deinceps
3280 5663 3521 5720 octavus
3596 5678 3632 5721 a
