  <div class='ocr_page' id='page_1' title='image "/cluster/home/n/w/nwhite01/storage/ocr_20150623/139/hvd.32044023361710/129.png"; bbox 0 0 4034 6202; ppageno 0'>
   <div class='ocr_carea' id='block_1_1' title="bbox 461 329 3797 404">
    <p class='ocr_par' dir='ltr' id='par_1_1' title="bbox 461 329 3797 404">
     <span class='ocr_line' id='line_1_1' title="bbox 461 329 3797 404; baseline -0.004 -5"><span class='ocrx_word' id='word_1_1' title='bbox 461 338 580 399; x_wconf 72' lang='lat'><strong>:47</strong></span> <span class='ocrx_word' id='word_1_2' title='bbox 2027 329 2289 394; x_wconf 74' lang='lat' dir='ltr'><strong>rosus</strong></span> <span class='ocrx_word' id='word_1_3' title='bbox 3697 341 3797 404; x_wconf 66' lang='grc' dir='ltr'><strong>ω</strong></span> 
     </span>
    </p>
   </div>
   <div class='ocr_carea' id='block_1_2' title="bbox 465 434 2058 544">
    <p class='ocr_par' dir='ltr' id='par_1_2' title="bbox 465 463 2058 540">
     <span class='ocr_line' id='line_1_2' title="bbox 465 463 2058 540; baseline -0.005 -10"><span class='ocrx_word' id='word_1_4' title='bbox 465 471 718 530; x_wconf 78' lang='lat' dir='ltr'><strong>mortuis</strong></span> <span class='ocrx_word' id='word_1_5' title='bbox 742 468 1029 527; x_wconf 91' lang='lat' dir='ltr'><strong>Dominus</strong></span> <span class='ocrx_word' id='word_1_6' title='bbox 1045 466 1315 540; x_wconf 89' lang='lat' dir='ltr'><strong>resurgit.</strong></span> <span class='ocrx_word' id='word_1_7' title='bbox 1339 466 1482 522; x_wconf 86' lang='lat' dir='ltr'><strong>Nam</strong></span> <span class='ocrx_word' id='word_1_8' title='bbox 1511 467 1647 523; x_wconf 89' lang='lat' dir='ltr'><strong>ante</strong></span> <span class='ocrx_word' id='word_1_9' title='bbox 1675 463 1892 522; x_wconf 78' lang='lat' dir='ltr'><strong>Christi</strong></span> <span class='ocrx_word' id='word_1_10' title='bbox 1910 480 2058 522; x_wconf 82' lang='lat' dir='ltr'><strong>resm</strong></span> 
     </span>
    </p>
   </div>
   <div class='ocr_carea' id='block_1_3' title="bbox 2345 434 3938 544">
    <p class='ocr_par' dir='ltr' id='par_1_3' title="bbox 2345 434 3938 544">
     <span class='ocr_line' id='line_1_3' title="bbox 2345 434 3938 544; baseline 0.01 -30"><span class='ocrx_word' id='word_1_11' title='bbox 2345 485 2418 534; x_wconf 76' lang='grc' dir='ltr'><strong>ιτη</strong></span> <span class='ocrx_word' id='word_1_12' title='bbox 2449 465 2665 542; x_wconf 76' lang='grc' dir='ltr'>γέγονεν</span> <span class='ocrx_word' id='word_1_13' title='bbox 2705 467 2741 535; x_wconf 80' lang='grc' dir='ltr'><strong>ἡ</strong></span> <span class='ocrx_word' id='word_1_14' title='bbox 2781 468 2878 522; x_wconf 88' lang='grc' dir='ltr'><strong>τοῦ</strong></span> <span class='ocrx_word' id='word_1_15' title='bbox 2918 466 3038 521; x_wconf 79' lang='grc' dir='ltr'>υἱοῦ</span> <span class='ocrx_word' id='word_1_16' title='bbox 3075 472 3177 536; x_wconf 79' lang='grc' dir='ltr'>τῆς</span> <span class='ocrx_word' id='word_1_17' title='bbox 3215 469 3411 544; x_wconf 76' lang='grc' dir='ltr'>χήρας,</span> <span class='ocrx_word' id='word_1_18' title='bbox 3447 465 3502 524; x_wconf 72' lang='grc' dir='ltr'>ὅν</span> <span class='ocrx_word' id='word_1_19' title='bbox 3551 469 3718 533; x_wconf 82' lang='grc' dir='ltr'>Ἠλίας</span> <span class='ocrx_word' id='word_1_20' title='bbox 3751 476 3798 530; x_wconf 82' lang='grc' dir='ltr'><strong>ἐν</strong></span> 
     </span>
    </p>
   </div>
   <div class='ocr_carea' id='block_1_4' title="bbox 466 552 2059 634">
    <p class='ocr_par' dir='ltr' id='par_1_4' title="bbox 466 555 2058 620">
     <span class='ocr_line' id='line_1_4' title="bbox 466 555 2058 620; baseline -0.005 -2"><span class='ocrx_word' id='word_1_21' title='bbox 466 561 781 620; x_wconf 81' lang='lat' dir='ltr'><strong>rectionem</strong></span> <span class='ocrx_word' id='word_1_22' title='bbox 802 559 864 615; x_wconf 91' lang='lat' dir='ltr'><strong>in</strong></span> <span class='ocrx_word' id='word_1_23' title='bbox 893 557 1088 614; x_wconf 83' lang='lat' dir='ltr'><strong>Veteri</strong></span> <span class='ocrx_word' id='word_1_24' title='bbox 1108 557 1482 613; x_wconf 89' lang='lat' dir='ltr'><strong>Testamento</strong></span> <span class='ocrx_word' id='word_1_25' title='bbox 1503 555 1692 612; x_wconf 71' lang='lat' dir='ltr'><strong>viduae</strong></span> <span class='ocrx_word' id='word_1_26' title='bbox 1716 555 1822 612; x_wconf 79' lang='lat' dir='ltr'><strong>filii</strong></span> <span class='ocrx_word' id='word_1_27' title='bbox 1845 557 2058 612; x_wconf 82' lang='lat' dir='ltr'><strong>excitat</strong></span> 
     </span>
    </p>
   </div>
   <div class='ocr_carea' id='block_1_5' title="bbox 2206 552 3799 634">
    <p class='ocr_par' dir='ltr' id='par_1_5' title="bbox 2227 552 3799 634">
     <span class='ocr_line' id='line_1_5' title="bbox 2227 552 3799 634; baseline 0.006 -27"><span class='ocrx_word' id='word_1_28' title='bbox 2227 554 2498 631; x_wconf 69' lang='grc' dir='ltr'>Σαράφθις</span> <span class='ocrx_word' id='word_1_29' title='bbox 2540 552 2852 625; x_wconf 73' lang='grc' dir='ltr'><strong>ἀνέστησεν,</strong></span> <span class='ocrx_word' id='word_1_30' title='bbox 2914 555 2960 630; x_wconf 86' lang='grc' dir='ltr'><strong>β’</strong></span> <span class='ocrx_word' id='word_1_31' title='bbox 3015 557 3050 625; x_wconf 76' lang='grc' dir='ltr'>ἡ</span> <span class='ocrx_word' id='word_1_32' title='bbox 3111 559 3210 610; x_wconf 85' lang='grc' dir='ltr'><strong>τοῦ</strong></span> <span class='ocrx_word' id='word_1_33' title='bbox 3261 558 3378 612; x_wconf 69' lang='grc' dir='ltr'>υἱοῦ</span> <span class='ocrx_word' id='word_1_34' title='bbox 3428 565 3523 628; x_wconf 77' lang='grc' dir='ltr'>τῆς</span> <span class='ocrx_word' id='word_1_35' title='bbox 3571 563 3799 634; x_wconf 85' lang='grc' dir='ltr'>Σουναμί-</span> 
     </span>
    </p>
   </div>
   <div class='ocr_carea' id='block_1_6' title="bbox 467 639 2060 722">
    <p class='ocr_par' dir='ltr' id='par_1_6' title="bbox 467 644 2060 719">
     <span class='ocr_line' id='line_1_6' title="bbox 467 644 2060 719; baseline -0.008 -9"><span class='ocrx_word' id='word_1_36' title='bbox 467 651 990 717; x_wconf 79' lang='lat' dir='ltr'><strong>commemoratur,</strong></span> <span class='ocrx_word' id='word_1_37' title='bbox 1027 662 1198 719; x_wconf 86' lang='lat' dir='ltr'><strong>quem</strong></span> <span class='ocrx_word' id='word_1_38' title='bbox 1227 645 1388 703; x_wconf 77' lang='lat' dir='ltr'><strong>Blias</strong></span> <span class='ocrx_word' id='word_1_39' title='bbox 1419 644 1768 718; x_wconf 88' lang='lat' dir='ltr'><strong>Sarapbthis</strong></span> <span class='ocrx_word' id='word_1_40' title='bbox 1811 645 2060 702; x_wconf 62' lang='lat' dir='ltr'><strong>excitavit</strong></span> 
     </span>
    </p>
   </div>
   <div class='ocr_carea' id='block_1_7' title="bbox 2210 639 3803 722">
    <p class='ocr_par' dir='ltr' id='par_1_7' title="bbox 2222 639 3803 722">
     <span class='ocr_line' id='line_1_7' title="bbox 2222 639 3803 722; baseline 0.005 -26"><span class='ocrx_word' id='word_1_41' title='bbox 2222 639 2394 711; x_wconf 82' lang='grc' dir='ltr'>τιδος,</span> <span class='ocrx_word' id='word_1_42' title='bbox 2430 643 2488 697; x_wconf 84' lang='lat' dir='ltr'><strong>6&#39;v</strong></span> <span class='ocrx_word' id='word_1_43' title='bbox 2544 643 2852 706; x_wconf 87' lang='grc' dir='ltr'>Ἐλισσαῖος</span> <span class='ocrx_word' id='word_1_44' title='bbox 2896 641 3136 721; x_wconf 71' lang='grc' dir='ltr'>ἤγειρεν,</span> <span class='ocrx_word' id='word_1_45' title='bbox 3190 645 3239 718; x_wconf 88' lang='grc' dir='ltr'>γ’</span> <span class='ocrx_word' id='word_1_46' title='bbox 3287 646 3322 716; x_wconf 72' lang='grc' dir='ltr'><strong>η</strong></span> <span class='ocrx_word' id='word_1_47' title='bbox 3364 649 3456 701; x_wconf 82' lang='grc' dir='ltr'><strong>τοῦ</strong></span> <span class='ocrx_word' id='word_1_48' title='bbox 3497 651 3803 722; x_wconf 81' lang='grc' dir='ltr'>στρατιώτου,</span> 
     </span>
    </p>
   </div>
   <div class='ocr_carea' id='block_1_8' title="bbox 466 728 2059 814">
    <p class='ocr_par' dir='ltr' id='par_1_8' title="bbox 466 734 2059 803">
     <span class='ocr_line' id='line_1_8' title="bbox 466 734 2059 803; baseline -0.006 -3"><span class='ocrx_word' id='word_1_49' title='bbox 466 740 724 800; x_wconf 83' lang='lat' dir='ltr'><strong>secunda</strong></span> <span class='ocrx_word' id='word_1_50' title='bbox 753 737 856 795; x_wconf 82' lang='lat' dir='ltr'><strong>ﬁlii</strong></span> <span class='ocrx_word' id='word_1_51' title='bbox 905 735 1291 793; x_wconf 85' lang='lat' dir='ltr'><strong>Sunamitidis</strong></span> <span class='ocrx_word' id='word_1_52' title='bbox 1341 734 1532 792; x_wconf 69' lang='lat' dir='ltr'><strong>Elisaai</strong></span> <span class='ocrx_word' id='word_1_53' title='bbox 1581 734 1864 791; x_wconf 82' lang='lat' dir='ltr'><strong>beneﬁcio</strong></span> <span class='ocrx_word' id='word_1_54' title='bbox 1899 751 1914 803; x_wconf 90' lang='lat'><strong>;</strong></span> <span class='ocrx_word' id='word_1_55' title='bbox 1945 738 2059 791; x_wconf 87' lang='lat' dir='ltr'><strong>tert</strong></span> 
     </span>
    </p>
   </div>
   <div class='ocr_carea' id='block_1_9' title="bbox 2347 728 3940 814">
    <p class='ocr_par' dir='ltr' id='par_1_9' title="bbox 2347 728 3940 814">
     <span class='ocr_line' id='line_1_9' title="bbox 2347 728 3940 814; baseline 0.009 -32"><span class='ocrx_word' id='word_1_56' title='bbox 2347 730 2481 807; x_wconf 55' lang='lat' dir='ltr'><strong>,wbc</strong></span> <span class='ocrx_word' id='word_1_57' title='bbox 2545 731 2857 790; x_wconf 82' lang='grc' dir='ltr'><strong>Ἐλισσαίου</strong></span> <span class='ocrx_word' id='word_1_58' title='bbox 2921 735 3108 814; x_wconf 71' lang='grc' dir='ltr'>ταιρεὶς</span> <span class='ocrx_word' id='word_1_59' title='bbox 3173 734 3262 790; x_wconf 84' lang='grc' dir='ltr'><strong>καὶ</strong></span> <span class='ocrx_word' id='word_1_60' title='bbox 3317 741 3429 797; x_wconf 87' lang='grc' dir='ltr'>τοῖς</span> <span class='ocrx_word' id='word_1_61' title='bbox 3490 736 3675 801; x_wconf 74' lang='grc' dir='ltr'>ὀστέοις</span> <span class='ocrx_word' id='word_1_62' title='bbox 3728 744 3806 795; x_wconf 82' lang='grc' dir='ltr'><strong>τοῦ</strong></span> <span class='ocrx_word' id='word_1_63' title='bbox 3939 728 3940 771; x_wconf 54' lang='grc' dir='ltr'><strong>ί</strong></span> 
     </span>
    </p>
   </div>
   <div class='ocr_carea' id='block_1_10' title="bbox 465 821 2058 901">
    <p class='ocr_par' dir='ltr' id='par_1_10' title="bbox 465 823 2058 900">
     <span class='ocr_line' id='line_1_10' title="bbox 465 823 2058 900; baseline -0.006 -13"><span class='ocrx_word' id='word_1_64' title='bbox 465 829 669 888; x_wconf 80' lang='lat' dir='ltr'><strong>militis</strong></span> <span class='ocrx_word' id='word_1_65' title='bbox 715 828 888 900; x_wconf 82' lang='lat' dir='ltr'><strong>juxta</strong></span> <span class='ocrx_word' id='word_1_66' title='bbox 915 842 1130 898; x_wconf 90' lang='lat' dir='ltr'><strong>corpus</strong></span> <span class='ocrx_word' id='word_1_67' title='bbox 1186 825 1378 882; x_wconf 70' lang='lat' dir='ltr'><strong>Elisaei</strong></span> <span class='ocrx_word' id='word_1_68' title='bbox 1429 823 1664 897; x_wconf 84' lang='lat' dir='ltr'><strong>sepulti,</strong></span> <span class='ocrx_word' id='word_1_69' title='bbox 1697 823 1799 896; x_wconf 90' lang='lat' dir='ltr'><strong>qui</strong></span> <span class='ocrx_word' id='word_1_70' title='bbox 1843 823 1944 880; x_wconf 91' lang='lat' dir='ltr'><strong>ubi</strong></span> <span class='ocrx_word' id='word_1_71' title='bbox 1987 839 2058 895; x_wconf 31' lang='lat' dir='ltr'><strong>pri</strong></span> 
     </span>
    </p>
   </div>
   <div class='ocr_carea' id='block_1_11' title="bbox 2214 821 3807 901">
    <p class='ocr_par' dir='ltr' id='par_1_11' title="bbox 2225 821 3807 901">
     <span class='ocr_line' id='line_1_11' title="bbox 2225 821 3807 901; baseline 0.006 -27"><span class='ocrx_word' id='word_1_72' title='bbox 2225 823 2518 901; x_wconf 72' lang='grc' dir='ltr'>προφήτου</span> <span class='ocrx_word' id='word_1_73' title='bbox 2549 821 2860 894; x_wconf 76' lang='grc' dir='ltr'><strong>πλησιάσας</strong></span> <span class='ocrx_word' id='word_1_74' title='bbox 2896 824 2971 887; x_wconf 86' lang='grc' dir='ltr'>ὡς</span> <span class='ocrx_word' id='word_1_75' title='bbox 3019 824 3124 879; x_wconf 85' lang='grc' dir='ltr'>ἀπὸ</span> <span class='ocrx_word' id='word_1_76' title='bbox 3171 823 3340 900; x_wconf 84' lang='grc' dir='ltr'>πυρὸς</span> <span class='ocrx_word' id='word_1_77' title='bbox 3381 823 3676 898; x_wconf 72' lang='grc' dir='ltr'>ἐξεπήδησε,</span> <span class='ocrx_word' id='word_1_78' title='bbox 3702 825 3740 882; x_wconf 82' lang='grc' dir='ltr'>δ’</span> <span class='ocrx_word' id='word_1_79' title='bbox 3767 826 3807 883; x_wconf 83' lang='grc' dir='ltr'><strong>ἐν</strong></span> 
     </span>
    </p>
   </div>
   <div class='ocr_carea' id='block_1_12' title="bbox 463 912 2056 992">
    <p class='ocr_par' dir='ltr' id='par_1_12' title="bbox 463 912 2056 992">
     <span class='ocr_line' id='line_1_12' title="bbox 463 912 2056 992; baseline -0.006 -16"><span class='ocrx_word' id='word_1_80' title='bbox 463 918 654 992; x_wconf 64' lang='lat' dir='ltr'><strong>pheta</strong></span> <span class='ocrx_word' id='word_1_81' title='bbox 683 916 970 990; x_wconf 86' lang='lat' dir='ltr'><strong>reliquias</strong></span> <span class='ocrx_word' id='word_1_82' title='bbox 999 915 1314 988; x_wconf 81' lang='lat' dir='ltr'><strong>tetigisset,</strong></span> <span class='ocrx_word' id='word_1_83' title='bbox 1346 913 1549 971; x_wconf 83' lang='lat' dir='ltr'><strong>statim</strong></span> <span class='ocrx_word' id='word_1_84' title='bbox 1571 912 1732 968; x_wconf 90' lang='lat' dir='ltr'><strong>velut</strong></span> <span class='ocrx_word' id='word_1_85' title='bbox 1761 913 1834 968; x_wconf 91' lang='lat' dir='ltr'><strong>ab</strong></span> <span class='ocrx_word' id='word_1_86' title='bbox 1862 912 1997 985; x_wconf 91' lang='lat' dir='ltr'><strong>igne</strong></span> <span class='ocrx_word' id='word_1_87' title='bbox 2021 929 2056 968; x_wconf 7' lang='lat' dir='ltr'><strong>ei</strong></span> 
     </span>
    </p>
   </div>
   <div class='ocr_carea' id='block_1_13' title="bbox 2214 912 3807 992">
    <p class='ocr_par' dir='ltr' id='par_1_13' title="bbox 2225 913 3807 990">
     <span class='ocr_line' id='line_1_13' title="bbox 2225 913 3807 990; baseline 0.004 -26"><span class='ocrx_word' id='word_1_88' title='bbox 2225 913 2293 983; x_wconf 77' lang='grc' dir='ltr'>τῇ</span> <span class='ocrx_word' id='word_1_89' title='bbox 2353 915 2528 986; x_wconf 81' lang='grc' dir='ltr'>Καινῇ</span> <span class='ocrx_word' id='word_1_90' title='bbox 2560 913 2594 981; x_wconf 74' lang='grc' dir='ltr'><strong>ἡ</strong></span> <span class='ocrx_word' id='word_1_91' title='bbox 2635 919 2737 982; x_wconf 79' lang='grc' dir='ltr'>τῆς</span> <span class='ocrx_word' id='word_1_92' title='bbox 2791 913 3056 988; x_wconf 87' lang='grc' dir='ltr'>θυγατρὸς</span> <span class='ocrx_word' id='word_1_93' title='bbox 3095 916 3192 968; x_wconf 88' lang='grc' dir='ltr'><strong>τοῦ</strong></span> <span class='ocrx_word' id='word_1_94' title='bbox 3232 913 3682 990; x_wconf 87' lang='grc' dir='ltr'>ἀρχισυναγώγου,</span> <span class='ocrx_word' id='word_1_95' title='bbox 3723 918 3807 984; x_wconf 72' lang='lat' dir='ltr'><strong>e‘i,</strong></span> 
     </span>
    </p>
   </div>
   <div class='ocr_carea' id='block_1_14' title="bbox 465 1001 2058 1079">
    <p class='ocr_par' dir='ltr' id='par_1_14' title="bbox 465 1001 2058 1079">
     <span class='ocr_line' id='line_1_14' title="bbox 465 1001 2058 1079; baseline -0.006 -13"><span class='ocrx_word' id='word_1_96' title='bbox 465 1006 612 1066; x_wconf 85' lang='lat' dir='ltr'><strong>siliit</strong></span> <span class='ocrx_word' id='word_1_97' title='bbox 637 1026 654 1078; x_wconf 71' lang='grc' dir='ltr'><strong>ς</strong></span> <span class='ocrx_word' id='word_1_98' title='bbox 684 1013 914 1079; x_wconf 82' lang='lat' dir='ltr'><strong>quarta,</strong></span> <span class='ocrx_word' id='word_1_99' title='bbox 933 1005 995 1062; x_wconf 93' lang='lat' dir='ltr'><strong>in</strong></span> <span class='ocrx_word' id='word_1_100' title='bbox 1023 1003 1208 1076; x_wconf 88' lang='lat' dir='ltr'><strong>Novo,</strong></span> <span class='ocrx_word' id='word_1_101' title='bbox 1244 1002 1375 1060; x_wconf 69' lang='lat' dir='ltr'><strong>illis:</strong></span> <span class='ocrx_word' id='word_1_102' title='bbox 1402 1001 1848 1076; x_wconf 83' lang='lat' dir='ltr'><strong>srcbisynsgogi</strong></span> <span class='ocrx_word' id='word_1_103' title='bbox 1873 1017 1886 1070; x_wconf 89' lang='lat'><strong>;</strong></span> <span class='ocrx_word' id='word_1_104' title='bbox 1915 1001 2058 1073; x_wconf 91' lang='lat' dir='ltr'><strong>quin</strong></span> 
     </span>
    </p>
   </div>
   <div class='ocr_carea' id='block_1_15' title="bbox 2222 1001 3815 1079">
    <p class='ocr_par' dir='ltr' id='par_1_15' title="bbox 2224 1002 3815 1078">
     <span class='ocr_line' id='line_1_15' title="bbox 2224 1002 3815 1078; baseline 0.003 -22"><span class='ocrx_word' id='word_1_105' title='bbox 2224 1004 2324 1056; x_wconf 88' lang='grc' dir='ltr'><strong>τοῦ</strong></span> <span class='ocrx_word' id='word_1_106' title='bbox 2355 1002 2476 1056; x_wconf 75' lang='grc' dir='ltr'>υἱοῦ</span> <span class='ocrx_word' id='word_1_107' title='bbox 2503 1005 2602 1071; x_wconf 72' lang='grc' dir='ltr'>τῆς</span> <span class='ocrx_word' id='word_1_108' title='bbox 2659 1005 2862 1078; x_wconf 72' lang='grc' dir='ltr'>χήρας,</span> <span class='ocrx_word' id='word_1_109' title='bbox 2894 1005 2938 1068; x_wconf 87' lang='grc' dir='ltr'>ς’</span> <span class='ocrx_word' id='word_1_110' title='bbox 2968 1005 3004 1074; x_wconf 82' lang='grc' dir='ltr'>ἡ</span> <span class='ocrx_word' id='word_1_111' title='bbox 3033 1007 3131 1059; x_wconf 83' lang='grc' dir='ltr'><strong>τοῦ</strong></span> <span class='ocrx_word' id='word_1_112' title='bbox 3175 1006 3442 1078; x_wconf 78' lang='grc' dir='ltr'>Λαζάρου,</span> <span class='ocrx_word' id='word_1_113' title='bbox 3477 1006 3514 1074; x_wconf 83' lang='grc' dir='ltr'><strong>ζ’</strong></span> <span class='ocrx_word' id='word_1_114' title='bbox 3541 1004 3624 1060; x_wconf 72' lang='grc' dir='ltr'><strong>ὅτε</strong></span> <span class='ocrx_word' id='word_1_115' title='bbox 3659 1003 3815 1060; x_wconf 78' lang='grc' dir='ltr'>πολλᾶ</span> 
     </span>
    </p>
   </div>
   <div class='ocr_carea' id='block_1_16' title="bbox 464 1089 2057 1168">
    <p class='ocr_par' dir='ltr' id='par_1_16' title="bbox 464 1089 2055 1166">
     <span class='ocr_line' id='line_1_16' title="bbox 464 1089 2055 1166; baseline -0.004 -13"><span class='ocrx_word' id='word_1_116' title='bbox 464 1096 575 1153; x_wconf 82' lang='lat' dir='ltr'><strong>ﬂlii</strong></span> <span class='ocrx_word' id='word_1_117' title='bbox 614 1096 846 1166; x_wconf 68' lang='lat' dir='ltr'><strong>vidum;</strong></span> <span class='ocrx_word' id='word_1_118' title='bbox 903 1097 1067 1152; x_wconf 78' lang='lat' dir='ltr'><strong>sexta</strong></span> <span class='ocrx_word' id='word_1_119' title='bbox 1124 1093 1377 1162; x_wconf 85' lang='lat' dir='ltr'><strong>Lazari;</strong></span> <span class='ocrx_word' id='word_1_120' title='bbox 1435 1091 1686 1165; x_wconf 86' lang='lat' dir='ltr'><strong>septima</strong></span> <span class='ocrx_word' id='word_1_121' title='bbox 1743 1106 1874 1148; x_wconf 91' lang='lat' dir='ltr'><strong>cum</strong></span> <span class='ocrx_word' id='word_1_122' title='bbox 1934 1089 2055 1146; x_wconf 91' lang='lat' dir='ltr'><strong>mul</strong></span> 
     </span>
    </p>
   </div>
   <div class='ocr_carea' id='block_1_17' title="bbox 2222 1089 3815 1168">
    <p class='ocr_par' dir='ltr' id='par_1_17' title="bbox 2229 1090 3815 1168">
     <span class='ocr_line' id='line_1_17' title="bbox 2229 1090 3815 1168; baseline 0.002 -23"><span class='ocrx_word' id='word_1_123' title='bbox 2229 1091 2456 1163; x_wconf 83' lang='grc' dir='ltr'>σώματα</span> <span class='ocrx_word' id='word_1_124' title='bbox 2485 1095 2595 1146; x_wconf 81' lang='grc' dir='ltr'><strong>τῶν</strong></span> <span class='ocrx_word' id='word_1_125' title='bbox 2627 1090 3048 1166; x_wconf 85' lang='grc' dir='ltr'>κεκοιμημένων</span> <span class='ocrx_word' id='word_1_126' title='bbox 3083 1091 3252 1168; x_wconf 77' lang='grc' dir='ltr'>ἁγίων</span> <span class='ocrx_word' id='word_1_127' title='bbox 3283 1093 3504 1168; x_wconf 80' lang='grc' dir='ltr'>ἠγέρθη,</span> <span class='ocrx_word' id='word_1_128' title='bbox 3533 1094 3578 1164; x_wconf 90' lang='grc' dir='ltr'>η’</span> <span class='ocrx_word' id='word_1_129' title='bbox 3607 1090 3658 1148; x_wconf 79' lang='grc' dir='ltr'>δὶ</span> <span class='ocrx_word' id='word_1_130' title='bbox 3683 1095 3714 1163; x_wconf 74' lang='grc' dir='ltr'><strong>ἡ</strong></span> <span class='ocrx_word' id='word_1_131' title='bbox 3738 1097 3815 1148; x_wconf 71' lang='grc' dir='ltr'><strong>τοῦ</strong></span> 
     </span>
    </p>
   </div>
   <div class='ocr_carea' id='block_1_18' title="bbox 467 1177 2060 1259">
    <p class='ocr_par' dir='ltr' id='par_1_18' title="bbox 467 1178 2060 1258">
     <span class='ocr_line' id='line_1_18' title="bbox 467 1178 2060 1258; baseline -0.007 -14"><span class='ocrx_word' id='word_1_132' title='bbox 467 1189 807 1244; x_wconf 89' lang='lat' dir='ltr'><strong>sanctorum</strong></span> <span class='ocrx_word' id='word_1_133' title='bbox 838 1199 1082 1258; x_wconf 89' lang='lat' dir='ltr'><strong>corpora</strong></span> <span class='ocrx_word' id='word_1_134' title='bbox 1110 1186 1492 1240; x_wconf 88' lang='lat' dir='ltr'><strong>surrexerunt</strong></span> <span class='ocrx_word' id='word_1_135' title='bbox 1521 1201 1538 1252; x_wconf 71' lang='grc' dir='ltr'><strong>ς</strong></span> <span class='ocrx_word' id='word_1_136' title='bbox 1575 1184 1774 1238; x_wconf 79' lang='lat' dir='ltr'><strong>octava</strong></span> <span class='ocrx_word' id='word_1_137' title='bbox 1805 1185 1933 1253; x_wconf 92' lang='lat' dir='ltr'><strong>post</strong></span> <span class='ocrx_word' id='word_1_138' title='bbox 1963 1178 2060 1236; x_wconf 70' lang='lat' dir='ltr'><strong>sal:</strong></span> 
     </span>
    </p>
   </div>
   <div class='ocr_carea' id='block_1_19' title="bbox 2226 1177 3819 1259">
    <p class='ocr_par' dir='ltr' id='par_1_19' title="bbox 2229 1177 3819 1259">
     <span class='ocr_line' id='line_1_19' title="bbox 2229 1177 3819 1259; baseline 0.001 -22"><span class='ocrx_word' id='word_1_139' title='bbox 2229 1177 2434 1255; x_wconf 83' lang='grc' dir='ltr'>Κυρίού</span> <span class='ocrx_word' id='word_1_140' title='bbox 2468 1180 2755 1243; x_wconf 74' lang='grc' dir='ltr'>ἀνάστασις</span> <span class='ocrx_word' id='word_1_141' title='bbox 2791 1181 2926 1256; x_wconf 86' lang='grc' dir='ltr'><strong>μετὰ</strong></span> <span class='ocrx_word' id='word_1_142' title='bbox 2941 1182 3003 1236; x_wconf 85' lang='grc' dir='ltr'>τὸ</span> <span class='ocrx_word' id='word_1_143' title='bbox 3031 1183 3300 1258; x_wconf 79' lang='grc' dir='ltr'>σωτήριον</span> <span class='ocrx_word' id='word_1_144' title='bbox 3333 1179 3819 1259; x_wconf 76' lang='grc' dir='ltr'>πάθος.οὖτοςφρον-</span> 
     </span>
    </p>
   </div>
   <div class='ocr_carea' id='block_1_20' title="bbox 464 1265 2057 1348">
    <p class='ocr_par' dir='ltr' id='par_1_20' title="bbox 464 1268 2053 1348">
     <span class='ocr_line' id='line_1_20' title="bbox 464 1268 2053 1348; baseline -0.006 -14"><span class='ocrx_word' id='word_1_145' title='bbox 464 1279 651 1334; x_wconf 87' lang='lat' dir='ltr'><strong>tarem</strong></span> <span class='ocrx_word' id='word_1_146' title='bbox 682 1273 1022 1348; x_wconf 87' lang='lat' dir='ltr'><strong>passionem</strong></span> <span class='ocrx_word' id='word_1_147' title='bbox 1045 1271 1284 1330; x_wconf 88' lang='lat' dir='ltr'><strong>Domini</strong></span> <span class='ocrx_word' id='word_1_148' title='bbox 1307 1271 1680 1329; x_wconf 80' lang='lat' dir='ltr'><strong>resurrectio.</strong></span> <span class='ocrx_word' id='word_1_149' title='bbox 1703 1268 1971 1326; x_wconf 87' lang='lat' dir='ltr'><strong>Tiberius</strong></span> <span class='ocrx_word' id='word_1_150' title='bbox 1987 1284 2053 1325; x_wconf 87' lang='lat' dir='ltr'><strong>ve</strong></span> 
     </span>
    </p>
   </div>
   <div class='ocr_carea' id='block_1_21' title="bbox 2226 1265 3819 1348">
    <p class='ocr_par' dir='ltr' id='par_1_21' title="bbox 2226 1265 3819 1348">
     <span class='ocr_line' id='line_1_21' title="bbox 2226 1265 3819 1348; baseline -0.001 -22"><span class='ocrx_word' id='word_1_151' title='bbox 2226 1270 2392 1339; x_wconf 84' lang='grc' dir='ltr'>τίζων</span> <span class='ocrx_word' id='word_1_152' title='bbox 2423 1274 2524 1326; x_wconf 86' lang='grc' dir='ltr'><strong>τοῦ</strong></span> <span class='ocrx_word' id='word_1_153' title='bbox 2557 1267 2770 1326; x_wconf 76' lang='grc' dir='ltr'>δικαίου</span> <span class='ocrx_word' id='word_1_154' title='bbox 2802 1265 3031 1348; x_wconf 77' lang='grc' dir='ltr'><strong>ἔγραφεν</strong></span> <span class='ocrx_word' id='word_1_155' title='bbox 3061 1270 3145 1326; x_wconf 85' lang='grc' dir='ltr'><strong>ἀεὶ</strong></span> <span class='ocrx_word' id='word_1_156' title='bbox 3183 1275 3300 1332; x_wconf 87' lang='grc' dir='ltr'>ταῖς</span> <span class='ocrx_word' id='word_1_157' title='bbox 3341 1271 3428 1327; x_wconf 84' lang='grc' dir='ltr'><strong>ὑπ’</strong></span> <span class='ocrx_word' id='word_1_158' title='bbox 3467 1271 3618 1327; x_wconf 82' lang='grc' dir='ltr'>αὐτὸν</span> <span class='ocrx_word' id='word_1_159' title='bbox 3660 1273 3819 1327; x_wconf 81' lang='grc' dir='ltr'>πόλεσι</span> 
     </span>
    </p>
   </div>
   <div class='ocr_carea' id='block_1_22' title="bbox 461 1355 2054 1438">
    <p class='ocr_par' dir='ltr' id='par_1_22' title="bbox 461 1357 2046 1438">
     <span class='ocr_line' id='line_1_22' title="bbox 461 1357 2046 1438; baseline -0.004 -17"><span class='ocrx_word' id='word_1_160' title='bbox 461 1364 613 1438; x_wconf 83' lang='lat' dir='ltr'><strong>justi</strong></span> <span class='ocrx_word' id='word_1_161' title='bbox 643 1363 822 1421; x_wconf 86' lang='lat' dir='ltr'><strong>nimis</strong></span> <span class='ocrx_word' id='word_1_162' title='bbox 873 1367 1044 1420; x_wconf 80' lang='lat' dir='ltr'><strong>tenax</strong></span> <span class='ocrx_word' id='word_1_163' title='bbox 1077 1359 1359 1433; x_wconf 76' lang='lat' dir='ltr'><strong>subjectis</strong></span> <span class='ocrx_word' id='word_1_164' title='bbox 1389 1359 1720 1416; x_wconf 76' lang='lat' dir='ltr'><strong>civitatibus</strong></span> <span class='ocrx_word' id='word_1_165' title='bbox 1779 1357 1997 1431; x_wconf 88' lang='lat' dir='ltr'><strong>scripto</strong></span> <span class='ocrx_word' id='word_1_166' title='bbox 2029 1357 2046 1413; x_wconf 95' lang='lat' dir='ltr'><strong>i</strong></span> 
     </span>
    </p>
   </div>
   <div class='ocr_carea' id='block_1_23' title="bbox 2228 1355 3821 1438">
    <p class='ocr_par' dir='ltr' id='par_1_23' title="bbox 2231 1355 3821 1437">
     <span class='ocr_line' id='line_1_23' title="bbox 2231 1355 3821 1437; baseline -0.001 -23"><span class='ocrx_word' id='word_1_167' title='bbox 2231 1355 2423 1434; x_wconf 79' lang='grc' dir='ltr'>λέγων’</span> <span class='ocrx_word' id='word_1_168' title='bbox 2460 1360 2584 1416; x_wconf 82' lang='grc' dir='ltr'><strong>Ἐάν</strong></span> <span class='ocrx_word' id='word_1_169' title='bbox 2623 1380 2676 1415; x_wconf 87' lang='grc' dir='ltr'><strong>τι</strong></span> <span class='ocrx_word' id='word_1_170' title='bbox 2727 1361 2924 1437; x_wconf 80' lang='grc' dir='ltr'>γράψω</span> <span class='ocrx_word' id='word_1_171' title='bbox 2977 1359 3124 1434; x_wconf 81' lang='grc' dir='ltr'>παρὰ</span> <span class='ocrx_word' id='word_1_172' title='bbox 3164 1358 3293 1423; x_wconf 79' lang='grc' dir='ltr'>τοὺς</span> <span class='ocrx_word' id='word_1_173' title='bbox 3341 1359 3539 1433; x_wconf 87' lang='grc' dir='ltr'>νόμους</span> <span class='ocrx_word' id='word_1_174' title='bbox 3581 1359 3821 1434; x_wconf 83' lang='grc' dir='ltr'>προστάσ-</span> 
     </span>
    </p>
   </div>
   <div class='ocr_carea' id='block_1_24' title="bbox 467 1447 2060 1526">
    <p class='ocr_par' dir='ltr' id='par_1_24' title="bbox 467 1450 2008 1524">
     <span class='ocr_line' id='line_1_24' title="bbox 467 1450 2008 1524; baseline -0.004 -14"><span class='ocrx_word' id='word_1_175' title='bbox 467 1453 774 1511; x_wconf 90' lang='lat' dir='ltr'><strong>culcabat:</strong></span> <span class='ocrx_word' id='word_1_176' title='bbox 825 1451 890 1508; x_wconf 98' lang='lat' dir='ltr'><strong>Si</strong></span> <span class='ocrx_word' id='word_1_177' title='bbox 927 1451 1061 1524; x_wconf 83' lang='lat' dir='ltr'><strong>quid</strong></span> <span class='ocrx_word' id='word_1_178' title='bbox 1113 1450 1276 1508; x_wconf 72' lang='lat' dir='ltr'><strong>exlex</strong></span> <span class='ocrx_word' id='word_1_179' title='bbox 1329 1451 1598 1521; x_wconf 74' lang='lat' dir='ltr'><strong>scripsero</strong></span> <span class='ocrx_word' id='word_1_180' title='bbox 1631 1462 2008 1520; x_wconf 76' lang='lat' dir='ltr'><strong>praeceperove</strong></span> 
     </span>
    </p>
   </div>
   <div class='ocr_carea' id='block_1_25' title="bbox 2232 1447 3825 1526">
    <p class='ocr_par' dir='ltr' id='par_1_25' title="bbox 2232 1447 3825 1526">
     <span class='ocr_line' id='line_1_25' title="bbox 2232 1447 3825 1526; baseline 0.001 -24"><span class='ocrx_word' id='word_1_181' title='bbox 2232 1469 2337 1503; x_wconf 88' lang='grc' dir='ltr'><strong>σων</strong></span> <span class='ocrx_word' id='word_1_182' title='bbox 2365 1447 2624 1522; x_wconf 88' lang='grc' dir='ltr'>γίνεσθαι,</span> <span class='ocrx_word' id='word_1_183' title='bbox 2686 1450 2866 1522; x_wconf 86' lang='grc' dir='ltr'>τούτῳ</span> <span class='ocrx_word' id='word_1_184' title='bbox 2927 1450 3003 1522; x_wconf 69' lang='grc' dir='ltr'>μὴ</span> <span class='ocrx_word' id='word_1_185' title='bbox 3053 1450 3400 1524; x_wconf 71' lang='grc' dir='ltr'>προσεκτέον·</span> <span class='ocrx_word' id='word_1_186' title='bbox 3454 1448 3685 1526; x_wconf 73' lang='grc' dir='ltr'>ἠγνόηκα</span> <span class='ocrx_word' id='word_1_187' title='bbox 3722 1447 3825 1523; x_wconf 76' lang='grc' dir='ltr'>γάρ.</span> 
     </span>
    </p>
   </div>
   <div class='ocr_carea' id='block_1_26' title="bbox 463 1535 2056 1617">
    <p class='ocr_par' dir='ltr' id='par_1_26' title="bbox 463 1538 2056 1616">
     <span class='ocr_line' id='line_1_26' title="bbox 463 1538 2056 1616; baseline -0.005 -16"><span class='ocrx_word' id='word_1_188' title='bbox 463 1545 710 1616; x_wconf 78' lang='lat' dir='ltr'><strong>faciatis,</strong></span> <span class='ocrx_word' id='word_1_189' title='bbox 745 1543 881 1598; x_wconf 83' lang='lat' dir='ltr'><strong>huic</strong></span> <span class='ocrx_word' id='word_1_190' title='bbox 920 1556 1274 1616; x_wconf 76' lang='lat' dir='ltr'><strong>nequaquam</strong></span> <span class='ocrx_word' id='word_1_191' title='bbox 1301 1541 1558 1596; x_wconf 84' lang='lat' dir='ltr'><strong>animum</strong></span> <span class='ocrx_word' id='word_1_192' title='bbox 1580 1538 1882 1594; x_wconf 77' lang='lat' dir='ltr'><strong>advertatis</strong></span> <span class='ocrx_word' id='word_1_193' title='bbox 1909 1554 1922 1592; x_wconf 91' lang='lat'>:</span> <span class='ocrx_word' id='word_1_194' title='bbox 1946 1540 2056 1592; x_wconf 82' lang='lat' dir='ltr'><strong>insc</strong></span> 
     </span>
    </p>
   </div>
   <div class='ocr_carea' id='block_1_27' title="bbox 2233 1535 3826 1617">
    <p class='ocr_par' dir='ltr' id='par_1_27' title="bbox 2233 1535 3826 1617">
     <span class='ocr_line' id='line_1_27' title="bbox 2233 1535 3826 1617; baseline -0.001 -24"><span class='ocrx_word' id='word_1_195' title='bbox 2233 1535 2392 1594; x_wconf 83' lang='grc' dir='ltr'>Ἀλλ’</span> <span class='ocrx_word' id='word_1_196' title='bbox 2423 1539 2666 1613; x_wconf 81' lang='grc' dir='ltr'>ὕστερον,</span> <span class='ocrx_word' id='word_1_197' title='bbox 2700 1539 2831 1617; x_wconf 74' lang='grc' dir='ltr'>φεῦί</span> <span class='ocrx_word' id='word_1_198' title='bbox 2868 1535 3135 1615; x_wconf 57' lang='grc' dir='ltr'>αἰφνίδιον</span> <span class='ocrx_word' id='word_1_199' title='bbox 3169 1537 3248 1600; x_wconf 82' lang='grc' dir='ltr'><strong>είς</strong></span> <span class='ocrx_word' id='word_1_200' title='bbox 3286 1539 3386 1608; x_wconf 74' lang='grc' dir='ltr'>τὴν</span> <span class='ocrx_word' id='word_1_201' title='bbox 3437 1537 3645 1616; x_wconf 80' lang='grc' dir='ltr'>χείρονα</span> <span class='ocrx_word' id='word_1_202' title='bbox 3692 1557 3826 1610; x_wconf 86' lang='grc' dir='ltr'>μετα-</span> 
     </span>
    </p>
   </div>
   <div class='ocr_carea' id='block_1_28' title="bbox 465 1621 2058 1705">
    <p class='ocr_par' dir='ltr' id='par_1_28' title="bbox 465 1627 2058 1705">
     <span class='ocr_line' id='line_1_28' title="bbox 465 1627 2058 1705; baseline -0.004 -17"><span class='ocrx_word' id='word_1_203' title='bbox 465 1631 668 1705; x_wconf 83' lang='lat' dir='ltr'><strong>quippe</strong></span> <span class='ocrx_word' id='word_1_204' title='bbox 691 1630 917 1688; x_wconf 72' lang='lat' dir='ltr'><strong>excidit.</strong></span> <span class='ocrx_word' id='word_1_205' title='bbox 959 1631 1068 1686; x_wconf 87' lang='lat' dir='ltr'><strong>Sed</strong></span> <span class='ocrx_word' id='word_1_206' title='bbox 1101 1631 1362 1697; x_wconf 86' lang='lat' dir='ltr'><strong>tandem,</strong></span> <span class='ocrx_word' id='word_1_207' title='bbox 1393 1645 1476 1685; x_wconf 71' lang='lat' dir='ltr'><strong>vas</strong></span> <span class='ocrx_word' id='word_1_208' title='bbox 1508 1628 1590 1684; x_wconf 89' lang='lat' dir='ltr'><strong>illi</strong></span> <span class='ocrx_word' id='word_1_209' title='bbox 1618 1627 1852 1699; x_wconf 88' lang='lat' dir='ltr'><strong>misero,</strong></span> <span class='ocrx_word' id='word_1_210' title='bbox 1885 1642 2058 1698; x_wconf 87' lang='lat' dir='ltr'><strong>repen</strong></span> 
     </span>
    </p>
   </div>
   <div class='ocr_carea' id='block_1_29' title="bbox 2238 1621 3831 1705">
    <p class='ocr_par' dir='ltr' id='par_1_29' title="bbox 2238 1621 3831 1704">
     <span class='ocr_line' id='line_1_29' title="bbox 2238 1621 3831 1704; baseline -0.001 -23"><span class='ocrx_word' id='word_1_211' title='bbox 2238 1621 2462 1697; x_wconf 72' lang='grc' dir='ltr'>ϐληθεῖς</span> <span class='ocrx_word' id='word_1_212' title='bbox 2521 1627 2752 1702; x_wconf 81' lang='grc' dir='ltr'>γνώμην</span> <span class='ocrx_word' id='word_1_213' title='bbox 2811 1626 2948 1702; x_wconf 85' lang='grc' dir='ltr'>πρὸς</span> <span class='ocrx_word' id='word_1_214' title='bbox 2998 1631 3169 1682; x_wconf 84' lang='grc' dir='ltr'>πᾶσαν</span> <span class='ocrx_word' id='word_1_215' title='bbox 3223 1627 3594 1702; x_wconf 84' lang='grc' dir='ltr'>ἀνοσιουργίαν</span> <span class='ocrx_word' id='word_1_216' title='bbox 3645 1645 3831 1704; x_wconf 72' lang='grc' dir='ltr'>μιαιφο-</span> 
     </span>
    </p>
   </div>
   <div class='ocr_carea' id='block_1_30' title="bbox 467 1713 2060 1792">
    <p class='ocr_par' dir='ltr' id='par_1_30' title="bbox 467 1715 2026 1787">
     <span class='ocr_line' id='line_1_30' title="bbox 467 1715 2026 1787; baseline -0.003 -10"><span class='ocrx_word' id='word_1_217' title='bbox 467 1721 713 1778; x_wconf 87' lang='lat' dir='ltr'><strong>descivit</strong></span> <span class='ocrx_word' id='word_1_218' title='bbox 743 1721 816 1777; x_wconf 92' lang='lat' dir='ltr'><strong>ad</strong></span> <span class='ocrx_word' id='word_1_219' title='bbox 872 1718 1036 1787; x_wconf 87' lang='lat' dir='ltr'><strong>vitia,</strong></span> <span class='ocrx_word' id='word_1_220' title='bbox 1067 1719 1128 1775; x_wconf 90' lang='lat' dir='ltr'><strong>in</strong></span> <span class='ocrx_word' id='word_1_221' title='bbox 1163 1718 1363 1776; x_wconf 88' lang='lat' dir='ltr'><strong>omnia</strong></span> <span class='ocrx_word' id='word_1_222' title='bbox 1409 1717 1719 1786; x_wconf 90' lang='lat' dir='ltr'><strong>scelerum,</strong></span> <span class='ocrx_word' id='word_1_223' title='bbox 1779 1715 2026 1773; x_wconf 70' lang='lat' dir='ltr'><strong>caedium</strong></span> 
     </span>
    </p>
   </div>
   <div class='ocr_carea' id='block_1_31' title="bbox 2236 1713 3829 1792">
    <p class='ocr_par' dir='ltr' id='par_1_31' title="bbox 2236 1713 3829 1792">
     <span class='ocr_line' id='line_1_31' title="bbox 2236 1713 3829 1792; baseline -0.003 -22"><span class='ocrx_word' id='word_1_224' title='bbox 2236 1714 2350 1770; x_wconf 86' lang='grc' dir='ltr'>νίαν</span> <span class='ocrx_word' id='word_1_225' title='bbox 2377 1736 2436 1771; x_wconf 89' lang='grc' dir='ltr'><strong>τε</strong></span> <span class='ocrx_word' id='word_1_226' title='bbox 2463 1714 2554 1770; x_wconf 85' lang='grc' dir='ltr'><strong>καὶ</strong></span> <span class='ocrx_word' id='word_1_227' title='bbox 2585 1714 2974 1790; x_wconf 73' lang='grc' dir='ltr'>οἷ’στρηλασίαν</span> <span class='ocrx_word' id='word_1_228' title='bbox 3005 1715 3234 1792; x_wconf 80' lang='grc' dir='ltr'>ἐτράπη,</span> <span class='ocrx_word' id='word_1_229' title='bbox 3275 1715 3370 1772; x_wconf 86' lang='grc' dir='ltr'><strong>καὶ</strong></span> <span class='ocrx_word' id='word_1_230' title='bbox 3424 1713 3563 1770; x_wconf 65' lang='grc' dir='ltr'>οὕτω</span> <span class='ocrx_word' id='word_1_231' title='bbox 3607 1714 3690 1770; x_wconf 86' lang='grc' dir='ltr'>τὸν</span> <span class='ocrx_word' id='word_1_232' title='bbox 3735 1713 3829 1788; x_wconf 76' lang='grc' dir='ltr'>βίον</span> 
     </span>
    </p>
   </div>
   <div class='ocr_carea' id='block_1_32' title="bbox 467 1801 2060 1908">
    <p class='ocr_par' dir='ltr' id='par_1_32' title="bbox 467 1807 2060 1908">
     <span class='ocr_line' id='line_1_32' title="bbox 467 1807 2060 1908; baseline -0.003 -42"><span class='ocrx_word' id='word_1_233' title='bbox 467 1809 789 1908; x_wconf 71' lang='lat' dir='ltr'><strong>libidinum</strong></span> <span class='ocrx_word' id='word_1_234' title='bbox 843 1807 1256 1907; x_wconf 80' lang='lat' dir='ltr'><strong>effrenatarum</strong></span> <span class='ocrx_word' id='word_1_235' title='bbox 1309 1823 1528 1882; x_wconf 81' lang='lat' dir='ltr'><strong>genere</strong></span> <span class='ocrx_word' id='word_1_236' title='bbox 1567 1807 1883 1879; x_wconf 89' lang='lat' dir='ltr'><strong>impulsus.</strong></span> <span class='ocrx_word' id='word_1_237' title='bbox 1915 1807 2060 1878; x_wconf 67' lang='lat' dir='ltr'><strong>Sicql</strong></span> 
     </span>
    </p>
   </div>
   <div class='ocr_carea' id='block_1_33' title="bbox 1010 1801 2603 1908">
    <p class='ocr_par' dir='ltr' id='par_1_33' title="bbox 1010 1801 2603 1908">
     <span class='ocr_line' id='line_1_33' title="bbox 1010 1801 2603 1908; baseline -0.002 -43"><span class='ocrx_word' id='word_1_238' title='bbox 1010 1812 1256 1866; x_wconf 73' lang='lat' dir='ltr'><strong>tatarum</strong></span> <span class='ocrx_word' id='word_1_239' title='bbox 1309 1823 1528 1882; x_wconf 82' lang='lat' dir='ltr'><strong>genere</strong></span> <span class='ocrx_word' id='word_1_240' title='bbox 1567 1807 1883 1879; x_wconf 90' lang='lat' dir='ltr'><strong>impulsus.</strong></span> <span class='ocrx_word' id='word_1_241' title='bbox 1915 1807 2124 1878; x_wconf 82' lang='lat' dir='ltr'><strong>Sicque</strong></span> <span class='ocrx_word' id='word_1_242' title='bbox 2157 1843 2204 1908; x_wconf 76' lang='grc' dir='ltr'>Β</span> <span class='ocrx_word' id='word_1_243' title='bbox 2233 1801 2603 1880; x_wconf 75' lang='grc' dir='ltr'>κατέστρεψεν.</span> 
     </span>
    </p>
   </div>
   <div class='ocr_carea' id='block_1_34' title="bbox 472 1895 1066 1968">
    <p class='ocr_par' dir='ltr' id='par_1_34' title="bbox 472 1895 1066 1968">
     <span class='ocr_line' id='line_1_34' title="bbox 472 1895 1066 1968; baseline -0.005 -14"><span class='ocrx_word' id='word_1_244' title='bbox 472 1895 604 1954; x_wconf 68' lang='lat' dir='ltr'><strong>vita</strong></span> <span class='ocrx_word' id='word_1_245' title='bbox 633 1895 814 1952; x_wconf 83' lang='lat' dir='ltr'><strong>finem</strong></span> <span class='ocrx_word' id='word_1_246' title='bbox 844 1895 1066 1968; x_wconf 88' lang='lat' dir='ltr'><strong>posuit.</strong></span> 
     </span>
    </p>
   </div>
   <div class='ocr_carea' id='block_1_35' title="bbox 550 1981 2143 2068">
    <p class='ocr_par' dir='ltr' id='par_1_35' title="bbox 550 1993 2128 2068">
     <span class='ocr_line' id='line_1_35' title="bbox 550 1993 2128 2068; baseline 0.001 -17"><span class='ocrx_word' id='word_1_247' title='bbox 550 1994 689 2051; x_wconf 87' lang='lat' dir='ltr'><strong>Post</strong></span> <span class='ocrx_word' id='word_1_248' title='bbox 716 1993 1013 2051; x_wconf 89' lang='lat' dir='ltr'><strong>Tiberium</strong></span> <span class='ocrx_word' id='word_1_249' title='bbox 1053 1993 1233 2051; x_wconf 84' lang='lat' dir='ltr'><strong>Gaius</strong></span> <span class='ocrx_word' id='word_1_250' title='bbox 1258 1993 1416 2052; x_wconf 79' lang='lat' dir='ltr'><strong>illius</strong></span> <span class='ocrx_word' id='word_1_251' title='bbox 1446 2011 1630 2052; x_wconf 85' lang='lat' dir='ltr'><strong>annos</strong></span> <span class='ocrx_word' id='word_1_252' title='bbox 1661 2000 1914 2068; x_wconf 85' lang='lat' dir='ltr'><strong>quatuor</strong></span> <span class='ocrx_word' id='word_1_253' title='bbox 1941 1995 2128 2068; x_wconf 88' lang='lat' dir='ltr'><strong>impe-</strong></span> 
     </span>
    </p>
   </div>
   <div class='ocr_carea' id='block_1_36' title="bbox 2244 1981 3837 2068">
    <p class='ocr_par' dir='ltr' id='par_1_36' title="bbox 2305 1981 3837 2060">
     <span class='ocr_line' id='line_1_36' title="bbox 2305 1981 3837 2060; baseline -0.005 -15"><span class='ocrx_word' id='word_1_254' title='bbox 2305 1987 2456 2045; x_wconf 80' lang='grc' dir='ltr'>Μετὰ</span> <span class='ocrx_word' id='word_1_255' title='bbox 2515 1984 2572 2042; x_wconf 77' lang='grc' dir='ltr'>δὲ</span> <span class='ocrx_word' id='word_1_256' title='bbox 2626 1981 2878 2060; x_wconf 78' lang='grc' dir='ltr'>Τιϐέριον</span> <span class='ocrx_word' id='word_1_257' title='bbox 2921 1982 3240 2044; x_wconf 75' lang='grc' dir='ltr'>ἐϐασίλευσε</span> <span class='ocrx_word' id='word_1_258' title='bbox 3307 1987 3469 2049; x_wconf 82' lang='grc' dir='ltr'>Γάϊος</span> <span class='ocrx_word' id='word_1_259' title='bbox 3533 1985 3644 2047; x_wconf 82' lang='grc' dir='ltr'>υἱὸς</span> <span class='ocrx_word' id='word_1_260' title='bbox 3700 1983 3837 2038; x_wconf 79' lang='grc' dir='ltr'><strong>αὖτοῦ</strong></span> 
     </span>
    </p>
   </div>
   <div class='ocr_carea' id='block_1_37' title="bbox 477 2070 2070 2158">
    <p class='ocr_par' dir='ltr' id='par_1_37' title="bbox 477 2084 2070 2158">
     <span class='ocr_line' id='line_1_37' title="bbox 477 2084 2070 2158; baseline -0.003 -16"><span class='ocrx_word' id='word_1_261' title='bbox 477 2085 635 2142; x_wconf 90' lang='lat' dir='ltr'><strong>rium</strong></span> <span class='ocrx_word' id='word_1_262' title='bbox 673 2084 883 2143; x_wconf 85' lang='lat' dir='ltr'><strong>tenuit.</strong></span> <span class='ocrx_word' id='word_1_263' title='bbox 924 2084 1031 2142; x_wconf 82' lang='lat' dir='ltr'><strong>Hic</strong></span> <span class='ocrx_word' id='word_1_264' title='bbox 1062 2085 1316 2158; x_wconf 90' lang='lat' dir='ltr'><strong>primum</strong></span> <span class='ocrx_word' id='word_1_265' title='bbox 1346 2085 1584 2158; x_wconf 88' lang='lat' dir='ltr'><strong>quidem</strong></span> <span class='ocrx_word' id='word_1_266' title='bbox 1618 2087 1894 2144; x_wconf 85' lang='lat' dir='ltr'><strong>muniﬁce</strong></span> <span class='ocrx_word' id='word_1_267' title='bbox 1926 2088 2070 2143; x_wconf 55' lang='lat' dir='ltr'><strong>admi</strong></span> 
     </span>
    </p>
   </div>
   <div class='ocr_carea' id='block_1_38' title="bbox 2248 2070 3841 2158">
    <p class='ocr_par' dir='ltr' id='par_1_38' title="bbox 2248 2070 3841 2156">
     <span class='ocr_line' id='line_1_38' title="bbox 2248 2070 3841 2156; baseline 0.001 -25"><span class='ocrx_word' id='word_1_268' title='bbox 2248 2070 2326 2147; x_wconf 76' lang='grc' dir='ltr'><strong>ίτη</strong></span> <span class='ocrx_word' id='word_1_269' title='bbox 2362 2074 2408 2132; x_wconf 69' lang='grc' dir='ltr'>δ²</span> <span class='ocrx_word' id='word_1_270' title='bbox 2443 2076 2501 2139; x_wconf 71' lang='grc' dir='ltr'>ὃς</span> <span class='ocrx_word' id='word_1_271' title='bbox 2532 2080 2748 2152; x_wconf 80' lang='grc' dir='ltr'>πρῶτον</span> <span class='ocrx_word' id='word_1_272' title='bbox 2811 2077 2905 2151; x_wconf 78' lang='grc' dir='ltr'><strong>μὶν</strong></span> <span class='ocrx_word' id='word_1_273' title='bbox 2957 2075 3391 2156; x_wconf 74' lang='grc' dir='ltr'>μεγαλοφρόνως</span> <span class='ocrx_word' id='word_1_274' title='bbox 3450 2073 3618 2131; x_wconf 86' lang='grc' dir='ltr'>διεῖπε</span> <span class='ocrx_word' id='word_1_275' title='bbox 3672 2075 3730 2128; x_wconf 71' lang='grc' dir='ltr'>τὰ</span> <span class='ocrx_word' id='word_1_276' title='bbox 3761 2077 3841 2139; x_wconf 76' lang='grc' dir='ltr'><strong>τῆς</strong></span> 
     </span>
    </p>
   </div>
   <div class='ocr_carea' id='block_1_39' title="bbox 479 2162 2072 2247">
    <p class='ocr_par' dir='ltr' id='par_1_39' title="bbox 479 2173 2067 2247">
     <span class='ocr_line' id='line_1_39' title="bbox 479 2173 2067 2247; baseline 0 -15"><span class='ocrx_word' id='word_1_277' title='bbox 479 2175 622 2232; x_wconf 93' lang='lat' dir='ltr'><strong>dum</strong></span> <span class='ocrx_word' id='word_1_278' title='bbox 651 2173 882 2247; x_wconf 89' lang='lat' dir='ltr'><strong>imperii</strong></span> <span class='ocrx_word' id='word_1_279' title='bbox 911 2173 1143 2232; x_wconf 87' lang='lat' dir='ltr'><strong>clavum</strong></span> <span class='ocrx_word' id='word_1_280' title='bbox 1169 2177 1507 2233; x_wconf 88' lang='lat' dir='ltr'><strong>moderatus</strong></span> <span class='ocrx_word' id='word_1_281' title='bbox 1539 2179 1650 2244; x_wconf 89' lang='lat' dir='ltr'><strong>est,</strong></span> <span class='ocrx_word' id='word_1_282' title='bbox 1683 2177 1936 2233; x_wconf 89' lang='lat' dir='ltr'><strong>subditis</strong></span> <span class='ocrx_word' id='word_1_283' title='bbox 1953 2175 2067 2232; x_wconf 79' lang='lat' dir='ltr'><strong>etia</strong></span> 
     </span>
    </p>
   </div>
   <div class='ocr_carea' id='block_1_40' title="bbox 2250 2162 3843 2247">
    <p class='ocr_par' dir='ltr' id='par_1_40' title="bbox 2250 2162 3843 2242">
     <span class='ocr_line' id='line_1_40' title="bbox 2250 2162 3843 2242; baseline -0.004 -21"><span class='ocrx_word' id='word_1_284' title='bbox 2250 2163 2521 2230; x_wconf 68' lang='grc' dir='ltr'>Βασιλείας</span> <span class='ocrx_word' id='word_1_285' title='bbox 2561 2166 2858 2242; x_wconf 84' lang='grc' dir='ltr'>πράγματα</span> <span class='ocrx_word' id='word_1_286' title='bbox 2914 2167 3005 2221; x_wconf 84' lang='grc' dir='ltr'><strong>καὶ</strong></span> <span class='ocrx_word' id='word_1_287' title='bbox 3055 2171 3172 2229; x_wconf 88' lang='grc' dir='ltr'>τοῖς</span> <span class='ocrx_word' id='word_1_288' title='bbox 3221 2164 3492 2238; x_wconf 81' lang='grc' dir='ltr'>ὑπηκόοις</span> <span class='ocrx_word' id='word_1_289' title='bbox 3537 2162 3843 2233; x_wconf 77' lang='grc' dir='ltr'>καθηκόντως</span> 
     </span>
    </p>
   </div>
   <div class='ocr_carea' id='block_1_41' title="bbox 476 2255 2069 2340">
    <p class='ocr_par' dir='ltr' id='par_1_41' title="bbox 476 2265 2069 2340">
     <span class='ocr_line' id='line_1_41' title="bbox 476 2265 2069 2340; baseline 0 -18"><span class='ocrx_word' id='word_1_290' title='bbox 476 2265 776 2323; x_wconf 83' lang='lat' dir='ltr'><strong>moderate</strong></span> <span class='ocrx_word' id='word_1_291' title='bbox 789 2269 922 2322; x_wconf 85' lang='lat' dir='ltr'><strong>etut</strong></span> <span class='ocrx_word' id='word_1_292' title='bbox 935 2283 1043 2338; x_wconf 87' lang='lat' dir='ltr'><strong>par</strong></span> <span class='ocrx_word' id='word_1_293' title='bbox 1058 2269 1184 2324; x_wconf 88' lang='lat' dir='ltr'><strong>erat</strong></span> <span class='ocrx_word' id='word_1_294' title='bbox 1201 2283 1346 2323; x_wconf 91' lang='lat' dir='ltr'><strong>usus</strong></span> <span class='ocrx_word' id='word_1_295' title='bbox 1364 2268 1667 2340; x_wconf 87' lang='lat' dir='ltr'><strong>;deinceps</strong></span> <span class='ocrx_word' id='word_1_296' title='bbox 1679 2268 2069 2340; x_wconf 89' lang='lat' dir='ltr'><strong>postbiennur</strong></span> 
     </span>
    </p>
   </div>
   <div class='ocr_carea' id='block_1_42' title="bbox 2256 2255 3849 2340">
    <p class='ocr_par' dir='ltr' id='par_1_42' title="bbox 2256 2255 3849 2334">
     <span class='ocr_line' id='line_1_42' title="bbox 2256 2255 3849 2334; baseline -0.002 -22"><span class='ocrx_word' id='word_1_297' title='bbox 2256 2257 2526 2332; x_wconf 80' lang='grc' dir='ltr'>κέχρητο,</span> <span class='ocrx_word' id='word_1_298' title='bbox 2555 2257 2772 2334; x_wconf 72' lang='grc' dir='ltr'>ὕστερον</span> <span class='ocrx_word' id='word_1_299' title='bbox 2803 2255 2860 2312; x_wconf 70' lang='grc' dir='ltr'>δὲ</span> <span class='ocrx_word' id='word_1_300' title='bbox 2912 2258 3050 2332; x_wconf 83' lang='grc' dir='ltr'>μετᾶ</span> <span class='ocrx_word' id='word_1_301' title='bbox 3107 2255 3202 2314; x_wconf 89' lang='grc' dir='ltr'><strong>δύο</strong></span> <span class='ocrx_word' id='word_1_302' title='bbox 3255 2259 3496 2334; x_wconf 80' lang='grc' dir='ltr'>χρόνους</span> <span class='ocrx_word' id='word_1_303' title='bbox 3545 2255 3722 2317; x_wconf 82' lang='grc' dir='ltr'>ἐκστὰς</span> <span class='ocrx_word' id='word_1_304' title='bbox 3766 2259 3849 2322; x_wconf 81' lang='grc' dir='ltr'>τῆς</span> 
     </span>
    </p>
   </div>
   <div class='ocr_carea' id='block_1_43' title="bbox 473 2342 2066 2431">
    <p class='ocr_par' dir='ltr' id='par_1_43' title="bbox 473 2355 2060 2431">
     <span class='ocr_line' id='line_1_43' title="bbox 473 2355 2060 2431; baseline 0.001 -19"><span class='ocrx_word' id='word_1_305' title='bbox 473 2359 543 2412; x_wconf 90' lang='lat' dir='ltr'><strong>ut</strong></span> <span class='ocrx_word' id='word_1_306' title='bbox 571 2355 726 2430; x_wconf 88' lang='lat' dir='ltr'><strong>patri</strong></span> <span class='ocrx_word' id='word_1_307' title='bbox 756 2356 1070 2425; x_wconf 90' lang='lat' dir='ltr'><strong>acciderat,</strong></span> <span class='ocrx_word' id='word_1_308' title='bbox 1091 2361 1292 2413; x_wconf 89' lang='lat' dir='ltr'><strong>tantus</strong></span> <span class='ocrx_word' id='word_1_309' title='bbox 1325 2357 1422 2414; x_wconf 73' lang='lat'><strong>21</strong></span> <span class='ocrx_word' id='word_1_310' title='bbox 1471 2359 1634 2414; x_wconf 84' lang='lat' dir='ltr'><strong>furor</strong></span> <span class='ocrx_word' id='word_1_311' title='bbox 1657 2373 1725 2414; x_wconf 86' lang='lat' dir='ltr'><strong>ac</strong></span> <span class='ocrx_word' id='word_1_312' title='bbox 1756 2362 1964 2431; x_wconf 82' lang='lat' dir='ltr'><strong>stupor</strong></span> <span class='ocrx_word' id='word_1_313' title='bbox 1991 2375 2060 2414; x_wconf 89' lang='lat' dir='ltr'><strong>eu</strong></span> 
     </span>
    </p>
   </div>
   <div class='ocr_carea' id='block_1_44' title="bbox 2255 2342 3848 2431">
    <p class='ocr_par' dir='ltr' id='par_1_44' title="bbox 2255 2342 3848 2427">
     <span class='ocr_line' id='line_1_44' title="bbox 2255 2342 3848 2427; baseline -0.003 -26"><span class='ocrx_word' id='word_1_314' title='bbox 2255 2347 2581 2423; x_wconf 75' lang='grc' dir='ltr'>ὶνθρωπίνης</span> <span class='ocrx_word' id='word_1_315' title='bbox 2639 2349 2952 2427; x_wconf 67' lang='grc' dir='ltr'>φρονήσεως</span> <span class='ocrx_word' id='word_1_316' title='bbox 3013 2348 3148 2403; x_wconf 85' lang='grc' dir='ltr'>κατᾶ</span> <span class='ocrx_word' id='word_1_317' title='bbox 3212 2347 3451 2422; x_wconf 79' lang='grc' dir='ltr'>μίμησιν</span> <span class='ocrx_word' id='word_1_318' title='bbox 3532 2349 3626 2401; x_wconf 90' lang='grc' dir='ltr'><strong>τοῦ</strong></span> <span class='ocrx_word' id='word_1_319' title='bbox 3678 2342 3848 2418; x_wconf 78' lang='grc' dir='ltr'>πατρὸς</span> 
     </span>
    </p>
   </div>
   <div class='ocr_carea' id='block_1_45' title="bbox 471 2431 2064 2520">
    <p class='ocr_par' dir='ltr' id='par_1_45' title="bbox 471 2443 2064 2520">
     <span class='ocr_line' id='line_1_45' title="bbox 471 2443 2064 2520; baseline -0.002 -20"><span class='ocrx_word' id='word_1_320' title='bbox 471 2443 784 2513; x_wconf 87' lang='lat' dir='ltr'><strong>invasit,ut</strong></span> <span class='ocrx_word' id='word_1_321' title='bbox 799 2444 932 2502; x_wconf 90' lang='lat' dir='ltr'><strong>sein</strong></span> <span class='ocrx_word' id='word_1_322' title='bbox 949 2444 1190 2502; x_wconf 89' lang='lat' dir='ltr'><strong>deorum</strong></span> <span class='ocrx_word' id='word_1_323' title='bbox 1215 2462 1523 2503; x_wconf 87' lang='lat' dir='ltr'><strong>numerum</strong></span> <span class='ocrx_word' id='word_1_324' title='bbox 1539 2447 2064 2520; x_wconf 61' lang='lat' dir='ltr'><strong>referretstatuasqi</strong></span> 
     </span>
    </p>
   </div>
   <div class='ocr_carea' id='block_1_46' title="bbox 2256 2431 3849 2520">
    <p class='ocr_par' dir='ltr' id='par_1_46' title="bbox 2256 2431 3849 2512">
     <span class='ocr_line' id='line_1_46' title="bbox 2256 2431 3849 2512; baseline -0.002 -24"><span class='ocrx_word' id='word_1_325' title='bbox 2256 2437 2424 2492; x_wconf 85' lang='grc' dir='ltr'>,αυτὸν</span> <span class='ocrx_word' id='word_1_326' title='bbox 2457 2435 2730 2502; x_wconf 72' lang='grc' dir='ltr'>ἀπεθέωσε</span> <span class='ocrx_word' id='word_1_327' title='bbox 2773 2437 2862 2492; x_wconf 84' lang='grc' dir='ltr'><strong>καὶ</strong></span> <span class='ocrx_word' id='word_1_328' title='bbox 2917 2434 3242 2512; x_wconf 70' lang='grc' dir='ltr'>ἀνδριάντας</span> <span class='ocrx_word' id='word_1_329' title='bbox 3294 2435 3494 2493; x_wconf 73' lang='grc' dir='ltr'>ἑαυτοῦ</span> <span class='ocrx_word' id='word_1_330' title='bbox 3543 2435 3673 2490; x_wconf 81' lang='grc' dir='ltr'><strong>κατὰ</strong></span> <span class='ocrx_word' id='word_1_331' title='bbox 3715 2431 3849 2487; x_wconf 82' lang='grc' dir='ltr'>πόλιν</span> 
     </span>
    </p>
   </div>
   <div class='ocr_carea' id='block_1_47' title="bbox 475 2519 2068 2608">
    <p class='ocr_par' dir='ltr' id='par_1_47' title="bbox 475 2519 2060 2608">
     <span class='ocr_line' id='line_1_47' title="bbox 475 2519 2060 2608; baseline -0.002 -16"><span class='ocrx_word' id='word_1_332' title='bbox 475 2533 587 2592; x_wconf 84' lang='lat' dir='ltr'><strong>sibi</strong></span> <span class='ocrx_word' id='word_1_333' title='bbox 620 2549 724 2605; x_wconf 91' lang='lat' dir='ltr'><strong>per</strong></span> <span class='ocrx_word' id='word_1_334' title='bbox 751 2534 1018 2607; x_wconf 86' lang='lat' dir='ltr'><strong>singulas</strong></span> <span class='ocrx_word' id='word_1_335' title='bbox 1048 2534 1315 2592; x_wconf 84' lang='lat' dir='ltr'><strong>civitates</strong></span> <span class='ocrx_word' id='word_1_336' title='bbox 1341 2534 1399 2591; x_wconf 90' lang='lat' dir='ltr'><strong>in</strong></span> <span class='ocrx_word' id='word_1_337' title='bbox 1432 2535 1670 2608; x_wconf 83' lang='lat' dir='ltr'><strong>templis</strong></span> <span class='ocrx_word' id='word_1_338' title='bbox 1702 2519 2060 2608; x_wconf 81' lang='lat' dir='ltr'><strong>erigeret.Eo</strong></span> 
     </span>
    </p>
   </div>
   <div class='ocr_carea' id='block_1_48' title="bbox 2260 2519 3853 2608">
    <p class='ocr_par' dir='ltr' id='par_1_48' title="bbox 2261 2519 3853 2599">
     <span class='ocr_line' id='line_1_48' title="bbox 2261 2519 3853 2599; baseline -0.004 -18"><span class='ocrx_word' id='word_1_339' title='bbox 2261 2549 2286 2581; x_wconf 94' lang='grc' dir='ltr'><strong>ν</strong></span> <span class='ocrx_word' id='word_1_340' title='bbox 2319 2531 2435 2588; x_wconf 90' lang='grc' dir='ltr'>τοῖς</span> <span class='ocrx_word' id='word_1_341' title='bbox 2481 2531 2632 2589; x_wconf 82' lang='grc' dir='ltr'>ναοῖς</span> <span class='ocrx_word' id='word_1_342' title='bbox 2679 2522 2919 2598; x_wconf 76' lang='grc' dir='ltr'>ἔστησεν.</span> <span class='ocrx_word' id='word_1_343' title='bbox 2973 2528 3071 2584; x_wconf 89' lang='grc' dir='ltr'>Ὃν</span> <span class='ocrx_word' id='word_1_344' title='bbox 3126 2528 3178 2582; x_wconf 76' lang='grc' dir='ltr'>οἱ</span> <span class='ocrx_word' id='word_1_345' title='bbox 3227 2531 3562 2599; x_wconf 79' lang='grc' dir='ltr'>στρατιῶται</span> <span class='ocrx_word' id='word_1_346' title='bbox 3607 2523 3656 2578; x_wconf 76' lang='grc' dir='ltr'><strong>ἐν</strong></span> <span class='ocrx_word' id='word_1_347' title='bbox 3710 2519 3853 2597; x_wconf 76' lang='grc' dir='ltr'>βαλα-</span> 
     </span>
    </p>
   </div>
   <div class='ocr_carea' id='block_1_49' title="bbox 475 2609 2068 2698">
    <p class='ocr_par' dir='ltr' id='par_1_49' title="bbox 475 2622 2061 2698">
     <span class='ocr_line' id='line_1_49' title="bbox 475 2622 2061 2698; baseline -0.001 -17"><span class='ocrx_word' id='word_1_348' title='bbox 475 2622 696 2681; x_wconf 83' lang='lat' dir='ltr'><strong>milites</strong></span> <span class='ocrx_word' id='word_1_349' title='bbox 727 2623 787 2680; x_wconf 89' lang='lat' dir='ltr'><strong>in</strong></span> <span class='ocrx_word' id='word_1_350' title='bbox 821 2623 1047 2696; x_wconf 85' lang='lat' dir='ltr'><strong>balneo,</strong></span> <span class='ocrx_word' id='word_1_351' title='bbox 1079 2641 1196 2698; x_wconf 90' lang='lat' dir='ltr'><strong>quo</strong></span> <span class='ocrx_word' id='word_1_352' title='bbox 1237 2624 1490 2682; x_wconf 86' lang='lat' dir='ltr'><strong>lavatum</strong></span> <span class='ocrx_word' id='word_1_353' title='bbox 1520 2625 1764 2696; x_wconf 88' lang='lat' dir='ltr'><strong>abierat,</strong></span> <span class='ocrx_word' id='word_1_354' title='bbox 1818 2625 2061 2682; x_wconf 90' lang='lat' dir='ltr'><strong>obtrunc</strong></span> 
     </span>
    </p>
   </div>
   <div class='ocr_carea' id='block_1_50' title="bbox 2262 2609 3855 2698">
    <p class='ocr_par' dir='ltr' id='par_1_50' title="bbox 2266 2609 3855 2692">
     <span class='ocr_line' id='line_1_50' title="bbox 2266 2609 3855 2692; baseline -0.006 -20"><span class='ocrx_word' id='word_1_355' title='bbox 2266 2616 2361 2689; x_wconf 87' lang='grc' dir='ltr'>είῳ</span> <span class='ocrx_word' id='word_1_356' title='bbox 2392 2611 2691 2689; x_wconf 72' lang='grc' dir='ltr'>λουόμενον</span> <span class='ocrx_word' id='word_1_357' title='bbox 2724 2614 3146 2692; x_wconf 85' lang='grc' dir='ltr'>διεχειρίσαντο,</span> <span class='ocrx_word' id='word_1_358' title='bbox 3201 2618 3277 2690; x_wconf 78' lang='grc' dir='ltr'>μὴ</span> <span class='ocrx_word' id='word_1_359' title='bbox 3344 2616 3597 2692; x_wconf 77' lang='grc' dir='ltr'>φέροντες</span> <span class='ocrx_word' id='word_1_360' title='bbox 3645 2613 3760 2688; x_wconf 78' lang='grc' dir='ltr'>ὁρᾷν</span> <span class='ocrx_word' id='word_1_361' title='bbox 3803 2609 3855 2663; x_wconf 76' lang='grc' dir='ltr'>τὰ</span> 
     </span>
    </p>
   </div>
   <div class='ocr_carea' id='block_1_51' title="bbox 475 2700 2068 2787">
    <p class='ocr_par' dir='ltr' id='par_1_51' title="bbox 475 2712 2068 2787">
     <span class='ocr_line' id='line_1_51' title="bbox 475 2712 2068 2787; baseline -0.001 -16"><span class='ocrx_word' id='word_1_362' title='bbox 475 2716 638 2782; x_wconf 87' lang='lat' dir='ltr'><strong>runt,</strong></span> <span class='ocrx_word' id='word_1_363' title='bbox 669 2729 805 2772; x_wconf 90' lang='lat' dir='ltr'><strong>cum</strong></span> <span class='ocrx_word' id='word_1_364' title='bbox 837 2712 1020 2787; x_wconf 76' lang='lat' dir='ltr'><strong>inquis</strong></span> <span class='ocrx_word' id='word_1_365' title='bbox 1053 2713 1240 2771; x_wconf 90' lang='lat' dir='ltr'><strong>oculis</strong></span> <span class='ocrx_word' id='word_1_366' title='bbox 1271 2716 1492 2771; x_wconf 88' lang='lat' dir='ltr'><strong>atrocia</strong></span> <span class='ocrx_word' id='word_1_367' title='bbox 1520 2713 1682 2771; x_wconf 90' lang='lat' dir='ltr'><strong>illius</strong></span> <span class='ocrx_word' id='word_1_368' title='bbox 1714 2713 2068 2787; x_wconf 85' lang='lat' dir='ltr'><strong>proﬂigatiss</strong></span> 
     </span>
    </p>
   </div>
   <div class='ocr_carea' id='block_1_52' title="bbox 2262 2700 3855 2787">
    <p class='ocr_par' dir='ltr' id='par_1_52' title="bbox 2262 2700 3855 2786">
     <span class='ocr_line' id='line_1_52' title="bbox 2262 2700 3855 2786; baseline -0.004 -24"><span class='ocrx_word' id='word_1_369' title='bbox 2262 2708 2340 2762; x_wconf 69' lang='grc' dir='ltr'><strong>υπὸ</strong></span> <span class='ocrx_word' id='word_1_370' title='bbox 2443 2708 2609 2764; x_wconf 81' lang='grc' dir='ltr'>αὐτοῦ</span> <span class='ocrx_word' id='word_1_371' title='bbox 2683 2707 3094 2786; x_wconf 87' lang='grc' dir='ltr'>παναισχίστως</span> <span class='ocrx_word' id='word_1_372' title='bbox 3171 2706 3546 2783; x_wconf 84' lang='grc' dir='ltr'>αραττόμενα.</span> <span class='ocrx_word' id='word_1_373' title='bbox 3638 2705 3744 2780; x_wconf 83' lang='grc' dir='ltr'><strong>Ἐφ’</strong></span> <span class='ocrx_word' id='word_1_374' title='bbox 3807 2700 3855 2756; x_wconf 76' lang='grc' dir='ltr'>οὗ</span> 
     </span>
    </p>
   </div>
   <div class='ocr_carea' id='block_1_53' title="bbox 481 2789 2074 2876">
    <p class='ocr_par' dir='ltr' id='par_1_53' title="bbox 481 2801 2074 2876">
     <span class='ocr_line' id='line_1_53' title="bbox 481 2801 2074 2876; baseline -0.001 -18"><span class='ocrx_word' id='word_1_375' title='bbox 481 2816 696 2874; x_wconf 89' lang='lat' dir='ltr'><strong>maque</strong></span> <span class='ocrx_word' id='word_1_376' title='bbox 744 2801 898 2859; x_wconf 77' lang='lat' dir='ltr'><strong>facta</strong></span> <span class='ocrx_word' id='word_1_377' title='bbox 926 2801 1189 2860; x_wconf 90' lang='lat' dir='ltr'><strong>contueri</strong></span> <span class='ocrx_word' id='word_1_378' title='bbox 1234 2819 1352 2860; x_wconf 90' lang='lat' dir='ltr'><strong>non</strong></span> <span class='ocrx_word' id='word_1_379' title='bbox 1381 2809 1643 2876; x_wconf 86' lang='lat' dir='ltr'><strong>possent.</strong></span> <span class='ocrx_word' id='word_1_380' title='bbox 1675 2802 1796 2858; x_wconf 89' lang='lat' dir='ltr'><strong>Sub</strong></span> <span class='ocrx_word' id='word_1_381' title='bbox 1844 2818 1911 2859; x_wconf 90' lang='lat' dir='ltr'><strong>eo</strong></span> <span class='ocrx_word' id='word_1_382' title='bbox 1937 2801 2074 2858; x_wconf 73' lang='lat' dir='ltr'><strong>Tbei</strong></span> 
     </span>
    </p>
   </div>
   <div class='ocr_carea' id='block_1_54' title="bbox 2264 2789 3857 2876">
    <p class='ocr_par' dir='ltr' id='par_1_54' title="bbox 2264 2789 3857 2871">
     <span class='ocr_line' id='line_1_54' title="bbox 2264 2789 3857 2871; baseline -0.003 -21"><span class='ocrx_word' id='word_1_383' title='bbox 2264 2793 2436 2859; x_wconf 66' lang='lat' dir='ltr'><strong>tsoSic</strong></span> <span class='ocrx_word' id='word_1_384' title='bbox 2512 2797 2540 2852; x_wconf 97' lang='lat'><strong>6</strong></span> <span class='ocrx_word' id='word_1_385' title='bbox 2616 2797 2668 2852; x_wconf 89' lang='grc' dir='ltr'><strong>έν</strong></span> <span class='ocrx_word' id='word_1_386' title='bbox 2743 2803 2864 2861; x_wconf 82' lang='grc' dir='ltr'>ταῖς</span> <span class='ocrx_word' id='word_1_387' title='bbox 2939 2797 3166 2871; x_wconf 76' lang='grc' dir='ltr'>[Ιράξεσι</span> <span class='ocrx_word' id='word_1_388' title='bbox 3247 2797 3728 2870; x_wconf 81' lang='grc' dir='ltr'>μνημονευόμενος</span> <span class='ocrx_word' id='word_1_389' title='bbox 3783 2789 3857 2847; x_wconf 78' lang='grc' dir='ltr'>τὸν</span> 
     </span>
    </p>
   </div>
   <div class='ocr_carea' id='block_1_55' title="bbox 479 2883 2072 2964">
    <p class='ocr_par' dir='ltr' id='par_1_55' title="bbox 479 2889 2064 2964">
     <span class='ocr_line' id='line_1_55' title="bbox 479 2889 2064 2964; baseline 0.001 -19"><span class='ocrx_word' id='word_1_390' title='bbox 479 2889 611 2960; x_wconf 89' lang='lat' dir='ltr'><strong>das,</strong></span> <span class='ocrx_word' id='word_1_391' title='bbox 640 2889 812 2961; x_wconf 89' lang='lat' dir='ltr'><strong>cujus</strong></span> <span class='ocrx_word' id='word_1_392' title='bbox 842 2890 1062 2946; x_wconf 88' lang='lat' dir='ltr'><strong>mentio</strong></span> <span class='ocrx_word' id='word_1_393' title='bbox 1091 2893 1182 2947; x_wconf 88' lang='lat' dir='ltr'><strong>est</strong></span> <span class='ocrx_word' id='word_1_394' title='bbox 1204 2890 1266 2946; x_wconf 93' lang='lat' dir='ltr'><strong>in</strong></span> <span class='ocrx_word' id='word_1_395' title='bbox 1287 2891 1531 2948; x_wconf 89' lang='lat' dir='ltr'><strong>Actibus</strong></span> <span class='ocrx_word' id='word_1_396' title='bbox 1556 2889 2064 2964; x_wconf 85' lang='lat' dir='ltr'><strong>apostolorum,cu</strong></span> 
     </span>
    </p>
   </div>
   <div class='ocr_carea' id='block_1_56' title="bbox 2269 2883 3862 2964">
    <p class='ocr_par' dir='ltr' id='par_1_56' title="bbox 2269 2883 3862 2962">
     <span class='ocr_line' id='line_1_56' title="bbox 2269 2883 3862 2962; baseline 0 -22"><span class='ocrx_word' id='word_1_397' title='bbox 2269 2883 2510 2961; x_wconf 70' lang='grc' dir='ltr'>ῐορδάνην</span> <span class='ocrx_word' id='word_1_398' title='bbox 2569 2891 2755 2961; x_wconf 84' lang='grc' dir='ltr'>τεμεῖν</span> <span class='ocrx_word' id='word_1_399' title='bbox 2813 2883 3274 2962; x_wconf 77' lang='grc' dir='ltr'>ἐπαγγειλάμενος</span> <span class='ocrx_word' id='word_1_400' title='bbox 3342 2885 3436 2941; x_wconf 82' lang='grc' dir='ltr'><strong>καὶ</strong></span> <span class='ocrx_word' id='word_1_401' title='bbox 3524 2883 3862 2957; x_wconf 73' lang='grc' dir='ltr'>διαμαρτήσας</span> 
     </span>
    </p>
   </div>
   <div class='ocr_carea' id='block_1_57' title="bbox 480 2969 2073 3052">
    <p class='ocr_par' dir='ltr' id='par_1_57' title="bbox 480 2977 2073 3051">
     <span class='ocr_line' id='line_1_57' title="bbox 480 2977 2073 3051; baseline 0.001 -16"><span class='ocrx_word' id='word_1_402' title='bbox 480 2993 612 3035; x_wconf 88' lang='lat' dir='ltr'><strong>sese</strong></span> <span class='ocrx_word' id='word_1_403' title='bbox 643 2977 972 3036; x_wconf 84' lang='lat' dir='ltr'><strong>divisurum</strong></span> <span class='ocrx_word' id='word_1_404' title='bbox 1010 2978 1328 3036; x_wconf 86' lang='lat' dir='ltr'><strong>Jordanem</strong></span> <span class='ocrx_word' id='word_1_405' title='bbox 1353 2980 1639 3051; x_wconf 89' lang='lat' dir='ltr'><strong>jactasset</strong></span> <span class='ocrx_word' id='word_1_406' title='bbox 1668 2995 1774 3037; x_wconf 90' lang='lat' dir='ltr'><strong>nec</strong></span> <span class='ocrx_word' id='word_1_407' title='bbox 1803 2981 1985 3036; x_wconf 83' lang='lat' dir='ltr'><strong>exitus</strong></span> <span class='ocrx_word' id='word_1_408' title='bbox 2015 2996 2073 3036; x_wconf 86' lang='lat' dir='ltr'><strong>ve</strong></span> 
     </span>
    </p>
   </div>
   <div class='ocr_carea' id='block_1_58' title="bbox 2270 2969 3863 3052">
    <p class='ocr_par' dir='ltr' id='par_1_58' title="bbox 2272 2969 3863 3052">
     <span class='ocr_line' id='line_1_58' title="bbox 2272 2969 3863 3052; baseline -0.003 -24"><span class='ocrx_word' id='word_1_409' title='bbox 2272 2977 2498 3052; x_wconf 72' lang='grc' dir='ltr'>νῃρέθη,</span> <span class='ocrx_word' id='word_1_410' title='bbox 2531 2975 2621 3031; x_wconf 83' lang='grc' dir='ltr'><strong>καὶ</strong></span> <span class='ocrx_word' id='word_1_411' title='bbox 2654 2977 2681 3030; x_wconf 90' lang='lat'><strong>6</strong></span> <span class='ocrx_word' id='word_1_412' title='bbox 2712 2974 2916 3052; x_wconf 88' lang='grc' dir='ltr'>πύργος</span> <span class='ocrx_word' id='word_1_413' title='bbox 2957 2979 3054 3031; x_wconf 89' lang='grc' dir='ltr'><strong>τοῦ</strong></span> <span class='ocrx_word' id='word_1_414' title='bbox 3108 2973 3355 3050; x_wconf 74' lang='grc' dir='ltr'>Σιλωάμ</span> <span class='ocrx_word' id='word_1_415' title='bbox 3405 2973 3590 3030; x_wconf 82' lang='grc' dir='ltr'>ἔπεσεν</span> <span class='ocrx_word' id='word_1_416' title='bbox 3637 2971 3718 3028; x_wconf 83' lang='grc' dir='ltr'><strong>ἐπὶ</strong></span> <span class='ocrx_word' id='word_1_417' title='bbox 3757 2969 3863 3024; x_wconf 65' lang='grc' dir='ltr'>τοὺς</span> 
     </span>
    </p>
   </div>
   <div class='ocr_carea' id='block_1_59' title="bbox 479 3057 2072 3142">
    <p class='ocr_par' dir='ltr' id='par_1_59' title="bbox 479 3067 2066 3140">
     <span class='ocr_line' id='line_1_59' title="bbox 479 3067 2066 3140; baseline -0.001 -15"><span class='ocrx_word' id='word_1_418' title='bbox 479 3068 574 3126; x_wconf 86' lang='lat' dir='ltr'><strong>bis</strong></span> <span class='ocrx_word' id='word_1_419' title='bbox 602 3067 927 3140; x_wconf 84' lang='lat' dir='ltr'><strong>accederet,</strong></span> <span class='ocrx_word' id='word_1_420' title='bbox 959 3067 1304 3126; x_wconf 83' lang='lat' dir='ltr'><strong>interfectus</strong></span> <span class='ocrx_word' id='word_1_421' title='bbox 1334 3072 1441 3126; x_wconf 88' lang='lat' dir='ltr'><strong>est.</strong></span> <span class='ocrx_word' id='word_1_422' title='bbox 1475 3069 1636 3126; x_wconf 88' lang='lat' dir='ltr'><strong>Tunc</strong></span> <span class='ocrx_word' id='word_1_423' title='bbox 1657 3077 1710 3126; x_wconf 90' lang='lat' dir='ltr'><strong>et</strong></span> <span class='ocrx_word' id='word_1_424' title='bbox 1741 3069 1977 3126; x_wconf 85' lang='lat' dir='ltr'><strong>Siloami</strong></span> <span class='ocrx_word' id='word_1_425' title='bbox 2006 3073 2066 3125; x_wconf 90' lang='lat' dir='ltr'><strong>tu</strong></span> 
     </span>
    </p>
   </div>
   <div class='ocr_carea' id='block_1_60' title="bbox 2274 3057 3867 3142">
    <p class='ocr_par' dir='ltr' id='par_1_60' title="bbox 2274 3057 3867 3142">
     <span class='ocr_line' id='line_1_60' title="bbox 2274 3057 3867 3142; baseline -0.021 3"><span class='ocrx_word' id='word_1_426' title='bbox 2274 3065 2313 3136; x_wconf 55' lang='grc' dir='ltr'><strong>η’</strong></span> <span class='ocrx_word' id='word_1_427' title='bbox 2361 3062 2580 3140; x_wconf 61' lang='grc' dir='ltr'><strong>ἄνδρας,</strong></span> <span class='ocrx_word' id='word_1_428' title='bbox 2636 3063 2727 3119; x_wconf 68' lang='grc' dir='ltr'>καί</span> <span class='ocrx_word' id='word_1_429' title='bbox 2781 3062 3054 3142; x_wconf 74' lang='grc' dir='ltr'><strong>Στέφανος</strong></span> <span class='ocrx_word' id='word_1_430' title='bbox 3112 3063 3140 3119; x_wconf 80' lang='grc' dir='ltr'><strong>ὁ</strong></span> <span class='ocrx_word' id='word_1_431' title='bbox 3193 3066 3608 3140; x_wconf 83' lang='grc' dir='ltr'>πρωτομάρτυς</span> <span class='ocrx_word' id='word_1_432' title='bbox 3662 3057 3867 3134; x_wconf 82' lang='grc' dir='ltr'>ἐμαρτύ-</span> 
     </span>
    </p>
   </div>
   <div class='ocr_carea' id='block_1_61' title="bbox 479 3146 2072 3232">
    <p class='ocr_par' dir='ltr' id='par_1_61' title="bbox 479 3156 2072 3232">
     <span class='ocr_line' id='line_1_61' title="bbox 479 3156 2072 3232; baseline 0 -18"><span class='ocrx_word' id='word_1_433' title='bbox 479 3158 563 3214; x_wconf 88' lang='lat' dir='ltr'><strong>ris</strong></span> <span class='ocrx_word' id='word_1_434' title='bbox 593 3173 706 3214; x_wconf 92' lang='lat' dir='ltr'><strong>sua</strong></span> <span class='ocrx_word' id='word_1_435' title='bbox 725 3156 897 3214; x_wconf 86' lang='lat' dir='ltr'><strong>ruina</strong></span> <span class='ocrx_word' id='word_1_436' title='bbox 917 3157 1238 3216; x_wconf 89' lang='lat' dir='ltr'><strong>octodecim</strong></span> <span class='ocrx_word' id='word_1_437' title='bbox 1269 3157 1424 3215; x_wconf 91' lang='lat' dir='ltr'><strong>viros</strong></span> <span class='ocrx_word' id='word_1_438' title='bbox 1455 3161 1766 3232; x_wconf 88' lang='lat' dir='ltr'><strong>oppressit.</strong></span> <span class='ocrx_word' id='word_1_439' title='bbox 1799 3159 2072 3231; x_wconf 74' lang='lat' dir='ltr'><strong>Stephani</strong></span> 
     </span>
    </p>
   </div>
   <div class='ocr_carea' id='block_1_62' title="bbox 2273 3146 3866 3232">
    <p class='ocr_par' dir='ltr' id='par_1_62' title="bbox 2277 3146 3866 3224">
     <span class='ocr_line' id='line_1_62' title="bbox 2277 3146 3866 3224; baseline -0.003 -17"><span class='ocrx_word' id='word_1_440' title='bbox 2277 3173 2396 3224; x_wconf 88' lang='grc' dir='ltr'>ησε,</span> <span class='ocrx_word' id='word_1_441' title='bbox 2442 3155 2533 3208; x_wconf 82' lang='grc' dir='ltr'><strong>καὶ</strong></span> <span class='ocrx_word' id='word_1_442' title='bbox 2586 3153 2800 3216; x_wconf 86' lang='grc' dir='ltr'>Παῦλος</span> <span class='ocrx_word' id='word_1_443' title='bbox 2859 3151 3158 3224; x_wconf 80' lang='grc' dir='ltr'>ἐπίστευσε,</span> <span class='ocrx_word' id='word_1_444' title='bbox 3225 3154 3322 3208; x_wconf 82' lang='grc' dir='ltr'><strong>καὶ</strong></span> <span class='ocrx_word' id='word_1_445' title='bbox 3393 3154 3584 3210; x_wconf 82' lang='grc' dir='ltr'>Φίλων</span> <span class='ocrx_word' id='word_1_446' title='bbox 3634 3151 3718 3207; x_wconf 80' lang='grc' dir='ltr'><strong>καὶ</strong></span> <span class='ocrx_word' id='word_1_447' title='bbox 3766 3146 3866 3206; x_wconf 85' lang='grc' dir='ltr'><strong>Ἰώ-</strong></span> 
     </span>
    </p>
   </div>
   <div class='ocr_carea' id='block_1_63' title="bbox 477 3221 2070 3324">
    <p class='ocr_par' dir='ltr' id='par_1_63' title="bbox 477 3221 2062 3323">
     <span class='ocr_line' id='line_1_63' title="bbox 477 3221 2062 3323; baseline -0.002 -17"><span class='ocrx_word' id='word_1_448' title='bbox 477 3252 874 3323; x_wconf 77' lang='lat' dir='ltr'><strong>protomartyr</strong></span> <span class='ocrx_word' id='word_1_449' title='bbox 921 3249 1197 3322; x_wconf 80' lang='lat' dir='ltr'><strong>martyrio</strong></span> <span class='ocrx_word' id='word_1_450' title='bbox 1229 3249 1408 3306; x_wconf 90' lang='lat' dir='ltr'><strong>vitam</strong></span> <span class='ocrx_word' id='word_1_451' title='bbox 1442 3221 1656 3322; x_wconf 74' lang='lat' dir='ltr'><strong>posuit.</strong></span> <span class='ocrx_word' id='word_1_452' title='bbox 1689 3221 2062 3306; x_wconf 45' lang='lat' dir='ltr'><strong>Paulus.Cbri</strong></span> 
     </span>
    </p>
   </div>
   <div class='ocr_carea' id='block_1_64' title="bbox 1898 3221 3491 3324">
    <p class='ocr_par' dir='ltr' id='par_1_64' title="bbox 1898 3221 3491 3324">
     <span class='ocr_line' id='line_1_64' title="bbox 1898 3221 3491 3324; baseline 0.003 -27"><span class='ocrx_word' id='word_1_453' title='bbox 1898 3221 2130 3306; x_wconf 39' lang='lat' dir='ltr'><strong>[Chris-</strong></span> <span class='ocrx_word' id='word_1_454' title='bbox 2168 3221 2214 3286; x_wconf 58' lang='grc' dir='ltr'><strong>(ἶ</strong></span> <span class='ocrx_word' id='word_1_455' title='bbox 2243 3221 2420 3315; x_wconf 74' lang='grc' dir='ltr'>σηπος</span> <span class='ocrx_word' id='word_1_456' title='bbox 2449 3244 2501 3297; x_wconf 77' lang='grc' dir='ltr'>οἱ</span> <span class='ocrx_word' id='word_1_457' title='bbox 2534 3241 2586 3316; x_wconf 77' lang='grc' dir='ltr'>ἐξ</span> <span class='ocrx_word' id='word_1_458' title='bbox 2618 3239 2884 3318; x_wconf 75' lang='grc' dir='ltr'>Ἐϐραίων</span> <span class='ocrx_word' id='word_1_459' title='bbox 2915 3241 3074 3324; x_wconf 71' lang='grc' dir='ltr'>σοφοὶ</span> <span class='ocrx_word' id='word_1_460' title='bbox 3104 3221 3491 3320; x_wconf 82' lang='grc' dir='ltr'>ἐγνωρίζοντο.</span> 
     </span>
    </p>
   </div>
   <div class='ocr_carea' id='block_1_65' title="bbox 479 3336 2135 3412">
    <p class='ocr_par' dir='ltr' id='par_1_65' title="bbox 479 3336 2135 3412">
     <span class='ocr_line' id='line_1_65' title="bbox 479 3336 2135 3412; baseline -0.001 -16"><span class='ocrx_word' id='word_1_461' title='bbox 479 3338 694 3396; x_wconf 87' lang='lat' dir='ltr'><strong>tianam</strong></span> <span class='ocrx_word' id='word_1_462' title='bbox 724 3337 1066 3410; x_wconf 83' lang='lat' dir='ltr'><strong>religionem</strong></span> <span class='ocrx_word' id='word_1_463' title='bbox 1097 3336 1406 3410; x_wconf 88' lang='lat' dir='ltr'><strong>amplexus</strong></span> <span class='ocrx_word' id='word_1_464' title='bbox 1426 3343 1533 3395; x_wconf 90' lang='lat' dir='ltr'><strong>est.</strong></span> <span class='ocrx_word' id='word_1_465' title='bbox 1561 3336 1722 3394; x_wconf 86' lang='lat' dir='ltr'><strong>Philo</strong></span> <span class='ocrx_word' id='word_1_466' title='bbox 1757 3341 1816 3394; x_wconf 90' lang='lat' dir='ltr'><strong>et</strong></span> <span class='ocrx_word' id='word_1_467' title='bbox 1842 3337 2135 3412; x_wconf 89' lang='lat' dir='ltr'><strong>Josepbus</strong></span> 
     </span>
    </p>
   </div>
   <div class='ocr_carea' id='block_1_66' title="bbox 478 3425 1576 3485">
    <p class='ocr_par' dir='ltr' id='par_1_66' title="bbox 478 3425 1576 3485">
     <span class='ocr_line' id='line_1_66' title="bbox 478 3425 1576 3485; baseline 0.001 -2"><span class='ocrx_word' id='word_1_468' title='bbox 478 3425 703 3485; x_wconf 65' lang='grc' dir='ltr'>Ποῖ)τωί</span> <span class='ocrx_word' id='word_1_469' title='bbox 732 3425 980 3483; x_wconf 82' lang='lat' dir='ltr'><strong>scientia</strong></span> <span class='ocrx_word' id='word_1_470' title='bbox 1018 3425 1277 3483; x_wconf 88' lang='lat' dir='ltr'><strong>celebres</strong></span> <span class='ocrx_word' id='word_1_471' title='bbox 1308 3426 1576 3484; x_wconf 87' lang='lat' dir='ltr'><strong>ﬂoruere.</strong></span> 
     </span>
    </p>
   </div>
   <div class='ocr_carea' id='block_1_67' title="bbox 552 3522 2145 3608">
    <p class='ocr_par' dir='ltr' id='par_1_67' title="bbox 552 3522 2138 3598">
     <span class='ocr_line' id='line_1_67' title="bbox 552 3522 2138 3598; baseline 0 -16"><span class='ocrx_word' id='word_1_472' title='bbox 552 3524 692 3582; x_wconf 85' lang='lat' dir='ltr'><strong>Gaio</strong></span> <span class='ocrx_word' id='word_1_473' title='bbox 723 3522 1011 3582; x_wconf 88' lang='lat' dir='ltr'><strong>successit</strong></span> <span class='ocrx_word' id='word_1_474' title='bbox 1038 3523 1342 3592; x_wconf 88' lang='lat' dir='ltr'><strong>Claudius,</strong></span> <span class='ocrx_word' id='word_1_475' title='bbox 1363 3524 1671 3597; x_wconf 89' lang='lat' dir='ltr'><strong>tenuitque</strong></span> <span class='ocrx_word' id='word_1_476' title='bbox 1693 3523 2005 3598; x_wconf 88' lang='lat' dir='ltr'><strong>imperium</strong></span> <span class='ocrx_word' id='word_1_477' title='bbox 2038 3541 2138 3582; x_wconf 89' lang='lat' dir='ltr'><strong>an-</strong></span> 
     </span>
    </p>
   </div>
   <div class='ocr_carea' id='block_1_68' title="bbox 2280 3522 3873 3608">
    <p class='ocr_par' dir='ltr' id='par_1_68' title="bbox 2318 3523 3873 3608">
     <span class='ocr_line' id='line_1_68' title="bbox 2318 3523 3873 3608; baseline 0.007 -21"><span class='ocrx_word' id='word_1_478' title='bbox 2318 3529 2471 3588; x_wconf 80' lang='grc' dir='ltr'><strong>Μετᾶ</strong></span> <span class='ocrx_word' id='word_1_479' title='bbox 2501 3527 2561 3586; x_wconf 65' lang='grc' dir='ltr'><strong>δέ</strong></span> <span class='ocrx_word' id='word_1_480' title='bbox 2609 3531 2770 3586; x_wconf 79' lang='grc' dir='ltr'>Γάϊον</span> <span class='ocrx_word' id='word_1_481' title='bbox 2823 3523 3138 3588; x_wconf 82' lang='grc' dir='ltr'>ἐϐασίλευσε</span> <span class='ocrx_word' id='word_1_482' title='bbox 3186 3529 3482 3598; x_wconf 78' lang='grc' dir='ltr'>Κλαύδιος</span> <span class='ocrx_word' id='word_1_483' title='bbox 3537 3525 3628 3604; x_wconf 76' lang='grc' dir='ltr'>ἔτη</span> <span class='ocrx_word' id='word_1_484' title='bbox 3687 3529 3766 3608; x_wconf 55' lang='lat' dir='ltr'><strong>If,</strong></span> <span class='ocrx_word' id='word_1_485' title='bbox 3803 3525 3873 3606; x_wconf 59' lang='grc' dir='ltr'><strong>ἐφ’</strong></span> 
     </span>
    </p>
   </div>
   <div class='ocr_carea' id='block_1_69' title="bbox 481 3613 2074 3700">
    <p class='ocr_par' dir='ltr' id='par_1_69' title="bbox 481 3613 2074 3688">
     <span class='ocr_line' id='line_1_69' title="bbox 481 3613 2074 3688; baseline -0.002 -13"><span class='ocrx_word' id='word_1_486' title='bbox 481 3631 591 3675; x_wconf 91' lang='lat' dir='ltr'><strong>nos</strong></span> <span class='ocrx_word' id='word_1_487' title='bbox 647 3614 942 3672; x_wconf 89' lang='lat' dir='ltr'><strong>tredecim.</strong></span> <span class='ocrx_word' id='word_1_488' title='bbox 993 3613 1135 3685; x_wconf 87' lang='lat' dir='ltr'><strong>Ejus</strong></span> <span class='ocrx_word' id='word_1_489' title='bbox 1196 3613 1441 3686; x_wconf 89' lang='lat' dir='ltr'><strong>imperio</strong></span> <span class='ocrx_word' id='word_1_490' title='bbox 1498 3619 1728 3672; x_wconf 75' lang='lat' dir='ltr'><strong>Marcus</strong></span> <span class='ocrx_word' id='word_1_491' title='bbox 1785 3614 2074 3688; x_wconf 78' lang='lat' dir='ltr'><strong>evangelia</strong></span> 
     </span>
    </p>
   </div>
   <div class='ocr_carea' id='block_1_70' title="bbox 2286 3613 3879 3700">
    <p class='ocr_par' dir='ltr' id='par_1_70' title="bbox 2286 3619 3879 3700">
     <span class='ocr_line' id='line_1_70' title="bbox 2286 3619 3879 3700; baseline 0.002 -24"><span class='ocrx_word' id='word_1_492' title='bbox 2286 3620 2430 3676; x_wconf 71' lang='grc' dir='ltr'>ὕκαὶ</span> <span class='ocrx_word' id='word_1_493' title='bbox 2463 3619 2686 3696; x_wconf 87' lang='grc' dir='ltr'>Μάρκος</span> <span class='ocrx_word' id='word_1_494' title='bbox 2741 3620 2768 3675; x_wconf 91' lang='lat'><strong>6</strong></span> <span class='ocrx_word' id='word_1_495' title='bbox 2825 3619 3213 3697; x_wconf 79' lang='grc' dir='ltr'>εὐαγγελιστής</span> <span class='ocrx_word' id='word_1_496' title='bbox 3265 3619 3322 3678; x_wconf 78' lang='grc' dir='ltr'><strong>ἐν</strong></span> <span class='ocrx_word' id='word_1_497' title='bbox 3365 3621 3638 3700; x_wconf 87' lang='grc' dir='ltr'>Αίγύπτῷ</span> <span class='ocrx_word' id='word_1_498' title='bbox 3690 3623 3879 3694; x_wconf 84' lang='grc' dir='ltr'>πρῶτος</span> 
     </span>
    </p>
   </div>
   <div class='ocr_carea' id='block_1_71' title="bbox 484 3701 2077 3787">
    <p class='ocr_par' dir='ltr' id='par_1_71' title="bbox 484 3701 2077 3778">
     <span class='ocr_line' id='line_1_71' title="bbox 484 3701 2077 3778; baseline -0.002 -16"><span class='ocrx_word' id='word_1_499' title='bbox 484 3705 713 3778; x_wconf 85' lang='lat' dir='ltr'><strong>primus</strong></span> <span class='ocrx_word' id='word_1_500' title='bbox 742 3703 898 3776; x_wconf 87' lang='lat' dir='ltr'><strong>apud</strong></span> <span class='ocrx_word' id='word_1_501' title='bbox 953 3701 1255 3776; x_wconf 67' lang='lat' dir='ltr'><strong>Egyptios</strong></span> <span class='ocrx_word' id='word_1_502' title='bbox 1314 3701 1588 3760; x_wconf 83' lang='lat' dir='ltr'><strong>ecclesias</strong></span> <span class='ocrx_word' id='word_1_503' title='bbox 1631 3703 1830 3770; x_wconf 84' lang='lat' dir='ltr'><strong>erexit,</strong></span> <span class='ocrx_word' id='word_1_504' title='bbox 1862 3703 2077 3776; x_wconf 86' lang='lat' dir='ltr'><strong>pleran</strong></span> 
     </span>
    </p>
   </div>
   <div class='ocr_carea' id='block_1_72' title="bbox 2288 3701 3881 3787">
    <p class='ocr_par' dir='ltr' id='par_1_72' title="bbox 2288 3707 3881 3787">
     <span class='ocr_line' id='line_1_72' title="bbox 2288 3707 3881 3787; baseline -0.003 -20"><span class='ocrx_word' id='word_1_505' title='bbox 2288 3708 2572 3780; x_wconf 69' lang='grc' dir='ltr'>Βκκλησίαν</span> <span class='ocrx_word' id='word_1_506' title='bbox 2631 3709 2946 3784; x_wconf 76' lang='grc' dir='ltr'>πηξάμενος</span> <span class='ocrx_word' id='word_1_507' title='bbox 2998 3709 3186 3766; x_wconf 83' lang='grc' dir='ltr'>πολλᾶ</span> <span class='ocrx_word' id='word_1_508' title='bbox 3245 3717 3602 3787; x_wconf 77' lang='grc' dir='ltr'>μοναστήρια</span> <span class='ocrx_word' id='word_1_509' title='bbox 3657 3707 3881 3776; x_wconf 75' lang='grc' dir='ltr'>συνεστή-</span> 
     </span>
    </p>
   </div>
   <div class='ocr_carea' id='block_1_73' title="bbox 495 3793 2088 3878">
    <p class='ocr_par' dir='ltr' id='par_1_73' title="bbox 495 3793 2088 3865">
     <span class='ocr_line' id='line_1_73' title="bbox 495 3793 2088 3865; baseline -0.001 -14"><span class='ocrx_word' id='word_1_510' title='bbox 495 3795 641 3852; x_wconf 92' lang='lat' dir='ltr'><strong>item</strong></span> <span class='ocrx_word' id='word_1_511' title='bbox 697 3793 1061 3850; x_wconf 85' lang='lat' dir='ltr'><strong>monasteria</strong></span> <span class='ocrx_word' id='word_1_512' title='bbox 1100 3793 1390 3864; x_wconf 84' lang='lat' dir='ltr'><strong>fundavit,</strong></span> <span class='ocrx_word' id='word_1_513' title='bbox 1421 3809 1542 3865; x_wconf 74' lang='lat' dir='ltr'><strong>qua:</strong></span> <span class='ocrx_word' id='word_1_514' title='bbox 1573 3796 1788 3865; x_wconf 85' lang='grc' dir='ltr'>σεμνεῖα</span> <span class='ocrx_word' id='word_1_515' title='bbox 1818 3793 1938 3850; x_wconf 89' lang='lat' dir='ltr'><strong>sive</strong></span> <span class='ocrx_word' id='word_1_516' title='bbox 1963 3810 2088 3850; x_wconf 67' lang='lat' dir='ltr'><strong>veni</strong></span> 
     </span>
    </p>
   </div>
   <div class='ocr_carea' id='block_1_74' title="bbox 2290 3793 3883 3878">
    <p class='ocr_par' dir='ltr' id='par_1_74' title="bbox 2290 3796 3883 3878">
     <span class='ocr_line' id='line_1_74' title="bbox 2290 3796 3883 3878; baseline -0.004 -22"><span class='ocrx_word' id='word_1_517' title='bbox 2290 3821 2398 3869; x_wconf 78' lang='grc' dir='ltr'>κτο,</span> <span class='ocrx_word' id='word_1_518' title='bbox 2445 3801 2578 3874; x_wconf 80' lang='grc' dir='ltr'>ἅπερ</span> <span class='ocrx_word' id='word_1_519' title='bbox 2636 3804 2854 3872; x_wconf 87' lang='grc' dir='ltr'>σεμνεῖα</span> <span class='ocrx_word' id='word_1_520' title='bbox 2908 3800 3035 3856; x_wconf 86' lang='grc' dir='ltr'>τότε</span> <span class='ocrx_word' id='word_1_521' title='bbox 3089 3803 3648 3878; x_wconf 80' lang='grc' dir='ltr'>προσηγορεύθησαν,</span> <span class='ocrx_word' id='word_1_522' title='bbox 3702 3798 3785 3855; x_wconf 85' lang='grc' dir='ltr'><strong>καὶ</strong></span> <span class='ocrx_word' id='word_1_523' title='bbox 3832 3796 3883 3851; x_wconf 86' lang='grc' dir='ltr'>τὸ</span> 
     </span>
    </p>
   </div>
   <div class='ocr_carea' id='block_1_75' title="bbox 485 3882 2078 3965">
    <p class='ocr_par' dir='ltr' id='par_1_75' title="bbox 485 3882 2072 3956">
     <span class='ocr_line' id='line_1_75' title="bbox 485 3882 2072 3956; baseline -0.002 -14"><span class='ocrx_word' id='word_1_524' title='bbox 485 3884 698 3942; x_wconf 87' lang='lat' dir='ltr'><strong>rabilia</strong></span> <span class='ocrx_word' id='word_1_525' title='bbox 727 3883 885 3940; x_wconf 89' lang='lat' dir='ltr'><strong>dicta</strong></span> <span class='ocrx_word' id='word_1_526' title='bbox 910 3886 1073 3954; x_wconf 89' lang='lat' dir='ltr'><strong>sunt,</strong></span> <span class='ocrx_word' id='word_1_527' title='bbox 1108 3887 1546 3940; x_wconf 87' lang='lat' dir='ltr'><strong>sacrosanctum</strong></span> <span class='ocrx_word' id='word_1_528' title='bbox 1590 3884 1727 3940; x_wconf 89' lang='lat' dir='ltr'><strong>item</strong></span> <span class='ocrx_word' id='word_1_529' title='bbox 1757 3882 2072 3956; x_wconf 84' lang='lat' dir='ltr'><strong>Evangeliu</strong></span> 
     </span>
    </p>
   </div>
   <div class='ocr_carea' id='block_1_76' title="bbox 2292 3882 3885 3965">
    <p class='ocr_par' dir='ltr' id='par_1_76' title="bbox 2292 3883 3885 3965">
     <span class='ocr_line' id='line_1_76' title="bbox 2292 3883 3885 3965; baseline -0.001 -22"><span class='ocrx_word' id='word_1_530' title='bbox 2292 3909 2405 3965; x_wconf 79' lang='grc' dir='ltr'>γιον</span> <span class='ocrx_word' id='word_1_531' title='bbox 2437 3883 2779 3964; x_wconf 82' lang='grc' dir='ltr'>Εὐαγγέλιον</span> <span class='ocrx_word' id='word_1_532' title='bbox 2814 3889 3201 3964; x_wconf 77' lang='grc' dir='ltr'>συνεγράψατο,</span> <span class='ocrx_word' id='word_1_533' title='bbox 3247 3888 3342 3945; x_wconf 80' lang='grc' dir='ltr'><strong>καὶ</strong></span> <span class='ocrx_word' id='word_1_534' title='bbox 3375 3888 3466 3946; x_wconf 87' lang='grc' dir='ltr'>ἐπ’</span> <span class='ocrx_word' id='word_1_535' title='bbox 3513 3889 3682 3959; x_wconf 84' lang='grc' dir='ltr'>αὐτῆς</span> <span class='ocrx_word' id='word_1_536' title='bbox 3727 3883 3885 3954; x_wconf 77' lang='grc' dir='ltr'>Ἀλεξ-</span> 
     </span>
    </p>
   </div>
   <div class='ocr_carea' id='block_1_77' title="bbox 485 3971 2078 4055">
    <p class='ocr_par' dir='ltr' id='par_1_77' title="bbox 485 3971 2072 4046">
     <span class='ocr_line' id='line_1_77' title="bbox 485 3971 2072 4046; baseline -0.001 -14"><span class='ocrx_word' id='word_1_537' title='bbox 485 3971 724 4046; x_wconf 90' lang='lat' dir='ltr'><strong>scriptis</strong></span> <span class='ocrx_word' id='word_1_538' title='bbox 768 3971 1098 4044; x_wconf 81' lang='lat' dir='ltr'><strong>mandavit,</strong></span> <span class='ocrx_word' id='word_1_539' title='bbox 1157 3975 1215 4030; x_wconf 90' lang='lat' dir='ltr'><strong>et</strong></span> <span class='ocrx_word' id='word_1_540' title='bbox 1254 3971 1314 4028; x_wconf 90' lang='lat' dir='ltr'><strong>in</strong></span> <span class='ocrx_word' id='word_1_541' title='bbox 1347 3972 1478 4046; x_wconf 89' lang='lat' dir='ltr'><strong>ipsa</strong></span> <span class='ocrx_word' id='word_1_542' title='bbox 1505 3971 1852 4030; x_wconf 85' lang='lat' dir='ltr'><strong>Alexandria</strong></span> <span class='ocrx_word' id='word_1_543' title='bbox 1881 3972 2072 4044; x_wconf 85' lang='lat' dir='ltr'><strong>primu</strong></span> 
     </span>
    </p>
   </div>
   <div class='ocr_carea' id='block_1_78' title="bbox 1946 3971 3539 4055">
    <p class='ocr_par' dir='ltr' id='par_1_78' title="bbox 1946 3972 3539 4055">
     <span class='ocr_line' id='line_1_78' title="bbox 1946 3972 3539 4055; baseline 0.005 -26"><span class='ocrx_word' id='word_1_544' title='bbox 1946 3972 2136 4030; x_wconf 89' lang='lat' dir='ltr'><strong>imum</strong></span> <span class='ocrx_word' id='word_1_545' title='bbox 2247 3975 2494 4054; x_wconf 86' lang='grc' dir='ltr'>ανδρείας</span> <span class='ocrx_word' id='word_1_546' title='bbox 2526 3975 2854 4048; x_wconf 84' lang='grc' dir='ltr'>Ἐκκλησίαν</span> <span class='ocrx_word' id='word_1_547' title='bbox 2883 3981 3106 4055; x_wconf 79' lang='grc' dir='ltr'>πρῶτον</span> <span class='ocrx_word' id='word_1_548' title='bbox 3138 3981 3539 4052; x_wconf 71' lang='grc' dir='ltr'>συνεστήσατο.</span> 
     </span>
    </p>
   </div>
   <div class='ocr_carea' id='block_1_79' title="bbox 483 4060 1372 4132">
    <p class='ocr_par' dir='ltr' id='par_1_79' title="bbox 483 4060 1372 4132">
     <span class='ocr_line' id='line_1_79' title="bbox 483 4060 1372 4132; baseline 0 -12"><span class='ocrx_word' id='word_1_549' title='bbox 483 4060 757 4120; x_wconf 63' lang='lat' dir='ltr'><strong>Ecclesiae</strong></span> <span class='ocrx_word' id='word_1_550' title='bbox 786 4060 1170 4118; x_wconf 80' lang='lat' dir='ltr'><strong>fundamenta</strong></span> <span class='ocrx_word' id='word_1_551' title='bbox 1198 4061 1372 4132; x_wconf 87' lang='lat' dir='ltr'><strong>jecit.</strong></span> 
     </span>
    </p>
   </div>
   <div class='ocr_carea' id='block_1_80' title="bbox 557 4151 2150 4236">
    <p class='ocr_par' dir='ltr' id='par_1_80' title="bbox 557 4158 2138 4232">
     <span class='ocr_line' id='line_1_80' title="bbox 557 4158 2138 4232; baseline 0.001 -14"><span class='ocrx_word' id='word_1_552' title='bbox 557 4159 797 4220; x_wconf 86' lang='lat' dir='ltr'><strong>Claudio</strong></span> <span class='ocrx_word' id='word_1_553' title='bbox 819 4163 1047 4217; x_wconf 90' lang='lat' dir='ltr'><strong>mortuo</strong></span> <span class='ocrx_word' id='word_1_554' title='bbox 1071 4159 1130 4216; x_wconf 89' lang='lat' dir='ltr'><strong>in</strong></span> <span class='ocrx_word' id='word_1_555' title='bbox 1154 4158 1444 4217; x_wconf 90' lang='lat' dir='ltr'><strong>Neronem</strong></span> <span class='ocrx_word' id='word_1_556' title='bbox 1466 4159 1782 4232; x_wconf 88' lang='lat' dir='ltr'><strong>imperium</strong></span> <span class='ocrx_word' id='word_1_557' title='bbox 1801 4159 2138 4220; x_wconf 83' lang='lat' dir='ltr'><strong>devolutum</strong></span> 
     </span>
    </p>
   </div>
   <div class='ocr_carea' id='block_1_81' title="bbox 2298 4151 3891 4236">
    <p class='ocr_par' dir='ltr' id='par_1_81' title="bbox 2320 4151 3891 4236">
     <span class='ocr_line' id='line_1_81' title="bbox 2320 4151 3891 4236; baseline -0.004 -22"><span class='ocrx_word' id='word_1_558' title='bbox 2320 4157 2466 4214; x_wconf 84' lang='grc' dir='ltr'>Μετά</span> <span class='ocrx_word' id='word_1_559' title='bbox 2501 4153 2558 4212; x_wconf 74' lang='grc' dir='ltr'><strong>δέ</strong></span> <span class='ocrx_word' id='word_1_560' title='bbox 2606 4153 2878 4212; x_wconf 82' lang='grc' dir='ltr'>Κλαύδιον</span> <span class='ocrx_word' id='word_1_561' title='bbox 2929 4151 3244 4214; x_wconf 68' lang='grc' dir='ltr'>ἐϐασίλευσε</span> <span class='ocrx_word' id='word_1_562' title='bbox 3282 4158 3488 4236; x_wconf 83' lang='grc' dir='ltr'>Νέρων</span> <span class='ocrx_word' id='word_1_563' title='bbox 3520 4159 3550 4215; x_wconf 86' lang='lat'><strong>6</strong></span> <span class='ocrx_word' id='word_1_564' title='bbox 3581 4157 3697 4221; x_wconf 71' lang='grc' dir='ltr'>υἱὸς</span> <span class='ocrx_word' id='word_1_565' title='bbox 3745 4153 3891 4210; x_wconf 78' lang='grc' dir='ltr'>αὐτοῦ</span> 
     </span>
    </p>
   </div>
   <div class='ocr_carea' id='block_1_82' title="bbox 487 4243 2080 4326">
    <p class='ocr_par' dir='ltr' id='par_1_82' title="bbox 487 4249 2080 4326">
     <span class='ocr_line' id='line_1_82' title="bbox 487 4249 2080 4326; baseline -0.003 -16"><span class='ocrx_word' id='word_1_566' title='bbox 487 4257 595 4310; x_wconf 88' lang='lat' dir='ltr'><strong>est.</strong></span> <span class='ocrx_word' id='word_1_567' title='bbox 661 4249 894 4307; x_wconf 65' lang='lat' dir='ltr'><strong>Praefuit</strong></span> <span class='ocrx_word' id='word_1_568' title='bbox 923 4265 1110 4308; x_wconf 89' lang='lat' dir='ltr'><strong>annos</strong></span> <span class='ocrx_word' id='word_1_569' title='bbox 1159 4249 1248 4306; x_wconf 77' lang='grc' dir='ltr'><strong>Η.</strong></span> <span class='ocrx_word' id='word_1_570' title='bbox 1284 4250 1348 4306; x_wconf 89' lang='lat' dir='ltr'><strong>Id</strong></span> <span class='ocrx_word' id='word_1_571' title='bbox 1380 4250 1661 4321; x_wconf 91' lang='lat' dir='ltr'><strong>temporis</strong></span> <span class='ocrx_word' id='word_1_572' title='bbox 1707 4251 1912 4307; x_wconf 91' lang='lat' dir='ltr'><strong>Simon</strong></span> <span class='ocrx_word' id='word_1_573' title='bbox 1943 4253 2080 4326; x_wconf 67' lang='lat' dir='ltr'><strong>Magi</strong></span> 
     </span>
    </p>
   </div>
   <div class='ocr_carea' id='block_1_83' title="bbox 2296 4243 3889 4326">
    <p class='ocr_par' dir='ltr' id='par_1_83' title="bbox 2296 4243 3889 4326">
     <span class='ocr_line' id='line_1_83' title="bbox 2296 4243 3889 4326; baseline -0.004 -23"><span class='ocrx_word' id='word_1_574' title='bbox 2296 4269 2342 4318; x_wconf 77' lang='grc' dir='ltr'>τη</span> <span class='ocrx_word' id='word_1_575' title='bbox 2379 4243 2469 4318; x_wconf 82' lang='grc' dir='ltr'>ιδ’,</span> <span class='ocrx_word' id='word_1_576' title='bbox 2500 4244 2578 4324; x_wconf 75' lang='grc' dir='ltr'><strong>ἐφ’</strong></span> <span class='ocrx_word' id='word_1_577' title='bbox 2607 4246 2669 4301; x_wconf 82' lang='grc' dir='ltr'>οὗ</span> <span class='ocrx_word' id='word_1_578' title='bbox 2699 4245 2886 4321; x_wconf 90' lang='grc' dir='ltr'>Σίμων</span> <span class='ocrx_word' id='word_1_579' title='bbox 2916 4247 2944 4302; x_wconf 87' lang='grc' dir='ltr'>ὁ</span> <span class='ocrx_word' id='word_1_580' title='bbox 2980 4247 3165 4323; x_wconf 86' lang='grc' dir='ltr'>Μάγος</span> <span class='ocrx_word' id='word_1_581' title='bbox 3195 4246 3286 4303; x_wconf 79' lang='grc' dir='ltr'>διὰ</span> <span class='ocrx_word' id='word_1_582' title='bbox 3314 4249 3585 4326; x_wconf 85' lang='grc' dir='ltr'>γοητείας</span> <span class='ocrx_word' id='word_1_583' title='bbox 3637 4247 3689 4304; x_wconf 85' lang='grc' dir='ltr'><strong>ἐν</strong></span> <span class='ocrx_word' id='word_1_584' title='bbox 3719 4245 3889 4316; x_wconf 79' lang='grc' dir='ltr'><strong>Ῥώμῃ</strong></span> 
     </span>
    </p>
   </div>
   <div class='ocr_carea' id='block_1_84' title="bbox 489 4330 2082 4415">
    <p class='ocr_par' dir='ltr' id='par_1_84' title="bbox 489 4339 2076 4412">
     <span class='ocr_line' id='line_1_84' title="bbox 489 4339 2076 4412; baseline 0.001 -13"><span class='ocrx_word' id='word_1_585' title='bbox 489 4339 694 4399; x_wconf 90' lang='lat' dir='ltr'><strong>multis</strong></span> <span class='ocrx_word' id='word_1_586' title='bbox 724 4339 1007 4412; x_wconf 88' lang='lat' dir='ltr'><strong>prodigiis</strong></span> <span class='ocrx_word' id='word_1_587' title='bbox 1037 4354 1104 4396; x_wconf 89' lang='lat' dir='ltr'><strong>ac</strong></span> <span class='ocrx_word' id='word_1_588' title='bbox 1137 4339 1427 4412; x_wconf 88' lang='lat' dir='ltr'><strong>portentis</strong></span> <span class='ocrx_word' id='word_1_589' title='bbox 1458 4341 1601 4398; x_wconf 85' lang='lat' dir='ltr'><strong>artis</strong></span> <span class='ocrx_word' id='word_1_590' title='bbox 1633 4339 1874 4412; x_wconf 64' lang='lat' dir='ltr'><strong>magica</strong></span> <span class='ocrx_word' id='word_1_591' title='bbox 1905 4339 1980 4410; x_wconf 87' lang='lat' dir='ltr'><strong>vi,</strong></span> <span class='ocrx_word' id='word_1_592' title='bbox 2007 4357 2076 4400; x_wconf 88' lang='lat' dir='ltr'><strong>ne</strong></span> 
     </span>
    </p>
   </div>
   <div class='ocr_carea' id='block_1_85' title="bbox 2303 4330 3896 4415">
    <p class='ocr_par' dir='ltr' id='par_1_85' title="bbox 2303 4330 3896 4415">
     <span class='ocr_line' id='line_1_85' title="bbox 2303 4330 3896 4415; baseline -0.003 -24"><span class='ocrx_word' id='word_1_593' title='bbox 2303 4332 2435 4391; x_wconf 79' lang='grc' dir='ltr'>&gt;λλᾶ</span> <span class='ocrx_word' id='word_1_594' title='bbox 2482 4341 2684 4409; x_wconf 87' lang='grc' dir='ltr'>σημεῖα</span> <span class='ocrx_word' id='word_1_595' title='bbox 2736 4336 2825 4392; x_wconf 88' lang='grc' dir='ltr'><strong>καὶ</strong></span> <span class='ocrx_word' id='word_1_596' title='bbox 2885 4337 3180 4415; x_wconf 77' lang='grc' dir='ltr'>φαντασίας</span> <span class='ocrx_word' id='word_1_597' title='bbox 3235 4336 3515 4395; x_wconf 77' lang='grc' dir='ltr'>ἐπιτελῶν</span> <span class='ocrx_word' id='word_1_598' title='bbox 3580 4337 3674 4394; x_wconf 83' lang='grc' dir='ltr'><strong>καὶ</strong></span> <span class='ocrx_word' id='word_1_599' title='bbox 3728 4330 3896 4390; x_wconf 69' lang='grc' dir='ltr'>ἑαυτὸν</span> 
     </span>
    </p>
   </div>
   <div class='ocr_carea' id='block_1_86' title="bbox 491 4419 2084 4504">
    <p class='ocr_par' dir='ltr' id='par_1_86' title="bbox 491 4427 2076 4502">
     <span class='ocr_line' id='line_1_86' title="bbox 491 4427 2076 4502; baseline -0.001 -13"><span class='ocrx_word' id='word_1_600' title='bbox 491 4445 608 4489; x_wconf 86' lang='lat' dir='ltr'><strong>non</strong></span> <span class='ocrx_word' id='word_1_601' title='bbox 656 4427 964 4500; x_wconf 64' lang='lat' dir='ltr'><strong>praestigiis</strong></span> <span class='ocrx_word' id='word_1_602' title='bbox 1009 4427 1375 4502; x_wconf 81' lang='lat' dir='ltr'><strong>fallaciisque</strong></span> <span class='ocrx_word' id='word_1_603' title='bbox 1425 4430 1623 4500; x_wconf 85' lang='lat' dir='ltr'><strong>editis,</strong></span> <span class='ocrx_word' id='word_1_604' title='bbox 1664 4429 1756 4488; x_wconf 89' lang='lat' dir='ltr'><strong>dei</strong></span> <span class='ocrx_word' id='word_1_605' title='bbox 1787 4447 2000 4488; x_wconf 90' lang='lat' dir='ltr'><strong>nomen</strong></span> <span class='ocrx_word' id='word_1_606' title='bbox 2031 4431 2076 4487; x_wconf 88' lang='lat' dir='ltr'><strong>si</strong></span> 
     </span>
    </p>
   </div>
   <div class='ocr_carea' id='block_1_87' title="bbox 2306 4419 3899 4504">
    <p class='ocr_par' dir='ltr' id='par_1_87' title="bbox 2306 4419 3899 4504">
     <span class='ocr_line' id='line_1_87' title="bbox 2306 4419 3899 4504; baseline 0 -29"><span class='ocrx_word' id='word_1_607' title='bbox 2306 4425 2368 4480; x_wconf 77' lang='grc' dir='ltr'><strong>,ὸν</strong></span> <span class='ocrx_word' id='word_1_608' title='bbox 2428 4424 2736 4498; x_wconf 79' lang='grc' dir='ltr'>ὀνομάζων.</span> <span class='ocrx_word' id='word_1_609' title='bbox 2795 4424 2896 4480; x_wconf 82' lang='grc' dir='ltr'>Καί</span> <span class='ocrx_word' id='word_1_610' title='bbox 2953 4446 3086 4482; x_wconf 82' lang='grc' dir='ltr'>ποτε</span> <span class='ocrx_word' id='word_1_611' title='bbox 3132 4427 3408 4500; x_wconf 86' lang='grc' dir='ltr'>μεσούσης</span> <span class='ocrx_word' id='word_1_612' title='bbox 3450 4428 3672 4504; x_wconf 81' lang='grc' dir='ltr'>ἡμέρας</span> <span class='ocrx_word' id='word_1_613' title='bbox 3713 4419 3899 4500; x_wconf 86' lang='grc' dir='ltr'>προελ-</span> 
     </span>
    </p>
   </div>
   <div class='ocr_carea' id='block_1_88' title="bbox 491 4510 2084 4596">
    <p class='ocr_par' dir='ltr' id='par_1_88' title="bbox 491 4515 2075 4590">
     <span class='ocr_line' id='line_1_88' title="bbox 491 4515 2075 4590; baseline 0.001 -14"><span class='ocrx_word' id='word_1_614' title='bbox 491 4517 912 4577; x_wconf 87' lang='lat' dir='ltr'><strong>vindicaverat.</strong></span> <span class='ocrx_word' id='word_1_615' title='bbox 945 4515 1047 4574; x_wconf 79' lang='lat' dir='ltr'><strong>Hic</strong></span> <span class='ocrx_word' id='word_1_616' title='bbox 1104 4516 1420 4590; x_wconf 88' lang='lat' dir='ltr'><strong>aliquando</strong></span> <span class='ocrx_word' id='word_1_617' title='bbox 1451 4519 1692 4576; x_wconf 89' lang='lat' dir='ltr'><strong>meridie</strong></span> <span class='ocrx_word' id='word_1_618' title='bbox 1737 4519 1797 4576; x_wconf 88' lang='lat' dir='ltr'><strong>in</strong></span> <span class='ocrx_word' id='word_1_619' title='bbox 1847 4520 2075 4578; x_wconf 78' lang='lat' dir='ltr'><strong>theatro</strong></span> 
     </span>
    </p>
   </div>
   <div class='ocr_carea' id='block_1_89' title="bbox 2311 4510 3904 4596">
    <p class='ocr_par' dir='ltr' id='par_1_89' title="bbox 2311 4510 3904 4596">
     <span class='ocr_line' id='line_1_89' title="bbox 2311 4510 3904 4596; baseline -0.003 -27"><span class='ocrx_word' id='word_1_620' title='bbox 2311 4534 2358 4569; x_wconf 72' lang='grc' dir='ltr'><strong>υν</strong></span> <span class='ocrx_word' id='word_1_621' title='bbox 2393 4513 2468 4577; x_wconf 78' lang='grc' dir='ltr'>εἷς</span> <span class='ocrx_word' id='word_1_622' title='bbox 2496 4513 2558 4570; x_wconf 85' lang='grc' dir='ltr'>τὸ</span> <span class='ocrx_word' id='word_1_623' title='bbox 2615 4515 2842 4587; x_wconf 83' lang='grc' dir='ltr'>θέατρον</span> <span class='ocrx_word' id='word_1_624' title='bbox 2903 4513 3275 4592; x_wconf 77' lang='grc' dir='ltr'>ἐπηγγείλατο</span> <span class='ocrx_word' id='word_1_625' title='bbox 3336 4514 3412 4572; x_wconf 89' lang='grc' dir='ltr'>δι’</span> <span class='ocrx_word' id='word_1_626' title='bbox 3465 4516 3633 4596; x_wconf 76' lang='grc' dir='ltr'>ἀέρος</span> <span class='ocrx_word' id='word_1_627' title='bbox 3689 4510 3904 4572; x_wconf 73' lang='grc' dir='ltr'>ἀναπτά-</span> 
     </span>
    </p>
   </div>
   <div class='ocr_carea' id='block_1_90' title="bbox 493 4590 2086 4682">
    <p class='ocr_par' dir='ltr' id='par_1_90' title="bbox 493 4607 2086 4682">
     <span class='ocr_line' id='line_1_90' title="bbox 493 4607 2086 4682; baseline 0 -18"><span class='ocrx_word' id='word_1_628' title='bbox 493 4621 844 4682; x_wconf 88' lang='lat' dir='ltr'><strong>progressus</strong></span> <span class='ocrx_word' id='word_1_629' title='bbox 898 4621 1028 4663; x_wconf 89' lang='lat' dir='ltr'><strong>sese</strong></span> <span class='ocrx_word' id='word_1_630' title='bbox 1077 4623 1178 4678; x_wconf 88' lang='lat' dir='ltr'><strong>per</strong></span> <span class='ocrx_word' id='word_1_631' title='bbox 1233 4623 1426 4664; x_wconf 89' lang='lat' dir='ltr'><strong>acrem</strong></span> <span class='ocrx_word' id='word_1_632' title='bbox 1473 4607 1808 4665; x_wconf 89' lang='lat' dir='ltr'><strong>volaturum</strong></span> <span class='ocrx_word' id='word_1_633' title='bbox 1859 4610 2086 4682; x_wconf 72' lang='lat' dir='ltr'><strong>promisi</strong></span> 
     </span>
    </p>
   </div>
   <div class='ocr_carea' id='block_1_91' title="bbox 2312 4590 3905 4682">
    <p class='ocr_par' dir='ltr' id='par_1_91' title="bbox 2312 4590 3905 4682">
     <span class='ocr_line' id='line_1_91' title="bbox 2312 4590 3905 4682; baseline -0.002 -22"><span class='ocrx_word' id='word_1_634' title='bbox 2312 4625 2393 4662; x_wconf 63' lang='lat' dir='ltr'><strong>at.</strong></span> <span class='ocrx_word' id='word_1_635' title='bbox 2455 4601 2532 4662; x_wconf 77' lang='grc' dir='ltr'>Οὗ</span> <span class='ocrx_word' id='word_1_636' title='bbox 2599 4606 2898 4680; x_wconf 71' lang='grc' dir='ltr'>γενομένου</span> <span class='ocrx_word' id='word_1_637' title='bbox 2966 4590 3410 4679; x_wconf 81' lang='grc' dir='ltr'>προσευξάμενος</span> <span class='ocrx_word' id='word_1_638' title='bbox 3477 4590 3776 4682; x_wconf 28' lang='grc' dir='ltr'>ὁἾΠέτρος</span> <span class='ocrx_word' id='word_1_639' title='bbox 3824 4600 3905 4657; x_wconf 81' lang='grc' dir='ltr'><strong>καὶ</strong></span> 
     </span>
    </p>
   </div>
   <div class='ocr_carea' id='block_1_92' title="bbox 498 4693 2091 4768">
    <p class='ocr_par' dir='ltr' id='par_1_92' title="bbox 498 4693 2091 4768">
     <span class='ocr_line' id='line_1_92' title="bbox 498 4693 2091 4768; baseline -0.001 -13"><span class='ocrx_word' id='word_1_640' title='bbox 498 4698 650 4756; x_wconf 90' lang='lat' dir='ltr'><strong>Dum</strong></span> <span class='ocrx_word' id='word_1_641' title='bbox 679 4693 936 4752; x_wconf 87' lang='lat' dir='ltr'><strong>volatum</strong></span> <span class='ocrx_word' id='word_1_642' title='bbox 961 4693 1233 4764; x_wconf 88' lang='lat' dir='ltr'><strong>intendit,</strong></span> <span class='ocrx_word' id='word_1_643' title='bbox 1273 4698 1482 4752; x_wconf 87' lang='lat' dir='ltr'><strong>Petrus</strong></span> <span class='ocrx_word' id='word_1_644' title='bbox 1513 4698 1784 4768; x_wconf 90' lang='lat' dir='ltr'><strong>precibus</strong></span> <span class='ocrx_word' id='word_1_645' title='bbox 1813 4699 2016 4758; x_wconf 83' lang='lat' dir='ltr'><strong>eii&#39;usis</strong></span> <span class='ocrx_word' id='word_1_646' title='bbox 2043 4701 2091 4756; x_wconf 79' lang='lat' dir='ltr'><strong>dt</strong></span> 
     </span>
    </p>
   </div>
   <div class='ocr_carea' id='block_1_93' title="bbox 2312 4693 3905 4768">
    <p class='ocr_par' dir='ltr' id='par_1_93' title="bbox 2312 4693 3905 4768">
     <span class='ocr_line' id='line_1_93' title="bbox 2312 4693 3905 4768; baseline 0.001 -19"><span class='ocrx_word' id='word_1_647' title='bbox 2312 4693 2494 4756; x_wconf 82' lang='grc' dir='ltr'>ἐνίσας</span> <span class='ocrx_word' id='word_1_648' title='bbox 2562 4693 2680 4749; x_wconf 83' lang='grc' dir='ltr'>εἶπε</span> <span class='ocrx_word' id='word_1_649' title='bbox 2747 4697 2827 4767; x_wconf 76' lang='grc' dir='ltr'><strong>τῷ</strong></span> <span class='ocrx_word' id='word_1_650' title='bbox 2895 4693 3128 4768; x_wconf 88' lang='grc' dir='ltr'>Σίμωνι·</span> <span class='ocrx_word' id='word_1_651' title='bbox 3200 4695 3262 4752; x_wconf 83' lang='lat' dir='ltr'><strong>Ei</strong></span> <span class='ocrx_word' id='word_1_652' title='bbox 3341 4696 3672 4759; x_wconf 86' lang='grc' dir='ltr'>ἀπόστολος</span> <span class='ocrx_word' id='word_1_653' title='bbox 3736 4693 3905 4764; x_wconf 84' lang='grc' dir='ltr'>Ἰησοῦ</span> 
     </span>
    </p>
   </div>
   <div class='ocr_carea' id='block_1_94' title="bbox 496 4778 2089 4861">
    <p class='ocr_par' dir='ltr' id='par_1_94' title="bbox 496 4782 2089 4861">
     <span class='ocr_line' id='line_1_94' title="bbox 496 4782 2089 4861; baseline 0 -17"><span class='ocrx_word' id='word_1_654' title='bbox 496 4786 747 4859; x_wconf 74' lang='lat' dir='ltr'><strong>lixisque</strong></span> <span class='ocrx_word' id='word_1_655' title='bbox 795 4783 984 4842; x_wconf 89' lang='lat' dir='ltr'><strong>oculis</strong></span> <span class='ocrx_word' id='word_1_656' title='bbox 1040 4783 1102 4840; x_wconf 90' lang='lat' dir='ltr'><strong>in</strong></span> <span class='ocrx_word' id='word_1_657' title='bbox 1147 4799 1278 4841; x_wconf 86' lang='lat' dir='ltr'><strong>cum</strong></span> <span class='ocrx_word' id='word_1_658' title='bbox 1315 4800 1329 4840; x_wconf 88' lang='lat'><strong>:</strong></span> <span class='ocrx_word' id='word_1_659' title='bbox 1375 4782 1590 4855; x_wconf 81' lang='lat' dir='ltr'><strong>Simon,</strong></span> <span class='ocrx_word' id='word_1_660' title='bbox 1623 4785 1723 4853; x_wconf 89' lang='lat' dir='ltr'><strong>ait,</strong></span> <span class='ocrx_word' id='word_1_661' title='bbox 1783 4788 1833 4843; x_wconf 82' lang='lat' dir='ltr'><strong>si</strong></span> <span class='ocrx_word' id='word_1_662' title='bbox 1868 4789 2089 4861; x_wconf 64' lang='lat' dir='ltr'><strong>apostoli</strong></span> 
     </span>
    </p>
   </div>
   <div class='ocr_carea' id='block_1_95' title="bbox 2314 4778 3907 4861">
    <p class='ocr_par' dir='ltr' id='par_1_95' title="bbox 2314 4778 3907 4861">
     <span class='ocr_line' id='line_1_95' title="bbox 2314 4778 3907 4861; baseline 0.003 -24"><span class='ocrx_word' id='word_1_663' title='bbox 2314 4787 2496 4860; x_wconf 86' lang='grc' dir='ltr'>ριστοῦ</span> <span class='ocrx_word' id='word_1_664' title='bbox 2563 4782 2677 4858; x_wconf 88' lang='grc' dir='ltr'>είμι</span> <span class='ocrx_word' id='word_1_665' title='bbox 2747 4781 2857 4861; x_wconf 87' lang='grc' dir='ltr'><strong>ἐγὼ</strong></span> <span class='ocrx_word' id='word_1_666' title='bbox 2923 4782 3013 4838; x_wconf 84' lang='grc' dir='ltr'><strong>καὶ</strong></span> <span class='ocrx_word' id='word_1_667' title='bbox 3080 4781 3206 4858; x_wconf 77' lang='grc' dir='ltr'>οὐχὶ</span> <span class='ocrx_word' id='word_1_668' title='bbox 3276 4783 3522 4860; x_wconf 84' lang='grc' dir='ltr'>πλάνος,</span> <span class='ocrx_word' id='word_1_669' title='bbox 3609 4784 3792 4858; x_wconf 80' lang='grc' dir='ltr'>ὥσπερ</span> <span class='ocrx_word' id='word_1_670' title='bbox 3854 4778 3907 4834; x_wconf 68' lang='grc' dir='ltr'>σὺ</span> 
     </span>
    </p>
   </div>
   <div class='ocr_carea' id='block_1_96' title="bbox 472 4870 2065 4952">
    <p class='ocr_par' dir='ltr' id='par_1_96' title="bbox 472 4870 2065 4948">
     <span class='ocr_line' id='line_1_96' title="bbox 472 4870 2065 4948; baseline -0.001 -12"><span class='ocrx_word' id='word_1_671' title='bbox 472 4870 623 4936; x_wconf 72' lang='grc' dir='ltr'>Ἰθειι</span> <span class='ocrx_word' id='word_1_672' title='bbox 655 4873 864 4934; x_wconf 79' lang='lat' dir='ltr'><strong>Christi</strong></span> <span class='ocrx_word' id='word_1_673' title='bbox 911 4889 1010 4944; x_wconf 89' lang='lat' dir='ltr'><strong>ego</strong></span> <span class='ocrx_word' id='word_1_674' title='bbox 1038 4889 1159 4930; x_wconf 83' lang='lat' dir='ltr'><strong>sum</strong></span> <span class='ocrx_word' id='word_1_675' title='bbox 1189 4882 1241 4931; x_wconf 84' lang='lat' dir='ltr'><strong>et</strong></span> <span class='ocrx_word' id='word_1_676' title='bbox 1268 4890 1377 4932; x_wconf 88' lang='lat' dir='ltr'><strong>non</strong></span> <span class='ocrx_word' id='word_1_677' title='bbox 1423 4874 1644 4947; x_wconf 85' lang='lat' dir='ltr'><strong>planus,</strong></span> <span class='ocrx_word' id='word_1_678' title='bbox 1692 4877 2065 4948; x_wconf 80' lang='lat' dir='ltr'><strong>quemadmodt</strong></span> 
     </span>
    </p>
   </div>
   <div class='ocr_carea' id='block_1_97' title="bbox 2315 4870 3908 4952">
    <p class='ocr_par' dir='ltr' id='par_1_97' title="bbox 2315 4874 3908 4952">
     <span class='ocr_line' id='line_1_97' title="bbox 2315 4874 3908 4952; baseline 0 -28"><span class='ocrx_word' id='word_1_679' title='bbox 2315 4875 2468 4948; x_wconf 81' lang='grc' dir='ltr'>Ϊμων,</span> <span class='ocrx_word' id='word_1_680' title='bbox 2576 4874 2900 4948; x_wconf 86' lang='grc' dir='ltr'>προστάσσω</span> <span class='ocrx_word' id='word_1_681' title='bbox 3011 4879 3131 4937; x_wconf 84' lang='grc' dir='ltr'>ταῖς</span> <span class='ocrx_word' id='word_1_682' title='bbox 3240 4882 3526 4952; x_wconf 85' lang='grc' dir='ltr'>πονηραῖς</span> <span class='ocrx_word' id='word_1_683' title='bbox 3634 4874 3908 4946; x_wconf 85' lang='grc' dir='ltr'>δυνάμεσιν</span> 
     </span>
    </p>
   </div>
   <div class='ocr_carea' id='block_1_98' title="bbox 497 4961 2090 5042">
    <p class='ocr_par' dir='ltr' id='par_1_98' title="bbox 497 4963 2065 5036">
     <span class='ocr_line' id='line_1_98' title="bbox 497 4963 2065 5036; baseline -0.003 -11"><span class='ocrx_word' id='word_1_684' title='bbox 497 4973 562 5025; x_wconf 81' lang='lat' dir='ltr'><strong>tu</strong></span> <span class='ocrx_word' id='word_1_685' title='bbox 580 4967 769 5024; x_wconf 81' lang='lat' dir='ltr'><strong>Simon</strong></span> <span class='ocrx_word' id='word_1_686' title='bbox 791 4979 871 5034; x_wconf 86' lang='lat' dir='ltr'><strong>es,</strong></span> <span class='ocrx_word' id='word_1_687' title='bbox 884 4964 1076 5035; x_wconf 83' lang='lat' dir='ltr'><strong>pravis</strong></span> <span class='ocrx_word' id='word_1_688' title='bbox 1105 4963 1446 5020; x_wconf 69' lang='lat' dir='ltr'><strong>daemonibus</strong></span> <span class='ocrx_word' id='word_1_689' title='bbox 1483 4963 1690 5036; x_wconf 85' lang='lat' dir='ltr'><strong>impero</strong></span> <span class='ocrx_word' id='word_1_690' title='bbox 1719 4967 1805 5021; x_wconf 81' lang='lat' dir='ltr'><strong>uti</strong></span> <span class='ocrx_word' id='word_1_691' title='bbox 1834 4968 2065 5022; x_wconf 77' lang='lat' dir='ltr'><strong>missum</strong></span> 
     </span>
    </p>
   </div>
   <div class='ocr_carea' id='block_1_99' title="bbox 2321 4961 3914 5042">
    <p class='ocr_par' dir='ltr' id='par_1_99' title="bbox 2321 4961 3914 5038">
     <span class='ocr_line' id='line_1_99' title="bbox 2321 4961 3914 5038; baseline -0.001 -21"><span class='ocrx_word' id='word_1_692' title='bbox 2321 4961 2462 5017; x_wconf 52' lang='grc' dir='ltr'>κεῖναί</span> <span class='ocrx_word' id='word_1_693' title='bbox 2531 4983 2589 5017; x_wconf 89' lang='grc' dir='ltr'><strong>σε</strong></span> <span class='ocrx_word' id='word_1_694' title='bbox 2656 4970 2754 5032; x_wconf 75' lang='grc' dir='ltr'><strong>τῆς</strong></span> <span class='ocrx_word' id='word_1_695' title='bbox 2817 4964 3156 5038; x_wconf 79' lang='grc' dir='ltr'>κρατήσεως.</span> <span class='ocrx_word' id='word_1_696' title='bbox 3227 4965 3325 5019; x_wconf 81' lang='grc' dir='ltr'><strong>Καὶ</strong></span> <span class='ocrx_word' id='word_1_697' title='bbox 3396 4970 3584 5024; x_wconf 81' lang='grc' dir='ltr'>ταῦτα</span> <span class='ocrx_word' id='word_1_698' title='bbox 3682 4963 3914 5023; x_wconf 73' lang='grc' dir='ltr'>εἶπόντος</span> 
     </span>
    </p>
   </div>
   <div class='ocr_carea' id='block_1_100' title="bbox 495 5049 2088 5130">
    <p class='ocr_par' dir='ltr' id='par_1_100' title="bbox 495 5051 2086 5130">
     <span class='ocr_line' id='line_1_100' title="bbox 495 5051 2086 5130; baseline -0.003 -15"><span class='ocrx_word' id='word_1_699' title='bbox 495 5057 705 5130; x_wconf 79' lang='lat' dir='ltr'><strong>faciant</strong></span> <span class='ocrx_word' id='word_1_700' title='bbox 733 5069 835 5112; x_wconf 82' lang='lat' dir='ltr'><strong>nec</strong></span> <span class='ocrx_word' id='word_1_701' title='bbox 857 5053 1008 5110; x_wconf 83' lang='lat' dir='ltr'><strong>ultra</strong></span> <span class='ocrx_word' id='word_1_702' title='bbox 1053 5057 1294 5110; x_wconf 80' lang='lat' dir='ltr'><strong>teneant.</strong></span> <span class='ocrx_word' id='word_1_703' title='bbox 1327 5051 1436 5110; x_wconf 80' lang='lat' dir='ltr'><strong>Vix</strong></span> <span class='ocrx_word' id='word_1_704' title='bbox 1467 5051 1588 5112; x_wconf 67' lang='lat' dir='ltr'><strong>haec</strong></span> <span class='ocrx_word' id='word_1_705' title='bbox 1647 5053 1868 5111; x_wconf 84' lang='lat' dir='ltr'><strong>dixerat</strong></span> <span class='ocrx_word' id='word_1_706' title='bbox 1916 5054 2086 5111; x_wconf 88' lang='lat' dir='ltr'><strong>Petru</strong></span> 
     </span>
    </p>
   </div>
   <div class='ocr_carea' id='block_1_101' title="bbox 2319 5049 3912 5130">
    <p class='ocr_par' dir='ltr' id='par_1_101' title="bbox 2323 5049 3912 5130">
     <span class='ocr_line' id='line_1_101' title="bbox 2323 5049 3912 5130; baseline -0.001 -25"><span class='ocrx_word' id='word_1_707' title='bbox 2323 5055 2350 5105; x_wconf 88' lang='grc' dir='ltr'><strong>ῦ</strong></span> <span class='ocrx_word' id='word_1_708' title='bbox 2393 5049 2704 5106; x_wconf 81' lang='grc' dir='ltr'>ἀποστόλου</span> <span class='ocrx_word' id='word_1_709' title='bbox 2770 5058 3121 5130; x_wconf 79' lang='grc' dir='ltr'>παραχρῆμα</span> <span class='ocrx_word' id='word_1_710' title='bbox 3184 5053 3508 5129; x_wconf 79' lang='grc' dir='ltr'>κατηνέχθη</span> <span class='ocrx_word' id='word_1_711' title='bbox 3585 5057 3726 5128; x_wconf 77' lang='grc' dir='ltr'>μετά</span> <span class='ocrx_word' id='word_1_712' title='bbox 3778 5053 3912 5126; x_wconf 73' lang='grc' dir='ltr'>ἢχου</span> 
     </span>
    </p>
   </div>
   <div class='ocr_carea' id='block_1_102' title="bbox 495 5135 2088 5217">
    <p class='ocr_par' dir='ltr' id='par_1_102' title="bbox 495 5141 2088 5217">
     <span class='ocr_line' id='line_1_102' title="bbox 495 5141 2088 5217; baseline -0.001 -14"><span class='ocrx_word' id='word_1_713' title='bbox 495 5151 554 5204; x_wconf 89' lang='lat' dir='ltr'><strong>et</strong></span> <span class='ocrx_word' id='word_1_714' title='bbox 580 5145 680 5202; x_wconf 89' lang='lat' dir='ltr'><strong>ille</strong></span> <span class='ocrx_word' id='word_1_715' title='bbox 708 5159 845 5201; x_wconf 91' lang='lat' dir='ltr'><strong>cum</strong></span> <span class='ocrx_word' id='word_1_716' title='bbox 889 5141 1116 5216; x_wconf 89' lang='lat' dir='ltr'><strong>ingenti</strong></span> <span class='ocrx_word' id='word_1_717' title='bbox 1147 5143 1398 5217; x_wconf 88' lang='lat' dir='ltr'><strong>strepitu</strong></span> <span class='ocrx_word' id='word_1_718' title='bbox 1435 5143 1496 5198; x_wconf 87' lang='lat' dir='ltr'><strong>in</strong></span> <span class='ocrx_word' id='word_1_719' title='bbox 1528 5147 1744 5199; x_wconf 89' lang='lat' dir='ltr'><strong>terram</strong></span> <span class='ocrx_word' id='word_1_720' title='bbox 1779 5141 2010 5199; x_wconf 88' lang='lat' dir='ltr'><strong>delatus</strong></span> <span class='ocrx_word' id='word_1_721' title='bbox 2043 5144 2088 5202; x_wconf 73' lang='lat'><strong>2</strong></span> 
     </span>
    </p>
   </div>
   <div class='ocr_carea' id='block_1_103' title="bbox 2326 5135 3919 5217">
    <p class='ocr_par' dir='ltr' id='par_1_103' title="bbox 2326 5135 3919 5216">
     <span class='ocr_line' id='line_1_103' title="bbox 2326 5135 3919 5216; baseline -0.002 -20"><span class='ocrx_word' id='word_1_722' title='bbox 2326 5137 2468 5196; x_wconf 87' lang='grc' dir='ltr'>λλοῦ</span> <span class='ocrx_word' id='word_1_723' title='bbox 2505 5139 2594 5196; x_wconf 80' lang='grc' dir='ltr'><strong>καὶ</strong></span> <span class='ocrx_word' id='word_1_724' title='bbox 2654 5135 2963 5215; x_wconf 80' lang='grc' dir='ltr'>συνετρίϐη.</span> <span class='ocrx_word' id='word_1_725' title='bbox 3023 5141 3083 5198; x_wconf 90' lang='grc' dir='ltr'>Ὁ</span> <span class='ocrx_word' id='word_1_726' title='bbox 3152 5137 3210 5196; x_wconf 74' lang='grc' dir='ltr'>δὲ</span> <span class='ocrx_word' id='word_1_727' title='bbox 3266 5143 3486 5216; x_wconf 84' lang='grc' dir='ltr'>Νέρων,</span> <span class='ocrx_word' id='word_1_728' title='bbox 3559 5142 3805 5207; x_wconf 86' lang='grc' dir='ltr'>ἀκούσας</span> <span class='ocrx_word' id='word_1_729' title='bbox 3842 5142 3919 5196; x_wconf 83' lang='grc' dir='ltr'>’ὁτι</span> 
     </span>
    </p>
   </div>
   <div class='ocr_carea' id='block_1_104' title="bbox 497 5227 2090 5310">
    <p class='ocr_par' dir='ltr' id='par_1_104' title="bbox 497 5231 2090 5292">
     <span class='ocr_line' id='line_1_104' title="bbox 497 5231 2090 5292; baseline -0.001 0"><span class='ocrx_word' id='word_1_730' title='bbox 497 5234 811 5292; x_wconf 77' lang='lat' dir='ltr'><strong>contractis</strong></span> <span class='ocrx_word' id='word_1_731' title='bbox 867 5231 1152 5290; x_wconf 90' lang='lat' dir='ltr'><strong>membris</strong></span> <span class='ocrx_word' id='word_1_732' title='bbox 1189 5231 1430 5290; x_wconf 88' lang='lat' dir='ltr'><strong>interiit.</strong></span> <span class='ocrx_word' id='word_1_733' title='bbox 1490 5231 1743 5288; x_wconf 84' lang='lat' dir='ltr'><strong>Simonis</strong></span> <span class='ocrx_word' id='word_1_734' title='bbox 1775 5231 1992 5288; x_wconf 66' lang='lat' dir='ltr'><strong>caedem</strong></span> <span class='ocrx_word' id='word_1_735' title='bbox 2044 5235 2090 5290; x_wconf 64' lang='lat' dir='ltr'><strong>ui</strong></span> 
     </span>
    </p>
   </div>
   <div class='ocr_carea' id='block_1_105' title="bbox 2326 5227 3919 5310">
    <p class='ocr_par' dir='ltr' id='par_1_105' title="bbox 2326 5227 3919 5310">
     <span class='ocr_line' id='line_1_105' title="bbox 2326 5227 3919 5310; baseline 0.003 -25"><span class='ocrx_word' id='word_1_736' title='bbox 2326 5229 2570 5307; x_wconf 67' lang='grc' dir='ltr'>φόνευται</span> <span class='ocrx_word' id='word_1_737' title='bbox 2627 5227 2812 5303; x_wconf 91' lang='grc' dir='ltr'>Σίμων</span> <span class='ocrx_word' id='word_1_738' title='bbox 2878 5229 2981 5284; x_wconf 82' lang='grc' dir='ltr'><strong>ὑπὸ</strong></span> <span class='ocrx_word' id='word_1_739' title='bbox 3061 5229 3266 5306; x_wconf 76' lang='grc' dir='ltr'>Πέτρου</span> <span class='ocrx_word' id='word_1_740' title='bbox 3352 5232 3451 5286; x_wconf 81' lang='grc' dir='ltr'><strong>καὶ</strong></span> <span class='ocrx_word' id='word_1_741' title='bbox 3526 5234 3919 5310; x_wconf 51' lang='grc' dir='ltr'>ἀγανακτήσας</span> 
     </span>
    </p>
   </div>
   <div class='ocr_carea' id='block_1_106' title="bbox 498 5317 2091 5399">
    <p class='ocr_par' dir='ltr' id='par_1_106' title="bbox 498 5321 2091 5395">
     <span class='ocr_line' id='line_1_106' title="bbox 498 5321 2091 5395; baseline -0.003 -16"><span class='ocrx_word' id='word_1_742' title='bbox 498 5323 730 5381; x_wconf 88' lang='lat' dir='ltr'><strong>rescivit</strong></span> <span class='ocrx_word' id='word_1_743' title='bbox 744 5327 894 5380; x_wconf 87' lang='lat' dir='ltr'><strong>Nero</strong></span> <span class='ocrx_word' id='word_1_744' title='bbox 911 5339 945 5380; x_wconf 84' lang='lat' dir='ltr'><strong>a</strong></span> <span class='ocrx_word' id='word_1_745' title='bbox 958 5323 1121 5379; x_wconf 88' lang='lat' dir='ltr'><strong>Petro</strong></span> <span class='ocrx_word' id='word_1_746' title='bbox 1137 5326 1446 5395; x_wconf 87' lang='lat' dir='ltr'><strong>patratam,</strong></span> <span class='ocrx_word' id='word_1_747' title='bbox 1467 5337 1614 5395; x_wconf 68' lang='lat' dir='ltr'><strong>aegre</strong></span> <span class='ocrx_word' id='word_1_748' title='bbox 1639 5321 1829 5378; x_wconf 85' lang='lat' dir='ltr'><strong>ferens</strong></span> <span class='ocrx_word' id='word_1_749' title='bbox 1843 5326 2091 5379; x_wconf 62' lang='lat' dir='ltr'><strong>contumc</strong></span> 
     </span>
    </p>
   </div>
   <div class='ocr_carea' id='block_1_107' title="bbox 2325 5317 3918 5399">
    <p class='ocr_par' dir='ltr' id='par_1_107' title="bbox 2325 5317 3918 5399">
     <span class='ocr_line' id='line_1_107' title="bbox 2325 5317 3918 5399; baseline 0.001 -25"><span class='ocrx_word' id='word_1_750' title='bbox 2325 5317 2525 5374; x_wconf 76' lang='grc' dir='ltr'>ἑλευσεν</span> <span class='ocrx_word' id='word_1_751' title='bbox 2585 5318 2746 5374; x_wconf 82' lang='grc' dir='ltr'>αὐτὸν</span> <span class='ocrx_word' id='word_1_752' title='bbox 2799 5321 3197 5394; x_wconf 77' lang='grc' dir='ltr'><strong>σταυρωθῆναι⁸</strong></span> <span class='ocrx_word' id='word_1_753' title='bbox 3265 5320 3328 5378; x_wconf 91' lang='grc' dir='ltr'>Ὁ</span> <span class='ocrx_word' id='word_1_754' title='bbox 3395 5317 3460 5376; x_wconf 73' lang='grc' dir='ltr'><strong>δὲ</strong></span> <span class='ocrx_word' id='word_1_755' title='bbox 3533 5319 3918 5399; x_wconf 82' lang='grc' dir='ltr'>παρακαλέσας</span> 
     </span>
    </p>
   </div>
   <div class='ocr_carea' id='block_1_108' title="bbox 498 5404 2091 5485">
    <p class='ocr_par' dir='ltr' id='par_1_108' title="bbox 498 5409 2091 5485">
     <span class='ocr_line' id='line_1_108' title="bbox 498 5409 2091 5485; baseline 0.002 -20"><span class='ocrx_word' id='word_1_756' title='bbox 498 5409 664 5479; x_wconf 84' lang='lat' dir='ltr'><strong>liam,</strong></span> <span class='ocrx_word' id='word_1_757' title='bbox 695 5411 756 5466; x_wconf 90' lang='lat' dir='ltr'><strong>in</strong></span> <span class='ocrx_word' id='word_1_758' title='bbox 786 5428 1017 5469; x_wconf 90' lang='lat' dir='ltr'><strong>crucem</strong></span> <span class='ocrx_word' id='word_1_759' title='bbox 1075 5411 1170 5485; x_wconf 82' lang='lat' dir='ltr'><strong>agi</strong></span> <span class='ocrx_word' id='word_1_760' title='bbox 1200 5412 1434 5470; x_wconf 88' lang='lat' dir='ltr'><strong>Petrum</strong></span> <span class='ocrx_word' id='word_1_761' title='bbox 1460 5411 1664 5484; x_wconf 86' lang='lat' dir='ltr'><strong>jussit.</strong></span> <span class='ocrx_word' id='word_1_762' title='bbox 1698 5415 1908 5468; x_wconf 87' lang='lat' dir='ltr'><strong>Petrus</strong></span> <span class='ocrx_word' id='word_1_763' title='bbox 1939 5413 2091 5483; x_wconf 70' lang='lat' dir='ltr'><strong>praaﬁ</strong></span> 
     </span>
    </p>
   </div>
   <div class='ocr_carea' id='block_1_109' title="bbox 2330 5404 3923 5485">
    <p class='ocr_par' dir='ltr' id='par_1_109' title="bbox 2330 5404 3923 5485">
     <span class='ocr_line' id='line_1_109' title="bbox 2330 5404 3923 5485; baseline 0.001 -23"><span class='ocrx_word' id='word_1_764' title='bbox 2330 5431 2341 5462; x_wconf 68' lang='grc' dir='ltr'><strong>ι</strong></span> <span class='ocrx_word' id='word_1_765' title='bbox 2377 5407 2618 5484; x_wconf 83' lang='grc' dir='ltr'>ἔπαρχον</span> <span class='ocrx_word' id='word_1_766' title='bbox 2650 5407 2732 5463; x_wconf 83' lang='grc' dir='ltr'><strong>ίνα</strong></span> <span class='ocrx_word' id='word_1_767' title='bbox 2765 5409 2844 5482; x_wconf 79' lang='grc' dir='ltr'><strong>μή</strong></span> <span class='ocrx_word' id='word_1_768' title='bbox 2878 5404 3059 5484; x_wconf 69' lang='grc' dir='ltr'>ὅγθιος</span> <span class='ocrx_word' id='word_1_769' title='bbox 3115 5410 3428 5485; x_wconf 81' lang='grc' dir='ltr'>σταυρωθῇ,</span> <span class='ocrx_word' id='word_1_770' title='bbox 3485 5413 3636 5470; x_wconf 81' lang='grc' dir='ltr'><strong>κατά</strong></span> <span class='ocrx_word' id='word_1_771' title='bbox 3684 5412 3923 5470; x_wconf 80' lang='grc' dir='ltr'>κέλευσιν</span> 
     </span>
    </p>
   </div>
   <div class='ocr_carea' id='block_1_110' title="bbox 507 5496 2100 5582">
    <p class='ocr_par' dir='ltr' id='par_1_110' title="bbox 507 5500 2100 5574">
     <span class='ocr_line' id='line_1_110' title="bbox 507 5500 2100 5574; baseline 0.004 -21"><span class='ocrx_word' id='word_1_772' title='bbox 507 5500 665 5554; x_wconf 87' lang='lat' dir='ltr'><strong>ctum</strong></span> <span class='ocrx_word' id='word_1_773' title='bbox 687 5500 1028 5572; x_wconf 86' lang='lat' dir='ltr'><strong>deprecatus</strong></span> <span class='ocrx_word' id='word_1_774' title='bbox 1041 5519 1114 5558; x_wconf 91' lang='lat' dir='ltr'><strong>ne</strong></span> <span class='ocrx_word' id='word_1_775' title='bbox 1127 5511 1316 5560; x_wconf 91' lang='lat' dir='ltr'><strong>rectus</strong></span> <span class='ocrx_word' id='word_1_776' title='bbox 1330 5501 1490 5559; x_wconf 89' lang='lat' dir='ltr'><strong>cruci</strong></span> <span class='ocrx_word' id='word_1_777' title='bbox 1507 5501 2100 5574; x_wconf 82' lang='lat' dir='ltr'><strong>alligereturobtinuit</strong></span> 
     </span>
    </p>
   </div>
   <div class='ocr_carea' id='block_1_111' title="bbox 2334 5496 3927 5582">
    <p class='ocr_par' dir='ltr' id='par_1_111' title="bbox 2334 5496 3927 5582">
     <span class='ocr_line' id='line_1_111' title="bbox 2334 5496 3927 5582; baseline 0.001 -28"><span class='ocrx_word' id='word_1_778' title='bbox 2334 5501 2564 5576; x_wconf 78' lang='grc' dir='ltr'>ταυρώθη</span> <span class='ocrx_word' id='word_1_779' title='bbox 2625 5500 2806 5562; x_wconf 87' lang='grc' dir='ltr'>κασὼς</span> <span class='ocrx_word' id='word_1_780' title='bbox 2872 5498 3102 5570; x_wconf 76' lang='grc' dir='ltr'>ἠξίωσεν</span> <span class='ocrx_word' id='word_1_781' title='bbox 3161 5498 3220 5555; x_wconf 85' lang='grc' dir='ltr'><strong>ἐκ</strong></span> <span class='ocrx_word' id='word_1_782' title='bbox 3283 5496 3520 5570; x_wconf 71' lang='grc' dir='ltr'>πολλῆς</span> <span class='ocrx_word' id='word_1_783' title='bbox 3587 5520 3927 5582; x_wconf 67' lang='grc' dir='ltr'>μετριοφρο-</span> 
     </span>
    </p>
   </div>
   <div class='ocr_carea' id='block_1_112' title="bbox 505 5583 2098 5671">
    <p class='ocr_par' dir='ltr' id='par_1_112' title="bbox 505 5583 2098 5665">
     <span class='ocr_line' id='line_1_112' title="bbox 505 5583 2098 5665; baseline 0.004 -23"><span class='ocrx_word' id='word_1_784' title='bbox 505 5583 666 5642; x_wconf 90' lang='lat' dir='ltr'><strong>illius</strong></span> <span class='ocrx_word' id='word_1_785' title='bbox 695 5586 911 5660; x_wconf 88' lang='lat' dir='ltr'><strong>quippe</strong></span> <span class='ocrx_word' id='word_1_786' title='bbox 927 5589 1124 5660; x_wconf 90' lang='lat' dir='ltr'><strong>jussu,</strong></span> <span class='ocrx_word' id='word_1_787' title='bbox 1142 5594 1207 5646; x_wconf 90' lang='lat' dir='ltr'><strong>ut</strong></span> <span class='ocrx_word' id='word_1_788' title='bbox 1225 5589 1349 5660; x_wconf 91' lang='lat' dir='ltr'><strong>ipse</strong></span> <span class='ocrx_word' id='word_1_789' title='bbox 1371 5606 1476 5662; x_wconf 91' lang='lat' dir='ltr'><strong>pro</strong></span> <span class='ocrx_word' id='word_1_790' title='bbox 1496 5605 1604 5648; x_wconf 86' lang='lat' dir='ltr'><strong>sua</strong></span> <span class='ocrx_word' id='word_1_791' title='bbox 1633 5591 1965 5649; x_wconf 86' lang='lat' dir='ltr'><strong>humilitate</strong></span> <span class='ocrx_word' id='word_1_792' title='bbox 1985 5596 2098 5665; x_wconf 76' lang='lat' dir='ltr'><strong>opt:</strong></span> 
     </span>
    </p>
   </div>
   <div class='ocr_carea' id='block_1_113' title="bbox 2333 5583 3926 5671">
    <p class='ocr_par' dir='ltr' id='par_1_113' title="bbox 2333 5586 3926 5671">
     <span class='ocr_line' id='line_1_113' title="bbox 2333 5586 3926 5671; baseline 0.001 -27"><span class='ocrx_word' id='word_1_793' title='bbox 2333 5610 2440 5660; x_wconf 70' lang='lat' dir='ltr'><strong>mc.</strong></span> <span class='ocrx_word' id='word_1_794' title='bbox 2475 5589 2622 5645; x_wconf 77' lang='grc' dir='ltr'><strong>Μετᾶ</strong></span> <span class='ocrx_word' id='word_1_795' title='bbox 2669 5586 2726 5644; x_wconf 71' lang='grc' dir='ltr'>δὲ</span> <span class='ocrx_word' id='word_1_796' title='bbox 2779 5591 2970 5644; x_wconf 84' lang='grc' dir='ltr'>τοῦτον</span> <span class='ocrx_word' id='word_1_797' title='bbox 3024 5587 3115 5645; x_wconf 82' lang='grc' dir='ltr'><strong>καὶ</strong></span> <span class='ocrx_word' id='word_1_798' title='bbox 3173 5587 3385 5651; x_wconf 87' lang='grc' dir='ltr'>Παῦλος</span> <span class='ocrx_word' id='word_1_799' title='bbox 3427 5591 3533 5648; x_wconf 76' lang='grc' dir='ltr'>τὸν</span> <span class='ocrx_word' id='word_1_800' title='bbox 3587 5593 3688 5649; x_wconf 79' lang='grc' dir='ltr'>διὰ</span> <span class='ocrx_word' id='word_1_801' title='bbox 3745 5591 3926 5671; x_wconf 79' lang='grc' dir='ltr'>ξίφους</span> 
     </span>
    </p>
   </div>
   <div class='ocr_carea' id='block_1_114' title="bbox 507 5675 2100 5765">
    <p class='ocr_par' dir='ltr' id='par_1_114' title="bbox 507 5677 2100 5756">
     <span class='ocr_line' id='line_1_114' title="bbox 507 5677 2100 5756; baseline 0.002 -20"><span class='ocrx_word' id='word_1_802' title='bbox 507 5678 693 5744; x_wconf 83' lang='lat' dir='ltr'><strong>verat,</strong></span> <span class='ocrx_word' id='word_1_803' title='bbox 751 5677 910 5733; x_wconf 91' lang='lat' dir='ltr'><strong>cruci</strong></span> <span class='ocrx_word' id='word_1_804' title='bbox 939 5677 1112 5734; x_wconf 89' lang='lat' dir='ltr'><strong>datus</strong></span> <span class='ocrx_word' id='word_1_805' title='bbox 1144 5681 1248 5738; x_wconf 86' lang='lat' dir='ltr'><strong>est.</strong></span> <span class='ocrx_word' id='word_1_806' title='bbox 1279 5677 1418 5738; x_wconf 88' lang='lat' dir='ltr'><strong>Post</strong></span> <span class='ocrx_word' id='word_1_807' title='bbox 1446 5679 1681 5738; x_wconf 88' lang='lat' dir='ltr'><strong>Petrum</strong></span> <span class='ocrx_word' id='word_1_808' title='bbox 1701 5680 1921 5741; x_wconf 85' lang='lat' dir='ltr'><strong>Paulus</strong></span> <span class='ocrx_word' id='word_1_809' title='bbox 1949 5681 2100 5756; x_wconf 89' lang='lat' dir='ltr'><strong>gladi</strong></span> 
     </span>
    </p>
   </div>
   <div class='ocr_carea' id='block_1_115' title="bbox 2334 5675 3927 5765">
    <p class='ocr_par' dir='ltr' id='par_1_115' title="bbox 2334 5675 3927 5765">
     <span class='ocr_line' id='line_1_115' title="bbox 2334 5675 3927 5765; baseline 0.005 -31"><span class='ocrx_word' id='word_1_810' title='bbox 2334 5679 2683 5760; x_wconf 73' lang='grc' dir='ltr'>ἱμαρτύρίου</span> <span class='ocrx_word' id='word_1_811' title='bbox 2723 5677 2981 5758; x_wconf 70' lang='grc' dir='ltr'>στέφανον</span> <span class='ocrx_word' id='word_1_812' title='bbox 3029 5675 3346 5754; x_wconf 72' lang='grc' dir='ltr'>ἀνεδήσατο.</span> <span class='ocrx_word' id='word_1_813' title='bbox 3393 5678 3464 5739; x_wconf 74' lang='grc' dir='ltr'>Ὀ</span> <span class='ocrx_word' id='word_1_814' title='bbox 3520 5677 3586 5738; x_wconf 79' lang='grc' dir='ltr'><strong>δέ</strong></span> <span class='ocrx_word' id='word_1_815' title='bbox 3631 5702 3702 5764; x_wconf 84' lang='grc' dir='ltr'><strong>γε</strong></span> <span class='ocrx_word' id='word_1_816' title='bbox 3741 5682 3927 5765; x_wconf 76' lang='grc' dir='ltr'>Νέρων</span> 
     </span>
    </p>
   </div>
  </div>
