4062 6202
285 366 409 428 249
1672 369 2342 432 CHRONOGRAPHIA
3582 373 3702 436 250

290 499 727 571 κραταιουμένης
759 500 911 573 αύτῷ
967 502 1067 566 τῆς
1121 500 1303 577 ἀρχῆς
1343 499 1421 565 εἷς
1461 501 1680 563 ἀνοσίας
1728 500 1893 573 πράξε

2103 502 2324 575 iartyrii
2380 517 2659 559 coronam
2707 505 2947 576 accepit.
2981 504 3128 561 Nero
3186 507 3402 574 autem,
3432 521 3566 562 cum
3613 506 3707 562 illi

289 588 383 642 καὶ
430 587 745 664 μιαιφονίας
811 588 902 642 καὶ
953 590 1254 665 θεομαχίας
1302 589 1574 660 ἐξώγειλε,
1628 590 1718 645 καὶ
1776 588 1893 645 οὕτω

2099 592 2496 649 retraheretur
2525 592 2863 665 imperium,
2895 595 2953 649 in
2986 593 3208 650 nefaria
3234 611 3299 650 ac
3356 594 3702 651 detestanda

293 679 353 733 ἐκ
401 685 506 748 τῆς
564 676 701 752 ἄγαν
763 678 954 752 μανίας
1024 680 1422 753 ἀποκτονηθείς
1485 682 1559 742 είς
1624 680 1897 758 προάστειι

2096 681 2285 739 celera
2316 682 2680 754 infamesque
2738 683 2925 738 caades
2966 684 3276 756 prolapsus
3316 687 3425 749 est,
3459 684 3602 740 adeo
3634 688 3700 740 ut

289 766 523 838 ἐξελθὼν
602 768 795 823 ὶαυτὸν
873 766 1260 845 διεχειρίσατο.
1336 770 1609 834 Ὡσαύτως
1711 768 1767 826 δὶ
1856 791 1890 825 κ

2097 774 2301 829 nmani
2332 774 2527 829 furore
2559 774 2814 845 percitus
2872 774 3261 847 ell'eratusque
3315 775 3375 831 in
3417 766 3701 832 suburbio

288 857 536 919 Πιλάτος
607 855 898 921 ποικίλαις
972 861 1277 934 περιπεσὼν
1356 864 1663 936 συμφοραῖς
1760 860 1892 915 tunc

2095 879 2271 919 ianus
2301 863 2410 919 sibi
2442 862 2724 919 intulerit.
2761 863 2854 919 Sic
2884 880 3117 936 quoque
3146 864 3370 921 Pilatus
3399 864 3576 923 variis
3605 882 3699 922 ca-

286 945 497 1004 ἀνεῖλε.
2055 950 2425 1008 lamitatibus
2455 952 2646 1009 victus
2677 969 2891 1009 manus
2920 954 3029 1010 sibi
3058 955 3361 1011 conscivit.

359 1037 521 1094 Μετὰ
589 1034 646 1092 δὲ
714 1039 940 1113 Νέρωνα
1005 1035 1320 1096 ἐϐασίλευσε
1388 1034 1603 1103 Γάλϐας
1669 1046 1844 1114 μῆνας
1884 1045 1946 1111 ζ’,

2130 1040 2266 1097 Post
2294 1042 2578 1099 Neronem
2623 1042 2838 1099 Galbae
2898 1043 3210 1115 imperium
3271 1044 3701 1102 administravit

288 1126 428 1201 μετὰ
470 1123 530 1181 δὲ
594 1121 811 1181 Γάλϐαν
870 1122 1188 1184 ἐϐασίλευσε
1261 1126 1550 1193 Αουκίϐιος
1631 1136 1804 1203 μῆνας
1878 1150 1892 1166 α

2092 1146 2292 1187 menses
2322 1135 2706 1203 septem,post
2727 1132 2971 1190 Galbam
3000 1134 3281 1191 Lucibius
3310 1138 3696 1203 mensestres,

290 1217 431 1290 μετὰ
462 1214 521 1272 δὲ
549 1213 843 1273 Λουκίϐιον
903 1214 1245 1276 ἰϐασίλευσεν
1300 1218 1629 1284 Οὐϊτέλλιος
1661 1225 1837 1295 μῆνας

2099 1225 2190 1276 ost
2220 1221 2525 1277 Lucibium
2558 1220 2828 1279 Vitellius
2855 1239 3089 1280 menses
3116 1224 3286 1295 duos,
3318 1227 3375 1281 et
3403 1241 3439 1281 a
3493 1223 3698 1281 multi-

285 1307 384 1363 καὶ
426 1306 643 1386 ἐσφάγη
679 1308 842 1381 μέσον
878 1315 980 1378 τῆς
1006 1310 1231 1385 Ῥώμης
1264 1310 1368 1365 ὑπὸ
1393 1314 1491 1367 τοῦ
1530 1306 1733 1384 δήμου.

1711 1347 1733 1366 η.
2057 1310 2261 1365 tudine
2289 1309 2348 1365 in
2389 1311 2580 1366 medio
2612 1311 2803 1369 Romae
2834 1313 3164 1370 trucidatus
3205 1317 3315 1370 est.

358 1399 512 1455 Μετὰ
581 1397 639 1453 δὲ
712 1398 1044 1457 Ούϊυὲλλιον
1123 1395 1470 1456 ἐϐασίλευσεν
1548 1399 1948 1462 Οὐεσπασιανὸς

2131 1400 2266 1456 Post
2286 1399 2588 1457 Vitellium
2620 1401 3013 1475 Vespasianus
3046 1402 3294 1461 Neronis
3325 1402 3482 1461 ﬁlius
3515 1420 3700 1463 annos

286 1488 411 1549 υἱὸς
445 1487 699 1562 Νέρωνος
729 1485 823 1559 ἔτη
858 1489 923 1553 0‘.

681 1508 699 1550 ς
729 1485 823 1559 ἔτη
858 1489 923 1553 θ’.
2058 1505 2285 1545 novem.

356 1578 512 1633 Μετὰ
588 1574 645 1632 δὲ
719 1576 1119 1635 Οὐεσπασιανὸν
1191 1573 1507 1635 ἐϐασίλευσε
1582 1580 1744 1640 Τῖτος
1832 1577 1947 1637 νἰὁς

2131 1578 2265 1635 Post
2293 1578 2708 1651 Vespasianum
2745 1581 2910 1639 Titus
2962 1582 3120 1640 filius
3183 1599 3369 1639 annos
3399 1585 3543 1640 tres.
3597 1584 3698 1640 Hie

276 1665 456 1720 αὐτοῦ
486 1659 582 1735 ἔτη
630 1666 700 1741 γ’.
751 1665 854 1722 Καὶ
913 1663 1030 1742 ὥρᾳ
1085 1668 1268 1741 θερινῇ
1323 1667 1660 1743 πανημέριον
1720 1663 1880 1721 ὀδοιπ

2096 1684 2189 1725 um
2221 1672 2421 1725 aestate
2450 1668 2671 1727 solibus
2702 1670 3061 1729 calidissima
3089 1689 3191 1745 per
3219 1671 3375 1729 diem
3406 1673 3700 1746 integrum

281 1755 495 1828 ρήσας,
545 1754 636 1808 καὶ
704 1754 1119 1831 αἷμορῥαγήσας
1178 1754 1267 1811 διὰ
1320 1760 1428 1810 τῶν
1489 1756 1782 1831 μυκτήρων
1846 1755 1885 1809 ὑ·

2100 1774 2169 1814 ,οι-
2198 1759 2814 1826 continuasset,radiis
2844 1760 2983 1818 solis
3010 1768 3247 1820 exustus
3278 1763 3704 1837 sanguinisque

277 1846 387 1896 τοῦ
430 1840 606 1911 ἡλίου
664 1841 1040 1918 συμφλεχθεὶς
1087 1844 1175 1899 καὶ
1226 1845 1360 1899 πάνυ
1410 1844 1812 1917 Λιποθυμήσας,
1871 1842 1881 1899 l

284 1930 521 1955 ’,_,!,,
593 1928 738 1955 2-9‘
775 1934 853 1955 ’A,
914 1931 985 1955 -T-
1027 1934 1113 1955 *3,
1226 1934 1244 1955 I
1302 1954 1347 1955 ,,
1424 1953 1451 1955 Δ
1502 1933 1559 1955 AS,
1630 1941 1678 1955 Α-
1750 1952 1879 1955 ,__,,

2119 1849 2360 1905 naribus
2413 1848 2719 1921 eruptione
2768 1850 2952 1906 animi
3004 1852 3327 1924 deliquium
3359 1869 3566 1925 passus
3594 1855 3703 1924 est,

284 1930 542 2004 ἐμπνέων
590 1928 866 2002 ἐνεϐλήθη
910 1931 988 1995 εἷς
1022 1934 1117 1989 τὸν
1180 1934 1350 2013 τάφον
1415 1933 1561 2007 παρὰ
1619 1941 1881 2006 Δομετιαν

2099 1945 2118 1993 t
2146 1938 2338 1995 adhuc
2352 1938 2609 1995 animam
2629 1955 2811 2010 agens
2841 1957 2874 1994 a
2892 1941 3217 1998 Domitiano
3234 1943 3409 1999 fratre
3429 1942 3703 1999 suasione

285 2025 394 2077 τοῦ
444 2018 687 2099 άδελφοῦ
752 2018 920 2076 αὒτοῦ
986 2022 1100 2078 κατ’
1157 2021 1458 2098 ἐπιτροπὴν
1534 2030 1637 2093 τῆς
1698 2042 1889 2099 γυναικ

2101 2028 2256 2084 xoris
2286 2028 2402 2085 Titi
2457 2028 2518 2084 in
2579 2027 2913 2101 sepulcrum
2972 2031 3307 2101 conjicitur,
3339 2031 3538 2103 sicque
3575 2030 3700 2086 ani-

281 2110 514 2179 τούτου,
546 2109 638 2164 καὶ
684 2110 861 2173 οὕτως
904 2107 1225 2183 ἐτελεύτησε
1278 2112 1424 2187 πάσῃ
1478 2110 1814 2187 ἂγαθουργίᾳ
1858 2132 1885 2166 κ

2098 2132 2213 2172 iam
2245 2116 2481 2187 efﬂavit,
2516 2118 2736 2189 optima
2764 2117 2891 2174 vitaa
2907 2118 3129 2175 ratione
3161 2119 3329 2186 inita,
3343 2118 3702 2176 continentia

283 2197 624 2278 σωφροσύνῃ
697 2200 1135 2273 γεκοσμημένος,
1210 2200 1403 2267 πένθος
1475 2200 1621 2257 πολὺ
1702 2206 1821 2265 τοῖς

2093 2205 2371 2277 tjustitia
2401 2206 2949 2276 celebris,omnibus
2978 2209 3077 2265 29
3100 2207 3696 2266 desiderabilis.lllius

270 2288 485 2362 ⁶Ρώμῃ
553 2287 915 2363 καταλείψας,
983 2288 1058 2351 ὡς
1114 2292 1234 2346 κατ’
1299 2290 1483 2353 οἳκους
1550 2289 1639 2346 καὶ
1706 2287 1874 2364 δημοε

2096 2303 2243 2352 iorte
2270 2299 2469 2352 tantus
2493 2296 2661 2353 dolor
2690 2296 3007 2354 Romanam
3043 2298 3247 2355 urbem
3279 2298 3601 2372 occupavit,
3635 2301 3700 2355 ut

277 2378 498 2440 πάντας
530 2375 742 2434 κλαίειν
772 2379 863 2434 καὶ
894 2375 1278 2454 ἀποδύρεσθαι.

2098 2384 2287 2441 ublice
2315 2389 2374 2442 et
2404 2384 2677 2458 privatim
2736 2385 2987 2459 quilibet
3017 2386 3400 2444 afﬂictaretur
3444 2392 3505 2446 et
3532 2388 3697 2461 inge-

2055 2472 2350 2533 misceret.

362 2559 521 2615 Μετὰ
554 2556 613 2613 δὲ
659 2561 824 2618 Τῖτον
882 2554 1196 2616 ἐϐασίλευσε
1257 2560 1582 2635 Δομετιανὸς
1635 2560 1663 2615 ὁ
1710 2558 1945 2639 ἀδελφὸς

2127 2563 2500 2621 Domitianus
2526 2565 2723 2635 frater,
2756 2582 2822 2622 eo
2842 2566 3211 2640 interempto,
3235 2566 3483 2640 imperio
3514 2581 3698 2622 annos

280 2650 463 2703 αὐτοῦ
487 2645 583 2719 ἔτη
620 2649 699 2719 ιε’,
748 2647 840 2704 καὶ
903 2648 1105 2728 ἐσφάγη
1157 2649 1208 2705 ἐν
1257 2654 1341 2723 τῷ
1392 2655 1504 2723 ναῷ
1552 2648 1773 2725 Ῥώμης
1830 2672 1884 2705 κο

2093 2652 2387 2709 uindecim
2432 2655 2653 2725 potitus
2706 2658 2831 2711 est:
2867 2656 3106 2711 tandem
3137 2656 3195 2710 in
3255 2654 3469 2726 templo
3500 2654 3697 2710 Remis

283 2733 599 2809 ἐπιϐουλήν
639 2744 742 2809 τῆς
808 2739 977 2795 αὐτοῦ
1031 2741 1306 2816 γυναικός.
1362 2736 1634 2816 Διάδοχος
1690 2741 1792 2818 γάρ
1850 2760 1887 2795 τ‹

2091 2741 2285 2798 asidiis
2343 2743 2540 2799 uxoris
2585 2744 2955 2799 interficitur.
3006 2743 3109 2799 Hic
3168 2743 3406 2801 fraterni
3463 2743 3695 2817 imperii

288 2826 539 2905 ἀδελφοῦ
570 2829 859 2901 γενόμενος
900 2829 961 2883 ού
1006 2831 1106 2900 τὴν
1156 2832 1423 2906 πατρικήν
1474 2850 1533 2885 τε
1582 2829 1671 2885 καὶ
1718 2828 1889 2910 ἆδελφ

2098 2846 2457 2905 aeres,neque
2487 2832 2672 2904 patris
2695 2848 2880 2904 neque
2906 2833 3101 2889 fratris
3122 2833 3357 2905 optimas
3382 2834 3509 2889 vita:
3534 2833 3700 2889 insti-

282 2919 390 2987 κήν
424 2914 705 2988 ἐζήλωσεν
737 2916 964 2993 ἀρίστην
996 2917 1300 2989 πολιτείαν,
1347 2917 1495 2974 ἀλλὰ
1539 2919 1639 2989 τὴν
1686 2914 1886 2996 Τιϐερίι

2095 2924 2246 2977 itum
2278 2923 2660 2990 sectatus,sed
2685 2922 3000 2979 Tiberiana
3017 2923 3461 2996 Neronianaque
3481 2922 3699 2994 ﬂagitia

283 3008 382 3061 καὶ
454 3005 714 3081 Νέρωνος
776 3008 1174 3083 ἀνοσιουργίαν·
1234 3014 1336 3063 πᾶν
1390 3008 1492 3085 γὰρ
1552 3004 1694 3070 εἶδος
1750 3007 1887 3063 κακί‹

2105 3009 2384 3079 mulatus,
2414 3010 2708 3067 scelarum
2742 3011 2902 3068 omni
2923 3026 3155 3083 genere,
3188 3012 3444 3069 caedibus
3474 3012 3615 3069 item
3644 3014 3702 3068 et

279 3097 374 3152 καὶ
437 3095 871 3171 γυναικομανίας
936 3097 1027 3152 καὶ
1094 3095 1458 3173 ἆνδρομανίας
1523 3096 1786 3170 ἐπελθὼν,
1852 3118 1883 3154 κ

2090 3117 2112 3156 1
2138 3116 2330 3157 mares
2357 3106 2413 3156 et
2430 3100 2681 3157 feminas
2699 3100 3049 3159 libidinibus
3062 3100 3694 3170 contaminatissimus,

281 3184 606 3242 τελευταῖον
664 3185 855 3242 ἑαυτὸν
912 3187 1228 3252 ἀποθεώσεις
1280 3188 1368 3243 καὶ
1442 3186 1694 3264 ἔχθιστον
1756 3187 1879 3244 ἐαυτ

2096 3189 2284 3246 ivinos
2314 3189 2426 3246 sibi
2477 3189 2729 3247 honores
2757 3191 3086 3264 arrogavit;
3147 3191 3395 3265 ideoque
3423 3190 3699 3250 omnibus

282 3274 486 3332 ἅπασιν
535 3277 842 3357 ἀποφήνας,
887 3275 1158 3353 αΐσχίστῳ
1218 3278 1375 3354 μόρῳ
1428 3258 1521 3334 silv
1571 3281 1806 3354 μυσαρὸν
1855 3301 1886 3335 κ

2095 3276 2416 3334 etestabilis
2446 3293 2775 3349 exosusque
2797 3258 3250 3350 probrosissimo
3266 3258 3471 3337 mortis
3487 3294 3699 3353 genere

291 3362 544 3443 βέϐηλον
574 3367 933 3444 καταστρέφει
988 3366 1126 3442 βίον.
1182 3368 1296 3448 Ἐφ’
1342 3365 1404 3423 οὗ
1456 3368 1721 3443 Τιμόθεος
1751 3371 1778 3424 ὁ
1808 3369 1895 3425 ἀπι

2097 3366 2508 3424 bominabilem
2539 3367 2974 3440 nefandamque
3003 3368 3179 3426 vitam
3211 3369 3525 3442 abjecit.Ea
3554 3374 3701 3426 tem-

284 3454 488 3518 στολος
539 3455 634 3510 καὶ
685 3456 986 3529 Ὀνήσιμος
1034 3454 1432 3532 ἐμαρτύρησαν,
1462 3458 1563 3513 ¹καὶ
1598 3460 1626 3513 ὁ
1675 3457 1888 3535 Θεολόγι

2094 3459 2282 3513 estate
2310 3455 2649 3513 Timotheus
2678 3457 2981 3529 apostolus
3011 3462 3069 3515 et
3096 3460 3405 3516 Onesimus
3436 3475 3538 3532 pro
3560 3459 3698 3516 reli-

288 3544 555 3615 Ίωάννης
631 3544 722 3600 καὶ
801 3544 1190 3621 εὐαγγελιστής
1267 3544 1318 3602 ἐν
1395 3545 1601 3621 Πάτμῳ
1674 3548 1746 3620 τῆ
1789 3550 1892 3620 νήσ

2090 3544 3324 3618 ioneChristianaexstinguuntur,Joannes
3337 3564 3694 3621 cognomen-

294 3633 586 3711 ἐξωρίσθη,
617 3634 709 3689 καὶ
756 3633 1143 3699 Ἀπολλώνιος
1186 3637 1213 3691 ὁ
1257 3638 1491 3702 Τυανεὺς
1528 3636 1871 3713 ἐγνωρίζετο.

2093 3650 2110 3690 )
2134 3634 2460 3707 Theologus
2483 3640 2541 3692 et
2562 3634 2988 3708 evangelistain
3012 3636 3252 3695 Patmon
3273 3637 3526 3693 insulam
3549 3637 3697 3694 rele-

2052 3726 2245 3795 gatur.
2274 3723 2619 3797 Apollonius
2643 3724 2784 3781 item
2816 3729 3078 3797 Tyaneus
3108 3726 3357 3796 vigebat.

366 3815 517 3872 Μετᾶ
557 3812 615 3871 δὲ
667 3815 997 3889 Δομετιανὸν
1038 3813 1351 3874 ἐϐασίλευσε
1394 3819 1640 3895 Νερούας
1694 3810 1815 3881 ἔτος
1863 3814 1940 3890 ἓν,

2121 3810 2306 3869 Nerva
2335 3817 2469 3885 post
2496 3808 2897 3869 Domitianum
2927 3813 3465 3886 imperavitannum
3484 3831 3695 3875 unum.

297 3904 354 3967 ες
384 3903 860 3978 ἀνακαλεσάμενος
904 3905 1158 3977 Ἰωάννην
1207 3906 1268 3963 ἐκ
1313 3914 1416 3978 τῆς
1459 3909 1627 3980 νήσου
1677 3906 1901 3963 ἀπέλυσε

2087 3920 2109 3958 s
2133 3919 2202 3959 ex
2222 3902 2416 3960 insula
2460 3904 2661 3960 Patmo
2703 3904 2774 3959 ab
2806 3904 3011 3960 exsilio
3042 3908 3376 3961 revocatum
3403 3905 3691 3963 Joannem

298 3997 462 4052 οἰκεῖν
535 3995 586 4051 ἐν
628 3997 859 4076 Ἐφέσῳ,
920 3999 1085 4071 μόνον
1136 3998 1259 4055 τότε
1301 3999 1361 4055 ἐκ
1402 4003 1510 4055 τῶν
1556 3998 1625 4075 ιβ’
1684 4003 1902 4075 μαθητῶ

2088 3991 2262 4063 lphesi
2292 3991 2543 4048 liberum
2573 3992 2924 4066 dimisit,qui
2958 3997 3100 4050 tunc
3130 3993 3292 4052 solus
3322 4011 3354 4052 e
3384 3995 3692 4052 duodecim

296 4088 551 4163 περιόντα
607 4091 689 4159 τῷ
758 4086 885 4161 βίην
946 4086 1006 4150 ὃς
1064 4086 1153 4143 καὶ
1207 4089 1653 4168 συγγραψάμενος
1708 4090 1771 4145 τὸ
1824 4110 1900 4145 κα

2085 4080 2268 4138 :hristi
2287 4080 2595 4154 discipulis
2620 4099 2686 4138 su
2696 4086 3006 4155 pererat,et
3026 4083 3338 4156 Evangelia
3363 4084 3689 4157 conscripto

298 4174 452 4232 αύτὸν
529 4174 871 4252 Βύαγγέλιον
971 4174 1025 4231 ἐν
1113 4177 1299 4253 εἰρήνῃ
1389 4177 1743 4236 ἀνεπαύσατο.
1838 4182 1902 4237 Kc

2094 4170 2203 4227 iem
2262 4169 2407 4227 obiit
2439 4174 2788 4228 extremum.
2820 4172 3125 4246 Philippus
3185 4173 3324 4229 item
3383 4190 3413 4231 e
3473 4177 3691 4244 septem

296 4266 575 4329 Φίλιππος
643 4265 673 4319 ὁ
740 4264 799 4321 ἐκ
859 4270 966 4320 τῶν
1053 4267 1095 4337 ζ’
1162 4264 1425 4324 διακόνων
1521 4266 1575 4324 ἐν
1641 4267 1900 4343 ’Ῑεραπόλι

2089 4258 2312 4316 .iaconis
2343 4276 2498 4317 unus
2528 4260 2685 4333 apud
2712 4260 3071 4333 Hierapolim
3130 4263 3401 4333 moritur,
3455 4271 3510 4320 et
3561 4278 3693 4321 cum

292 4354 618 4424 τελειοῦται,
694 4353 785 4409 καὶ
860 4353 1116 4419 θάπτεται
1204 4358 1338 4430 μετὰ
1432 4360 1538 4412 τῶν
1635 4358 1896 4435 θυγατέρα

1063 4374 1116 4410 αι
1204 4358 1338 4430 μετὰ
1432 4360 1538 4412 τῶν
1635 4358 1941 4435 θυγατέρων
2053 4347 2290 4406 ﬁliabus
2320 4349 2663 4407 tumulatur.

295 4467 474 4502 αυτου.

360 4534 512 4593 Μετᾶ
569 4530 629 4589 δὲ
692 4534 937 4609 Νερούαν
999 4528 1314 4591 ἐϐασίλευσε
1378 4537 1647 4612 Τραϊανὸς
1714 4533 1809 4610 ἔτη
1878 4540 1941 4612 θ’,

2124 4550 2413 4622 Traianus
2443 4555 2576 4624 post
2607 4552 2852 4609 Nervam
2885 4552 3199 4627 imperium
3260 4555 3695 4613 administravit

295 4625 381 4680 καὶ
436 4622 722 4699 ὑδεριάσας
780 4622 1057 4695 ἀπέθανεν,
1106 4624 1166 4686 ες
1214 4629 1471 4682 τοσοῦτον
1520 4627 1766 4707 ὑπῆρχεν
1815 4627 1899 4705 ἀγι

2092 4656 2236 4697 nnos
2257 4622 2548 4710 novem,et
2578 4640 2838 4715 hydrops
2862 4622 3186 4701 exstinctus
3205 4649 3293 4703 est
3314 4662 3328 4715 ;
3347 4649 3696 4718 tantumque

296 4716 405 4786 θὸς,
452 4714 834 4789 μισοπόνηρός
884 4733 942 4769 τε
988 4713 1081 4770 καὶ
1125 4712 1495 4793 φιλοδίκαιος,
1542 4716 1680 4774 ὥστε
1725 4721 1900 4796 γυμνά

2092 4747 2119 4786 n
2149 4746 2216 4787 eo
2242 4729 2302 4785 in
2333 4712 2640 4803 improbos
2665 4712 2932 4804 quosque
2962 4732 3164 4790 odium
3196 4738 3254 4791 et
3275 4712 3522 4807 justitiaa
3567 4712 3696 4790 stu-

299 4825 387 4867 σας
443 4803 579 4860 ποτὲ
638 4802 914 4880 ῥομφαίαν
965 4802 1196 4858 ἐνώπιον
1241 4808 1349 4860 τῶν
1410 4807 1738 4881 μεγιστάνων
1776 4804 1903 4863 δεδα

2097 4819 2219 4876 ium
2252 4823 2397 4887 erat,
2429 4823 2491 4877 ut
2521 4802 2853 4893 aliquando
2899 4821 2960 4879 in
3012 4802 3321 4896 procerum
3380 4826 3697 4897 conspectu

292 4895 435 4949 κέναι
499 4897 581 4965 τῷ
647 4891 899 4968 ἐπάρχῳ,
964 4893 1083 4986 ’καὶ
1179 4891 1365 4950 εἶπεῖνο
1452 4895 1604 4967 Δέξαι
1668 4896 1730 4952 τὸ
1791 4897 1896 4976 ξίφι

2093 4909 2460 4983 ladiumipse
2492 4891 2716 4967 nudum
2751 4891 3032 4983 praefecto
3054 4915 3325 4986 praetorio
3358 4891 3696 4983 daret;ute-

290 4983 593 5055 τοῦτο,καῖ
643 4981 690 5038 εἷ
752 4981 849 5055 μὲν
891 4979 1076 5045 καλῶς
1136 4982 1316 5060 ἃρχω,
1376 4985 1508 5073 ὑπερ
1566 4984 1725 5061 ἐμοῦ,
1784 4987 1827 5042 εἷ
1887 4987 1894 5038 ἐ

2095 5004 2325 5072 aturque
2344 4979 2438 5056 his
2464 5000 2662 5057 verbis
2686 5016 2699 5055 :
2727 4979 2971 5073 Ᾰεείρίιο
2999 4979 3249 5073 gladium
3278 5002 3458 5071 hunc;
3490 4979 3541 5057 si
3557 5007 3699 5059 recte

292 5076 389 5147 μὴ,
429 5075 547 5129 κατ’
606 5070 745 5145 ἐμοῦ
802 5073 1387 5163 χρῇσαιᾳαύτῷί.
1445 5070 1589 5151 ἔχων
1647 5073 1703 5131 δέ
1749 5074 1896 5163 παῖδε

2090 5106 2168 5146 em
2199 5070 2302 5145 30
2326 5089 2605 5162 publicam
2626 5070 3220 5163 αάιηίηἰὲιναυενοῳνο
3242 5105 3354 5161 me;
3382 5090 3471 5146 sin
3492 5093 3694 5161 minus,

285 5161 672 5238 κληρονόμους
727 5167 828 5251 τῆς
891 5159 1193 5251 βασιλείας,
1236 5156 1467 5237 ἔμελλεν
1528 5163 1591 5251 ἐξ,
1652 5161 1889 5222 ὑποϐολῦ

2090 5189 2243 5236 antra
2274 5195 2360 5235 me
2387 5182 2585 5236 utitor.
2620 5183 2759 5234 Cum
2781 5182 3137 5237 successoris
3182 5181 3349 5251 copia
3380 5197 3492 5236 non
3522 5186 3694 5251 esset,

280 5274 441 5308 τινων
498 5252 654 5307 ἐᾶσαι
709 5250 812 5319 τήν
865 5250 1090 5327 σύζυγον
1141 5250 1305 5307 αὐτοῦ
1351 5253 1444 5308 καὶ
1492 5248 1681 5309 λαϐεῖν
1755 5255 1884 5333 ἐτέρι

2095 5269 2469 5325 onnullorum
2522 5268 2777 5338 impulsu
2809 5270 3119 5341 conjugem
3173 5274 3294 5326 erat
3334 5270 3691 5329 dimissurus

282 5347 417 5418 πρὸς
466 5343 530 5399 τὰ
580 5339 1002 5411 παιδοποιῆσαι·
1065 5345 1101 5413 ἡ
1164 5340 1220 5398 δὲ
1270 5346 1455 5414 συνετή
1503 5347 1635 5401 οὗσα
1684 5344 1886 5404 συνεϐοτ

2084 5359 2343 5429 liamque
2374 5357 2487 5413 sibi
2555 5339 3076 5426 collocaturuisIut
3128 5359 3283 5417 filios
3341 5369 3687 5433 procrearet.

286 5434 470 5491 λευσεν
502 5434 655 5506 αύτῷ
686 5432 786 5502 ὡς,
832 5429 982 5508 εἴπερ
1045 5432 1306 5507 βούλεται
1353 5435 1777 5509 μνημονεύεσθαι
1832 5438 1890 5493 ὁτι

2097 5448 2265 5518 )njux
2294 5447 2553 5517 prudens
2588 5451 2646 5501 et
2682 5449 2845 5502 casta
2907 5447 3115 5519 suasit,
3148 5448 3197 5504 si
3230 5429 3575 5508 memoriam
3604 5451 3701 5509 sul

287 5526 500 5581 πάντων
561 5521 616 5577 ἐν
672 5522 875 5583 πάσαις
926 5527 1156 5601 γενεαῖς,
1215 5522 1502 5581 πλακῶσαι
1571 5522 1661 5582 διὰ
1716 5544 1891 5604 μαρμιε

2094 5536 2209 5593 :llet
2226 5535 2381 5608 apud
2401 5550 2607 5591 omnes
2626 5536 3035 5607 sempiternam
3050 5539 3480 5609 conservarimt
3494 5558 3698 5599 omnes

292 5637 399 5692 ρων
428 5614 525 5677 τὰς
559 5606 965 5681 εἷσοδοεξόδους
1016 5616 1201 5668 πασῶν
1256 5619 1365 5670 τῶν
1414 5613 1871 5695 μεγαλοπόλεων.

2092 5606 2310 5679 mnium
2343 5636 2693 5694 magnarum
2727 5606 2963 5680 urbium
2994 5626 3185 5685 exitus
3212 5606 3402 5702 atque
3422 5626 3696 5686 introitus

288 5701 355 5780 δὴ
384 5705 474 5761 καὶ
506 5698 831 5774 πεποίηκεν.
875 5699 991 5779 Ἐφ’
1036 5699 1098 5757 οὗ
1146 5702 1237 5758 καὶ
1276 5704 1505 5781 Συμεὼν
1541 5702 1570 5761 ὁ
1596 5709 1696 5762 τοῦ
1738 5704 1892 5764 Κλοπ

2092 5712 2434 5772 larmoribus
2507 5710 2896 5786 insculperet;
2957 5712 3136 5791 idque
3189 5698 3359 5792 opere
3404 5716 3696 5792 praestitit,
