4062 6202
350 330 476 391 8M

1936 326 2195 390 JOELIS

3675 321 3795 386 252

363 464 483 518 Sub
505 476 572 516 eo
601 462 845 529 Symeon
877 458 1063 529 Clopas
1096 457 1255 514 ﬁlius
1275 460 1332 514 et
1346 457 2005 530 lgnatiuseognomenlo

2145 457 2213 511 ιαὶ
2269 456 2531 530 Ἰγνάτιος
2589 455 2619 508 6
2677 455 2958 531 Θεοφόρὸς
3013 452 3430 528 ἐμαρτύρησαν,
3489 454 3581 508 καὶ
3634 455 3796 510 Βασι-

366 549 747 621 'l‘heOpborus
780 548 1053 620 martyrio
1080 546 1261 603 vitam
1283 563 1548 619 posuere.
1577 546 1881 617 Basilides,
1915 546 2011 604 Ce-

364 637 921 709 rinthus,Nicolaus,
954 636 1697 708 Ebioumus,heresiarchm
1716 641 1773 694 et
1801 637 2009 695 verita-

372 730 445 786 tis
475 729 670 785 hostes
699 728 992 783 vivebant.

438 818 688 890 Trajano
718 818 780 873 in
813 817 1059 890 imperio
1115 816 1402 874 successit
1449 817 1765 885 Adrianus,
1799 816 1899 888 qui
1956 820 2014 872 et

376 908 582 973 :Elius,
611 906 1040 978 imperavitque
1069 922 1256 963 annos
1284 905 1492 979 viginti
1544 910 1816 977 quatuor.
1847 911 2016 977 Aqua

373 999 660 1054 intercute
688 997 1016 1053 exstinctus
1036 1000 1145 1053 est.
1178 996 1485 1069 Templum
1519 996 1707 1066 Cyzici
1726 995 2017 1053 exstruxit

371 1092 428 1143 et
459 1088 663 1143 urbem
703 1087 763 1143 in
796 1085 1047 1142 Thracia
1076 1085 1537 1158 Adrianopolim.
1562 1086 1683 1142 Sub
1713 1101 1782 1142 eo
1812 1085 2012 1154 Cerdo,

373 1177 741 1245 Valentinus,
773 1175 1015 1245 Marcio,
1041 1175 1375 1246 Montanus,
1404 1176 1771 1247 Satorninus,
1801 1178 2015 1248 Carpo-

369 1273 559 1325 crates
590 1266 986 1325 haeresiarchas
1018 1269 1075 1323 et
1092 1266 1302 1338 Aquila
1329 1265 1621 1323 vivebant.

444 1452 737 1509 Exstincto
766 1451 1023 1509 Adriano
1054 1452 1126 1506 ad
1160 1449 1523 1508 Antoninum
1570 1448 1884 1523 imperium
1917 1449 2012 1505 de-

376 1542 646 1599 volutum
678 1545 790 1610 est,
824 1541 979 1614 quod
1011 1541 1160 1597 rexit
1189 1557 1376 1597 annos
1404 1539 1614 1613 viginti
1658 1540 1829 1595 duos.
1875 1539 2018 1609 Ejus

374 1632 622 1704 imperio
638 1630 733 1687 Pol
741 1645 991 1703 ycarpus
1023 1629 1269 1686 Joannis
1288 1627 2015 1702 evangelistaediscipulus,

377 1720 651 1777 Justinus
673 1718 1060 1793 philosophus
1083 1723 1141 1776 et
1163 1718 1470 1792 Dionysius
1491 1717 1800 1791 episcopus
1813 1715 2015 1774 Corino

376 1808 465 1865 tbi
499 1814 745 1865 mortem
776 1824 881 1879 pro
927 1808 1156 1864 Christo
1186 1807 1402 1865 obiere.
1434 1808 1597 1863 Tunc
1643 1821 1873 1878 quoque
1901 1807 2014 1862 Ta-

373 1898 571 1962 tianus
610 1902 667 1954 et
693 1899 1051 1955 Bardesanes
1108 1896 1528 1964 haeresiarchas,
1560 1902 1617 1953 et
1666 1896 1930 1953 Priscilla
1959 1900 2018 1952 et

373 1987 689 2044 Maximilla
707 2003 776 2044 ex
793 1987 1289 2061 Cataphrygarum
1312 1992 1474 2046 secta
1493 1986 1740 2044 fatidica
1761 1984 2017 2042 celebres

374 2076 768 2135 habebantur.

447 2166 737 2223 Antonino
752 2166 1036 2224 successit
1049 2166 1276 2223 Marcus
1289 2166 1448 2223 ﬁlius
1469 2165 1811 2239 :imperium
1832 2165 2021 2223 tenuit

378 2273 567 2314 annos
597 2257 894 2314 undecim.
914 2257 1035 2312 Sub
1056 2273 1123 2313 eo
1154 2256 1307 2326 ignis
1334 2257 1475 2313 cmlo
1504 2257 1575 2313 ab
1597 2272 1806 2313 occasu
1828 2258 1900 2311 ad
1925 2273 2020 2312 or-

354 2351 506 2405 .tum
536 2345 705 2417 longe
734 2346 963 2417 lateque
986 2345 1182 2418 vagari
1211 2347 1375 2403 visus
1403 2350 1512 2403 est.

454 2437 547 2491 8|
587 2436 721 2493 Post
761 2434 1019 2492 Marcum
1069 2436 1379 2508 imperium
1435 2434 1869 2493 administravit
1920 2440 2023 2493 Se-

380 2541 556 2581 verus
586 2524 745 2580 filius
768 2540 954 2582 annos
984 2532 1144 2593 octo;
1172 2530 1231 2582 et
1260 2525 1318 2581 in
1361 2525 1704 2583 Prmeoneso
1735 2528 2022 2583 mactatus

380 2614 620 2673 interiit.

455 2706 586 2762 Post
615 2705 887 2761 Severum
932 2707 1133 2777 regnat
1188 2704 1548 2761 Commodus
1605 2705 1782 2762 frater
1838 2721 2024 2762 annos

350 2794 719 2852 duodecim.
753 2794 857 2850 Hie
886 2793 1198 2865 sanguinis
1245 2794 1498 2866 bilisque
1560 2796 1884 2852 excretione
1934 2810 2024 2851 re-

387 2884 626 2958 pentine
654 2882 890 2940 occidit.
921 2883 1039 2939 Sub
1070 2882 1128 2938 id
1187 2884 1474 2956 temporis
1530 2884 1891 2956 Theodotus,
1924 2884 2025 2956 qui

388 2974 616 3047 primus
672 2972 836 3028 Pauli
890 2974 1251 3029 Samosateni
1309 2978 1368 3031 et
1431 2974 1682 3031 Nestorii
1729 2975 2026 3033 erroribus

391 3064 614 3124 semina
645 3063 828 3130 dedit,
860 3066 918 3119 et
946 3061 1269 3119 Theodotio
1302 3063 1827 3136 cognoscebantur.

2120 542 2286 614 λίδης
2344 543 2436 598 καὶ
2494 544 2764 617 Κήρινθος
2830 542 2923 597 καὶ
2978 540 3257 603 Νικόλαος
3314 541 3405 596 καὶ
3473 535 3798 605 Ἐϐιωναῖος

2119 633 2174 687 οἱ
2234 633 2586 707 αἱρεσιάρχαι
2666 632 2755 687 καὶ
2835 630 3032 707 ἐχθροὶ
3107 638 3208 701 τῆς
3287 629 3551 701 ἀληθείας
3624 631 3796 706 ἐγνω-

2124 721 2359 797 ρίζοντο.

2194 811 2348 867 Μετὰ
2404 808 2462 865 δὲ
2516 810 2778 886 Τραϊανὸν
2833 805 3183 866 ἐϐασίλευσεν
3242 807 3531 884 Ἀδριανὸς
3590 809 3651 871 ὃς
3703 810 3792 865 καὶ

2121 896 2321 962 Αἴλιος
2374 896 2467 969 ἔτη
2523 896 2626 970 κδ’,
2679 898 2771 954 καὶ
2834 896 3124 972 ὗδεριάσας
3175 897 3456 963 ἀπέθανεν.
3513 901 3615 960 "Oc
3669 899 3793 953 ναὸν

2121 987 2175 1045 ἐν
2208 988 2427 1061 Κυζίκῳ
2474 990 2662 1051 κτίσας
2709 989 2804 1044 καὶ
2862 987 3030 1044 πόλιν
3083 989 3136 1044 ἐν
3190 992 3261 1063 τῇ
3315 988 3500 1064 Θρᾴκῃ
3564 987 3796 1063 Ἀδρια-

2120 1077 2384 1134 νοῦπολιν
2411 1077 2577 1147 αὐτὴν
2623 1078 3093 1153 προσηγόρευσεν.
3140 1078 3260 1155 Ἐφ’
3311 1076 3375 1133 οὗ
3427 1076 3651 1153 Κέρδων
3703 1079 3796 1133 καὶ

2127 1166 2488 1231 Οὖαλεντῖνος
2514 1166 2605 1222 καὶ
2658 1168 2923 1242 Μαρκίων
2974 1166 3068 1222 καὶ
3117 1167 3402 1231 Μοντανὸς
3445 1167 3536 1221 καὶ
3588 1173 3797 1242 Σατορ·

2124 1261 2274 1319 νῖνος
2302 1255 2393 1312 καὶ
2444 1256 2850 1332 Καρποκράτης
2908 1256 2963 1312 οἱ
3012 1256 3366 1334 αἱρεσιάρχαι
3412 1256 3505 1311 καὶ
3557 1254 3798 1319 Ἀκύλας

2123 1344 2506 1423 ἐγνωρίζοντο.

2197 1434 2351 1491 Μετᾶ
2406 1431 2463 1489 δὲ
2518 1432 2798 1510 Ἀδριανὸν
2858 1431 3204 1491 ἐϐασίλευσεν
3294 1437 3618 1497 Ἀντωνῖνος
3693 1431 3790 1505 ἔτη

2123 1523 2231 1598 κβ’.
2264 1524 2382 1601 Ἐφ’
2431 1520 2494 1578 οὗ
2550 1524 2914 1601 Πολόκαρπας
2975 1525 3003 1580 6
3067 1525 3315 1599 μαθητὴς
3373 1525 3633 1581 Ἰωάννου
3692 1528 3793 1578 τοῦ

2126 1609 2539 1687 εὖαγγελιπυῦ,
2590 1614 2679 1669 καὶ
2742 1616 3037 1676 Ἰουστῖνος
3085 1616 3115 1669 6
3164 1612 3476 1691 φιλόσοφος
3517 1610 3608 1668 καί
3671 1622 3793 1669 Διο-

2126 1702 2309 1763 νύσιος
2365 1700 2661 1765 ἐπίσκοπος
2736 1702 3006 1779 Κορίνθου
3064 1701 3470 1779 ἐμαρτύρησαν,
3527 1703 3618 1756 καὶ
3679 1706 3793 1758 Τει-

2126 1791 2309 1852 τιανὸς
2338 1791 2427 1845 καὶ
2461 1789 2815 1865 Βαρδησάνης
2846 1791 2900 1846 οἱ
2938 1791 3311 1866 αἱρεσιάρχαι,
3342 1791 3433 1847 καὶ
3473 1791 3795 1867 Πρισκίλλα

2123 1879 2215 1935 καὶ
2246 1878 2571 1953 Μαξιμίλλα
2601 1880 2657 1936 αἱ
2686 1877 3197 1958 ψευδοπροφήτιδες
3226 1884 3332 1936 τῶν
3378 1880 3519 1937 κατά
3567 1879 3792 1957 Φρύγας

2125 1968 2512 2048 ἐγνωρίζοντο.

2200 2149 2351 2207 Μετᾶ
2388 2147 2445 2206 δέ
2496 2151 2819 2206 Ἀντωιῖνον
2877 2144 3193 2206 ἐϐασίλευσε
3250 2150 3475 2226 Μάρκος
3524 2151 3644 2212 υἱὸς
3689 2149 3783 2206 αὖ·

2128 2244 2226 2296 τοῦ
2258 2238 2352 2312 ἔτη
2389 2241 2475 2297 ια’.
2508 2240 2625 2319 Ἐφ’
2653 2240 2716 2295 οὗ
2746 2244 2852 2314 πῦρ
2880 2239 2940 2296 ἐκ
2966 2244 3066 2296 τοῦ
3113 2238 3346 2315 οὐρανοῦ
3400 2239 3508 2295 ἀπὸ
3561 2237 3798 2313 δυσμῶν

2129 2330 2212 2386 ἐπ’
2243 2329 2514 2393 ἀνατολὰς
2547 2331 2846 2408 φερόμενος
2879 2328 3063 2407 ὣφθη.

2200 2420 2352 2477 Μετὰ
2383 2416 2440 2475 δὲ
2495 2420 2724 2494 Μάρκον
2784 2414 3105 2475 ἐϐασίλευσε
3163 2413 3410 2492 Σεϐῆρος
3458 2420 3576 2483 υἱὸς
3622 2419 3797 2476 αὐτοῦ

2129 2506 2224 2582 ἔτη
2256 2510 2327 2581 η’,
2356 2509 2445 2565 καὶ
2479 2507 2685 2590 ἐσφάγη
2719 2507 2771 2565 ἐν
2809 2510 3194 2585 Προικονήσῳ.

2202 2687 2354 2746 Μετὰ
2382 2685 2441 2743 δὲ
2488 2681 2735 2758 Σεϐἧρον
2791 2684 3109 2745 ἐϐασίλευσε
3159 2687 3410 2763 Κόμοδος
3476 2689 3505 2745 6
3555 2687 3798 2769 ἀδελφὸς

2132 2777 2298 2835 αὐτοῦ
2323 2773 2417 2848 ἔτη
2455 2779 2548 2854 ιβ’,
2577 2778 2669 2833 καὶ
2700 2777 2804 2834 ὑπὸ
2835 2779 3130 2856 ἀναγωγῆς
3189 2778 3420 2853 αἳμανος
3469 2780 3562 2834 καὶ
3609 2779 3800 2856 χολῆς

2132 2867 2329 2945 ἀθρόον
2414 2867 2698 2932 ἀπέθανεν.
2786 2869 2899 2948 Ἐφ’
2974 2868 3038 2924 οὗ
3104 2868 3196 2925 καὶ
3262 2866 3548 2941 Θεόδοτος,
3614 2871 3645 2925 6
3702 2871 3795 2925 καὶ

2132 2963 2353 3030 πρῶτος
2412 2964 2514 3028 τῆς
2596 2956 2734 3013 κατᾶ
2829 2955 3046 3013 Παῦλον
3142 2959 3236 3014 τὸν
3305 2958 3627 3033 Σαμοσατέα
3700 2960 3799 3014 καὶ

2134 3046 2429 3123 Νεστόριον
2460 3044 2677 3119 πλάνης
2730 3045 3058 3122 ἀρξάμενος,
3114 3048 3208 3104 καὶ
3264 3045 3570 3105 Θεοδοτίων
3620 3047 3799 3124 ἐγνω-

2138 3136 2372 3214 ρίζοντο·

460 3241 601 3294 Post
628 3236 1017 3295 Commodum
1049 3237 1320 3295 Pertinax
1350 3253 1582 3295 menses
1604 3238 1752 3295 duos
1781 3237 2021 3310 impera-

2145 3202 2149 3214 .
2209 3202 2453 3285 Μετᾶδέ
2509 3221 2762 3301 Κὸμοδον
2814 3221 3135 3284 ἐϐασίλευσε
3186 3227 3442 3301 Περτίναξ
3496 3235 3670 3302 μῆνας
3725 3230 3795 3299 3‘,

354 3376 363 3383 .
389 3327 505 3385 vit:
539 3344 574 3384 a
602 3327 892 3384 militibus
912 3328 983 3384 ad
1018 3330 1263 3384 mortem
1291 3327 1462 3385 datus
1491 3330 1601 3384 est.

459 3421 594 3473 Post
625 3416 986 3474 Pertinacem
1017 3415 1332 3488 imperium
1363 3420 1633 3490 procurat
1661 3416 1889 3483 Didius,
1928 3415 2029 3489 qui
2108 3460 2111 3465 .

2135 3317 2229 3372 καὶ
2262 3316 2465 3394 ἐσφάγη
2499 3316 2604 3372 ὑπὸ
2628 3320 2735 3372 τῶν
2767 3321 3134 3393 στρατιωτῶν.

2213 3402 2457 3463 Μετᾶδέ
2506 3404 2806 3479 Περτίνακα
2853 3399 3174 3461 ἐϐασίλευσε
3230 3402 3425 3468 Δάδιος
3486 3412 3663 3480 μῆνας
3720 3402 3795 3477 δ’,

390 3505 766 3572 etJulianus,
796 3522 1028 3563 menses
1078 3509 1346 3578 quatuor.
1372 3507 1420 3562 A
1474 3505 1856 3577 cubiculario,
1889 3505 2021 3562 dum

2145 3494 2197 3557 ὅς
2247 3495 2340 3551 καὶ
2396 3493 2699 3557 Ἰουλιανὸς
2756 3493 2991 3570 λέγεται,
3062 3494 3155 3550 καὶ
3230 3494 3439 3573 ἐσφάγη
3520 3495 3627 3551 ὑπὸ
3694 3500 3798 3552 to?)

393 3614 524 3656 sese
570 3598 631 3656 in
689 3596 954 3655 Palatino
1011 3597 1171 3654 fonte
1225 3597 1479 3670 piscium
1535 3598 1746 3654 obtutu
1789 3602 2021 3665 recreat,

2145 3580 2598 3661 κουϐικουλαρίου
2631 3583 2709 3647 εἰς
2739 3584 2836 3654 τὴν
2868 3585 3053 3661 πηγήν
3102 3587 3200 3640 τοῦ
3249 3583 3520 3640 παλατίου
3570 3586 3796 3661 θεωρῶν

390 3688 653 3745 caeditur.

2145 3674 2266 3739 τοὺς
2294 3672 2513 3749 ἰχθύας.

463 3777 601 3835 Post
615 3777 845 3834 Didium
863 3778 1174 3852 imperium
1189 3778 1667 3837 obtinetSeverus
1680 3794 1866 3836 annos
1879 3780 2021 3834 octo-

2211 3764 2363 3822 Μετὰ
2398 3760 2456 3818 δέ
2482 3760 2689 3819 -Δάδιον
2744 3757 3063 3819 ἐϐασίλευσε
3112 3758 3359 3839 Σεϐῆρος
3402 3757 3496 3835 ἔτη
3543 3765 3634 3835 ιη’.
3677 3765 3800 3843 Ἐφ’

392 3867 686 3926 decim.Ea
703 3850 1044 3941 tempestate
1058 3867 1340 3926 Leonides
1352 3869 1664 3942 episcopus
1677 3872 1732 3926 et
1744 3872 1905 3941 pater
1916 3866 2021 3923 Ori

2145 3852 2206 3910 οὗ
2266 3850 2545 3925 Λεωνίδης
2604 3855 2632 3908 6
2684 3852 2982 3917 ἐπίσκοπος
3065 3853 3156 3908 καὶ
3226 3856 3405 3928 πατὴρ
3485 3853 3805 3930 Ὠριγένους

394 3959 562 4031 genis
592 3960 769 4015 vitam
802 3975 969 4016 suam
996 3975 1100 4033 per
1124 3941 1467 4033 martyrium
1518 3941 1733 4032 posuit.
1768 3956 2021 4014 Clemens

2145 3943 2512 4021 ἐμαρτύρησε,
2564 3942 2657 3998 καὶ
2712 3943 2956 4018 Κλήμης
2987 3945 3015 3999 ὁ
3074 3941 3441 4019 Στρωματεὺς
3494 3943 3586 3998 καὶ
3644 3943 3803 4018 Σύμ-

394 4052 780 4118 Stromateus,
813 4050 1220 4123 Symmachus,
1252 4049 1532 4123 Origenes
1561 4049 1698 4106 item
1731 4047 2021 4105 ﬂorebant,

2148 4054 2335 4110 μαχος
2350 4034 2469 4123 ,καί
2484 4034 2761 4123 Ὡριγένης
2792 4033 2986 4123 ἐγνωᾼρί
2997 4038 3174 4123 ζοντο.

464 4143 605 4197 Post
632 4116 911 4196 Severum
938 4116 1278 4197 Antoninus
1306 4116 1537 4195 etheta
1564 4138 1693 4210 ejus
1720 4137 1898 4194 frater
1926 4135 2021 4191 im-

2218 4121 2375 4179 Μετᾶ
2432 4119 2491 4177 δὲ
2558 4116 2798 4198 Σεϐῆρον
2886 4116 3230 4178 ἐϐασίλευσεν
3307 4122 3625 4183 Ἀντωνῖνος
3706 4122 3800 4177 καὶ

398 4229 628 4303 perium
659 4232 861 4286 tenent
908 4243 1140 4286 menses
1196 4229 1372 4286 duos.
1404 4208 1688 4285 Pristerea
1717 4225 2021 4283 Antoninus

2145 4209 2368 4277 Γέταςὸ
2408 4208 2642 4291 ἀδελφὸς
2701 4209 2866 4268 αὐτοῦ
2926 4217 3102 4284 μῆνας
3168 4211 3258 4303 βεζ
3297 4212 3396 4268 Καὶ
3447 4211 3646 4290 σφάξας
3703 4213 3799 4267 τὸν

396 4298 573 4376 fratre
604 4322 855 4376 mactato
886 4318 1049 4377 solus
1079 4319 1395 4393 imperium
1453 4316 1827 4376 adminisirat
1854 4331 2021 4372 anno:

2145 4299 2384 4378 ἀδελφὸν
2441 4302 2612 4357 αὐτοῦ
2666 4300 2757 4357 καὶ
2817 4302 3174 4378 μοναρχήσας
3233 4298 3326 4371 ἔτη
3388 4301 3432 4365 ς’
3495 4300 3800 4378 ἀναιρεῖται

395 4426 517 4466 sex.
545 4411 590 4465 A
616 4408 866 4482 propriis
887 4388 1218 4483 jugulatur.

2150 4391 2255 4446 ὑπὸ
2282 4394 2391 4447 τῶν
2421 4388 2599 4449 ἰδίων.

468 4474 994 4555 Post-Antoninum
1022 4498 1355 4556 Antoninus
1412 4496 1747 4555 Caracallus
1794 4493 2021 4568 imperii

2228 4479 2376 4543 Μετὰ
2432 4478 2490 4536 δέ
2548 4483 2869 4539 Ἀντωνῖνον
2945 4474 3296 4537 ἐϐασίλευσεν
3383 4481 3713 4545 Ἀντωνῖνος
3773 4484 3803 4538 6

399 4588 633 4663 praafuit
660 4603 845 4644 annos
873 4588 1079 4659 viginti
1109 4604 1233 4647 sex.
1264 4591 1330 4647 In
1358 4587 1555 4662 prelio
1586 4564 1901 4647 occiditur:
1921 4584 2021 4643 Sul

2151 4571 2475 4651 Καράκαλος
2534 4568 2628 4642 ἔτη
2685 4571 2788 4640 κζ’,
2844 4569 2934 4625 καὶ
2989 4568 3197 4647 ἐσφάγη
3257 4567 3311 4626 ἐν
3365 4568 3623 4645 πολέμῳ,
3685 4573 3806 4652 Ἐφο

354 4747 363 4753 ι
397 4659 464 4736 eo
496 4676 752 4735 Galenus
787 4676 1049 4733 medicus
1075 4659 1378 4735 innotuit.—

2145 4668 2208 4725 οὗ
2240 4667 2306 4737 ἦν
2341 4660 2590 4734 Γαληνὸς
2621 4662 2649 4716 6
2680 4659 2885 4753 ἰατρός.

469 4769 769 4825 Antonino
800 4767 1063 4823 succedit
1090 4765 1735 4840 Macrinus,regnatque
1759 4770 1948 4825 annos
1967 4765 2021 4821 4‘

2217 4754 2365 4814 Μετὰ
2393 4750 2451 4808 δέ
2486 4752 2811 4809 Ἀντωνῖνον
2872 4743 3188 4806 ἐϐασίλευσε
3245 4751 3523 4825 Μακρῖνος
3577 4745 3674 4822 ἔτη
3730 4749 3803 4824 δ’,

397 4861 470 4920 ab
490 4859 799 4917 .Antonino
832 4856 1103 4914 sublatus
1133 4861 1243 4915 est.
1487 4839 1506 4840 ί

2145 4847 2238 4903 καὶ
2269 4842 2475 4923 ἐσφάγη
2503 4842 2605 4897 ὑπὸ
2639 4839 2982 4898 ⁹Αντώνίνου.

466 4952 569 5008 32
594 4950 730 5006 Post
759 4947 1081 5005 Maerinum
1111 4946 1428 5020 imperium
1478 4946 1664 5004 tenuit
1710 4945 2021 5003 Antonium

2220 4934 2371 4993 Μετᾶ
2425 4929 2485 4987 δὲ
2567 4935 2841 5006 Μακρῖνον
2928 4924 3270 4985 ἐϐασίλευσεν
3358 4931 3684 4996 ’Δντωνῖνος
3773 4932 3803 4985 6

396 5041 601 5101 Galba.
637 5038 1004 5096 interimitur
1024 5038 1096 5095 ah
1119 5016 1471 5095 Alexandro.

2150 5020 2389 5094 Γάλϐας,
2421 5020 2513 5078 καὶ
2545 5019 2753 5095 ἐσφάγη
2789 5019 2893 5075 ὑπὸ
2924 5016 3307 5093 Ἀλεξανδρου,

352 5124 357 5131 ’
468 5135 602 5190 Post
645 5127 1006 5188 Antoninum
1048 5126 1358 5200 imperavit
1410 5126 1737 5184 Alexander
1791 5124 2021 5182 Mamaea

2224 5114 2378 5174 Μετᾶ
2437 5111 2495 5168 δὲ
2552 5113 2875 5169 Ἀντωνῖνον
2953 5103 3297 5200 ἐϐασίλευσεν
3360 5107 3713 5188 Ἀλέξανδρος
3776 5114 3805 5169 6

395 5223 554 5280 filius
589 5238 777 5279 annos
805 5218 1109 5287 tredecim,
1139 5222 1197 5276 et
1234 5216 1465 5274 insidiis
1518 5214 1816 5273 Maximini
1876 5213 2021 5269 duci:

2152 5203 2412 5282 Μαμαίας
2443 5198 2538 5272 ἔτη
2601 5207 2684 5287 ιγί,
2735 5199 2828 5255 καὶ
2888 5196 3090 5277 ἐσφάγη
3147 5196 3240 5253 σὺν
3291 5201 3360 5273 τῇ
3420 5201 3591 5275 μητρὶ
3633 5202 3805 5258 αὐτοῦ

398 5312 828 5369 circumventus
856 5324 991 5365 cum
1011 5308 1255 5365 Mamaea
1278 5310 1462 5363 matre
1481 5304 1735 5361 violenta
1755 5309 1933 5360 morte
1947 5318 2021 5359 oe

2157 5293 2387 5371 Μαμαίᾳ
2444 5292 2493 5362 ἐξ
2549 5285 2851 5359 ἐπιϐουλῆς
2910 5286 3216 5362 Μαξιμίνου
3297 5294 3622 5367 στρατηγοῦ,
3683 5293 3808 5371 Ἐφν

362 5392 367 5397 ’
400 5400 622 5458 cubuit.
655 5401 772 5457 Sub
802 5416 868 5456 eo
898 5398 1209 5457 Narcissus
1242 5394 1779 5467 Hierosolymorum
1820 5391 2021 5466 episeo

2155 5383 2218 5442 οὗ
2276 5383 2581 5458 Νάρκισσος
2637 5378 2931 5440 ἐπίσκοπος
2981 5376 3383 5454 Ἱεροσολύμων
3442 5376 3493 5434 ἐν
3552 5384 3632 5451 τῷ
3696 5383 3801 5457 βα..

401 5505 535 5562 pus,
568 5505 701 5545 cum
732 5490 885 5546 inter
912 5488 1333 5561 baptizandum
1372 5464 1567 5543 oleum
1614 5464 1911 5541 unctionis
1941 5482 2021 5538 de-

2151 5472 2385 5543 πτίζειν,
2416 5467 2602 5526 ἐλαίου
2648 5471 2745 5524 τοῦ
2794 5465 3101 5562 χρίσματος
3158 5464 3470 5562 λείψαντος,
3519 5464 3802 5527 ἐκέλευσεν

403 5553 662 5645 iecisset,
692 5576 868 5649 jussit
908 5581 974 5633 ut
992 5553 1155 5649 aqua
1184 5576 1247 5634 in
1266 5592 1368 5633 vas
1402 5574 1832 5646 infunderetur,
1865 5587 2021 5645 quau

2154 5561 2301 5649 ὕδωρ
2332 5560 2385 5617 ἐν
2442 5563 2524 5634 τῷ
2579 5564 2830 5649 κρατῆριΔ
2863 5555 3155 5649 βληθῆναι,
3209 5553 3301 5611 καὶ
3367 5557 3804 5635 προσευξάμενος

403 5642 677 5748 precibus
692 5642 767 5724 in
797 5664 994 5725 oleum
1021 5642 1421 5723 commutavit.
1816 5642 1825 5646 ⁷
1881 5642 1902 5645 ⁷

2155 5652 2232 5721 εἰς
2262 5646 2446 5709 ἔλαιον
2472 5652 2635 5708 τοῦτο
2669 5642 2957 5727 μετέϐαλε.
