4062 6202
175 352 296 411 253

1551 347 1650 408 OH
1661 348 2228 412 RONOGRAPHIA

3479 351 3596 410 254

253 478 405 533 Μετᾶ
466 475 522 532 δὲ
598 475 942 552 Ἀλέξανδρον
1001 474 1315 534 ἐϐασίλευσε
1376 481 1681 553 Μαξιμῖνος
1741 478 1832 550 ἔτη

2021 487 2153 539 Post
2182 482 2578 540 Alexandrum
2608 483 2854 556 imperat
2887 481 3232 537 Maximinus
3265 498 3452 538 annos
3479 485 3599 539 tres

213 569 224 592 ν
359 566 371 583 ι
420 566 435 580 ς
536 565 546 583 ρ
665 567 678 583 ρ
741 568 753 584 ι
865 572 887 582 .-
1122 572 1144 583 ν
1215 564 1240 582 ν
1311 573 1336 584 ς.
1397 570 1407 588 a
1503 571 1516 591 ,
1607 570 1634 586 τι·

178 589 214 640 γ
237 611 251 622 .
285 589 373 620 και
417 587 622 644 εσφαγη
659 589 763 621 uno
796 588 892 622 του
919 587 1149 642 στρατου
1177 589 1360 625 αοτου.
1415 571 1493 646 Ego
1573 589 1635 622 ου
1696 572 1843 625 Λαυ-

182 658 393 731 ρὲντιος
440 657 527 709 καὶ
584 657 890 731 Κυπριανὸς
942 658 1341 734 ἐμαρτύρησαν.

252 747 402 800 Μετὰ
433 745 491 801 δὲ
534 747 840 820 Μαξιμῖνον
894 745 1208 804 ἐϐασίλευσε
1267 747 1610 811 Ιιουπλιανὸς
1670 755 1839 822 μῆνας

198 837 263 909 β’,
298 843 388 889 καί
433 835 636 914 ἐσφάγη
675 835 725 890 ἐν
759 835 1013 912 πολέμῳ.

248 926 398 980 Μετὰ
459 923 514 980 δὲ
584 926 924 983 Ιιουπλιανὸν
1019 923 1333 984 ἐϐασίλευσε
1417 927 1637 1004 Ἰούνωρ
1737 934 1838 1003 μῆ,

176 1036 267 1078 νας
291 1019 352 1085 ζ’.

247 1125 396 1180 Μετᾶ
429 1122 488 1180 δὲ
532 1129 791 1198 Ἰουνωρα
831 1120 1149 1183 ἐϐασίλευσε
1206 1126 1501 1203 Γορδιανὸς
1571 1126 1688 1188 υίὸς
1744 1125 1842 1180 αύ-

177 1219 271 1270 τοῦ
301 1212 397 1285 ἔτη
435 1211 621 1282 δ’,καὶ
652 1214 702 1270 ἐν
749 1214 984 1290 πολέμῳ
1026 1217 1316 1292 συμπεσὼν
1363 1222 1442 1290 τῷ
1495 1215 1651 1290 ἳππῳ
1707 1215 1839 1270 ἀπέ-

178 1306 355 1360 θανξν.

249 1412 416 1468 Μετᾶ
473 1409 530 1466 δὲ
587 1409 882 1486 Γορόιανόν
941 1410 1256 1471 ἐϐασίλευσε
1306 1413 1595 1478 Φίλιππος
1646 1414 1674 1468 6
1739 1420 1842 1483 τῆς

177 1501 334 1574 ἁγίας
376 1499 638 1578 Εὒγενίας
670 1503 853 1577 πατὴρ
888 1501 980 1574 ἔτη
1015 1505 1078 1572 ε’,
1111 1503 1169 1566 ὃς
1226 1504 1316 1559 καὶ
1378 1506 1479 1574 τήν
1523 1501 1839 1558 Φιλιππού-

177 1589 350 1644 πολιν
379 1588 610 1646 ἔκτισεν.
665 1590 929 1666 Ἀνῃρέθη
991 1589 1047 1648 δὲ
1086 1594 1201 1665 ἃμα
1254 1597 1333 1665 τῷ
1362 1595 1466 1666 υἱῷ
1514 1593 1617 1648 ὑπὸ
1650 1595 1838 1648 Δεκίου

180 1677 266 1734 δια
301 1681 367 1735 τὸ
404 1682 540 1756 ὑπὲρ
571 1685 919 1756 Χριστιανῶν
953 1683 1332 1758 ἀγωνίζεσθαι.

1949 573 2140 628 Asuis
2173 572 2459 629 militibus
2496 573 2902 629 obtruncatur.
2928 573 3045 628 Sub
3078 588 3144 629 eo
3175 572 3524 628 Laurentius
3545 579 3604 629 et

1948 662 2270 734 Cyprianus
2303 679 2404 734 pro
2439 662 2660 719 Christo
2691 663 2808 719 vita
2834 662 3154 732 privantur.

2022 755 2335 811 Maximino
2374 755 2650 811 successit
2703 754 3026 811 Publianus
3080 771 3308 811 menses
3340 755 3508 826 duos,
3537 757 3596 812 in

1951 845 2151 914 pretio
2186 845 2595 916 interemptus.

2022 932 2302 991 Publiano
2331 936 2511 992 Juuor
2543 950 2771 990 menses
2801 951 2918 992 sex.

2018 1127 2225 1184 Junori
2257 1127 2578 1184 Gordianus
2609 1127 2764 1184 ﬁlius
2795 1144 2982 1184 annos
3015 1135 3282 1199 quatuor.
3316 1127 3418 1184 Hic
3451 1143 3598 1200 equo

1949 1215 2010 1273 in
2043 1217 2240 1287 proelio
2265 1218 2574 1274 concidens
2600 1233 2630 1274 e
2659 1218 2775 1273 vita
2814 1217 3048 1289 migrat.

2020 1396 2308 1454 Gordiano
2387 1395 2671 1452 successit
2779 1395 3086 1466 Philippus
3187 1399 3399 1451 sanctas
3484 1395 3595 1450 Eu-

1949 1488 2134 1560 geniae
2190 1493 2378 1560 pater,
2434 1488 2734 1558 tenuitque
2795 1485 3109 1558 imperium
3167 1501 3351 1541 annos
3419 1485 3595 1557 quin-

1948 1595 2082 1650 que.
2142 1578 2246 1633 Hic
2305 1576 2764 1649 Philippopolim
2821 1575 3100 1642 condidit,
3144 1590 3450 1646 casusque
3506 1581 3594 1630 est

1949 1686 2067 1726 una
2098 1683 2232 1724 cum
2266 1667 2384 1724 filio
2405 1684 2438 1723 a
2459 1667 2653 1734 Decio,
2673 1667 2827 1738 quod
2843 1665 3199 1722 Christianas
3229 1669 3423 1737 partes
3454 1668 3600 1724 tuta-

1947 1762 2126 1817 retur.

239 1862 400 1916 Μετὰ
445 1856 501 1914 δὲ
533 1858 816 1916 Φίλιππον
850 1856 1196 1917 ἐϐασίλευσεν
1249 1862 1474 1937 Ἰούνωρ
1527 1860 1645 1923 υἱὸς
1702 1865 1834 1934 Γορ-

2021 1849 2155 1905 Post
2187 1847 2518 1921 Philippum
2550 1847 2857 1920 imperavit
2893 1848 3076 1902 Junor
3106 1846 3381 1902 Gordiani
3439 1846 3596 1903 ﬁlius

170 1946 364 2002 διαεθοῦ
398 1949 492 2018 ἔτη
528 1950 597 2025 β’,
628 1950 721 2004 καὶ
748 1948 1034 2026 ὒδεριάσας
1079 1951 1356 2016 ἀπέθανενσ
1421 1953 1538 2028 Ἐφ’
1598 1949 1660 2005 οὗ
1722 1955 1833 2004 Σα-

171 2032 408 2099 ϐἐλλιος
439 2040 467 2092 ὁ
499 2039 862 2114 αἳρεσιάρχης
895 2041 1237 2116 ἐγνωρίζετο.

239 2125 404 2181 Μετᾶ
433 2123 491 2180 δὲ
523 2128 781 2200 Ἰούνωρα
810 2123 1120 2183 ἐϐασίλευσε
1147 2129 1365 2204 Μάρκος
1396 2126 1488 2200 ἔτη
1518 2129 1583 2203 γ’.

239 2217 404 2270 Μετὰ
464 2213 520 2270 δὲ
580 2216 800 2291 Μάρκον
854 2211 1194 2273 ἐϐασίλευσεν
1272 2215 1656 2282 Ἰουσδινιανὸς
1739 2214 1832 2288 ἔτη

177 2305 240 2377 β’,
288 2307 382 2359 καὶ
422 2301 891 2382 φλεϐοτομηοεῒς,
943 2305 1234 2382 ἐπειδήπερ
1288 2305 1517 2382 ἐξεχύθη
1577 2307 1640 2362 τὸ
1695 2307 1836 2380 αἷμα

175 2394 347 2449 αυτοῦ
377 2393 431 2450 ἐν
464 2401 545 2467 τῷ
575 2394 876 2468 καθεύδειν,
909 2395 1298 2471 λιποθυμήσας
1331 2396 1577 2461 ἀπέθανε.

242 2485 404 2540 Μετὰ
473 2482 534 2539 δὲ
589 2485 970 2540 Ἰουστινιανὸν
1035 2480 1352 2540 ἐϐασίλευσε
1412 2485 1694 2548 Φίλιππος
1740 2483 1833 2555 ἐτη

173 2575 273 2643 κζ’,
310 2574 402 2627 καὶ
438 2573 643 2650 ἐσφάγη
679 2574 730 2628 ἐν
757 2579 839 2647 τῷ
870 2573 1144 2648 παλατίῳ,

238 2683 395 2736 Μετᾶ
449 2681 504 2736 δὲ
571 2679 857 2737 Φίλιππον
918 2677 1262 2738 ἐϐασίλευσεν
1321 2681 1688 2758 Οὐαλεριανὸς
1721 2676 1839 2746 ἔτος

171 2768 244 2835 ἕν,
271 2773 367 2823 καὶ
401 2771 613 2848 ἐσφάγη
660 2771 764 2826 ὑπὸ
797 2776 896 2826 τοῦ
929 2770 1063 2827 λαοῦ
1095 2771 1281 2831 αὐτοῦ.

237 2861 397 2917 Μετᾶ
427 2857 484 2914 δὲ
521 2858 889 2935 Οὐαλεριανὸν
922 2857 1237 2916 ἐϐασίλευσε
1284 2859 1499 2924 Γάλλος
1566 2868 1713 2936 μῆνα
1768 2861 1836 2930 α’,

171 2950 260 3004 καὶ
293 2948 512 3027 ἐσφάγη
546 2949 824 3014 καθεύδων
859 2949 962 3005 ὑπὸ
999 2957 1100 3020 τῆς
1130 2947 1272 3015 ἰδίας
1301 2952 1578 3026 γυναικός.

457 3054 498 3073 λι

236 3059 391 3114 Μετὰ
455 3054 511 3112 δὲ
572 3057 784 3114 Γάλλον
854 3053 1167 3115 ἐϐασίλευσε
1226 3059 1416 3121 Δέκιος
1472 3054 1591 3121 ἔτος
1661 3059 1725 3130 α’,
1749 3057 1839 3114 καὶ

177 3148 384 3224 ἐσσί-ρ]
423 3147 476 3202 ἐν
517 3153 599 3220 τῷ
628 3148 886 3222 πολέμῳο
915 3151 1062 3227 εἘφ’
1111 3149 1172 3204 οὗ
1218 3149 1311 3204 καὶ
1357 3143 1608 3210 Βαϐύλας
1655 3149 1683 3203 ὁ
1726 3150 1836 3206 Ἀν-

174 3239 428 3316 τιοχείας

176 3327 582 3401 Ἰεροσολύμων
643 3329 734 3382 καὶ
799 3327 1075 3389 Διονύσιος
1130 3325 1538 3402 Ἀλεξανδρείας
1612 3327 1844 3404 ἐμαρτύ-

183 3437 375 3491 ρησαν,
435 3417 526 3470 καὶ
578 3419 826 3479 Ναυατος
880 3424 980 3488 τῆς
1047 3415 1380 3488 Ἐκκλησίας
1449 3415 1680 3488 ἀπέστη,
1748 3417 1840 3472 καὶ

176 3505 445 3568 Κελσαῖος
473 3507 501 3560 ὁ
533 3507 896 3585 αἱρεσιάρχης
928 3505 1266 3582 ἐγνωρίζετο.

249 3596 405 3652 Mani
465 3593 523 3650 δὲ
581 3594 769 3650 Δέκιον
827 3591 1169 3652 ἐϐασίλευσεν
1234 3594 1562 3671 Δίμιλιανὸς
1621 3593 1741 3660 ἔτος
1772 3595 1840 3668 α’,

180 3687 269 3739 καὶ
304 3684 508 3761 ἐσφάγη
546 3684 597 3740 ἐν
626 3690 706 3758 τῷ
730 3683 1002 3760 παλατίῳ.

251 3793 399 3847 Μετὰ
449 3788 507 3846 δὲ
563 3789 891 3864 Αἱμιλιανὸν
963 3787 1274 3849 ἐϐασίλευσε
1332 3793 1630 3856 Γαλλιανὸς
1715 3793 1838 3865 ἔτη-

186 3903 253 3954 γ,
317 3881 408 3936 καὶ
471 3881 676 3957 ἐσφάγη
739 3880 791 3935 ἐν
860 3878 1116 3956 πολεμῳ.
1168 3884 1285 3960 Ἐφ’
1341 3884 1721 3960 οὗἊρτέμίος
1748 3884 1838 3939 καὶ

193 3969 447 4025 Συνέπων
496 3971 548 4025 οἱ
602 3971 953 4046 αἱρεσιάρχαι
1000 3969 1382 4048 ἐγνωρίζοντο,
1467 3972 1555 4028 καὶ
1628 3973 1840 4048 Γρηγό-

196 4080 312 4133 pro:
366 4061 396 4114 α
457 4060 881 4135 Θαυματουργὸς
930 4060 960 4114 ὁ
1031 4061 1123 4115 καὶ
1203 4062 1452 4136 μαθητής
1525 4063 1837 4137 Ὠριγένους

196 4143 492 4224 διέπρεπεν.

265 4239 405 4294 Μετᾶ
434 4236 493 4294 δὲ
524 4237 832 4295 Γαλλιανὸν
863 4233 1176 4296 ἐϐασίλευσε
1208 4237 1479 4304 Κλαύδιος
1510 4234 1602 4313 ἔτη
1645 4236 1714 4302 ϐ’.

263 4419 403 4474 Μετᾶ
457 4418 518 4475 δὲ
579 4415 851 4474 Κλαύδιον
901 4413 1216 4476 ἐϐασίλευσε
1271 4419 1622 4484 Κυντιλιανὸς
1695 4419 1833 4496 ὴμέ-

201 4529 288 4582 ρας
319 4510 375 4578 ζ’.

266 4601 404 4656 Μετὰ
480 4599 538 4656 δὲ
619 4599 976 4659 Κυντιλιανὸν
1053 4597 1394 4658 ἐϐασίλευσεν

201 4687 284 4758 ἔτη
332 4692 389 4758 ε’,
435 4691 530 4746 καὶ
574 4690 784 4771 ἐσφάγη
849 4692 952 4747 ὑπὸ
983 4695 1080 4746 τοῦ
1109 4687 1592 4768 κουϐικουλαρίου.
1626 4694 1742 4772 Ἐφ’
1773 4695 1836 4749 οὗ

197 4779 329 4835 παῖὸ
358 4777 509 4858 ἅγιος
542 4781 806 4858 Χαρίτων
860 4780 1214 4858 ὡμολόγησε,
1253 4783 1342 4838 καὶ
1376 4784 1564 4855 Μάνης
1619 4784 1647 4839 ὁ
1707 4805 1835 4858 μια-

199 4871 282 4940 ρὸς
319 4872 404 4925 καὶ
453 4871 885 4946 τρισκατάρατος
938 4871 1167 4946 ἀνεφύη,
1224 4873 1452 4946 Χριστὸν
1498 4873 1682 4928 ἑαυτὸν
1741 4874 1833 4930 καὶ

199 4961 399 5033 Πνεῦμα
430 4959 589 5036 ἅγιον
626 4961 654 5014 6
705 4957 1085 5033 δαιμονιώδης
1121 4962 1562 5038 μορφαζόμενος.
1617 4962 1830 5027 Ηαῦλος

201 5044 249 5102 δέ
295 5071 372 5112 τις
411 5055 494 5123 τῷ
572 5049 799 5107 Μανέντι
856 5049 1034 5123 τούτῳ
1084 5049 1390 5128 σύγχρονος
1447 5053 1708 5129 γεγονὼς,
1768 5055 1830 5110 τὸ

194 5137 326 5212 γένος
359 5142 451 5212 μὲν
483 5139 858 5214 Σαμοσατευς,
891 5139 1232 5216 Ἀντιοχείας
1299 5138 1356 5196 δέ
1411 5148 1512 5212 τῆς
1581 5143 1829 5218 μεγάλης

196 5227 465 5306 πρόεδρος,
501 5229 668 5304 ψιλὸν
710 5229 993 5306 ἄνθρωπον
1023 5231 1158 5285 εἶναι
1189 5231 1282 5286 τὸν
1340 5229 1827 5311 Κύριονςιέδυσφή-

196 5341 368 5390 μησεν.
421 5323 558 5378 Εἶτα
617 5319 1049 5394 Ἀπολλινάριός
1115 5340 1199 5375 τις
1277 5321 1498 5400 ἀνεφύη,
1558 5319 1823 5397 πρόεδρος

194 5408 494 5474 Λαοδικείας
534 5417 637 5479 τῆς
692 5409 919 5485 Συρίας,
975 5409 1034 5471 ’ὀς
1066 5408 1236 5485 σάρκα
1303 5411 1397 5485 μὶν
1456 5410 1820 5487 ἐψυχωμένην

194 5501 333 5574 ψυχῇ
373 5504 582 5575 ζωτικῇ
639 5497 992 5574 ἀνειληφέναι
1044 5500 1136 5554 τὸν
1191 5498 1384 5576 Κύριον
1427 5493 1630 5576 ἔλεγεν,
1663 5499 1823 5558 ἄνουν

195 5583 259 5648 δὲ.
291 5592 415 5654 Μεθ’
457 5589 518 5645 ὅν
549 5587 898 5667 ἀναφαίνεται
953 5608 1036 5651 τις
1091 5587 1393 5666 Θεόδωρος,
1442 5591 1820 5666 Μοψουεστίας

189 5677 383 5746 πόλεως
438 5683 496 5738 ἓν
550 5679 777 5754 Κιλικίᾳ
827 5678 930 5750 τήΑ
981 5677 1280 5758 ἡγεμονίαν
1341 5677 1556 5758 λαχὼν,
1616 5681 1675 5746 ὅς
1727 5677 1820 5742 ἕνα

519 3238 610 3292 καὶ
664 3234 980 3302 Φλαϐιανὸς
1021 3226 1258 3313 γῬωμης
1325 3239 1414 3294 καὶ
1482 3235 1838 3313 Ἀλέξανδρος
1877 3226 1921 3294 C

1947 1955 2131 1994 annos
2154 1939 2322 1994 duos.
2354 1941 2517 2009 Aqua
2564 1937 2852 1993 intercute
2908 1935 3320 2008 exstinguitur.
3377 1936 3498 1991 Sub
3531 1953 3597 1992 eo

1943 2025 2230 2084 Sabellius
2262 2025 2648 2082 bteresiarcha
2677 2026 2921 2082 vivebat.

2017 2103 2146 2155 Post
2167 2099 2445 2154 Junorem
2477 2098 2738 2170 regnavit
2766 2102 2992 2153 Marcus
3025 2112 3208 2153 annos
3242 2103 3374 2152 tres.

2017 2189 2117 2244 83
2147 2190 2283 2245 Post
2311 2187 2568 2244 Marcum
2609 2186 2976 2242 Justinianus
3029 2201 3216 2242 annos
3264 2187 3431 2242 duos.
3489 2186 3593 2242 Hic

1947 2276 2101 2333 inter
2126 2276 2539 2334 dormiendum
2573 2277 2732 2332 venis
2783 2274 3073 2332 intercisis
3105 2276 3436 2347 amissoque
3467 2293 3598 2332 san-

1948 2368 2124 2440 gnine
2154 2367 2335 2423 animi
2370 2366 2626 2438 deliquio
2660 2366 2853 2438 periit.
3464 2437 3468 2446 ‘

2015 2458 2153 2514 Post
2173 2457 2569 2514 Justinianum
2591 2457 2837 2529 imperat
2853 2455 3160 2530 Philippus
3185 2473 3367 2514 annos
3389 2457 3596 2530 viginti

1947 2564 2071 2614 sex,
2104 2551 2160 2604 et
2190 2547 2249 2602 in
2282 2545 2497 2618 palatio
2527 2547 2926 2602 obtruncatur.

2015 2638 2156 2694 Post
2187 2635 2521 2708 Philippum
2571 2634 2913 2692 Valerianus
2963 2651 3180 2692 annum
3215 2652 3423 2706 unum,
3475 2639 3531 2692 et
3561 2653 3594 2692 a

1947 2727 2070 2783 suis
2103 2727 2473 2782 interficitur.

2018 2816 2156 2872 Post
2193 2814 2569 2872 Valerianum
2614 2815 2807 2870 Gallus
2865 2831 3128 2872 mensem
3185 2831 3386 2874 unum.
3439 2816 3592 2872 Inter

1952 2905 2360 2962 dormiendum
2393 2905 2464 2960 ab
2500 2921 2679 2961 uxore
2709 2909 2970 2960 necatur.

2019 3015 2154 3071 Post
2194 3011 2425 3069 Gallum
2458 3011 2664 3068 Decius
2694 3028 2915 3068 annum
2947 3028 3152 3069 unum.
3204 3013 3268 3070 In
3323 3012 3598 3071 conﬂictu

1950 3103 2359 3175 exstinguitur.
2393 3101 2511 3157 Sub
2540 3117 2606 3157 eo
2640 3101 2885 3174 Babylas
2930 3101 3341 3172 Antiochenus,
3375 3103 3598 3159 Flavia-

1950 3210 2064 3249 nus
2095 3195 2415 3259 Romanus,
2446 3191 2771 3248 Alexander
2801 3189 3359 3263 Hierosolymitanus
3391 3196 3448 3248 ct
3471 3191 3599 3248 Dio-

1951 3282 2152 3355 nysius
2181 3280 2607 3344 Alexandrinus
2639 3280 2896 3352 episcopi
2926 3279 3138 3337 Christi
3197 3297 3368 3336 causa
3425 3298 3595 3337 occu-

1951 3371 2225 3426 buerunt.
2259 3368 2512 3425 Novatus
2553 3369 2627 3425 ab
2665 3368 2923 3425 Ecclesia
2951 3368 3169 3425 scissus
3229 3374 3286 3424 et
3347 3369 3596 3426 Cclsaeus

1950 3461 2090 3516 item
2122 3459 2510 3515 heresiarcha
2528 3457 2992 3528 cognoscebatur.

2022 3553 2160 3606 Post
2190 3549 2431 3605 Decium
2461 3547 2770 3620 imperium
2802 3547 3237 3604 administravit
3257 3549 3600 3605 Emilianus

1951 3655 2173 3695 annum
2211 3654 2410 3694 unum.
2444 3638 2508 3693 In
2540 3637 2756 3709 palatio
2787 3640 3093 3693 mactatus.

2024 3747 2157 3803 Post
2185 3745 2560 3802 Emilianum
2594 3744 2896 3800 Gellianus
2918 3760 3103 3800 annos
3126 3747 3261 3799 tres.
3298 3744 3359 3798 In
3395 3743 3592 3815 proelio

1949 3836 2252 3892 occiditur.
2286 3836 2425 3906 Ejus
2457 3834 2703 3906 imperio
2746 3833 3042 3889 Artemius
3086 3833 3428 3904 Synepoque
3480 3833 3591 3886 ha:-

1950 3925 2252 3981 resiarchas
2286 3922 2811 3994 cognoscebantur.
2857 3921 3170 3994 Gregorius
3202 3921 3337 3977 item
3391 3920 3591 3976 Thau-

1949 4018 2252 4085 maturgus
2283 4011 2668 4084 Origenisque
2697 4010 3016 4082 discipulus
3046 4010 3306 4067 ﬂorebat.

2020 4233 2155 4289 Post
2185 4230 2512 4289 Gallianum
2545 4229 2862 4304 imperium
2886 4229 3077 4287 tenuit
3101 4228 3378 4286 Claudius
3411 4245 3594 4288 annos

1947 4324 2149 4472 “13:1
2181 4413 2488 4471 Claudium
2522 4411 2915 4479 Quintilianus
2943 4411 3067 4470 dies
3095 4412 3152 4468 7.

1493 4601 1838 4678 Αύρηλιανὸς
1866 4597 1914 4664 D
2015 4602 2596 4670 PostQuintilianum
2649 4600 3000 4660 Aurelianus
3029 4619 3211 4660 annos
3243 4603 3517 4676 quinque.
3543 4609 3589 4660 A

1947 4691 2308 4750 cubiculario
2365 4709 2567 4749 caesus.
2627 4692 2750 4748 Sub
2801 4693 2905 4748 84
2934 4709 3000 4749 eo
3055 4697 3292 4750 sanctus
3356 4693 3588 4750 Charito

1946 4783 2509 4856 martyriicoronam
2551 4787 2866 4841 assecutus
2897 4788 3004 4840 est.
3065 4786 3351 4841 Praeterea
3402 4785 3598 4841 Manes

1944 4873 2158 4945 impius
2186 4878 2244 4931 et
2279 4879 2484 4947 terque
2514 4877 2830 4946 quaterque
2851 4875 3239 4931 exsecrandus
3269 4873 3472 4940 oritur,
3496 4872 3593 4943 qui

1944 4981 2006 5022 se
2035 4965 2342 5021 Christum
2365 4971 2424 5022 et
2453 4965 2736 5036 Spiritum
2770 4968 3040 5020 sanctum
3067 4980 3195 5020 esse
3225 4962 3588 5019 dmmonibus

1941 5053 2066 5127 ipse
2097 5054 2350 5129 percitus
2379 5055 2652 5126 iactabat.
2676 5053 2896 5110 Paulus
2911 5059 3073 5110 etate
3091 5053 3303 5108 Maneti
3333 5066 3588 5121 compar,

1937 5160 2144 5216 genere
2192 5145 2642 5213 Samosatenus,
2702 5143 3014 5199 Antiochiae
3075 5157 3298 5214 magnae
3353 5154 3591 5210 pressa,

1939 5235 2161 5290 nudum
2200 5233 2503 5291 hominem
2535 5232 2717 5288 fuisse
2750 5231 3060 5286 Dominum
3093 5229 3416 5286 oblatravit.
3449 5229 3594 5285 Sub-

1960 5325 2176 5380 seculis
2207 5323 2484 5394 deinceps
2513 5319 2877 5392 temporibus
2907 5317 3302 5391 Apollinarius
3331 5317 3593 5391 quidam,

1939 5415 2228 5471 Laodicea
2260 5413 2440 5485 Syrias
2477 5409 2718 5482 pressu],
2751 5408 3065 5465 Dominum
3123 5425 3350 5466 carnem
3400 5410 3595 5468 anima

1929 5505 2160 5561 vivente
2189 5499 2639 5565 animatam,sed
2655 5515 2782 5572 quaa
2803 5498 3046 5555 rationis
3079 5499 3322 5557 minime
3350 5516 3587 5574 compos

1931 5597 2105 5658 esset.
2135 5589 2532 5663 assumpsisse
2557 5588 2904 5646 enuntiavit.
2964 5588 3102 5646 Post
3155 5590 3584 5663 Apollinarium

1930 5682 2296 5754 Theodorus,
2336 5679 2760 5754 Mepsuestine
2791 5678 2952 5737 urbis
3005 5677 3068 5737 in
3126 5678 3324 5740 Cilicia
3373 5688 3585 5765 rector,
