4062 6202
429 363 551 426 255
2004 345 2124 410 3οῈ

2243 345 2265 409 3
3725 337 3851 398 256

427 494 724 552 Christum
785 489 1105 548 Dominum
1167 486 1468 543 hominem
1528 482 1697 538 nobis
1738 479 1992 538 similem
2022 483 2080 535 et
2106 502 2124 546 Α

2243 493 2302 546 ὒν
2359 483 2478 548 καθ’
2515 481 2664 552 ἡμᾶς
2719 477 2918 530 κοινῶν
2975 468 3238 527 ἀπεκάλει
3265 467 3364 524 τὸν
3399 463 3675 536 Δεσπότην
3708 465 3852 540 Χρι-

433 583 757 656 vulgarem,
784 583 842 635 et
871 591 1181 650 progressu
1205 579 1438 631 tantum
1469 571 1720 646 gratiam
1765 571 1868 626 Dei
1925 583 2084 626 rece-

2243 578 2337 645 :6v,
2390 571 2482 626 καὶ
2549 567 2610 622 ἐκ
2666 567 2956 637 προκοπῆς
3007 554 3248 614 λαϐόντα
3297 556 3389 612 καὶ
3425 553 3566 610 κατᾶ
3594 553 3758 629 χάριν
3781 553 3851 608 τὸ

2689 654 2697 656 _
3015 648 3027 656 ,
3091 645 3105 656 _
3267 649 3293 656 _
3358 643 3373 656 θ
3499 647 3528 656 _
3601 643 3641 656 η
3717 637 3771 656 Μ

438 637 592 746 Ρὶεζο
614 672 857 740 ideoque
883 667 1060 723 deum
1090 669 1383 732 vocatum,
1417 668 1474 718 et
1501 678 1570 718 ex
1590 660 2085 732 baptismate,quo

2243 637 2494 720 ;6v'a6'r6v
2529 654 2911 728 ὀνομάζεσθαι,
2942 648 3055 718 καὶ,
3087 645 3147 702 ἐκ
3199 649 3298 701 τοῦ
3355 643 3406 700 ἐν
3462 647 3541 716 τῷ
3601 637 3848 716 Ἰορδάνῃ

436 729 499 818 in
518 729 782 816 ,Ιοιοιὶιιιιο⁸
795 757 1032 813 ablutus
1060 759 1166 824 est,
1226 729 1483 826 Spiritus
1511 729 1697 808 sancti
1741 747 2087 806 muneribus

2243 755 2424 826 ποιμῷ
2501 743 2878 822 βαπτίσματος
2949 735 3243 811 ἀιξωθέντα
3314 741 3418 803 τῆς
3505 734 3602 788 τοῦ
3685 729 3852 807 ἁγίου

439 815 782 918 dignatum;
815 845 1078 902 divinum
1126 815 1318 900 autem
1373 841 1632 899 Verbum
1686 843 1923 912 prOpter
1976 838 2086 892 im-

2243 815 2511 916 νεύματος
2579 815 2831 910 χάριτος,
2881 829 2958 890 ὡς
3007 825 3166 896 δῆθεν
3225 823 3318 879 τὸν
3369 819 3498 876 Θεὸν
3548 818 3726 894 Λόγον
3759 815 3858 872 διὰ

439 913 705 996 mensam
730 913 882 992 illius
940 935 1218 990 virtutem
1279 932 1340 988 in
1391 947 1458 988 eo
1514 929 1828 1000 habitasse,
1889 927 2090 998 illique

2243 938 2290 1006 ἣν
2342 913 2351 916 ν
2398 922 2848 1004 ὑπερϐάλλουσαν
2919 919 3115 996 ἀρετὴν
3205 915 3356 987 αὐτῷ
3449 913 3859 982 κατοικήσαντα

441 1027 808 1099 dignitatem,
855 1025 1244 1093 divinitatem,
1288 1038 1353 1079 ac
1392 1021 1819 1078 venerationem
1851 1017 2088 1074 tandem

2243 999 2522 1080 εταδοῦναι
2578 1017 2676 1080 τῆς
2733 1013 2918 1078 Θεϊκῆς
2976 1006 3127 1078 ἀξίας
3176 1003 3325 1075 αὖτῷ
3363 1000 3453 1056 καὶ
3534 999 3864 1074 προσκυνή-

443 1121 574 1192 post
630 1115 1191 1174 consummationem
1265 1111 1729 1170 communicasse
1779 1108 2089 1164 fatebatur.

441 1207 580 1264 Post
611 1206 768 1262 hunc
797 1205 1099 1262 Nestorius
1129 1218 1159 1259 e
1218 1201 1604 1260 Germanicias
1661 1198 1838 1272 Syrias
1880 1197 2092 1253 throno

444 1295 748 1368 Cpolitano
804 1295 1028 1363 invaso,
1089 1293 1337 1364 majores
1394 1307 1532 1348 suos
1579 1291 1816 1346 secutus
1877 1284 2095 1359 (Cilicis

445 1385 663 1458 quippe
689 1385 868 1454 ﬁlius,
901 1382 1264 1441 Samosateni
1296 1397 1466 1454 repos
1495 1381 1640 1452 erat)
1671 1375 2097 1436 sanctissimam

443 1479 710 1533 nostram
745 1475 1050 1530 Dominam
1085 1472 1389 1544 Deiparam
1401 1485 1607 1528 vocare
1620 1463 2097 1538 renuebat,quasi

445 1565 594 1622 alius
621 1567 774 1622 esset
811 1562 1083 1620 Christus
1109 1565 1167 1618 et
1195 1559 1352 1617 aliud
1383 1559 1639 1616 divinum
1700 1557 1975 1622 Verbum,
2035 1556 2099 1608 ut

449 1655 579 1726 ipse
609 1653 859 1726 patrium
883 1658 940 1708 et
970 1651 1194 1708 avitum
1220 1664 1468 1707 errorem
1485 1652 1722 1706 secutus
1746 1645 2097 1702 affirmabat.

450 1757 733 1810 Praeterea
787 1751 1094 1824 Eutyches,
1157 1750 1257 1822 qui
1317 1757 1448 1822 post
1499 1750 1778 1806 unionem
1837 1747 1984 1803 duas
2038 1743 2099 1800 in

2197 1087 2331 1172 σεως
2362 1108 2414 1172 ἐς
2472 1106 2690 1178 ὕστερον
2755 1099 2891 1174 μετὰ
2919 1098 3021 1167 τὴν
3051 1091 3355 1150 τελείωσιν.
3390 1090 3542 1146 Μετὰ
3572 1087 3631 1144 δὲ
3657 1092 3862 1144 τοῦτον

2195 1199 2520 1276 Νεστόριος,
2539 1194 2644 1250 ἀπὺ
2671 1185 3055 1264 Γερμανικείας
3094 1190 3196 1254 τῆς
3259 1182 3460 1257 Συρίας
3508 1183 3602 1234 τοῦ
3659 1179 3867 1254 Θρόνου

2201 1267 2834 1351 Κωνσταντινουπόλεως
2893 1273 3247 1350 δραξάμενος,
3311 1271 3394 1342 ὃς,
3481 1273 3602 1331 τοῖς
3687 1267 3868 1323 αὐτοῦ

2199 1379 2492 1458 προγόνοις
2533 1371 2801 1443 ἑπόμενος
2829 1368 2968 1443 (υίὸς
3007 1363 3108 1458 γὰρ
3158 1363 3225 1433 ἦν
3269 1365 3368 1416 τοῦ
3429 1357 3678 1427 Κίλικος,
3727 1355 3871 1458 άπά-

2198 1445 2361 1547 γονος
2459 1463 2520 1522 δὲ
2584 1465 2682 1520 τοῦ
2740 1453 3150 1533 Σαμοσατέως),
3236 1452 3532 1524 ἀπηρνεῖτο
3589 1445 3865 1504 Θεοτόκον

2204 1534 2382 1637 λέγειν
2429 1556 2532 1625 τήν
2581 1549 2874 1628 ὁπεραγίαν
2923 1549 3086 1620 ἡμῶν
3121 1543 3464 1637 ᾳΔέσποιναν,
3535 1538 3608 1600 ὡς
3683 1534 3869 1592 ἄλλον

2209 1626 2304 1724 μὲν
2383 1646 2530 1702 εἶναι’
2590 1626 2694 1697 τὸν
2753 1635 3013 1714 Χριστὸν,
3046 1629 3219 1689 ἄλλον
3260 1629 3318 1686 δὶ
3363 1629 3455 1684 τὸν
3513 1627 3644 1682 Θεὸν
3676 1626 3866 1700 Λόγον

2205 1716 2343 1794 κατὰ
2369 1737 2470 1805 τήν
2502 1729 2768 1805 πατρικήν
2802 1727 2968 1781 αὐτοῦ
3015 1720 3227 1792 πλάνην
3289 1716 3660 1793 δογματιζων.
3720 1717 3872 1772 Εἶτα

453 1843 687 1899 Christo
708 1846 949 1899 naturas
978 1841 1306 1899 conservari
1338 1841 1611 1912 negabat.
1657 1843 1900 1894 Severus
1958 1833 2094 1890 item

2243 1827 2490 1904 ἰῦτυχὴς,
2521 1821 2580 1886 ὅς
2609 1820 2902 1893 ἀπηρνεῖτο
2945 1811 3126 1889 λέγειν
3185 1809 3448 1912 σῴζεσθαι
3479 1807 3530 1862 ἐν
3588 1809 3671 1878 τῷ
3731 1823 3873 1912 χὶρι-

461 1890 684 1899 -...----
709 1890 948 1899 πη.--
980 1890 1173 1899 --_--_
1198 1890 1306 1896 ._--
1338 1890 1611 1912 mo---"
1669 1890 1894 1894 _

451 1933 645 1990 nescio
677 1932 832 2005 quis,
860 1933 961 2004 qui
992 1929 1266 1988 Antiochi
1321 1929 1604 1986 thronum
1664 1925 1988 1999 occupavit,
2049 1926 2106 1980 et

2243 1920 2329 1988 ’τῷ
2359 1890 2456 1968 δύο
2489 1911 2675 1987 φύσεις
2703 1905 2840 1982 μετὰ
2865 1905 2966 1974 τὴν
2998 1900 3204 1958 τούτων
3227 1895 3442 1954 ἕνωσιν.
3500 1897 3639 1953 Εἶτα
3678 1890 3873 1965 Σεϐῆ-

2463 2001 2476 2005 -
2580 1999 2592 2005 -
2819 1995 2832 2005 α
2937 1995 2948 2005 ρ
3143 1991 3157 2005 \
3251 1990 3276 2005 Α
3325 1983 3346 2005 -Ι
3496 1987 3510 2005 1
3533 1995 3546 2005 Α
3763 1985 3776 2005 Ι
3840 2003 3852 2005 -

457 2021 581 2079 alii.

406 2287 408 2292 _
530 2211 628 2269 85
676 2213 814 2268 Post
877 2209 1261 2268 Aurelianum
1317 2207 1634 2281 imperium
1684 2201 2110 2261 administravit

464 2299 701 2358 Tacitus
729 2317 959 2360 menses
985 2317 1107 2358 sex.
1139 2301 1223 2356 Ab
1252 2299 1454 2357 amicis
1511 2295 1806 2354 Aureliani
1845 2291 2113 2350 interfici-

467 2394 583 2448 tur.

541 2479 676 2536 Post
701 2477 968 2536 Tacitum
1000 2476 1304 2536 Florianus
1335 2491 1563 2533 menses
1593 2475 1760 2532 duos.
1819 2471 2114 2529 Occiditur

470 2587 506 2627 a
543 2569 752 2626 Probo.

538 2659 678 2716 Post
708 2657 1044 2716 Florianum
1084 2657 1310 2716 Probus
1370 2672 1556 2716 annos
1595 2671 1710 2712 sex.
1758 2651 2052 2710 Occiditur
2081 2667 2116 2709 a

473 2751 641 2808 Caro.

534 2843 670 2896 Post
726 2837 983 2896 Probum
1050 2836 1238 2897 Carus
1296 2853 1518 2894 annum
1559 2850 1751 2892 unum.
1807 2830 2117 2905 Jugulatnr

463 2944 497 2984 a
526 2925 757 2984 Carino.

528 3017 665 3072 Post
701 3019 917 3072 Carum
980 3013 1244 3072 Carinus
1313 3013 1470 3071 ﬁlius
1533 3029 1720 3070 annos
1771 3010 1938 3068 duos.
1985 3007 2120 3064 Vita

460 3104 729 3177 privatur
759 3120 794 3160 a
825 3103 1208 3160 Numeriano.

529 3195 671 3249 Post
697 3191 979 3280 Carinum
1018 3191 1424 3280 Numerianus
1453 3191 1632 3249 frater
1661 3205 1880 3248 annum
1910 3202 2116 3245 unum.
2157 3213 2201 3280 Ο

461 3281 680 3352 Captus
711 3295 745 3336 a
774 3279 966 3337 Persis
997 3279 1154 3338 vivus
1186 3296 1250 3338 ex
1263 3280 1538 3338 coriatur.

547 3446 682 3499 Post
745 3442 1164 3500 Nnmerianum
1222 3441 1617 3500 Diocletianus
1684 3439 1927 3514 imperio
1983 3455 2118 3496 cum

471 3531 790 3592 Maximino
869 3549 1084 3607 genero
1167 3533 1601 3590 communicato
1682 3547 1866 3588 annos
1915 3527 2122 3603 viginti

473 3622 644 3679 duos.
675 3623 892 3679 Eorum
949 3623 1197 3696 imperio
1251 3625 1455 3680 contra
1507 3620 1870 3678 Christianos
1905 3635 2119 3692 magna

470 3715 793 3786 persecutio
825 3717 980 3772 mota
1008 3718 1116 3784 est,
1139 3713 1200 3772 in
1240 3731 1359 3788 qua
1417 3718 1623 3772 Petrus
1692 3709 2124 3769 Alexandrinus

473 3809 802 3884 episcopus,
860 3811 1179 3870 Anthimus
1247 3813 1736 3884 Nicomediensis,
1814 3807 2127 3881 Procopius

479 3901 619 3958 item
645 3905 702 3957 et
731 3901 1073 3960 Theodorus
1119 3901 1476 3961 celeberrimi
1526 3902 1746 3975 aliique
1801 3898 2130 3973 complures

478 4006 582 4064 pro
635 3991 914 4062 religione
965 3991 1296 4050 Christiana
1363 3991 1790 4050 crudelissimis
1846 3986 2130 4060 exemplis

486 4079 823 4152 interempti
852 4085 1010 4137 sunt.
1063 4081 1224 4138 Tune
1253 4081 1427 4138 etiam
1484 4080 1741 4138 innotuit
1799 4077 2130 4145 Sabbatius,

491 4167 592 4241 qui
650 4169 1385 4227 Tessarescrsdeeatitarum
1443 4169 1704 4226 haeresim
1734 4165 1992 4224 stabilire
2039 4180 2132 4220 co-

485 4262 661 4314 natus
690 4264 798 4316 est.
835 4257 1050 4316 Verum
1095 4257 1203 4316 hos
1243 4259 1622 4334 imperatores
1661 4256 1926 4314 divinum
1972 4253 2133 4327 judi-

486 4347 642 4404 cium
679 4349 1052 4406 subsecutnm
1075 4349 1239 4421 justa
1268 4353 1454 4407 morte
1480 4347 1787 4405 multavit:
1819 4343 2135 4402 Diocletia-

486 4451 598 4491 nus
627 4436 782 4494 enim
833 4437 1038 4511 lingua
1065 4455 1132 4495 ac
1191 4439 1457 4496 faucibus
1511 4434 2132 4510 computrescentibus,

486 4525 778 4582 vermibus
807 4529 1062 4599 scatens,
1093 4528 1304 4586 misere
1333 4527 1734 4600 violenterque
1761 4526 1940 4584 vitam
1980 4523 2133 4596 abje-

489 4614 590 4684 cit,
619 4613 1009 4672 Maximianus
1037 4616 1248 4688 laqueo
1267 4617 1462 4690 gulam
1489 4617 1681 4690 fregit.

565 4703 926 4762 Diocletiano
965 4723 1032 4764 ac
1089 4707 1443 4764 Maximiano
1500 4709 1572 4764 de
1629 4707 1821 4765 medio
1869 4703 2134 4774 sublatis,

493 4797 605 4858 sub
635 4795 838 4854 eadem
868 4801 1136 4872 tempora
1162 4799 1472 4872 imperium
1500 4802 1814 4858 tenuerunt
1851 4799 2135 4854 Constan-

491 4895 606 4952 tius
661 4893 720 4947 et
767 4892 1034 4959 Severus,
1092 4887 1449 4946 Maximinus
1478 4893 1536 4946 et
1589 4887 1934 4946 Maxentius.
1995 4887 2138 4944 Con-

489 4985 737 5042 stantius
775 4984 880 5040 86
912 4995 1045 5040 cum
1077 4979 1197 5036 ﬁlio
1245 4977 1630 5060 Constantino
1680 4977 1854 5034 Celtis
1903 4976 2136 5032 Britan-

487 5075 699 5150 nisque
728 5071 1103 5147 imperitavit,
1161 5073 1406 5126 Severus
1453 5071 1510 5125 et
1558 5067 1881 5124 Maxentius
1940 5064 2139 5122 Romae

490 5164 738 5240 praefuit,
799 5157 1151 5218 Maximinus
1196 5153 1436 5212 Orienti.
1489 5153 1596 5212 Hic
1648 5152 1850 5210 multis
1900 5151 2140 5224 ﬂagitiis

493 5273 560 5314 ac
591 5251 904 5312 sceleribus
949 5245 1404 5311 contaminatus,
1473 5243 1666 5301 animo
1725 5241 1843 5299 fero
1893 5240 2136 5312 crudeli,

494 5345 814 5404 inhumana
870 5337 1272 5414 persecutione
1333 5335 1394 5391 in
1471 5333 1833 5391 Christianos
1880 5331 2140 5389 invectus

502 5439 590 5492 est
627 5433 938 5504 pluresque
990 5429 1280 5502 ingenuos
1337 5425 1492 5482 viros
1539 5440 1644 5498 pro
1701 5423 1925 5479 Christo
1982 5437 2138 5478 mar-

499 5522 649 5596 tyrio
709 5520 918 5577 aﬂ’ecit.
979 5519 1092 5576 Pro
1148 5533 1254 5574 sua
1333 5517 1532 5572 tamen
1593 5511 1918 5586 impietate,
1995 5525 2141 5584 quas

497 5607 866 5674 commeruit,
895 5623 1096 5680 poenas
1122 5605 1340 5678 accepit
1369 5621 1385 5676 ;
1416 5619 1555 5660 nam
1587 5603 1732 5660 adeo
1762 5602 1887 5658 diro
1935 5599 2138 5667 morbo

491 5697 858 5759 excruciatus
893 5698 1072 5752 estut
1106 5693 1382 5752 carnibus
1420 5691 1493 5750 ad
1519 5691 1701 5764 instar
1747 5706 1890 5750 cem
1931 5689 2130 5764 liquo.

2216 1983 2313 2082 ρός
2339 2024 2421 2066 τις
2463 1983 2780 2076 λεγόμενος,
2807 1995 3050 2071 ἀρπάσας
3106 1991 3196 2046 τὸν
3251 1983 3440 2064 θρόνον
3496 1985 3874 2062 Ἀντιοχείας.

2216 2096 2317 2154 Καὶ
2352 2093 2476 2164 ἐξῆς
2504 2086 2702 2164 ἕτεροι.

2289 2183 2442 2244 Μετᾶ
2508 2177 2566 2234 δὲ
2615 2175 2958 2253 Αὖρηλιανὸν
3018 2167 3333 2228 ἐϐασίλευσε
3391 2169 3656 2230 Τάκιτος·
3689 2172 3878 2242 μῆνας

2219 2272 2284 2342 ζ’,
2321 2267 2416 2326 καὶ
2444 2265 2654 2346 ἐσφάγη
2689 2263 2792 2318 ὑπὸ
2821 2260 2998 2340 φίλων
3026 2255 3399 2334 Αὖρηλιανοῦ.

2291 2448 2444 2509 Μετᾶ
2470 2445 2527 2504 δὲ
2554 2447 2784 2502 Τάκιτον
2817 2437 3136 2517 ἐβασίλευσε
3182 2435 3502 2511 Φλωριανὸς
3559 2439 3737 2508 μῆνας
3803 2431 3880 2506 β’,

2219 2541 2309 2598 καὶ
2340 2538 2543 2616 ἐσφάγη
2577 2535 2681 2591 ὑπὸ
2714 2527 2952 2609 ΙΙρόϐου.

2292 2609 2441 2686 Μετᾶ
2471 2609 2528 2682 δὲ
2559 2623 2884 2700 Φλωριανὸν
2909 2616 3224 2676 ἐϐασίλευσε
3248 2609 3458 2692 Πρόϐος
3513 2610 3606 2684 ἔτη
3661 2611 3726 2684 ζ’,
3778 2609 3880 2666 καὶ

2221 2718 2429 2800 ἐσφάγη
2459 2715 2560 2771 ὑπὸ
2588 2712 2792 2800 Κάρου.

2499 2801 2558 2859 δὲ
2613 2785 2826 2877 Πρόϐον
2885 2792 3206 2854 ἐϐαοίλευσε
3261 2794 3438 2870 Κάρος
3509 2789 3636 2856 ἓτος
3681 2798 3755 2863 α’,
3783 2785 3883 2844 καὶ

2225 2897 2430 2976 ἐσφάγη
2465 2894 2570 2951 ὑπὸ
2601 2891 2830 2968 Καρίνου
2843 2933 2856 2949 .

2469 2981 2526 3042 δὲ
2565 2966 2739 3059 Κάρον
2769 2976 3085 3036 ἐϐασίλευσε
3117 2981 3348 3052 Καρῖνος
3388 2974 3506 3038 υἱὸς
3563 2970 3730 3028 αὐτοῦ
3783 2966 3886 3041 ἔτη

2230 3079 2304 3156 β’,
2331 3077 2420 3134 καὶ
2453 3073 2665 3153 ἐσφάγη
2701 3071 2804 3127 ὑπὸ
2834 3070 3232 3156 Ννουμερεανοὶ

2302 3167 2454 3224 Μετᾶ
2486 3147 2542 3220 δέ
2568 3147 2802 3239 Καρῖνον
2832 3155 3146 3216 ἐϐασίλευσε
3168 3151 3538 3230 Νουμεριανὸς
3570 3153 3598 3208 ὁ
3645 3147 3890 3239 ἀδελφὸς

2232 3257 2396 3315 αὐτοῦ
2425 3251 2566 3325 ἔτος,
2598 3237 2666 3322 α’,
2687 3251 2778 3307 καὶ
2810 3247 3146 3327 συλληφθεὶς
3207 3245 3311 3300 ὑπὸ
3377 3245 3595 3318 Περσῶν
3651 3237 3884 3314 ἐξεδάρη

2229 3343 2308 3405 ἔτι
2342 3351 2466 3417 ζῶν.

2299 3438 2448 3495 Μετᾶ
2504 3433 2562 3492 δὲ
2608 3430 2978 3508 Νουμεριανὸν
3035 3421 3376 3484 ἐϐασίλευσεν
3443 3423 3532 3480 ἐπὶ
3613 3423 3678 3478 τὸ
3743 3421 3880 3479 αὐτὸ

2230 3525 2622 3600 Διοκλητιανὸς
2656 3523 2748 3579 καὶ
2788 3518 3125 3595 Μαξιμιανὸς
3174 3517 3202 3572 6
3255 3509 3491 3594 γαρϐρὸς
3543 3511 3714 3568 αὖτοῦ
3781 3508 3879 3600 ἐτη

2229 3616 2590 3697 κβ’,’Υφ’ὧν
2653 3611 2822 3688 μέγας
2881 3607 3128 3684 διωγμὸς
3187 3606 3322 3662 κατᾶ
3376 3606 3715 3681 Χριστιανῶν
3776 3599 3889 3656 ἐκι-

2231 3692 2398 3782 νηθη,
2457 3705 2548 3762 ὅτε
2601 3703 2693 3759 καὶ
2749 3697 2956 3774 Πέτρος
3007 3693 3434 3782 Ἀλεξανδρείας,
3490 3693 3581 3748 καὶ
3611 3692 3890 3782 "Aﬁnio:

2234 3776 2632 3870 Νίκομηδείας,
2689 3791 2782 3846 καὶ
2838 3787 3150 3865 Προκόπιος
3182 3785 3273 3840 καὶ
3305 3780 3588 3859 Θεόδωρος
3620 3781 3673 3836 οἱ
3706 3776 3892 3870 άοίδι-

2243 3909 2337 3964 μοι
2383 3865 2768 3960 ἐμαρτύρησαν
2822 3878 2913 3934 καὶ
2937 3874 3112 3952 ἕτεροι
3187 3871 3576 3942 πλεῖστοι,καὶ
3615 3865 3895 3930 Σαϐάτιος

2241 3977 2268 4032 ὁ
2317 3975 2416 4044 τήν
2477 3970 2682 4049 αἵρεσιν
2743 3972 2851 4024 τῶν
2906 3960 3558 4040 Τεσσαρεσκαιδεκατιτῶν
3627 3957 3901 4036 κρατύνας

2241 4046 2585 4144 ἐγνωρίζετο.
2645 4059 2753 4122 Oili;
2806 4059 2840 4128 ἡ
2901 4055 3018 4122 θεία
3076 4052 3200 4124 δίκη
3265 4049 3492 4114 ἐνδίκως
3555 4046 3900 4124 μετελθοῦσα

2243 4139 2465 4218 δίκαίως
2496 4153 2732 4227 ἐξέκοψε.
2763 4151 2854 4206 καὶ
2884 4149 2912 4204 6
2965 4147 3060 4222 μὶν
3109 4144 3500 4216 Διοκλητιατὸς
3557 4145 3657 4212 τῆς
3715 4139 3901 4218 γλώτ-

2241 4267 2360 4320 της·
2377 4246 2542 4302 αὐτοῦ
2574 4240 2834 4312 σαπείσης
2881 4237 3014 4314 μετὰ
3049 4239 3146 4292 τοῦ
3190 4237 3493 4314 φάρυγγος,
3544 4233 3636 4288 καὶ
3673 4229 3899 4301 πλῆθος

2241 4336 2544 4407 σκωλήκων
2595 4328 2919 4408 ἅναϐράσας,
2984 4331 3164 4390 κακῶς
3221 4326 3311 4382 καὶ
3374 4322 3566 4400 βιαίως
3621 4320 3900 4398 ἆηέῤῥηξι

2243 4428 2342 4501 τὴν
2370 4427 2542 4498 ζωὴν,
2575 4425 2603 4480 6
2637 4422 2695 4480 δὲ
2723 4421 3058 4496 Μαξιμιανὸς
3089 4417 3392 4494 ἀπήγξατο.

2165 4585 2212 4654 D

2315 4694 2461 4756 Μετᾶ
2483 4693 2541 4752 δὶ
2574 4691 2970 4764 Διοκλητιανὸν
3027 4691 3116 4746 καὶ
3177 4685 3520 4761 Μαξιμιανὸν
3577 4679 3902 4741 εϐασιλευσε

2241 4787 2378 4842 κατὰ
2408 4784 2538 4847 τοὺς
2568 4782 2762 4845 αὐτοὺς
2793 4780 3026 4858 χρόνους
3057 4777 3433 4839 Κωνστάντιος
3472 4774 3563 4830 καὶ
3626 4770 3900 4849 Σεϐἧρος,

2243 4879 2545 4950 Μαξιμῖνος
2583 4874 2673 4930 καὶ
2733 4871 3050 4943 Μαξέντιος.
3109 4867 3214 4926 Καὶ
3273 4868 3301 4923 6
3362 4865 3458 4940 μὲν
3515 4864 3903 4926 Κωνστάντιος

2247 4967 2337 5022 σὺν
2369 4969 2448 5039 τῷ
2474 4965 2578 5038 υίῷ
2616 4962 2780 5019 αὐτοῦ
2813 4959 3206 5032 Κωνσταντίνῳ
3227 4962 3326 5026 τῆς
3357 4953 3596 5018 Γαλλίας
3641 4953 3734 5010 καὶ
3787 4959 3901 5024 τῆς

2245 5054 2568 5132 Βρεττανίας
2629 5052 2948 5128 ἐκράτησαν,
3015 5051 3044 5104 6
3113 5044 3171 5103 δὲ
3227 5041 3471 5121 Σεϐῆρος
3523 5043 3615 5100 καὶ
3675 5044 3900 5112 Μαξέν-

2243 5168 2364 5210 τιος
2417 5151 2518 5216 τῆς
2571 5145 2822 5219 Ῥώμης,
2881 5143 2909 5198 6
2941 5138 2999 5196 δὲ
3053 5137 3360 5211 Μαξιμῖνος
3426 5141 3526 5205 τῆς
3573 5135 3774 5207 Ἐῲας,
3807 5132 3895 5204 ὅς,

2244 5235 2432 5294 πολλὰ
2484 5234 2652 5310 μιαρὰ
2709 5233 2800 5289 καὶ
2879 5228 3053 5288 ἄτοπα
3109 5226 3560 5302 διαπραξάμενος,
3638 5223 3896 5298 διωγμὸν

2245 5326 2427 5396 ἀπηνῆ
2485 5323 2576 5378 καὶ
2645 5321 3002 5397 ἀπάνθρωπον
3075 5317 3211 5374 κατὰ
3284 5315 3624 5388 Χριστιανῶν
3682 5311 3905 5368 ἐπεδεί-

2246 5415 2390 5487 ξατο,
2431 5413 2551 5477 καθ’
2571 5409 2631 5466 ὅν
2658 5409 2906 5467 πλεῖστοι
2952 5411 3060 5464 τῶν
3119 5402 3428 5478 εὖδοκίμῶν
3486 5402 3899 5478 ἐμαρτύρησαν.

2245 5504 2353 5562 Καὶ
2378 5501 2500 5574 ἄξια
2527 5508 2627 5572 τῆς
2681 5493 2992 5560 δυσσεϐειας
3053 5495 3223 5552 αὐτοῦ
3277 5494 3540 5558 πέπονθεο
3589 5493 3740 5566 νόσῳ
3785 5493 3902 5570 γὰρ

2247 5591 2525 5665 δεινοτάτῃ
2599 5587 2925 5666 περιπεσών,
3003 5585 3079 5650 ὡς
3139 5583 3229 5641 καὶ
3277 5583 3375 5644 τὰς
3448 5580 3648 5656 σάρκας
3723 5579 3905 5637 αὐτοῦ

2255 5682 2410 5756 δίκην
2439 5679 2861 5758 κηροῦιτακῆναι
2889 5675 2980 5734 καὶ
3027 5675 3096 5732 τὰ
3137 5673 3270 5731 ὀστᾶ
3305 5713 3313 5720 ο
3351 5677 3742 5754 συμφρυγῆναι
3795 5672 3899 5728 καὶ
