4062 6202
181 352 291 415 257

1544 350 2225 417 CHRONOGRAPHIA

3472 370 3591 431 258

179 488 265 542 τὸν
300 488 758 572 χαρακτῆρατῆς
806 484 1148 561 ἀνθρωπίνης
1199 489 1366 543 αὐτοῦ
1426 493 1642 566 μορφῆς
1700 487 1830 563 ἀφα-

1947 484 2139 554 faotis,
2188 483 2424 541 ossibus
2480 486 2807 557 exsiccatis,
2859 507 2934 548 ne
2989 494 3303 568 vestigium
3356 500 3592 572 quidem

181 581 426 644 νισθῆναι
484 574 579 629 καὶ
635 571 828 637 δεινῶς
912 582 1307 646 κατασαπῆναι,
1394 577 1484 632 καὶ
1559 573 1829 645 τοσαύτην

185 662 448 722 δυσωδίαν
478 661 780 738 ἐκπέμπειν
809 664 885 726 ὡς
914 663 1083 739 μηδὲν
1124 671 1232 720 τῶν
1288 665 1339 721 ἐν
1396 668 1589 744 τάφοις
1646 664 1832 737 κειμέ-

182 778 281 811 νων
318 758 522 829 νεκρῶν
586 750 881 833 διαφέρειν·
941 753 994 810 ἐν
1042 754 1258 818 τούτοις
1309 756 1400 810 οὗν
1461 756 1488 810 ὁ
1547 752 1833 830 ἁλιτήριος

186 844 502 917 ἐταζόμενος
555 840 742 898 τοιάδε
804 840 929 921 ἔφη·
981 844 1152 918 Ο“ἰμοι
1200 850 1279 919 τῷ
1308 843 1529 916 ἐλεεινῷ
1578 843 1668 897 καὶ
1702 843 1835 918 θρή-

186 956 283 989 νων
336 931 475 1005 ἀξίῳ
527 934 542 991 ί
601 932 795 987 ὁποίαν
844 937 951 988 τῶν
1000 934 1074 997 είς
1132 932 1493 1009 Χριστιανοὺς
1555 931 1835 1005 τετολμη-

191 1021 355 1097 μένων
415 1021 608 1098 ὑπέχω
676 1024 1000 1098 τιμωρίανί
1063 1025 1159 1079 Καὶ
1217 1027 1386 1079 ταῦτα
1443 1023 1578 1097 μετὰ
1614 1020 1835 1092 πολλῆς

188 1113 379 1185 ὀδύνης
408 1115 583 1170 εἰπὼν
613 1114 897 1180 ἀπέθανεν.

249 1204 635 1262 Κωνσ-ταντίου
701 1204 761 1261 at
814 1210 911 1261 τοῦ
973 1204 1367 1278 ἐπικληθέντος
1438 1204 1683 1283 Χλωροῦ
1750 1202 1839 1260 διὰ

186 1296 278 1364 τὴν
301 1299 406 1350 τοῖν
435 1294 737 1369 προσώπου
799 1295 1097 1373 ὠχρότητα
1157 1295 1608 1368 τελευτήσαντος,
1646 1296 1674 1349 ὁ
1721 1295 1837 1352 υἱὸς

187 1383 349 1439 αὐτοῦ
386 1387 819 1456 Κωνσταντῖνος,
877 1384 937 1449 ὅς
994 1385 1046 1456 ἐξ
1105 1385 1327 1457 Ἑλένης
1384 1386 1533 1458 αύτῷ
1577 1382 1836 1458 ἐγεννήθη

187 1474 308 1549 περὶ
347 1476 448 1543 τήν
495 1476 595 1543 τῆς
661 1474 859 1538 Δακίας
914 1474 1098 1547 πόλιν,
1150 1479 1249 1546 τὴν
1309 1477 1490 1555 ἀρχὴν
1543 1472 1835 1549 διεδέξατο.

188 1565 483 1635 Ὡσαύτως,
530 1564 624 1620 καὶ
696 1559 947 1640 Σεϐήρου
1029 1567 1379 1637 τεθνηκότος,
1463 1565 1733 1628 Λικίννιος
1810 1565 1840 1619 ὁ

189 1649 463 1729 γαμϐρὸς,
487 1655 906 1711 Κωνσταντίνου
936 1654 1328 1732 ἀντεισάγεται.
1368 1659 1478 1713 Τοῦ
1529 1656 1624 1711 οὗν
1681 1658 1839 1711 Κων-

190 1741 471 1799 σταντίνου
519 1744 901 1818 βαπτισθέντος
959 1744 1049 1799 καὶ
1107 1745 1205 1813 τὴν
1272 1742 1572 1821 παράδοξον
1632 1741 1837 1813 ἐκείνην

1939 576 2137 664 formae
2213 574 2488 631 humanis
2548 580 2920 650 remanserit,
2978 591 3029 639 et
3112 587 3367 659 putridis
3424 598 3596 664 atque

1942 663 2205 719 deciduis
2263 664 2541 722 membris
2572 670 2804 724 tantum
2852 669 3136 730 redoleret
3191 663 3596 752 foetoremput

1941 770 1975 809 a
2029 752 2412 810 cadaveribus
2461 754 2520 812 in
2572 757 2854 829 sepulcris
2913 767 3410 825 marcescentibus
3441 770 3590 829 nihil

1942 843 2217 899 differret.
2251 844 2355 899 His
2386 861 2521 901 cum
2574 847 2848 918 nequitiae
2878 850 3022 908 illud
3055 854 3355 913 stabulum
3389 874 3596 917 excru-

1942 931 2213 1003 ciaretur,
2245 934 2344 989 Hei
2371 933 2596 1005 misero,
2629 937 2729 1007 ait,
2760 942 2811 993 et
2850 939 3205 1013 deplorando,
3241 948 3439 1018 quibus
3487 966 3595 1021 pro

1946 1021 2033 1077 his
2062 1036 2188 1092 quae
2231 1024 2292 1077 in
2327 1022 2674 1081 Christianos
2717 1029 2945 1099 patravi
2992 1034 3167 1103 pomis
3198 1051 3475 1098 exerceor.
3523 1040 3591 1096 Et

1943 1110 2067 1167 haec
2096 1111 2305 1168 effatus
2336 1114 2495 1184 gravi
2527 1131 2660 1170 cum
2694 1117 2955 1174 cruciatu
2988 1119 3159 1178 vitam
3188 1125 3420 1196 abiecit.

2015 1200 2352 1257 Constantio
2407 1201 2637 1270 Cbloro,
2698 1216 2931 1277 propter
2977 1209 3177 1268 vultus
3234 1213 3591 1273 viriditatem

1945 1288 2030 1345 sic
2062 1292 2500 1362 cognominato,
2529 1292 2649 1349 vita
2699 1294 2901 1352 functo
2934 1297 3007 1353 ad
3038 1298 3489 1362 Constantinum
3522 1308 3592 1362 fi-

1944 1377 2114 1447 lium,
2146 1394 2320 1450 quem
2353 1395 2423 1435 ex
2474 1382 2696 1438 Helena
2747 1393 3087 1458 susceperat
3136 1392 3194 1447 in
3227 1409 3345 1450 una
3401 1395 3591 1453 Daciae

1943 1469 2105 1539 urbe,
2137 1468 2453 1541 imperium
2486 1470 2825 1529 devolutum
2858 1480 2966 1532 est.
2999 1477 3279 1537 Similiter
3306 1486 3589 1542 exstincto

1945 1558 2154 1614 Severo
2213 1557 2515 1615 Licinnius
2598 1560 2923 1618 Constantii
2989 1580 3170 1638 gener
3249 1570 3592 1634 intruditur.

1948 1647 2255 1717 Postquam
2284 1664 2418 1704 vero
2447 1650 2870 1708 Constantinus
2901 1670 3066 1712 sacro
3096 1656 3327 1716 lavacro
3359 1661 3594 1720 ablutus

1944 1739 2154 1825 praeter
2208 1739 2698 1809 exspectationem
2757 1757 2791 1797 a
2836 1743 2996 1813 gravi
3053 1745 3153 1803 illo
3202 1750 3424 1821 morbo,
3476 1768 3593 1825 quo

187 1834 521 1909 ἀπαλλαγὴν
545 1841 648 1904 τῆς
672 1836 1013 1911 κατεχούσης
1076 1836 1237 1890 νόσου
1286 1833 1607 1909 εὐρηκότος,
1652 1833 1830 1889 αὐτίκα

1947 1824 2116 1897 plane
2171 1826 2472 1883 confectus
2533 1833 2685 1897 erat,
2744 1829 3060 1891 incolumis
3115 1839 3333 1908 evasit,
3394 1824 3592 1899 statim

189 1926 276 1979 καὶ
310 1926 349 1994 ἡ
384 1925 574 1999 μήτηρ
610 1924 777 1978 αὐτοῦ
807 1923 1002 1995 Ἑλένη
1050 1926 1141 1979 καὶ
1208 1925 1260 1979 οἷ
1315 1925 1507 1980 τούτον
1566 1928 1839 1999 συγγενεῖς

190 2035 243 2069 τε
298 2013 389 2069 καὶ
446 2013 601 2091 φίλοι
664 2015 1036 2087 βαπτίζονται.
1089 2015 1225 2072 Εἶτα
1296 2013 1527 2076 ἅκούσας
1583 2017 1651 2069 τὰ
1739 2012 1841 2068 ὑπὸ

192 2105 493 2177 Μαξεντίου
523 2102 576 2158 ἐν
618 2104 810 2178 Ῥώμῃ
842 2101 1061 2180 χαλεπά
1109 2125 1168 2159 τε
1194 2104 1284 2159 καὶ
1326 2103 1501 2159 ἃτοπα
1555 2102 1839 2179 γενόμενα,

193 2193 282 2247 καὶ
329 2188 623 2268 πρεσϐείαν
677 2191 739 2248 ἐκ
792 2196 899 2248 τῶν
952 2193 1237 2267 Ῥωμαίων
1298 2191 1602 2266 δεξάμενος,
1654 2191 1841 2266 ἐστρά-

196 2304 346 2340 τευσε
401 2285 520 2339 κατ’
564 2284 752 2355 αὐτοῦ,
809 2283 1221 2359 προηγούμενον
1283 2290 1382 2353 τῆς
1440 2281 1604 2338 αὐτοῦ
1678 2302 1839 2356 στρα-

189 2380 309 2437 τιᾶς
343 2373 412 2428 τὸ
456 2371 509 2428 ἐν
542 2371 795 2447 ξούρανῷ
862 2372 1184 2451 ὕποδειχθὲν
1245 2372 1390 2444 αὐτῷ
1447 2376 1675 2444 σημεῖον
1743 2374 1839 2425 τοῦ

193 2465 426 2537 σταυροῦ
457 2459 870 2539 ἐπιφερόμενος,
923 2457 994 2515 δι’
1052 2462 1114 2515 οὗ
1171 2461 1260 2515 καὶ
1319 2459 1667 2534 ἐτροπώσατο
1726 2460 1840 2516 Μαι

184 2553 404 2625 ξέντιον.
468 2550 567 2609 Καὶ
613 2550 791 2615 οὕτως
847 2549 935 2606 ἐπὶ
974 2549 1193 2623 Ῥώμην
1227 2549 1463 2619 ἐλαύνει,
1504 2549 1592 2604 καὶ
1643 2550 1840 2613 πάντες

192 2643 345 2698 αύτὸν
401 2642 517 2714 ἅμα
572 2641 784 2715 γυναιξὶ
844 2640 935 2696 καὶ
992 2640 1214 2711 νηπίοις
1244 2640 1335 2695 καὶ
1367 2639 1636 2711 παντὶτῷ
1668 2636 1835 2711 δήμῳ

193 2732 477 2804 Ῥωμαίων
539 2731 655 2804 μετ’
715 2729 988 2808 εὐφημίας
1037 2729 1126 2784 καὶ
1183 2729 1470 2800 ἀπλήστου
1499 2734 1673 2804 χαρᾶς
1700 2730 1836 2784 ύπο-

194 2818 458 2897 δέχονται.

257 2910 407 2968 Μετὰ
453 2906 512 2964 δὲ
576 2910 875 2980 Μαξέντιον
932 2904 1245 2964 ἐϐασίλευσε
1325 2911 1735 2970 Κωνσταντῖνος
1805 2908 1833 2964 ὁ

193 3001 369 3077 Μέγας
407 3000 499 3054 καὶ
556 3004 776 3074 πρῶτος
838 3001 890 3054 ἐν
949 3000 1231 3074 βασιλεῦσι
1308 2998 1832 3073 Χριστιανικώτατος

192 3088 280 3161 έτη
311 3085 421 3162 λε’,
451 3088 641 3159 ὅςτὴν
705 3084 979 3145 εὐσέϐειαν
1037 3090 1127 3144 καὶ
1186 3085 1501 3164 ὀρθοδοξίαν
1552 3085 1643 3142 διὰ
1697 3086 1833 3142 πάν-

193 3200 289 3233 των
347 3180 654 3256 ἐκράτυνεν.
717 3180 804 3237 Ἐν
863 3177 921 3234 δὲ
973 3183 1050 3251 τῷ
1080 3180 1153 3233 κε’
1200 3171 1307 3234 ἔτει
1334 3184 1434 3247 τῆς
1472 3176 1636 3232 αὐτοῦ
1669 3179 1828 3251 βασι-

196 3266 331 3331 λείας
386 3270 760 3345 ωνεκροτήοη
819 3270 854 3339 ἡ
918 3268 970 3324 ἐν
1025 3266 1220 3339 Νικαίᾳ
1267 3264 1496 3329 σύνοδος
1555 3271 1663 3321 τῶν
1710 3285 1826 3336 τιη·

195 3360 425 3434 πατέρων
464 3359 746 3436 θεοφόρων
805 3359 941 3413 κατὰ
981 3356 1189 3432 Ἀρείου
1246 3361 1345 3413 τοῦ
1409 3355 1827 3434 ματαιόφρονος.

194 3448 534 3519 Ἐτελεύτησε
582 3447 644 3503 δὲ
709 3451 744 3518 ἡ
803 3450 898 3523 μέν
962 3449 1147 3522 μήτηρ
1198 3444 1363 3502 αἱ)τοῦ
1413 3446 1544 3501 ἐτῶν
1604 3446 1682 3514 π’,
1739 3445 1829 3500 ναὶ

194 3536 346 3616 ἐτάφη
376 3542 505 3614 περ’
547 3538 716 3594 αὐτοῦ
739 3538 791 3594 ἐν
840 3543 921 3611 τῷ
975 3542 1084 3610 ναῷ
1138 3541 1245 3591 τῶν
1302 3534 1504 3613 Ἀγίων
1562 3533 1830 3592 Ἀποστά-

196 3624 317 3683 λῶν.
370 3628 557 3684 Αὐτοῦ
618 3624 677 3681 δὲ
733 3625 786 3681 ἐν
845 3622 1190 3699 Νικομηδείᾳ
1240 3622 1666 3697 τελευτήσαντος
1697 3621 1828 3677 ἐτῶν

192 3716 271 3786 ξε⁹,
302 3718 351 3770 οἱ
406 3721 557 3792 τρεῖς
615 3717 724 3771 υἱοί
759 3714 922 3771 αὐτοῦ
951 3713 1274 3790 ἐκράτησαν,
1306 3720 1404 3782 τῆς
1464 3713 1558 3787 μὲν
1606 3714 1827 3770 Ἀνατο·

195 3811 284 3872 λῆς
337 3806 743 3874 Κωνστάντιος,
796 3811 896 3873 τῆς
957 3801 1013 3859 δὲ
1068 3801 1279 3864 Δύσεως
1308 3800 1826 3863 Κωνσκαντῖνοςκαί

192 3895 452 3967 Κώνστας,
513 3894 595 3965 ὅς,
652 3895 745 3950 τὸν
806 3892 1039 3971 ἀδελφὸν
1097 3892 1264 3949 αὐτοῦ
1304 3895 1701 3947 Κωνσταντῖνον
1725 3911 1826 3965 φο-

194 3983 363 4046 νεύσας
421 3984 512 4040 καὶ
559 3983 883 4059 βασιλεύσας
936 3981 1102 4058 μὸνος
1134 3977 1240 4053 ⁵ἔτη
1296 3983 1382 4052 ιζ’,
1432 3980 1640 4058 ἐσφάγη
1733 3980 1823 4035 καὶ

196 4070 334 4133 αὐτὸς
363 4073 468 4127 ὕπὸ
500 4078 603 4128 τοῦ
633 4070 838 4146 δήμου.

255 4342 396 4399 Μετᾶ
464 4340 523 4399 δὲ
580 4348 992 4399 Κωνσταντῖνον
1065 4344 1157 4398 τὸν
1243 4342 1423 4419 Μέγαν
1510 4336 1824 4397 ἐϐασίλευσε

196 4434 550 4495 Κωνστάντιος
612 4435 728 4494 υἱὸς
774 4432 941 4489 αὐτοῦ
998 4431 1090 4503 ἔτη
1149 4433 1239 4503 ια’,
1298 4432 1376 4503 ὅς,
1412 4431 1549 4502 μετὰ
1595 4434 1693 4501 τήν
1724 4438 1823 4488 τοῦ

198 4523 377 4595 πατρὸς
401 4520 665 4591 τελευτὴν
725 4521 802 4583 είς
847 4522 911 4576 τὸ
950 4521 1302 4596 ιἈρειιινικὸν
1344 4520 1597 4595 φρόνημα
1651 4542 1822 4596 παρα-

1952 1913 2169 1970 Helena
2183 1919 2368 1970 mater
2397 1932 2720 1989 omnesque
2738 1918 2899 1976 illius
2931 1922 3138 1981 afﬁnes
3168 1931 3594 2001 consanguinei

1949 2003 2390 2076 familiaresque
2418 2021 2584 2060 sacro
2616 2008 2774 2063 fonte
2804 2008 3132 2068 initiantur.
3166 2016 3425 2073 Tandem
3455 2035 3589 2076 cum

1951 2108 2043 2148 res
2096 2092 2313 2148 nefarie
2342 2099 2531 2165 gestas
2587 2099 2644 2151 et
2679 2097 3066 2169 tyrannidem,
3112 2118 3291 2173 quam
3324 2106 3383 2161 in
3437 2108 3592 2165 cives

1946 2183 2267 2239 Maxentius
2312 2184 2511 2241 Romae
2540 2188 2867 2254 exercebat,
2912 2207 3012 2261 per
3051 2192 3272 2266 legatos
3305 2213 3339 2253 a
3386 2203 3593 2256 senatu

1948 2274 2319 2330 Roman037
2344 2274 2558 2332 missos
2580 2276 2921 2349 accepisset,
2942 2282 3141 2353 copias
3164 2282 3222 2339 in
3248 2301 3380 2343 eum
3405 2287 3593 2361 duxit,

1948 2363 2165 2435 quibus
2187 2364 2422 2436 signum
2454 2365 2643 2422 crucis
2674 2366 2760 2423 illi
2781 2368 2852 2424 de
2884 2369 3026 2426 coelo
3051 2377 3356 2432 ostensum
3390 2378 3596 2450 pmire

1940 2454 2160 2525 jussit;
2218 2471 2334 2526 quo
2363 2458 2722 2514 Maxentium
2757 2458 2817 2515 in
2849 2460 3047 2535 fugam
3081 2468 3272 2524 vertit.
3315 2468 3447 2540 Ipse
3497 2486 3595 2525 au-

1947 2546 2065 2599 tem
2098 2543 2343 2600 Romam
2367 2546 2685 2615 contendit,
2706 2548 2805 2604 ubi
2835 2552 2905 2605 ab
2929 2553 3204 2611 omnibus
3230 2556 3594 2627 mulieribus,

1945 2632 2273 2689 infantibus
2320 2638 2377 2689 et
2431 2635 2707 2692 universa
2755 2638 3154 2698 Romanorum
3210 2645 3593 2703 multitudine

1946 2721 2165 2792 ingenti
2198 2721 2397 2779 laetitia
2442 2740 2795 2797 summoque
2835 2727 3045 2800 plausu
3079 2735 3134 2786 et
3175 2735 3593 2806 approbatione

1945 2810 2252 2883 excipitur.
3041 2864 3049 2873 .

2016 2901 2152 2957 Post
2179 2902 2537 2959 Maxentium
2560 2904 2976 2963 Constantinus
3006 2907 3255 2981 Magnus
3276 2920 3332 2970 et
3363 2915 3589 2987 primus

1943 2988 2097 3046 inter
2154 2988 2298 3045 alios
2354 2989 2736 3062 imperatores
2803 2993 3187 3055 Christianam
3246 3002 3588 3076 religionem

1944 3081 2363 3152 perfectissime
2391 3082 2778 3150 exosculatus,
2811 3084 3126 3158 imperium
3157 3091 3593 3155 administravit

1944 3187 2128 3227 annos
2158 3170 2390 3243 triginta
2420 3173 2587 3228 duos.
2623 3175 2728 3229 Hic
2759 3175 3033 3245 pietatem
3082 3179 3286 3251 coluit,
3320 3193 3590 3259 rectaque

1943 3260 2080 3317 ﬁdei
2116 3262 2387 3333 dogmata
2435 3261 2626 3318 modis
2658 3263 2934 3322 omnibus
2965 3270 3374 3331 constabilivit.
3418 3280 3588 3334 Anno

1939 3350 2064 3421 ejus
2132 3350 2364 3423 imperii
2436 3351 2715 3409 vicesimo
2790 3355 2998 3426 quinto
3054 3358 3255 3417 Nicaeae
3330 3367 3590 3437 synodus

1939 3444 2325 3496 trecentorum
2364 3442 2685 3498 octodecim
2717 3450 3051 3503 sanctorum
3100 3449 3341 3509 Patrum
3390 3464 3589 3514 contra

1939 3529 2353 3587 stultissimum
2386 3532 2583 3587 Arium
2608 3532 2898 3591 celebrata
2928 3542 3036 3593 est.
3059 3539 3239 3597 Mater
3269 3545 3397 3615 ejus
3429 3562 3582 3603 anno

1938 3619 2122 3675 etatis
2160 3622 2553 3693 octuagesimo
2584 3622 2701 3678 vita
2746 3624 3013 3690 excessit,
3050 3629 3450 3704 tumulataque
3494 3638 3585 3690 est

1939 3709 2010 3763 ab
2041 3707 2168 3781 ipso
2192 3709 2251 3765 in
2282 3709 2499 3782 templo
2520 3714 2863 3768 Sanctorum
2894 3714 3328 3785 Apostolorum.
3362 3720 3579 3778 Verum

1936 3798 2313 3856 Constantino
2362 3799 2711 3857 Nicomedia:
2765 3802 2881 3856 fato
2921 3802 3120 3859 functo
3170 3807 3354 3864 aetatis
3397 3827 3579 3867 anno-

1936 3905 2068 3944 rum
2100 3888 2401 3960 sexaginta
2418 3888 2701 3961 quinque,
2724 3894 2844 3946 tres
2877 3889 2980 3946 ﬁlii
3012 3891 3169 3949 illius
3200 3895 3446 3969 imperio
3475 3916 3581 3971 po-

1936 3976 2025 4034 titi
2056 3980 2218 4043 sunt,
2264 3975 2523 4033 Orientis
2555 3978 2792 4049 quidem
2823 3980 3221 4056 Constantius,
3254 3985 3584 4047 Occidentis

1935 4064 2349 4122 Constantinus
2381 4070 2440 4121 et
2483 4068 2788 4135 Constans,
2821 4072 2924 4141 qui
2974 4070 3147 4128 fratre
3194 4078 3581 4135 Constantino

1935 4156 2281 4212 obtruncato
2317 4153 2479 4212 solus
2510 4155 2824 4228 imperium
2855 4161 3004 4217 rexit
3034 4179 3221 4220 annos
3262 4166 3581 4227 sexdecim.

1934 4246 2189 4301 Tandem
2221 4249 2278 4300 et
2304 4244 2431 4317 ipse
2462 4262 2495 4301 a
2526 4246 2739 4319 populo
2770 4250 2896 4305 neci
2926 4252 3100 4308 datus
3129 4257 3238 4309 est.

2007 4334 2456 4433 Constantinum
2481 4335 2755 4433 Magnum
2779 4339 2988 4433 excipit
3005 4340 3382 4433 Constantius
3398 4346 3582 4433 ﬁlius,

1933 4423 2292 4495 imperatque
2322 4440 2506 4479 annos
2546 4424 2839 4485 undecim.
2871 4431 2926 4485 Is
2959 4434 3089 4501 post
3135 4432 3362 4491 obitum
3395 4423 3580 4507 patris

1931 4514 2157 4569 Arianae
2187 4513 2487 4569 sententiae
2536 4514 2841 4573 adhaerens
2875 4518 3133 4577 divinum
3182 4523 3580 4586 Alexandrum

198 4613 376 4682 σδρεὶς,
425 4606 609 4680 ἐϐίαζε
669 4612 761 4667 τὸν
811 4612 953 4665 θεῖον
1009 4607 1364 4685 Ἀλέξανδρον
1426 4607 1671 4683 δέξασθαι
1726 4611 1817 4666 τὸν

1947 4601 2319 4676 :ompellebat
2375 4606 2441 4659 ut
2472 4620 2606 4660 cum
2654 4605 2791 4662 Ario
2823 4612 3298 4684 communicaret,
3345 4633 3458 4689 quo
3490 4618 3585 4675 ab-

197 4697 387 4773 ’Δρειον
418 4701 495 4762 εἷς
543 4700 848 4756 κοινωνίαν.
917 4703 1026 4756 Τοὖ
1071 4696 1129 4754 δὲ
1161 4700 1237 4772 μή
1288 4699 1647 4774 ἀνεχομένου,
1680 4697 1827 4755 ἀλλὰ

197 4786 275 4840 τὸν
304 4789 427 4843 Θεὸν
489 4790 586 4844 σὺν
646 4786 901 4861 δάκρυσιν
952 4787 1312 4856 ἱκετεύοντος,
1360 4788 1634 4863 αἰσχίστῳ
1668 4787 1825 4863 μόρῳ

193 4874 273 4928 τὸν
304 4877 417 4952 βίον
448 4877 805 4953 κατέστρεψεν
834 4878 863 4933 ὁ
890 4876 1231 4952 τρισάθλιος.

255 4965 395 5022 Μετὰ
424 4964 482 5023 δέ
538 4968 912 5024 Κωνστάντιον
970 4961 1316 5022 ἐϐασίλευσεν
1376 4965 1678 5030 Ἰουλιανὸς
1727 4963 1819 5039 ἔτη

200 5051 260 5125 β’,
312 5059 508 5132 Καῖσαρ
570 5054 627 5111 δὲ
676 5055 887 5133 ἐγένετο
945 5050 1040 5126 ἔτη
1102 5053 1146 5109 δ’
1202 5055 1294 5111 καὶ
1359 5062 1534 5129 μῆνας
1604 5059 1670 5127 ζ’.
1741 5058 1822 5127 ὃς,

197 5141 358 5200 πολλὰ
443 5147 585 5201 κακὰ
667 5145 804 5201 κατὰ
882 5147 1216 5220 Χριστιανῶν
1294 5142 1682 5221 ἐνδειξάμενος,
1770 5147 1820 5203 ἐν

196 5233 392 5307 Περσιδι
423 5236 526 5292 ὑπὸ
556 5243 658 5305 τῆς
688 5236 833 5299 θείας
867 5231 1024 5305 δίκης
1083 5234 1407 5309 ἀναιρεῖται,
1439 5234 1571 5291 ἐτῶν
1630 5232 1702 5291 ὥν
1742 5235 1817 5295 λ’.

249 5503 385 5560 Μετᾶ
414 5503 469 5561 δέ
500 5502 800 5562 Ἰουλιανὸν
856 5496 1206 5557 ἐϐασιλευσεν
1253 5497 1572 5567 Ἰοϐινιανὸς
1643 5510 1818 5578 μῆνας

184 5591 253 5659 η’,
306 5592 382 5664 ὅς,
437 5596 541 5651 ὑπὸ
567 5598 670 5650 τοῦ
729 5594 960 5666 στρατοῦ
1010 5582 1367 5666 κατασχεθεὶς
1399 5590 1474 5654 εἷς
1530 5594 1592 5647 τὸ
1620 5594 1688 5648 τὰ
1715 5595 1815 5665 τής

183 5679 436 5753 βασιλείας
498 5680 866 5755 ὑποδέξασθαι
915 5675 1193 5755 σύμϐολα,
1254 5681 1470 5757 Λέγεται
1549 5683 1686 5759 πρὸς
1752 5685 1815 5740 τὸ

1938 4695 2153 4749 nuente
2183 4691 2487 4765 Deumque
2504 4710 2637 4750 cum
2668 4694 2946 4770 lacrymis
2978 4699 3347 4775 deprecante,
3379 4707 3584 4766 miser-

1937 4781 2120 4837 rimus
2159 4779 2255 4838 ille
2284 4781 2400 4838 leto
2433 4782 2587 4840 malo
2618 4795 2921 4845 emortuus
2953 4792 3060 4845 est.

2005 4972 2105 5030 88
2136 4974 2276 5029 Post
2307 4972 2715 5031 Constantium
2745 4976 3017 5035 Julianus
3048 4978 3358 5053 imperium
3392 4984 3583 5041 tenuit

1934 5078 2120 5119 annos
2163 5064 2331 5120 duos.
2373 5063 2614 5121 Caesaris
2664 5065 2949 5138 dignitate
2995 5069 3233 5126 iunctus
3263 5075 3353 5126 est
3395 5087 3583 5130 annos

1932 5157 2182 5226 quatuor
2212 5170 2441 5210 menses
2482 5170 2604 5211 sex.
2638 5156 2697 5211 Is
2728 5171 2861 5212 cum
2893 5156 3171 5214 adversus
3215 5159 3582 5220 Christianos

1931 5247 2157 5315 pestem
2214 5259 2280 5297 ac
2338 5242 2658 5311 perniciem
2721 5243 3174 5316 machinaretur,
3225 5247 3283 5302 in
3342 5249 3581 5307 Perside

1930 5347 2130 5404 poenas
2175 5330 2381 5387 divinae
2420 5320 2666 5401 justitiae
2697 5347 2903 5404 graves
2942 5334 3255 5407 justasque
3304 5339 3582 5410 persolvit

1928 5420 2112 5476 aetatis
2141 5434 2427 5474 annorum
2460 5419 2721 5490 triginta.

1999 5508 2290 5564 Exstincto
2344 5507 2578 5564 Juliano
2607 5508 2951 5567 Jovinianus
2991 5510 3307 5586 imperium
3358 5519 3583 5582 obtinet

1926 5612 2154 5655 menses
2183 5599 2331 5653 octo.
2364 5594 2469 5652 Hic
2500 5613 2636 5655 cum
2668 5598 2740 5656 ab
2770 5599 3029 5658 exercitu
3061 5604 3132 5660 ad
3176 5605 3405 5680 imperii
3435 5610 3582 5669 insi-

1924 5687 2060 5761 gnia
2106 5684 2538 5760 aceipiendum'
2572 5692 2901 5763 cogeretur,
2934 5706 2995 5750 se
3024 5707 3249 5768 eorum,
3296 5704 3576 5775 tanquam
