4062 6202
417 380 546 441 259

2001 364 2260 426 JOELIS

3712 373 3842 434 260

425 514 528 588 qui
581 531 614 570 a
668 511 907 570 Juliano
960 512 1158 566 essent
1216 501 1616 573 contaminati,
1670 499 1910 573 imperio
1957 515 2064 556 non

2189 495 2549 588 στρατόπεδον
2605 497 2878 588 εἰρηκέναι
2939 501 3015 575 μὴ
3081 498 3332 564 δύνασθαι
3405 502 3715 578 βασιλεύειν
3742 506 3845 560 αὖα

423 620 596 678 posse
645 617 864 674 pteesse
911 597 1234 671 respondit.
1268 599 1457 663 Quare
1512 608 1715 649 omnes
1747 606 1865 647 una
1910 605 2067 658 voce,

425 698 489 750 ut
521 695 722 759 fertur,
768 688 1187 756 acclamarunt,
1219 685 1335 741 Nos
1375 680 1693 740 Christiani
1725 696 1941 737 sumus.
1976 679 2070 734 Sic

422 782 737 858 imperium
769 778 1008 851 accepit.
1038 777 1255 832 Verum
1286 774 1382 830 hic
1413 773 1546 846 pius
1580 777 1759 841 atque
1789 769 2073 827 admiran-

425 876 536 930 dus
568 874 700 944 post
740 868 972 940 imperii
1014 867 1103 924 sui
1135 881 1367 922 menses
1399 867 1548 930 octo,
1591 877 1724 918 cum
1755 877 1789 916 a
1839 859 2073 919 Perside

423 962 656 1029 rediret,
689 959 867 1016 rebus
895 957 1140 1014 terrenis
1185 953 1452 1022 excessit,
1485 950 1803 1008 Ecclesiam
1834 954 1892 1006 et
1939 948 2071 1004 uni-

420 1067 648 1108 versam
683 1046 1124 1104 multitudinem
1155 1043 1381 1117 ingenti
1413 1041 1574 1098 luctu
1606 1039 1888 1097 afﬁciens.

492 1271 629 1323 Post
655 1263 1028 1322 Jovinianum
1078 1257 1528 1316 Valentinianus
1558 1255 1873 1327 imperium
1924 1253 2071 1310 rexit

424 1375 610 1416 annos
655 1353 986 1411 duodecim.
1019 1352 1070 1407 Is
1102 1348 1392 1407 Valentem
1449 1347 1705 1412 fratrem,
1759 1351 2068 1416 postquam

423 1446 791 1503 renuntiatus
813 1445 968 1498 esset
998 1440 1331 1512 imperator,
1352 1434 1592 1507 triginta
1621 1433 1825 1489 diebus
1853 1432 2069 1503 elapsis

423 1555 491 1594 ex
523 1537 752 1593 Paeonia
782 1534 1029 1591 accitum
1071 1529 1351 1600 collegam
1395 1524 1626 1594 imperii
1661 1523 1811 1579 fecit.
1855 1521 2068 1578 Valens

427 1625 710 1682 haereticis
749 1624 1014 1679 addictus
1059 1620 1366 1692 episcopos
1412 1614 1746 1671 sacerdotes
1778 1614 1836 1667 et
1865 1610 2067 1666 diaco-

422 1733 552 1783 nos,
584 1730 815 1771 omnem
860 1711 1106 1782 denique
1147 1707 1372 1780 plebem
1419 1704 1624 1761 acerbe
1665 1705 1930 1758 vexatam
1978 1716 2068 1756 ex-

423 1805 554 1863 silio
578 1800 1154 1874 multabat,plurima
1183 1795 1365 1869 impia
1395 1794 1496 1850 illa
1513 1793 1750 1866 quidem
1783 1789 2070 1848 atrocissi-

423 1910 637 1966 maque
679 1895 881 1949 contra
931 1889 1033 1946 Dei
1078 1885 1396 1945 Ecclesiam
1443 1898 1774 1954 aggressus.
1810 1879 2066 1937 Tandem
2098 1880 2146 1947 B

421 1999 558 2040 cum
616 1980 820 2038 Gothis
869 1978 1051 2035 armis
1102 1976 1387 2031 dimicans
1442 1971 1694 2028 afﬂictus
1733 1987 1799 2026 ac
1849 1972 2069 2025 stratus

421 2088 554 2128 cum
589 2068 886 2126 nonnullis
920 2067 1150 2138 fugiens
1182 2064 1242 2121 in
1274 2062 1580 2134 tugurium
1616 2076 1680 2117 se
1707 2057 1948 2131 recipit,
1990 2057 2071 2113 ibi

419 2176 536 2216 una
566 2176 698 2216 cum
733 2158 860 2214 suis
889 2161 946 2213 et
993 2155 1228 2228 tugurio
1261 2151 1517 2208 ﬂammis
1547 2151 1618 2206 ab
1663 2147 1933 2205 hostibus
1965 2145 2072 2202 ab-

419 2253 690 2320 sumptus
711 2251 970 2314 est,cum
997 2242 1174 2316 impie
1209 2259 1328 2298 rem
1352 2239 1650 2313 publicam
1673 2235 2072 2294 administras-

423 2342 512 2394 set
541 2353 725 2392 annos
774 2322 1237 2406 quatuordecim.
1270 2327 1720 2386 Valentinianus
1751 2326 2000 2397 Magnus
2043 2341 2073 2381 e

424 2423 608 2479 Gallia
639 2422 873 2478 rediens
903 2420 1059 2475 diem
1103 2418 1248 2476 obiit
1277 2422 1642 2472 extremum:
1694 2413 1922 2484 imperii
1973 2414 2071 2468 39

425 2513 682 2569 haeredes
714 2510 1060 2567 Gratianum
1121 2507 1335 2577 tilium,
1379 2505 1481 2578 qui
1517 2502 1766 2575 Augusti
1817 2503 2076 2574 insignia

419 2599 653 2674 ceperat
672 2600 983 2670 Romaeque
1011 2594 1501 2660 commorabatur,
1517 2597 1574 2648 et
1595 2591 2072 2648 Valentinianum

419 2690 733 2762 puerulum
779 2687 970 2746 adhuc
1013 2685 1290 2742 instituit.
1323 2682 1770 2740 Valentinianus
1814 2681 2074 2738 deserto-

415 2795 548 2835 rum
580 2781 636 2834 vi
695 2781 932 2835 coactus
984 2774 1214 2848 imperii
1275 2773 1474 2830 sedem
1528 2772 1641 2828 sibi
1696 2769 1963 2844 arripuit,
2014 2781 2074 2834 et

409 2870 649 2926 absente
680 2869 853 2926 fratre
885 2882 1146 2940 purpura
1176 2862 1564 2922 convestitur.

487 3069 803 3127 Gratianus
836 3068 1116 3138 Magnum
1145 3063 1536 3122 Theodosium
1589 3077 1869 3134 generum
1901 3076 2074 3118 suum

413 3177 482 3216 ex
529 3157 812 3231 Hispania
855 3157 1198 3212 advocatum
1253 3155 1662 3223 imperatorem
1695 3156 1869 3220 creat,
1918 3149 2074 3206 able-

415 3253 628 3320 gatque
704 3247 775 3302 ad
871 3244 1124 3301 Orientis
1218 3242 1744 3315 gubernationem,
1831 3240 2064 3313 Scythas

2185 3264 2356 3320 αὐτοῦ
2416 3267 2565 3335 ὅντα,

413 3337 709 3393 Thraciam
768 3335 1136 3390 devastantes
1185 3331 1624 3388 debellaturum.
1671 3329 1878 3384 Postea
1936 3345 2067 3385 vero

412 3423 643 3481 Maximi
665 3423 976 3495 cujusdam
1006 3419 1239 3477 insidiis
1269 3418 1342 3476 ab
1388 3416 1785 3490 Andragathio
1820 3417 2068 3474 trucida-

412 3520 508 3571 tur
538 3519 595 3570 ct
626 3531 659 3570 a
688 3511 1012 3570 Theodosio
1045 3509 1106 3566 in
1139 3510 1297 3581 regia
1327 3507 1596 3580 sepulcra
1625 3507 1902 3564 defertur.

481 3735 618 3789 Post
649 3730 990 3788 Gratianum
1021 3725 1329 3799 imperium
1362 3724 1512 3780 rexit
1548 3723 1912 3780 Theodosius
1942 3723 2065 3781 Ma-

410 3838 563 3893 gnus
625 3836 812 3876 annos
861 3817 1299 3890 septemdecim.
1359 3814 1635 3886 Gregorio
1685 3820 2063 3886 cognomento

408 3910 702 3983 Theologo
738 3909 935 3965 sedem
969 3906 1332 3978 Cpolitauam
1375 3903 1625 3960 decrevit
1656 3903 1833 3959 invito
1865 3919 1929 3958 ac
1972 3918 2061 3960 re-

412 4001 638 4068 nuenti,
701 4004 979 4069 tanquam
1040 3996 1139 4068 qui
1172 4011 1276 4067 pro
1309 3992 1591 4065 religione
1621 3991 1836 4049 multos
1891 4009 2060 4049 exan-

411 4090 619 4146 tlassct
646 4089 874 4146 labores
907 4087 1226 4158 urbemque
1255 4085 1325 4141 ab
1360 4086 1652 4140 hmreseon
1699 4083 1793 4140 lue
1823 4083 2062 4140 liberas-

409 4187 516 4238 set.
553 4181 770 4237 Verum
803 4178 1113 4250 Gregorius
1145 4176 1243 4233 ubi
1275 4174 1594 4232 nonnullos
1624 4175 1916 4247 {Egyptios
1949 4175 2060 4231 sibi

411 4288 478 4326 eo
539 4269 778 4326 nomine
807 4267 1028 4324 invidia
1059 4265 1310 4338 percitos
1355 4263 1762 4320 succensuisse
1807 4263 2058 4335 rescivit,

411 4356 674 4412 oratione
731 4370 906 4427 quam
956 4351 1384 4427 Syntacteriam
1435 4349 1657 4406 vocavit
1705 4350 2055 4420 conscripta,

411 4447 484 4500 ab
548 4445 921 4515 episcOpatus
953 4457 1126 4498 onere
1175 4457 1306 4497 sese
1356 4438 1663 4496 abdicavit.
1697 4439 1841 4496 Loco
1898 4437 2058 4495 illius

414 4535 486 4588 ab
542 4532 895 4604 imperatore
924 4536 980 4587 et
1020 4531 1242 4603 synodo
1301 4529 1604 4585 Nectarius
1657 4533 1888 4585 evectus
1946 4534 2054 4585 est.

2177 590 2284 642 τῶν
2315 587 2393 650 ὡς
2453 588 2576 644 ’ύπό
2624 587 2924 646 Ἰουλιανού
2989 589 3388 664 μολυνοέντων.
3439 592 3574 647 Τότε
3629 593 3838 655 πάντας

2182 679 2279 749 μιᾷ
2308 681 2460 756 φωνῇ
2493 676 2851 753 ἀποκριθῆναι
2886 677 3123 754 λέγεται,
3183 679 3268 735 ὅτι
3323 681 3516 752 Ἢμεῖς
3571 683 3838 757 Χριστια-

2176 765 2261 819 νοί
2318 763 2502 840 ἐσμεν,
2560 769 2649 822 καὶ
2695 768 2838 824 οὕτω
2894 770 2994 838 τὴν
3058 768 3335 845 βασιλείαν
3385 767 3621 844 ἐδέξατο.
3674 771 3843 829 Ἀλλ’

2177 853 2336 918 οὗτος
2391 857 2420 911 ὁ
2477 851 2704 927 εὐσεϐὴς
2769 860 2860 913 καὶ
2920 859 3217 932 θαυμάσιος
3249 860 3383 934 μετὰ
3435 862 3487 931 η’
3523 864 3700 934 μῇνας
3734 870 3839 932 τῆς

2177 946 2345 1001 αὐτοῦ
2380 946 2656 1022 βασιλείας
2689 948 2849 1022 ἐντῷ
2910 948 3264 1028 ὑποστρέφειν
3324 949 3430 1004 ἀπὸ
3485 957 3586 1020 τῆς
3639 953 3842 1027 Περσί-

2179 1031 2274 1097 δος
2332 1035 2668 1108 ἐτελεύτησε,
2731 1037 2866 1114 μέγα
2909 1037 3099 1103 πένθος
3155 1038 3489 1114 καταλείψας
3555 1044 3622 1114 τῇ
3699 1045 3835 1099 Ἐκ-

2177 1119 2383 1196 κλησίᾳ
2410 1124 2500 1179 καὶ
2532 1124 2688 1188 λαοῖς
2726 1127 2936 1181 ἅτασιν-

2251 1213 2400 1268 Μετὰ
2483 1210 2540 1268 δὲ
2590 1209 2898 1270 Ἰοϐινιανὸν
2971 1211 3318 1272 ἐϐασίλευσεν
3382 1219 3840 1283 Οὖαλεντινιανὸς

2175 1294 2269 1370 ἔτη
2298 1302 2393 1375 ιβ’,
2428 1300 2508 1371 ὅς,
2546 1303 2679 1375 μετὰ
2711 1302 2765 1360 λ’
2794 1307 3006 1380 ἡμέρας
3045 1311 3145 1374 τῆς
3198 1305 3362 1361 αὐτοῦ
3421 1307 3835 1383 ἀναγορεύσεως

2174 1391 2265 1445 τὸν
2300 1390 2490 1445 ἑαυτοῦ
2521 1388 2757 1467 ἀδελφὸν
2790 1392 3066 1449 Οὐάλεντα
3113 1393 3175 1450 ἐκ
3231 1396 3486 1459 Παιονίας
3549 1419 3840 1471 μεταπεμ-

2178 1479 2438 1555 ψάμενος,
2493 1483 2754 1537 κοινωνὸν
2811 1489 2908 1550 τῆς
2972 1483 3253 1558 βασιλείας
3307 1484 3706 1561 προσελάϐετο,
3773 1489 3842 1549 ὅς

2174 1567 2302 1631 τοὸς
2348 1569 2650 1643 αἷρετικοὺς
2709 1577 3018 1647 συγκροτῶν
3081 1572 3142 1628 ού
3201 1570 3444 1629 διέλιπεν
3499 1575 3841 1637 ἐπισκόπους

2175 1657 2265 1712 καὶ
2295 1655 2688 1733 πρεσϐυτέοους
2719 1661 2806 1716 καὶ
2860 1658 3145 1726 διακόνους
3200 1664 3288 1717 καὶ
3350 1663 3516 1727 λαοὺς
3571 1665 3833 1737 ἐξορίζων

2174 1748 2264 1802 καὶ
2323 1746 2554 1803 πλεῖσυα
2604 1748 2833 1824 ἀθέμιτα
2889 1752 2977 1806 καὶ
3040 1752 3298 1824 ὠμότατοι
3347 1754 3480 1808 κατὰ
3543 1761 3644 1823 τῆς
3728 1760 3837 1811 τοῦ

2176 1841 2310 1891 Θεοῦ
2364 1837 2690 1909 Ἐκκλησίας
2749 1841 3177 1914 μηχανώμενος.
3235 1849 3486 1918 Ὕστερον
3557 1841 3614 1900 δὲ
3707 1851 3837 1906 τοῖς

2178 1923 2402 1989 Γότθοις
2434 1926 2680 2000 πύλεμον
2719 1925 3016 2001 συμϐαΛὼν
3071 1930 3160 1984 καὶ
3205 1931 3343 1986 κατᾶ
3398 1933 3596 2006 κράτος
3653 1935 3836 2004 ἡττη-

2177 2013 2292 2076 θεὶς
2323 2013 2504 2092 φεύγει
2561 2017 2656 2070 σὺν
2708 2014 2926 2093 ὀλίγοις
2958 2018 3035 2080 εἷς
3063 2016 3294 2092 οἷ’κημα,
3329 2018 3381 2075 ὲν
3408 2021 3667 2092 ᾦτοΰτον
3703 2043 3844 2077 κατ-

2180 2103 2406 2158 έκαυσαν
2464 2105 2515 2158 οἱ
2571 2103 2838 2179 πολέμιοι
2895 2108 2987 2162 σὺν
3041 2113 3158 2170 τοῖς
3218 2113 3467 2165 συνοῦσιν
3533 2111 3681 2183 αύτῷ
3742 2111 3848 2167 καὶ

2178 2190 2328 2264 αύτῷ
2405 2192 2690 2266 οἰκήματι,
2785 2194 3167 2270 β.σιλεύσαντα
3251 2198 3484 2262 ἀνοσίως
3562 2196 3656 2271 ἔτη
3744 2199 3841 2256 ιδ’.

2180 2280 2622 2346 Οὐαλεντινιανὸς
2682 2280 2738 2338 δέ
2796 2285 2824 2338 ὁ
2884 2286 3071 2362 Μέγας
3097 2287 3158 2341 ἐκ
3185 2291 3292 2342 τῶν
3344 2293 3522 2363 μερῶν
3556 2297 3656 2360 τῆς
3689 2290 3840 2346 Γαλ-

2180 2369 2303 2432 λίας
2334 2369 2507 2435 ἐλθὼν
2554 2370 2874 2444 ἐτελειώθη,
2915 2372 3304 2450 κληρονόμους
3331 2385 3431 2447 τῆς
3487 2379 3678 2434 ἑαυτοῦ
3731 2383 3841 2455 βα-

2182 2457 2391 2522 σιλείας
2443 2461 2760 2516 καταλιπὼν
2814 2464 3104 2538 Γρατιανὸν
3160 2465 3254 2520 τόν
3335 2466 3450 2522 υἱὸν
3506 2467 3694 2537 αὐτοῦ,
3730 2467 3852 2526 Αὕ-

2177 2570 2406 2625 γουστον
2485 2551 2610 2605 ὄντα
2680 2551 2772 2606 καὶ
2847 2551 2899 2607 ἐν
3001 2554 3197 2630 Ῥώμῃ
3277 2553 3647 2630 διατρίϐοντα,
3739 2560 3852 2614 καὶ

2181 2637 2629 2696 Ούαλεντινιανὸν
2659 2639 2776 2697 νέον
2805 2639 3010 2712 κομιδῆ
3041 2643 3401 2718 τυγχάνοντα,
3439 2647 3494 2702 ὅν
3531 2651 3563 2717 ἡ
3624 2651 3848 2725 ἀνάγκη

2178 2748 2286 2783 των
2319 2727 2744 2808 ἐπιχειρούντων
2781 2730 2872 2786 τὸν
2905 2729 3072 2785 τόπον
3103 2737 3203 2800 τῆς
3255 2732 3536 2808 βασιλείας
3591 2737 3849 2814 ὑφαρπό-

2180 2823 2289 2888 ζειν
2347 2818 2709 2893 παρεσκεύασε
2763 2819 2854 2875 καὶ
2925 2819 3156 2884 ἀπόντος
3229 2825 3326 2877 τοῦ
3411 2823 3651 2905 ἀδελφοῦ
3739 2828 3847 2883 τά-

2179 2909 2460 2987 πορφύραν
2491 2906 2877 2981 ἀναδήσασθαι.

2247 3087 2307 3143 Ὀ
2339 3084 2398 3142 δέ
2427 3107 2487 3162 γε
2559 3090 2851 3163 Γρατιανός
2881 3091 2973 3146 τὺν
3056 3091 3222 3170 μέγαν
3297 3090 3585 3149 Θεοδόσιον
3644 3094 3697 3166 ἐξ
3777 3099 3856 3155 Ἰ-

2183 3175 2411 3238 σπάνίας
2443 3178 2660 3254 ἀγαγὼν
2693 3180 3133 3256 προεχειρίσατο
3167 3181 3244 3245 είς
3279 3182 3532 3256 βασιλέα,
3591 3182 3860 3260 γαμϐρὸν

2613 3267 2750 3342 πρὸς
2812 3269 2875 3325 τὸ
2941 3269 3207 3345 πολεμεῖν
3266 3278 3383 3335 τοῖς
3441 3273 3674 3337 Σκύθαις
3734 3279 3847 3346 τήν

2176 3354 2390 3430 Θρᾷκην
2439 3353 2820 3429 ληΐζομένοις.
2871 3359 2932 3416 Ὀ
2991 3357 3049 3414 δὲ
3101 3362 3391 3436 Γρατιανὸς
3435 3364 3556 3417 κατ’
3611 3359 3851 3419 ἐπιϐου-

2175 3445 2280 3514 λὴν
2341 3443 2590 3517 Μαξίμου
2647 3447 2794 3508 τινὸς
2857 3445 2927 3502 δι’
2975 3446 3361 3525 Ἀνδραγαθίου
3421 3451 3676 3525 ἀνῃρέθη,
3743 3456 3841 3509 καὶ

2179 3534 2284 3589 ὑπὸ
2353 3530 2646 3591 Θεοδοσίου
2703 3535 2779 3598 εἷς
2831 3535 2963 3600 τοὺς
3016 3538 3337 3615 βασιλικοὺς
3423 3541 3627 3618 τάφους
3702 3565 3842 3616 μετ-

2171 3621 2353 3694 ετέθη.

2244 3728 2392 3785 Μετὰ
2449 3727 2506 3786 δὲ
2557 3733 2847 3806 Γρατιανὸν
2904 3729 3220 3791 ἐϐασίλευσε
3277 3733 3571 3798 Θεοδόσιος
3629 3738 3656 3791 ὁ
3710 3739 3833 3795 Μέ-

2169 3839 2268 3893 γας
2301 3816 2393 3890 ἔτη
2430 3821 2518 3891 ιζ’,
2553 3818 2610 3882 ὅς
2641 3825 2720 3894 τῷ
2776 3820 3039 3898 Θεολόγῳ
3107 3825 3395 3900 Γρηγορίῳ
3445 3827 3545 3894 τήν
3603 3826 3839 3883 ἐπισκο-

2167 3910 2276 3979 πὴν
2308 3908 2544 3984 ἐκύρωσε
2584 3912 3213 3977 Κωνσταντινουπόλεως
3249 3914 3338 3970 καὶ
3375 3917 3450 3990 μή
3505 3915 3831 3987 θελήσαντι,

2172 3998 2517 4072 βιασάμενος,
2553 3999 2626 4060 ὡς
2658 3997 2844 4055 πολλὰ
2892 4001 3118 4076 καμόντι
3173 4003 3265 4058 καὶ
3312 4011 3411 4073 τῆς
3467 4003 3684 4075 πλάνης
3715 4011 3830 4061 τῶν

2166 4084 2419 4160 αἱρέσεων
2449 4088 2547 4157 τὴν
2579 4086 2745 4143 πόλιν
2779 4087 3222 4166 ἐλευθερώσαντι.
3285 4091 3540 4169 Ὀλίγους
3612 4091 3669 4148 δὲ
3719 4100 3834 4150 τῶν

2167 4174 2480 4250 Αἰγυπτίων
2517 4178 2702 4250 μαθὼν
2737 4179 2764 4233 ὁ
2808 4185 2950 4242 θεῖος
2975 4181 3282 4258 Γρηγόριος
3307 4181 3386 4256 τῷ
3435 4181 3584 4255 λόὸῳ
3647 4183 3836 4257 τούτῳ

2167 4268 2555 4344 φθονήσαντας,
2589 4269 2679 4323 τὸν
2714 4272 3120 4342 Συντακτήριον
3178 4273 3388 4335 συνθεὶς
3447 4275 3545 4341 τῆς
3603 4273 3836 4329 ἐπισκο-

2165 4362 2332 4426 πικῆς
2363 4353 2689 4428 διοικήσεως
2712 4359 3090 4434 ὑπεχώρησεν.
3131 4362 3221 4418 Ἀν
3237 4363 3284 4417 τ’
3319 4361 3484 4417 αὐτοῦ
3529 4360 3587 4418 δέ
3619 4369 3833 4418 Νεκτα-

2169 4464 2281 4519 ριον
2328 4445 2733 4521 προχειρίζεται
2793 4447 2822 4502 δ
2854 4469 2912 4502 τε
2943 4449 3198 4524 βασιλεὺς
3224 4450 3320 4506 καῖ
3348 4454 3381 4521 ἡ
3416 4449 3658 4524 σύνοδος,
3733 4454 3828 4509 ὅτε

2163 4534 2252 4589 καὶ
2284 4537 2319 4605 ἠ
2363 4533 2582 4610 δευτέρα
2624 4535 2844 4599 σύνοδος
2873 4537 3084 4615 γέγονεν
3144 4539 3195 4596 ἐν
3245 4540 3825 4598 Κωνσταντινουπόλει

411 4625 558 4680 Tum
591 4624 850 4680 secunda
879 4623 1139 4694 synodus
1177 4621 1279 4676 150
1309 4624 1646 4675 sanctorum
1678 4618 1915 4674 Patrum
1956 4619 2057 4675 ad-

2177 4628 2274 4680 τῶν
2341 4625 2418 4700 ρν⁹
2495 4625 2661 4700 ἁγίων
2748 4626 3001 4701 Πατέρων
3094 4630 3229 4684 κατὰ
3307 4629 3649 4687 Μακεδονίου
3724 4636 3829 4686 τοῦ

411 4731 612 4770 versus
661 4711 1062 4769 Macedonium
1094 4709 1436 4782 episcopum
1482 4707 1873 4778 Cpolitauam,
1922 4708 2056 4781 Spi-

412 4805 560 4860 ritus
611 4802 798 4858 sancti
853 4803 1345 4873 oppugnatorem,
1395 4796 1554 4868 Cpoli
1605 4796 1894 4854 celebrata
1945 4801 2053 4854 est.

411 4894 530 4950 Sub
563 4894 767 4948 eodem
815 4891 1135 4964 pretiosum
1184 4886 1564 4943 Prmcursoris
1611 4892 1785 4958 caput
1830 4888 2053 4960 Cpolim

408 4982 729 5040 advehitur.
767 4983 989 5038 Interea
1042 4977 1486 5036 Valentinianus
1536 4975 1595 5030 in
1629 4977 1886 5033 occiduis
1917 4995 2053 5049 par-

411 5076 568 5133 tibus
600 5075 725 5148 ipse
756 5074 869 5131 sibi
923 5073 1127 5145 laqueo
1173 5070 1352 5126 vitam
1402 5068 1722 5140 intercipit,
1757 5086 1875 5142 qua
1923 5087 2054 5128 vero

410 5167 480 5222 de
512 5182 687 5222 causa
719 5165 908 5220 adhuc
961 5161 1391 5234 incompertum
1425 5162 1528 5215 est.
1569 5163 1746 5214 Porro
1794 5159 2056 5217 Theodo-

408 5256 532 5312 sius
563 5254 817 5312 Orientis
861 5254 962 5309 40
993 5250 1303 5325 imperium
1335 5248 1445 5304 sibi
1477 5248 1759 5304 traditum
1807 5249 2053 5306 Arcadio

409 5343 943 5400 administrandum
989 5339 1322 5406 committit,
1373 5337 1694 5394 Honorium
1752 5338 2051 5410 dignitate,

410 5449 524 5505 qua
555 5435 680 5505 ipse
712 5433 986 5504 pollebat,
1013 5436 1246 5488 auctum
1277 5431 1346 5485 ad
1383 5426 1716 5484 Occidentis
1747 5427 2055 5499 imperium

411 5537 586 5594 quam
619 5523 783 5578 ocius
832 5521 1102 5593 ablegat;
1143 5535 1391 5591 eumque
1422 5533 1555 5573 cum
1587 5517 1657 5572 ad
1690 5533 1752 5573 se
1805 5517 2059 5574 venisset

409 5611 560 5668 latis
583 5610 738 5668 ulnis
761 5611 1124 5682 complexum
1147 5609 1305 5666 dulci
1336 5607 1536 5665 osculo
1567 5607 1740 5679 cepit,
1757 5611 1934 5678 atque
1959 5608 2060 5665 0c-

411 5699 715 5759 cidentalis
739 5699 968 5772 imperii
991 5697 1562 5755 administrationem
1593 5696 1901 5753 concessit.
1929 5700 2058 5769 Ipse

2171 4715 2665 4790 πνευματομάχου,
2697 4715 2996 4771 ἐπισκόπου
3029 4719 3323 4794 γεγονότος
3381 4725 3831 4775 Κωνσταντινου-

2165 4803 2402 4866 πόλεως,
2446 4805 2569 4860 Ἐπὶ
2619 4802 2674 4860 δὲ
2729 4802 3017 4861 Θεοδοσίου
3065 4809 3154 4862 καὶ
3208 4809 3242 4878 ἡ
3295 4810 3456 4882 τιμία
3483 4807 3830 4884 κεφαλήτοῦ

2166 4889 2495 4968 ΙΙροδρόμου
2527 4892 2578 4948 ἐν
2639 4895 3209 4952 Κωνσταντινουπόλει
3244 4895 3589 4971 διεκομίσθη.
3627 4901 3715 4954 Ἑν
3771 4897 3832 4954 δὲ

2165 4985 2244 5053 τῷ
2285 4983 2481 5054 μεταξὺ
2535 4979 2988 5048 Ούαλεντινιανὸς
3044 4984 3095 5040 ἐν
3154 4993 3271 5051 τοῖς
3329 4993 3428 5056 τῆς
3479 4986 3690 5050 Δύσεως
3729 4990 3828 5061 μέ-

2171 5088 2279 5144 ρεσι
2315 5068 2508 5145 βρόχῳ
2537 5071 2886 5146 χρησάμενος
2916 5073 2978 5126 τὸ
3026 5069 3182 5136 τέλος
3222 5073 3342 5150 εὗρε
3396 5080 3492 5131 τοῦ
3554 5075 3702 5150 βίου,
3755 5074 3830 5130 δι’

2167 5155 2232 5228 ἤν
2288 5157 2459 5213 αἰτίαν
2511 5163 2676 5235 μέχρι
2725 5160 2822 5216 τοῖ’)
2875 5161 3144 5234 παρόντος
3198 5163 3297 5218 ούκ
3354 5163 3530 5240 ἴσμεν.
3567 5167 3627 5224 Ὀ
3674 5165 3734 5222 δέ
3763 5188 3828 5242 γε

2168 5244 2452 5310 Θεοδόσιος
2511 5248 2564 5303 ἐν
2623 5252 2717 5323 μὶν
2771 5254 2840 5324 τῇ
2911 5252 3179 5326 ’Δνατολῇ
3213 5254 3303 5308 τὸν
3337 5253 3624 5328 Ἀρκαδιον
3658 5276 3830 5329 προσ-

2168 5338 2318 5408 εταξε
2364 5339 2466 5407 τὴν
2524 5337 2918 5414 παραδοθεῖσαν
2973 5339 3118 5412 αὐτῷ
3165 5340 3447 5418 βασιλείαν
3505 5343 3828 5418 φυλάττειν,

2166 5428 2426 5501 Ὀνώριον
2470 5425 2526 5482 δὲ
2567 5432 2635 5502 τῇ
2687 5429 2850 5484 αὐτοῦ
2913 5433 3154 5503 τιμήσας
3223 5432 3342 5504 ἀξίᾳ
3394 5433 3482 5488 ἐπὶ
3556 5436 3659 5503 τήν
3725 5443 3827 5504 τῆς

2169 5517 2380 5578 Δύσεως
2430 5516 2713 5591 βασιλείαν
2781 5517 2957 5583 ἐλθεῖν
3019 5520 3233 5595 ταχέως
3290 5521 3636 5596 προσέταξεν.
3700 5523 3828 5580 Ἢ).-

2169 5604 2337 5660 θόνταπ
2384 5603 2441 5660 δὲ
2493 5605 2653 5664 αὐτὸν
2712 5608 3101 5682 περιεπτύξατο
3159 5611 3250 5665 καὶ
3300 5611 3549 5690 ἐφίλησε,
3610 5614 3700 5667 καὶ
3759 5614 3830 5667 τΞι

2169 5702 2269 5765 τῆς
2329 5694 2612 5772 βασιλείας
2662 5701 2910 5776 σκῆπτρα
2962 5705 3062 5768 τῆς
3125 5700 3338 5763 Δύσεως
3420 5699 3834 5778 παραδεδωκὼς
