4062 6202
345 338 466 404 263

1921 324 2182 391 JOELIS

3636 332 3764 397 284

347 490 528 550 penes
566 451 896 547 piissimam
915 463 1199 537 virginem
1229 461 1528 519 Hebraeum
1559 476 1794 520 summa
1817 477 1978 518 vene-

2107 457 2352 538 Ἐϐραΐδι
2409 463 2499 520 καὶ
2573 464 2822 540 παρθένῳ
2858 465 3024 541 ἱερῶς
3077 464 3489 546 φυλαττομένη,
3549 469 3641 524 καὶ
3703 468 3759 524 ἐν

343 567 570 626 ratione
599 561 910 620 adservata
937 569 1072 611 cum
1096 551 1470 623 innotuissel,
1500 550 1726 624 Cpolim
1757 551 1996 608 devecta

349 655 508 730 apud
548 649 902 710 Blachcrnas
939 641 1192 715 reposita
1223 647 1328 696 est.
1362 638 1449 730 Ibi,
1477 639 1796 730 imperator
1841 644 1994 698 tem-

346 729 513 822 plum
543 739 647 800 Dei
690 735 859 794 Matri
903 747 1137 790 sacrum
1196 729 1505 798 exstruxit,
1553 733 1611 786 et
1655 729 1716 784 in
1759 747 1894 786 arca
1922 747 1992 787 ex

344 817 485 894 auro
552 831 913 902 argentoque
970 822 1125 878 facta
1210 819 1590 876 conservavit.
1669 817 1864 876 Vestis
1921 837 1991 878 ex

343 924 511 984 facile
543 914 897 995 putrescenti
926 912 1062 968 lana
1082 913 1139 967 et
1167 907 1520 966 staminibus
1550 909 1740 965 forma
1769 909 1986 967 colore-

343 1031 459 1090 que
516 1008 813 1070 similibus
867 1005 1154 1070 contexta,
1209 1015 1396 1071 neque
1451 999 1748 1090 corrumpi
1796 1015 1985 1072 neque

341 1089 581 1166 dissolvi
661 1101 734 1157 ad
816 1096 938 1152 haec
1009 1096 1268 1163 tempora
1339 1089 1550 1162 potuit,
1634 1089 1982 1162 incorruptae

341 1195 505 1255 illius
532 1210 598 1250 ac
649 1189 935 1248 aaviternte
989 1178 1344 1254 virginitatis
1401 1181 1831 1251 argumentum.
1871 1184 1981 1238 Leo

341 1303 474 1346 vero
505 1283 818 1356 imperator
843 1275 1134 1332 viscerum
1166 1268 1368 1325 morbo
1398 1269 1698 1325 confectus
1727 1268 2020 1327 occubuit.

413 1375 584 1435 Leoni
614 1364 901 1428 successit
930 1362 1042 1418 Leo
1063 1357 1268 1432 junior
1291 1373 1360 1413 ex
1388 1358 1614 1412 Zenone
1639 1359 1698 1413 et
1722 1357 1980 1416 Ariadna

339 1483 544 1542 nepos.
574 1460 738 1519 Rexit
757 1453 1067 1527 imperium
1095 1463 1316 1506 annum
1347 1462 1554 1542 unum.

2099 552 2679 610 Κωνσταντινουπόλει
2745 551 3156 630 διακομισθεῖσα
3187 600 3204 630 ,
3272 557 3324 612 ἐν
3402 557 3749 633 Βλαχέρναις

2099 641 2352 714 ἀπετέθη·
2386 641 2512 708 ἔνθα
2539 644 2568 699 6
2603 643 2858 721 βασιλεὺς
2923 644 3048 701 ναὸν
3095 642 3424 720 ᾠκοδόμησε
3451 653 3552 717 τῆς
3615 652 3748 702 Θεο-

2105 732 2374 806 μήτορος,
2429 734 2520 788 καὶ
2560 734 2718 810 σορὸν
2777 733 2836 790 έκ
2890 739 3099 811 χρυσοῦ
3153 735 3242 791 καὶ
3313 735 3552 812 ἀργύρου
3591 757 3756 792 κατα-

2100 821 2358 886 σκευάσας
2413 823 2666 890 κατέθετο
2704 823 2930 897 ταύτην,
2997 825 3118 896 ἥτις
3182 826 3232 898 ἐξ
3299 824 3458 901 ἐρίων
3514 827 3759 904 εὖφθάρ-

2097 933 2207 968 των
2238 913 2573 993 ἐξυφασμένη
2616 915 2705 971 καί
2739 915 3026 991 στημόνων
3077 913 3407 990 ὁμοιοειδῶν
3465 917 3555 973 καὶ
3613 919 3762 992 δμο-

2096 1007 2281 1082 χρόων
2325 1003 2690 1086 ἀδιάφθαρτός
2746 1006 2859 1063 ἐστι
2917 1007 3006 1062 καὶ
3064 1004 3356 1072 ἀδιάλυτος
3420 1007 3587 1090 μέχρι
3643 1012 3752 1066 τοῦ

2093 1097 2208 1158 νῦν.
2240 1101 2342 1164 τῆς
2374 1094 2750 1170 Ἀειπαρθένου
2805 1097 2868 1152 τὸ
2934 1099 3114 1172 θαῦμα
3152 1101 3334 1174 σαφῶς
3369 1097 3744 1171 κηρύττουσι.

2090 1183 2152 1244 Ὀ
2176 1179 2234 1238 δέ
2260 1204 2322 1261 γε
2355 1181 2610 1258 βασιλεὺς
2650 1186 2797 1242 Λέων
2823 1182 3226 1262 δυσεντεριάσας
3257 1185 3510 1252 ἀπέθανε.

2159 1363 2313 1420 Μετὰ
2343 1359 2401 1419 δὲ
2430 1362 2634 1420 Λέοντα
2689 1359 3006 1421 ἐϐασίλευσε
3059 1365 3210 1421 Λέων
3265 1365 3294 1422 6
3353 1365 3546 1442 μικρὸς
3596 1366 3625 1422 6
3657 1361 3753 1422 ἔκ-

2088 1470 2246 1525 γονος
2279 1452 2468 1524 αὐτοῦ,
2509 1455 2537 1509 ὁ
2581 1453 2688 1510 ἀπὸ
2717 1456 2966 1525 Ζήνωνος
2995 1456 3085 1510 καὶ
3119 1452 3432 1530 ’Δριάδνης,
3457 1453 3572 1517 ἔτος
3599 1451 3679 1512 ἓν.

411 1531 551 1620 i’ost
580 1555 835 1611 Leonem
866 1550 1016 1600 Zeno
1050 1542 1286 1597 Isauras
1317 1537 1444 1609 ejus
1468 1539 1634 1610 pater
1660 1536 1978 1609 imperium

2156 1541 2306 1598 Μετὰ
2338 1540 2395 1598 δὲ
2451 1542 2658 1599 Λέοντα
2711 1544 2804 1600 τὸν
2865 1545 3056 1620 μικρὸν
3112 1538 3428 1601 ἐϐασίλευσε
3464 1546 3648 1616 Ζήνων
3713 1546 3744 1600 6

339 1639 778 1715 administravit
803 1649 989 1692 annos
1009 1627 1304 1695 undecim,
1338 1627 1746 1715 viscerumque
1769 1628 1973 1684 morbo

337 1714 516 1800 vitam
547 1728 765 1790 amisit.
811 1725 944 1797 ipso
976 1720 1070 1778 sui
1121 1715 1353 1790 imperii
1385 1714 1704 1788 primordio
1735 1715 1808 1772 ab
1839 1715 1989 1774 insi-

340 1830 455 1889 diis
479 1824 700 1882 Berinas
723 1829 924 1874 socrus
947 1815 1004 1868 et
1021 1808 1224 1866 Leonis
1243 1805 1432 1879 Magni
1457 1803 1672 1876 uxoris,
1705 1809 1986 1878 tanquam

342 1921 445 1996 qui
475 1933 545 1974 ea
571 1908 912 1972 adversante
940 1898 1257 1974 imperium
1297 1895 1608 1964 obtineret,
1631 1895 1743 1951 sibi
1773 1911 1985 1954 cavens

348 1984 410 2068 {n
466 2003 717 2080 patriam
770 1992 1015 2066 aufugit.
1081 1987 1286 2080 Berina
1350 1984 1697 2080 Basiliscum
1744 1986 1984 2080 fratrem

340 2075 750 2172 imperatorem
796 2082 1032 2144 creavit.
1059 2081 1230 2172 i’ost
1266 2077 1386 2172 bzsc
1431 2077 1583 2133 Zeno
1631 2075 1858 2148 Cpolim
1901 2092 1987 2134 re-

342 2167 548 2250 versus
577 2179 942 2244 Basiliscum,
975 2171 1074 2245 qui
1101 2169 1162 2225 in
1179 2167 1482 2225 ecclesiam
1503 2182 1621 2222 una
1649 2182 1783 2223 cum
1807 2182 1984 2226 uxore

344 2285 403 2338 et
430 2274 627 2336 liberis
656 2267 1018 2339 confugerat,
1064 2261 1302 2332 captum
1348 2254 1550 2313 exsilio
1608 2255 1816 2313 multat
1840 2264 1896 2314 et
1921 2257 1983 2314 in

339 2367 618 2443 oppidum
685 2353 1061 2443 Cappadociae
1119 2348 1358 2420 relegat,
1427 2345 1555 2443 ubi‘
1582 2349 1708 2443 tum
1769 2346 1983 2443 apell-mi

336 2435 563 2520 foribus
591 2446 880 2510 obseratis
927 2460 959 2501 e
1000 2440 1121 2498 vita
1149 2439 1474 2496 cessarunt.
1524 2435 1644 2490 Sub
1673 2451 1740 2491 eo
1771 2437 1980 2508 Marty-

341 2550 464 2610 rius
483 2539 882 2602 Antiochenus
900 2528 1111 2606 praeui
1131 2529 1368 2601 propter
1393 2521 1640 2580 Zenonis
1670 2522 1731 2580 in
1760 2527 1980 2582 rectam

338 2640 514 2698 ﬁdem
545 2633 646 2690 48
689 2621 1126 2702 perversitatem
1177 2615 1513 2690 episcopatu
1557 2627 1701 2702 sese,
1725 2611 1978 2681 abdicat,

341 2727 660 2796 statimque
688 2701 898 2774 Petrus
927 2707 1237 2796 Cbapbeus
1265 2703 1568 2796 tyrannica
1597 2717 1660 2796 se
1688 2701 1749 2758 in
1778 2703 1976 2760 sedem

337 2820 498 2878 illam
527 2793 781 2870 intrusit.
832 2798 1144 2872 Martyrius
1189 2795 1301 2852 olei
1349 2793 1644 2852 unctionis
1683 2809 1981 2853 consecra.

2092 1635 2344 1708 Ἴσαυρος
2380 1633 2472 1688 καὶ
2538 1635 2718 1707 πατὴρ
2775 1635 2944 1690 αὐτοῦ
2974 1629 3068 1706 ἔτη
3105 1635 3190 1706 ια’,
3220 1635 3312 1690 καὶ
3360 1635 3588 1690 ἀπέθανε
3614 1632 3755 1690 δυσ-

2092 1721 2415 1797 εντεριάσας.
2471 1723 2590 1792 Ὃς,
2649 1723 2764 1798 ἅμα
2815 1728 2895 1797 τῷ
2955 1723 3272 1800 βασιλεῦσαι
3329 1719 3749 1788 ἐπιϐουλευθεὶς

2090 1811 2236 1884 παρᾶ
2277 1811 2518 1886 Βηρίνης
2577 1819 2677 1884 τῆς
2715 1814 2970 1890 πενθερᾶς
3029 1814 3216 1884 αὐτοῦ,
3275 1814 3532 1892 γυναικὸς
3593 1813 3765 1870 Δέον-

2088 1921 2181 1964 τος
2209 1905 2308 1958 τοῦ
2337 1901 2620 1978 Μεγάλου,
2653 1903 2729 1968 ὠς
2776 1904 2922 1979 παρᾶ
2975 1904 3205 1980 γνώμην
3259 1905 3432 1970 αὐτῆς
3489 1902 3757 1979 βασιλεύ-

2089 2010 2208 2059 σας,
2239 1995 2544 2070 προσέφυγε
2572 1990 2644 2066 τῇ
2678 1989 2791 2064 ἰδίᾳ
2819 1989 3063 2068 πατρίδι.
3103 1993 3168 2050 Ἥ
3201 1989 3260 2048 δὶ
3289 1994 3502 2066 Βηρῖνα
3559 1986 3761 2068 ἔστεφε

2093 2078 2422 2135 Βασιλίσκον
2453 2080 2545 2137 τὸν
2578 2077 2812 2160 ἂδελφὸν
2843 2080 3035 2151 αὐτῆς.
3069 2079 3219 2139 Μετᾶ
3251 2078 3308 2137 δὲ
3335 2085 3505 2137 ταῦτα
3557 2083 3756 2153 Ζήνων

2090 2167 2432 2244 ὑποστρέψας
2492 2169 2544 2225 ἐν
2597 2169 3192 2241 Κωνσταντινουπόλει,
3223 2171 3314 2226 καὶ
3370 2174 3564 2227 τοῦτον
3625 2191 3761 2250 χει-

2090 2258 2428 2334 ρωσάμενος,
2487 2264 2559 2334 τῇ
2614 2257 2878 2332 ἐκκλησίᾳ
2935 2259 3320 2339 προσφυγόντα
3373 2260 3487 2335 ἅμα
3535 2268 3759 2338 γυναικὶ

2085 2347 2178 2402 καὶ
2236 2345 2446 2411 τέκνοις
2499 2347 2750 2424 ἐξώρισεν
2815 2347 2868 2404 ἐν
2925 2354 3006 2422 τῷ
3045 2349 3291 2427 φρουρίῳ
3344 2346 3762 2416 Καππαδοκίας,

2083 2433 2136 2491 ἐν
2172 2435 2218 2510 ᾦ
2251 2437 2549 2512 βληθέντες
2607 2439 2658 2494 ἐν
2711 2437 2910 2516 πύργῳ
2966 2445 3067 2509 τῆς
3123 2439 3287 2512 θύρας
3344 2441 3758 2517 άναφραγείσης

2083 2523 2462 2597 ἐτελεύτησαν.
2533 2527 2656 2601 Ἐφ’
2715 2523 2778 2583 οὗ
2829 2528 2921 2582 καὶ
2977 2527 3290 2604 Μαρτύριος
3323 2529 3351 2585 ὁ
3407 2529 3760 2607 Ἀντιοχείας

2082 2611 2174 2670 διὰ
2226 2617 2326 2686 τήν
2391 2619 2487 2672 τοῦ
2553 2617 2804 2687 Ζήνωνος
2858 2617 2983 2692 περὶ
3054 2618 3154 2687 τήν
3215 2615 3500 2694 ὁρθόδοξον
3561 2617 3756 2676 πίστιν

2083 2703 2416 2784 διαστροφὴν
2473 2705 2888 2780 ἀποταξάμενος
2941 2711 3012 2782 τῇ
3062 2705 3336 2783 ἐπισκοπῇ
3368 2708 3727 2788 ἄνεχώρησεν

2084 2794 2148 2850 οὗ
2200 2795 2666 2871 ἂναχωρήσκντος
2738 2795 2948 2870 Ηέτρος
3002 2797 3031 2851 6
3111 2795 3350 2877 Κναφεὺς
3415 2801 3760 2874 τυραννικῶς

335 2909 558 2968 tionem
588 2893 836 2959 solemni
870 2891 984 2948 ritu
1018 2889 1078 2944 in
1107 2887 1419 2958 conspectu
1453 2885 1652 2958 populi
1683 2884 1978 2960 peragi,et

2090 2888 2168 2940 τῶ
2250 2885 2430 2960 θρόνῳ
2533 2882 2905 2956 έπεπήδησενο
2955 2885 3103 2949 ὅστις
3157 2887 3471 2961 Μαρτύριος
3528 2891 3760 2960 πρῶτος

335 3001 396 3057 in
411 3004 764 3068 unaquaque
776 2979 1106 3058 precatione
1125 2975 1225 3032 Dei
1241 2975 1443 3033 Matris
1456 2976 1817 3068 mentionem
1833 2975 1979 3068 fieri,

335 3064 572 3148 necnon
593 3083 653 3138 in
704 3073 966 3150 quolibet
1013 3069 1299 3124 conventu
1349 3064 1684 3136 symbolum
1723 3065 1860 3122 ﬁdei
1889 3081 1980 3124 re-

335 3175 526 3246 citari,
547 3169 704 3245 quod
735 3163 901 3240 prius
930 3154 1164 3246 nonnisi
1204 3169 1419 3246 magna
1446 3156 1764 3246 Parasceve
1800 3156 1980 3214 semel

333 3281 488 3328 anno
511 3242 1072 3324 dicebatur,primus
1091 3242 1516 3300 instiluit.Item
1539 3243 1812 3300 Barnabaa
1833 3261 1978 3317 apo-

336 3356 474 3418 stoli
505 3363 736 3422 corpus,
758 3343 819 3399 in
849 3338 1021 3411 cujus
1051 3337 1278 3408 pectore
1316 3331 1566 3388 Matthasi
1597 3331 1975 3404 Evangelium

332 3445 571 3526 propria
598 3435 872 3499 Barnabas
914 3444 1088 3526 manu
1108 3426 1409 3524 exaratum
1451 3426 1595 3526 erat,
1626 3423 1739 3525 sub
1771 3424 1975 3525 arbore

333 3511 530 3600 ceraso
551 3531 849 3590 inventum
873 3523 982 3578 est.
1011 3517 1125 3573 Hac
1143 3511 1443 3571 occasione
1473 3511 1665 3586 Cyprii
1685 3529 1718 3569 a
1741 3513 1974 3586 pmpria

331 3624 637 3701 metropoli
664 3611 974 3677 Antiochia
1019 3607 1478 3701 seexemerunt.
1517 3603 1901 3701 Evangelium
1932 3620 1968 3660 a

331 3691 559 3780 Zenone
586 3714 647 3770 in
676 3703 896 3779 templo
928 3696 1111 3758 sancti
1139 3692 1416 3766 Stephani
1456 3692 1512 3749 in
1549 3691 1764 3765 palatio
1795 3691 1970 3749 cono.

330 3816 522 3871 catum
553 3797 802 3875 singulis
848 3789 1020 3849 annis
1043 3801 1254 3875 magna
1308 3781 1450 3875 feria
1494 3780 1966 3875 Quinta-legitur.

321 3869 941 3974 Edatvvtltov‘drtorsﬁv
971 3873 1399 3974 napi-515vva
1429 3869 1481 3926 ἐν
1519 3874 1598 3943 τῷ
1632 3869 1885 3944 παλατίῳ
1941 3870 2018 3935 εἷς

331 3959 572 4051 ἐνιαυτὸν
602 3984 672 4056 τῇ
711 3977 844 4055 ἁγίᾳ
875 3968 1090 4048 μεγάλῃ
1119 3959 1375 4039 Πὲμπτῃ.

397 4083 536 4140 Post
562 4053 850 4133 Zenonem
899 4064 960 4120 in
998 4056 1312 4131 imperium
1359 4053 1643 4111 suffectus
1694 4055 1784 4110 est
1814 4057 1969 4109 Ana-

324 4171 542 4234 stasius
567 4159 876 4227 Dicorusie
901 4145 1265 4213 silentiariis,
1313 4143 1748 4234 Acepbalprum
1798 4145 1970 4234 secta

325 4229 380 4321 et
411 4261 535 4332 ipse
564 4253 853 4312 addictus.
914 4235 1195 4332 Regnavit
1225 4249 1410 4292 annos
1454 4229 1756 4332 tredecim.
1798 4229 1850 4286 Is
1871 4245 1972 4330 per

326 4319 583 4424 quietem
626 4338 769 4397 vidit
788 4329 1108 4392 terribilem
1140 4325 1348 4424 virum,
1391 4321 1506 4422 qui.
1539 4319 1796 4424 codicem
1828 4319 1971 4375 scri-

2091 2973 2350 3046 έπενόησε
2406 2974 2471 3031 τὸ
2531 2974 2704 3050 μύρον
2753 2973 2806 3032 ἐν
2863 2979 2934 3050 τῇ
2984 2975 3250 3048 ἐκκλησίᾳ
3299 2975 3387 3032 ἐπὶ
3425 2976 3624 3040 παντὸς
3648 2981 3754 3033 τοῦ

2090 3063 2229 3120 λαοῦ
2271 3065 2610 3141 άγιάζεσθαι,
2640 3063 2732 3120 καὶ
2780 3063 2832 3120 ἐν
2889 3063 3086 3140 ἑκάστῃ
3155 3064 3293 3141 εὐχῇ
3344 3066 3443 3134 τὴν
3479 3065 3750 3122 Θεοτόκον

2088 3155 2474 3228 ὰνομάζεσθαι,
2504 3153 2598 3209 καὶ
2655 3153 2706 3209 ἐν
2761 3154 2908 3229 πάσῃ
2945 3153 3154 3226 συνάξει
3209 3155 3272 3210 τὸ
3327 3149 3608 3228 σύμϐολον
3640 3162 3750 3226 τῆς

2084 3242 2319 3306 πίστεως
2354 3241 2630 3320 λέγεσθαι,
2705 3245 2970 3320 πρότερον
3048 3245 3125 3318 μή
3202 3241 3500 3320 λεγόμενον
3553 3244 3601 3300 εί
3663 3246 3748 3319 μὴ

2085 3334 2220 3404 ἅπαξ
2250 3337 2349 3389 τοῦ
2410 3333 2658 3388 ἐνιαυτοῦ
2705 3331 2759 3388 ἐν
2809 3337 2882 3408 τῇ
2943 3332 3160 3409 μεγάλῃ
3228 3337 3569 3409 Παρασκευῖμ
3634 3335 3750 3390 Καὶ

2084 3419 2336 3496 Βαρνάϐα
2391 3426 2491 3479 τοῦ
2546 3420 2860 3479 ἀποστόλου
2915 3422 2978 3479 τὸ
3032 3421 3288 3498 λείψανον
3379 3422 3572 3498 εὑρέθη
3635 3423 3747 3480 ὑπὸ

2083 3510 2302 3588 δένδρον
2361 3512 2633 3588 κερασίαν,
2675 3509 2806 3588 ἔχον
2860 3511 2948 3568 ἐπὶ
3004 3513 3236 3584 στήθους
3287 3512 3350 3568 τὸ
3397 3513 3533 3568 κατὰ
3588 3519 3750 3569 Ματ-

2081 3606 2230 3658 θαῖον
2283 3601 2618 3679 Εὐαγγέλιον
2675 3601 2990 3680 ινδιόγραφον
3046 3605 3145 3658 τοῦ
3217 3596 3491 3677 Baptism
3524 3603 3610 3672 Ἐξ
3671 3602 3746 3672 ἧς

2079 3693 2400 3769 προφάσεως
2479 3691 2878 3769 παραγεγόνασι
2925 3689 3164 3766 Κύπριοι
3239 3695 3338 3746 τοῦ
3393 3692 3470 3764 μὴ
3556 3690 3743 3747 τελεῖν

2081 3780 2185 3837 ὑπὸ
2249 3782 2588 3857 Ἀντιόχειαν
2630 3783 2730 3850 τὴν
2785 3781 2903 3836 κατ’
2934 3779 3128 3844 αὐτοὺς
3164 3779 3530 3856 μητρόπολιν.
3561 3783 3746 3856 ’Ὀπερ

2077 3872 2166 3927 τὸν
2222 3872 2346 3926 ναὸν
2405 3875 2502 3926 τοῦ
2562 3870 2749 3946 Ἀγίου
2815 3868 3089 3949 Στεφάνου
3139 3870 3567 3947 ἂναγινώσκεται
3607 3871 3741 3926 κατ’

2155 4052 2301 4109 Μετὰ
2358 4049 2416 4108 δὲ
2470 4053 2692 4123 Ζήνωνα
2770 4045 3112 4108 ἐϐασίλευσεν
3168 4048 3524 4114 ’Δναστάσιος
3555 4049 3584 4105 6
3643 4048 3746 4106 Δίο

2079 4160 2244 4218 κορος
2275 4139 2382 4198 άπὸ
2425 4139 2736 4208 σελεντίων,
2767 4144 2876 4197 τῶν
2910 4137 3229 4220 Ἀκεφάλων
3284 4138 3376 4196 καὶ
3407 4138 3569 4202 αὐτὸς
3635 4134 3744 4210 ὥν,

2080 4227 2173 4302 ἔτη
2211 4237 2296 4307 ιγ’*
2359 4230 2418 4294 ὅς
2455 4227 2564 4286 εἶδε
2620 4231 2736 4286 καθ’
2795 4228 2996 4292 ὕπνους
3050 4224 3285 4305 φοϐερόν
3337 4249 3457 4285 τινα
3484 4232 3554 4304 τῇ
3587 4229 3744 4305 χειρὶ

2079 4319 2380 4396 κατέχοντα
2435 4317 2647 4376 κώδικα
2684 4319 3064 4396 γεγραμμένον
3121 4319 3214 4375 καὶ
3271 4317 3502 4396 λέγοντα
3565 4317 3744 4392 αὐτῷ,

325 4408 488 4514 plum
543 4445 718 4490 manu
776 4421 1014 4490 ferebat,
1081 4413 1342 4514 dixitque
1392 4410 1549 4514 ipsi:
1610 4410 1689 4465 En
1746 4415 1973 4482 propter

2090 4408 2218 4469 Ἰδοὺ
2301 4408 2391 4466 διὰ
2448 4411 2548 4480 τὴν
2607 4410 2861 4467 ἀπιστίαν
2926 4431 3024 4466 σου
3107 4408 3394 4488 ἀπαλείφω
3456 4415 3557 4480 τῆς
3638 4412 3746 4475 σῆς

328 4495 480 4588 Euam
515 4522 678 4595 ﬁdem
716 4523 1026 4588 perversam
1061 4503 1218 4561 deleo
1248 4499 1462 4595 deuita
1498 4506 1607 4595 tua.
1631 4513 1805 4595 ani-ros
1833 4514 1972 4570 qua-

2090 4505 2230 4571 ζωῆς
2261 4499 2353 4571 ἔτη
2425 4497 2512 4557 ιδ’.
2578 4500 2684 4558 Καὶ
2735 4502 2978 4576 βροντῶν
3035 4499 3128 4555 καὶ
3157 4498 3445 4575 ἀστραπῶν
3475 4495 3622 4574 παρᾶ
3678 4501 3747 4554 τὸ

333 4587 661 4678 tuordccim.
717 4587 918 4660 Multis
971 4610 1141 4668 porro
1197 4589 1469 4648 tonitruis
1529 4587 1971 4678 fulgoribusque

331 4677 464 4768 cum
487 4699 828 4777 quateretur
858 4685 1161 4763 palatium,
1191 4680 1348 4777 solus
1373 4677 1968 4777 imperatpr.relictus,

331 4765 466 4858 binc
496 4765 672 4864 atque
700 4783 836 4842 inde
864 4787 1196 4851 pererrans,
1225 4767 1557 4864 subsidium
1589 4765 1702 4864 sibi
1725 4766 1798 4864 inA
1809 4771 1969 4824 tanto

331 4854 490 4949 male
526 4854 760 4958 parans,
821 4867 1054 4927 tandem
1104 4875 1238 4918 cum
1278 4858 1338 4958 in
1378 4854 1716 4958 cubiculum
1761 4855 1968 4958 Datum

377 4945 555 5034 ictum
589 4987 651 5030 se
679 4959 1044 5027 contulisset,
1067 4951 1273 5010 divinis
1291 4945 1537 5020 justitiaz
1566 4945 1970 5034 pcenasdedit,

536 5055 820 5122 exanimis
849 5043 1155 5110 confestim
1189 5035 1494 5134 porruerit.
1527 5033 1832 5134 Nonnulli.
1862 5039 1975 5094 trs.

337 5125 486 5215 dunt
513 5151 701 5226 primo
723 5136 1030 5215 sepultum
1049 5131 1142 5188 die
1157 5127 1354 5200 elapso
1382 5125 1934 5226 voccmintoin'uisse

332 5211 670 5306 inﬁgimus
713 5211 849 5302 mei,
917 5230 968 5285 et
1010 5230 1203 5299 portas
1251 5223 1517 5306 reserate.
1571 5213 1640 5269 At
1670 5211 1820 5306 “illis
1875 5215 1975 5286 qui

333 5302 650 5409 sepulturae
678 5338 876 5384 curam
930 5312 1210 5409 gerebant
1237 5304 1568 5409 dicentibus
1591 5319 1606 5360 :
1626 5302 1802 5409 ἔ
1830 5321 1979 5409 maps

333 5392 633 5497 imperator
679 5429 862 5474 rerum
933 5407 1166 5497 potitur,
1227 5395 1584 5497 respondftz.
1617 5392 1805 5497 Atil-cit,

2081 4589 2349 4646 παλάτιον
2402 4588 2731 4666 γενομένων,
2780 4588 2870 4644 καὶ
2935 4592 3034 4644 τοῦ
3095 4586 3362 4662 βασιλέως
3421 4588 3744 4664 μονωτάτου

2080 4678 2532 4758 καταλειφθέντος
2562 4679 2652 4735 καὶ
2691 4679 2798 4736 ἀπὸ
2843 4676 3014 4735 τόπου
3073 4677 3150 4743 εἰς
3199 4677 3366 4734 τόπον
3427 4677 3746 4756 φεύγοντος,

2087 4767 2140 4824 ἐν
2177 4770 2254 4825 ένὶ
2285 4773 2396 4825 τῶν
2426 4769 2796 4825 κοιτωνίσκων
2857 4769 3081 4843 (Ὤατον
3129 4763 3188 4822 δὲ
3242 4765 3482 4842 ἐλέγετο)
3509 4763 3750 4822 κατέλα-

2083 4853 2172 4913 ϐεν
2205 4857 2366 4914 αὐτὸν
2408 4859 2436 4928 ἡ
2477 4858 2641 4936 ὀργὴ,
2699 4855 2840 4912 ὥστε
2890 4853 3159 4932 αἶ’φνίδιον
3216 4855 3499 4930 εὑρεθῆναι
3527 4855 3746 4930 νεκρόν.

2085 4946 2225 5003 Φασὶ
2282 4945 2340 5002 δὲ
2374 4946 2509 5021 μετὰ
2545 4947 2606 5003 τὸ
2648 4953 2883 5026 ταφῆναι
2935 4947 3050 5020 μεθ’
3109 4945 3321 5019 ἡμέρας
3396 4945 3551 5020 βοᾷν·
3585 4943 3750 5001 Ἐλε-

2085 5038 2253 5109 ήσατέ
2329 5059 2419 5112 με,
2521 5037 2615 5093 καὶ
2691 5035 2950 5110 ἀνοίξατε.
3023 5039 3138 5090 Τῶν
3220 5033 3610 5110 μνημοναρίων
3689 5031 3750 5090 δὲ

2089 5127 2377 5196 εἰπόντων,
2437 5124 2647 5188 Ἀλλος
2745 5124 3046 5200 βασιλεύει,
3121 5124 3314 5194 εἰπεῖν,
3364 5120 3538 5181 Οὐδέν
3647 5143 3746 5196 μοι

2090 5212 2272 5289 μέλει·
2353 5213 2430 5274 εἰς
2511 5215 2874 5288 μοναστήριον
2956 5208 3263 5288 ἀπαγάγετέ
3304 5231 3392 5286 με,
3469 5209 3560 5266 καὶ
3613 5230 3748 5265 ποι-

2090 5306 2256 5376 ήσατε
2293 5303 2562 5378 μοναχόν.
2614 5302 2676 5356 Οἱ
2726 5301 2783 5357 δὲ
2840 5298 3019 5356 εἷάσαν
3077 5299 3262 5358 αὐτόν.
3304 5301 3436 5356 Μετ’
3485 5297 3546 5354 ού
3595 5296 3746 5354 πολὺ

2088 5391 2145 5448 δὲ
2201 5397 2300 5448 τοῦ
2353 5394 2640 5466 μνήματος
2703 5389 3006 5465 ἀνοιγέντος
3085 5391 3278 5464 εὑρέθη
3355 5388 3543 5464 φαγὼν
3606 5386 3744 5450 τοὺς

628 5525 642 5564 :
675 5509 736 5562 in
792 5475 1184 5559 monasterium
1236 5487 1487 5546 abducite
1530 5487 1585 5574 ct
1631 5486 1735 5538 44
1780 5482 1978 5541 habitu

2092 5481 2393 5559 βραχίονας
2453 5481 2618 5536 αὑτοῦ
2675 5481 2762 5535 καὶ
2821 5479 2888 5535 τὰ
2941 5477 3203 5556 καλήγια,
3238 5481 3372 5554 ἅπερ
3429 5475 3744 5534 έπεδέδυτο.

330 5570 590 5662 ξποπαοὴί
616 5594 851 5654 induite.
909 5585 1192 5646 Custodes
1245 5583 1376 5636 vota
1414 5573 1810 5646 neglexerunt.
1846 5574 1972 5632 Non
2003 5573 2184 5631 multo
2240 5577 2375 5646 post
2425 5589 2558 5630 cum
2590 5572 2929 5644 sepulcrum
2967 5572 3316 5644 aperiretur,
3346 5570 3622 5628 inventus
3654 5573 3748 5627 est

329 5693 580 5753 lacertos
609 5701 747 5746 suos
777 5685 836 5740 et
863 5677 1103 5748 caligas,
1131 5685 1274 5742 quas
1299 5664 1588 5741 gestabat,
1617 5663 1944 5722 devorasse.
