4062 6202
281 310 396 369 265

1647 307 2021 370 CHRONOG
2032 309 2338 370 RAPHIA.

3584 321 3701 380 266

350 434 502 490 Μετᾶ
575 432 633 489 δὲ
716 434 1058 490 Αναστὰσιον
1142 431 1484 490 ἐϐασίλευσεν
1562 436 1851 496 Ἰουστῖνος
1906 434 1918 487 ἐ

2120 436 2432 491 Anastasio
2516 444 2749 494 mortuo
2809 440 3124 513 imperium
3186 445 3379 499 tenuit
3436 447 3704 502 Iustinus

282 525 419 595 Θρᾲξ
464 524 494 580 ὸ
527 524 696 599 μέγας
752 522 807 579 iv
870 520 1185 597 βασιλεῦσιν
1216 519 1309 593 ἔτη
1351 523 1415 592 θ’,
1482 522 1701 597 ἄριστος
1733 520 1787 579 iv
1837 542 1937 577 πο-

285 613 479 684 λέμοις
523 612 619 667 καὶ
653 610 916 681 ζηλωτὴς
944 619 1046 681 τῆς
1101 608 1395 685 ὀρθοδόξου
1451 612 1705 677 πίστεως,
1738 610 1820 688 ἐφ’
1878 608 1939 665 οὗ

282 701 371 757 καὶ
426 702 496 756 τὰ
551 703 692 756 κατὰ
748 702 843 756 τὸν
903 702 1059 774 ἅγιον
1117 699 1337 772 Ἀρέθαν
1369 700 1459 755 καὶ
1515 699 1643 761 τοὺς
1682 699 1733 754 ἐν
1769 704 1941 774 Νεγρᾷ

281 795 347 865 τῇ
380 788 538 846 πόλει
570 788 851 865 ἐπράχθη,
881 788 975 844 καὶ
1025 791 1093 843 τὰ
1147 789 1285 845 κατὰ
1339 793 1446 844 τῶν
1493 790 1809 864 Ὀμηριτῶν
1870 786 1938 842 δι’

279 875 551 937 Ἐλεσϐαᾶ
583 882 682 933 τοῦ
743 877 1019 953 βασιλέως
1073 882 1180 933 τῶν
1233 877 1534 936 Αἰθιόπων.
1595 874 1941 946 Τελευτήσας

281 967 335 1023 δὲ
374 969 403 1024 ὁ
458 965 721 1042 βασιλεὺς
764 968 1056 1029 Ἰουστῖνος
1113 964 1372 1022 κατέλιπε
1433 963 1657 1040 βασιλέα
1716 966 1938 1021 Ἰουστι-

278 1057 458 1111 νιανὸν
491 1056 712 1129 ἀνεψιὸν
740 1054 927 1112 αὖτοῦ.

344 1148 503 1204 Mati
541 1142 603 1200 δὲ
657 1146 950 1202 Ἰουστῖνον
1011 1139 1352 1201 ἐϐασίλευσεν
1391 1145 1770 1206 Ἰουστινιανὸς
1827 1142 1938 1199 ἆνε-

275 1235 397 1309 ᾡιὸς
440 1234 613 1291 αὖτοῦ
643 1232 736 1304 ἔτη
779 1233 884 1302 λθ’,
939 1236 998 1297 ὃς
1056 1228 1283 1307 ἐποίησε
1339 1234 1435 1297 τὰς
1486 1235 1694 1309 Νεαρᾶς
1749 1230 1937 1288 διατα-

272 1326 403 1396 ξεις.
435 1326 773 1382 Ἀνεκαίνισε
805 1322 864 1379 δὶ
892 1324 984 1380 καὶ
1040 1326 1140 1393 τήν
1196 1329 1293 1380 τοῦ
1346 1329 1481 1379 Θεοῦ
1539 1324 1800 1399 Μεγάλην
1856 1322 1936 1378 ἐκ·

268 1412 513 1483 κλησίαν
566 1413 644 1477 εἷς
695 1412 905 1475 κάλλος
963 1414 1052 1468 καὶ
1105 1413 1329 1489 μέγεθος
1384 1413 1515 1488 ὑπὲρ
1554 1412 1617 1468 τὸ
1644 1408 1933 1488 πρότερον,

268 1499 555 1576 παραδοὺς
636 1500 728 1557 καὶ
786 1501 1087 1576 τροπᾶριον
1163 1501 1217 1556 iv
1299 1499 1436 1577 αὒτῇ
1496 1500 1819 1576 ψάλλεσθαιο
1874 1501 1936 1558 Ὀ

270 1597 587 1669 μονογενὴς
617 1594 744 1657 Υἱὸς
804 1595 895 1649 καὶ
954 1595 1133 1670 Λόγος
1188 1599 1287 1650 τοῦ
1333 1598 1487 1651 Θεοῦ.
1524 1593 1621 1650 Καὶ
1677 1595 1713 1664 ἡ
1769 1593 1937 1648 Ὑπα-

268 1686 447 1754 παντῆ
504 1678 701 1739 ἔλαϐεν
755 1682 938 1760 ἆρχῆν
996 1683 1366 1756 ἑορτάζεσοαι,
1428 1684 1504 1756 μή
1564 1693 1933 1758 συναριθμου-

2050 525 2262 590 Thrax,
2293 542 2543 598 magnus
2574 528 2917 601 imperator,
2960 548 3148 588 annos
3194 549 3429 601 novem,
3462 535 3550 589 vir
3578 535 3708 591 bel-

2051 614 2443 671 licosissimus
2468 623 2759 689 rectaeque
2800 620 2937 675 fidei
2998 629 3427 695 prapugnator.
3462 625 3578 682 Sub
3615 642 3706 693 eo,

2054 721 2183 774 quae
2216 704 2276 757 in
2336 711 2605 760 sanctum
2660 707 2939 763 Aretham
2994 709 3052 765 in
3100 712 3288 778 Negra
3340 713 3484 768 urbe
3545 722 3710 789 gesta

2052 797 2292 860 sunt,et
2323 800 2529 850 contra
2557 798 2892 853 Homeritas
2950 816 3057 869 per
3112 800 3422 857 Elesbaam
3485 805 3708 859 Ethio-

2050 898 2190 953 pum
2242 899 2462 955 regem,
2549 885 2914 941 acciderunt.
2968 889 3232 944 Justinus
3284 891 3462 946 morti
3503 894 3701 963 proxi-

2049 985 2184 1025 mus
2236 971 2632 1028 Iustinianum
2716 976 2937 1031 sororis
3012 977 3200 1033 filium
3280 980 3698 1052 imperatorem

2046 1059 2412 1131 pronuntiat.

2118 1148 2259 1202 Post
2281 1148 2578 1206 Iustinum
2631 1153 3001 1209 Iustinianus
3058 1157 3278 1212 sororis
3321 1157 3480 1214 filius
3512 1159 3689 1232 impe-

2046 1237 2201 1291 rium
2234 1236 2461 1293 obtinet
2484 1255 2672 1296 annos
2709 1242 2951 1316 triginta
2983 1261 3217 1300 novem.
3253 1248 3521 1304 Novellas
3569 1267 3703 1306 con-

2048 1325 2385 1382 stitutiones
2461 1331 2815 1400 composuit.
2879 1332 2980 1387 Dei
3040 1335 3306 1406 Magnam
3385 1338 3698 1395 ecclesiam

2044 1413 2366 1479 renovavit,
2447 1414 2887 1486 pulchritudine
2949 1425 3007 1474 et
3091 1423 3523 1495 magnitudine,
3584 1444 3701 1498 qua

2044 1505 2221 1556 antea
2252 1506 2398 1570 erat,
2460 1504 2964 1574 spectabiliorem,
3022 1508 3082 1563 in
3136 1527 3251 1581 qua
3282 1518 3340 1568 et
3369 1516 3698 1587 troparium

2043 1591 2380 1648 canendum
2414 1593 2675 1662 tradidit,
2710 1597 2881 1666 cujus
2932 1599 3293 1672 principium
3323 1619 3336 1656 :
3374 1605 3698 1675 Unigenitas

2042 1680 2221 1735 Filius
2249 1687 2299 1735 et
2335 1682 2567 1738 Verbum
2600 1684 2718 1749 Dei,
2751 1686 3095 1759 Hypapante
3154 1706 3288 1745 cum
3346 1693 3511 1763 prius
3541 1694 3700 1750 inter

264 1773 406 1846 μὲν-η
440 1775 710 1849 πρότερον
762 1778 883 1834 ταῖς
941 1779 1294 1835 Δεσποτικαῖς
1344 1772 1585 1847 ἑορταῖς.
1625 1773 1816 1867 Γέγονε
1873 1769 1918 1827 δί

2045 1769 2381 1824 Dominicas
2431 1771 2843 1829 solemnitates
2893 1792 3013 1830 non
3103 1788 3694 1851 commemoraretur,

256 1862 354 1917 καὶ
414 1864 452 1931 ἡ
510 1863 738 1935 πέμπτη
799 1858 1028 1923 σύνοδος
1074 1865 1183 1916 τῶν
1261 1861 1363 1935 ρξε’
1426 1859 1596 1935 ἁγίων
1672 1858 1925 1935 Πατὲρων

250 1951 747 2025 κατᾶὨριγὲνους
806 1949 897 2003 καὶ
954 1953 1060 2005 τῶν
1117 1950 1185 2004 τα
1214 1948 1421 2005 ἐκείνου
1479 1943 1647 2015 ἀσεϐῆ
1681 1946 1931 2027 δόγματα

252 2037 668 2112 διαδεξαμένων
722 2036 967 2113 Διδύμου
1024 2039 1116 2094 καὶ
1172 2038 1448 2114 Εὗαγρίου
1505 2038 1593 2093 καὶ
1652 2043 1760 2095 τῶν
1800 2040 1925 2114 παρ’

250 2129 449 2185 αὗτῶν
482 2126 808 2185 ἐκτεθέντων
840 2126 1172 2205 κεφαλαίων.
1236 2128 1327 2190 Εἷς
1385 2125 1442 2183 δὲ
1496 2128 1562 2183 τὰ
1592 2126 1725 2198 τέλη
1759 2128 1926 2183 αὐτοῦ

246 2222 280 2275 ὁ
319 2216 589 2295 βασιλεὺς
619 2220 845 2289 κινήσας
898 2218 961 2272 τὸ
1018 2216 1141 2291 περὶ
1208 2218 1447 2295 φθαρτοῦ
1502 2216 1593 2272 καὶ
1649 2216 1925 2294 ἀφθάρτου

245 2306 444 2383 δόγμα
476 2306 777 2381 ἀλλότριος
803 2313 908 2376 τῆς
961 2299 1235 2368 εὐσεϐείας
1293 2303 1632 2376 ἐτελεύτησε,
1678 2300 1923 2379 προϐαλ-

246 2395 504 2470 λόμενος
534 2398 835 2454 Ἰουστῖνον
866 2394 1086 2469 ἀνεψιὸν
1127 2394 1296 2450 αὐτοῦ
1354 2394 1432 2459 εἰς
1490 2391 1736 2469 βασιλέα,
1795 2415 1925 2449 κου-

240 2484 587 2562 ροπαλάτην
611 2485 737 2540 τότε
765 2483 916 2540 ὄντα.

328 2576 488 2634 Μετὰ
566 2571 627 2628 δὲ
682 2573 1058 2631 Ἰουστινιανὸν
1123 2568 1465 2629 ἐϐασίλευσεν
1549 2575 1842 2636 Ἰουστῖνος
1894 2573 1923 2629 6

241 2665 483 2738 ἀνεψιὸς
517 2663 692 2718 αὐτοῦ
735 2658 828 2732 ἔτη
877 2662 965 2739 ιγ’,
1027 2658 1553 2739 μεγαλοδωρότατός
1583 2682 1643 2718 τε
1691 2659 1766 2717 ὢν
1830 2661 1918 2719 καὶ

241 2752 660 2825 φιλοκτίστης.
690 2754 912 2811 Ἕκτισε
939 2750 1207 2808 παλάτιον
1265 2745 1366 2825 ἔξω
1414 2759 1515 2822 τῆς
1554 2750 1771 2814 πόλεως
1828 2752 1921 2807 καὶ

233 2814 466 2918 λιμένα
496 2843 551 2898 ἐν
679 2841 866 2899 πόλει.
927 2842 1025 2897 Καὶ
1072 2843 1134 2898 τὸ
1197 2814 1315 2917 μὲν,
1345 2814 1569 2898 ἐκάλεσε
1626 2842 1919 2921 Σοφιανᾶς,

228 2934 355 3001 τήν
451 2929 513 2988 δῖε
596 2931 805 3011 Σοφίαν
864 2929 942 2993 εἷς
1000 2927 1176 3006 ὄνομα
1238 2938 1337 3002 τῆς
1394 2932 1589 2988 ἑαυτοῦ
1642 2931 1917 3007 γυναικός.

228 3027 476 3077 "Extis;
505 3019 566 3076 δὲ
596 3020 688 3076 καὶ
717 3022 818 3091 τὴν
875 3020 930 3075 iv
988 3025 1065 3093 τῷ
1124 3019 1571 3100 ὅρφανοτροιρείῳ
1626 3018 1919 3093 ἐκκλησίαν

226 3116 352 3165 tam
408 3112 592 3186 ἁγίων
651 3108 977 3166 ἀποστόλων
1031 3111 1242 3186 ΙΙὲτρου
1326 3109 1416 3165 καὶ
1480 3111 1719 3168 Παύλου.
1784 3112 1916 3170 Εἶτα

2038 1856 2322 1913 celebrari
2354 1865 2544 1932 empta
2601 1865 2708 1916 est.
2763 1863 2999 1936 Cogitur
3040 1867 3248 1937 quinta
3278 1870 3540 1941 synodus
3594 1875 3691 1928 165

2037 1951 2380 2002 sanctorum
2440 1949 2685 2005 Patrum
2744 1951 3025 2010 adversus
3072 1956 3385 2027 Origenem
3442 1960 3690 2031 ejusque

2036 2034 2353 2105 impiorum
2441 2035 2782 2110 dogmatum
2866 2047 3190 2099 sectatores
3265 2047 3579 2118 Didymum
3635 2054 3692 2102 et

2034 2124 2342 2196 Evagrium
2376 2129 2434 2180 et
2483 2128 2677 2198 capita
2732 2128 2804 2183 ab
2867 2131 2951 2184 eis
2993 2133 3279 2203 exposita.
3336 2135 3503 2190 Circa
3558 2137 3689 2192 vitae

2035 2212 2256 2268 exitum
2289 2216 2619 2284 quaestione
2652 2216 2724 2271 de
2756 2220 3126 2290 corruptibili
3160 2227 3216 2277 et
3249 2223 3688 2295 incorruptibili

2034 2307 2195 2356 mota
2223 2302 2551 2373 perduellis
2572 2305 2810 2376 pietatis
2841 2314 3138 2380 rectaeque
3179 2310 3314 2367 fidei
3351 2313 3690 2385 exspiravit,

2033 2405 2168 2445 cum
2224 2390 2389 2462 prius
2440 2393 2737 2450 Iustinum
2798 2397 3018 2452 sororis
3054 2398 3238 2455 filium
3289 2402 3691 2473 curopalatem

2032 2478 2453 2550 imperatorem
2486 2485 2873 2541 nominasset.

2102 2568 2202 2624 45
2230 2571 2370 2625 Post
2396 2572 2799 2630 Iustinianum
2828 2576 3143 2647 imperavit
3169 2580 3441 2636 Iustinus
3493 2599 3564 2636 ex
3595 2600 3688 2637 so-

2029 2673 2163 2712 rore
2219 2658 2384 2714 illius
2429 2666 2605 2716 natus
2663 2678 2853 2718 annos
2895 2664 3206 2737 tredecim,
3257 2669 3686 2739 imperatorum

2028 2746 2628 2805 muniﬁcentissimus
2687 2757 2747 2807 et
2799 2751 3160 2809 fabricarum
3214 2757 3685 2815 studiosissimus

2029 2840 2360 2907 apparator.
2395 2838 2572 2893 Extra
2626 2838 2837 2895 urbem
2886 2840 3171 2912 palatium
3215 2851 3275 2901 et
3326 2851 3563 2917 portum
3620 2849 3683 2903 in

2027 2923 2174 2979 urbe
2204 2925 2526 2980 exstruxit:
2559 2926 2644 2981 illi
2677 2927 2748 2982 ab
2809 2930 3010 2985 uxoris
3067 2933 3310 2990 nomine
3342 2934 3681 3006 Sophianis,

2027 3013 2166 3069 huic
2197 3014 2430 3086 Sephiaa
2461 3031 2677 3071 nomen
2709 3016 2893 3073 dedit.
2922 3020 3246 3078 :Edilicavit
3278 3029 3564 3095 praeterea
3622 3026 3683 3080 in

2028 3102 2536 3175 orphanotrophio
2568 3105 2879 3162 ecclesiam
2914 3115 3255 3166 sanctorum
3282 3112 3682 3183 apostolorum

228 3164 683 3280 νάσφίῂεθεξξ
729 3164 1412 3275 κέιιμέλλῶζεᾲευτᾷν,
1466 3164 1559 3256 τόν
1618 3222 1676 3256 τε
1722 3222 1914 3279 πατρι-

2036 3164 2185 3246 Petri
2228 3197 2285 3247 et
2308 3164 2495 3248 Pauli.
2531 3194 2789 3250 Tandem
2845 3197 3003 3253 mala
3053 3164 3687 3271 valetudine-ageret

232 3290 438 3366 ἀρχην
481 3288 574 3345 καὶ
629 3290 731 3358 τήν
787 3287 1091 3364 σύγκλητον
1157 3294 1328 3345 πᾶσαν
1384 3288 1915 3365 προσκαλεσάμενος,

228 3375 518 3455 Τιϐέριον
552 3379 630 3441 εἰς
663 3376 894 3455 βασιλέα
924 3374 1279 3454 προεϐάλετο.

316 3468 480 3522 Πετᾶ
526 3464 588 3521 δὲ
643 3467 937 3524 ’1ουστῖνον
994 3461 1309 3522 ἐϐασίλευσε
1384 3462 1633 3543 Τιϐέριος
1688 3472 1716 3523 ὁ
1775 3469 1912 3542 Θρᾲξ

234 3556 344 3628 ἔτη
403 3555 473 3628 δ’,
530 3557 612 3627 ὃς,
672 3559 771 3627 τὴν
822 3555 965 3613 ἰδίαν
1019 3564 1248 3636 γυναῖκα
1312 3558 1656 3616 Ἀναστασίαν
1710 3558 1912 3636 ἀναγο-

238 3648 473 3723 ρεύσας,
535 3647 744 3726 Σοφίαν
808 3649 912 3718 τήν
966 3653 1065 3704 τοῦ
1118 3649 1410 3705 Ἰουστίνου
1442 3655 1666 3725 γυναῖκα
1717 3649 1792 3713 εἷς
1848 3650 1911 3705 τὸ

239 3736 301 3791 ἑν
358 3742 443 3811 τῷ
498 3735 810 3794 Ἰουλιανοῦ
867 3737 1054 3811 λιμένι
1106 3735 1372 3794 παλάτιον
1439 3736 1696 3801 κελεύσας
1768 3739 1909 3795 ἀπα-

244 3828 476 3903 χθῆναι,
509 3821 1009 3901 κουϐικουλαρίους
1057 3826 1149 3881 καὶ
1208 3826 1425 3901 ἑτέρους
1456 3828 1595 3896 τινὰ,
1628 3828 1765 3883 εἶναι
1832 3826 1909 3890 είς

246 3914 552 3992 ὗπουργίαν
612 3914 784 3984 αὐτῆς
835 3910 1050 3971 ἔδωκεν·
1110 3912 1178 3986 ἤν
1232 3916 1321 3971 καὶ
1353 3914 1513 3989 ἐτίμα
1571 3915 1662 3972 ἴσα
1717 3916 1907 3989 μητρὶ,

246 4011 425 4064 ποιῶν
460 4010 637 4061 πᾶσαν
672 4004 957 4081 θεραπείαν
1014 4006 1200 4075 αὐτῆς.
1250 4004 1486 4062 Μέλλων
1544 4003 1599 4061 δὲ
1655 4006 1909 4077 τελευτᾷν

246 4094 555 4169 Μαυρίκιον
580 4093 680 4151 τὸν
716 4093 805 4149 ἐπὶ
863 4094 1088 4172 θυγατρὶ
1142 4094 1311 4150 αὐτοῦ
1368 4088 1619 4173 γαμϐρὸν
1679 4093 1909 4169 βασιλέα

246 4184 638 4263 ἀνηγόρευσεν,

321 4275 473 4332 Μετᾶ
532 4271 592 4329 δὲ
646 4268 900 4349 Τιϐέριον
958 4267 1272 4329 ἐϐασίλευσε
1329 4271 1637 4349 Μαυρίκιος
1706 4274 1905 4350 Ἀρμέ-

246 4384 368 4426 νιος
425 4362 514 4418 καὶ
579 4357 837 4437 γαμϐρὸς
894 4363 1061 4417 αὐτοῦ
1118 4358 1211 4433 ἔτη
1271 4370 1335 4419 κ“.
1405 4362 1578 4425 Οὗτος
1659 4359 1903 4439 γαμϐρὸν

242 4451 403 4529 ἔσχεν
435 4452 672 4527 ὀνόματι
704 4451 1073 4521 Φιλιππικὸν,
1133 4450 1194 4514 ὅς
1252 4446 1431 4507 ἔκτισε
1463 4452 1639 4524 μονήν
1673 4450 1726 4508 iv
1759 4455 1907 4528 Χρυ-

2024 3282 2199 3336 morti
2234 3283 2623 3355 propinquus,
2657 3286 2995 3356 patriarcha
3056 3294 3114 3343 et
3170 3296 3381 3347 senatu
3410 3292 3684 3347 universo

2024 3371 2237 3437 accito,
2262 3370 2560 3428 Tiberium
2592 3374 3013 3446 imperatorem
3044 3385 3226 3435 creat.

2093 3460 2233 3514 Post
2275 3460 2574 3517 Iustinum
2632 3470 2844 3535 regnat
2924 3467 3190 3524 Tiberius
3248 3471 3441 3527 Thrax
3488 3489 3679 3528 annos

2020 3552 2294 3617 quatuor.
2321 3550 2424 3605 llic
2462 3566 2708 3607 uxorem
2738 3556 3115 3612 Anastasiam
3170 3561 3492 3631 Augustam
3547 3579 3681 3632 pro-

2020 3639 2207 3708 ponit,
2242 3639 2523 3711 Sophiam
2555 3642 2768 3697 Iustini
2802 3644 3115 3719 conjugem
3167 3648 3226 3702 in
3285 3648 3578 3719 palatium
3612 3650 3671 3703 in

2019 3732 2191 3798 portu
2220 3728 2438 3784 Iuliani
2470 3731 2646 3786 situm
2680 3731 2937 3806 ablegat,
2971 3735 3350 3791 cubiculariis
3381 3742 3438 3792 et
3467 3737 3673 3809 pleris-

2020 3832 2134 3888 que
2164 3815 2298 3872 aliis
2324 3819 2683 3885 constitutis,
2707 3822 2807 3892 qui
2850 3821 2936 3875 illi
2961 3839 2992 3877 e
3026 3824 3260 3879 servitio
3292 3832 3511 3881 essent.
3528 3827 3669 3882 Eam

2019 3920 2257 3979 semper
2284 3908 2451 3977 quasi
2503 3915 2752 3965 matrem
2802 3917 3138 3981 veneratus,
3191 3914 3343 3969 nulli
3373 3914 3531 3971 illius
3578 3916 3669 3971 fo-

2019 3993 2222 4049 venda;
2272 3994 2467 4050 studio
2520 3998 2833 4069 pepercit;
2875 4016 3009 4056 cum
3067 4002 3447 4058 occubiturus
3488 4009 3665 4072 esset,

2018 4083 2361 4140 Mauricium
2393 4101 2680 4157 generum
2712 4086 3132 4160 imperatorem
3163 4093 3462 4164 proponit.

2089 4266 2225 4319 Post
2252 4263 2551 4322 Tiberium
2610 4267 2925 4325 Mauricius
2982 4271 3299 4328 Armenius
3339 4277 3399 4328 et
3451 4273 3670 4329 Tiberii

2012 4367 2194 4425 gener
2214 4354 2465 4425 imperio
2496 4360 2712 4425 prayest
2740 4372 2928 4413 annos
2974 4358 3199 4432 viginti.
3255 4359 3443 4433 Hujus
3490 4378 3672 4436 gener

2011 4441 2381 4513 Philippicus
2405 4444 2833 4500 monasterium
2856 4462 2890 4501 a
2913 4463 3020 4503 suo
3043 4450 3286 4505 nomine
3317 4450 3475 4523 apud
3492 4451 3671 4525 Chry-

241 4528 476 4598 σοπόλει
534 4540 621 4596 ἐπ’
682 4539 912 4616 ὀνόματι
970 4542 1158 4598 αὐτοῦ.
1208 4542 1269 4599 Ὀ
1322 4537 1381 4596 δὲ
1427 4539 1750 4616 Μαυρίκιος,
1806 4543 1904 4612 τήν

2036 4529 2267 4601 ιοροιίω
2301 4531 2588 4587 condidit.
2624 4533 2839 4590 Verum
2888 4537 3220 4597 Mauricius.
3246 4540 3514 4597 Phocicze
3575 4544 3670 4613 ty-

234 4632 341 4682 τοῦ
384 4632 559 4683 Φαικᾶ
579 4624 872 4703 τυραννίδα
905 4626 1090 4701 μαθὼν
1148 4625 1238 4681 καὶ
1296 4628 1394 4698 τὴν
1440 4629 1536 4681 τοῦ
1577 4624 1713 4681 λαοῦ
1770 4625 1903 4681 ἑπα-

240 4717 505 4772 νεὶστασιν
576 4714 815 4794 φεύγων,
878 4714 1150 4789 μεσούσης
1206 4715 1393 4776 νυκτὸς
1456 4715 1558 4785 τήν
1610 4713 1901 4790 βασιλικήν

236 4807 448 4874 ἐσθῆτα
537 4802 951 4876 ἀποδυσάμενος
1010 4804 1102 4858 καὶ
1157 4800 1443 4872 ἱδιωτικὴν
1520 4800 1901 4878 ἐκδυσάμενος,

240 4891 501 4961 εἰσῆλθεν
557 4894 637 4956 εἰς
696 4890 954 4969 δρόμωνα
1034 4893 1127 4948 σὺν
1184 4897 1254 4968 τῇ
1318 4893 1527 4966 γυναικὶ
1587 4893 1755 4949 αὐτοῦ
1812 4893 1901 4949 καὶ

233 4987 368 5046 τοῖς
392 4982 748 5053 τὲκνοες,καί
799 4984 937 5057 μετᾶ
992 4978 1244 5047 κινδύνου
1302 4981 1381 5046 εἷς
1434 4983 1527 5037 τὸν
1585 4983 1733 5059 ἅγιον
1792 4983 1902 5038 Λύ-

234 5070 484 5143 τόνομον
542 5069 829 5133 διασωθεὶς
886 5071 977 5125 καὶ
1065 5069 1203 5145 πρός
1249 5090 1303 5125 τι
1386 5070 1643 5149 φρούριον
1702 5072 1906 5147 ὀχυρὸν

242 5156 497 5215 σπεύδων
537 5164 861 5237 καταφυγεῖν
923 5158 1024 5214 οὐκ
1078 5156 1322 5234 ἴσχυσεν·
1364 5158 1565 5233 α’ἶφνης
1622 5160 1727 5235 γὰρ
1780 5161 1902 5216 ἑπι-

234 5251 479 5305 τίθενται
534 5249 687 5322 αὐτῷ
768 5244 1130 5324 σφοδρότατοι
1202 5247 1362 5303 πόνοι
1452 5248 1542 5303 καὶ
1602 5246 1902 5323 ἀρθρίτιδες

236 5334 548 5414 ποδαλγίας
633 5337 725 5396 καὶ
810 5336 1160 5418 χειραλγίας,
1248 5338 1388 5393 ὥστε
1476 5342 1685 5402 κεῖσθαι
1742 5340 1902 5395 αὐτὸν

237 5427 672 5500 ἀμετακίνητον.
725 5427 785 5481 Ὅ
845 5425 904 5483 δὲ
958 5431 1181 5494 Φωκᾶς,
1216 5426 1319 5483 ὑπὸ
1366 5430 1463 5482 τοῦ
1496 5424 1635 5482 λαοῦ
1667 5423 1902 5503 δεχθεὶς,

238 5514 495 5586 εῒσῆλθεν
530 5517 611 5580 εἰς
636 5517 705 5573 τὰ
732 5515 1003 5593 βασίλεια.

309 5606 461 5667 Μετᾶ
513 5607 613 5662 οὗν
667 5606 972 5680 Μαυρίκιον
1031 5599 1347 5671 ξϐασίλευσε
1403 5611 1599 5668 direxi;
1657 5607 1685 5661 6
1742 5611 1894 5664 Κιιιπ⁴

524 5728 793 5790 ΡΑτιιοῐ..
843 5727 953 5788 Gn.
1001 5726 1095 5789 CX
1107 5724 1321 5787 XXIX.

2010 4618 2280 4674 rannidis
2302 4621 2522 4676 certior
2554 4621 2766 4693 factus,
2799 4624 3001 4697 populi
3033 4627 3424 4686 rebellionem
3443 4631 3668 4687 evitans

2012 4707 2210 4763 media
2240 4713 2415 4764 nocte
2444 4715 2665 4765 vestem
2712 4712 3158 4785 imperatoriam
3183 4718 3366 4785 exuit,
3416 4720 3670 4791 popula-

2012 4813 2137 4851 rem
2166 4796 2383 4862 induit,
2442 4798 2647 4870 sicque
2696 4799 2758 4856 in
2810 4802 3073 4861 celocem
3122 4821 3242 4863 una
3293 4824 3427 4863 cum
3485 4824 3667 4863 uxore

2012 4890 2072 4941 et
2099 4885 2303 4941 liberis
2334 4886 2636 4959 ingressus
2670 4906 2791 4945 non
2831 4891 2959 4947 sine
3000 4893 3345 4950 discrimine
3373 4897 3433 4949 in
3468 4897 3665 4955 Sancti

2010 4975 2329 5030 Autonomi
2365 4977 2585 5049 templo
2619 4978 2795 5034 saluti
2816 4996 2938 5036 sua:
2959 4982 3300 5050 consulit,et
3321 4999 3454 5038 cum
3470 4983 3528 5036 in
3545 5000 3671 5037 mu-

2012 5065 2202 5120 nitum
2219 5065 2502 5136 oppidum
2525 5068 2628 5123 40
2646 5069 2964 5140 confugere
2989 5071 3273 5139 studeret,
3296 5088 3414 5127 non
3436 5072 3626 5142 potuit
3650 5087 3663 5125 :

2013 5154 2208 5210 subito
2240 5169 2498 5226 namque
2512 5154 3020 5213 vehementissimi
3056 5159 3669 5231 dolorescorripuere,

2012 5244 2404 5317 podagrmque
2430 5260 2498 5300 ac
2530 5246 2815 5319 chiragraa
2862 5249 3219 5305 cruciatibus
3241 5266 3556 5323 oppressus
3579 5257 3668 5307 est

2012 5332 2160 5389 adeo
2192 5338 2259 5388 ut
2296 5332 2580 5388 immotus
2609 5336 3045 5405 procumberet.
3089 5338 3315 5394 Phocas
3364 5356 3397 5395 a
3445 5341 3666 5413 pepulo

2012 5428 2293 5493 exceptus
2325 5423 2384 5477 in
2415 5423 2639 5496 regiam
2669 5426 2934 5498 appellit.

2086 5610 2224 5660 Post
2253 5604 2602 5662 Mauricium
2653 5608 2878 5665 Pbocas
2918 5612 3234 5683 Cappadox
3292 5622 3350 5672 et
3383 5623 3669 5690 tyrannus

3350 5736 3387 5794 9
