4062 6202
435 338 548 398 267

1991 319 2279 385 JOELIS.

3719 313 3844 374 268

437 467 756 544 imperium
839 461 1074 532 invasit,
1155 477 1344 518 annos
1429 463 1582 516 octo.
1654 458 1888 514 Priscus
1957 456 2084 528 ejus

2197 451 2436 526 παδόκγβ
2467 451 2555 509 καὶ
2585 452 2842 528 τύραννος
2898 443 2991 518 ἔτη
3053 448 3125 520 η’.
3155 447 3218 506 Ὁ
3245 443 3303 503 δι
3357 442 3608 524 γαμϐρὸς
3679 447 3845 504 αὐτοῦ

435 574 638 633 gener,
702 553 900 611 clades
957 551 1209 624 injustas
1268 556 1327 608 et
1387 548 1683 606 scelerosa
1730 546 1891 603 illius
1939 544 2081 600 faci-

434 663 584 704 nora
613 661 731 700 non
753 641 1080 707 sustinens,
1122 638 1412 707 Heraclio,
1446 637 1546 709 qui
1598 645 1740 694 tunc
1797 633 2084 692 Africanis

437 733 792 793 exercitibus
818 735 1088 805 praeerat,
1122 729 1328 784 scribit
1358 733 1425 784 ut
1453 726 1732 784 adversus
1763 731 2082 798 tyrannum

437 827 634 899 copias
663 823 858 880 ducat.
894 819 1196 878 lleraclius
1227 817 1384 874 dicto
1443 817 1650 887 audiit,
1708 816 1888 884 venit,
1930 831 2084 871 com-

437 916 738 984 missoque
769 911 973 984 praelio
1003 915 1232 982 pestem
1260 907 1424 963 illam
1450 906 1792 978 reipublicae
1813 909 2083 976 superat;

437 1005 594 1078 capti
624 1020 834 1059 manus
865 1019 932 1058 ac
959 1001 1138 1073 pedes
1171 1000 1660 1072 summitatesque
1697 999 2083 1057 humerorum

439 1092 888 1151 abscinduntur.
914 1089 1198 1146 Pudenda
1227 1091 1370 1146 item
1403 1106 1471 1148 ac
1499 1093 1674 1162 caput
1703 1093 2081 1164 amputatur;

439 1188 613 1241 conto
646 1181 953 1258 praeﬁxum
1011 1185 1188 1253 caput
1232 1179 1646 1236 circumlatum
1704 1184 1834 1245 est;
1890 1178 2086 1235 trunci

440 1273 597 1346 quod
621 1271 917 1343 reliquum
949 1270 1060 1326 fuit
1103 1270 1162 1324 in
1220 1270 1348 1325 foro
1400 1269 1568 1326 Bovis
1617 1274 2082 1327 concrcmatum.

511 1452 721 1510 Phocae
752 1449 1038 1508 successit
1084 1449 1386 1504 Heraclius
1435 1465 1542 1522 per
1593 1461 1782 1506 annos
1822 1450 2084 1522 triginta,

441 1559 477 1598 a
505 1541 708 1616 Sergio
735 1541 796 1596 in
824 1539 949 1596 aede
970 1537 1461 1610 SanctiStephani
1491 1539 1552 1594 in
1584 1539 2084 1611 palatiounacum

439 1631 699 1688 Eudocia
726 1632 989 1702 Augusta
1013 1643 1232 1702 sponsa
1243 1632 1558 1686 coronatus
1583 1646 1598 1697 ;
1623 1628 2087 1704 nuptiarumque

440 1723 676 1780 coronis
697 1723 1086 1795 imperatores
1116 1719 1296 1778 simul
1326 1721 1597 1795 etsponsi
1619 1720 1904 1778 declarati
1925 1725 2084 1780 sunt.

2190 543 2450 618 Πρίσκος,
2501 543 2576 616 μή
2636 539 2811 621 φέρων
2859 539 2986 614 ὁρᾷν
3039 535 3166 600 τοὺς
3226 533 3449 599 ἀδίκους
3505 537 3708 614 φόνους
3752 537 3846 592 καὶ

2188 631 2255 688 τὰ
2304 632 2395 687 ὑπ’
2450 629 2618 686 αὐτοῦ
2705 627 2964 707 γινόμενα
3020 623 3190 698 δεινὰ,
3263 626 3459 704 γράφει
3533 625 3848 700 Ἡρακλείῳ

2193 724 2484 798 στρατηγῷ
2514 715 2628 775 ὄντι
2658 718 2782 774 τότε
2824 717 2880 772 έν
2918 718 3184 792 Ἀφρικῇ,
3241 713 3394 778 ὅπως
3444 713 3642 789 ἀνέλθῃ
3713 717 3850 788 μετά

2191 809 2390 865 στόλου
2437 809 2575 866 κατά
2619 811 2716 864 τοῦ
2761 807 3043 883 τυράννουο
3105 803 3168 860 οὗ
3221 801 3546 866 ἀνελθόντος
3596 805 3686 860 καὶ
3748 826 3849 860 πο-

2191 897 2366 974 λέμου
2390 898 2753 974 κρατηθέντος
2780 898 3011 967 ἡττᾶται
3043 899 3243 950 Φωκεῖς
3292 893 3320 948 ὁ
3387 891 3705 967 ἀλιτήριος,
3756 889 3850 948 καὶ

2189 987 2542 1064 κατασχεθεῖς
2570 987 2660 1041 καὶ
2690 987 2784 1048 τάς
2815 989 3006 1061 χεῖρας
3036 983 3126 1038 καὶ
3181 981 3310 1048 τοὺς
3339 979 3513 1045 πόδας
3567 983 3658 1038 καὶ
3718 984 3850 1045 τοὺς

2191 1072 2380 1153 ὤμους
2407 1075 2871 1152 ἀκρωτηριασθεὶς
2896 1073 2989 1129 καὶ
3045 1073 3114 1129 τά
3169 1069 3354 1128 αἰδοῖα
3406 1071 3696 1145 ἕκτμηθείς
3755 1073 3846 1128 καὶ

2191 1170 2364 1241 κοντῷ
2413 1162 2754 1243 ἂναρτηθεῖς,
2813 1163 2929 1219 εἶτα
2984 1161 3074 1217 καὶ
3130 1162 3229 1232 τήν
3288 1159 3535 1237 κεφαλήν
3586 1160 3852 1235 ἀποτμη-

2191 1257 2321 1324 θεὶς,
2352 1255 2416 1312 τὸ
2445 1253 2643 1312 λοιπὸν
2673 1251 2839 1310 αὐτοῦ
2870 1255 3030 1326 σῶμα
3059 1249 3112 1306 έν
3142 1255 3212 1325 τῇ
3259 1253 3356 1306 τοῦ
3388 1250 3517 1312 Βοός
3571 1247 3848 1327 λεγομένῃ

2191 1347 2362 1424 ἀγορᾷ
2384 1345 2514 1421 πυρῖ
2545 1340 2846 1420 παρεδόθη.

2263 1435 2418 1492 Μετά
2437 1431 2494 1488 δὲ
2524 1437 2720 1489 Φωκᾶν
2749 1426 3092 1488 έὸασίλευσεν
3146 1425 3468 1506 Ἡράκλειος
3527 1427 3619 1498 ἔτη
3654 1428 3728 1502 λ’,
3788 1429 3847 1486 ’ὸν

2193 1522 2422 1604 Σέργιος
2453 1517 2668 1599 ἔστεψεν
2701 1518 2752 1576 ἰν
2812 1525 2892 1594 τῷ
2945 1524 3059 1592 ναῷ
3115 1524 3213 1576 τοῦ
3242 1518 3424 1596 Ἃγίου
3454 1519 3736 1597 Στεφάνου
3795 1519 3848 1574 έν

2191 1615 2270 1686 τῷ
2297 1609 2865 1686 παλατίῳ.⁹Εστέφθη
2926 1605 2984 1664 δὲ
3041 1608 3154 1682 ἅμα
3209 1605 3356 1679 αὐτῷ
3405 1608 3442 1678 ἡ
3498 1627 3853 1682 μεμνηστευ-

2197 1701 2332 1778 μένη
2391 1699 2540 1774 αὖτῷ
2595 1697 2831 1758 Εὖδοκία
2889 1696 3180 1777 Αὖγοῦστα
3235 1702 3354 1760 τοῖς
3407 1698 3691 1774 στεφάνοις
3750 1701 3852 1754 τοῦ

441 1816 524 1870 Ea
553 1783 902 1884 tempestate
947 1811 1236 1867 Chosroes
1282 1783 1461 1866 Persa
1509 1810 1935 1884 Hierosolymis
1991 1827 2084 1868 ex-

2197 1791 2392 1871 γάμὸυ,
2425 1789 2568 1864 ὁμοῦ
2609 1788 3007 1866 αὐτοκράτορες
3062 1787 3156 1842 καὶ
3211 1785 3438 1864 νυμφίοι
3494 1783 3854 1863 ἀναδειχθέν-

2374 1880 2432 1892 I—
2479 1879 2492 1892 α
2580 1875 2610 1892 υ
2740 1877 2755 1892 ι
2815 1880 2859 1892 -υ
2982 1878 2996 1892 1
3135 1876 3150 1892 Ι
3213 1875 3280 1892 -.Ι
3477 1872 3492 1892 9
3554 1876 3568 1892 Ι
3610 1877 3636 1892 Α
3829 1876 3848 1892 Ο

439 1901 712 1975 pugnatis
751 1899 1085 1958 veneranda
1113 1899 1214 1956 illa
1242 1899 1373 1956 loca
1402 1899 1727 1968 succendit,
1751 1898 2084 1958 multitudi-

441 2007 580 2047 nem
621 1990 998 2048 innumeram
1027 1989 1316 2064 captivam
1349 2005 1484 2046 cum
1514 1989 1850 2064 patriarcha
1877 1989 2088 2047 Zacha-

442 2079 532 2136 ria
559 2085 617 2135 et
647 2079 823 2153 lignis
873 2079 1148 2153 pretiosis
1189 2079 1254 2134 in
1298 2077 1604 2136 Persidem
1657 2077 1922 2136 adduxit.
1973 2078 2087 2136 Sed

443 2169 699 2226 Chosroe
729 2174 864 2242 post
891 2168 1211 2226 nonnullos
1239 2184 1428 2225 annos
1459 2172 1714 2226 mactato
1754 2167 1968 2241 captivi
1998 2167 2088 2224 illi

445 2258 506 2314 in
536 2257 872 2316 libertatem
902 2258 1180 2315 vindicati
1211 2263 1271 2315 et
1297 2257 1939 2332 viviferacruxproprio
1956 2257 2086 2314 loco

441 2349 716 2407 restituta
736 2355 842 2407 est.
879 2351 1210 2422 Imperator
1257 2347 1498 2406 tandem
1523 2347 1594 2405 ab
1625 2349 1718 2406 47
1764 2347 2088 2406 Athanasio

439 2439 841 2495 Jacobitarum
871 2438 1210 2510 patriarcha
1261 2443 1320 2494 et
1362 2437 1560 2511 Sergio
1607 2437 1751 2509 Syro
1781 2437 2088 2508 Cpolitano

441 2527 724 2600 deceptus
753 2527 815 2584 in
845 2526 1377 2584 Monotheletarum
1407 2525 1684 2586 haaresim
1740 2525 2088 2584 devolvitur.

439 2617 702 2675 Tandem
732 2634 887 2690 aqua
915 2617 1207 2674 intercute
1236 2617 1474 2674 miseris
1512 2616 1796 2674 aerumnis
1843 2617 2090 2674 affectus

445 2711 636 2764 morte
658 2723 860 2780 pmnas
885 2711 1119 2764 atroces
1143 2705 1328 2762 dedit.

519 2973 662 3029 Post
706 2970 1042 3028 Heracliam
1091 2969 1514 3028 Constantinus
1560 2967 1720 3026 ﬁlius
1773 2967 2094 3042 imperium

450 3061 602 3135 gerit
642 3076 828 3116 unum
867 3075 1113 3114 annum.
1177 3060 1414 3114 Veneno
1461 3075 1498 3116 a
1538 3059 1789 3116 Martina
1843 3073 2097 3114 noverca

449 3151 696 3208 tollitur.

2193 1901 2307 1944 τες,
2374 1879 2492 1955 Ἐφ’
2548 1875 2612 1934 οὗ
2667 1877 2758 1934 καὶ
2815 1878 3072 1953 Χοσρόης
3129 1876 3158 1931 ὁ
3213 1875 3424 1953 Πέρσης
3474 1872 3749 1951 ἐπόρθησε
3787 1876 3854 1932 τά

2190 1966 2565 2044 Ἱεροσόλυμα,
2596 1966 2687 2023 καὶ
2741 1965 2870 2029 τοὺς
2930 1961 3258 2039 σεϐασμίους
3297 1964 3498 2026 τόπους
3557 1963 3853 2042 ένέπρησε,

2190 2057 2280 2114 καὶ
2319 2055 2534 2128 πλῆθος
2589 2053 2737 2112 λαῶν
2789 2053 3194 2136 ᾐχμαλώτευσε
3238 2051 3331 2109 σὺν
3388 2057 3468 2126 τῷ
3525 2053 3850 2130 πατριάρχῃ

2193 2147 2440 2224 Ζαχαρία
2501 2145 2591 2202 καὶ
2649 2147 2766 2206 τοῖς
2823 2141 3034 2218 τιμίοις
3091 2141 3298 2217 ξύλοις,
3355 2141 3446 2198 καὶ
3476 2140 3556 2203 είς
3613 2141 3856 2218 Περσίδα

2193 2236 2448 2314 ἀνήγαγε.
2501 2236 2616 2292 Τοῦ
2669 2231 2728 2288 δὲ
2778 2233 3032 2308 Χοσρόου
3081 2230 3216 2307 μετά
3273 2228 3506 2306 χρόνους
3538 2229 3855 2306 ἀναιρεθέν-

2195 2345 2308 2392 τος,
2340 2322 2506 2380 πάλιν
2537 2325 2574 2395 ἡ
2607 2319 2965 2400 αἰχμαλωσία
3021 2320 3295 2392 ἀνεκλήθη
3354 2319 3444 2376 καὶ
3485 2320 3513 2374 ὁ
3571 2320 3856 2391 ζωοποιὸς

2195 2415 2422 2490 σταυρὸς
2479 2417 2595 2476 τοῖς
2655 2409 2814 2474 ἰδίοις
2868 2412 3060 2474 τόποις
3107 2409 3469 2480 ἀποκατέστη.
3529 2410 3708 2474 Οὗτος
3764 2409 3857 2466 οὖν

2195 2504 2415 2579 ὓστερον
2457 2502 2546 2558 ὑπ’
2577 2499 2896 2560 Ἀθανασίου
2951 2499 3298 2576 πατριάρχου
3352 2502 3458 2553 τῶν
3514 2493 3854 2557 ἰακωϐιτῶν

2195 2593 2285 2649 καὶ
2342 2591 2568 2668 Σεργίου
2627 2587 3252 2650 Κωνσταντινουπὸλεως
3308 2591 3404 2644 τοῦ
3463 2587 3642 2666 Σύρου
3707 2587 3851 2644 ἀπαο

2194 2681 2378 2754 τηθεὶς
2410 2679 2485 2742 εἰς
2523 2679 2624 2750 τήν
2667 2683 2775 2734 τῶν
2824 2675 3232 2748 Μονοθελητῶν
3264 2673 3466 2752 α’ίρεσιν
3498 2676 3850 2750 ἐξεκυλίσθη,

2195 2771 2288 2827 καὶ
2347 2768 2414 2840 δὴ
2473 2768 2618 2844 νόσῳ
2676 2765 2898 2844 ὑδερικῇ
2954 2767 3263 2840 περιπεσὼν
3321 2766 3409 2822 καὶ
3443 2763 3637 2831 km};
3666 2788 3858 2842 τιμω-

2200 2860 2386 2934 ρηθεὶς
2413 2859 2683 2930 τέθνηκεν.

2270 2947 2419 3010 Μετά
2467 2945 2524 3006 δὲ
2578 2945 2900 3023 Ἡράκλειον
2968 2941 3286 3002 ἐϐασίλευσε
3345 2947 3774 3010 Κιυνστκντῖνος
3833 2946 3861 3002 ὅ

2199 3039 2318 3103 υἱὸς
2347 3039 2512 3094 αὐτοῦ
2550 3031 2671 3101 ἔτος
2705 3037 2772 3111 α’,
2805 3037 2868 3100 ’ὸς
2924 3035 3198 3115 φαρμάκῳ
3249 3036 3353 3092 ὑπό
3403 3043 3505 3107 τῆς
3537 3033 3679 3099 ἰδίας
3749 3059 3862 3112 μη-

2200 3132 2388 3206 τρυιᾶς
2413 3125 2691 3204 Μαρτίνης
2719 3125 3039 3203 ἀναιρεῖταιο

519 3240 659 3295 Post
702 3211 1154 3293 Constantinum
1233 3234 1590 3292 Ileraclonas
1653 3251 1790 3292 cum
1837 3235 2084 3294 Martina

2235 3193 2246 3206 ί
2273 3218 2424 3277 Μετά
2456 3193 2516 3273 δέ
2542 3193 2944 3275 Κωνσταντίνον
2973 3211 3314 3272 ἓϐασίλευαεν
3357 3212 3719 3290 Ἦρακλωνὲἱς
3747 3215 3861 3291 ’ἁμα

450 3332 638 3382 matre
669 3343 776 3398 per
803 3341 1040 3381 menses
1061 3329 1316 3395 quatuor
1371 3324 1434 3380 in
1490 3325 1742 3398 imperio
1789 3323 2092 3382 successit.

2199 3307 2444 3384 Μαρτίνῃ
2505 3305 2675 3382 μητρῖ
2740 3303 2904 3361 αὐτοῦ
2965 3307 3140 3380 μῆνας
3199 3301 3267 3373 δ’,
3325 3304 3382 3360 ὅν
3440 3307 3476 3376 ἡ
3546 3302 3859 3380 σύγκλητος

450 3417 596 3473 Eum
628 3394 872 3472 senatus
893 3430 1038 3470 naso
1066 3394 1426 3482 mutilatum,
1458 3419 1516 3469 et
1545 3394 2084 3471 ﬁartinamresecta

2198 3398 2456 3454 ἀπώσατο
2535 3396 2942 3474 ρινοκοπὴσασα
3041 3394 3200 3451 αὐτὸν
3280 3395 3380 3466 τήν
3454 3414 3515 3451 τε
3582 3400 3858 3472 Μαρτῖναν

450 3506 672 3578 lingua,
705 3520 885 3578 regno
909 3503 1085 3576 ejecit
1111 3507 1495 3574 extorresque
1527 3503 1663 3576 egit.

520 3600 660 3652 Post
707 3593 1092 3651 Heraclonam
1143 3593 1207 3648 in
1264 3593 1645 3650 Constantem
1701 3593 1893 3652 ﬁlium
1947 3595 2094 3653 Con-

449 3685 694 3744 stantini
715 3684 969 3743 Heraclii
990 3688 1268 3756 nepotem
1288 3683 1606 3757 imperium
1627 3683 1965 3740 devolutum
1981 3691 2094 3753 est,

445 3775 605 3848 quod
633 3775 817 3848 gessit
843 3790 1031 3830 annos
1061 3771 1261 3846 viginti
1319 3778 1569 3846 septem.
1619 3773 1724 3829 Hic
1776 3773 2092 3829 Martinum

445 3863 890 3922 sanctissimum
920 3865 1252 3918 Romanum
1283 3861 1628 3934 pontificem
1687 3863 1874 3920 Roma
1927 3861 2093 3936 igno-

445 3954 699 4012 miniose
731 3952 959 4027 Cpolim
991 3951 1324 4021 advectum,
1357 3951 1516 4024 quod
1548 3952 1678 4026 ejus
1708 3951 2090 4020 sententiam,

445 4060 564 4114 qua
591 4059 774 4100 unam
805 4043 868 4098 in
924 4040 1154 4099 Christo
1200 4039 1564 4098 voluntatem
1621 4041 1942 4112 asserebat,
2000 4059 2091 4098 aro

444 4138 668 4206 gueret,
693 4131 885 4188 solum
945 4136 1174 4186 vertere
1212 4129 1573 4186 Chersonem
1615 4131 1816 4202 jussit,
1850 4137 1907 4186 et.
1980 4133 2091 4186 Ma-

443 4222 586 4278 ximi
625 4220 985 4280 confessoris
1050 4219 1316 4293 linguam
1361 4235 1726 4292 manumque
1784 4219 2087 4278 dexteram

443 4311 685 4376 ademit,
717 4316 776 4368 et
803 4310 1022 4368 multos
1060 4309 1209 4366 alios
1231 4315 1390 4367 recte
1408 4309 1793 4366 sentientium
1817 4309 2085 4382 ﬂagellis,

441 4400 873 4472 proscriptione
930 4399 1256 4471 exsilioque
1312 4416 1435 4456 non
1483 4399 1664 4456 aliam
1711 4399 1786 4454 ob
1845 4416 2086 4458 causam

442 4487 730 4544 multavit.
784 4489 1071 4561 Deinceps
1118 4487 1283 4561 Cpoli
1354 4503 1644 4562 egressus,
1729 4487 1889 4560 quod
1957 4506 2086 4546 ma-

2199 3485 2710 3565 γλωσσοτομήσασα
2737 3484 2827 3542 καὶ
2860 3483 3205 3562 ἀμφοτέρους
3227 3483 3524 3560 ἐξορίσασα.

2269 3576 2420 3634 Μετά
2451 3573 2509 3632 δὶ
2540 3572 2891 3651 Ἠρακλωνᾶν
2920 3569 3236 3630 ἒὸασίλευσε
3265 3575 3519 3636 Κώνστας
3549 3574 3669 3637 υἱὸς
3701 3579 3856 3630 Κων-

2199 3665 2498 3738 σταντίνου,
2526 3660 2741 3741 ἔκγονος
2783 3661 2840 3720 δὶ
2867 3662 3216 3741 Ἡρακλείου,
3274 3657 3368 3736 ἔτη
3413 3665 3514 3734 κζ’,
3546 3664 3631 3732 ὃς,
3691 3666 3852 3740 Μαρ-

2195 3759 2340 3810 τῖνον
2369 3755 2462 3810 τὸν
2497 3753 2798 3834 ἁγιώτατον
2857 3752 3080 3808 πάππαν
3129 3753 3353 3827 Ῥώμης
3380 3751 3600 3830 ἀγαγὼν
3633 3753 3854 3827 ἀτίμως

2195 3841 2248 3898 έν
2302 3840 2878 3900 Κωντταντινουπόλει
2934 3839 3026 3898 διὰ
3061 3841 3124 3897 τὸ
3169 3839 3491 3918 ἒλέγχεσθαι
3551 3841 3642 3897 ὑπ’
3674 3842 3852 3898 αὐτοῦ

2192 3933 2256 3990 τὸ
2289 3929 2660 4006 μονοθέλητον
2694 3930 2858 3988 αὐτοῦ
2889 3928 3088 4007 δόγμα,
3114 3929 3364 4006 έξωρισεν
3385 3929 3439 3985 έν
3459 3929 3734 4007 Χερσῶνι,
3756 3931 3849 3987 καὶ

2194 4020 2444 4096 Μαξίμου
2473 4024 2570 4076 τοῦ
2592 4017 2945 4097 ὁμολογητοῦ
2988 4019 3089 4088 τὴν
3119 4016 3370 4096 γλῶτταν
3414 4018 3505 4074 καί
3534 4019 3634 4088 τήν
3666 4016 3848 4091 δεξιὰν

2193 4109 2428 4184 ἀπέτεμε
2467 4114 2649 4188 χεῖρα,
2679 4109 2773 4164 καὶ
2801 4105 3054 4170 πολλοὺς
3113 4106 3327 4184 ἑτέρους
3380 4112 3488 4164 τῶν
3537 4105 3852 4184 όρθοδόξων

2194 4199 2393 4263 αἰκίαις
2450 4198 2538 4254 καὶ
2595 4195 2890 4272 δημεύσεσι
2944 4197 3035 4254 καὶ
3093 4198 3326 4272 ἑξορίαις
3381 4193 3700 4254 κατεδίκασε
3759 4197 3850 4254 διὰ

2190 4290 2289 4359 τήν
2337 4286 2502 4357 αὐτὴν
2564 4287 2762 4345 αἰτίαν.
2822 4288 2982 4357 Εἶτα,
3035 4285 3354 4344 καταλιπὼν
3391 4287 3488 4357 τὴν
3550 4290 3848 4345 Keue-tarv-

2189 4375 2508 4434 τινοῦπολιν
2568 4373 2657 4432 διὰ
2713 4376 2778 4432 τὸ
2833 4380 3129 4452 μισηθῆναι
3184 4375 3289 4432 ὑπὸ
3356 4379 3464 4432 τῶν
3531 4377 3849 4448 Βυζαντίων

2192 4463 2465 4542 σφοδρῶς,
2500 4466 2728 4541 μετέστη
2762 4466 2814 4523 έν
2846 4463 3218 4544 Συρακούσαις
3246 4472 3349 4536 τῆς
3406 4461 3680 4536 Σικελίας,
3717 4462 3847 4522 ἔνθα

438 4593 554 4649 gno
584 4577 648 4634 in
687 4577 824 4634 odio
876 4553 1036 4650 apud
1109 4553 1460 4650 Bizantinos
1515 4553 1690 4648 esset,
1748 4553 2083 4648 Syracusas

2197 4557 2244 4613 ἐν
2281 4555 2557 4634 βαλανείῳ
2597 4557 2958 4650 σμηχόμενος
2993 4557 3127 4632 μετὰ
3179 4553 3351 4614 κάδου
3406 4556 3550 4634 παρὰ
3579 4553 3844 4632 ’Δνδρέου

437 4664 654 4722 Sicilia;
684 4664 974 4736 migravit.
1007 4665 1092 4720 lbi
1121 4665 1194 4721 ab
1246 4665 1484 4723 Andrea
1510 4667 1711 4724 nescio
1749 4684 1888 4738 quo,
1935 4667 2078 4726 dum

435 4755 497 4812 in
551 4753 764 4812 balneo
821 4753 1068 4821 lavatur,
1117 4754 1260 4810 cad)
1302 4755 1556 4826 graviter
1617 4756 1795 4826 capiti
1853 4757 2079 4814 inﬂicto

433 4849 702 4904 necatur.

503 4936 642 4992 Post
671 4935 1056 4992 Constantem
1109 4933 1537 4990 Constantinus
1577 4934 1732 4991 titius
1762 4935 2079 5007 imperium

429 5025 816 5097 gessitannos
828 5021 1638 5097 septemdecini.Cermanum
1656 5022 2076 5095 patriarcham,

427 5116 593 5188 prius
608 5115 736 5189 ejus
749 5118 914 5188 patre
927 5112 1186 5178 sublato,
1217 5111 1477 5168 eviravit.
1514 5112 1711 5170 Dictus
1729 5113 1828 5170 48
1859 5117 1950 5168 est
1969 5114 2077 5170 Po-

425 5211 698 5277 gonatus,
745 5203 905 5277 quod
961 5200 1248 5259 imberbis
1303 5201 1378 5258 ad
1432 5200 1835 5259 ulciscendam
1866 5217 2076 5260 necem

423 5294 610 5365 patris
632 5294 693 5349 in
707 5293 969 5350 Siciliam
987 5291 1287 5365 profectus
1299 5291 1596 5364 promissa
1611 5290 1795 5348 barba
1805 5291 2071 5348 redierit.

423 5380 579 5437 Duos
608 5383 838 5451 fratres,
875 5389 1155 5454 tanquam
1177 5399 1281 5439 eos
1307 5382 1411 5454 qui
1461 5399 1496 5438 a
1516 5379 1730 5456 populo
1761 5382 2077 5454 imperato-

421 5483 517 5523 res
539 5485 608 5523 eo
632 5470 929 5525 abnuente
987 5467 1521 5542 proclamarentur,
1581 5486 1725 5526 naso
1755 5469 2071 5541 mutilavit,

421 5561 480 5611 et
525 5555 714 5612 ﬁlium
744 5559 1144 5616 Iustinianum
1175 5574 1396 5615 corona
1437 5557 1871 5626 condecoravit,
1902 5564 1969 5618 ut
1999 5558 2075 5617 si-

420 5645 545 5704 mul
578 5663 706 5703 cum
739 5664 807 5701 oo
849 5648 1189 5718 imperaret.
1233 5652 1403 5704 Anno
1444 5647 1675 5704 decimo
1729 5648 1902 5704 tertio
1942 5648 2072 5719 ejus

2185 4649 2330 4712 τινὸς
2357 4648 2495 4704 κατά
2522 4655 2766 4727 κορυφῆς
2793 4642 2980 4703 λαϐὼν
3011 4647 3302 4721 έτεθνηκει.

2260 4926 2410 4988 Μετᾶ
2477 4924 2536 4984 δὲ
2587 4928 2842 4988 Κώνσταν
2903 4924 3221 4986 ἐϐασίλευσε
3252 4931 3656 4994 Κωνσταντῑνος
3718 4929 3840 4986 υίὸς

2187 5016 2352 5076 αὐτοῦ
2404 5014 2498 5090 ἔτη
2563 5018 2650 5090 ιζ’,
2713 5016 2776 5081 ες
2827 5017 2918 5074 καὶ
2961 5017 3234 5096 Γερμανόν
3265 5017 3360 5075 τὸν
3380 5017 3674 5096 γενόμενον
3742 5041 3843 5074 πα-

2184 5107 2457 5186 τριάρχην
2539 5104 2878 5186 ιὺνοόχισεν,
2935 5106 3147 5165 ἀνελὼν
3203 5108 3298 5164 τὸν
3379 5108 3544 5164 αὖτοῦ
3607 5107 3839 5185 πατέρα.

2184 5196 2432 5268 Ἐκλήθη
2462 5193 2521 5253 δὶ
2561 5198 2900 5274 Πωγωνάτος
2930 5193 3022 5252 διὰ
3076 5196 3140 5254 τὸ
3191 5197 3436 5276 ἀγένειον
3467 5195 3728 5254 ἀπελθεῖν
3759 5197 3840 5262 εἷς

2186 5285 2437 5346 Σικελίαν
2470 5285 2560 5343 έπὶ
2589 5287 2690 5356 τήν
2721 5291 2820 5342 τοῦ
2878 5285 3084 5364 πατρὸς
3143 5283 3420 5358 ἱκὸίκησιν
3472 5287 3562 5342 καὶ
3611 5286 3841 5346 έπανελο

2183 5382 2294 5442 θεῖν
2355 5375 2491 5451 μετᾶ
2548 5375 2830 5450 πώγωνος.
2873 5375 3011 5439 Τοὺς
3077 5371 3138 5432 δὲ
3193 5371 3289 5431 δύο
3345 5371 3616 5456 ἀδελφοὺς
3671 5373 3842 5432 αὐτοῦ

2179 5461 2504 5540 Ἡράκλειον
2544 5463 2636 5519 καὶ
2675 5459 2929 5539 Τιϐέριον
2986 5461 3414 5539 έρῥινοτόμησεν
3445 5465 3520 5529 ὡς
3581 5464 3689 5522 ὑπὸ
3736 5467 3844 5521 τοῦ

2181 5555 2318 5614 λαοῦ
2367 5552 2890 5633 ἂναγορευομένους,
2949 5554 3116 5614 αὐτοῦ
3170 5553 3334 5614 τοῦτο
3422 5556 3500 5632 μὴ
3549 5553 3837 5622 θέλοντος.

2181 5647 2411 5719 "Eo":st
2467 5642 2526 5699 δὶ
2581 5644 2957 5701 Ἰουστινιανὸν
3015 5645 3130 5702 υἱὸν
3191 5643 3356 5702 αὐτοῦ
3413 5637 3840 5719 ωμϐασιλεεῦειν
