4062 6202
252 408 367 470 269

1615 375 2313 470 CHRONOthAPHIA.

3551 413 3668 474 270

251 537 418 614 αὒτῷ.
450 541 538 598 Ἐν
601 537 661 596 δί
717 543 798 614 τῷ
853 539 922 617 ty‘
970 538 1074 596 ἔτει
1131 546 1232 610 τῆς
1263 539 1433 596 αὐτοῦ
1465 534 1748 614 βασιλείας
1781 537 1872 592 σύν

2017 535 2254 610 imperii
2281 540 2577 612 generalis
2607 541 2870 614 synodus
2883 541 3038 613 apud
3059 541 3286 614 Cpolim
3311 546 3409 599 l70
3431 545 3668 602 Patrum

252 627 374 686 οδον
402 629 790 704 οἷκουμενικήν
847 629 898 686 ἒν
949 627 1524 688 Κωνπαντινουπόλει
1585 629 1902 702 συνήθροισε

251 725 356 776 τῶν
387 721 467 796 ρο¹
495 719 667 796 ἁγίων
712 720 968 796 Πατέρων
1020 721 1159 776 κατὰ
1214 716 1501 790 Θεοδώρου
1558 725 1659 790 τῆς
1717 716 1902 792 Φαράν

252 809 576 880 ἐπισκόπου,
630 807 898 884 Ὀνωρίου
972 810 1198 882 Ῥώμης
1253 810 1340 864 καὶ
1401 808 1584 879 Κύρου
1643 805 1899 878 Ἀλεξαν-

253 891 450 970 δρείας,
484 895 717 970 Σεργίου
749 915 805 950 τε
835 895 922 952 καὶ
982 894 1198 972 Πύρρου
1236 895 1327 950 καὶ
1386 891 1608 952 Παύλου
1651 893 1742 948 καὶ
1796 894 1898 948 lli.-

249 1004 380 1061 τρου
472 984 1099 1048 Κωνσταντινουπόλεως
1182 983 1492 1064 γεγονότων
1586 982 1895 1039 ὶπισκόπων

249 1076 332 1130 καὶ
363 1075 486 1130 καθ’
514 1075 713 1150 ἑτέρων
744 1073 1012 1150 λεγόντων
1063 1071 1122 1131 ἓν
1175 1071 1393 1148 Θὲλημα
1447 1072 1538 1128 καὶ
1591 1071 1715 1147 μίαν
1763 1071 1900 1146 ἐνέρ-

245 1185 388 1242 γειαν
443 1163 584 1220 κατά
629 1168 726 1219 τοῦ
776 1171 1036 1240 Σωτῆρος
1089 1163 1254 1239 ἡμῶν
1310 1164 1568 1237 Χριστοῦ,
1627 1161 1719 1216 καὶ
1771 1160 1896 1217 ἄνα-

244 1251 574 1326 ϐεματίσασα
603 1252 908 1330 ἑξερώνησε
966 1249 1061 1308 δύο
1129 1252 1418 1326 θελήματα
1473 1250 1692 1331 φυσικὰ,
1725 1249 1892 1328 ἤγουν

243 1341 516 1412 θελήσεις,
565 1341 655 1396 καὶ
715 1339 812 1396 δύο
869 1342 1097 1420 φυσικὰς
1155 1339 1417 1417 ἐνεργείας
1467 1338 1554 1395 ἐπὶ
1611 1343 1708 1394 τοῦ
1777 1339 1895 1402 ἑνὸς

241 1432 476 1506 Χριστοῦ
504 1435 604 1487 τοῦ
631 1435 768 1488 Θεοῦ
799 1433 959 1506 ἡμῶν
991 1427 1410 1488 ἐπιδείκνυσθαι.
1437 1429 1498 1488 Ὁ
1521 1426 1576 1486 δὶ
1607 1425 1892 1500 Βασιλεὺς,

241 1517 551 1598 ὃυσεντερίᾳ
581 1519 837 1600 ληφθεὶς,
868 1516 1098 1582 ἆπεϐίω.

307 1609 459 1667 Μετᾶ
517 1608 576 1666 δὲ
641 1615 1054 1668 Κωνσταντῖνον
1111 1605 1457 1666 ἒϐασίλευσεν
1519 1607 1894 1672 Ἰουστινιανός

235 1702 353 1764 υἱὸς
411 1700 580 1756 αὐτοῦ
635 1694 730 1773 ἔτη
797 1701 846 1771 ι’,
901 1701 962 1765 ὅς
1019 1699 1114 1758 τὸν
1145 1702 1530 1756 Ἰουστινιανοῧ
1585 1697 1889 1774 λεγόμενον

231 1787 512 1866 τρίκλινον
543 1791 601 1846 ἓν
631 1793 713 1863 τῷ
743 1789 998 1864 παλατίῳ
1043 1783 1276 1847 ἔκτισεν.
1341 1791 1601 1865 Ὕστερον
1651 1783 1729 1857 δὲ,
1791 1787 1891 1842 ύπό

231 1879 494 1937 Λεοντίου
522 1879 898 1957 ῥινοτμηθεῖς,
930 1879 1194 1955 ἐξωρίσθη
1224 1878 1276 1935 ἐν
1302 1881 1566 1956 Χερσῶνι.

305 2041 466 2100 Μετᾶ
491 2038 549 2096 εὶ
576 2040 961 2106 Ἰουστινιανὸς
987 2035 1308 2098 ὶόασίλευσε
1345 2037 1599 2102 Λεόντιος
1654 2037 1746 2110 ἔτη
1815 2045 1884 2114 γ’,

227 2131 289 2194 ὂς
339 2131 438 2186 τὸν
491 2131 784 2208 ⁴ιιιιτρίκιον
835 2129 1095 2202 Ἰωάννην
1155 2127 1288 2204 μετά
1337 2129 1651 2202 Ῥωμαϊκοῦ
1682 2125 1883 2184 στόλου

225 2218 366 2277 κατέ
408 2223 524 2276 τῶν
581 2221 901 2296 Ἀγαρηνῶν
959 2218 1310 2294 ἐκπέμπειᾶν
1351 2219 1612 2299 Ἀφρικῇ·
1643 2217 1728 2290 ὃς,
1754 2217 1884 2281 τοὺς

227 2309 470 2390 ἐχθροὺς
523 2310 949 2384 τροπωσάμενος
1004 2309 1096 2365 καὶ
1179 2309 1279 2380 τὴν
1333 2309 1592 2388 Ἀφρικὴν
1666 2305 1880 2364 ἐλευθε-

223 2403 428 2476 ρώσας,
461 2401 538 2465 εἷς
575 2397 806 2476 βασιλέα
852 2399 1160 2476 ἐπορεύετο.
1219 2397 1380 2458 Ἀλλ’
1409 2400 1438 2456 δ
1497 2400 1741 2467 στρατὸς,
1775 2399 1878 2455 ὑπὸ

217 2496 328 2547 τῶν
357 2489 524 2548 ἰδίων
553 2490 840 2568 ἀρχόντων
894 2487 972 2554 εἷς
1033 2489 1242 2568 βουλήν
1293 2491 1538 2567 πονηρὰν
1568 2489 1874 2562 ἑκτραπεὶς,

212 2580 308 2636 καὶ
363 2580 460 2635 τὸν
519 2581 810 2654 πατρίκιον
855 2580 1112 2649 Ἰωάννην
1166 2577 1451 2658 φονεύσας,
1499 2579 1588 2634 καὶ
1619 2577 1711 2634 τὸν
1785 2579 1878 2654 βα-

208 2667 370 2724 σιλέα
453 2667 876 2743 ἁναθεματίσας,
953 2669 1264 2746 ’Δψίμαρον
1345 2665 1702 2745 δρουγγάριον
1761 2672 1870 2724 τῶν

201 2752 652 2834 Κιόυρῥαιωτῶν
689 2756 918 2832 βασιλέα
948 2757 1338 2834 ἀνηγόρευσαν,
1395 2751 1651 2832 Τιϐέριον
1707 2757 1869 2813 αὐτὸν

197 2846 712 2922 μετονομάσαντες,
745 2848 830 2913 ὅς,
861 2843 953 2902 διὰ
1005 2849 1108 2913 τῆς
1136 2850 1245 2902 τῶν
1281 2845 1614 2922 Βλαχερνῶν
1637 2846 1868 2922 πόρτης,

190 2934 505 3013 προδοσίας
536 2935 856 3014 γενομένης,
889 2935 942 2992 ὲν
972 2939 1042 3011 τῇ
1100 2934 1262 2992 πόλει
1323 2934 1605 3003 εἰσελθὼν,
1653 2935 1744 2990 καὶ
1772 2936 1864 2991 τὸν

187 3026 459 3084 Λεόντιον
491 3026 914 3107 χειρωσάμενος
969 3025 1061 3082 καὶ
1110 3027 1474 3102 ῥινοκοπήσας
1531 3025 1585 3081 ἓν
1719 3028 1865 3100 μονῇ

183 3121 302 3173 τῶν
333 3117 655 3192 Δαλμάτων
689 3117 1034 3194 περιώρισεν.

260 3292 436 3353 Μετᾶ
492 3291 556 3349 ’δὲ
621 3291 873 3350 Λεόντιον
928 3288 1271 3350 ἐϐασίλευσεν
1328 3291 1636 3368 ’Δψίμαρος
1693 3293 1722 3350 ὁ
1771 3289 1866 3348 καί

179 3379 472 3460 Τιϐέριος
504 3377 600 3454 ἔτη
766 3383 831 3440 Ὀ
889 3377 947 3438 δὲ
994 3382 1376 3444 Ἰουστινιανὸς
1429 3382 1458 3436 ὁ
1487 3381 1633 3458 παρά
1697 3388 1865 3438 Λεον-

173 3474 312 3531 τίου
359 3473 778 3550 ῥινοκοπηθεὶς,
837 3473 900 3528 hic
953 3473 1247 3547 Χερσῶνος
1301 3469 1480 3548 λάθρα
1532 3471 1679 3534 τινάς
1731 3471 1860 3528 ἄνα-

175 3559 546 3638 λκὸόμενος,
575 3561 912 3619 ἀπεπλευσεν
966 3559 1056 3617 ἒπὶ
1092 3561 1156 3618 τὺ
1213 3561 1440 3634 στόμιον
1497 3565 1597 3616 τοῦ
1625 3563 1860 3635 Ἴστρου,

171 3653 278 3708 κειῖ
312 3651 622 3718 διασωθεὶς
652 3649 943 3708 ἀπέστειλε
1005 3650 1143 3726 πρὸς
1198 3645 1476 3725 Τὲρϐελον
1529 3649 1622 3704 τὸν
1679 3649 1861 3707 Βούλ-

174 3759 368 3815 ταρον
403 3737 600 3796 δοῦναί
629 3739 684 3795 οῖ
712 3737 1036 3816 συμμαχίαν
1099 3741 1200 3794 τοῦ
1241 3744 1508 3812 κρατῆσαι
1564 3744 1668 3809 τῆς
1723 3758 1864 3814 προ-

169 3837 428 3906 γονικῆς
461 3828 770 3908 βασιλείας.
807 3831 868 3889 Ὀ
900 3827 957 3887 δὲ
999 3830 1064 3887 ού
1116 3830 1278 3904 μόνον
1313 3829 1658 3910 συμμαχίαν,
1715 3829 1864 3888 ἀλλά

171 3921 276 3976 καὶ
305 3921 509 3978 ἑαυτὸν
541 3916 862 3989 ἐπιδέδωκε,
897 3919 990 3976 σὺν
1045 3916 1192 3994 αὒτῷ
1249 3917 1337 3976 ἐπὶ
1394 3921 1494 3990 τήν
1547 3919 1864 3996 βασιλεύου·

181 4031 291 4066 σαν
335 4009 810 4087 παραγενόμενος.
875 4007 1138 4080 Εῗσῆλθεν
1189 4010 1282 4064 ούν
1339 4010 1721 4073 Ἰουστινιανὸς
1769 4014 1861 4068 σὺν

177 4099 416 4177 ὀλίγοις
443 4097 758 4179 ὁμοφύλοις
800 4095 891 4154 διὰ
939 4102 1036 4154 τοῦ
1091 4097 1315 4176 ἀγωγοῦ
1370 4096 1636 4174 προδοσίᾳ
1698 4105 1861 4156 τινῶν

181 4189 251 4244 ἐκ
298 4196 412 4260 τῆς
467 4188 716 4259 πόλεως,
779 4185 874 4242 καί
917 4184 1140 4259 ἐξῆλθεν
1169 4187 1246 4248 εἰς
1287 4188 1388 4258 τήν
1457 4187 1614 4264 ἁγίαν
1669 4189 1860 4246 ’Ᾱνναν

175 4279 292 4348 τήν
321 4274 640 4357 λεγομένην
700 4275 777 4333 δι’
836 4277 998 4333 αὐτὸν
1055 4275 1328 4353 δευτέραν,
1379 4276 1472 4334 καί
1522 4280 1862 4350 κατεσκήνω-

177 4388 280 4422 σεν
311 4365 368 4423 ἓν
403 4373 526 4431 τοῖς
571 4367 866 4431 παλατίοις
895 4371 1005 4423 τῶν
1062 4365 1420 4443 Βλαχερνῶν·
1489 4369 1621 4442 ὅπερ
1681 4369 1863 4442 μαθὼν

179 4456 570 4534 ὁἈψίμαρος
622 4456 702 4523 εῗς
758 4453 1190 4514 ’Λπολλωνιάδα
1243 4455 1454 4537 φεύγει,
1511 4451 1697 4512 λαϐὼν
1741 4459 1863 4532 μεθ’

177 4546 390 4604 ἑαυτοῦ
421 4545 617 4605 πολλᾶ
681 4549 972 4624 χρήματα.
1029 4548 1092 4606 Ὁ
1123 4546 1216 4604 οὗν
1249 4547 1646 4617 Ἰουστινιανὸς,
1677 4547 1770 4603 τόν
1799 4569 1857 4604 τε

2021 633 2379 701 congregata
2437 636 2528 685 est
2582 629 2861 688 adversus
2917 630 3290 688 Theodorum
3335 631 3671 692 Pharanum

2019 723 2384 788 episcopum,
2418 719 2742 775 Honorium
2778 720 3128 785 Romanum,
3159 721 3376 793 Cyrum
3422 723 3672 782 Alexan-

2017 805 2280 874 drinum,
2316 807 2604 880 Sergium,
2646 809 2960 880 Pyrrhum,
3016 809 3263 866 Paulum
3313 815 3369 866 et
3425 813 3664 870 Petrum

2016 895 2376 967 Cpolitanos,
2410 897 2698 970 aliosque,
2733 899 2830 970 qui
2864 915 3046 968 unam
3067 899 3128 954 in
3150 899 3378 957 Christo
3401 901 3670 960 volunta-

2014 991 2136 1042 tem
2167 993 2345 1060 atque
2377 990 2784 1062 operationem
2817 989 3216 1058 afllrmabant,
3251 1009 3399 1063 quos
3429 995 3669 1051 anathe-

2015 1080 2172 1132 mate
2195 1075 2376 1147 feriit,
2409 1077 2672 1150 duasque
2703 1080 3006 1136 naturales
3055 1079 3386 1137 voluntates
3434 1087 3494 1138 et
3521 1083 3666 1142 duas

2013 1165 2317 1221 naturales
2349 1168 2723 1238 operationes
2764 1168 2826 1222 in
2855 1185 2974 1224 uno
3025 1168 3255 1224 Christo
3287 1171 3406 1228 Deo
3462 1177 3663 1229 nostro

2013 1269 2142 1310 esse
2174 1253 2687 1328 demonstrarique
2745 1257 3088 1330 publicavit.
3130 1260 3459 1332 Imperator
3487 1262 3667 1319 visce-

2010 1360 2143 1399 rum
2175 1345 2380 1401 morbo
2413 1353 2718 1418 correptus
2740 1347 3000 1402 animam
3025 1347 3336 1404 exhalavit.

2077 1589 2219 1644 Post
2300 1590 2758 1646 Constantinum
2845 1590 3166 1664 imperium
3223 1591 3659 1654 administravit

2005 1677 2379 1737 Justinianus
2408 1697 2631 1737 annum
2649 1697 2858 1738 unum.
2881 1682 3228 1740 Triclinium
3250 1685 3408 1757 quod
3438 1686 3656 1744 dicitur

2003 1767 2320 1827 Iustiniani
2352 1770 2412 1826 in
2435 1771 2656 1843 palatio
2687 1770 2974 1828 condidit.
3007 1772 3272 1830 Tandem
3329 1791 3364 1831 a
3415 1776 3656 1832 Leontio

1919 1883 1967 1952 Β
2005 1859 2266 1929 praecisis
2323 1859 2568 1916 naribus
2609 1861 2970 1918 Chersonem
3029 1863 3221 1919 solum
3278 1870 3504 1922 vertere
3559 1885 3654 1923 co-

1995 1947 2174 2018 gitur.

2065 2038 2204 2093 Post
2257 2039 2658 2096 Justinianum
2727 2041 3005 2098 Leontius
3073 2041 3324 2116 imperio
3405 2047 3642 2118 pra-fuit

1994 2142 2184 2182 annos
2215 2132 2352 2184 tres.
2387 2129 2675 2186 Joannem
2716 2131 3032 2202 patricium
3073 2148 3208 2188 cum
3240 2134 3641 2192 Romanorum

1993 2215 2180 2273 classe
2215 2217 2496 2274 adversus
2544 2221 2848 2292 Agarenos
2895 2220 2957 2277 in
2988 2221 3247 2278 Africam
3281 2223 3480 2293 mittit,
3539 2227 3642 2296 qui

1989 2305 2262 2364 hostibus
2291 2308 2442 2365 fusis
2495 2309 2810 2382 Africaque
2879 2309 2943 2366 in
2985 2312 3320 2370 libertatem
3352 2315 3648 2380 vindicata

1986 2394 2172 2452 redux
2205 2413 2334 2454 sese
2360 2396 2604 2455 domum
2635 2399 2981 2472 recipiebat.
3017 2400 3129 2457 Sed
3160 2404 3646 2472 exercitus,malo

1985 2485 2310 2558 primatum
2343 2489 2590 2544 consilio
2624 2489 2684 2544 in
2715 2489 2984 2546 animum
3017 2491 3276 2548 solutum
3301 2493 3639 2554 acliberum

1981 2591 2188 2632 versus
2214 2577 2311 2632 49
2349 2578 2639 2634 Joannem
2673 2579 2991 2652 patricium
3023 2580 3356 2650 obtruncat,
3391 2580 3642 2654 impera-

1982 2667 2172 2720 torem
2226 2665 2606 2722 anathemate
2664 2668 2819 2735 ferit,
2879 2669 3374 2742 Apsimarumque
3432 2672 3632 2745 Cibyr-

1979 2759 2299 2810 rmotarum
2351 2754 2760 2827 drungarium,
2813 2773 2992 2828 quem
3049 2757 3347 2816 Tiberium
3404 2767 3630 2819 mutato

1978 2843 2222 2899 nomine
2249 2843 2366 2900 dici
2409 2843 2616 2911 voluit,
2676 2844 3096 2917 imperatorem
3153 2847 3434 2906 declarat.
3465 2851 3631 2907 Tibe-

1976 2931 2100 2988 rius
2122 2948 2228 3004 per
2257 2937 2488 3005 portam
2524 2949 2656 3005 quae
2686 2933 2842 3006 apud
2895 2933 3252 2992 Blachernas
3284 2942 3392 3008 est,
3437 2941 3634 3010 prodi-

1974 3025 2136 3076 tores
2185 3027 2417 3091 nactus,
2475 3021 2684 3078 urbem
2717 3023 3022 3096 ingreesus
3056 3026 3361 3082 Leontium
3393 3035 3632 3100 captum

1974 3115 2032 3165 et
2063 3109 2312 3166 naribus
2342 3109 2683 3168 mutilatum
2715 3111 2777 3167 in
2828 3111 3227 3169 Dalmatarum
3271 3119 3632 3174 monasterio

1979 3197 2230 3271 ablegat.

2054 3291 2190 3344 Post
2249 3289 2556 3344 Leontium
2629 3289 2996 3361 Apsimarus,
3063 3291 3334 3349 Tiberius
3409 3295 3624 3366 dictus,

1972 3375 2293 3450 imperium
2325 3382 2574 3450 occupat
2593 3394 2781 3436 annos
2796 3386 3046 3453 septem.
3063 3382 3243 3439 Porro
3260 3383 3624 3463 lustinianus

1970 3483 2151 3538 opera
2183 3467 2499 3540 Philippici
2529 3469 2778 3524 naribus
2811 3475 3118 3526 truncatus
3142 3472 3438 3529 Chersone
3462 3475 3622 3530 clan-

1969 3556 2189 3625 culum,
2238 3557 2545 3613 nonnullis
2576 3575 2777 3614 secum
2809 3560 3085 3625 devectis,
3141 3560 3214 3616 ad
3270 3563 3470 3618 fauces
3491 3565 3624 3637 Istri

1970 3646 2372 3717 naxigatﬂum
2405 3647 2769 3719 pervenisset
2795 3648 2868 3703 ad
2897 3648 3208 3704 Terbelum
3241 3651 3619 3722 Bulgarorum

1969 3733 2206 3799 ducem,
2229 3741 2498 3808 rogatum
2522 3736 2704 3791 mittit
2722 3742 2788 3792 ut
2808 3736 2919 3792 sibi
2942 3737 3016 3792 ad
3035 3743 3345 3808 paternum
3377 3739 3620 3795 avitum-

1973 3837 2086 3895 que
2110 3823 2424 3895 imperium
2459 3825 2934 3897 recuperandum
2951 3826 3170 3882 auxilia
3189 3828 3616 3900 suppeditaret.

1969 3912 2249 3968 Terbelus
2279 3929 2400 3968 non
2431 3913 2651 3969 auxilia
2682 3913 2878 3981 modo,
2904 3913 3006 3969 sed
3037 3929 3204 3970 suam
3229 3915 3353 3987 ipse
3372 3933 3615 3991 operam

1972 4008 2231 4074 praestat,
2262 4001 2336 4057 ad
2367 4002 2694 4075 principem
2743 4003 2983 4059 urbium
3031 4019 3219 4077 usque
3251 4023 3614 4080 progressus.

1968 4091 2336 4147 Justinianus
2381 4092 2579 4164 itaque
2611 4093 2814 4165 paucis
2845 4095 3054 4152 amicis
3084 4097 3333 4153 consilio
3365 4115 3468 4154 suo
3499 4117 3618 4156 cre-

1971 4179 2255 4251 dito,cum
2288 4180 2497 4238 iisdem
2557 4199 2662 4254 per
2717 4183 3156 4256 aquaeductum.
3190 4187 3617 4245 nonnullorum

1971 4271 2182 4328 civium
2213 4270 2775 4344 proditione,furl.im
2809 4272 3034 4330 aditum
3066 4275 3128 4330 in
3158 4275 3367 4333 urbem
3391 4277 3618 4353 sibipa-

1969 4365 2080 4428 rat,
2115 4375 2224 4416 nec
2257 4359 2488 4434 longius
2519 4377 2554 4416 a
2577 4361 2790 4418 Sancta
2834 4365 3024 4434 Anna,
3057 4364 3148 4420 cui
3183 4366 3458 4424 secundae
3485 4387 3614 4441 pro-

1970 4455 2101 4522 pter
2131 4449 2324 4522 ipsnm
2355 4466 2573 4506 nomen
2605 4451 2738 4512 fuit.
2770 4451 3264 4528 ahiit,scdemque
3296 4456 3358 4512 in
3389 4457 3612 4514 aedibus

1971 4537 2504 4594 Blachernensibus
2531 4539 2860 4597 collocavit.
2895 4543 2974 4598 Eo
3007 4545 3239 4618 cognito
3266 4547 3612 4620 Apsimarus

181 4639 452 4694 Λεόντιον
472 4637 568 4694 καὶ
606 4611 916 4714 Ἀιίκνίμοίρον
943 4637 1036 4694 τὸν
1094 4637 1192 4712 μὶν
1243 4637 1342 4707 τῆς
1395 4611 1700 4714 βασιλείας,
1759 4643 1852 4694 τὸν

1987 4625 2420 4700 \polloniadem
2453 4645 2588 4684 cum
2618 4647 2830 4700 magna
2862 4631 2912 4686 vi
2945 4635 3332 4706 pecuniarum
3363 4637 3610 4710 aufugit.

183 4722 246 4781 δὲ
274 4732 382 4795 τῆς
411 4725 668 4808 φυλακῆς
699 4726 994 4804 ἐξαγαγὼν,
1030 4727 1120 4782 καί
1175 4722 1516 4806 ἀμφοτέρους
1547 4731 1664 4792 τοῖς
1695 4728 1851 4783 ποσὶν

191 4817 364 4874 αξιτοῦ
399 4817 650 4889 ὑποθεὶς,
681 4817 735 4873 ἓν
765 4821 847 4891 τῷ
874 4815 1252 4894 Ἱπποδρομίῳ
1318 4814 1627 4894 κεφαλικῶς
1659 4815 1852 4879 αὐτοὺς

192 4904 611 4985 ἐτιμωρήσατο.

271 5069 428 5127 Πετᾶ
480 5067 542 5127 δὲ
602 5069 913 5146 Ἀψίμαρον
967 5065 1280 5126 ὶὸασίλευσε
1332 5065 1504 5124 πάλιν
1535 5069 1848 5126 Ἰουστινια-

201 5157 290 5222 νὸς
312 5153 411 5231 ἔτη
443 5160 510 5233 ζ’,
539 5156 697 5235 δῶρα
723 5155 911 5214 πολλᾶ
963 5162 1044 5232 τῷ
1091 5153 1328 5234 Τιρϐελι
1377 5154 1514 5220 ’δοὺς
1542 5157 1632 5213 καὶ
1665 5161 1852 5234 χώραν

202 5248 518 5324 Ῥωμαϊκήν
576 5250 681 5318 τὴν
712 5245 1018 5322 λεγομένην
1075 5251 1166 5303 νῦν
1221 5247 1473 5324 Ζαγόρια.
1532 5247 1850 5323 Ἡρακλειον

203 5335 260 5394 ει
310 5338 545 5419 ἀδελφὸν
607 5340 782 5395 αύτοῦ
833 5339 925 5394 καὶ
980 5337 1109 5402 τοὺς
1167 5337 1666 5410 συνασπιζομὲνους
1704 5337 1851 5412 αὐτῷ

198 5427 645 5485 ἆνεσκολόπισεν.
706 5425 1031 5483 Καλλίνικον
1091 5423 1148 5482 δὲ
1201 5427 1292 5483 τὸν
1348 5425 1700 5501 πατριάρχην
1755 5446 1852 5482 τυ-

200 5519 420 5599 φλώσας
477 5520 532 5574 ἐν
589 5517 790 5592 Ῥώμῄ
876 5515 1150 5588 ἐξώρισεν*
1209 5514 1324 5570 ἀνθ’
1395 5511 1460 5570 οὗ
1510 5509 1848 5592 προεϐάλετο

200 5609 468 5685 Rupta:sz
520 5609 620 5665 τὸν
681 5605 736 5662 ἐν
800 5609 870 5681 τῇ
917 5607 1072 5679 νήσῳ
1140 5601 1503 5681 Ἀμάστριδος
1561 5603 1712 5676 ὂντα,
1771 5607 1846 5670 ὡς

202 5699 679 5778 προσαγορεύσαντα
709 5694 858 5770 αύτῷ
912 5695 1012 5766 τὴν
1071 5701 1170 5766 τῆς
1231 5693 1509 5773 βασιλείας
1569 5693 1844 5750 ἂποκατςὲο

1971 4717 2181 4773 Verum
2218 4717 2588 4774 Justinianus
2614 4719 2917 4777 Leontium
2951 4728 3009 4778 et
3039 4725 3434 4797 Apsimarum,
3455 4727 3612 4783 hunc

1965 4805 2214 4880 imperio
2235 4805 2496 4880 pulsum,
2526 4809 2694 4866 illum
2726 4812 3062 4870 carceribus
3085 4821 3432 4883 extractum,
3454 4816 3613 4890 pedi-

1961 4895 2072 4951 bus
2107 4895 2482 4954 conculcatos
2506 4899 2662 4956 inter
2689 4900 2862 4957 ludos
2884 4901 3186 4960 Circenses
3203 4922 3378 4976 poma
3399 4905 3608 4976 capitis

1961 4985 2251 5045 multavit.

2032 5078 2172 5133 Post
2227 5078 2607 5152 Apsimarum
2651 5097 2856 5136 rursus
2893 5082 3264 5138 Justinianus
3290 5083 3606 5155 imperium

1963 5164 2344 5224 administrat
2364 5185 2550 5226 annos
2565 5169 3059 5242 septem.Terbclo
3082 5172 3607 5246 referensgratiam

1963 5271 2213 5310 munera
2267 5257 2427 5312 misit
2486 5257 2768 5330 ingentia,
2801 5275 3056 5331 eumque
3089 5262 3350 5317 Romana
3381 5261 3485 5318 illa
3515 5279 3608 5319 re-

1961 5345 2134 5415 gione
2199 5344 2300 5401 50
2358 5363 2536 5416 quam
2586 5363 2744 5402 nunc
2774 5345 3074 5418 Zagoriam
3105 5354 3314 5405 vocant
3345 5349 3605 5410 donavit.

1963 5434 2298 5490 Heraclium
2331 5434 2626 5507 Apsimari
2658 5436 2988 5504 fratrem,et
3017 5455 3226 5494 omnes
3258 5441 3357 5513 qui
3381 5461 3516 5499 cum
3540 5461 3606 5501 eo

1961 5528 2410 5591 consenserant,
2461 5523 2780 5596 suspendio
2811 5524 3028 5580 affecit.
3061 5527 3407 5600 Callinicum
3427 5533 3610 5604 patri-

1959 5611 2202 5668 archam
2237 5612 2424 5668 oculis
2455 5611 2747 5684 privatum
2779 5619 3024 5673 Romam
3057 5615 3119 5674 in
3150 5619 3426 5678 exsilium
3471 5621 3608 5696 egit,

1961 5708 2019 5760 et
2047 5701 2176 5758 loco
2201 5701 2360 5760 illius
2390 5703 2697 5776 Cyriacum
2729 5705 2790 5762 in
2849 5705 3046 5765 insula
3087 5710 3341 5768 Amastri
3401 5709 3612 5787 degen-
