4034 6202
471 347 584 407 271

2024 329 2054 391 J
2067 329 2316 392 OELIS.

3723 326 3820 414 272

473 483 611 547 tem,
663 475 819 548 quod
869 473 1102 545 imperii
1165 469 1678 542 recuperationem
1728 463 2107 540 praedixisset,

2234 479 2437 516 στασιν.
2495 456 2864 536 Χερσωνίταις
2913 455 2971 514 δὲ
3031 463 3382 533 μνησικακῶν
3436 459 3542 516 ἀπὸ
3595 465 3680 530 τῆς
3721 459 3826 536 ἐξο-

473 564 864 639 patriarcham
923 561 1297 634 Cpolitanum
1347 559 1582 615 creavit.
1630 557 1922 613 Adversus
1946 555 2118 610 Cher-

470 654 712 719 sonitas,
739 667 943 707 eorum
975 650 1035 704 in
1068 666 1130 704 se
1157 648 1406 704 dicteria
1433 665 1504 704 ac
1532 646 1948 713 contumelias,
1982 659 2117 699 cum

469 742 718 816 imperio
747 739 1016 812 dejectus
1036 737 1194 810 apud
1219 737 1352 793 illos
1375 737 1613 800 viveret,
1635 736 1835 791 animo
1860 733 2116 794 volvens,

467 833 736 896 classem,
769 829 861 884 cui
911 827 1226 900 patricium
1270 828 1534 884 Maurum
1581 824 1866 896 praefecit,
1903 818 2114 878 instrui

463 919 778 992 pararique
803 917 1002 987 jussit.
1037 917 1404 974 Chersonitm
1428 915 1744 971 Justiniani
1793 914 1963 970 freno
2015 928 2114 968 ex-

465 1025 636 1064 cusso
669 1006 1066 1078 Philippicum
1096 1005 1176 1060 ibi
1209 1003 1502 1076 Apsimari
1525 1004 1700 1076 jussu
1723 1001 2112 1067 exsulantem,

463 1095 773 1168 Nicephori
805 1094 1015 1159 ﬁlium,
1046 1093 1161 1148 cito
1195 1099 1253 1148 et
1282 1091 1502 1148 cursim
1535 1091 1951 1164 imperatorem
1975 1107 2112 1160 pro-

463 1185 762 1241 nuntiant.
797 1185 876 1239 De
904 1199 972 1238 eo
1001 1181 1371 1238 Justinianus
1401 1181 1618 1236 certior
1640 1179 1904 1235 redditus
1929 1177 2114 1250 magis

461 1290 529 1330 ac
559 1274 744 1346 magis
772 1272 970 1328 furore
1003 1269 1339 1334 excanduit,
1371 1276 1652 1340 metuque
1683 1267 1997 1323 exterritus
2024 1266 2114 1321 Si-

461 1381 677 1437 nopem
725 1379 913 1436 usque
951 1361 1240 1434 procedit,
1296 1367 1366 1416 ut
1400 1377 1497 1416 res
1543 1377 1751 1415 omnes
1780 1358 2111 1414 accuratius

462 1455 828 1510 rescisceret.
862 1453 1077 1507 Verum
1103 1449 1431 1522 Philippico
1453 1467 1587 1506 cum
1618 1448 1937 1505 classiariis
1950 1447 2108 1503 mili-

460 1543 620 1598 tibus
660 1539 735 1596 ad
765 1541 972 1596 urbem
1003 1538 1180 1595 citius
1229 1538 1449 1604 delato,
1479 1537 1846 1594 Justinianus
1903 1553 1938 1593 a
1985 1536 2110 1593 suis

462 1632 737 1688 omnibus
768 1631 1038 1687 desertus
1068 1629 1142 1685 ad
1159 1629 1522 1685 Demetrium
1554 1644 1617 1684 se
1647 1625 2109 1684 contulit.lllum

459 1726 697 1792 captum
719 1719 1080 1792 Philippicas
1101 1718 1414 1774 confestim
1438 1717 1952 1790 ignominioseque
1975 1715 2108 1772 neci

460 1824 574 1879 que
596 1807 754 1864 illius
785 1807 974 1862 ﬁlium
1013 1805 1347 1862 obtruncat.

531 1901 666 1952 Post
694 1894 1603 1967 JustiuianumPliilippicus,qui
1625 1893 2112 1952 Bardanesetiam

407 2006 418 2016 ι
459 1985 788 2052 dicebatur,
821 1983 1130 2056 imperavit
1188 2000 1378 2039 annos
1399 1983 1568 2039 duos.
1601 1983 1777 2039 Illum
1833 1983 2115 2055 Georgius

457 2076 764 2148 patricius,
826 2079 1218 2147 cognomento
1275 2074 1601 2146 Boraphus,
1661 2079 1720 2128 et
1771 2072 2113 2129 Theodorus

456 2165 741 2238 patricius
772 2165 939 2236 Myxa
967 2180 1102 2220 cum
1136 2168 1504 2219 armatorum
1533 2162 1789 2219 militum
1815 2178 1995 2218 manu
2025 2177 2113 2217 re-

455 2261 633 2328 pente
663 2272 734 2311 ex
763 2253 1010 2310 Thracia
1048 2253 1344 2308 irruentes
1374 2257 1676 2325 arreptum
1716 2252 1916 2308 statim
1935 2267 2115 2308 exem-

457 2349 614 2411 cant,
649 2349 708 2398 et
763 2341 860 2398 die
900 2342 1174 2413 sequenti
1233 2347 1556 2398 convocata
1609 2339 1993 2396 multitudine
2049 2341 2110 2395 in

459 2434 664 2506 Magna
695 2431 945 2488 ecclesia
975 2430 1303 2486 Artemium
1355 2433 1814 2501 protasecretem
1864 2428 2116 2500 impera-

463 2525 652 2577 torem
685 2519 1060 2575 denuntiant.

531 2609 672 2664 Post
704 2607 1104 2679 Philippicum
1159 2605 1479 2680 imperium
1539 2607 1732 2663 tenuit
1787 2606 2110 2674 Artemius,

463 2697 812 2754 Anastasius
845 2696 1020 2752 etiam
1053 2696 1267 2761 dictus,
1300 2713 1491 2752 annos
1512 2697 1606 2753 5|
1661 2695 1832 2752 duos.
1866 2695 1982 2751 Sub
2041 2710 2110 2752 eo

464 2789 792 2844 Germanus
825 2803 893 2842 ex
922 2785 1235 2856 metropoli
1275 2785 1460 2856 Cyzici
1491 2785 1553 2841 in
1611 2785 1981 2858 Cpolitanam
2015 2800 2112 2842 se-

460 2877 595 2933 dem
621 2876 943 2932 translatus
973 2880 1083 2932 est.
1111 2875 1350 2945 Classis,
1383 2891 1561 2946 quam
1595 2874 1719 2948 ipse
1741 2881 1948 2932 contra
1968 2878 2111 2946 Aga-

455 2983 632 3022 renos
647 2963 1303 3034 expedierat,seditione
1329 2962 1481 3019 facta
1512 2963 1828 3035 imperium
1845 2962 2108 3021 Artemio

451 3054 760 3124 abrogant,
792 3051 1003 3107 ducem
1048 3068 1220 3108 suum
1262 3051 1650 3120 interﬁciunt,
1681 3053 1882 3124 sicque
1915 3052 1976 3107 in
2010 3051 2110 3108 do-

2145 1816 2194 1881 Β

2233 545 2348 622 ρίας
2383 545 2578 604 στόλον
2610 545 2878 618 ἐξώπλισε
2907 553 3024 603 κατ’
3083 546 3286 620 αὐτῶν,
3334 547 3425 602 καὶ
3460 545 3718 605 ἀπέστειλε
3761 554 3832 624 τῷ

2221 637 2499 712 πατρικίῳ
2529 636 2738 712 Μαύριρ
2793 641 2986 692 τοῦτον
3033 634 3503 715 ἐγχειρισάμενος.
3553 637 3617 694 Oi
3661 634 3710 692 δὲ
3753 639 3830 694 τὸν

2228 725 2736 798 μὲνἸουστινιανὸν
2803 722 3156 802 καθύϐρισαν,
3213 727 3306 782 τὸν
3367 722 3426 781 δὲ
3482 724 3641 782 ἐκεῖσε
3687 723 3834 802 £569:-

2227 836 2350 870 στον
2411 813 2538 871 ὂντα
2591 815 2696 872 ὑπὸ
2749 816 3060 892 Ἀψιμάρου
3120 813 3485 884 Φιλιππικὸν,
3534 815 3642 872 υἱὸν
3691 822 3834 888 Νικη-

2221 905 2394 982 ιρόρου
2472 905 2787 980 πατρικίου,
2901 903 3129 980 βασιλέα
3211 907 3404 968 θᾶττον
3484 903 3832 980 ἀνηγόρευσαν,

2219 992 2392 1067 ’Όπερ
2423 991 2587 1066 γνοὺς
2617 993 2646 1048 ὁ
2675 997 2936 1066 τύραννος
2970 993 3372 1063 Ἰουστινιανός,
3417 991 3508 1047 καί
3565 991 3644 1048 ἐπὶ
3669 991 3830 1048 πλεῖον

2220 1079 2493 1153 θυμωθείς
2522 1080 2610 1136 καὶ
2641 1075 2904 1160 φοϐηθεὶς
2959 1080 3160 1150 ἀνῆλθε
3221 1083 3389 1158 μέχρι
3439 1080 3674 1148 Σινώπης
3705 1081 3835 1158 ἀκρι-

2219 1161 2470 1244 ϐέστερον
2503 1167 2629 1246 περὶ
2688 1167 2885 1226 τούτου
2943 1167 3346 1243 μαθησόμενος.
3405 1172 3512 1226 Τοῦ
3561 1167 3613 1226 δὲ
3656 1167 3836 1226 Φιλιπ-

2216 1261 2381 1312 πικοῦ
2439 1256 2530 1312 συν
2587 1257 2773 1332 στόλῳ
2828 1251 3258 1326 καταλαϐόντος,
3307 1259 3671 1320 Ἰουστινιανὸς
3717 1261 3837 1336 πρὸς

2215 1346 2306 1401 τὸν
2357 1347 2677 1422 Δημήτριον
2736 1344 2964 1422 ἀπέδρα,
3025 1344 3407 1426 καταλειφθείς
3483 1347 3583 1403 ὑπό
3634 1349 3836 1404 πάντωνἱ

2217 1435 2274 1490 δν
2307 1435 2503 1491 αὐτίκα
2533 1433 2877 1498 Φιλιππικὸς
2909 1437 3320 1514 χειρωσάμενος
3362 1435 3568 1492 ἀνεῖλεν
3598 1437 3841 1515 αἰσχρῶς,

2212 1523 2303 1579 καί
2359 1525 2460 1594 τήν
2520 1524 2763 1595 κεφαλὴν
2813 1521 2978 1580 αὐτοῦ
3041 1529 3162 1588 τοῖς
3247 1521 3481 1588 Σκύθαις
3558 1524 3840 1600 ἐξέπεμψεν.

2221 1614 2464 1688 ’Λναιρεῖ
2493 1610 2552 1668 δὲ
2575 1612 2665 1668 καὶ
2697 1607 2952 1690 Τιϐέριον
2993 1613 3086 1669 τὸν
3109 1613 3224 1668 υἱὸν
3259 1612 3448 1676 αὐτοῦ.

2215 1703 2417 1774 tradit,
2443 1709 2501 1759 et
2521 1709 2698 1776 caput
2715 1703 2847 1775 ejus
2878 1703 3110 1777 Scythis
3143 1703 3326 1760 misit.
3350 1704 3680 1760 Thiberium
3710 1723 3847 1779 quo-

2293 1891 2442 1948 Μετὰ
2493 1887 2551 1946 δὲ
2606 1891 2989 1948 Ἰουστινιανὸν
3047 1885 3362 1946 ἐϐασίλευσε
3415 1889 3744 1956 Φιλιππικός
3821 1895 3850 1949 ὁ

2219 1981 2308 2035 καὶ
2333 1975 2616 2057 Βαρόάνης
2660 1974 2756 2050 ἔτη
2791 1979 2860 2055 β’,
2891 1979 2953 2035 ὃν
3013 1979 3288 2056 Γεώργιος
3334 1979 3640 2057 πατρίκιος,
3668 1983 3710 2056 ᾧ
3738 1980 3852 2038 ἒπε-

2219 2069 2356 2137 κλην
2389 2069 2660 2149 Βόραιρος,
2683 2069 2774 2124 καὶ
2807 2065 3090 2144 Θεόδωρος
3147 2067 3433 2144 πατρίκιος
3458 2071 3486 2125 ὁ
3516 2071 3697 2141 Μύεης
3719 2072 3851 2144 μετᾶ

2215 2159 2494 2231 ταξεωτῶν
2581 2155 2778 2235 α’ίιρνης
2863 2156 2924 2214 ἐκ
3005 2165 3106 2229 τῆς
3183 2159 3398 2234 Θρᾴκης
3484 2158 3720 2224 ἐλθόντες
3768 2176 3859 2232 καῖ⁵

2217 2243 2646 2319 εἰσπηδήσαντες
2761 2247 3063 2322 ἁρπάζουσι
3155 2246 3246 2302 καὶ
3343 2247 3504 2313 εὐθὺς
3579 2247 3860 2328 τυφλοῦσις

2215 2339 2306 2397 καὶ
2390 2341 2461 2413 τῇ
2531 2336 2788 2414 ἐπαύριον
2849 2339 3205 2414 συναχθὲντος
3280 2343 3377 2395 τοῦ
3463 2338 3598 2396 λαοῦ
3665 2339 3712 2396 ἒν
3791 2345 3863 2415 τῇ

2215 2425 2441 2506 Μεγάλῃ
2495 2425 2764 2500 ἐκκλησίᾳ
2824 2423 3044 2502 ἔστεψαν
3103 2428 3393 2502 ’Δρτέμιον
3458 2433 3864 2504 πρωτασηκρή-

2215 2518 2335 2587 τήν.

2287 2606 2438 2664 Μετᾶ
2493 2604 2550 2661 δὶ
2633 2603 2973 2662 Φιλιππικὸν
3056 2601 3402 2661 ἐϐασίλευσεν
3484 2607 3766 2683 ’Λρτὲμιος
3821 2610 3852 2664 ὁ

2212 2693 2304 2750 καὶ
2335 2695 2680 2756 Ἀναστάσιοι¹
2709 2691 2803 2764 ἔτη
2833 2695 2902 2770 β’,
2960 2693 3042 2773 ἐφ’
3101 2693 3164 2750 οὗ
3202 2694 3294 2750 καί
3327 2700 3599 2771 Γερμανὸς
3650 2695 3708 2752 ἐκ
3757 2705 3858 2768 τῆς

2219 2782 2616 2861 μητροπόλεως
2670 2783 2904 2854 Κυζίκου
2959 2782 3214 2858 μετετέθη
3268 2782 3348 2845 εἷς
3419 2786 3862 2842 Κωνσταντινοῦο

2213 2873 2376 2929 πολιν
2408 2874 2780 2948 πατριάρχης.
2807 2873 2869 2930 Ὀ
2899 2869 2957 2928 δὲ
3013 2873 3149 2930 κατὰ
3195 2877 3303 2929 τῶν
3362 2875 3680 2949 Ἀγαρηνῶν
3736 2879 3870 2951 παρ’

2214 2963 2382 3019 αὐτοῦ
2440 2961 2656 3026 σταλείς
2723 2963 2918 3026 στόλος
2995 2963 3285 3028 στασιάσας
3341 2964 3433 3019 καὶ
3489 2969 3581 3019 τὸν
3641 2964 3877 3042 βασιλέα

2213 3051 2523 3126 ἀνασκάψας
2559 3049 2650 3106 καὶ
2705 3051 2798 3107 τὸν
2869 3051 3072 3108 οἰκεῖον
3134 3050 3382 3129 ἄρχοντα
3441 3050 3649 3108 ἀνελὼν
3704 3053 3887 3130 ἀνήρ-

449 3142 676 3198 minam
705 3140 942 3196 urbium
974 3156 1209 3213 gressus
1242 3140 1672 3212 dirigunt.Cum
1706 3145 2103 3212 Atramyttum

2225 3160 2350 3218 χετο
2379 3138 2518 3195 κατά
2575 3141 2675 3204 τῆς
2736 3137 3022 3214 βασιλίδος
3083 3139 3327 3204 πόλεως.
3391 3139 3665 3204 Ἐλθόντες
3723 3138 3786 3197 δὲ
3826 3144 3888 3198 ἐν

446 3229 876 3302 pervenissent,
909 3229 1302 3285 Theodosium
1334 3226 1706 3300 publicorum
1727 3229 2101 3298 vectigalium

449 3318 1010 3387 exactorem,virum
1043 3317 1295 3388 impium
1327 3317 1760 3388 rusticumque,
1792 3317 2105 3390 abreptum

450 3408 872 3479 imperatorem
921 3412 1144 3462 creant.
1179 3407 1282 3461 ilic
1339 3421 1472 3460 cum
1521 3405 1583 3460 in
1639 3405 1916 3463 Thracias
1969 3423 2107 3464 oras

449 3496 1155 3570 'trajccisset,seditiosam
1189 3495 1485 3550 civitatem
1508 3511 1614 3566 per
1642 3495 2106 3553 Blachernarum

451 3593 682 3661 portam
726 3585 1078 3658 ingreditur.
1109 3585 1406 3640 Artemius
1445 3585 1700 3640 Nicaeam
1759 3584 1990 3658 fugiens
2047 3596 2108 3647 et

455 3675 771 3732 securitate
798 3674 1092 3746 promissa
1107 3673 1373 3728 habitum
1388 3673 1666 3729 monachi
1689 3671 1882 3729 induit
1897 3690 1912 3740 ;
1927 3690 2106 3746 quem

455 3765 821 3822 Theodosius
847 3762 1279 3819 Thessalonica;
1313 3761 1584 3819 exsulare
1597 3762 1795 3834 jussit.
1813 3763 2105 3819 Caeterum

457 3855 569 3910 Leo
592 3855 828 3911 lsaurus
859 3850 1247 3909 Orientalium
1295 3850 1413 3906 dux
1461 3868 1568 3923 pro
1599 3851 1860 3908 Artemio
1894 3869 2108 3924 propu-

452 3959 639 4018 gnans
669 3941 996 3998 Theodosio
1029 3939 1272 3997 obedire
1305 3940 1516 3996 noluit.

521 4105 663 4160 Post
689 4101 1020 4158 Artemium
1049 4099 1412 4155 Theodosius
1432 4100 1878 4172 Atramyttcnus
1921 4100 2104 4173 impe-

448 4193 605 4250 rium
635 4191 786 4264 regit
815 4207 1004 4248 annos
1034 4188 1204 4245 duos.
1238 4189 1354 4244 Sub
1387 4205 1457 4245 eo
1499 4189 1612 4244 Leo
1643 4189 1882 4246 lsaurus
1911 4207 1947 4247 a
1970 4190 2105 4248 Mal-

447 4298 584 4338 sava
614 4282 1046 4337 Saracenorum
1075 4278 1344 4352 principe
1394 4275 1696 4345 seductus,
1731 4283 1792 4333 et
1819 4277 1892 4335 ab
1919 4281 2106 4338 omni-

448 4369 561 4423 bus
592 4368 916 4440 imperator
939 4368 1250 4434 salutatus,
1267 4367 1488 4440 ingenti
1521 4367 1826 4440 copiarum
1849 4369 1901 4423 vi
1918 4367 2101 4443 Chry-

447 4455 697 4528 SOpolim
729 4461 998 4528 occupat.
1049 4459 1339 4513 Caeterum
1388 4456 1751 4513 Theodosius
1781 4457 2100 4528 imperium

448 4543 629 4600 cessit
654 4543 852 4611 Leoni,
887 4561 920 4599 a
951 4559 1066 4614 quo
1095 4561 1230 4600 cum
1262 4562 1323 4601 se
1349 4544 1409 4600 in
1441 4551 1744 4617 posterum
1777 4551 1900 4602 tuto
1921 4545 2103 4604 vitam
2139 4535 2180 4600 ί)

449 4649 622 4706 agere
662 4649 836 4704 posse
885 4633 1242 4704 promissum
1273 4633 1622 4704 accepisset,
1657 4633 2006 4692 clericorum
2038 4653 2101 4692 se

449 4723 584 4779 albo
617 4738 736 4778 una
767 4738 902 4777 cum
936 4719 1056 4775 ﬁlio
1087 4721 1380 4791 ascripsit.
1431 4721 1715 4776 Eumdem
1747 4729 1805 4778 et
1862 4725 2100 4798 chryso-

449 4812 741 4886 graplium
775 4809 1056 4877 fuisse,et
1085 4807 1430 4880 episcopum
1461 4809 1824 4880 Epliesinum
1839 4819 2102 4870 creatum

451 4903 522 4960 ab
546 4901 781 4968 eodem,
804 4898 1054 4956 historia
1079 4897 1381 4970 proditum
1411 4902 1519 4952 est.

523 4995 663 5048 Post
689 4989 1086 5047 Theodosium
1118 4985 1435 5059 imperium
1471 4985 1686 5040 invasit
1709 4987 1821 5041 Leo
1843 4987 2102 5059 lsaurus,

449 5083 546 5155 qui
589 5090 647 5138 et
677 5082 855 5146 Cono,
889 5096 1082 5136 annos
1129 5075 1334 5150 viginti
1397 5073 1687 5148 quinque.
1739 5075 1843 5131 llic
1895 5078 2100 5136 multis

443 5170 676 5228 damnis
709 5170 1000 5242 malisque
1021 5165 1390 5224 Christianos
1422 5163 1711 5232 ail‘ecit,ut
1732 5167 2101 5224 veneranda-

441 5276 574 5315 rum
610 5260 708 5316 σοι
733 5259 1062 5332 imaginum
1116 5254 1346 5312 cultum
1379 5251 1666 5320 aboleret,
1703 5251 1891 5310 ﬁlium
1926 5271 2098 5312 suum

442 5349 900 5404 Constantinum
925 5349 1345 5420 imperatorem
1367 5341 1698 5416 proposuit.
1741 5344 1949 5400 Verum
1972 5345 2099 5402 hmc

447 5434 911 5507 flagitiosissima
967 5433 1450 5505 exsecrandaque
1505 5430 1848 5504 reipublicae
1915 5435 2102 5506 pestis

447 5522 736 5576 viscerum
797 5525 1004 5580 morbo
1081 5529 1391 5596 correptus
1479 5521 1872 5593 ignominiose
1923 5525 2099 5580 vitam

451 5610 687 5681 abjecit.

2217 3233 2298 3302 τῷ
2356 3225 2681 3302 Ἀτραμῦτῳ
2736 3225 2892 3303 εὗρον
2948 3225 3122 3284 ἐκεῖσε
3194 3227 3481 3286 Θεοδόσιον
3558 3228 3888 3304 ἑκλῆπτορα

2215 3321 2324 3372 τῶν
2351 3313 2638 3388 δημοσίων
2670 3317 2877 3395 φόρων,
2910 3313 3080 3391 ἄνδρα
3111 3312 3345 3386 δυσσεϐῆ
3386 3316 3476 3372 καί
3515 3316 3883 3395 ἀπράγμονα,

2213 3407 2302 3462 καὶ
2344 3407 2713 3484 ἀνηγόρευσαν
2775 3405 2935 3464 αὐτὸν
2989 3406 3238 3484 βασιλέα·
3300 3409 3360 3472 ’ὸς
3404 3408 3490 3464 ἐπὶ
3547 3409 3615 3464 τά
3645 3414 3896 3483 Θρᾳκῷα

2213 3494 2449 3573 περάσας
2483 3496 2622 3571 μὲρη
2657 3494 2708 3551 ἐν
2743 3493 2908 3572 ὄχλῳ
2951 3497 3108 3572 βαρεῖ
3162 3497 3263 3566 τήν
3316 3495 3479 3554 πόλιν
3511 3493 3897 3571 καταλαμϐά-

2214 3609 2314 3661 νει,
2365 3587 2456 3644 καὶ
2514 3585 2603 3644 διὰ
2659 3594 2759 3658 τῆς
2815 3591 2923 3642 τῶν
2959 3587 3291 3664 Βλαχερνῶν
3324 3589 3535 3666 πόρτης
3567 3587 3772 3664 εἲσῄει.
3821 3591 3892 3650 Ὀ

2214 3674 2274 3733 δὶ
2322 3675 2612 3753 Ἀρτέμιος
2665 3677 2718 3731 ἐν
2775 3674 2974 3749 Νικαίᾳ
3029 3676 3243 3756 φυγὼν,
3295 3676 3462 3756 λόγον
3519 3698 3577 3736 τε
3606 3677 3897 3742 ἀπαθείας

2213 3762 2424 3838 λαϐὼν,
2454 3767 2518 3823 τὸ
2552 3765 2844 3840 μοναδικὸν
2896 3763 3255 3843 περιεϐάλετο
3313 3775 3528 3844 σχῆμα*
3561 3767 3622 3824 ὅν
3669 3766 3898 3824 Θεοδοο

2213 3877 2330 3920 σιος
2363 3857 2416 3912 ἦν
2449 3857 2818 3931 Θεσσαλονίκῃ
2881 3854 3156 3932 ἐξώρισεν.
3218 3855 3368 3914 Λὲων
3420 3854 3476 3912 δὲ
3507 3857 3534 3912 ὁ
3563 3856 3658 3912 καὶ
3686 3858 3900 3914 Ἰσαυ-

2215 3965 2306 4019 ρος
2381 3946 2472 4002 καὶ
2551 3951 2660 4002 τῶν
2720 3947 3061 4004 ἀνατολικῶν
3145 3947 3456 4025 στρατηγὸς
3528 3946 3910 4022 ὑπερμαχῶν

2212 4035 2487 4112 Ἀρτεμίῳ
2517 4034 2627 4112 οὐχ
2654 4034 2896 4111 ὑπετάγη
2929 4033 3224 4110 Θεοδοσίῳ.

2283 4125 2434 4184 Μετᾶ
2464 4121 2523 4180 δὶ
2579 4123 2868 4200 ’Λρτὲμιον
2923 4119 3240 4180 ἐϐασίλευσε
3265 4121 3607 4186 Θεοδόσιοςὸ
3667 4126 3918 4198 Ἀτρα-

2215 4215 2454 4288 μυτηνὸς
2484 4209 2578 4284 ἔτη
2606 4212 2677 4288 β’,
2710 4211 2794 4291 ἐφ’
2845 4211 2908 4268 οὐ
2940 4209 3092 4268 Λὶων
3127 4214 3156 4270 ‘6
3185 4215 3435 4290 ’Ἰσαυρος
3466 4213 3568 4268 ὑπὸ
3601 4209 3930 4271 Μαλσάεα

2209 4305 2306 4358 τοῦ
2334 4305 2444 4358 τῶν
2475 4305 2810 4377 Σαρακηνῶν
2838 4301 3103 4381 ἀρχηγοῦ
3161 4301 3552 4378 συγκρατηθεῖς
3583 4301 3679 4356 καὶ
3745 4303 3934 4376 παρᾶ

2209 4389 2421 4446 πάντων
2475 4387 2812 4466 εὗιρημηθεὶς
2876 4391 3012 4464 μετὰ
3090 4389 3357 4447 πλείστου
3417 4393 3656 4464 στρατοῦ
3721 4410 3938 4446 κατα-

2210 4474 2480 4555 λαμϐάνει
2511 4480 2612 4550 τήν
2660 4477 3031 4557 Χρυσόπολιν.
3087 4485 3146 4539 '0
3203 4477 3262 4536 δὲ
3324 4477 3641 4546 Θεοδόσιος,
3721 4476 3940 4555 λόγον

2209 4569 2466 4635 ἀπαθείας
2523 4574 2648 4646 παρ’
2733 4569 2898 4626 αὐτοῦ
2970 4565 3180 4643 λαϐὼν,
3248 4570 3650 4646 παρεχώρησεν
3747 4569 3940 4642 αὐτῷ

2207 4666 2307 4730 τῆς
2355 4655 2665 4736 βασιλείας,
2721 4657 2988 4734 κληρικὸς
3059 4657 3180 4714 σὺν·
3233 4659 3337 4733 υίῴ
3393 4656 3728 4735 γενόμενος.
3802 4660 3946 4714 Τὸν

2211 4747 2373 4804 αὐτὸν
2401 4743 2458 4804 δέ
2493 4768 2650 4826 φασιν
2683 4746 2737 4802 οἱ
2793 4746 3062 4824 ἱστορικοὶ
3117 4746 3209 4803 καὶ
3262 4747 3655 4823 χρυσογράφον
3725 4746 3952 4819 εἶναι,

2207 4837 2297 4892 καὶ
2325 4834 2594 4912 γεγονέναι
2626 4833 2919 4892 ἐπίσκοπον
2949 4837 3176 4912 Ἐφέσου
3209 4835 3294 4890 ὑπ’
3327 4835 3516 4891 αὐτοῦ.

2277 5020 2425 5077 Μετὰ
2473 5017 2532 5076 δὲ
2560 5020 2854 5076 Θεοδόσιον
2894 5015 3213 5078 ἐϐασίλευσε
3242 5020 3396 5079 Λέων
3448 5022 3478 5076 ὁ
3531 5023 3842 5098 "lanugo;
3923 5027 3960 5077 ὁ

2207 5108 2298 5163 καὶ
2357 5107 2540 5164 Κόνων
2624 5105 2718 5181 ἔτη
2762 5109 2859 5176 κε’,
2916 5107 3106 5166 πολλὰ
3157 5110 3298 5166 κακὰ
3344 5114 3462 5172 τοῖς
3518 5111 3961 5184 Χριστιανοῖς

2209 5196 2575 5273 ἐνδειξάμενος
2603 5194 2693 5254 διὰ
2733 5199 2835 5268 τήν
2889 5199 2998 5255 τῶν
3046 5198 3216 5275 ἁγίων
3273 5198 3496 5256 εἰκόνων
3527 5199 3967 5273 καθαίρεσιν.

2209 5289 2439 5360 ’Ἑστεψι
2461 5283 2522 5342 δι
2573 5287 2669 5342 τὸν
2727 5288 2843 5344 υἱὸν
2899 5289 3072 5345 αὐτοῦ
3101 5293 3516 5346 Κωνσταντῖνον.
3569 5288 3696 5347 Καὶ
3760 5289 3970 5363 νόσῳ

2210 5373 2548 5450 δυσεντερίας
2576 5376 2606 5432 ὁ
2626 5375 2950 5450 παμμίαρος
2977 5378 3065 5434 καὶ
3101 5375 3357 5454 ἀλάστωρ
3398 5376 3742 5454 περιπεσὼν
3827 5380 3974 5450 τὴν

2209 5467 2396 5541 ψυχὴν
2429 5464 2678 5541 αίσχρῶς
2702 5464 3026 5542 ἀπὲῥρηξεν.
