4062 6202
234 384 351 443 273

1604 376 1702 438 CH
1713 375 2296 440 RONOGHAPHIA.

3544 383 3664 444 274

306 511 465 571 Μετὰ
530 509 591 566 δὶ
661 510 869 567 Λέοντα
935 506 1251 565 ἐϐασίλευσε
1322 512 1714 567 Κωνσταντῖνος
1783 505 1869 561 υἰὸ

2085 508 2265 567 Leoni
2297 514 2581 569 successit
2612 516 3034 570 Constantinus
3086 514 3244 570 ﬁlius
3294 515 3355 571 in
3406 515 3659 571 admini-

235 603 405 659 αὐτοῦ
436 600 532 672 ἔτη
588 597 703 671 λδ’,
761 599 819 655 ἐγ
878 597 1185 656 δεινοτάτου
1244 597 1471 661 λέοντος
1522 596 1898 668 ποικιλωτάτη

235 690 541 768 πάρδαλις,
576 690 640 747 ἐκ
669 690 982 764 σπίρματος
1012 686 1189 770 ὄφεως
1218 689 1381 751 ἀσπὶς
1440 685 1590 757 δεινὴ
1637 688 1727 745 καί
1777 684 1899 767 ὄφις

229 784 563 856 πετόμενος,
612 780 644 836 6
702 777 763 836 ἐκ
820 779 922 836 Δᾶν
982 778 1388 857 ’Δντίχριστος.
1435 776 1607 840 Οὗτος
1649 779 1749 847 τὴν
1794 797 1898 832 παν

231 874 417 945 τρῴαν
492 867 775 947 βασιλείαν
833 868 949 942 ’ἅμα
1002 868 1095 924 καὶ
1154 861 1464 923 δυσσέϐειαν
1519 863 1897 940 διαδεξάμενος

226 960 425 1017 πλεῖον
453 959 549 1015 καὶ
586 955 807 1033 μᾶλλον
838 956 900 1014 ἐκ
939 960 1073 1013 Θεοῦ
1119 955 1209 1012 καὶ
1256 963 1357 1026 τῆς
1406 958 1756 1031 Θεομητορος
1807 954 1895 1010 καὶ

227 1050 456 1105 πάντων
489 1052 601 1103 τῶν
633 1045 807 1124 ἁγίων
841 1043 1106 1103 διίστατο.
1158 1043 1315 1103 Ἀλλ’
1368 1044 1612 1120 αἰσχρῶς
1659 1042 1751 1099 καὶ
1802 1043 1897 1098 οὗ-

228 1158 319 1201 τος
348 1140 461 1207 τήν
491 1137 685 1215 ψυχὴν
717 1132 1031 1210 ἀπορρήξας
1063 1134 1281 1205 θνήσκει
1317 1136 1473 1208 ψυχῇ
1515 1132 1607 1188 καὶ
1653 1131 1890 1205 σώματι,

232 1227 381 1299 βοῶν
448 1223 740 1297 ὀδυνηρῶς
799 1223 890 1278 καὶ
961 1224 1158 1297 Αέγων⁶
1212 1226 1329 1277 Ζῶν
1384 1219 1513 1295 πυρὶ
1590 1217 1893 1295 παρεδόθην

222 1314 310 1369 διὰ
411 1314 522 1383 τὴν
630 1310 898 1367 Θεοτόκον
1002 1310 1231 1386 Μαρίαν.
1322 1306 1479 1367 Ἀλλ’
1581 1308 1688 1363 ἀπὸ
1790 1311 1888 1364 τού

218 1408 311 1459 νῦν
362 1402 627 1476 τιμάσθω
683 1399 777 1457 καὶ
836 1400 1178 1475 ἆνυμνείσθω
1261 1399 1338 1461 ὡς
1409 1398 1673 1460 Θεοτόκος
1745 1396 1890 1468 άλη-

218 1495 319 1563 θῆς
350 1490 512 1548 οὖσα.

287 1671 452 1729 Μετὰ
508 1668 568 1726 δί
627 1673 1027 1727 Κωνσταντῖνον
1085 1663 1430 1723 ἐϐασίλευσεν
1462 1667 1490 1721 6
1521 1664 1582 1721 ἐκ
1624 1672 1725 1735 τῆς
1774 1666 1885 1721 Χα-

217 1763 391 1836 ζάρας
421 1761 543 1823 υἱὸς
577 1758 745 1815 αὺτοῦ
802 1757 956 1814 Λέων
1000 1753 1094 1829 ἔτη
1148 1757 1211 1815 ε’.
1256 1757 1488 1830 Ἕστεψε
1546 1752 1604 1810 δὶ
1652 1752 1744 1809 καὶ
1789 1754 1883 1809 τὸν

2008 602 2294 658 stratione
2324 603 2558 676 imperii
2591 620 2698 675 per
2736 620 2926 659 annos
2954 604 3220 677 triginta
3266 610 3540 675 quatuor,
3587 625 3656 661 ex

2008 688 2479 748 horrendissimo
2510 691 2681 748 leone
2712 692 3155 748 versutissimus
3185 692 3426 764 pardus,
3460 711 3529 749 ex
3561 711 3655 750 se-

2006 778 2167 833 mine
2200 782 2494 852 serpentis
2525 782 2685 854 aspis
2722 781 2851 837 dira
2884 787 2942 837 et
2967 781 3655 855 fulmineusserpens,ex

2004 867 2167 923 Dano
2198 869 2619 925 Antichristus.
2654 869 2758 924 Hic
2788 874 3019 942 paterni
3053 869 3285 942 imperii
3333 876 3507 943 atque
3538 872 3650 927 im-

2003 954 2466 1026 pietatishazres,
2491 958 2682 1028 magis
2703 975 2771 1013 ac
2792 958 2980 1030 magis
3001 958 3222 1014 cultum
3247 958 3532 1024 divinum,
3547 960 3647 1016 Dei

2002 1044 2201 1099 Matris
2226 1045 2477 1115 gloriam
2511 1052 2972 1117 sanctorumque
3023 1047 3290 1102 omnium
3342 1048 3650 1104 aversaba-

2004 1137 2117 1187 tur.
2150 1134 2266 1189 Sed
2293 1134 2389 1190 hic
2419 1148 2654 1207 quoque
2689 1135 2844 1207 turpi
2883 1135 3002 1190 leto
3051 1135 3311 1191 animam
3364 1137 3647 1208 profudit,

2001 1237 2134 1278 cum
2166 1239 2410 1295 corpore
2442 1224 2738 1280 exstincto
2771 1224 2973 1280 anima
3002 1241 3239 1296 quoque
3263 1230 3484 1281 aeterno
3510 1243 3648 1297 sup-

1998 1310 2177 1383 plicio
2195 1312 2610 1370 condemnata.
2641 1314 2781 1369 Ideo
2800 1314 2965 1369 vivus
2980 1314 3402 1370 miserabiliter
3418 1315 3646 1385 ejulaus

1995 1416 2373 1473 mcerensque
2396 1403 2875 1474 conquerebatur
2898 1420 2910 1457 :
2951 1405 3119 1460 Vivus
3140 1403 3514 1473 ignitraditus
3526 1421 3644 1460 sum

1988 1497 2219 1560 propter
2254 1492 2547 1561 Deiparam
2576 1493 2834 1547 Mariam.
2881 1493 2989 1547 Sed
3035 1493 3103 1546 ab
3153 1491 3252 1548 hoc
3297 1498 3538 1564 temPore
3584 1497 3642 1548 in

1996 1580 2198 1636 honore
2225 1599 2288 1637 ac
2308 1582 2663 1638 veneratione
2693 1590 2822 1650 esto,
2857 1599 2979 1638 cum
3002 1600 3123 1638 vere
3156 1582 3395 1653 Deipara
3422 1586 3513 1638 sit.

2063 1670 2514 1727 Constantinum
2559 1677 2797 1727 secutus
2855 1676 2945 1726 est
2997 1671 3058 1726 in
3106 1671 3357 1743 imperio
3414 1671 3526 1726 Leo
3573 1688 3641 1727 ex

1992 1758 2250 1815 Chazara
2280 1758 2439 1815 {ilius
2468 1776 2576 1832 per
2613 1776 2801 1815 annos
2846 1761 3129 1832 quinque.
3167 1761 3221 1815 Is
3253 1760 3442 1816 ﬁlium
3490 1762 3641 1815 Con-

215 1853 341 1907 υἱὸν
384 1850 554 1906 αύτοῦ
612 1852 1034 1904 Κωνσταντῖνον.
1094 1847 1157 1904 Ὀ
1222 1843 1314 1901 οὗν
1375 1844 1525 1900 Λέων
1575 1842 1874 1916 λιθομανὴς

223 1941 237 1947 -
317 1940 330 1947 -
573 1939 589 1947 -
656 1939 667 1947 .
710 1938 732 1947 -
909 1940 937 1947 -
1072 1935 1085 1947 .
1400 1936 1446 1947 ..
1620 1930 1633 1947 ,
1861 1929 1874 1947 .

1993 1849 2319 1904 stantinum
2334 1850 2879 1905 coronavit.Verum
2892 1865 3026 1906 cum
3047 1865 3417 1922 gemmarum
3429 1848 3640 1904 ardore

218 1940 497 2018 ὑπάρχων
562 1938 777 2012 ἠράσθη
843 1940 943 1991 τοῦ
999 1935 1315 2009 στέμματος
1398 1930 1719 2008 Μαυρικίου,
1788 1929 1879 1987 καὶ

217 2023 422 2083 Λαϐὼν
467 2026 720 2105 ἰφόρεσεν
781 2024 913 2081 αὐτὸ
975 2023 1066 2080 καὶ
1121 2019 1423 2099 προῆλθεν.
1479 2022 1642 2085 Ὅθεν
1697 2019 1879 2092 ἀπην-

216 2116 485 2192 θρακώθη
550 2112 737 2177 δεινῶς
767 2116 805 2185 ἠ
853 2110 1063 2192 κεφαλὴ
1122 2111 1310 2180 αὐτοῦ,
1370 2111 1457 2166 καὶ
1519 2107 1877 2189 σφοδροτάτῳ

209 2210 441 2283 πυρετῷ
546 2204 911 2281 συνεχόμενος
984 2200 1326 2273 ἐτελεύτησε,
1390 2203 1491 2271 τῆς
1565 2198 1877 2275 ἱεροσυλίας

207 2294 474 2372 ἐπίχειρα
501 2294 901 2369 κομισάμενος.

274 2474 434 2531 Isti:
493 2471 556 2529 δὲ
611 2471 817 2529 Λέοντα
873 2466 1197 2528 ἱϐασίλευσε
1250 2472 1656 2531 Κωνσταντῖνος
1695 2469 1723 2523 ὁ
1753 2468 1875 2531 υἱὸς

204 2561 383 2618 αὖτοῦ
412 2556 509 2634 ἔτη
547 2564 635 2632 ιζ’,
676 2558 759 2638 ἐφ’
808 2560 874 2615 οὗ
920 2559 984 2615 τὸ
1027 2565 1132 2629 τῆς
1189 2553 1462 2621 εὐσεϐείας
1508 2554 1691 2632 δόγμα
1738 2551 1871 2612 ἔλα·

205 2646 303 2706 ϐεν
363 2652 552 2727 ἔερχήν
608 2647 1077 2725 παρρησιάζεσθαι
1134 2645 1222 2702 καὶ
1281 2647 1309 2702 6
1365 2644 1530 2720 λόγος
1583 2648 1681 2701 τοῦ
1738 2648 1872 2701 Θεοῦ

204 2740 603 2803 πλατύνεσθαι.
664 2737 817 2797 Meti
875 2734 933 2793 δὲ
980 2742 1083 2807 τῆς
1140 2737 1349 2811 μητρός
1411 2734 1573 2790 αὐτοῦ
1626 2731 1870 2809 Εἰρήνης

209 2825 592 2901 ἐϐασίλευσεν,
646 2827 771 2898 ἣτις
827 2826 919 2882 καὶ
969 2828 1035 2882 τὸ
1093 2824 1197 2880 ὑπὸ
1278 2827 1375 2879 τοῦ
1431 2820 1623 2900 ἀνδρὸς
1700 2822 1870 2893 αὐτῆς

209 2918 374 2993 ἆρθὶν
452 2917 676 2990 στᾶμμα
750 2913 917 2971 πάλιν
994 2918 1064 2989 τῇ
1140 2910 1408 2984 ἐκκλησίᾳ
1508 2912 1872 2986 προσήνεγκεν

210 3005 711 3064 ἔπικαλλωπίσασα
751 3001 843 3061 διά
901 3006 1267 3080 μαργαριτῶν.
1321 3001 1438 3079 Ἐφ’
1493 3002 1566 3055 ὧν
1616 3019 1869 3076 χειροτο-

208 3103 382 3153 νεῖται
460 3096 818 3171 πατριάρχης
892 3093 1167 3168 Ταράσιος
1243 3092 1270 3148 6
1344 3090 1450 3147 ἀπὸ
1516 3090 1866 3166 ἀσηκρητῶν,

209 3188 410 3263 Γὲγονε
440 3182 500 3241 ὂὶ
530 3184 622 3241 καὶ
653 3187 690 3254 ἡ
722 3178 937 3258 ἑϐδόμη
988 3179 1213 3244 σύνοδος
1254 3186 1362 3237 τῶν
1408 3181 1489 3236 τν’
1538 3179 1707 3257 ἁγίων
1759 3185 1871 3234 Πα-

209 3278 379 3345 τέρων
412 3273 796 3340 συνελθόντων
828 3271 880 3328 ἐν
928 3269 1132 3342 Νικαίᾳ
1184 3271 1248 3327 τὸ
1287 3268 1534 3345 δεύτερον
1584 3267 1721 3324 κατὰ
1766 3274 1868 3338 τῆς

1994 1937 2181 1992 nimio
2214 1937 2523 2006 insaniret,
2557 1937 2631 1992 ad
2662 1954 2943 1993 coronam
2992 1937 3254 1993 Mauricii
3299 1936 3494 1992 studio
3538 1937 3639 1991 in-

1994 2024 2297 2080 ﬂammato
2330 2031 2533 2096 raptus
2563 2030 2677 2095 est,
2710 2024 3022 2095 ablataque
3054 2026 3126 2081 ab
3171 2024 3424 2080 ecclesia
3472 2040 3640 2080 exor-

1991 2120 2169 2170 natus
2198 2116 2259 2170 in
2281 2115 2588 2187 publicum
2618 2115 2857 2188 prodiit.
2893 2116 3040 2171 Hinc
3081 2120 3257 2186 caput
3303 2115 3466 2171 illius
3510 2131 3641 2171 car—

1990 2205 2388 2264 bunculorum
2416 2206 2939 2261 vehementissimo
2979 2204 3185 2260 morbo
3220 2204 3459 2269 exarsit,
3512 2203 3635 2275 ipse

1988 2295 2362 2354 rabidissime
2376 2295 2623 2351 haerenti
2636 2293 2787 2350 febri
2795 2292 3055 2364 jactatus
3071 2293 3203 2348 vita:
3222 2291 3401 2348 finem
3416 2292 3634 2363 posuit,

1988 2385 2286 2458 sacrilegii
2315 2383 2505 2457 paenis
2538 2383 2883 2457 persolutis.

2059 2474 2237 2530 Leoni
2286 2473 2709 2529 Constantinus
2766 2471 2924 2528 illius
2975 2472 3278 2540 successit,
3325 2472 3632 2543 tenuitque

1985 2563 2303 2635 imperium
2334 2578 2526 2617 annos
2558 2561 3004 2633 septemdecim.
3037 2560 3153 2615 Sub
3177 2577 3245 2616 eo
3271 2575 3422 2615 veras
3452 2561 3634 2630 pieta-

1984 2652 2060 2707 tis
2088 2651 2363 2725 dogmata
2393 2651 2690 2707 radicibus
2721 2650 2869 2705 actis
2900 2648 3210 2722 propagari
3268 2647 3629 2719 verbumque

1984 2741 2085 2795 Dei
2146 2740 2337 2795 laxius
2394 2740 2889 2808 numerosiusque
2947 2736 3183 2793 dilatari
3240 2737 3434 2809 coepit.
3483 2738 3629 2792 Cum

1986 2836 2171 2886 matre
2188 2831 2357 2885 [rene
2379 2828 2697 2900 imperium
2719 2826 3169 2883 administravit.
3199 2827 3301 2885 58
3343 2828 3424 2881 Ea
3462 2843 3629 2882 coro-

1981 2935 2119 2975 nam
2136 2935 2171 2975 a
2184 2918 2395 2974 marito
2417 2917 2708 2973 sublatam
2721 2916 3047 2971 unionibus
3065 2921 3408 2971 exornatam
3426 2932 3631 2971 rursus

1982 3009 2251 3067 ecclesiae
2284 3007 2562 3063 restituit.
2598 3005 2716 3061 Sub
2750 3006 2842 3061 his
2874 3006 3148 3062 Tarasius
3186 3024 3221 3063 a
3250 3006 3494 3062 secretis
3532 3021 3631 3078 pa-

1982 3097 2240 3154 triarcha
2264 3096 2520 3168 eligitur,
2554 3101 2613 3150 et
2642 3096 2896 3166 septima
2915 3099 3317 3152 trecentorum
3335 3095 3631 3167 quinqua-

1981 3187 2144 3257 ginta
2173 3191 2515 3242 sanctorum
2544 3186 2787 3240 Patrum
2817 3184 2974 3255 apud
3002 3184 3258 3240 Nicaeam
3298 3183 3626 3240 secundum

1982 3280 2467 3349 congregatorum
2501 3273 2783 3346 synodus,
2815 3273 3096 3329 adversus
3134 3273 3389 3344 primam
3418 3278 3626 3329 contra

206 3336 407 3441 πρώην
464 3336 724 3438 άθέσνμως
784 3336 1255 3436 συναθροισθείσης
1314 3336 1463 3434 παρά
1528 3336 1868 3413 Κωνσταντί-

1996 3381 2066 3419 us
2122 3364 2327 3435 fasque
2358 3379 2392 3418 a
2420 3362 2806 3418 Constantino
2856 3362 2919 3416 in
2962 3360 3385 3417 contumeliam
3437 3359 3619 3417 aboli-

209 3477 304 3510 νου
341 3454 431 3530 ἐφ’
462 3447 620 3529 ὕϐρει
679 3451 771 3507 καὶ
821 3454 1171 3525 καταστροφῇ
1218 3453 1326 3504 τῶν
1387 3447 1557 3522 ἁγίων
1615 3446 1867 3507 εἰκόνων.

209 3542 707 3617 ’Δναθεματίσασα,
755 3537 815 3596 δὲ
866 3540 995 3601 τοὺς
1049 3536 1252 3608 ταύτης
1320 3534 1605 3612 ἐξάρχους,
1662 3537 1764 3606 τήν
1809 3554 1869 3590 τε

210 3637 318 3688 τῶν
366 3635 581 3688 σεπτῶν
661 3629 884 3685 εἰκόνων
962 3625 1195 3702 ἀρχαίαν
1271 3621 1723 3701 παραδεδομένην
1796 3626 1866 3697 τῇ

211 3720 518 3793 ’ἑαλησίᾳ
567 3720 739 3792 τιμὴν
796 3716 1160 3783 άνανεώσασα,
1219 3712 1386 3791 ὥρισε
1464 3711 1864 3788 παραπλησίως

214 3815 382 3867 ταῦτα
408 3816 494 3883 τῷ
534 3812 752 3881 σταυρῷ
807 3806 1244 3881 προσκυνεῖσθαι.
1304 3804 1366 3861 Ὀ
1416 3800 1474 3858 δὶ
1532 3803 1868 3860 Κωνσταντῖ-

216 3921 301 3963 νος
344 3900 487 3957 κατᾶ
544 3891 799 3974 ’Δράϐων
858 3893 1085 3966 ἐξεΛθὼν
1142 3892 1232 3949 καί
1291 3888 1631 3967 ὕποστρίψας
1686 3888 1740 3946 ἂν
1787 3893 1868 3963 τῷ

217 3990 468 4063 παλατίῳ
544 3984 837 4062 κρατηθεὶς
912 3983 1058 4058 παρά
1127 3986 1237 4039 τῶν
1344 3980 1677 4058 μεγιστάνων
1770 4000 1865 4035 τυ-

217 4080 444 4158 ρλοῦται
528 4075 709 4152 βουλῇ
783 4080 885 4144 τῆς
959 4073 1127 4128 αὐτοῦ
1186 4072 1393 4145 μητρὸς
1440 4070 1700 4145 Εἰρήνης,
1740 4066 1866 4138 ἥτις

221 4156 349 4242 μετὰ
371 4171 549 4225 ταῦτα
580 4164 844 4239 ἐκράτησε
869 4169 972 4231 τῆς
1006 4158 1288 4236 βασιλείας
1315 4156 1410 4230 ἔτη
1444 4160 1504 4216 ε’.

282 4259 433 4315 Μετᾶ
494 4252 553 4310 δὶ
620 4252 865 4326 Εἰρήνην
919 4245 1235 4305 ἐϐασίλευσε
1299 4241 1617 4325 Νικηφόρος
1674 4248 1702 4302 6
1759 4244 1867 4301 ἀπὸ

218 4350 439 4425 γενικῶν
471 4341 570 4416 ἔτη
601 4343 678 4414 η’·
711 4339 899 4414 ἔστεψε
924 4335 985 4394 δὲ
1039 4337 1131 4393 καί
1179 4336 1272 4392 τὸν
1308 4336 1423 4391 υἱὸν
1474 4335 1640 4392 αὐτοῦ
1690 4342 1863 4390 Σταυ-

221 4422 414 4509 ράκιον.
497 4431 617 4509 Ἐφ’
696 4428 761 4485 οὗ
841 4424 1114 4500 Ταρασίου
1186 4422 1615 4496 τελευτήσαντος
1689 4424 1869 4495 Νικη-

222 4525 373 4601 stipo;
423 4523 455 4577 6
515 4519 829 4593 άγιώτατος
885 4517 1308 4601 χειροτονεῖται.
1366 4512 1429 4568 '0
1487 4509 1544 4568 δὲ
1607 4510 1861 4587 βασιλεὺς

1973 3452 2315 3524 tionemque
2339 3466 2639 3507 sacrarum
2664 3450 2990 3523 imaginum
3008 3457 3273 3506 coactam
3296 3449 3611 3515 celebrata,

1972 3541 2132 3597 illius
2154 3545 2425 3597 auctores
2455 3540 2833 3597 anathemate
2862 3540 3044 3605 feriit,
3064 3545 3123 3593 et
3142 3539 3612 3594 venerandarum

1972 3630 2298 3702 imaginum
2330 3630 2574 3701 antiquo
2605 3630 2880 3701 avitoque
2910 3629 3137 3684 honore
3169 3629 3228 3681 in
3252 3627 3515 3682 Ecclesia
3538 3644 3620 3681 re-

1972 3719 2306 3787 stituto,eas
2317 3718 2570 3789 quemad
2582 3717 2820 3773 modum
2842 3723 2900 3771 et
2915 3732 3148 3772 crucem
3164 3714 3397 3771 adorari
3421 3713 3617 3769 decre-

1972 3809 2072 3865 vit.
2103 3807 2525 3863 Constantinus
2557 3823 2734 3878 porro
2768 3823 2899 3861 cum
2925 3805 2989 3860 in
3021 3804 3243 3859 Arabas
3293 3803 3618 3859 exercitum

1972 3896 2261 3963 duxisset,
2293 3911 2595 3968 regressus
2626 3893 2687 3948 in
2718 3893 3028 3965 palatium,
3052 3910 3086 3948 a
3115 3891 3467 3964 primatibus
3488 3908 3622 3946 con-

1973 3984 2104 4041 silio
2135 3983 2342 4040 matris
2372 3985 2573 4039 [renes
2604 3981 2790 4038 oculis
2814 3982 3118 4053 privatur;
3152 3996 3282 4050 qum
3314 3985 3447 4052 post
3485 3995 3620 4035 eum

1973 4072 2290 4144 imperium
2333 4071 2525 4127 tenuit
2553 4085 2741 4126 annos
2772 4070 3056 4141 quinque.

2044 4253 2185 4306 Post
2203 4251 2434 4305 Irenem
2459 4249 2771 4321 imperavit
2789 4248 3151 4320 Nicephorus
3174 4264 3243 4302 ex
3264 4247 3489 4319 genicis
3509 4264 3619 4301 an-

1974 4355 2084 4395 nos
2133 4344 2305 4394 octo:
2360 4339 2409 4393 is
2450 4336 2819 4393 Stauracium
2871 4337 3060 4393 ﬁlium
3111 4337 3433 4394 coronavit.
3478 4336 3621 4407 Ejus

1974 4428 2224 4500 imperio
2257 4426 2494 4483 Tarasio
2525 4426 2642 4482 vita
2670 4425 2872 4481 functo
2904 4425 3315 4481 sanctissimus
3331 4424 3619 4496 Nicepho-

1973 4533 2076 4572 rus
2106 4516 2363 4589 eligitur.
2397 4517 2728 4588 Imperator
2765 4531 2800 4570 a
2828 4515 3114 4584 Bulgaris,
3160 4513 3440 4570 adversus
3472 4530 3621 4586 quos

226 4580 529 4690 ᾗικηφόρος
565 4580 726 4663 ’κατᾶ
784 4580 1131 4678 Βουυλγάρων
1189 4600 1573 4678 ἐκστρατεύσας
1608 4580 1718 4654 ¹ὑπ’
1767 4599 1863 4654 αύ-

1993 4605 2220 4661 luxerat
2248 4604 2599 4673 exercitum,
2634 4603 3042 4659 obtruncatur.

224 4708 314 4757 τῶν
339 4706 660 4773 ἀναιρεῖται.

289 4792 434 4850 Μετὰ
492 4787 551 4845 δὶ
607 4785 926 4867 Νικηφόρον
985 4780 1301 4841 ἐϐασίλευσε
1354 4782 1688 4857 Σταυράκιος
1747 4781 1863 4843 υἱὸς

230 4879 374 4935 αύτοῦ
404 4877 528 4940 ἔτος
557 4878 604 4933 α’
632 4878 726 4932 καὶ
762 4877 937 4949 μῆνας
971 4874 1045 4949 β’.

290 4967 434 5025 Μετὰ
492 4964 553 5022 δὶ
607 4952 944 5037 Σταυράκιον
998 4956 1344 5018 ἐϐασίλευσεν
1400 4961 1428 5015 6
1487 4952 1864 5019 εὐσεϐέστατος

227 5054 453 5131 Μιχαὴλ
482 5053 575 5109 καὶ
605 5046 856 5130 γαμϐρὸς
878 5051 1067 5123 αὐτοῦ,
1122 5051 1168 5122 ᾧ
1215 5042 1483 5125 Ῥαγγαϐὶ
1526 5048 1595 5117 ἦν
1624 5048 1660 5117 ἡ
1695 5066 1865 5121 προσ-

224 5145 431 5222 ηγορία,
481 5140 605 5205 ἔτος
634 5148 682 5196 α’
710 5139 801 5197 καὶ
863 5145 1036 5213 μῆνας
1095 5140 1165 5206 θ’,
1226 5138 1470 5217 περθεῖς
1522 5137 1625 5192 ὑπὸ
1685 5139 1859 5205 Νικη-

228 5235 392 5309 ρὸρου
419 5253 563 5307 πατρ
574 5231 800 5309 ιάρχου.

290 5324 436 5381 Πετᾶ
461 5320 521 5378 δὶ
550 5317 786 5397 Μιχαὴλ
828 5312 1147 5373 ἐϐασίλευσε
1205 5316 1357 5372 Λέων
1409 5316 1437 5371 6
1490 5316 1801 5392 Ἀρμένιος,
1834 5316 1862 5369 6

231 5412 316 5465 καὶ
341 5407 655 5485 παραϐάτης
682 5408 925 5485 γεγονὼς
978 5405 1201 5481 ὕστερον
1251 5399 1346 5475 ἔτη
1383 5405 1423 5474 ζ’
1452 5403 1542 5459 καὶ
1596 5410 1772 5476 μῆνας
1805 5409 1862 5475 ε’,

242 5501 459 5571 στεφθεὶς
516 5499 622 5556 ὑπὸ
699 5495 1023 5574 Νικηφόρου
1100 5495 1470 5570 πατριάρχου,
1558 5487 1863 5567 βεϐαιώσας

240 5588 482 5662 πρότερον
511 5586 795 5664 ἰγγράιρως
835 5583 961 5660 περί
1006 5586 1110 5649 τῆς
1156 5584 1349 5638 ἑαυτοῦ
1408 5578 1746 5657 ὀρθοδοξίας,
1799 5582 1864 5651 ἦν

243 5674 436 5754 ὕστερον
466 5677 732 5748 ἀθετήσας
768 5675 859 5731 καὶ
908 5672 1044 5728 κατὰ
1094 5676 1203 5729 τῶν
1246 5672 1417 5748 ἁγίων
1457 5669 1681 5726 εἰκόνων
1737 5668 1865 5749 λυτ-

2044 4784 2181 4837 Post
2242 4783 2634 4855 Nicephorum
2695 4784 3033 4839 Stauracius
3085 4783 3241 4839 illius
3303 4783 3621 4854 imperium

1970 4871 2127 4927 rexit
2155 4887 2378 4928 annum
2411 4889 2599 4928 unum
2631 4878 2691 4927 et
2721 4889 2958 4929 menses
2987 4872 3155 4929 duos.

2043 4962 2349 5017 Stauracio
2381 4962 2668 5017 successit
2695 4960 3000 5033 piissimus
3031 4961 3277 5016 Michael
3307 4959 3616 5030 Nicephori

1970 5068 2171 5125 gener,
2233 5057 2626 5126 cognomento
2686 5052 2979 5124 Raugabe.
3038 5051 3353 5123 Imperavit
3398 5065 3617 5104 annum

1972 5158 2156 5197 unum
2191 5159 2426 5197 menses
2454 5158 2685 5208 novem,
2722 5159 2753 5195 ιι
2783 5141 3109 5211 Nicephoro
3161 5138 3495 5210 patriarcha
3528 5154 3619 5192 co—

1971 5237 2237 5286 ronatus.

2043 5318 2383 5374 Michaelem
2401 5323 2639 5372 secutus
2666 5323 2753 5371 est
2787 5318 2897 5370 Leo
2924 5315 3262 5380 Armenius,
3294 5314 3396 5386 qui
3420 5321 3625 5385 postea

1972 5405 2296 5478 perduellis
2328 5406 2475 5471 fuit;
2530 5404 2838 5475 imperavit
2877 5419 3065 5458 annos
3114 5409 3340 5474 septem
3385 5419 3623 5458 menses

1972 5495 2257 5566 quinque.
2290 5494 2621 5550 Coronatur
2669 5508 2702 5546 a
2757 5491 3083 5561 Nicephoro
3131 5491 3488 5563 patriarcha,
3521 5495 3623 5550 ει

1973 5598 2108 5639 cum
2140 5582 2305 5653 prius
2339 5581 2559 5652 scripto
2592 5584 2811 5635 rectam
2837 5580 2910 5635 de
2944 5581 3057 5635 fide
3088 5582 3449 5638 sententiam
3481 5599 3621 5639 con-

1975 5673 2304 5738 firmasset;
2338 5686 2515 5742 quam
2551 5670 2927 5742 postmodum
2961 5671 3217 5741 violavit,
3253 5678 3311 5728 et
3339 5670 3620 5728 adversus
