4034 6202
395 341 509 416 275

1949 326 2234 420 JOELlS.

3677 327 3783 390 2’16

397 477 688 550 imagines
719 474 804 530 vir
861 467 1419 529 contnmacissimus
1471 463 1676 521 rabide
1727 463 2052 520 desaeviens

2181 462 2326 544 ζήσας
2368 461 2397 514 ὁ
2455 455 2952 550 παμϐἐϐηλοςψτόν
3004 480 3063 516 τε
3117 459 3422 536 ἁγιώτατον
3478 459 3783 540 Νικηφόρον

399 566 841 624 sanctissimum
869 559 1267 632 Nicephorum
1298 556 1490 614 solum
1511 553 1960 625 verterejussit,
1993 559 2052 609 et

397 658 686 731 plurimos
715 653 862 710 alios
892 667 1041 707 verae
1073 647 1310 721 pietatis
1337 646 1674 704 adsertores
1716 643 2050 700 innumeris

400 747 576 805 malis
605 742 836 800 afﬂixit.
869 740 984 798 Sed
1015 738 1213 795 divino
1247 736 1490 794 tandem
1541 733 1770 808 judicio
1823 750 2049 807 pmnas,

403 853 549 910 quas
580 832 818 893 meruit.
850 828 1053 898 dedit;
1098 827 1225 902 ipso
1271 825 1432 883 enim
1484 822 1812 880 Nativitatis
1861 822 2051 878 nostri

401 922 729 982 Servatoris
757 920 852 976 die
874 920 939 976 in
962 921 1186 990 templo
1202 915 1534 986 discerptus
1556 912 1617 968 in
1640 911 1910 968 membra
1938 911 2053 968 im-

402 1016 564 1088 piam
589 1029 658 1069 ac
689 1011 971 1068 miseram
1001 1008 1262 1065 animam
1293 1003 1614 1062 exhalavit.

471 1106 614 1161 Post
632 1103 794 1158 hunc
811 1097 1059 1155 Michael
1073 1101 1412 1154 Amorrmus
1431 1092 1900 1164 regnavitanuos
1919 1095 2052 1146 octo

403 1201 462 1250 et
490 1207 726 1249 menses
755 1203 992 1246 novem.
1027 1185 1242 1242 Filium
1285 1181 1679 1256 Theophilum
1727 1180 2050 1238 coronavit.

403 1281 666 1340 Tandem
693 1279 883 1335 urina:
914 1273 1363 1332 difﬁcultatibus
1394 1287 1724 1344 renumque
1747 1269 2052 1326 doloribus

407 1371 601 1428 malus
625 1369 780 1426 male
813 1367 1009 1441 periit.
1035 1364 1127 1420 Illi
1146 1364 1208 1420 in
1231 1363 1480 1436 imperio
1507 1375 1845 1418 successere
1873 1361 2053 1428 Theo-

405 1461 600 1533 philus
633 1458 788 1514 filius
819 1471 953 1512 cum
984 1459 1176 1510 matre
1206 1452 1616 1524 Euphrosyna.

480 1639 621 1693 Post
648 1633 992 1692 Michaelem
1023 1631 1342 1704 imperium
1388 1628 1826 1685 administravit
1869 1627 2053 1684 Theo-

411 1726 610 1800 philus
641 1725 820 1794 lllius,
853 1739 1040 1780 novus
1070 1721 1354 1790 Baltasar,
1403 1720 1465 1775 in
1512 1735 1608 1775 res
1651 1733 1850 1774 sacras
1897 1716 2054 1790 inju-

411 1817 605 1872 riosus
663 1831 731 1870 ac
777 1813 1168 1877 facinorosus,
1217 1809 1482 1866 moribus
1529 1806 2052 1880 proﬂigatissimis,

412 1921 604 1963 annos
633 1903 970 1969 duodecim,
1003 1915 1238 1957 menses
1259 1906 1399 1955 tres.
1419 1896 1765 1970 Dysenteria
1780 1896 2054 1952 excessit.

410 1997 594 2052 Mater
616 1995 747 2066 ejus
772 1993 1163 2064 Euphrosyna
1210 1993 1418 2061 sponte
1464 1986 1684 2060 palatio
1733 1985 1950 2042 cedens
1995 1985 2058 2040 in

411 2081 840 2142 monasterium
872 2079 1199 2153 proprium,
1235 2076 1394 2150 quod
1424 2077 1653 2133 Gastria
1681 2074 2062 2149 cognomina-

414 2179 539 2232 tum
571 2188 702 2230 sese
731 2170 996 2242 recepit;
1029 2168 1110 2224 ibi
1143 2167 1328 2239 quieti
1357 2182 1601 2239 operam
1627 2165 1824 2222 dabat.
1867 2165 2062 2236 Impe-

415 2268 580 2320 rator
597 2259 944 2317 Michaelem
958 2258 1148 2314 ﬁlium
1171 2257 1233 2312 in
1253 2257 1460 2330 Magna
1481 2255 1736 2312 ecclesia
1751 2255 2063 2327 imperato-

422 2370 551 2411 rem
578 2357 842 2407 coronat.
881 2352 1107 2416 Verum,
1137 2354 1202 2403 ut
1257 2347 1480 2404 dictum
1529 2352 1640 2414 est,
1688 2344 2062 2417 dysenterico

417 2441 625 2500 morbo
649 2439 802 2498 male
833 2455 902 2495 ac
921 2435 1341 2494 miserabiliter
1361 2433 1867 2506 exstincti.infelix
1886 2431 2066 2490 cada-

417 2547 520 2588 ver
549 2531 612 2588 in
642 2528 933 2601 templum
963 2527 1316 2584 Sanctorum
1355 2523 1775 2596 Apostolorum
1803 2522 2066 2579 delatum

421 2626 532 2677 est.

489 2714 632 2767 Post
649 2706 1040 2780 Theophilum
1060 2705 1372 2778 imperavit
1391 2703 1634 2760 Michael
1655 2703 1816 2760 ﬁlius
1846 2702 2068 2774 Methy-

424 2807 566 2870 stes,
597 2799 710 2856 hoc
735 2804 825 2855 est
853 2795 1240 2866 temulentus,
1273 2793 1488 2864 dictus,
1507 2810 1642 2850 cum
1663 2798 1852 2850 matre
1881 2793 2069 2848 Theo-

426 2892 570 2948 dora
617 2905 809 2946 annos
867 2885 1338 2959 quatuordecim,
1397 2883 1555 2940 solus
1603 2899 1792 2939 annos
1840 2881 2069 2950 decem,

427 2995 562 3036 cum
583 2979 683 3036 55
713 2975 928 3032 Basilio
959 2991 1184 3031 annum
1205 2987 1391 3029 unum
1415 2988 1652 3028 menses
1670 2976 1940 3042 quatuor.
1966 2971 2070 3025 llic

428 3067 661 3142 paterni
693 3063 1126 3136 imperiihaares
1181 3068 1430 3134 paterna
1474 3077 1662 3132 eaque
1711 3057 2072 3116 exsecranda

429 3155 643 3213 hmresi
669 3153 741 3208 de
773 3151 966 3208 medio
997 3149 1250 3219 sublata,
1267 3150 1394 3220 jam
1416 3165 1568 3204 asuo
1587 3147 1880 3220 principio
1911 3147 2072 3219 piam

432 3247 775 3312 rectamque
807 3239 990 3296 fidem
1018 3237 1375 3310 promulgat,
1419 3243 1808 3306 sanctumque
1849 3234 2070 3292 Metho-

436 3333 600 3388 dium
641 3328 1038 3402 patriarcham
1087 3326 1380 3398 designat.
1435 3326 1491 3380 Is
1537 3341 1674 3382 cum
1722 3324 1784 3380 in
1827 3325 2079 3382 Domino

437 3419 853 3484 obdormisset,
873 3415 1005 3474 loco
1037 3415 1195 3471 illius
1225 3415 1486 3487 Ignatius
1508 3413 1808 3472 Michaelis
1829 3430 2082 3486 europa-

441 3512 571 3567 ιαιω
611 3507 772 3566 illius
802 3505 1116 3562 sufﬁcitur.
1149 3503 1325 3560 Illum
1357 3503 1576 3559 Bardas
1606 3504 1822 3570 Cassar,
1845 3519 1980 3560 cum
2009 3503 2082 3560 ab

443 3617 513 3658 eo
545 3597 618 3655 ob
649 3595 861 3662 scelus,
893 3594 958 3650 in
985 3592 1148 3666 quod
1177 3592 1644 3665 provolvebatur,
1682 3591 2086 3664 reprehende-

443 3693 626 3751 retur,
656 3686 711 3741 vi
741 3686 814 3741 ab
840 3682 1089 3739 ecclesia
1117 3681 1312 3753 ejecit.
1345 3683 1486 3750 Ejus
1515 3681 1576 3736 in
1603 3679 1804 3737 locum
1831 3679 2084 3752 patriar-

445 3778 616 3835 cham
645 3774 923 3831 Photium
954 3770 1277 3828 substituit.
1313 3769 1563 3826 Michael
1591 3786 1726 3825 vero
1741 3769 1916 3842 jussu
1935 3769 2088 3824 Basi-

443 3867 510 3924 lii
540 3864 852 3923 occiditur.

515 3955 772 4014 Basilius
796 3951 1053 4016 Macedo,
1073 3954 1467 4022 cognomento
1487 3947 1796 4022 Cephalas,
1827 3965 1965 4006 cum
1985 3949 2087 4006 Mi-

449 4046 652 4104 chaele
683 4042 1001 4116 imperium
1031 4041 1182 4096 rexit
1203 4055 1429 4096 annum
1458 4055 1648 4096 unum
1675 4055 1914 4096 menses
1944 4053 2089 4110 quae

449 4142 604 4202 tuor,
635 4132 798 4189 solus
823 4146 1016 4188 annos
1044 4127 1470 4184 novemdecim.
1495 4129 1726 4193 Photio,
1750 4128 1908 4200 quod
1925 4127 1997 4184 ab
2019 4144 2087 4182 eo

449 4229 692 4297 propter
720 4219 1020 4277 Michaelis
1051 4217 1272 4276 easdem
1304 4217 1860 4290 reprehenderetur,
1899 4216 2090 4289 pulso,

450 4319 722 4370 sanctum
751 4311 1041 4383 Ignatium
1071 4306 1332 4364 secundo
1361 4307 1759 4379 patriarcham
1803 4305 2090 4378 designat.

449 4402 910 4475 Ignatiomortuo
920 4413 1126 4454 rursus
1138 4396 1960 4454 sulﬁciturPhotius.Tandem
1973 4411 2104 4452 cum

454 4493 599 4547 isset
626 4492 925 4554 venatum,
958 4487 1282 4544 immanem
1313 4502 1546 4544 cervam
1565 4485 1837 4543 alicunde
1853 4485 2092 4541 venien-

454 4584 571 4634 tem
596 4573 1083 4648 persequebatur.
1105 4574 1213 4630 Illa
1231 4590 1514 4630 conversa
1532 4575 1944 4646 imperatorem
1961 4589 2095 4628 cor-
2123 4559 2170 4626 Β

455 4666 630 4724 nibus
661 4661 924 4718 medium
954 4667 1253 4732 arreptum
1285 4662 1357 4717 de
1388 4679 1540 4733 equo
1562 4663 1816 4735 projicit.
1848 4662 2092 4719 Interim

456 4754 699 4830 quidam
731 4765 1049 4808 occurrens
1089 4765 1254 4819 ense,
1283 4751 1520 4822 cingulo
1535 4758 1816 4824 perrupto
1837 4754 2094 4825 impera-

457 4855 646 4906 torem
677 4841 940 4918 periculo
960 4839 1193 4897 liberat.
1228 4841 1440 4896 Verum
1463 4857 1533 4897 ex
1550 4841 1655 4900 illa
1674 4858 1857 4900 cervae
1879 4843 2096 4899 lacera-

455 4939 620 4994 tione
649 4935 712 4990 in
742 4927 1154 5004 aegritudinem
1183 4927 1453 4986 incidens
1481 4929 1662 4985 vitam
1700 4929 1849 4997 finit,
1901 4930 2094 4986 Leone

457 5034 516 5086 et
542 5027 724 5084 fratre
750 5017 1084 5080 Alexandro
1115 5017 1574 5090 imperatoribus
1611 5018 1951 5089 propositis.

529 5211 640 5267 Leo
671 5202 983 5279 imperavit
1003 5216 1186 5257 annos
1217 5199 1420 5273 viginti
1451 5199 1714 5272 quinque
1756 5205 1813 5255 et
1858 5216 2096 5258 menses

460 5306 612 5356 octo.
645 5296 977 5368 Stephanus
1005 5291 1170 5348 illius
1195 5291 1396 5357 frater,
1416 5289 1769 5348 clericorum
1801 5290 2098 5364 syncello-

461 5402 714 5456 rumque
745 5384 878 5440 albo
897 5383 1209 5453 ascriptus.
1233 5379 1390 5453 apud
1412 5381 1809 5454 patriarcham
1821 5381 2098 5438 Photium

464 5472 824 5528 educabatur
853 5477 912 5526 et
965 5469 1228 5526 scientiis
1275 5469 1677 5529 erudiebatur.
1728 5470 1841 5528 Sed
1887 5471 2098 5528 Photio

467 5559 784 5617 nonnullas
805 5560 878 5614 ob
900 5575 1110 5615 causas
1133 5561 1235 5616 ὅθ
1252 5559 1402 5616 solio
1421 5561 1613 5634 ejecta
1635 5561 1961 5634 imperator
1981 5561 2100 5618 Ste-

465 5649 730 5722 phanum
761 5648 1004 5703 fratrem
1025 5648 1422 5720 patriarcham
1445 5656 1625 5708 creat.
1649 5655 1773 5718 Quo
1797 5651 2097 5724 defuncto,

2156 548 2380 627 ἐξώρισε
2405 547 2497 606 καὶ
2527 547 2773 612 πολλοὺς
2805 545 3012 614 ἄλλους
3041 553 3150 606 τῶν
3198 555 3300 620 τῆς
3340 545 3611 612 εὐσεϐείας
3649 569 3785 626 προ·-

2159 639 2359 718 μάχων
2411 638 2633 714 μυρίοις
2681 634 2884 700 δεινοῖς
2939 631 3280 714 περιέϐαλεν.
3327 637 3426 696 Ὃν
3455 637 3493 708 ἡ
3525 637 3644 702 θεία
3670 633 3786 713 δίκη

2161 728 2399 802 μετῆλθε
2445 727 2581 784 κατὰ
2634 729 2736 798 τῆς
2781 727 2976 802 ἑορτήν
3025 731 3134 784 τῶν
3189 723 3482 792 Γενεθλίων
3525 731 3622 784 τοῦ
3679 734 3788 783 Σω-

2160 820 2328 893 τῆρος
2374 820 2535 892 ἡμῶν
2595 811 2744 872 ἔνδον
2799 820 2899 874 τοῦ
2934 817 3065 872 ναοῦ
3117 813 3356 890 μεληδὸν
3407 816 3790 891 κατακοπέντα,

2160 909 2251 964 καὶ
2327 909 2474 965 οὕτω
2547 909 2647 980 τήν
2721 905 2938 964 ἀνόσιον
3013 905 3176 966 αὐτοῦ
3249 907 3340 964 καὶ
3386 906 3578 966 ἀθλίαν
3616 908 3790 986 ψυχὴν

2160 996 2374 1074 ἂποῤῥή
2384 999 2563 1070 ξαντα.

2232 1088 2381 1145 Μετὰ
2413 1083 2472 1143 δὲ
2508 1091 2674 1144 ταῦτα
2731 1082 3045 1144 ἐϐασίλευσε
3101 1087 3331 1164 Μιχαὴλ
3381 1088 3410 1144 ὁ
3469 1087 3790 1167 ’Δμορῥαῖος

2157 1173 2250 1249 ἔτη
2281 1175 2446 1250 η’καῖ
2499 1183 2675 1251 μῆνας
2721 1178 2787 1232 θ’⁶
2833 1173 3021 1252 ἔστεφε
3075 1174 3136 1233 δὲ
3187 1177 3278 1234 καὶ
3329 1177 3422 1233 τὸν
3473 1177 3590 1232 υίὸν
3637 1175 3794 1234 αὐτοῦ

2157 1267 2447 1344 θεόφιλονο
2481 1268 2542 1331 ὅς
2573 1268 2632 1331 ὃς
2683 1267 2906 1344 ὕστερον
2962 1267 3022 1325 ἐκ
3071 1265 3356 1344 δυσουρίας
3406 1268 3499 1325 καὶ
3539 1275 3640 1340 τῆς
3689 1273 3790 1325 ⁶τῶν

2157 1363 2364 1436 νεφρῶν
2437 1355 2744 1434 ἀλγηδόνος
2815 1362 3000 1422 κακῶς
3091 1356 3394 1438 ἀπηλλάγη
3484 1362 3582 1415 τοῦ
3673 1362 3791 1434 ζῇν.

2159 1449 2332 1524 Ἔσχε
2372 1444 2430 1503 δὶ
2499 1448 2600 1517 τήν
2673 1447 2850 1524 ἀρχὴν
2927 1446 3037 1504 ἄντ’
3077 1446 3243 1504 αὐτοῦ
3316 1446 3582 1516 Θεόφιλος
3619 1447 3646 1504 ὁ
3684 1447 3795 1512 υίὸς

2160 1537 2325 1593 αὐτοῦ
2359 1539 2494 1611 μετὰ
2524 1543 2622 1607 τῆς
2657 1537 2868 1612 μητρὸς
2898 1537 3067 1593 αὐτοῦ
3099 1535 3476 1615 Εὖφροσύνης.

2229 1627 2377 1684 Μετᾶ
2432 1627 2524 1685 οὗν
2584 1625 2816 1704 Μιχαὴλ
2888 1621 3202 1684 ἐϐασίλευσε
3286 1625 3554 1708 Θεόφιλος
3609 1629 3640 1684 ὁ
3688 1628 3800 1692 υἱὸς
3843 1635 3853 1644 ⁸

2160 1717 2350 1786 αὐτοῦ,
2393 1717 2422 1773 ὁ
2479 1715 2601 1781 νέος
2655 1715 2958 1794 Βαλτάσαρ,
3013 1721 3123 1774 τῶν
3180 1715 3353 1796 ἁγίων
3414 1712 3674 1794 ὑϐριστὴς
3711 1719 3799 1774 καὶ

2157 1803 2484 1878 καθαιρέτης
2508 1803 2598 1862 καὶ
2657 1803 2924 1882 βέϐηλος,
2969 1803 3064 1878 ἔτη
3118 1806 3188 1884 ιβ’
3234 1805 3327 1862 καὶ
3385 1813 3562 1884 μῆνας
3617 1808 3667 1884 γ’
3711 1807 3801 1862 καὶ

2161 1893 2386 1952 ἀπέθανε
2416 1892 2822 1973 δυσεντερικῶς.
2871 1896 2936 1956 Ἦ
2991 1892 3050 1952 δὶ
3103 1897 3301 1952 τούτου
3355 1883 3540 1972 μήτηρ
3589 1883 3800 1972 Eappa-

2161 1985 2318 2058 σύνη,
2349 1985 2611 2048 ἱκουσίως
2640 1987 2976 2046 κατελθοῦσα
3004 1989 3101 2044 τοῦ
3124 1985 3394 2046 παλατίου
3425 1985 3490 2066 ’ἐν
3539 1991 3609 2064 τῇ
3659 1989 3801 2064 μονῇ

2164 2077 2360 2149 αὐτῆς,
2509 2075 2796 2150 ἱπώνυμον
2844 2074 2916 2134 τὰ
2969 2078 3226 2152 Γάστρια,
3282 2077 3581 2154 ἡσύχαζεν.
3634 2077 3800 2142 Δῦτὸς

2166 2164 2225 2222 δὲ
2264 2166 2444 2247 στέφει
2499 2167 2590 2222 τὸν
2649 2166 2767 2222 υἱὸν
2832 2166 3002 2223 αὐτοῦ
3053 2164 3292 2244 Μιχαὴλ
3347 2163 3402 2222 ἐν
3447 2169 3519 2241 τῇ
3574 2167 3804 2245 Μεγαλη

2171 2254 2461 2326 ἐκκλησίᾳ,
2514 2257 2578 2310 οὗ
2638 2252 2984 2332 δυσεντερικῇ
3038 2255 3204 2336 νόσῳ,
3261 2257 3336 2320 ὡς
3420 2254 3654 2332 εἴρηται,
3708 2278 3816 2314 zu-

2167 2349 2279 2408 κῶς
2325 2344 2416 2400 καὶ
2467 2342 2673 2408 ἀθλίως
2730 2347 2832 2416 τὴν
2878 2345 3066 2424 ψυχήν
3115 2344 3548 2424 ἀπορῥήξαντος,
3607 2345 3810 2404 ἀπεκο-

2173 2435 2338 2509 μίσθη
2367 2435 2430 2490 τὸ
2479 2431 2742 2506 δύστηνον
2803 2433 2970 2492 αὐτοῦ
3028 2439 3191 2511 σῶμα
3235 2433 3314 2498 είς
3379 2435 3472 2492 τὸν
3517 2436 3642 2494 ναὸν
3702 2441 3815 2494 τῶν

2169 2522 2372 2603 Ἀγίων
2406 2523 2780 2584 Ἀποστόλων.

2245 2705 2396 2763 Μετὰ
2443 2701 2502 2760 δὲ
2547 2703 2810 2780 Θεόφιλον
2859 2699 3176 2762 ἰϐασίλευσε
3226 2705 3458 2780 Μιχαὴλ
3489 2707 3663 2770 όυὶὸς
3717 2709 3821 2764 αύ-

2171 2799 2292 2862 τοῦ,
2343 2795 2372 2850 ὁ
2430 2792 2726 2870 λεγόμενος
2781 2795 3083 2866 Μεθυστής,
3139 2793 3232 2852 σὺν
3285 2799 3355 2868 τῇ
3415 2796 3584 2872 μητρὶ
3649 2795 3821 2852 αὐτοῦ

2176 2881 2431 2960 Θεοδώρᾳ
2465 2882 2561 2954 ’ἐτη
2599 2880 2665 2938 ιδ’
2699 2882 2862 2957 μόνος
2914 2881 2970 2940 δι
3017 2876 3110 2955 ἔτη
3175 2884 3225 2956 ι’,
3275 2883 3367 2940 σύν
3413 2889 3495 2959 τῷ
3541 2884 3822 2962 Βασιλείαν

2180 2971 2237 3029 δὲ
2265 2971 2382 3036 ἔτος
2415 2975 2459 3028 α¹
2489 2973 2579 3030 καὶ
2614 2980 2790 3046 μῆνας
2838 2970 2884 3028 δ’
2932 2973 3012 3041 ὅς.
3062 2974 3164 3044 τήν
3222 2974 3488 3049 πατπῲαν
3535 2974 3822 3051 βασιλείαν

2181 3059 2580 3136 διαδεξάμενος,
2637 3063 2738 3132 τὴν
2791 3063 3052 3138 θεοστυγῆ
3113 3059 3279 3119 αὐτοῦ
3333 3064 3540 3142 αἳρεσιν
3589 3065 3830 3122 ἀποσει-

2183 3151 2439 3225 σάμενος,
2511 3153 2611 3221 τὴν
2685 3148 2916 3208 ἔκπαλαι
2988 3152 3217 3231 θεοφιλῆ
3290 3153 3382 3209 καὶ
3436 3155 3604 3232 ὀρθήν
3640 3155 3833 3212 πίστιν

2182 3239 2476 3314 ἀνεκήρυξε
2515 3239 2608 3296 καὶ
2662 3240 2757 3295 τὸν
2815 3237 2868 3295 ἐν
2927 3240 3102 3317 ἁγίοις
3154 3241 3422 3300 Μεθόδιον
3476 3246 3835 3322 πατριάρχην

2183 3324 2545 3400 προεϐάλετο.
2577 3329 2787 3386 Τούτου
2847 3327 2906 3386 δὶ
2959 3331 3097 3406 πρὸς
3148 3331 3353 3408 Κύριον
3413 3330 3844 3408 ἰκδημήσαντος

2187 3423 2584 3496 χειροτονεῖται
2613 3419 2723 3475 ἀντ’
2752 3419 2922 3476 αὐτοῦ
2962 3421 3221 3498 Ἰγνάτιος
3279 3422 3398 3486 υἱὸς
3449 3421 3686 3498 Μιχαὴλ
3733 3429 3842 3481 τοῦ

2187 3507 2626 3585 κουροπαλάτου,
2659 3508 2717 3566 ’ὸν
2752 3509 2780 3562 ὁ
2823 3512 3030 3585 Καῖσαρ
3080 3507 3313 3586 Βάρδας,
3361 3512 3438 3579 ὡς
3482 3515 3612 3585 παρ’
3655 3513 3842 3570 αὐτοῦ

2189 3600 2558 3674 ἐλεγχόμενος
2577 3595 2667 3656 ἐπί
2695 3618 2802 3654 τινι
2856 3598 3013 3672 μύσει
3064 3603 3193 3675 παρ’
3235 3599 3403 3658 αὐτοῦ
3443 3603 3849 3679 πραττομένῳ,

2193 3689 2286 3766 βίᾳ
2309 3696 2411 3759 τῆς
2437 3687 2732 3760 ἐκκλησίας
2766 3686 3003 3759 ἐξιωσεν·
3035 3687 3150 3745 ἀντ’
3197 3691 3367 3748 αὐτοῦ
3413 3689 3474 3748 δδ
3517 3697 3850 3769 χειροτονεῖ

2189 3777 2540 3856 πατριάρχην
2569 3777 2662 3832 τὸν
2722 3776 2960 3834 Φώτιον.
3018 3777 3075 3832 '0
3129 3774 3188 3834 δὲ
3241 3776 3476 3860 Μιχαὴλ
3532 3783 3857 3856 ἀναιρεῖται

2195 3864 2373 3942 βουλῇ
2405 3864 2713 3926 Βασιλείου⁴

2264 3953 2552 4017 Βασίλειος
2582 3955 2612 4009 ό
2641 3951 2924 4026 Μακεδὼν,
2957 3955 2985 4010 ὁ
3035 3953 3336 4033 λεγόμενος
3387 3958 3661 4040 Regulae,
3712 3955 3869 4018 ἔϐα-

2195 4042 2412 4100 σίλευσε
2445 4044 2579 4118 μετὰ
2609 4044 2842 4119 Μιχαὴλ
2875 4045 2972 4118 μὶν
3005 4042 3124 4108 ἔτος
3163 4046 3213 4101 α’
3264 4047 3356 4103 καὶ
3409 4055 3584 4122 μῆνας
3629 4045 3702 4123 δ’,
3743 4047 3868 4126 μό-

2195 4153 2284 4197 νος
2315 4129 2372 4187 δὲ
2402 4128 2494 4202 ἔτη
2544 4133 2630 4191 ιθ’.
2691 4130 2889 4200 Οὗτος.
2951 4133 3172 4190 Φώτιον
3228 4137 3329 4190 τοῦ
3385 4135 3583 4212 θρόνου
3636 4135 3874 4208 ὲξώσας

2197 4222 2272 4283 ὡς
2306 4220 2590 4298 ἐλεγχθεὶς
2621 4220 2709 4278 ὐπ’
2741 4221 2908 4277 αὐτοῦ
2939 4219 3030 4278 διὰ
3077 4223 3170 4280 τὸν
3216 4227 3316 4280 τοῦ
3361 4224 3593 4302 Μιχαὴλ
3642 4243 3872 4308 φονυν,

2196 4311 2623 4386 προεχειρίσατο
2674 4311 2768 4366 τὸν
2825 4310 2878 4367 ἂν
2939 4312 3120 4386 ἁγίοις
3178 4313 3434 4390 ἰγνάτιον
3487 4317 3872 4394 πατριάρχην

2195 4401 2258 4456 τὸ
2291 4397 2560 4474 δεύτερον.
2592 4398 2804 4457 Τούτου
2835 4396 2893 4455 δὲ
2935 4398 3362 4472 τελευτήσαντος
3409 4401 3574 4460 πάλιν
3624 4407 3883 4473 Φώτιος

2199 4487 2627 4564 προχειρίζεται.
2689 4486 2901 4571 Τοῦτον
2948 4489 3041 4545 τὸν
3100 4488 3326 4566 βασιλέα
3367 4491 3648 4564 ἐξελθόντα
3712 4497 3888 4571 πρὸς

2197 4578 2261 4634 τὸ
2320 4584 2627 4655 κυνηγῆσαι
2684 4576 2775 4632 καὶ
2831 4569 3030 4658 ἔλαφον
3085 4579 3410 4658 παμμεγέθη
3483 4569 3884 4662 ἀναφανεῖσάν

2199 4668 2361 4722 ποθεν
2398 4663 2823 4740 καταδιώκοντα,
2879 4664 3269 4748 ἐπιστραφεῖσα
3314 4669 3415 4746 ἦρε
3462 4675 3652 4730 τοῦτον
3713 4677 3886 4748 μετὰ

2198 4759 2297 4844 τοῦ
2325 4775 2551 4831 κερατος
2578 4755 2747 4827 αὐτῆς
2775 4753 2873 4812 τοῦ
2898 4755 3072 4814 ἵππου
3123 4755 3182 4814 ἐκ
3235 4764 3336 4829 τῆς
3379 4762 3580 4834 ζώνης·
3633 4765 3890 4844 φθάσας

2204 4843 2261 4901 δέ
2287 4867 2371 4908 τις
2400 4846 2489 4900 καὶ
2523 4845 2697 4920 σπάθῃ
2747 4846 2849 4915 τήν
2910 4847 3086 4918 ζώνην
3147 4847 3378 4924 ἐκκόψας
3429 4849 3698 4928 ἒρῥύσατο
3759 4855 3897 4911 αὖ-

2200 4937 2312 4994 τόν.
2347 4941 2438 4996 Ἐκ
2471 4942 2567 4995 τοῦ
2605 4937 2858 4996 τοιούτου
2908 4937 3001 4995 οὖν
3047 4945 3151 5010 τῆς
3201 4939 3412 5020 ὶλᾶφου
3463 4944 3899 5020 σπαράγματος

2203 5025 2554 5100 νοσηλευθείς
2607 5024 2855 5099 τελευτᾷ,
2911 5026 3117 5085 Λιοντα
3188 5029 3506 5089 καταλιπὼν
3573 5033 3908 5112 αὐτοκρά-

2202 5136 2338 5192 τορα
2365 5117 2456 5173 καὶ
2483 5116 2574 5172 τὸν
2607 5115 2772 5173 αὐτοῦ
2797 5113 3034 5197 ἀδελφὸν
3067 5115 3449 5196 Ἀλέξανδρον.

2275 5206 2332 5258 Ὁ
2389 5203 2446 5261 δὲ
2503 5203 2651 5260 Λέων
2701 5200 3044 5262 ἐϐασίλευσεν
3102 5201 3194 5278 ἔτη
3247 5214 3321 5265 κε’
3390 5207 3483 5266 καί
3541 5217 3738 5284 μῆνας
3812 5223 3914 5287 η’.

2207 5296 2478 5375 Στέφανος
2507 5291 2566 5350 δὲ
2620 5295 2790 5351 αὐτοῦ
2843 5291 3080 5374 ἀδελφὸς
3131 5295 3400 5372 κληρικὸς
3455 5295 3532 5355 ὤν
3577 5301 3674 5358 καὶ
3732 5302 3916 5382 σύγ-

2205 5383 2405 5448 κελλος
2460 5384 2528 5452 ἦν
2584 5384 2723 5458 μετὰ
2775 5384 2996 5440 Φωτίου
3056 5385 3422 5462 πατριάρχου,
3482 5389 3922 5471 ἀνατρεφόμε-

2206 5493 2298 5536 νος
2327 5474 2458 5548 παρ’
2487 5472 2636 5546 αὐτῷ
2665 5473 2756 5529 καὶ
2787 5471 3197 5549 παιδευόμενος.
3229 5477 3340 5534 Τὸν
3372 5477 3465 5533 οὗν
3515 5480 3756 5536 Qui»th
3795 5479 3920 5541 διά

2205 5583 2358 5624 τινας
2387 5561 2566 5626 αἲτίας
2595 5563 2623 5618 ὁ
2653 5560 2907 5638 βασιλεὺς
2933 5567 3032 5620 τοῦ
3087 5565 3282 5640 θρόνου
3335 5569 3669 5647 καταγαγὼν
3741 5576 3922 5630 Eti-

2209 5668 2374 5732 φανον
2404 5651 2496 5707 τὸν
2524 5651 2716 5708 εαυτοῦ
2755 5649 2990 5730 ἀδελφὸν
3043 5656 3394 5734 πατριάρχην
3445 5653 3922 5734 προϐάλλεται.
