  <div class='ocr_page' id='page_1' title='image "/cluster/home/n/w/nwhite01/storage/ocr_20150623/139/hvd.32044023361710/144.png"; bbox 0 0 4062 6202; ppageno 0'>
   <div class='ocr_carea' id='block_1_1' title="bbox 226 392 337 454">
    <p class='ocr_par' dir='ltr' id='par_1_1' title="bbox 226 392 337 454">
     <span class='ocr_line' id='line_1_1' title="bbox 226 392 337 454; baseline -0.027 0"><span class='ocrx_word' id='word_1_1' title='bbox 226 392 337 454; x_wconf 70' lang='grc' dir='ltr'><strong>2Ἱῖ</strong></span> 
     </span>
    </p>
   </div>
   <div class='ocr_carea' id='block_1_2' title="bbox 1592 383 2298 451">
    <p class='ocr_par' dir='ltr' id='par_1_2' title="bbox 1592 383 2298 451">
     <span class='ocr_line' id='line_1_2' title="bbox 1592 383 2298 451; baseline -0.007 -1"><span class='ocrx_word' id='word_1_2' title='bbox 1592 389 1690 451; x_wconf 81' lang='lat' dir='ltr'><strong>CH</strong></span> <span class='ocrx_word' id='word_1_3' title='bbox 1702 383 2270 450; x_wconf 76' lang='lat' dir='ltr'><strong>RONOGRAPHIA</strong></span> <span class='ocrx_word' id='word_1_4' title='bbox 2282 427 2298 445; x_wconf 91' lang='lat'><strong>.</strong></span> 
     </span>
    </p>
   </div>
   <div class='ocr_carea' id='block_1_3' title="bbox 3527 393 3644 454">
    <p class='ocr_par' dir='ltr' id='par_1_3' title="bbox 3527 393 3644 454">
     <span class='ocr_line' id='line_1_3' title="bbox 3527 393 3644 454; baseline 0.009 -2"><span class='ocrx_word' id='word_1_5' title='bbox 3527 393 3644 454; x_wconf 78' lang='lat'><strong>2&#39;18</strong></span> 
     </span>
    </p>
   </div>
   <div class='ocr_carea' id='block_1_4' title="bbox 227 519 1872 604">
    <p class='ocr_par' dir='ltr' id='par_1_4' title="bbox 227 521 1872 604">
     <span class='ocr_line' id='line_1_4' title="bbox 227 521 1872 604; baseline -0.006 -17"><span class='ocrx_word' id='word_1_6' title='bbox 227 529 445 587; x_wconf 69' lang='grc' dir='ltr'><strong>Τούτου</strong></span> <span class='ocrx_word' id='word_1_7' title='bbox 483 525 543 583; x_wconf 62' lang='grc' dir='ltr'><strong>δὲ</strong></span> <span class='ocrx_word' id='word_1_8' title='bbox 569 531 682 584; x_wconf 78' lang='grc' dir='ltr'><strong>τῶν</strong></span> <span class='ocrx_word' id='word_1_9' title='bbox 732 525 869 603; x_wconf 80' lang='grc' dir='ltr'><strong>τῇδε</strong></span> <span class='ocrx_word' id='word_1_10' title='bbox 901 526 1258 604; x_wconf 81' lang='grc' dir='ltr'><strong>μεταστάντος</strong></span> <span class='ocrx_word' id='word_1_11' title='bbox 1305 521 1419 581; x_wconf 79' lang='grc' dir='ltr'><strong>ἀντ’</strong></span> <span class='ocrx_word' id='word_1_12' title='bbox 1475 523 1643 580; x_wconf 77' lang='grc' dir='ltr'><strong>αὐτοῦ</strong></span> <span class='ocrx_word' id='word_1_13' title='bbox 1700 540 1872 599; x_wconf 85' lang='grc' dir='ltr'><strong>χειρο·</strong></span> 
     </span>
    </p>
   </div>
   <div class='ocr_carea' id='block_1_5' title="bbox 1983 519 3643 604">
    <p class='ocr_par' dir='ltr' id='par_1_5' title="bbox 1999 519 3643 598">
     <span class='ocr_line' id='line_1_5' title="bbox 1999 519 3643 598; baseline 0.004 -22"><span class='ocrx_word' id='word_1_14' title='bbox 1999 521 2061 577; x_wconf 89' lang='lat' dir='ltr'><strong>in</strong></span> <span class='ocrx_word' id='word_1_15' title='bbox 2108 521 2305 577; x_wconf 91' lang='lat' dir='ltr'><strong>locum</strong></span> <span class='ocrx_word' id='word_1_16' title='bbox 2364 519 2492 590; x_wconf 83' lang='lat' dir='ltr'><strong>ejus</strong></span> <span class='ocrx_word' id='word_1_17' title='bbox 2550 519 2843 576; x_wconf 78' lang='lat' dir='ltr'><strong>sufficitur</strong></span> <span class='ocrx_word' id='word_1_18' title='bbox 2899 521 3195 579; x_wconf 85' lang='lat' dir='ltr'><strong>Antonius</strong></span> <span class='ocrx_word' id='word_1_19' title='bbox 3252 531 3643 598; x_wconf 86' lang='lat' dir='ltr'><strong>cognomento</strong></span> 
     </span>
    </p>
   </div>
   <div class='ocr_carea' id='block_1_6' title="bbox 227 608 1893 695">
    <p class='ocr_par' dir='ltr' id='par_1_6' title="bbox 227 608 1893 695">
     <span class='ocr_line' id='line_1_6' title="bbox 227 608 1893 695; baseline -0.005 -19"><span class='ocrx_word' id='word_1_20' title='bbox 227 623 467 676; x_wconf 78' lang='grc' dir='ltr'><strong>τονεῖται</strong></span> <span class='ocrx_word' id='word_1_21' title='bbox 526 618 825 681; x_wconf 82' lang='grc' dir='ltr'><strong>Ἀντώνιος</strong></span> <span class='ocrx_word' id='word_1_22' title='bbox 876 619 904 673; x_wconf 80' lang='grc' dir='ltr'><strong>ὁ</strong></span> <span class='ocrx_word' id='word_1_23' title='bbox 961 610 1360 695; x_wconf 68' lang='grc' dir='ltr'><strong>ἱπιλεγόμενος</strong></span> <span class='ocrx_word' id='word_1_24' title='bbox 1407 611 1675 672; x_wconf 78' lang='grc' dir='ltr'><strong>Καυλὲας.</strong></span> <span class='ocrx_word' id='word_1_25' title='bbox 1721 618 1784 669; x_wconf 83' lang='grc' dir='ltr'><strong><em>Ἦ</em></strong></span> <span class='ocrx_word' id='word_1_26' title='bbox 1835 608 1893 668; x_wconf 65' lang='grc' dir='ltr'><strong>δὲ</strong></span> 
     </span>
    </p>
   </div>
   <div class='ocr_carea' id='block_1_7' title="bbox 231 696 1889 787">
    <p class='ocr_par' dir='ltr' id='par_1_7' title="bbox 231 696 1889 787">
     <span class='ocr_line' id='line_1_7' title="bbox 231 696 1889 787; baseline -0.005 -21"><span class='ocrx_word' id='word_1_27' title='bbox 231 710 526 786; x_wconf 69' lang='grc' dir='ltr'><strong>Αὖγοῦστα</strong></span> <span class='ocrx_word' id='word_1_28' title='bbox 584 710 845 787; x_wconf 79' lang='grc' dir='ltr'><strong>Θεοφανὼ</strong></span> <span class='ocrx_word' id='word_1_29' title='bbox 900 706 1127 778; x_wconf 82' lang='grc' dir='ltr'><strong>τελευτᾷ</strong></span> <span class='ocrx_word' id='word_1_30' title='bbox 1194 703 1558 782; x_wconf 77' lang='grc' dir='ltr'><strong>βασιλεύσασα</strong></span> <span class='ocrx_word' id='word_1_31' title='bbox 1640 696 1736 774; x_wconf 82' lang='grc' dir='ltr'><strong>ἔτη</strong></span> <span class='ocrx_word' id='word_1_32' title='bbox 1797 703 1889 775; x_wconf 85' lang='grc' dir='ltr'><strong>ιβ’.</strong></span> 
     </span>
    </p>
   </div>
   <div class='ocr_carea' id='block_1_8' title="bbox 229 793 1893 878">
    <p class='ocr_par' dir='ltr' id='par_1_8' title="bbox 229 793 1893 878">
     <span class='ocr_line' id='line_1_8' title="bbox 229 793 1893 878; baseline -0.005 -23"><span class='ocrx_word' id='word_1_33' title='bbox 229 800 340 855; x_wconf 77' lang='grc' dir='ltr'><strong>ἀντ’</strong></span> <span class='ocrx_word' id='word_1_34' title='bbox 367 799 545 869; x_wconf 66' lang='grc' dir='ltr'><strong>αὐτῆς</strong></span> <span class='ocrx_word' id='word_1_35' title='bbox 590 796 651 854; x_wconf 74' lang='grc' dir='ltr'><strong>δὲ</strong></span> <span class='ocrx_word' id='word_1_36' title='bbox 702 797 883 878; x_wconf 74' lang='grc' dir='ltr'><strong>στέφει</strong></span> <span class='ocrx_word' id='word_1_37' title='bbox 913 798 944 853; x_wconf 82' lang='lat'><strong>6</strong></span> <span class='ocrx_word' id='word_1_38' title='bbox 975 794 1235 872; x_wconf 80' lang='grc' dir='ltr'><strong>βασιλεὺς</strong></span> <span class='ocrx_word' id='word_1_39' title='bbox 1278 796 1434 864; x_wconf 82' lang='grc' dir='ltr'><strong>Ζωήν</strong></span> <span class='ocrx_word' id='word_1_40' title='bbox 1477 794 1578 863; x_wconf 70' lang='grc' dir='ltr'><strong>τήν</strong></span> <span class='ocrx_word' id='word_1_41' title='bbox 1622 793 1893 878; x_wconf 73' lang='grc' dir='ltr'><strong>θυγατίρα</strong></span> 
     </span>
    </p>
   </div>
   <div class='ocr_carea' id='block_1_9' title="bbox 225 877 1892 962">
    <p class='ocr_par' dir='ltr' id='par_1_9' title="bbox 225 877 1892 962">
     <span class='ocr_line' id='line_1_9' title="bbox 225 877 1892 962; baseline -0.005 -19"><span class='ocrx_word' id='word_1_42' title='bbox 225 889 527 961; x_wconf 68' lang='grc' dir='ltr'><strong>τζαοῦτζα,</strong></span> <span class='ocrx_word' id='word_1_43' title='bbox 573 889 668 943; x_wconf 79' lang='grc' dir='ltr'><strong>καὶ</strong></span> <span class='ocrx_word' id='word_1_44' title='bbox 719 877 1032 962; x_wconf 73' lang='grc' dir='ltr'><strong>εὖλογεῖται</strong></span> <span class='ocrx_word' id='word_1_45' title='bbox 1078 886 1197 958; x_wconf 85' lang='grc' dir='ltr'><strong>μετ’</strong></span> <span class='ocrx_word' id='word_1_46' title='bbox 1247 883 1439 954; x_wconf 79' lang='grc' dir='ltr'><strong>αὐτῆς.</strong></span> <span class='ocrx_word' id='word_1_47' title='bbox 1485 881 1781 941; x_wconf 80' lang='grc' dir='ltr'><strong>Ἀντωνίου</strong></span> <span class='ocrx_word' id='word_1_48' title='bbox 1833 877 1892 936; x_wconf 68' lang='grc' dir='ltr'><strong>δὲ</strong></span> 
     </span>
    </p>
   </div>
   <div class='ocr_carea' id='block_1_10' title="bbox 229 969 1892 1052">
    <p class='ocr_par' dir='ltr' id='par_1_10' title="bbox 229 969 1892 1052">
     <span class='ocr_line' id='line_1_10' title="bbox 229 969 1892 1052; baseline -0.005 -19"><span class='ocrx_word' id='word_1_49' title='bbox 229 981 322 1033; x_wconf 72' lang='grc' dir='ltr'><strong>τοίι</strong></span> <span class='ocrx_word' id='word_1_50' title='bbox 386 977 743 1052; x_wconf 73' lang='grc' dir='ltr'>πατριάρχου</span> <span class='ocrx_word' id='word_1_51' title='bbox 807 974 1234 1045; x_wconf 66' lang='grc' dir='ltr'><strong>τελευτήσαιτος</strong></span> <span class='ocrx_word' id='word_1_52' title='bbox 1291 977 1690 1049; x_wconf 86' lang='grc' dir='ltr'><strong>χειρατονεῖται</strong></span> <span class='ocrx_word' id='word_1_53' title='bbox 1733 969 1892 1028; x_wconf 80' lang='grc' dir='ltr'><strong>Νικό-</strong></span> 
     </span>
    </p>
   </div>
   <div class='ocr_carea' id='block_1_11' title="bbox 229 1063 1889 1143">
    <p class='ocr_par' dir='ltr' id='par_1_11' title="bbox 229 1063 1889 1143">
     <span class='ocr_line' id='line_1_11' title="bbox 229 1063 1889 1143; baseline -0.005 -20"><span class='ocrx_word' id='word_1_54' title='bbox 229 1068 368 1131; x_wconf 76' lang='grc' dir='ltr'><strong>λαος</strong></span> <span class='ocrx_word' id='word_1_55' title='bbox 432 1067 810 1143; x_wconf 69' lang='grc' dir='ltr'><strong>πατριάρχης,</strong></span> <span class='ocrx_word' id='word_1_56' title='bbox 875 1064 1132 1139; x_wconf 81' lang='grc' dir='ltr'><strong>μυστικὸς</strong></span> <span class='ocrx_word' id='word_1_57' title='bbox 1191 1065 1544 1139; x_wconf 76' lang='grc' dir='ltr'><strong>χρηματίσας</strong></span> <span class='ocrx_word' id='word_1_58' title='bbox 1586 1064 1683 1117; x_wconf 80' lang='grc' dir='ltr'><strong>τοῦ</strong></span> <span class='ocrx_word' id='word_1_59' title='bbox 1731 1063 1889 1137; x_wconf 84' lang='grc' dir='ltr'><strong>βασι-</strong></span> 
     </span>
    </p>
   </div>
   <div class='ocr_carea' id='block_1_12' title="bbox 227 1149 1891 1229">
    <p class='ocr_par' dir='ltr' id='par_1_12' title="bbox 227 1149 1891 1229">
     <span class='ocr_line' id='line_1_12' title="bbox 227 1149 1891 1229; baseline -0.004 -17"><span class='ocrx_word' id='word_1_60' title='bbox 227 1156 391 1220; x_wconf 61' lang='grc' dir='ltr'><strong>λέως.</strong></span> <span class='ocrx_word' id='word_1_61' title='bbox 449 1158 532 1215; x_wconf 75' lang='lat'><strong>0&#39;5</strong></span> <span class='ocrx_word' id='word_1_62' title='bbox 589 1153 679 1212; x_wconf 74' lang='grc' dir='ltr'><strong>διὰ</strong></span> <span class='ocrx_word' id='word_1_63' title='bbox 732 1154 800 1211; x_wconf 83' lang='grc' dir='ltr'><strong>τὸ</strong></span> <span class='ocrx_word' id='word_1_64' title='bbox 862 1156 939 1229; x_wconf 78' lang='grc' dir='ltr'><strong>μὴ</strong></span> <span class='ocrx_word' id='word_1_65' title='bbox 1006 1154 1287 1218; x_wconf 74' lang='grc' dir='ltr'><strong>συνθέσθαι</strong></span> <span class='ocrx_word' id='word_1_66' title='bbox 1336 1156 1403 1226; x_wconf 82' lang='grc' dir='ltr'><strong>τῇ</strong></span> <span class='ocrx_word' id='word_1_67' title='bbox 1463 1155 1563 1209; x_wconf 65' lang='grc' dir='ltr'><strong>τοῦ</strong></span> <span class='ocrx_word' id='word_1_68' title='bbox 1619 1149 1891 1227; x_wconf 73' lang='grc' dir='ltr'><strong>βασιλέως</strong></span> 
     </span>
    </p>
   </div>
   <div class='ocr_carea' id='block_1_13' title="bbox 226 1237 1891 1325">
    <p class='ocr_par' dir='ltr' id='par_1_13' title="bbox 226 1237 1891 1325">
     <span class='ocr_line' id='line_1_13' title="bbox 226 1237 1891 1325; baseline -0.005 -22"><span class='ocrx_word' id='word_1_69' title='bbox 226 1246 559 1325; x_wconf 66' lang='grc' dir='ltr'><strong>πολυγαμίᾳ</strong></span> <span class='ocrx_word' id='word_1_70' title='bbox 604 1246 700 1320; x_wconf 75' lang='grc' dir='ltr'><strong>βίᾳ</strong></span> <span class='ocrx_word' id='word_1_71' title='bbox 746 1246 847 1301; x_wconf 76' lang='grc' dir='ltr'><strong>τοῦ</strong></span> <span class='ocrx_word' id='word_1_72' title='bbox 898 1243 1094 1317; x_wconf 81' lang='grc' dir='ltr'><strong>θρόνου</strong></span> <span class='ocrx_word' id='word_1_73' title='bbox 1140 1237 1652 1311; x_wconf 72' lang='grc' dir='ltr'><strong>καταϐιϐασθὲντος,</strong></span> <span class='ocrx_word' id='word_1_74' title='bbox 1702 1259 1891 1319; x_wconf 69' lang='grc' dir='ltr'><strong>χειρο-</strong></span> 
     </span>
    </p>
   </div>
   <div class='ocr_carea' id='block_1_14' title="bbox 220 1329 1892 1408">
    <p class='ocr_par' dir='ltr' id='par_1_14' title="bbox 220 1329 1892 1408">
     <span class='ocr_line' id='line_1_14' title="bbox 220 1329 1892 1408; baseline -0.002 -17"><span class='ocrx_word' id='word_1_75' title='bbox 220 1336 464 1391; x_wconf 69' lang='grc' dir='ltr'><strong>τονεῖται</strong></span> <span class='ocrx_word' id='word_1_76' title='bbox 517 1336 635 1390; x_wconf 80' lang='grc' dir='ltr'><strong>ἀντ’</strong></span> <span class='ocrx_word' id='word_1_77' title='bbox 694 1333 865 1389; x_wconf 79' lang='grc' dir='ltr'><strong>αὐτοῦ</strong></span> <span class='ocrx_word' id='word_1_78' title='bbox 922 1329 1275 1408; x_wconf 75' lang='grc' dir='ltr'><strong>πατριάρχης</strong></span> <span class='ocrx_word' id='word_1_79' title='bbox 1332 1331 1610 1404; x_wconf 71' lang='grc' dir='ltr'><strong>Εὐθῦμιος</strong></span> <span class='ocrx_word' id='word_1_80' title='bbox 1658 1329 1892 1405; x_wconf 76' lang='grc' dir='ltr'><strong>σύγκελ-</strong></span> 
     </span>
    </p>
   </div>
   <div class='ocr_carea' id='block_1_15' title="bbox 226 1417 1889 1503">
    <p class='ocr_par' dir='ltr' id='par_1_15' title="bbox 226 1417 1889 1503">
     <span class='ocr_line' id='line_1_15' title="bbox 226 1417 1889 1503; baseline -0.004 -22"><span class='ocrx_word' id='word_1_81' title='bbox 226 1425 357 1489; x_wconf 86' lang='grc' dir='ltr'><strong>λος,</strong></span> <span class='ocrx_word' id='word_1_82' title='bbox 390 1427 451 1480; x_wconf 77' lang='grc' dir='ltr'><strong>δν</strong></span> <span class='ocrx_word' id='word_1_83' title='bbox 483 1443 646 1503; x_wconf 74' lang='grc' dir='ltr'><strong>φασιν</strong></span> <span class='ocrx_word' id='word_1_84' title='bbox 680 1422 741 1478; x_wconf 74' lang='grc' dir='ltr'><strong>ὲκ</strong></span> <span class='ocrx_word' id='word_1_85' title='bbox 788 1421 936 1487; x_wconf 82' lang='grc' dir='ltr'><strong>θείας</strong></span> <span class='ocrx_word' id='word_1_86' title='bbox 984 1419 1388 1497; x_wconf 77' lang='grc' dir='ltr'><strong>ἀποκαλύψεως</strong></span> <span class='ocrx_word' id='word_1_87' title='bbox 1429 1417 1592 1476; x_wconf 77' lang='grc' dir='ltr'><strong>τοῦτο</strong></span> <span class='ocrx_word' id='word_1_88' title='bbox 1641 1417 1889 1493; x_wconf 65' lang='grc' dir='ltr'><strong>δέξασθαι</strong></span> 
     </span>
    </p>
   </div>
   <div class='ocr_carea' id='block_1_16' title="bbox 224 1508 1887 1590">
    <p class='ocr_par' dir='ltr' id='par_1_16' title="bbox 224 1508 1887 1590">
     <span class='ocr_line' id='line_1_16' title="bbox 224 1508 1887 1590; baseline -0.004 -20"><span class='ocrx_word' id='word_1_89' title='bbox 224 1516 307 1579; x_wconf 80' lang='grc' dir='ltr'><strong>ὡς</strong></span> <span class='ocrx_word' id='word_1_90' title='bbox 351 1519 456 1570; x_wconf 69' lang='grc' dir='ltr'><strong>τοῦ</strong></span> <span class='ocrx_word' id='word_1_91' title='bbox 516 1510 799 1590; x_wconf 82' lang='grc' dir='ltr'><strong>βασιλέως</strong></span> <span class='ocrx_word' id='word_1_92' title='bbox 857 1508 1269 1586; x_wconf 65' lang='grc' dir='ltr'><strong>βουλευομένου</strong></span> <span class='ocrx_word' id='word_1_93' title='bbox 1323 1508 1528 1585; x_wconf 76' lang='grc' dir='ltr'><strong>αἵρεσιν</strong></span> <span class='ocrx_word' id='word_1_94' title='bbox 1577 1510 1667 1566; x_wconf 76' lang='grc' dir='ltr'><strong>καὶ</strong></span> <span class='ocrx_word' id='word_1_95' title='bbox 1714 1510 1887 1584; x_wconf 90' lang='grc' dir='ltr'><strong>νόμου</strong></span> 
     </span>
    </p>
   </div>
   <div class='ocr_carea' id='block_1_17' title="bbox 220 1595 1887 1677">
    <p class='ocr_par' dir='ltr' id='par_1_17' title="bbox 220 1595 1887 1677">
     <span class='ocr_line' id='line_1_17' title="bbox 220 1595 1887 1677; baseline -0.002 -18"><span class='ocrx_word' id='word_1_96' title='bbox 220 1603 394 1659; x_wconf 74' lang='grc' dir='ltr'><strong>θείναι</strong></span> <span class='ocrx_word' id='word_1_97' title='bbox 437 1605 536 1657; x_wconf 72' lang='grc' dir='ltr'><strong>τοῦ</strong></span> <span class='ocrx_word' id='word_1_98' title='bbox 596 1601 765 1677; x_wconf 70' lang='grc' dir='ltr'><strong>μέχρι</strong></span> <span class='ocrx_word' id='word_1_99' title='bbox 821 1604 990 1672; x_wconf 76' lang='grc' dir='ltr'><strong>τριῶν</strong></span> <span class='ocrx_word' id='word_1_100' title='bbox 1048 1604 1147 1673; x_wconf 73' lang='grc' dir='ltr'><strong>μὲν</strong></span> <span class='ocrx_word' id='word_1_101' title='bbox 1202 1596 1438 1675; x_wconf 77' lang='grc' dir='ltr'><strong>ἀνδρῶν,</strong></span> <span class='ocrx_word' id='word_1_102' title='bbox 1495 1598 1769 1676; x_wconf 67' lang='grc' dir='ltr'><strong>τεσσάρων</strong></span> <span class='ocrx_word' id='word_1_103' title='bbox 1830 1595 1887 1655; x_wconf 71' lang='grc' dir='ltr'><strong>δὶ</strong></span> 
     </span>
    </p>
   </div>
   <div class='ocr_carea' id='block_1_18' title="bbox 218 1687 1887 1770">
    <p class='ocr_par' dir='ltr' id='par_1_18' title="bbox 218 1687 1887 1770">
     <span class='ocr_line' id='line_1_18' title="bbox 218 1687 1887 1770; baseline -0.002 -24"><span class='ocrx_word' id='word_1_104' title='bbox 218 1695 493 1770; x_wconf 74' lang='grc' dir='ltr'><strong>γυναικῶν</strong></span> <span class='ocrx_word' id='word_1_105' title='bbox 523 1691 617 1746; x_wconf 77' lang='grc' dir='ltr'><strong>τὸν</strong></span> <span class='ocrx_word' id='word_1_106' title='bbox 676 1690 855 1765; x_wconf 74' lang='grc' dir='ltr'><strong>γάμον</strong></span> <span class='ocrx_word' id='word_1_107' title='bbox 920 1688 1185 1765; x_wconf 73' lang='grc' dir='ltr'><strong>γίνεσθαι.</strong></span> <span class='ocrx_word' id='word_1_108' title='bbox 1243 1687 1432 1767; x_wconf 78' lang='grc' dir='ltr'><strong>Στὲφει</strong></span> <span class='ocrx_word' id='word_1_109' title='bbox 1490 1687 1581 1743; x_wconf 82' lang='grc' dir='ltr'><strong>οὗν</strong></span> <span class='ocrx_word' id='word_1_110' title='bbox 1640 1689 1669 1743; x_wconf 85' lang='grc' dir='ltr'><strong>ὁ</strong></span> <span class='ocrx_word' id='word_1_111' title='bbox 1729 1689 1887 1763; x_wconf 87' lang='grc' dir='ltr'><strong>βασι-</strong></span> 
     </span>
    </p>
   </div>
   <div class='ocr_carea' id='block_1_19' title="bbox 221 1778 1885 1854">
    <p class='ocr_par' dir='ltr' id='par_1_19' title="bbox 221 1778 1885 1854">
     <span class='ocr_line' id='line_1_19' title="bbox 221 1778 1885 1854; baseline -0.002 -18"><span class='ocrx_word' id='word_1_112' title='bbox 221 1779 352 1842; x_wconf 74' lang='grc' dir='ltr'><strong>λεὺς</strong></span> <span class='ocrx_word' id='word_1_113' title='bbox 383 1780 638 1854; x_wconf 75' lang='grc' dir='ltr'><strong>[Λέοντα]</strong></span> <span class='ocrx_word' id='word_1_114' title='bbox 693 1778 787 1834; x_wconf 84' lang='grc' dir='ltr'><strong>τὸν</strong></span> <span class='ocrx_word' id='word_1_115' title='bbox 844 1779 962 1834; x_wconf 76' lang='grc' dir='ltr'><strong>υἱὸν</strong></span> <span class='ocrx_word' id='word_1_116' title='bbox 1027 1778 1200 1833; x_wconf 71' lang='grc' dir='ltr'><strong>αότοῦ</strong></span> <span class='ocrx_word' id='word_1_117' title='bbox 1265 1779 1689 1834; x_wconf 76' lang='grc' dir='ltr'><strong>Κωνσταντῖνον.</strong></span> <span class='ocrx_word' id='word_1_118' title='bbox 1746 1780 1885 1834; x_wconf 81' lang='grc' dir='ltr'><strong>Κοι-</strong></span> 
     </span>
    </p>
   </div>
   <div class='ocr_carea' id='block_1_20' title="bbox 1995 608 3649 688">
    <p class='ocr_par' dir='ltr' id='par_1_20' title="bbox 1995 608 3649 688">
     <span class='ocr_line' id='line_1_20' title="bbox 1995 608 3649 688; baseline 0.003 -21"><span class='ocrx_word' id='word_1_119' title='bbox 1995 609 2257 667; x_wconf 85' lang='lat' dir='ltr'><strong>Cauleas.</strong></span> <span class='ocrx_word' id='word_1_120' title='bbox 2291 611 2551 682; x_wconf 85' lang='lat' dir='ltr'><strong>Augusta</strong></span> <span class='ocrx_word' id='word_1_121' title='bbox 2579 608 2721 665; x_wconf 97' lang='lat' dir='ltr'><strong>item</strong></span> <span class='ocrx_word' id='word_1_122' title='bbox 2751 609 3107 685; x_wconf 87' lang='lat' dir='ltr'><strong>Theophano</strong></span> <span class='ocrx_word' id='word_1_123' title='bbox 3159 629 3292 670; x_wconf 92' lang='lat' dir='ltr'><strong>cum</strong></span> <span class='ocrx_word' id='word_1_124' title='bbox 3341 621 3649 688; x_wconf 78' lang='lat' dir='ltr'><strong>regnasset</strong></span> 
     </span>
    </p>
   </div>
   <div class='ocr_carea' id='block_1_21' title="bbox 1994 706 3642 781">
    <p class='ocr_par' dir='ltr' id='par_1_21' title="bbox 1994 706 3642 781">
     <span class='ocr_line' id='line_1_21' title="bbox 1994 706 3642 781; baseline 0.004 -17"><span class='ocrx_word' id='word_1_125' title='bbox 1994 725 2183 766; x_wconf 86' lang='lat' dir='ltr'><strong>annos</strong></span> <span class='ocrx_word' id='word_1_126' title='bbox 2213 706 2549 775; x_wconf 77' lang='lat' dir='ltr'><strong>duodecim,</strong></span> <span class='ocrx_word' id='word_1_127' title='bbox 2590 706 2798 763; x_wconf 89' lang='lat' dir='ltr'><strong>morbo</strong></span> <span class='ocrx_word' id='word_1_128' title='bbox 2848 709 3278 781; x_wconf 78' lang='lat' dir='ltr'><strong>exstinguitur:</strong></span> <span class='ocrx_word' id='word_1_129' title='bbox 3330 710 3391 768; x_wconf 90' lang='lat' dir='ltr'><strong>in</strong></span> <span class='ocrx_word' id='word_1_130' title='bbox 3444 711 3642 770; x_wconf 89' lang='lat' dir='ltr'><strong>locum</strong></span> 
     </span>
    </p>
   </div>
   <div class='ocr_carea' id='block_1_22' title="bbox 1994 798 3641 872">
    <p class='ocr_par' dir='ltr' id='par_1_22' title="bbox 1994 798 3641 872">
     <span class='ocr_line' id='line_1_22' title="bbox 1994 798 3641 872; baseline 0.005 -18"><span class='ocrx_word' id='word_1_131' title='bbox 1994 798 2159 856; x_wconf 89' lang='lat' dir='ltr'><strong>illius</strong></span> <span class='ocrx_word' id='word_1_132' title='bbox 2183 801 2356 855; x_wconf 83' lang='lat' dir='ltr'><strong>Zoem</strong></span> <span class='ocrx_word' id='word_1_133' title='bbox 2389 800 2643 854; x_wconf 82' lang='lat' dir='ltr'><strong>Tzautzac</strong></span> <span class='ocrx_word' id='word_1_134' title='bbox 2672 798 2858 854; x_wconf 84' lang='lat' dir='ltr'><strong>tiliam</strong></span> <span class='ocrx_word' id='word_1_135' title='bbox 2896 800 3221 872; x_wconf 84' lang='lat' dir='ltr'><strong>imperator</strong></span> <span class='ocrx_word' id='word_1_136' title='bbox 3265 810 3533 872; x_wconf 88' lang='lat' dir='ltr'><strong>coronat,</strong></span> <span class='ocrx_word' id='word_1_137' title='bbox 3583 813 3641 862; x_wconf 87' lang='lat' dir='ltr'><strong>et</strong></span> 
     </span>
    </p>
   </div>
   <div class='ocr_carea' id='block_1_23' title="bbox 1994 885 3640 963">
    <p class='ocr_par' dir='ltr' id='par_1_23' title="bbox 1994 885 3640 963">
     <span class='ocr_line' id='line_1_23' title="bbox 1994 885 3640 963; baseline 0.004 -20"><span class='ocrx_word' id='word_1_138' title='bbox 1994 888 2114 944; x_wconf 90' lang='lat' dir='ltr'><strong>ritu</strong></span> <span class='ocrx_word' id='word_1_139' title='bbox 2132 885 2408 944; x_wconf 60' lang='lat' dir='ltr'><strong>Ecclesia;</strong></span> <span class='ocrx_word' id='word_1_140' title='bbox 2431 902 2597 942; x_wconf 90' lang='lat' dir='ltr'><strong>sacro</strong></span> <span class='ocrx_word' id='word_1_141' title='bbox 2618 886 2730 942; x_wconf 84' lang='lat' dir='ltr'><strong>sibi</strong></span> <span class='ocrx_word' id='word_1_142' title='bbox 2753 888 3131 946; x_wconf 87' lang='lat' dir='ltr'><strong>matrimonio</strong></span> <span class='ocrx_word' id='word_1_143' title='bbox 3147 890 3366 963; x_wconf 85' lang='lat' dir='ltr'><strong>jungit.</strong></span> <span class='ocrx_word' id='word_1_144' title='bbox 3391 893 3534 949; x_wconf 89' lang='lat' dir='ltr'><strong>Cum</strong></span> <span class='ocrx_word' id='word_1_145' title='bbox 3567 911 3640 950; x_wconf 82' lang='lat' dir='ltr'><strong>ex</strong></span> 
     </span>
    </p>
   </div>
   <div class='ocr_carea' id='block_1_24' title="bbox 1993 975 3635 1055">
    <p class='ocr_par' dir='ltr' id='par_1_24' title="bbox 1993 975 3635 1055">
     <span class='ocr_line' id='line_1_24' title="bbox 1993 975 3635 1055; baseline 0.004 -23"><span class='ocrx_word' id='word_1_146' title='bbox 1993 976 2104 1033; x_wconf 90' lang='lat' dir='ltr'><strong>hac</strong></span> <span class='ocrx_word' id='word_1_147' title='bbox 2133 977 2253 1032; x_wconf 89' lang='lat' dir='ltr'><strong>vita</strong></span> <span class='ocrx_word' id='word_1_148' title='bbox 2282 975 2634 1032; x_wconf 80' lang='lat' dir='ltr'><strong>decessisset</strong></span> <span class='ocrx_word' id='word_1_149' title='bbox 2662 977 2977 1047; x_wconf 85' lang='lat' dir='ltr'><strong>Antonius,</strong></span> <span class='ocrx_word' id='word_1_150' title='bbox 3010 979 3284 1036; x_wconf 85' lang='lat' dir='ltr'><strong>Nicotaus</strong></span> <span class='ocrx_word' id='word_1_151' title='bbox 3332 981 3635 1055; x_wconf 84' lang='lat' dir='ltr'><strong>patricius,</strong></span> 
     </span>
    </p>
   </div>
   <div class='ocr_carea' id='block_1_25' title="bbox 1993 1063 3633 1142">
    <p class='ocr_par' dir='ltr' id='par_1_25' title="bbox 1993 1063 3633 1142">
     <span class='ocr_line' id='line_1_25' title="bbox 1993 1063 3633 1142; baseline 0.004 -22"><span class='ocrx_word' id='word_1_152' title='bbox 1993 1064 2330 1120; x_wconf 83' lang='lat' dir='ltr'><strong>secretioris</strong></span> <span class='ocrx_word' id='word_1_153' title='bbox 2361 1063 2590 1120; x_wconf 90' lang='lat' dir='ltr'><strong>consilii</strong></span> <span class='ocrx_word' id='word_1_154' title='bbox 2623 1070 2880 1133; x_wconf 81' lang='lat' dir='ltr'><strong>senator,</strong></span> <span class='ocrx_word' id='word_1_155' title='bbox 2911 1066 3248 1138; x_wconf 81' lang='lat' dir='ltr'><strong>patriarcha</strong></span> <span class='ocrx_word' id='word_1_156' title='bbox 3270 1068 3525 1142; x_wconf 87' lang='lat' dir='ltr'><strong>eligitur.</strong></span> <span class='ocrx_word' id='word_1_157' title='bbox 3558 1073 3633 1136; x_wconf 87' lang='lat' dir='ltr'><strong>Is,</strong></span> 
     </span>
    </p>
   </div>
   <div class='ocr_carea' id='block_1_26' title="bbox 1991 1152 3635 1231">
    <p class='ocr_par' dir='ltr' id='par_1_26' title="bbox 1991 1152 3635 1231">
     <span class='ocr_line' id='line_1_26' title="bbox 1991 1152 3635 1231; baseline 0.004 -22"><span class='ocrx_word' id='word_1_158' title='bbox 1991 1168 2126 1209; x_wconf 91' lang='lat' dir='ltr'><strong>cum</strong></span> <span class='ocrx_word' id='word_1_159' title='bbox 2169 1152 2438 1225; x_wconf 87' lang='lat' dir='ltr'><strong>pluribus</strong></span> <span class='ocrx_word' id='word_1_160' title='bbox 2489 1153 2885 1225; x_wconf 83' lang='lat' dir='ltr'><strong>imperatoriis</strong></span> <span class='ocrx_word' id='word_1_161' title='bbox 2932 1156 3156 1228; x_wconf 84' lang='lat' dir='ltr'><strong>nuptiis</strong></span> <span class='ocrx_word' id='word_1_162' title='bbox 3204 1156 3635 1231; x_wconf 82' lang='lat' dir='ltr'><strong>adversaretur,</strong></span> 
     </span>
    </p>
   </div>
   <div class='ocr_carea' id='block_1_27' title="bbox 1992 1241 3636 1320">
    <p class='ocr_par' dir='ltr' id='par_1_27' title="bbox 1992 1241 3636 1320">
     <span class='ocr_line' id='line_1_27' title="bbox 1992 1241 3636 1320; baseline 0.005 -23"><span class='ocrx_word' id='word_1_163' title='bbox 1992 1243 2206 1299; x_wconf 88' lang='lat' dir='ltr'><strong>throno</strong></span> <span class='ocrx_word' id='word_1_164' title='bbox 2265 1241 2618 1309; x_wconf 84' lang='lat' dir='ltr'><strong>extruditur,</strong></span> <span class='ocrx_word' id='word_1_165' title='bbox 2706 1243 3201 1316; x_wconf 87' lang='lat' dir='ltr'><strong>substituiturque</strong></span> <span class='ocrx_word' id='word_1_166' title='bbox 3286 1247 3636 1320; x_wconf 81' lang='lat' dir='ltr'><strong>Euthymius</strong></span> 
     </span>
    </p>
   </div>
   <div class='ocr_carea' id='block_1_28' title="bbox 1988 1331 3633 1405">
    <p class='ocr_par' dir='ltr' id='par_1_28' title="bbox 1988 1331 3633 1405">
     <span class='ocr_line' id='line_1_28' title="bbox 1988 1331 3633 1405; baseline 0.005 -17"><span class='ocrx_word' id='word_1_167' title='bbox 1988 1331 2308 1405; x_wconf 84' lang='lat' dir='ltr'><strong>syncellus.</strong></span> <span class='ocrx_word' id='word_1_168' title='bbox 2366 1333 2513 1388; x_wconf 87' lang='lat' dir='ltr'><strong>Eum</strong></span> <span class='ocrx_word' id='word_1_169' title='bbox 2572 1332 2769 1388; x_wconf 89' lang='lat' dir='ltr'><strong>divino</strong></span> <span class='ocrx_word' id='word_1_170' title='bbox 2828 1333 3077 1390; x_wconf 90' lang='lat' dir='ltr'><strong>consilio</strong></span> <span class='ocrx_word' id='word_1_171' title='bbox 3138 1340 3367 1392; x_wconf 89' lang='lat' dir='ltr'><strong>tantum</strong></span> <span class='ocrx_word' id='word_1_172' title='bbox 3415 1354 3633 1396; x_wconf 90' lang='lat' dir='ltr'><strong>munus</strong></span> 
     </span>
    </p>
   </div>
   <div class='ocr_carea' id='block_1_29' title="bbox 1990 1420 3629 1494">
    <p class='ocr_par' dir='ltr' id='par_1_29' title="bbox 1990 1420 3629 1494">
     <span class='ocr_line' id='line_1_29' title="bbox 1990 1420 3629 1494; baseline 0.004 -16"><span class='ocrx_word' id='word_1_173' title='bbox 1990 1421 2243 1478; x_wconf 86' lang='lat' dir='ltr'><strong>subiisse</strong></span> <span class='ocrx_word' id='word_1_174' title='bbox 2279 1420 2538 1485; x_wconf 89' lang='lat' dir='ltr'><strong>tradunt,</strong></span> <span class='ocrx_word' id='word_1_175' title='bbox 2572 1437 2705 1477; x_wconf 91' lang='lat' dir='ltr'><strong>cum</strong></span> <span class='ocrx_word' id='word_1_176' title='bbox 2740 1422 3083 1494; x_wconf 85' lang='lat' dir='ltr'><strong>imperatori</strong></span> <span class='ocrx_word' id='word_1_177' title='bbox 3113 1441 3326 1482; x_wconf 89' lang='lat' dir='ltr'><strong>novam</strong></span> <span class='ocrx_word' id='word_1_178' title='bbox 3373 1427 3629 1485; x_wconf 89' lang='lat' dir='ltr'><strong>condere</strong></span> 
     </span>
    </p>
   </div>
   <div class='ocr_carea' id='block_1_30' title="bbox 1986 1509 3635 1586">
    <p class='ocr_par' dir='ltr' id='par_1_30' title="bbox 1986 1509 3635 1586">
     <span class='ocr_line' id='line_1_30' title="bbox 1986 1509 3635 1586; baseline 0.004 -21"><span class='ocrx_word' id='word_1_179' title='bbox 1986 1510 2179 1583; x_wconf 83' lang='lat' dir='ltr'><strong>legem</strong></span> <span class='ocrx_word' id='word_1_180' title='bbox 2210 1509 2602 1581; x_wconf 78' lang='lat' dir='ltr'><strong>haeresimque</strong></span> <span class='ocrx_word' id='word_1_181' title='bbox 2653 1510 2937 1568; x_wconf 75' lang='lat' dir='ltr'><strong>suscitare</strong></span> <span class='ocrx_word' id='word_1_182' title='bbox 2988 1512 3050 1568; x_wconf 89' lang='lat' dir='ltr'><strong>in</strong></span> <span class='ocrx_word' id='word_1_183' title='bbox 3097 1513 3297 1571; x_wconf 90' lang='lat' dir='ltr'><strong>animo</strong></span> <span class='ocrx_word' id='word_1_184' title='bbox 3348 1522 3522 1586; x_wconf 89' lang='lat' dir='ltr'><strong>esset,</strong></span> <span class='ocrx_word' id='word_1_185' title='bbox 3569 1523 3635 1573; x_wconf 87' lang='lat' dir='ltr'><strong>ut</strong></span> 
     </span>
    </p>
   </div>
   <div class='ocr_carea' id='block_1_31' title="bbox 1987 1599 3635 1677">
    <p class='ocr_par' dir='ltr' id='par_1_31' title="bbox 1987 1599 3635 1677">
     <span class='ocr_line' id='line_1_31' title="bbox 1987 1599 3635 1677; baseline 0.004 -23"><span class='ocrx_word' id='word_1_186' title='bbox 1987 1599 2261 1656; x_wconf 79' lang='lat' dir='ltr'><strong>videlicet</strong></span> <span class='ocrx_word' id='word_1_187' title='bbox 2287 1599 2509 1671; x_wconf 80' lang='lat' dir='ltr'><strong>nuptiae</strong></span> <span class='ocrx_word' id='word_1_188' title='bbox 2539 1599 2614 1656; x_wconf 90' lang='lat' dir='ltr'><strong>ad</strong></span> <span class='ocrx_word' id='word_1_189' title='bbox 2645 1601 2882 1657; x_wconf 86' lang='lat' dir='ltr'><strong>tertium</strong></span> <span class='ocrx_word' id='word_1_190' title='bbox 2906 1617 3095 1673; x_wconf 87' lang='lat' dir='ltr'><strong>usque</strong></span> <span class='ocrx_word' id='word_1_191' title='bbox 3125 1603 3336 1672; x_wconf 87' lang='lat' dir='ltr'><strong>virum,</strong></span> <span class='ocrx_word' id='word_1_192' title='bbox 3360 1606 3431 1660; x_wconf 89' lang='lat' dir='ltr'><strong>ad</strong></span> <span class='ocrx_word' id='word_1_193' title='bbox 3456 1622 3635 1677; x_wconf 86' lang='lat' dir='ltr'><strong>quar-</strong></span> 
     </span>
    </p>
   </div>
   <div class='ocr_carea' id='block_1_32' title="bbox 1988 1689 3632 1762">
    <p class='ocr_par' dir='ltr' id='par_1_32' title="bbox 1988 1689 3632 1762">
     <span class='ocr_line' id='line_1_32' title="bbox 1988 1689 3632 1762; baseline 0.004 -17"><span class='ocrx_word' id='word_1_194' title='bbox 1988 1694 2107 1745; x_wconf 89' lang='lat' dir='ltr'><strong>tam</strong></span> <span class='ocrx_word' id='word_1_195' title='bbox 2140 1704 2276 1745; x_wconf 90' lang='lat' dir='ltr'><strong>vero</strong></span> <span class='ocrx_word' id='word_1_196' title='bbox 2305 1703 2553 1745; x_wconf 83' lang='lat' dir='ltr'><strong>uxorem</strong></span> <span class='ocrx_word' id='word_1_197' title='bbox 2605 1689 2880 1760; x_wconf 87' lang='lat' dir='ltr'><strong>protendi</strong></span> <span class='ocrx_word' id='word_1_198' title='bbox 2929 1697 3189 1762; x_wconf 87' lang='lat' dir='ltr'><strong>possent.</strong></span> <span class='ocrx_word' id='word_1_199' title='bbox 3246 1694 3477 1750; x_wconf 91' lang='lat' dir='ltr'><strong>Interea</strong></span> <span class='ocrx_word' id='word_1_200' title='bbox 3522 1696 3632 1752; x_wconf 89' lang='lat' dir='ltr'><strong>Leo</strong></span> 
     </span>
    </p>
   </div>
   <div class='ocr_carea' id='block_1_33' title="bbox 1985 1777 3633 1851">
    <p class='ocr_par' dir='ltr' id='par_1_33' title="bbox 1985 1777 3633 1851">
     <span class='ocr_line' id='line_1_33' title="bbox 1985 1777 3633 1851; baseline 0.004 -17"><span class='ocrx_word' id='word_1_201' title='bbox 1985 1778 2442 1836; x_wconf 85' lang='lat' dir='ltr'><strong>Constantinum</strong></span> <span class='ocrx_word' id='word_1_202' title='bbox 2498 1777 2688 1835; x_wconf 82' lang='lat' dir='ltr'><strong>tilium</strong></span> <span class='ocrx_word' id='word_1_203' title='bbox 2736 1779 3119 1851; x_wconf 85' lang='lat' dir='ltr'><strong>imperatoria</strong></span> <span class='ocrx_word' id='word_1_204' title='bbox 3166 1799 3387 1840; x_wconf 84' lang='lat' dir='ltr'><strong>corona</strong></span> <span class='ocrx_word' id='word_1_205' title='bbox 3431 1784 3633 1841; x_wconf 89' lang='lat' dir='ltr'><strong>donat.</strong></span> 
     </span>
    </p>
   </div>
   <div class='ocr_carea' id='block_1_34' title="bbox 220 1856 1872 1964">
    <p class='ocr_par' dir='ltr' id='par_1_34' title="bbox 220 1856 1872 1943">
     <span class='ocr_line' id='line_1_34' title="bbox 220 1856 1872 1943; baseline -0.002 -18"><span class='ocrx_word' id='word_1_206' title='bbox 220 1869 409 1941; x_wconf 81' lang='grc' dir='ltr'><strong>λιακῷ</strong></span> <span class='ocrx_word' id='word_1_207' title='bbox 484 1866 542 1924; x_wconf 68' lang='grc' dir='ltr'>δὲ</span> <span class='ocrx_word' id='word_1_208' title='bbox 614 1869 885 1942; x_wconf 73' lang='grc' dir='ltr'><strong>νοσήματι</strong></span> <span class='ocrx_word' id='word_1_209' title='bbox 957 1867 1266 1943; x_wconf 79' lang='grc' dir='ltr'><strong>περιπεσὼν</strong></span> <span class='ocrx_word' id='word_1_210' title='bbox 1339 1856 1565 1937; x_wconf 77' lang='grc' dir='ltr'><strong>τελευτᾷ</strong></span> <span class='ocrx_word' id='word_1_211' title='bbox 1636 1886 1872 1942; x_wconf 85' lang='grc' dir='ltr'><strong>προχει-</strong></span> 
     </span>
    </p>
   </div>
   <div class='ocr_carea' id='block_1_35' title="bbox 1983 1856 3639 1964">
    <p class='ocr_par' dir='ltr' id='par_1_35' title="bbox 1984 1867 3639 1943">
     <span class='ocr_line' id='line_1_35' title="bbox 1984 1867 3639 1943; baseline 0.002 -18"><span class='ocrx_word' id='word_1_212' title='bbox 1984 1867 2240 1925; x_wconf 88' lang='lat' dir='ltr'><strong>Tandem</strong></span> <span class='ocrx_word' id='word_1_213' title='bbox 2261 1868 2586 1940; x_wconf 88' lang='lat' dir='ltr'><strong>imperator</strong></span> <span class='ocrx_word' id='word_1_214' title='bbox 2596 1868 2834 1925; x_wconf 73' lang='lat' dir='ltr'><strong>cmliaco</strong></span> <span class='ocrx_word' id='word_1_215' title='bbox 2848 1870 3056 1926; x_wconf 89' lang='lat' dir='ltr'><strong>morbo</strong></span> <span class='ocrx_word' id='word_1_216' title='bbox 3069 1878 3375 1943; x_wconf 90' lang='lat' dir='ltr'><strong>correptus</strong></span> <span class='ocrx_word' id='word_1_217' title='bbox 3390 1873 3639 1931; x_wconf 85' lang='lat' dir='ltr'><strong>Alexan-</strong></span> 
     </span>
    </p>
   </div>
   <div class='ocr_carea' id='block_1_36' title="bbox 217 1955 1871 2037">
    <p class='ocr_par' dir='ltr' id='par_1_36' title="bbox 217 1955 1871 2037">
     <span class='ocr_line' id='line_1_36' title="bbox 217 1955 1871 2037; baseline -0.002 -21"><span class='ocrx_word' id='word_1_218' title='bbox 217 1963 521 2037; x_wconf 75' lang='grc' dir='ltr'><strong>ρισάμενος</strong></span> <span class='ocrx_word' id='word_1_219' title='bbox 578 1955 935 2034; x_wconf 64' lang='grc' dir='ltr'><strong>Ἀλέξανδρον</strong></span> <span class='ocrx_word' id='word_1_220' title='bbox 983 1958 1077 2014; x_wconf 84' lang='grc' dir='ltr'><strong>τὸν</strong></span> <span class='ocrx_word' id='word_1_221' title='bbox 1141 1956 1308 2013; x_wconf 79' lang='grc' dir='ltr'><strong>αὐτοῦ</strong></span> <span class='ocrx_word' id='word_1_222' title='bbox 1364 1955 1599 2036; x_wconf 77' lang='grc' dir='ltr'><strong>ἀδελφὸν</strong></span> <span class='ocrx_word' id='word_1_223' title='bbox 1684 1956 1871 2014; x_wconf 84' lang='grc' dir='ltr'><strong>πολλὰ</strong></span> 
     </span>
    </p>
   </div>
   <div class='ocr_carea' id='block_1_37' title="bbox 213 2044 1876 2125">
    <p class='ocr_par' dir='ltr' id='par_1_37' title="bbox 213 2044 1876 2125">
     <span class='ocr_line' id='line_1_37' title="bbox 213 2044 1876 2125; baseline -0.002 -20"><span class='ocrx_word' id='word_1_224' title='bbox 213 2048 444 2120; x_wconf 69' lang='grc' dir='ltr'><strong>δεηθεὶς</strong></span> <span class='ocrx_word' id='word_1_225' title='bbox 472 2047 633 2105; x_wconf 71' lang='grc' dir='ltr'><strong>αὐτοῦ</strong></span> <span class='ocrx_word' id='word_1_226' title='bbox 695 2045 988 2125; x_wconf 73' lang='grc' dir='ltr'><strong>φυλάττειν</strong></span> <span class='ocrx_word' id='word_1_227' title='bbox 1042 2047 1134 2103; x_wconf 82' lang='grc' dir='ltr'><strong>τὸν</strong></span> <span class='ocrx_word' id='word_1_228' title='bbox 1189 2045 1305 2102; x_wconf 73' lang='grc' dir='ltr'><strong>υἱὸν</strong></span> <span class='ocrx_word' id='word_1_229' title='bbox 1365 2044 1531 2102; x_wconf 76' lang='grc' dir='ltr'><strong>αὖτοῦ</strong></span> <span class='ocrx_word' id='word_1_230' title='bbox 1585 2051 1876 2103; x_wconf 83' lang='grc' dir='ltr'><strong>Κωνσταν-</strong></span> 
     </span>
    </p>
   </div>
   <div class='ocr_carea' id='block_1_38' title="bbox 213 2162 388 2196">
    <p class='ocr_par' dir='ltr' id='par_1_38' title="bbox 213 2162 388 2196">
     <span class='ocr_line' id='line_1_38' title="bbox 213 2162 388 2196; baseline 0.006 -1"><span class='ocrx_word' id='word_1_231' title='bbox 213 2162 388 2196; x_wconf 69' lang='grc' dir='ltr'><strong>τινον.</strong></span> 
     </span>
    </p>
   </div>
   <div class='ocr_carea' id='block_1_39' title="bbox 287 2220 1872 2303">
    <p class='ocr_par' dir='ltr' id='par_1_39' title="bbox 287 2220 1872 2303">
     <span class='ocr_line' id='line_1_39' title="bbox 287 2220 1872 2303; baseline -0.003 -16"><span class='ocrx_word' id='word_1_232' title='bbox 287 2227 655 2303; x_wconf 75' lang='grc' dir='ltr'><strong>Ἀλέξανδρος</strong></span> <span class='ocrx_word' id='word_1_233' title='bbox 711 2224 804 2283; x_wconf 70' lang='grc' dir='ltr'><strong>οὖν</strong></span> <span class='ocrx_word' id='word_1_234' title='bbox 872 2223 1215 2283; x_wconf 62' lang='grc' dir='ltr'><strong>ἐϐασίλευσεν</strong></span> <span class='ocrx_word' id='word_1_235' title='bbox 1261 2220 1381 2290; x_wconf 70' lang='grc' dir='ltr'><strong>ἔτος</strong></span> <span class='ocrx_word' id='word_1_236' title='bbox 1430 2227 1476 2281; x_wconf 75' lang='grc' dir='ltr'><strong>α’</strong></span> <span class='ocrx_word' id='word_1_237' title='bbox 1521 2225 1611 2281; x_wconf 76' lang='grc' dir='ltr'><strong>καὶ</strong></span> <span class='ocrx_word' id='word_1_238' title='bbox 1662 2225 1872 2302; x_wconf 63' lang='grc' dir='ltr'><strong>ἡμέρας</strong></span> 
     </span>
    </p>
   </div>
   <div class='ocr_carea' id='block_1_40' title="bbox 214 2314 1875 2395">
    <p class='ocr_par' dir='ltr' id='par_1_40' title="bbox 214 2314 1875 2395">
     <span class='ocr_line' id='line_1_40' title="bbox 214 2314 1875 2395; baseline -0.001 -22"><span class='ocrx_word' id='word_1_239' title='bbox 214 2320 300 2383; x_wconf 62' lang='lat' dir='ltr'><strong>at)’</strong></span> <span class='ocrx_word' id='word_1_240' title='bbox 357 2317 456 2373; x_wconf 69' lang='grc' dir='ltr'><strong>σὺν</strong></span> <span class='ocrx_word' id='word_1_241' title='bbox 517 2316 902 2389; x_wconf 75' lang='grc' dir='ltr'><strong>Κωνσταντίνῳ</strong></span> <span class='ocrx_word' id='word_1_242' title='bbox 958 2317 1063 2389; x_wconf 73' lang='grc' dir='ltr'><strong>υἱῷ</strong></span> <span class='ocrx_word' id='word_1_243' title='bbox 1142 2315 1400 2379; x_wconf 70' lang='grc' dir='ltr'><strong>Λέοντοςο</strong></span> <span class='ocrx_word' id='word_1_244' title='bbox 1463 2314 1548 2384; x_wconf 80' lang='grc' dir='ltr'><strong>ὅς,</strong></span> <span class='ocrx_word' id='word_1_245' title='bbox 1625 2316 1875 2395; x_wconf 79' lang='grc' dir='ltr'><strong>ῥομφαίᾳ</strong></span> 
     </span>
    </p>
   </div>
   <div class='ocr_carea' id='block_1_41' title="bbox 221 2400 1871 2483">
    <p class='ocr_par' dir='ltr' id='par_1_41' title="bbox 221 2400 1871 2483">
     <span class='ocr_line' id='line_1_41' title="bbox 221 2400 1871 2483; baseline -0.003 -19"><span class='ocrx_word' id='word_1_246' title='bbox 221 2407 483 2481; x_wconf 73' lang='grc' dir='ltr'><strong>θεηλάτῳ</strong></span> <span class='ocrx_word' id='word_1_247' title='bbox 512 2405 771 2483; x_wconf 77' lang='grc' dir='ltr'><strong>πληγεὶς,</strong></span> <span class='ocrx_word' id='word_1_248' title='bbox 801 2404 1041 2479; x_wconf 82' lang='grc' dir='ltr'><strong>α’ίματος</strong></span> <span class='ocrx_word' id='word_1_249' title='bbox 1080 2404 1299 2462; x_wconf 78' lang='grc' dir='ltr'><strong>πολλοῦ</strong></span> <span class='ocrx_word' id='word_1_250' title='bbox 1345 2400 1406 2462; x_wconf 62' lang='grc' dir='ltr'><strong>ἔκ</strong></span> <span class='ocrx_word' id='word_1_251' title='bbox 1449 2424 1508 2461; x_wconf 89' lang='grc' dir='ltr'><strong>τε</strong></span> <span class='ocrx_word' id='word_1_252' title='bbox 1554 2409 1660 2460; x_wconf 78' lang='grc' dir='ltr'><strong>τῶν</strong></span> <span class='ocrx_word' id='word_1_253' title='bbox 1707 2404 1871 2482; x_wconf 80' lang='grc' dir='ltr'><strong>ῥινῶν</strong></span> 
     </span>
    </p>
   </div>
   <div class='ocr_carea' id='block_1_42' title="bbox 213 2491 1873 2573">
    <p class='ocr_par' dir='ltr' id='par_1_42' title="bbox 213 2491 1873 2573">
     <span class='ocr_line' id='line_1_42' title="bbox 213 2491 1873 2573; baseline -0.002 -20"><span class='ocrx_word' id='word_1_254' title='bbox 213 2498 305 2554; x_wconf 79' lang='grc' dir='ltr'><strong>καὶ</strong></span> <span class='ocrx_word' id='word_1_255' title='bbox 367 2501 479 2552; x_wconf 81' lang='grc' dir='ltr'><strong>τῶν</strong></span> <span class='ocrx_word' id='word_1_256' title='bbox 542 2494 770 2551; x_wconf 75' lang='grc' dir='ltr'><strong>αἰδοίων</strong></span> <span class='ocrx_word' id='word_1_257' title='bbox 826 2494 1214 2573; x_wconf 63' lang='grc' dir='ltr'><strong>ἐκφερομένου,</strong></span> <span class='ocrx_word' id='word_1_258' title='bbox 1277 2496 1409 2568; x_wconf 86' lang='grc' dir='ltr'><strong>μετὰ</strong></span> <span class='ocrx_word' id='word_1_259' title='bbox 1487 2491 1584 2549; x_wconf 70' lang='grc' dir='ltr'><strong>δύο</strong></span> <span class='ocrx_word' id='word_1_260' title='bbox 1658 2496 1873 2571; x_wconf 70' lang='grc' dir='ltr'><strong>ἡμέρας</strong></span> 
     </span>
    </p>
   </div>
   <div class='ocr_carea' id='block_1_43' title="bbox 214 2579 1870 2657">
    <p class='ocr_par' dir='ltr' id='par_1_43' title="bbox 214 2579 1870 2657">
     <span class='ocr_line' id='line_1_43' title="bbox 214 2579 1870 2657; baseline -0.003 -16"><span class='ocrx_word' id='word_1_261' title='bbox 214 2590 400 2648; x_wconf 78' lang='grc' dir='ltr'><strong>κακῶς</strong></span> <span class='ocrx_word' id='word_1_262' title='bbox 444 2583 823 2655; x_wconf 65' lang='grc' dir='ltr'><strong>ἕτελεύτησεν,</strong></span> <span class='ocrx_word' id='word_1_263' title='bbox 878 2582 1041 2647; x_wconf 73' lang='grc' dir='ltr'><strong>ιάσας</strong></span> <span class='ocrx_word' id='word_1_264' title='bbox 1094 2583 1196 2653; x_wconf 79' lang='grc' dir='ltr'><strong>τήν</strong></span> <span class='ocrx_word' id='word_1_265' title='bbox 1257 2579 1533 2657; x_wconf 88' lang='grc' dir='ltr'><strong>βασιλείαν</strong></span> <span class='ocrx_word' id='word_1_266' title='bbox 1590 2585 1870 2639; x_wconf 84' lang='grc' dir='ltr'><strong>Κωνσταν-</strong></span> 
     </span>
    </p>
   </div>
   <div class='ocr_carea' id='block_1_44' title="bbox 211 2670 1870 2749">
    <p class='ocr_par' dir='ltr' id='par_1_44' title="bbox 211 2670 1870 2749">
     <span class='ocr_line' id='line_1_44' title="bbox 211 2670 1870 2749; baseline -0.003 -18"><span class='ocrx_word' id='word_1_267' title='bbox 211 2676 348 2749; x_wconf 77' lang='grc' dir='ltr'><strong>τίνῳ</strong></span> <span class='ocrx_word' id='word_1_268' title='bbox 410 2676 518 2747; x_wconf 73' lang='grc' dir='ltr'><strong>υἶῷ</strong></span> <span class='ocrx_word' id='word_1_269' title='bbox 571 2676 823 2745; x_wconf 74' lang='grc' dir='ltr'><strong>Λὲοντος,</strong></span> <span class='ocrx_word' id='word_1_270' title='bbox 898 2672 989 2729; x_wconf 80' lang='grc' dir='ltr'><strong>καὶ</strong></span> <span class='ocrx_word' id='word_1_271' title='bbox 1072 2670 1399 2747; x_wconf 75' lang='grc' dir='ltr'><strong>ἐπιτρόπους</strong></span> <span class='ocrx_word' id='word_1_272' title='bbox 1484 2672 1631 2744; x_wconf 80' lang='grc' dir='ltr'><strong>αὐτῷ</strong></span> <span class='ocrx_word' id='word_1_273' title='bbox 1708 2691 1870 2727; x_wconf 82' lang='grc' dir='ltr'><strong>κατα·</strong></span> 
     </span>
    </p>
   </div>
   <div class='ocr_carea' id='block_1_45' title="bbox 214 2765 420 2821">
    <p class='ocr_par' dir='ltr' id='par_1_45' title="bbox 214 2765 420 2821">
     <span class='ocr_line' id='line_1_45' title="bbox 214 2765 420 2821; baseline 0.005 -1"><span class='ocrx_word' id='word_1_274' title='bbox 214 2765 420 2821; x_wconf 76' lang='grc' dir='ltr'><strong>λιπών.</strong></span> 
     </span>
    </p>
   </div>
   <div class='ocr_carea' id='block_1_46' title="bbox 287 2851 1869 2930">
    <p class='ocr_par' dir='ltr' id='par_1_46' title="bbox 287 2851 1869 2930">
     <span class='ocr_line' id='line_1_46' title="bbox 287 2851 1869 2930; baseline -0.004 -18"><span class='ocrx_word' id='word_1_275' title='bbox 287 2858 707 2917; x_wconf 79' lang='grc' dir='ltr'><strong>Κωνσταντῒνος</strong></span> <span class='ocrx_word' id='word_1_276' title='bbox 737 2852 797 2909; x_wconf 70' lang='grc' dir='ltr'><strong>δδ</strong></span> <span class='ocrx_word' id='word_1_277' title='bbox 853 2854 882 2909; x_wconf 83' lang='grc' dir='ltr'><strong>ὁ</strong></span> <span class='ocrx_word' id='word_1_278' title='bbox 924 2856 1143 2928; x_wconf 78' lang='grc' dir='ltr'><strong>πρῶτος</strong></span> <span class='ocrx_word' id='word_1_279' title='bbox 1187 2851 1726 2930; x_wconf 72' lang='grc' dir='ltr'><strong>Πορφυρογίννητος,</strong></span> <span class='ocrx_word' id='word_1_280' title='bbox 1771 2856 1869 2907; x_wconf 74' lang='grc' dir='ltr'><strong>τοῦ</strong></span> 
     </span>
    </p>
   </div>
   <div class='ocr_carea' id='block_1_47' title="bbox 216 2937 1867 3018">
    <p class='ocr_par' dir='ltr' id='par_1_47' title="bbox 216 2937 1867 3018">
     <span class='ocr_line' id='line_1_47' title="bbox 216 2937 1867 3018; baseline -0.003 -19"><span class='ocrx_word' id='word_1_281' title='bbox 216 2944 426 3018; x_wconf 81' lang='grc' dir='ltr'><strong>πατρὸς</strong></span> <span class='ocrx_word' id='word_1_282' title='bbox 455 2943 631 2999; x_wconf 74' lang='grc' dir='ltr'><strong>αὐτοῦ</strong></span> <span class='ocrx_word' id='word_1_283' title='bbox 657 2942 1082 3014; x_wconf 77' lang='grc' dir='ltr'><strong>τελευτήσαντος</strong></span> <span class='ocrx_word' id='word_1_284' title='bbox 1133 2939 1385 3013; x_wconf 69' lang='grc' dir='ltr'><strong>Λίοντος,</strong></span> <span class='ocrx_word' id='word_1_285' title='bbox 1436 2946 1564 3003; x_wconf 82' lang='grc' dir='ltr'><strong>παῖς</strong></span> <span class='ocrx_word' id='word_1_286' title='bbox 1613 2937 1692 2996; x_wconf 74' lang='grc' dir='ltr'><strong>ἔτι</strong></span> <span class='ocrx_word' id='word_1_287' title='bbox 1738 2960 1867 3016; x_wconf 84' lang='grc' dir='ltr'><strong>τυγ-</strong></span> 
     </span>
    </p>
   </div>
   <div class='ocr_carea' id='block_1_48' title="bbox 218 3026 1866 3108">
    <p class='ocr_par' dir='ltr' id='par_1_48' title="bbox 218 3026 1866 3108">
     <span class='ocr_line' id='line_1_48' title="bbox 218 3026 1866 3108; baseline -0.001 -21"><span class='ocrx_word' id='word_1_288' title='bbox 218 3032 405 3108; x_wconf 70' lang='grc' dir='ltr'><strong>χάνων</strong></span> <span class='ocrx_word' id='word_1_289' title='bbox 436 3026 699 3107; x_wconf 72' lang='grc' dir='ltr'><strong>(ἕϐδομον</strong></span> <span class='ocrx_word' id='word_1_290' title='bbox 729 3030 832 3108; x_wconf 80' lang='grc' dir='ltr'><strong>γὰρ</strong></span> <span class='ocrx_word' id='word_1_291' title='bbox 861 3030 931 3101; x_wconf 78' lang='grc' dir='ltr'><strong>ἦν</strong></span> <span class='ocrx_word' id='word_1_292' title='bbox 971 3031 1120 3104; x_wconf 80' lang='grc' dir='ltr'><strong>αὐτῷ</strong></span> <span class='ocrx_word' id='word_1_293' title='bbox 1159 3037 1261 3102; x_wconf 86' lang='grc' dir='ltr'><strong>τῆς</strong></span> <span class='ocrx_word' id='word_1_294' title='bbox 1307 3028 1531 3100; x_wconf 78' lang='grc' dir='ltr'><strong>ἡλικίας</strong></span> <span class='ocrx_word' id='word_1_295' title='bbox 1573 3026 1714 3103; x_wconf 67' lang='grc' dir='ltr'><strong>ἔτος)</strong></span> <span class='ocrx_word' id='word_1_296' title='bbox 1763 3029 1866 3085; x_wconf 82' lang='grc' dir='ltr'><strong>ὑπὸ</strong></span> 
     </span>
    </p>
   </div>
   <div class='ocr_carea' id='block_1_49' title="bbox 220 3116 1868 3197">
    <p class='ocr_par' dir='ltr' id='par_1_49' title="bbox 220 3116 1868 3197">
     <span class='ocr_line' id='line_1_49' title="bbox 220 3116 1868 3197; baseline -0.003 -18"><span class='ocrx_word' id='word_1_297' title='bbox 220 3119 577 3197; x_wconf 65' lang='grc' dir='ltr'><strong>Ἀλέξανδρον</strong></span> <span class='ocrx_word' id='word_1_298' title='bbox 636 3122 781 3177; x_wconf 80' lang='grc' dir='ltr'><strong>θεῖον</strong></span> <span class='ocrx_word' id='word_1_299' title='bbox 838 3122 1011 3176; x_wconf 74' lang='grc' dir='ltr'><strong>αὐτοῦ</strong></span> <span class='ocrx_word' id='word_1_300' title='bbox 1063 3120 1115 3175; x_wconf 80' lang='grc' dir='ltr'><strong>ἐν</strong></span> <span class='ocrx_word' id='word_1_301' title='bbox 1172 3124 1241 3194; x_wconf 83' lang='grc' dir='ltr'><strong>τῇ</strong></span> <span class='ocrx_word' id='word_1_302' title='bbox 1311 3116 1565 3195; x_wconf 77' lang='grc' dir='ltr'><strong>βασιλείᾳ</strong></span> <span class='ocrx_word' id='word_1_303' title='bbox 1643 3116 1868 3174; x_wconf 82' lang='grc' dir='ltr'><strong>καταλέ-</strong></span> 
     </span>
    </p>
   </div>
   <div class='ocr_carea' id='block_1_50' title="bbox 222 3204 1868 3287">
    <p class='ocr_par' dir='ltr' id='par_1_50' title="bbox 222 3204 1868 3287">
     <span class='ocr_line' id='line_1_50' title="bbox 222 3204 1868 3287; baseline -0.002 -21"><span class='ocrx_word' id='word_1_304' title='bbox 222 3212 440 3285; x_wconf 79' lang='grc' dir='ltr'><strong>λειπτο,</strong></span> <span class='ocrx_word' id='word_1_305' title='bbox 505 3211 613 3268; x_wconf 74' lang='grc' dir='ltr'><strong>ὑπὸ</strong></span> <span class='ocrx_word' id='word_1_306' title='bbox 677 3208 1009 3287; x_wconf 68' lang='grc' dir='ltr'><strong>ἂπιτρόπους</strong></span> <span class='ocrx_word' id='word_1_307' title='bbox 1058 3208 1254 3266; x_wconf 79' lang='grc' dir='ltr'><strong>τελῶνο</strong></span> <span class='ocrx_word' id='word_1_308' title='bbox 1331 3204 1712 3267; x_wconf 77' lang='grc' dir='ltr'><strong>Ἐϐασίλευσεν</strong></span> <span class='ocrx_word' id='word_1_309' title='bbox 1776 3208 1868 3264; x_wconf 77' lang='grc' dir='ltr'><strong>οὖν</strong></span> 
     </span>
    </p>
   </div>
   <div class='ocr_carea' id='block_1_51' title="bbox 219 3292 1868 3375">
    <p class='ocr_par' dir='ltr' id='par_1_51' title="bbox 219 3292 1868 3375">
     <span class='ocr_line' id='line_1_51' title="bbox 219 3292 1868 3375; baseline -0.001 -18"><span class='ocrx_word' id='word_1_310' title='bbox 219 3300 310 3358; x_wconf 67' lang='grc' dir='ltr'><strong>σὺν</strong></span> <span class='ocrx_word' id='word_1_311' title='bbox 339 3305 414 3375; x_wconf 78' lang='grc' dir='ltr'><strong>τῇ</strong></span> <span class='ocrx_word' id='word_1_312' title='bbox 452 3303 624 3375; x_wconf 82' lang='grc' dir='ltr'><strong>μητρὶ</strong></span> <span class='ocrx_word' id='word_1_313' title='bbox 675 3301 848 3357; x_wconf 75' lang='grc' dir='ltr'><strong>αὐτοῦ</strong></span> <span class='ocrx_word' id='word_1_314' title='bbox 905 3304 1027 3375; x_wconf 80' lang='grc' dir='ltr'><strong>Ζωῇ</strong></span> <span class='ocrx_word' id='word_1_315' title='bbox 1085 3304 1156 3374; x_wconf 84' lang='grc' dir='ltr'><strong>τῇ</strong></span> <span class='ocrx_word' id='word_1_316' title='bbox 1210 3294 1607 3375; x_wconf 79' lang='grc' dir='ltr'><strong>Καρϐωνοψίνᾳ</strong></span> <span class='ocrx_word' id='word_1_317' title='bbox 1659 3292 1753 3368; x_wconf 74' lang='grc' dir='ltr'><strong>ἔτη</strong></span> <span class='ocrx_word' id='word_1_318' title='bbox 1807 3299 1868 3369; x_wconf 85' lang='grc' dir='ltr'><strong>ζ’,</strong></span> 
     </span>
    </p>
   </div>
   <div class='ocr_carea' id='block_1_52' title="bbox 220 3385 1865 3467">
    <p class='ocr_par' dir='ltr' id='par_1_52' title="bbox 220 3385 1865 3467">
     <span class='ocr_line' id='line_1_52' title="bbox 220 3385 1865 3467; baseline -0.003 -21"><span class='ocrx_word' id='word_1_319' title='bbox 220 3395 329 3467; x_wconf 76' lang='grc' dir='ltr'><strong>ἅμα</strong></span> <span class='ocrx_word' id='word_1_320' title='bbox 362 3388 424 3446; x_wconf 74' lang='grc' dir='ltr'><strong>δὲ</strong></span> <span class='ocrx_word' id='word_1_321' title='bbox 478 3392 749 3463; x_wconf 80' lang='grc' dir='ltr'><strong>Ῥωμανῷ</strong></span> <span class='ocrx_word' id='word_1_322' title='bbox 805 3392 1046 3461; x_wconf 79' lang='grc' dir='ltr'><strong>πενθερῷ</strong></span> <span class='ocrx_word' id='word_1_323' title='bbox 1102 3389 1294 3459; x_wconf 79' lang='grc' dir='ltr'><strong>αὑτοῦ,</strong></span> <span class='ocrx_word' id='word_1_324' title='bbox 1351 3385 1426 3442; x_wconf 78' lang='grc' dir='ltr'><strong>ὥν</strong></span> <span class='ocrx_word' id='word_1_325' title='bbox 1483 3385 1538 3443; x_wconf 77' lang='grc' dir='ltr'><strong>ἑν</strong></span> <span class='ocrx_word' id='word_1_326' title='bbox 1600 3388 1865 3463; x_wconf 77' lang='grc' dir='ltr'><strong>ὑποταγῇ,</strong></span> 
     </span>
    </p>
   </div>
   <div class='ocr_carea' id='block_1_53' title="bbox 218 3474 1869 3554">
    <p class='ocr_par' dir='ltr' id='par_1_53' title="bbox 218 3474 1869 3554">
     <span class='ocr_line' id='line_1_53' title="bbox 218 3474 1869 3554; baseline -0.002 -19"><span class='ocrx_word' id='word_1_327' title='bbox 218 3476 307 3551; x_wconf 77' lang='grc' dir='ltr'><strong>ἔτη</strong></span> <span class='ocrx_word' id='word_1_328' title='bbox 337 3486 437 3545; x_wconf 79' lang='grc' dir='ltr'><strong>κε’,</strong></span> <span class='ocrx_word' id='word_1_329' title='bbox 476 3477 837 3554; x_wconf 73' lang='grc' dir='ltr'><strong>μονοκράτωρ</strong></span> <span class='ocrx_word' id='word_1_330' title='bbox 870 3474 962 3547; x_wconf 80' lang='grc' dir='ltr'><strong>ἔτη</strong></span> <span class='ocrx_word' id='word_1_331' title='bbox 992 3485 1064 3550; x_wconf 84' lang='grc' dir='ltr'><strong>μ’,</strong></span> <span class='ocrx_word' id='word_1_332' title='bbox 1117 3477 1193 3541; x_wconf 81' lang='grc' dir='ltr'><strong>ὡς</strong></span> <span class='ocrx_word' id='word_1_333' title='bbox 1243 3476 1383 3533; x_wconf 79' lang='grc' dir='ltr'><strong>εἶναι</strong></span> <span class='ocrx_word' id='word_1_334' title='bbox 1430 3476 1499 3531; x_wconf 78' lang='grc' dir='ltr'><strong>τὰ</strong></span> <span class='ocrx_word' id='word_1_335' title='bbox 1546 3476 1719 3532; x_wconf 75' lang='grc' dir='ltr'><strong>πάντα</strong></span> <span class='ocrx_word' id='word_1_336' title='bbox 1767 3481 1869 3545; x_wconf 82' lang='grc' dir='ltr'><strong>τῆς</strong></span> 
     </span>
    </p>
   </div>
   <div class='ocr_carea' id='block_1_54' title="bbox 221 3563 1868 3645">
    <p class='ocr_par' dir='ltr' id='par_1_54' title="bbox 221 3563 1868 3645">
     <span class='ocr_line' id='line_1_54' title="bbox 221 3563 1868 3645; baseline -0.003 -20"><span class='ocrx_word' id='word_1_337' title='bbox 221 3569 501 3645; x_wconf 74' lang='grc' dir='ltr'><strong>βασιλείας</strong></span> <span class='ocrx_word' id='word_1_338' title='bbox 552 3569 726 3623; x_wconf 79' lang='grc' dir='ltr'><strong>αὐτοῦ</strong></span> <span class='ocrx_word' id='word_1_339' title='bbox 784 3563 879 3638; x_wconf 74' lang='grc' dir='ltr'><strong>ἔτη</strong></span> <span class='ocrx_word' id='word_1_340' title='bbox 938 3567 1025 3637; x_wconf 73' lang='lat' dir='ltr'><strong>Es‘.</strong></span> <span class='ocrx_word' id='word_1_341' title='bbox 1079 3571 1198 3637; x_wconf 84' lang='grc' dir='ltr'><strong>Ὃς,</strong></span> <span class='ocrx_word' id='word_1_342' title='bbox 1251 3568 1353 3637; x_wconf 77' lang='grc' dir='ltr'><strong>τὴν</strong></span> <span class='ocrx_word' id='word_1_343' title='bbox 1394 3564 1596 3621; x_wconf 70' lang='grc' dir='ltr'><strong>οἰκείαν</strong></span> <span class='ocrx_word' id='word_1_344' title='bbox 1655 3565 1868 3640; x_wconf 63' lang='grc' dir='ltr'><strong>μητερα</strong></span> 
     </span>
    </p>
   </div>
   <div class='ocr_carea' id='block_1_55' title="bbox 218 3656 1866 3737">
    <p class='ocr_par' dir='ltr' id='par_1_55' title="bbox 218 3656 1866 3737">
     <span class='ocr_line' id='line_1_55' title="bbox 218 3656 1866 3737; baseline -0.003 -21"><span class='ocrx_word' id='word_1_345' title='bbox 218 3662 290 3724; x_wconf 78' lang='grc' dir='ltr'><strong>ὡς</strong></span> <span class='ocrx_word' id='word_1_346' title='bbox 345 3656 824 3717; x_wconf 69' lang='grc' dir='ltr'><strong>ἐπιϐουλεύονσαν</strong></span> <span class='ocrx_word' id='word_1_347' title='bbox 900 3660 1166 3734; x_wconf 80' lang='grc' dir='ltr'><strong>Ῥωμανῷ</strong></span> <span class='ocrx_word' id='word_1_348' title='bbox 1243 3656 1332 3714; x_wconf 73' lang='grc' dir='ltr'><strong>διὰ</strong></span> <span class='ocrx_word' id='word_1_349' title='bbox 1386 3658 1866 3737; x_wconf 78' lang='grc' dir='ltr'><strong>πεφαρμαγμὲνων</strong></span> 
     </span>
    </p>
   </div>
   <div class='ocr_carea' id='block_1_56' title="bbox 220 3744 1864 3827">
    <p class='ocr_par' dir='ltr' id='par_1_56' title="bbox 220 3744 1864 3827">
     <span class='ocr_line' id='line_1_56' title="bbox 220 3744 1864 3827; baseline -0.001 -22"><span class='ocrx_word' id='word_1_350' title='bbox 220 3750 530 3826; x_wconf 67' lang='grc' dir='ltr'><strong>βρωμάτων</strong></span> <span class='ocrx_word' id='word_1_351' title='bbox 577 3749 858 3827; x_wconf 78' lang='grc' dir='ltr'><strong>φωράσας,</strong></span> <span class='ocrx_word' id='word_1_352' title='bbox 903 3744 1105 3818; x_wconf 74' lang='grc' dir='ltr'><strong>ταύτην</strong></span> <span class='ocrx_word' id='word_1_353' title='bbox 1163 3748 1257 3821; x_wconf 75' lang='grc' dir='ltr'><strong>μὶν</strong></span> <span class='ocrx_word' id='word_1_354' title='bbox 1309 3751 1407 3804; x_wconf 81' lang='grc' dir='ltr'><strong>τοῦ</strong></span> <span class='ocrx_word' id='word_1_355' title='bbox 1448 3745 1720 3804; x_wconf 87' lang='grc' dir='ltr'><strong>παλατίου</strong></span> <span class='ocrx_word' id='word_1_356' title='bbox 1767 3769 1864 3803; x_wconf 81' lang='grc' dir='ltr'><strong>κα-</strong></span> 
     </span>
    </p>
   </div>
   <div class='ocr_carea' id='block_1_57' title="bbox 214 3834 1862 3910">
    <p class='ocr_par' dir='ltr' id='par_1_57' title="bbox 214 3834 1862 3910">
     <span class='ocr_line' id='line_1_57' title="bbox 214 3834 1862 3910; baseline -0.002 -16"><span class='ocrx_word' id='word_1_357' title='bbox 214 3834 513 3909; x_wconf 74' lang='grc' dir='ltr'><strong>ταϐιϐάζει,</strong></span> <span class='ocrx_word' id='word_1_358' title='bbox 588 3835 895 3910; x_wconf 69' lang='grc' dir='ltr'><strong>ῬωμιινὸνΔ</strong></span> <span class='ocrx_word' id='word_1_359' title='bbox 951 3834 1009 3893; x_wconf 70' lang='grc' dir='ltr'><strong>δὶ</strong></span> <span class='ocrx_word' id='word_1_360' title='bbox 1080 3838 1172 3893; x_wconf 82' lang='grc' dir='ltr'><strong>τὸν</strong></span> <span class='ocrx_word' id='word_1_361' title='bbox 1249 3836 1565 3908; x_wconf 80' lang='grc' dir='ltr'><strong>Δεκαπηνὸν</strong></span> <span class='ocrx_word' id='word_1_362' title='bbox 1640 3837 1730 3892; x_wconf 84' lang='grc' dir='ltr'><strong>τὸν</strong></span> <span class='ocrx_word' id='word_1_363' title='bbox 1772 3837 1862 3891; x_wconf 78' lang='grc' dir='ltr'><strong>καὶ</strong></span> 
     </span>
    </p>
   </div>
   <div class='ocr_carea' id='block_1_58' title="bbox 217 3923 1860 4001">
    <p class='ocr_par' dir='ltr' id='par_1_58' title="bbox 217 3923 1860 4001">
     <span class='ocr_line' id='line_1_58' title="bbox 217 3923 1860 4001; baseline -0.002 -17"><span class='ocrx_word' id='word_1_364' title='bbox 217 3923 585 3984; x_wconf 78' lang='grc' dir='ltr'><strong>Ἀϐάστακτον</strong></span> <span class='ocrx_word' id='word_1_365' title='bbox 626 3929 697 3999; x_wconf 74' lang='grc' dir='ltr'><strong>τῇ</strong></span> <span class='ocrx_word' id='word_1_366' title='bbox 751 3926 851 3981; x_wconf 72' lang='grc' dir='ltr'><em>τοῦ</em></span> <span class='ocrx_word' id='word_1_367' title='bbox 910 3924 1176 4001; x_wconf 80' lang='grc' dir='ltr'><strong>Καίσαρος</strong></span> <span class='ocrx_word' id='word_1_368' title='bbox 1235 3926 1358 3998; x_wconf 79' lang='grc' dir='ltr'><strong>ἀξίᾳ</strong></span> <span class='ocrx_word' id='word_1_369' title='bbox 1404 3931 1560 3999; x_wconf 82' lang='grc' dir='ltr'><strong>τιμᾷ,</strong></span> <span class='ocrx_word' id='word_1_370' title='bbox 1605 3926 1722 3981; x_wconf 68' lang='grc' dir='ltr'><strong>εἶτα</strong></span> <span class='ocrx_word' id='word_1_371' title='bbox 1772 3926 1860 3981; x_wconf 77' lang='grc' dir='ltr'><strong>καὶ</strong></span> 
     </span>
    </p>
   </div>
   <div class='ocr_carea' id='block_1_59' title="bbox 213 4012 1861 4098">
    <p class='ocr_par' dir='ltr' id='par_1_59' title="bbox 213 4012 1861 4098">
     <span class='ocr_line' id='line_1_59' title="bbox 213 4012 1861 4098; baseline -0.002 -24"><span class='ocrx_word' id='word_1_372' title='bbox 213 4023 287 4090; x_wconf 77' lang='grc' dir='ltr'><strong>τῷ</strong></span> <span class='ocrx_word' id='word_1_373' title='bbox 312 4024 414 4088; x_wconf 79' lang='grc' dir='ltr'><strong>τῆς</strong></span> <span class='ocrx_word' id='word_1_374' title='bbox 450 4016 735 4093; x_wconf 80' lang='grc' dir='ltr'><strong>βασιλείας</strong></span> <span class='ocrx_word' id='word_1_375' title='bbox 792 4019 959 4074; x_wconf 80' lang='grc' dir='ltr'><strong>αὐτὸν</strong></span> <span class='ocrx_word' id='word_1_376' title='bbox 1013 4019 1193 4098; x_wconf 68' lang='grc' dir='ltr'><strong>στέφει</strong></span> <span class='ocrx_word' id='word_1_377' title='bbox 1245 4012 1563 4090; x_wconf 72' lang='grc' dir='ltr'><strong>διαδήματιο</strong></span> <span class='ocrx_word' id='word_1_378' title='bbox 1614 4018 1693 4087; x_wconf 73' lang='grc' dir='ltr'><strong>ὃς,</strong></span> <span class='ocrx_word' id='word_1_379' title='bbox 1748 4022 1861 4091; x_wconf 82' lang='grc' dir='ltr'><strong>μετ’</strong></span> 
     </span>
    </p>
   </div>
   <div class='ocr_carea' id='block_1_60' title="bbox 217 4104 1862 4182">
    <p class='ocr_par' dir='ltr' id='par_1_60' title="bbox 217 4104 1862 4182">
     <span class='ocr_line' id='line_1_60' title="bbox 217 4104 1862 4182; baseline 0.001 -20"><span class='ocrx_word' id='word_1_380' title='bbox 217 4108 274 4163; x_wconf 72' lang='grc' dir='ltr'><strong>οὗ</strong></span> <span class='ocrx_word' id='word_1_381' title='bbox 303 4104 448 4164; x_wconf 71' lang='grc' dir='ltr'><strong>πολὺ</strong></span> <span class='ocrx_word' id='word_1_382' title='bbox 500 4108 594 4163; x_wconf 85' lang='grc' dir='ltr'><strong>τὸν</strong></span> <span class='ocrx_word' id='word_1_383' title='bbox 653 4104 884 4182; x_wconf 73' lang='grc' dir='ltr'><strong>βασιλέα</strong></span> <span class='ocrx_word' id='word_1_384' title='bbox 940 4110 1343 4165; x_wconf 79' lang='grc' dir='ltr'><strong>Κωνσταντῖνον</strong></span> <span class='ocrx_word' id='word_1_385' title='bbox 1390 4105 1480 4163; x_wconf 74' lang='grc' dir='ltr'><strong>διά</strong></span> <span class='ocrx_word' id='word_1_386' title='bbox 1523 4127 1688 4164; x_wconf 90' lang='grc' dir='ltr'><strong>τινων</strong></span> <span class='ocrx_word' id='word_1_387' title='bbox 1742 4107 1862 4163; x_wconf 84' lang='grc' dir='ltr'><strong>ἑπι-</strong></span> 
     </span>
    </p>
   </div>
   <div class='ocr_carea' id='block_1_61' title="bbox 218 4192 1861 4275">
    <p class='ocr_par' dir='ltr' id='par_1_61' title="bbox 218 4192 1861 4275">
     <span class='ocr_line' id='line_1_61' title="bbox 218 4192 1861 4275; baseline 0.001 -25"><span class='ocrx_word' id='word_1_388' title='bbox 218 4192 417 4268; x_wconf 68' lang='grc' dir='ltr'><strong>6ουλὲ,ν</strong></span> <span class='ocrx_word' id='word_1_389' title='bbox 448 4197 603 4269; x_wconf 78' lang='grc' dir='ltr'><strong>αὖτῷ</strong></span> <span class='ocrx_word' id='word_1_390' title='bbox 657 4197 1126 4267; x_wconf 77' lang='grc' dir='ltr'><strong>κατασκευάζοντα</strong></span> <span class='ocrx_word' id='word_1_391' title='bbox 1169 4197 1354 4269; x_wconf 80' lang='grc' dir='ltr'><strong>μαθὼν</strong></span> <span class='ocrx_word' id='word_1_392' title='bbox 1403 4198 1493 4252; x_wconf 77' lang='grc' dir='ltr'><strong>καὶ</strong></span> <span class='ocrx_word' id='word_1_393' title='bbox 1538 4196 1861 4275; x_wconf 80' lang='grc' dir='ltr'><strong>προφάσεως</strong></span> 
     </span>
    </p>
   </div>
   <div class='ocr_carea' id='block_1_62' title="bbox 218 4281 1863 4362">
    <p class='ocr_par' dir='ltr' id='par_1_62' title="bbox 218 4281 1863 4362">
     <span class='ocr_line' id='line_1_62' title="bbox 218 4281 1863 4362; baseline 0.001 -23"><span class='ocrx_word' id='word_1_394' title='bbox 218 4282 519 4360; x_wconf 72' lang='grc' dir='ltr'><strong>λαϐόμενος</strong></span> <span class='ocrx_word' id='word_1_395' title='bbox 596 4286 761 4342; x_wconf 70' lang='grc' dir='ltr'><strong>αὐτὸν</strong></span> <span class='ocrx_word' id='word_1_396' title='bbox 840 4287 939 4360; x_wconf 72' lang='grc' dir='ltr'><strong>μὲν</strong></span> <span class='ocrx_word' id='word_1_397' title='bbox 1011 4281 1333 4356; x_wconf 75' lang='grc' dir='ltr'><strong>ὀποϐιϐάζει</strong></span> <span class='ocrx_word' id='word_1_398' title='bbox 1424 4284 1514 4342; x_wconf 83' lang='grc' dir='ltr'><strong>καὶ</strong></span> <span class='ocrx_word' id='word_1_399' title='bbox 1617 4283 1863 4362; x_wconf 81' lang='grc' dir='ltr'><strong>δεύτερον</strong></span> 
     </span>
    </p>
   </div>
   <div class='ocr_carea' id='block_1_63' title="bbox 216 4371 1861 4451">
    <p class='ocr_par' dir='ltr' id='par_1_63' title="bbox 216 4371 1861 4451">
     <span class='ocr_line' id='line_1_63' title="bbox 216 4371 1861 4451; baseline 0 -21"><span class='ocrx_word' id='word_1_400' title='bbox 216 4381 456 4449; x_wconf 78' lang='grc' dir='ltr'><strong>καθιστᾷ,</strong></span> <span class='ocrx_word' id='word_1_401' title='bbox 512 4376 705 4432; x_wconf 72' lang='grc' dir='ltr'><strong>ἑαυτὸν</strong></span> <span class='ocrx_word' id='word_1_402' title='bbox 766 4371 824 4431; x_wconf 68' lang='grc' dir='ltr'><strong>δὶ</strong></span> <span class='ocrx_word' id='word_1_403' title='bbox 890 4374 1010 4451; x_wconf 79' lang='grc' dir='ltr'><strong>ἄγει</strong></span> <span class='ocrx_word' id='word_1_404' title='bbox 1077 4375 1153 4438; x_wconf 72' lang='grc' dir='ltr'><strong>είς</strong></span> <span class='ocrx_word' id='word_1_405' title='bbox 1216 4375 1281 4431; x_wconf 87' lang='grc' dir='ltr'><strong>τὸ</strong></span> <span class='ocrx_word' id='word_1_406' title='bbox 1337 4374 1667 4450; x_wconf 72' lang='grc' dir='ltr'><strong>ἓμπροσθενο</strong></span> <span class='ocrx_word' id='word_1_407' title='bbox 1729 4376 1861 4448; x_wconf 84' lang='grc' dir='ltr'><strong>μετὰ</strong></span> 
     </span>
    </p>
   </div>
   <div class='ocr_carea' id='block_1_64' title="bbox 217 4462 1862 4543">
    <p class='ocr_par' dir='ltr' id='par_1_64' title="bbox 217 4462 1862 4543">
     <span class='ocr_line' id='line_1_64' title="bbox 217 4462 1862 4543; baseline -0.001 -25"><span class='ocrx_word' id='word_1_408' title='bbox 217 4469 374 4520; x_wconf 69' lang='grc' dir='ltr'><strong>ταῦτα</strong></span> <span class='ocrx_word' id='word_1_409' title='bbox 406 4462 468 4520; x_wconf 73' lang='grc' dir='ltr'><strong>ὁὶ</strong></span> <span class='ocrx_word' id='word_1_410' title='bbox 498 4464 711 4520; x_wconf 78' lang='grc' dir='ltr'><strong>καὶτὸν</strong></span> <span class='ocrx_word' id='word_1_411' title='bbox 768 4464 887 4519; x_wconf 75' lang='grc' dir='ltr'><strong>υἱὸν</strong></span> <span class='ocrx_word' id='word_1_412' title='bbox 935 4462 1098 4519; x_wconf 74' lang='grc' dir='ltr'><strong>αὐτοῦ</strong></span> <span class='ocrx_word' id='word_1_413' title='bbox 1146 4462 1521 4543; x_wconf 80' lang='grc' dir='ltr'><strong>Θεοφύλακτον</strong></span> <span class='ocrx_word' id='word_1_414' title='bbox 1566 4467 1646 4534; x_wconf 79' lang='grc' dir='ltr'><strong>τῷ</strong></span> <span class='ocrx_word' id='word_1_415' title='bbox 1697 4482 1862 4538; x_wconf 81' lang='grc' dir='ltr'><strong>πατρι</strong></span> 
     </span>
    </p>
   </div>
   <div class='ocr_carea' id='block_1_65' title="bbox 217 4550 1862 4631">
    <p class='ocr_par' dir='ltr' id='par_1_65' title="bbox 217 4550 1862 4631">
     <span class='ocr_line' id='line_1_65' title="bbox 217 4550 1862 4631; baseline 0 -24"><span class='ocrx_word' id='word_1_416' title='bbox 217 4560 426 4629; x_wconf 74' lang='grc' dir='ltr'><strong>αρχικῷ</strong></span> <span class='ocrx_word' id='word_1_417' title='bbox 477 4555 661 4629; x_wconf 74' lang='grc' dir='ltr'><strong>θρόνῳ</strong></span> <span class='ocrx_word' id='word_1_418' title='bbox 717 4550 1079 4631; x_wconf 73' lang='grc' dir='ltr'><strong>ἐγγαθιδρύει.</strong></span> <span class='ocrx_word' id='word_1_419' title='bbox 1137 4553 1262 4610; x_wconf 82' lang='grc' dir='ltr'><strong>Ἐπὶ</strong></span> <span class='ocrx_word' id='word_1_420' title='bbox 1328 4556 1429 4629; x_wconf 49' lang='grc' dir='ltr'><strong>ᾗς</strong></span> <span class='ocrx_word' id='word_1_421' title='bbox 1479 4552 1644 4608; x_wconf 76' lang='grc' dir='ltr'><strong>αὐτοῦ</strong></span> <span class='ocrx_word' id='word_1_422' title='bbox 1701 4552 1862 4627; x_wconf 60' lang='grc' dir='ltr'><strong>βασις</strong></span> 
     </span>
    </p>
   </div>
   <div class='ocr_carea' id='block_1_66' title="bbox 1985 1958 3632 2034">
    <p class='ocr_par' dir='ltr' id='par_1_66' title="bbox 1985 1958 3632 2034">
     <span class='ocr_line' id='line_1_66' title="bbox 1985 1958 3632 2034; baseline 0.002 -19"><span class='ocrx_word' id='word_1_423' title='bbox 1985 1958 2160 2015; x_wconf 91' lang='lat' dir='ltr'><strong>drum</strong></span> <span class='ocrx_word' id='word_1_424' title='bbox 2191 1959 2432 2013; x_wconf 85' lang='lat' dir='ltr'><strong>fratrem</strong></span> <span class='ocrx_word' id='word_1_425' title='bbox 2461 1958 2881 2028; x_wconf 87' lang='lat' dir='ltr'><strong>imperatorem</strong></span> <span class='ocrx_word' id='word_1_426' title='bbox 2909 1958 3195 2032; x_wconf 82' lang='lat' dir='ltr'><strong>designat,</strong></span> <span class='ocrx_word' id='word_1_427' title='bbox 3237 1962 3440 2018; x_wconf 87' lang='lat' dir='ltr'><strong>multis</strong></span> <span class='ocrx_word' id='word_1_428' title='bbox 3469 1965 3632 2034; x_wconf 87' lang='lat' dir='ltr'><strong>prius</strong></span> 
     </span>
    </p>
   </div>
   <div class='ocr_carea' id='block_1_67' title="bbox 1986 2046 3640 2118">
    <p class='ocr_par' dir='ltr' id='par_1_67' title="bbox 1986 2046 3640 2118">
     <span class='ocr_line' id='line_1_67' title="bbox 1986 2046 3640 2118; baseline 0.002 -15"><span class='ocrx_word' id='word_1_429' title='bbox 1986 2046 2337 2118; x_wconf 82' lang='lat' dir='ltr'><strong>deprecatus</strong></span> <span class='ocrx_word' id='word_1_430' title='bbox 2367 2051 2432 2103; x_wconf 87' lang='lat' dir='ltr'><strong>ut</strong></span> <span class='ocrx_word' id='word_1_431' title='bbox 2459 2046 2912 2101; x_wconf 89' lang='lat' dir='ltr'><strong>Constantinum</strong></span> <span class='ocrx_word' id='word_1_432' title='bbox 2947 2046 3138 2103; x_wconf 81' lang='lat' dir='ltr'><strong>lilium</strong></span> <span class='ocrx_word' id='word_1_433' title='bbox 3179 2055 3439 2105; x_wconf 85' lang='lat' dir='ltr'><strong>servaret</strong></span> <span class='ocrx_word' id='word_1_434' title='bbox 3469 2050 3640 2107; x_wconf 90' lang='lat' dir='ltr'><strong>inco-</strong></span> 
     </span>
    </p>
   </div>
   <div class='ocr_carea' id='block_1_68' title="bbox 1984 2136 2733 2205">
    <p class='ocr_par' dir='ltr' id='par_1_68' title="bbox 1984 2136 2733 2205">
     <span class='ocr_line' id='line_1_68' title="bbox 1984 2136 2733 2205; baseline 0.003 -15"><span class='ocrx_word' id='word_1_435' title='bbox 1984 2136 2228 2205; x_wconf 89' lang='lat' dir='ltr'><strong>lumem,</strong></span> <span class='ocrx_word' id='word_1_436' title='bbox 2263 2142 2321 2191; x_wconf 91' lang='lat' dir='ltr'><strong>et</strong></span> <span class='ocrx_word' id='word_1_437' title='bbox 2349 2137 2432 2192; x_wconf 92' lang='lat' dir='ltr'><strong>sic</strong></span> <span class='ocrx_word' id='word_1_438' title='bbox 2464 2136 2733 2192; x_wconf 90' lang='lat' dir='ltr'><strong>moritur.</strong></span> 
     </span>
    </p>
   </div>
   <div class='ocr_carea' id='block_1_69' title="bbox 2055 2224 3635 2285">
    <p class='ocr_par' dir='ltr' id='par_1_69' title="bbox 2055 2224 3635 2285">
     <span class='ocr_line' id='line_1_69' title="bbox 2055 2224 3635 2285; baseline 0.002 -4"><span class='ocrx_word' id='word_1_439' title='bbox 2055 2224 2395 2283; x_wconf 79' lang='lat' dir='ltr'><strong>Alexander</strong></span> <span class='ocrx_word' id='word_1_440' title='bbox 2422 2240 2542 2282; x_wconf 88' lang='lat' dir='ltr'><strong>una</strong></span> <span class='ocrx_word' id='word_1_441' title='bbox 2570 2241 2700 2281; x_wconf 90' lang='lat' dir='ltr'><strong>cum</strong></span> <span class='ocrx_word' id='word_1_442' title='bbox 2728 2224 3119 2283; x_wconf 87' lang='lat' dir='ltr'><strong>Constantino</strong></span> <span class='ocrx_word' id='word_1_443' title='bbox 3141 2228 3351 2284; x_wconf 89' lang='lat' dir='ltr'><strong>Leonis</strong></span> <span class='ocrx_word' id='word_1_444' title='bbox 3378 2228 3501 2285; x_wconf 81' lang='lat' dir='ltr'><strong>tilio</strong></span> <span class='ocrx_word' id='word_1_445' title='bbox 3535 2245 3635 2284; x_wconf 88' lang='lat' dir='ltr'><strong>an-</strong></span> 
     </span>
    </p>
   </div>
   <div class='ocr_carea' id='block_1_70' title="bbox 1984 2314 3637 2390">
    <p class='ocr_par' dir='ltr' id='par_1_70' title="bbox 1984 2314 3637 2390">
     <span class='ocr_line' id='line_1_70' title="bbox 1984 2314 3637 2390; baseline 0.001 -18"><span class='ocrx_word' id='word_1_446' title='bbox 1984 2331 2129 2372; x_wconf 89' lang='lat' dir='ltr'><strong>num</strong></span> <span class='ocrx_word' id='word_1_447' title='bbox 2161 2331 2349 2372; x_wconf 88' lang='lat' dir='ltr'><strong>unum</strong></span> <span class='ocrx_word' id='word_1_448' title='bbox 2379 2320 2437 2371; x_wconf 87' lang='lat' dir='ltr'><strong>et</strong></span> <span class='ocrx_word' id='word_1_449' title='bbox 2461 2314 2589 2371; x_wconf 89' lang='lat' dir='ltr'><strong>dies</strong></span> <span class='ocrx_word' id='word_1_450' title='bbox 2611 2314 2815 2388; x_wconf 79' lang='lat' dir='ltr'><strong>viginti</strong></span> <span class='ocrx_word' id='word_1_451' title='bbox 2841 2332 3053 2373; x_wconf 87' lang='lat' dir='ltr'><strong>novem</strong></span> <span class='ocrx_word' id='word_1_452' title='bbox 3072 2317 3370 2387; x_wconf 77' lang='lat' dir='ltr'><strong>regnavit;</strong></span> <span class='ocrx_word' id='word_1_453' title='bbox 3394 2316 3518 2390; x_wconf 89' lang='lat' dir='ltr'><strong>qui,</strong></span> <span class='ocrx_word' id='word_1_454' title='bbox 3542 2318 3637 2373; x_wconf 90' lang='lat' dir='ltr'><strong>di-</strong></span> 
     </span>
    </p>
   </div>
   <div class='ocr_carea' id='block_1_71' title="bbox 1983 2404 3631 2477">
    <p class='ocr_par' dir='ltr' id='par_1_71' title="bbox 1983 2404 3631 2477">
     <span class='ocr_line' id='line_1_71' title="bbox 1983 2404 3631 2477; baseline 0.002 -17"><span class='ocrx_word' id='word_1_455' title='bbox 1983 2406 2117 2461; x_wconf 89' lang='lat' dir='ltr'><strong>vina</strong></span> <span class='ocrx_word' id='word_1_456' title='bbox 2145 2404 2370 2461; x_wconf 81' lang='lat' dir='ltr'><strong>framea</strong></span> <span class='ocrx_word' id='word_1_457' title='bbox 2390 2420 2730 2476; x_wconf 89' lang='lat' dir='ltr'><strong>percussus,</strong></span> <span class='ocrx_word' id='word_1_458' title='bbox 2766 2405 3051 2477; x_wconf 75' lang='lat' dir='ltr'><strong>sanguine</strong></span> <span class='ocrx_word' id='word_1_459' title='bbox 3076 2406 3262 2462; x_wconf 87' lang='lat' dir='ltr'><strong>multo</strong></span> <span class='ocrx_word' id='word_1_460' title='bbox 3285 2422 3357 2462; x_wconf 79' lang='lat' dir='ltr'><strong>ex</strong></span> <span class='ocrx_word' id='word_1_461' title='bbox 3382 2405 3631 2464; x_wconf 89' lang='lat' dir='ltr'><strong>naribus</strong></span> 
     </span>
    </p>
   </div>
   <div class='ocr_carea' id='block_1_72' title="bbox 1981 2493 3629 2567">
    <p class='ocr_par' dir='ltr' id='par_1_72' title="bbox 1981 2493 3629 2567">
     <span class='ocr_line' id='line_1_72' title="bbox 1981 2493 3629 2567; baseline 0.001 -17"><span class='ocrx_word' id='word_1_462' title='bbox 1981 2494 2391 2567; x_wconf 90' lang='lat' dir='ltr'><strong>pudendisque</strong></span> <span class='ocrx_word' id='word_1_463' title='bbox 2422 2494 2728 2561; x_wconf 81' lang='lat' dir='ltr'><strong>effluente,</strong></span> <span class='ocrx_word' id='word_1_464' title='bbox 2762 2501 2894 2566; x_wconf 85' lang='lat' dir='ltr'><strong>post</strong></span> <span class='ocrx_word' id='word_1_465' title='bbox 2922 2494 3072 2552; x_wconf 90' lang='lat' dir='ltr'><strong>duos</strong></span> <span class='ocrx_word' id='word_1_466' title='bbox 3102 2493 3229 2550; x_wconf 89' lang='lat' dir='ltr'><strong>dies</strong></span> <span class='ocrx_word' id='word_1_467' title='bbox 3257 2495 3418 2552; x_wconf 87' lang='lat' dir='ltr'><strong>letho</strong></span> <span class='ocrx_word' id='word_1_468' title='bbox 3468 2498 3629 2552; x_wconf 88' lang='lat' dir='ltr'><strong>malo</strong></span> 
     </span>
    </p>
   </div>
   <div class='ocr_carea' id='block_1_73' title="bbox 1981 2583 3627 2656">
    <p class='ocr_par' dir='ltr' id='par_1_73' title="bbox 1981 2583 3627 2656">
     <span class='ocr_line' id='line_1_73' title="bbox 1981 2583 3627 2656; baseline 0.001 -17"><span class='ocrx_word' id='word_1_469' title='bbox 1981 2583 2683 2652; x_wconf 86' lang='lat' dir='ltr'><strong>emoritur,Constantino</strong></span> <span class='ocrx_word' id='word_1_470' title='bbox 2698 2584 2907 2640; x_wconf 90' lang='lat' dir='ltr'><strong>Leonis</strong></span> <span class='ocrx_word' id='word_1_471' title='bbox 2927 2584 3045 2641; x_wconf 81' lang='lat' dir='ltr'><strong>filio</strong></span> <span class='ocrx_word' id='word_1_472' title='bbox 3057 2583 3376 2656; x_wconf 90' lang='lat' dir='ltr'><strong>imperium</strong></span> <span class='ocrx_word' id='word_1_473' title='bbox 3390 2600 3627 2642; x_wconf 89' lang='lat' dir='ltr'><strong>necnon</strong></span> 
     </span>
    </p>
   </div>
   <div class='ocr_carea' id='block_1_74' title="bbox 1979 2672 2679 2743">
    <p class='ocr_par' dir='ltr' id='par_1_74' title="bbox 1979 2672 2679 2743">
     <span class='ocr_line' id='line_1_74' title="bbox 1979 2672 2679 2743; baseline -0.001 -14"><span class='ocrx_word' id='word_1_474' title='bbox 1979 2678 2283 2729; x_wconf 88' lang='lat' dir='ltr'><strong>curatores</strong></span> <span class='ocrx_word' id='word_1_475' title='bbox 2310 2672 2679 2743; x_wconf 86' lang='lat' dir='ltr'><strong>relinquens.</strong></span> 
     </span>
    </p>
   </div>
   <div class='ocr_carea' id='block_1_75' title="bbox 2050 2852 3627 2925">
    <p class='ocr_par' dir='ltr' id='par_1_75' title="bbox 2050 2852 3627 2925">
     <span class='ocr_line' id='line_1_75' title="bbox 2050 2852 3627 2925; baseline 0.004 -19"><span class='ocrx_word' id='word_1_476' title='bbox 2050 2852 2474 2907; x_wconf 88' lang='lat' dir='ltr'><strong>Constantinus</strong></span> <span class='ocrx_word' id='word_1_477' title='bbox 2485 2852 2714 2924; x_wconf 89' lang='lat' dir='ltr'><strong>primus</strong></span> <span class='ocrx_word' id='word_1_478' title='bbox 2727 2853 3448 2925; x_wconf 81' lang='lat' dir='ltr'><strong>Porphyrogenneta,cum</strong></span> <span class='ocrx_word' id='word_1_479' title='bbox 3463 2856 3627 2913; x_wconf 89' lang='lat' dir='ltr'><strong>illius</strong></span> 
     </span>
    </p>
   </div>
   <div class='ocr_carea' id='block_1_76' title="bbox 1978 2942 3627 3019">
    <p class='ocr_par' dir='ltr' id='par_1_76' title="bbox 1978 2942 3627 3019">
     <span class='ocr_line' id='line_1_76' title="bbox 1978 2942 3627 3019; baseline 0.003 -20"><span class='ocrx_word' id='word_1_480' title='bbox 1978 2948 2147 3015; x_wconf 87' lang='lat' dir='ltr'><strong>pater</strong></span> <span class='ocrx_word' id='word_1_481' title='bbox 2188 2943 2298 2998; x_wconf 90' lang='lat' dir='ltr'><strong>Leo</strong></span> <span class='ocrx_word' id='word_1_482' title='bbox 2352 2942 2511 2999; x_wconf 91' lang='lat' dir='ltr'><strong>diem</strong></span> <span class='ocrx_word' id='word_1_483' title='bbox 2570 2942 2837 3011; x_wconf 90' lang='lat' dir='ltr'><strong>obiisset,</strong></span> <span class='ocrx_word' id='word_1_484' title='bbox 2897 2960 3047 3015; x_wconf 85' lang='lat' dir='ltr'><strong>puer</strong></span> <span class='ocrx_word' id='word_1_485' title='bbox 3103 2944 3297 3002; x_wconf 89' lang='lat' dir='ltr'><strong>adhuc</strong></span> <span class='ocrx_word' id='word_1_486' title='bbox 3346 2947 3627 3019; x_wconf 88' lang='lat' dir='ltr'><strong>(namque</strong></span> 
     </span>
    </p>
   </div>
   <div class='ocr_carea' id='block_1_77' title="bbox 1978 3031 3625 3105">
    <p class='ocr_par' dir='ltr' id='par_1_77' title="bbox 1978 3031 3625 3105">
     <span class='ocr_line' id='line_1_77' title="bbox 1978 3031 3625 3105; baseline 0.004 -18"><span class='ocrx_word' id='word_1_487' title='bbox 1978 3032 2298 3103; x_wconf 84' lang='lat' dir='ltr'><strong>septimum</strong></span> <span class='ocrx_word' id='word_1_488' title='bbox 2339 3031 2530 3088; x_wconf 69' lang='lat' dir='ltr'><strong>astatis</strong></span> <span class='ocrx_word' id='word_1_489' title='bbox 2587 3047 2813 3089; x_wconf 90' lang='lat' dir='ltr'><strong>annum</strong></span> <span class='ocrx_word' id='word_1_490' title='bbox 2857 3032 3108 3105; x_wconf 82' lang='lat' dir='ltr'><strong>agebat),</strong></span> <span class='ocrx_word' id='word_1_491' title='bbox 3162 3035 3235 3090; x_wconf 84' lang='lat' dir='ltr'><strong>ab</strong></span> <span class='ocrx_word' id='word_1_492' title='bbox 3289 3034 3625 3094; x_wconf 83' lang='lat' dir='ltr'><strong>Alexandro</strong></span> 
     </span>
    </p>
   </div>
   <div class='ocr_carea' id='block_1_78' title="bbox 1977 3120 3629 3194">
    <p class='ocr_par' dir='ltr' id='par_1_78' title="bbox 1977 3120 3629 3194">
     <span class='ocr_line' id='line_1_78' title="bbox 1977 3120 3629 3194; baseline 0.003 -15"><span class='ocrx_word' id='word_1_493' title='bbox 1977 3121 2074 3179; x_wconf 71' lang='grc' dir='ltr'>Η</span> <span class='ocrx_word' id='word_1_494' title='bbox 2112 3120 2402 3177; x_wconf 89' lang='lat' dir='ltr'><strong>avunculo</strong></span> <span class='ocrx_word' id='word_1_495' title='bbox 2433 3121 2495 3176; x_wconf 92' lang='lat' dir='ltr'><strong>in</strong></span> <span class='ocrx_word' id='word_1_496' title='bbox 2547 3121 2798 3192; x_wconf 89' lang='lat' dir='ltr'><strong>imperio</strong></span> <span class='ocrx_word' id='word_1_497' title='bbox 2844 3123 3207 3194; x_wconf 87' lang='lat' dir='ltr'><strong>relinquitur</strong></span> <span class='ocrx_word' id='word_1_498' title='bbox 3254 3125 3629 3183; x_wconf 75' lang='lat' dir='ltr'><strong>curatoribus</strong></span> 
     </span>
    </p>
   </div>
   <div class='ocr_carea' id='block_1_79' title="bbox 1982 3210 3626 3283">
    <p class='ocr_par' dir='ltr' id='par_1_79' title="bbox 1982 3210 3626 3283">
     <span class='ocr_line' id='line_1_79' title="bbox 1982 3210 3626 3283; baseline 0.004 -17"><span class='ocrx_word' id='word_1_499' title='bbox 1982 3210 2292 3268; x_wconf 82' lang='lat' dir='ltr'><strong>obnoxius.</strong></span> <span class='ocrx_word' id='word_1_500' title='bbox 2328 3211 2643 3282; x_wconf 85' lang='lat' dir='ltr'><strong>Imperavit</strong></span> <span class='ocrx_word' id='word_1_501' title='bbox 2671 3210 2870 3283; x_wconf 87' lang='lat' dir='ltr'><strong>itaque</strong></span> <span class='ocrx_word' id='word_1_502' title='bbox 2910 3228 3044 3282; x_wconf 87' lang='lat' dir='ltr'><strong>cum</strong></span> <span class='ocrx_word' id='word_1_503' title='bbox 3097 3217 3282 3271; x_wconf 89' lang='lat' dir='ltr'><strong>matre</strong></span> <span class='ocrx_word' id='word_1_504' title='bbox 3331 3216 3439 3271; x_wconf 90' lang='lat' dir='ltr'><strong>Zoe</strong></span> <span class='ocrx_word' id='word_1_505' title='bbox 3487 3216 3626 3272; x_wconf 86' lang='lat' dir='ltr'><strong>Car-</strong></span> 
     </span>
    </p>
   </div>
   <div class='ocr_carea' id='block_1_80' title="bbox 1981 3301 3627 3373">
    <p class='ocr_par' dir='ltr' id='par_1_80' title="bbox 1981 3301 3627 3373">
     <span class='ocr_line' id='line_1_80' title="bbox 1981 3301 3627 3373; baseline 0.003 -16"><span class='ocrx_word' id='word_1_506' title='bbox 1981 3301 2314 3373; x_wconf 83' lang='lat' dir='ltr'><strong>bonOpsina</strong></span> <span class='ocrx_word' id='word_1_507' title='bbox 2343 3317 2531 3357; x_wconf 87' lang='lat' dir='ltr'><strong>annos</strong></span> <span class='ocrx_word' id='word_1_508' title='bbox 2561 3306 2811 3373; x_wconf 88' lang='lat' dir='ltr'><strong>septem,</strong></span> <span class='ocrx_word' id='word_1_509' title='bbox 2841 3319 2977 3358; x_wconf 92' lang='lat' dir='ltr'><strong>cum</strong></span> <span class='ocrx_word' id='word_1_510' title='bbox 3006 3307 3271 3361; x_wconf 83' lang='lat' dir='ltr'><strong>Romano</strong></span> <span class='ocrx_word' id='word_1_511' title='bbox 3295 3322 3521 3373; x_wconf 89' lang='lat' dir='ltr'><strong>socero,</strong></span> <span class='ocrx_word' id='word_1_512' title='bbox 3556 3307 3627 3361; x_wconf 92' lang='lat' dir='ltr'><strong>il-</strong></span> 
     </span>
    </p>
   </div>
   <div class='ocr_carea' id='block_1_81' title="bbox 1980 3390 3621 3467">
    <p class='ocr_par' dir='ltr' id='par_1_81' title="bbox 1980 3390 3621 3467">
     <span class='ocr_line' id='line_1_81' title="bbox 1980 3390 3621 3467; baseline 0.004 -22"><span class='ocrx_word' id='word_1_513' title='bbox 1980 3392 2095 3446; x_wconf 88' lang='lat' dir='ltr'><strong>lius</strong></span> <span class='ocrx_word' id='word_1_514' title='bbox 2123 3391 2405 3447; x_wconf 83' lang='lat' dir='ltr'><strong>voluntati</strong></span> <span class='ocrx_word' id='word_1_515' title='bbox 2437 3390 2791 3458; x_wconf 86' lang='lat' dir='ltr'><strong>asserviens,</strong></span> <span class='ocrx_word' id='word_1_516' title='bbox 2841 3408 3031 3449; x_wconf 87' lang='lat' dir='ltr'><strong>annos</strong></span> <span class='ocrx_word' id='word_1_517' title='bbox 3079 3394 3285 3464; x_wconf 69' lang='lat' dir='ltr'><strong>viginti</strong></span> <span class='ocrx_word' id='word_1_518' title='bbox 3334 3396 3621 3467; x_wconf 88' lang='lat' dir='ltr'><strong>quinque,</strong></span> 
     </span>
    </p>
   </div>
   <div class='ocr_carea' id='block_1_82' title="bbox 1982 3478 3624 3553">
    <p class='ocr_par' dir='ltr' id='par_1_82' title="bbox 1982 3478 3624 3553">
     <span class='ocr_line' id='line_1_82' title="bbox 1982 3478 3624 3553; baseline 0.004 -19"><span class='ocrx_word' id='word_1_519' title='bbox 1982 3480 2144 3536; x_wconf 90' lang='lat' dir='ltr'><strong>solus</strong></span> <span class='ocrx_word' id='word_1_520' title='bbox 2173 3494 2361 3536; x_wconf 91' lang='lat' dir='ltr'><strong>annos</strong></span> <span class='ocrx_word' id='word_1_521' title='bbox 2392 3478 2805 3552; x_wconf 72' lang='lat' dir='ltr'><strong>quadraginta,</strong></span> <span class='ocrx_word' id='word_1_522' title='bbox 2839 3488 2903 3537; x_wconf 92' lang='lat' dir='ltr'><strong>ut</strong></span> <span class='ocrx_word' id='word_1_523' title='bbox 2934 3482 3166 3553; x_wconf 89' lang='lat' dir='ltr'><strong>imperii</strong></span> <span class='ocrx_word' id='word_1_524' title='bbox 3190 3482 3349 3539; x_wconf 92' lang='lat' dir='ltr'><strong>illius</strong></span> <span class='ocrx_word' id='word_1_525' title='bbox 3378 3484 3525 3539; x_wconf 88' lang='lat' dir='ltr'><strong>anni</strong></span> <span class='ocrx_word' id='word_1_526' title='bbox 3550 3485 3624 3540; x_wconf 85' lang='lat' dir='ltr'><strong>si-</strong></span> 
     </span>
    </p>
   </div>
   <div class='ocr_carea' id='block_1_83' title="bbox 1979 3569 3627 3644">
    <p class='ocr_par' dir='ltr' id='par_1_83' title="bbox 1979 3569 3627 3644">
     <span class='ocr_line' id='line_1_83' title="bbox 1979 3569 3627 3644; baseline 0.002 -19"><span class='ocrx_word' id='word_1_527' title='bbox 1979 3571 2106 3627; x_wconf 92' lang='lat' dir='ltr'><strong>mul</strong></span> <span class='ocrx_word' id='word_1_528' title='bbox 2138 3586 2345 3626; x_wconf 89' lang='lat' dir='ltr'><strong>omnes</strong></span> <span class='ocrx_word' id='word_1_529' title='bbox 2377 3569 2597 3625; x_wconf 79' lang='lat' dir='ltr'><strong>fuerint</strong></span> <span class='ocrx_word' id='word_1_530' title='bbox 2628 3571 2933 3643; x_wconf 81' lang='lat' dir='ltr'><strong>sexaginta</strong></span> <span class='ocrx_word' id='word_1_531' title='bbox 2963 3572 3247 3643; x_wconf 88' lang='lat' dir='ltr'><strong>quinque.</strong></span> <span class='ocrx_word' id='word_1_532' title='bbox 3282 3574 3384 3628; x_wconf 79' lang='lat' dir='ltr'><strong>llic</strong></span> <span class='ocrx_word' id='word_1_533' title='bbox 3406 3573 3627 3644; x_wconf 88' lang='lat' dir='ltr'><strong>depre-</strong></span> 
     </span>
    </p>
   </div>
   <div class='ocr_carea' id='block_1_84' title="bbox 1981 3660 3625 3717">
    <p class='ocr_par' dir='ltr' id='par_1_84' title="bbox 1981 3660 3625 3717">
     <span class='ocr_line' id='line_1_84' title="bbox 1981 3660 3625 3717; baseline 0.001 -2"><span class='ocrx_word' id='word_1_534' title='bbox 1981 3661 2228 3715; x_wconf 90' lang='lat' dir='ltr'><strong>hensam</strong></span> <span class='ocrx_word' id='word_1_535' title='bbox 2259 3665 2512 3715; x_wconf 87' lang='lat' dir='ltr'><strong>matrem</strong></span> <span class='ocrx_word' id='word_1_536' title='bbox 2540 3660 2850 3715; x_wconf 88' lang='lat' dir='ltr'><strong>venenatis</strong></span> <span class='ocrx_word' id='word_1_537' title='bbox 2881 3660 3027 3715; x_wconf 84' lang='lat' dir='ltr'><strong>cibis</strong></span> <span class='ocrx_word' id='word_1_538' title='bbox 3058 3662 3192 3715; x_wconf 54' lang='lat' dir='ltr'><strong>vitae</strong></span> <span class='ocrx_word' id='word_1_539' title='bbox 3213 3662 3459 3716; x_wconf 82' lang='lat' dir='ltr'><strong>Romani</strong></span> <span class='ocrx_word' id='word_1_540' title='bbox 3485 3662 3625 3717; x_wconf 87' lang='lat' dir='ltr'><strong>insi-</strong></span> 
     </span>
    </p>
   </div>
   <div class='ocr_carea' id='block_1_85' title="bbox 1978 3748 3626 3821">
    <p class='ocr_par' dir='ltr' id='par_1_85' title="bbox 1978 3748 3626 3821">
     <span class='ocr_line' id='line_1_85' title="bbox 1978 3748 3626 3821; baseline 0.001 -17"><span class='ocrx_word' id='word_1_541' title='bbox 1978 3748 2127 3804; x_wconf 88' lang='lat' dir='ltr'><strong>diari</strong></span> <span class='ocrx_word' id='word_1_542' title='bbox 2159 3748 2321 3821; x_wconf 84' lang='lat' dir='ltr'><strong>regia</strong></span> <span class='ocrx_word' id='word_1_543' title='bbox 2348 3748 2554 3820; x_wconf 85' lang='lat' dir='ltr'><strong>pellit;</strong></span> <span class='ocrx_word' id='word_1_544' title='bbox 2596 3750 2926 3804; x_wconf 80' lang='lat' dir='ltr'><strong>Romanum</strong></span> <span class='ocrx_word' id='word_1_545' title='bbox 2984 3750 3376 3821; x_wconf 87' lang='lat' dir='ltr'><strong>Lecapcnnm,</strong></span> <span class='ocrx_word' id='word_1_546' title='bbox 3423 3752 3518 3806; x_wconf 92' lang='lat' dir='ltr'><strong>cui</strong></span> <span class='ocrx_word' id='word_1_547' title='bbox 3566 3758 3626 3806; x_wconf 86' lang='lat' dir='ltr'><strong>et</strong></span> 
     </span>
    </p>
   </div>
   <div class='ocr_carea' id='block_1_86' title="bbox 1975 3839 3620 3911">
    <p class='ocr_par' dir='ltr' id='par_1_86' title="bbox 1975 3839 3620 3911">
     <span class='ocr_line' id='line_1_86' title="bbox 1975 3839 3620 3911; baseline 0.002 -16"><span class='ocrx_word' id='word_1_548' title='bbox 1975 3839 2292 3895; x_wconf 80' lang='lat' dir='ltr'><strong>Abastacto</strong></span> <span class='ocrx_word' id='word_1_549' title='bbox 2323 3854 2565 3894; x_wconf 87' lang='lat' dir='ltr'><strong>nomen.</strong></span> <span class='ocrx_word' id='word_1_550' title='bbox 2599 3839 2848 3895; x_wconf 61' lang='lat' dir='ltr'><strong>Cesaris</strong></span> <span class='ocrx_word' id='word_1_551' title='bbox 2877 3839 3162 3911; x_wconf 74' lang='lat' dir='ltr'><strong>dignitate</strong></span> <span class='ocrx_word' id='word_1_552' title='bbox 3185 3842 3620 3907; x_wconf 82' lang='lat' dir='ltr'><strong>exornat,dein-</strong></span> 
     </span>
    </p>
   </div>
   <div class='ocr_carea' id='block_1_87' title="bbox 1975 3926 3621 4000">
    <p class='ocr_par' dir='ltr' id='par_1_87' title="bbox 1975 3926 3621 4000">
     <span class='ocr_line' id='line_1_87' title="bbox 1975 3926 3621 4000; baseline 0.001 -17"><span class='ocrx_word' id='word_1_553' title='bbox 1975 3944 2113 4000; x_wconf 90' lang='lat' dir='ltr'><strong>ceps</strong></span> <span class='ocrx_word' id='word_1_554' title='bbox 2144 3932 2203 3983; x_wconf 90' lang='lat' dir='ltr'><strong>et</strong></span> <span class='ocrx_word' id='word_1_555' title='bbox 2231 3927 2465 3999; x_wconf 88' lang='lat' dir='ltr'><strong>imperii</strong></span> <span class='ocrx_word' id='word_1_556' title='bbox 2492 3926 2827 3983; x_wconf 88' lang='lat' dir='ltr'><strong>diademate</strong></span> <span class='ocrx_word' id='word_1_557' title='bbox 2858 3933 3119 3984; x_wconf 87' lang='lat' dir='ltr'><strong>coronat.</strong></span> <span class='ocrx_word' id='word_1_558' title='bbox 3144 3930 3251 3994; x_wconf 86' lang='lat' dir='ltr'><strong>Qui</strong></span> <span class='ocrx_word' id='word_1_559' title='bbox 3282 3944 3401 3985; x_wconf 88' lang='lat' dir='ltr'><strong>non</strong></span> <span class='ocrx_word' id='word_1_560' title='bbox 3431 3930 3621 3985; x_wconf 85' lang='lat' dir='ltr'><strong>multo</strong></span> 
     </span>
    </p>
   </div>
   <div class='ocr_carea' id='block_1_88' title="bbox 1975 4016 3622 4091">
    <p class='ocr_par' dir='ltr' id='par_1_88' title="bbox 1975 4016 3622 4091">
     <span class='ocr_line' id='line_1_88' title="bbox 1975 4016 3622 4091; baseline 0.002 -19"><span class='ocrx_word' id='word_1_561' title='bbox 1975 4016 3002 4089; x_wconf 83' lang='lat' dir='ltr'><strong>postConstantiuumimperatorem</strong></span> <span class='ocrx_word' id='word_1_562' title='bbox 3018 4017 3131 4072; x_wconf 89' lang='lat' dir='ltr'><strong>sibi</strong></span> <span class='ocrx_word' id='word_1_563' title='bbox 3152 4018 3400 4074; x_wconf 88' lang='lat' dir='ltr'><strong>insidias</strong></span> <span class='ocrx_word' id='word_1_564' title='bbox 3414 4035 3622 4091; x_wconf 88' lang='lat' dir='ltr'><strong>parare</strong></span> 
     </span>
    </p>
   </div>
   <div class='ocr_carea' id='block_1_89' title="bbox 1971 4104 3620 4181">
    <p class='ocr_par' dir='ltr' id='par_1_89' title="bbox 1971 4104 3620 4181">
     <span class='ocr_line' id='line_1_89' title="bbox 1971 4104 3620 4181; baseline 0.001 -19"><span class='ocrx_word' id='word_1_565' title='bbox 1971 4106 2049 4163; x_wconf 78' lang='lat' dir='ltr'><strong>ab</strong></span> <span class='ocrx_word' id='word_1_566' title='bbox 2082 4105 2378 4177; x_wconf 86' lang='lat' dir='ltr'><strong>aliquibus</strong></span> <span class='ocrx_word' id='word_1_567' title='bbox 2408 4104 2672 4171; x_wconf 84' lang='lat' dir='ltr'><strong>edoctus,</strong></span> <span class='ocrx_word' id='word_1_568' title='bbox 2706 4105 3017 4162; x_wconf 86' lang='lat' dir='ltr'><strong>occasione</strong></span> <span class='ocrx_word' id='word_1_569' title='bbox 3049 4112 3285 4179; x_wconf 85' lang='lat' dir='ltr'><strong>arrepta</strong></span> <span class='ocrx_word' id='word_1_570' title='bbox 3323 4108 3395 4164; x_wconf 90' lang='lat' dir='ltr'><strong>de</strong></span> <span class='ocrx_word' id='word_1_571' title='bbox 3439 4108 3620 4181; x_wconf 85' lang='lat' dir='ltr'><strong>grado</strong></span> 
     </span>
    </p>
   </div>
   <div class='ocr_carea' id='block_1_90' title="bbox 1973 4193 3618 4269">
    <p class='ocr_par' dir='ltr' id='par_1_90' title="bbox 1973 4193 3618 4269">
     <span class='ocr_line' id='line_1_90' title="bbox 1973 4193 3618 4269; baseline 0.001 -19"><span class='ocrx_word' id='word_1_572' title='bbox 1973 4194 2178 4265; x_wconf 86' lang='lat' dir='ltr'><strong>dejicit</strong></span> <span class='ocrx_word' id='word_1_573' title='bbox 2203 4199 2263 4250; x_wconf 87' lang='lat' dir='ltr'><strong>et</strong></span> <span class='ocrx_word' id='word_1_574' title='bbox 2290 4193 2550 4250; x_wconf 85' lang='lat' dir='ltr'><strong>secundo</strong></span> <span class='ocrx_word' id='word_1_575' title='bbox 2581 4198 2716 4265; x_wconf 84' lang='lat' dir='ltr'><strong>post</strong></span> <span class='ocrx_word' id='word_1_576' title='bbox 2745 4210 2807 4249; x_wconf 87' lang='lat' dir='ltr'><strong>se</strong></span> <span class='ocrx_word' id='word_1_577' title='bbox 2837 4193 2968 4249; x_wconf 92' lang='lat' dir='ltr'><strong>loco</strong></span> <span class='ocrx_word' id='word_1_578' title='bbox 3008 4195 3280 4262; x_wconf 89' lang='lat' dir='ltr'><strong>collocat,</strong></span> <span class='ocrx_word' id='word_1_579' title='bbox 3329 4197 3439 4252; x_wconf 89' lang='lat' dir='ltr'><strong>sibi</strong></span> <span class='ocrx_word' id='word_1_580' title='bbox 3487 4199 3618 4269; x_wconf 87' lang='lat' dir='ltr'><strong>pri-</strong></span> 
     </span>
    </p>
   </div>
   <div class='ocr_carea' id='block_1_91' title="bbox 1974 4283 3614 4357">
    <p class='ocr_par' dir='ltr' id='par_1_91' title="bbox 1974 4283 3614 4357">
     <span class='ocr_line' id='line_1_91' title="bbox 1974 4283 3614 4357; baseline 0.001 -16"><span class='ocrx_word' id='word_1_581' title='bbox 1974 4302 2099 4341; x_wconf 90' lang='lat' dir='ltr'><strong>mas</strong></span> <span class='ocrx_word' id='word_1_582' title='bbox 2132 4299 2462 4357; x_wconf 81' lang='lat' dir='ltr'><strong>arrogans:</strong></span> <span class='ocrx_word' id='word_1_583' title='bbox 2514 4289 2718 4355; x_wconf 88' lang='lat' dir='ltr'><strong>postea</strong></span> <span class='ocrx_word' id='word_1_584' title='bbox 2763 4283 3261 4357; x_wconf 84' lang='lat' dir='ltr'><strong>TbeOpbylactum</strong></span> <span class='ocrx_word' id='word_1_585' title='bbox 3317 4286 3504 4342; x_wconf 84' lang='lat' dir='ltr'><strong>tilium</strong></span> <span class='ocrx_word' id='word_1_586' title='bbox 3554 4288 3614 4342; x_wconf 89' lang='lat' dir='ltr'><strong>in</strong></span> 
     </span>
    </p>
   </div>
   <div class='ocr_carea' id='block_1_92' title="bbox 1975 4373 3615 4449">
    <p class='ocr_par' dir='ltr' id='par_1_92' title="bbox 1975 4373 3615 4449">
     <span class='ocr_line' id='line_1_92' title="bbox 1975 4373 3615 4449; baseline 0 -16"><span class='ocrx_word' id='word_1_587' title='bbox 1975 4376 2177 4433; x_wconf 88' lang='lat' dir='ltr'><strong>sedem</strong></span> <span class='ocrx_word' id='word_1_588' title='bbox 2207 4373 2667 4448; x_wconf 86' lang='lat' dir='ltr'><strong>patriarcbalem</strong></span> <span class='ocrx_word' id='word_1_589' title='bbox 2698 4380 3023 4447; x_wconf 87' lang='lat' dir='ltr'><strong>promovet.</strong></span> <span class='ocrx_word' id='word_1_590' title='bbox 3058 4375 3173 4431; x_wconf 92' lang='lat' dir='ltr'><strong>Sub</strong></span> <span class='ocrx_word' id='word_1_591' title='bbox 3205 4376 3335 4449; x_wconf 84' lang='lat' dir='ltr'><strong>ejus</strong></span> <span class='ocrx_word' id='word_1_592' title='bbox 3366 4379 3615 4449; x_wconf 87' lang='lat' dir='ltr'><strong>imperio</strong></span> 
     </span>
    </p>
   </div>
   <div class='ocr_carea' id='block_1_93' title="bbox 1974 4463 3617 4536">
    <p class='ocr_par' dir='ltr' id='par_1_93' title="bbox 1974 4463 3617 4536">
     <span class='ocr_line' id='line_1_93' title="bbox 1974 4463 3617 4536; baseline -0.001 -14"><span class='ocrx_word' id='word_1_593' title='bbox 1974 4472 2182 4522; x_wconf 88' lang='lat' dir='ltr'><strong>sancta</strong></span> <span class='ocrx_word' id='word_1_594' title='bbox 2240 4464 2453 4520; x_wconf 89' lang='lat' dir='ltr'><strong>Christi</strong></span> <span class='ocrx_word' id='word_1_595' title='bbox 2502 4463 2695 4536; x_wconf 80' lang='lat' dir='ltr'><strong>imago</strong></span> <span class='ocrx_word' id='word_1_596' title='bbox 2743 4463 2963 4520; x_wconf 85' lang='lat' dir='ltr'><strong>Edessa</strong></span> <span class='ocrx_word' id='word_1_597' title='bbox 3010 4464 3239 4536; x_wconf 89' lang='lat' dir='ltr'><strong>Cpolim</strong></span> <span class='ocrx_word' id='word_1_598' title='bbox 3289 4466 3617 4522; x_wconf 83' lang='lat' dir='ltr'><strong>advehitur.</strong></span> 
     </span>
    </p>
   </div>
   <div class='ocr_carea' id='block_1_94' title="bbox 1974 4555 3615 4628">
    <p class='ocr_par' dir='ltr' id='par_1_94' title="bbox 1974 4555 3615 4628">
     <span class='ocr_line' id='line_1_94' title="bbox 1974 4555 3615 4628; baseline -0.001 -16"><span class='ocrx_word' id='word_1_599' title='bbox 1974 4557 2240 4613; x_wconf 88' lang='lat' dir='ltr'><strong>Tandem</strong></span> <span class='ocrx_word' id='word_1_600' title='bbox 2272 4559 2574 4612; x_wconf 85' lang='lat' dir='ltr'><strong>Romanus</strong></span> <span class='ocrx_word' id='word_1_601' title='bbox 2603 4571 2638 4611; x_wconf 89' lang='lat' dir='ltr'><strong>a</strong></span> <span class='ocrx_word' id='word_1_602' title='bbox 2664 4555 2919 4627; x_wconf 89' lang='lat' dir='ltr'><strong>propriis</strong></span> <span class='ocrx_word' id='word_1_603' title='bbox 2951 4555 3091 4611; x_wconf 82' lang='lat' dir='ltr'><strong>filiis</strong></span> <span class='ocrx_word' id='word_1_604' title='bbox 3120 4556 3341 4628; x_wconf 81' lang='lat' dir='ltr'><strong>palatio</strong></span> <span class='ocrx_word' id='word_1_605' title='bbox 3392 4557 3615 4628; x_wconf 83' lang='lat' dir='ltr'><strong>ejectus</strong></span> 
     </span>
    </p>
   </div>
   <div class='ocr_carea' id='block_1_95' title="bbox 220 4606 1872 4717">
    <p class='ocr_par' dir='ltr' id='par_1_95' title="bbox 220 4606 1861 4717">
     <span class='ocr_line' id='line_1_95' title="bbox 220 4606 1861 4717; baseline -0.001 -19"><span class='ocrx_word' id='word_1_606' title='bbox 220 4606 361 4705; x_wconf 55' lang='grc' dir='ltr'><strong>λείας</strong></span> <span class='ocrx_word' id='word_1_607' title='bbox 398 4606 536 4699; x_wconf 47' lang='grc' dir='ltr'><strong>’καί</strong></span> <span class='ocrx_word' id='word_1_608' title='bbox 586 4606 652 4698; x_wconf 53' lang='grc' dir='ltr'><strong>τό</strong></span> <span class='ocrx_word' id='word_1_609' title='bbox 710 4606 809 4698; x_wconf 68' lang='grc' dir='ltr'><strong>τόῦ</strong></span> <span class='ocrx_word' id='word_1_610' title='bbox 876 4606 1113 4717; x_wconf 76' lang='grc' dir='ltr'><strong>Χριστοῦ</strong></span> <span class='ocrx_word' id='word_1_611' title='bbox 1188 4622 1344 4716; x_wconf 76' lang='grc' dir='ltr'><strong>’ἅγιον</strong></span> <span class='ocrx_word' id='word_1_612' title='bbox 1387 4606 1719 4715; x_wconf 38' lang='grc' dir='ltr'><strong>..ἰκμαγεῑον</strong></span> <span class='ocrx_word' id='word_1_613' title='bbox 1806 4640 1861 4712; x_wconf 66' lang='grc' dir='ltr'><strong>ἒξ</strong></span> 
     </span>
    </p>
   </div>
   <div class='ocr_carea' id='block_1_96' title="bbox 1983 4606 3616 4717">
    <p class='ocr_par' dir='ltr' id='par_1_96' title="bbox 1983 4606 3616 4717">
     <span class='ocr_line' id='line_1_96' title="bbox 1983 4606 3616 4717; baseline 0 -13"><span class='ocrx_word' id='word_1_614' title='bbox 1983 4647 2045 4704; x_wconf 76' lang='lat' dir='ltr'><strong>ad</strong></span> <span class='ocrx_word' id='word_1_615' title='bbox 2075 4651 2309 4703; x_wconf 86' lang='lat' dir='ltr'><strong>Protem</strong></span> <span class='ocrx_word' id='word_1_616' title='bbox 2342 4646 2602 4701; x_wconf 88' lang='lat' dir='ltr'><strong>insulam</strong></span> <span class='ocrx_word' id='word_1_617' title='bbox 2632 4606 2968 4702; x_wconf 49' lang='lat' dir='ltr'><strong>eisulatum</strong></span> <span class='ocrx_word' id='word_1_618' title='bbox 2988 4606 3264 4717; x_wconf 66' lang='lat' dir='ltr'><strong>mittitur,</strong></span> <span class='ocrx_word' id='word_1_619' title='bbox 3287 4648 3388 4703; x_wconf 89' lang='lat' dir='ltr'><strong>ubi</strong></span> <span class='ocrx_word' id='word_1_620' title='bbox 3411 4606 3616 4704; x_wconf 62' lang='lat' dir='ltr'><strong>exces-</strong></span> 
     </span>
    </p>
   </div>
   <div class='ocr_carea' id='block_1_97' title="bbox 1700 4728 1857 4787">
    <p class='ocr_par' dir='ltr' id='par_1_97' title="bbox 1700 4728 1857 4787">
     <span class='ocr_line' id='line_1_97' title="bbox 1700 4728 1857 4787; baseline -0.006 -1"><span class='ocrx_word' id='word_1_621' title='bbox 1700 4728 1857 4787; x_wconf 85' lang='grc' dir='ltr'><strong>Ἀλλ’</strong></span> 
     </span>
    </p>
   </div>
   <div class='ocr_carea' id='block_1_98' title="bbox 222 4729 1620 4804">
    <p class='ocr_par' dir='ltr' id='par_1_98' title="bbox 222 4729 1620 4804">
     <span class='ocr_line' id='line_1_98' title="bbox 222 4729 1620 4804; baseline -0.001 -14"><span class='ocrx_word' id='word_1_622' title='bbox 222 4731 437 4803; x_wconf 73' lang='grc' dir='ltr'><strong>Ἐδέσης</strong></span> <span class='ocrx_word' id='word_1_623' title='bbox 501 4732 557 4788; x_wconf 81' lang='grc' dir='ltr'><strong>ἐν</strong></span> <span class='ocrx_word' id='word_1_624' title='bbox 616 4730 1187 4789; x_wconf 81' lang='grc' dir='ltr'><strong>Κωνσταντινουπόλει</strong></span> <span class='ocrx_word' id='word_1_625' title='bbox 1265 4729 1620 4804; x_wconf 78' lang='grc' dir='ltr'><strong>ἀνεκομίσθη.</strong></span> 
     </span>
    </p>
   </div>
   <div class='ocr_carea' id='block_1_99' title="bbox 1966 4734 3610 4808">
    <p class='ocr_par' dir='ltr' id='par_1_99' title="bbox 1966 4734 3610 4808">
     <span class='ocr_line' id='line_1_99' title="bbox 1966 4734 3610 4808; baseline 0 -15"><span class='ocrx_word' id='word_1_626' title='bbox 1966 4738 2093 4794; x_wconf 87' lang='lat' dir='ltr'><strong>site</strong></span> <span class='ocrx_word' id='word_1_627' title='bbox 2124 4734 2279 4802; x_wconf 88' lang='lat' dir='ltr'><strong>vita;</strong></span> <span class='ocrx_word' id='word_1_628' title='bbox 2321 4750 2471 4807; x_wconf 90' lang='lat' dir='ltr'><strong>quos</strong></span> <span class='ocrx_word' id='word_1_629' title='bbox 2502 4750 2709 4791; x_wconf 88' lang='lat' dir='ltr'><strong>rursus</strong></span> <span class='ocrx_word' id='word_1_630' title='bbox 2735 4735 2895 4792; x_wconf 88' lang='lat' dir='ltr'><strong>illius</strong></span> <span class='ocrx_word' id='word_1_631' title='bbox 2933 4752 3118 4808; x_wconf 78' lang='lat' dir='ltr'><strong>gener</strong></span> <span class='ocrx_word' id='word_1_632' title='bbox 3162 4738 3610 4806; x_wconf 87' lang='lat' dir='ltr'><strong>Constantinus,</strong></span> 
     </span>
    </p>
   </div>
   <div class='ocr_carea' id='block_1_100' title="bbox 221 4816 1872 4898">
    <p class='ocr_par' dir='ltr' id='par_1_100' title="bbox 221 4816 1860 4897">
     <span class='ocr_line' id='line_1_100' title="bbox 221 4816 1860 4897; baseline -0.001 -20"><span class='ocrx_word' id='word_1_633' title='bbox 221 4822 431 4897; x_wconf 64' lang='grc' dir='ltr'><strong>ὕστερον</strong></span> <span class='ocrx_word' id='word_1_634' title='bbox 466 4822 562 4876; x_wconf 80' lang='grc' dir='ltr'><strong>τὸν</strong></span> <span class='ocrx_word' id='word_1_635' title='bbox 596 4816 822 4895; x_wconf 70' lang='grc' dir='ltr'><strong>βασιλέα</strong></span> <span class='ocrx_word' id='word_1_636' title='bbox 850 4821 1132 4893; x_wconf 83' lang='grc' dir='ltr'><strong>Ῥωμανὸν</strong></span> <span class='ocrx_word' id='word_1_637' title='bbox 1178 4820 1230 4874; x_wconf 75' lang='grc' dir='ltr'><strong>οἱ</strong></span> <span class='ocrx_word' id='word_1_638' title='bbox 1278 4817 1475 4874; x_wconf 73' lang='grc' dir='ltr'><strong>τούτου</strong></span> <span class='ocrx_word' id='word_1_639' title='bbox 1526 4816 1717 4881; x_wconf 74' lang='grc' dir='ltr'><strong>παῖδες</strong></span> <span class='ocrx_word' id='word_1_640' title='bbox 1762 4824 1860 4875; x_wconf 80' lang='grc' dir='ltr'><strong>τοῦ</strong></span> 
     </span>
    </p>
   </div>
   <div class='ocr_carea' id='block_1_101' title="bbox 1983 4816 3608 4898">
    <p class='ocr_par' dir='ltr' id='par_1_101' title="bbox 1983 4823 3608 4898">
     <span class='ocr_line' id='line_1_101' title="bbox 1983 4823 3608 4898; baseline -0.002 -17"><span class='ocrx_word' id='word_1_641' title='bbox 1983 4844 2043 4881; x_wconf 67' lang='lat' dir='ltr'><strong>me</strong></span> <span class='ocrx_word' id='word_1_642' title='bbox 2073 4830 2281 4881; x_wconf 86' lang='lat' dir='ltr'><strong>contra</strong></span> <span class='ocrx_word' id='word_1_643' title='bbox 2311 4841 2372 4881; x_wconf 87' lang='lat' dir='ltr'><strong>se</strong></span> <span class='ocrx_word' id='word_1_644' title='bbox 2391 4824 2613 4880; x_wconf 87' lang='lat' dir='ltr'><strong>similia</strong></span> <span class='ocrx_word' id='word_1_645' title='bbox 2633 4823 2939 4890; x_wconf 88' lang='lat' dir='ltr'><strong>auderent,</strong></span> <span class='ocrx_word' id='word_1_646' title='bbox 2962 4830 3162 4897; x_wconf 87' lang='lat' dir='ltr'><strong>raptos</strong></span> <span class='ocrx_word' id='word_1_647' title='bbox 3182 4842 3213 4881; x_wconf 90' lang='lat' dir='ltr'><strong>e</strong></span> <span class='ocrx_word' id='word_1_648' title='bbox 3235 4827 3395 4897; x_wconf 86' lang='lat' dir='ltr'><strong>regia</strong></span> <span class='ocrx_word' id='word_1_649' title='bbox 3424 4825 3608 4898; x_wconf 84' lang='lat' dir='ltr'><strong>pellit,</strong></span> 
     </span>
    </p>
   </div>
   <div class='ocr_carea' id='block_1_102' title="bbox 222 4908 1860 4987">
    <p class='ocr_par' dir='ltr' id='par_1_102' title="bbox 222 4908 1860 4987">
     <span class='ocr_line' id='line_1_102' title="bbox 222 4908 1860 4987; baseline 0 -21"><span class='ocrx_word' id='word_1_650' title='bbox 222 4911 486 4968; x_wconf 76' lang='grc' dir='ltr'><strong>παλατίου</strong></span> <span class='ocrx_word' id='word_1_651' title='bbox 516 4910 923 4987; x_wconf 79' lang='grc' dir='ltr'><strong>καταγαγόντες</strong></span> <span class='ocrx_word' id='word_1_652' title='bbox 952 4908 1004 4965; x_wconf 80' lang='grc' dir='ltr'><strong>ἐν</strong></span> <span class='ocrx_word' id='word_1_653' title='bbox 1033 4913 1105 4983; x_wconf 75' lang='grc' dir='ltr'><strong>τῇ</strong></span> <span class='ocrx_word' id='word_1_654' title='bbox 1136 4911 1332 4985; x_wconf 81' lang='grc' dir='ltr'><strong>Πρώτῃ</strong></span> <span class='ocrx_word' id='word_1_655' title='bbox 1382 4912 1534 4982; x_wconf 73' lang='grc' dir='ltr'><strong>νήσῳ</strong></span> <span class='ocrx_word' id='word_1_656' title='bbox 1582 4908 1860 4980; x_wconf 70' lang='grc' dir='ltr'><strong>ἐξώρισαν,</strong></span> 
     </span>
    </p>
   </div>
   <div class='ocr_carea' id='block_1_103' title="bbox 226 4995 1864 5076">
    <p class='ocr_par' dir='ltr' id='par_1_103' title="bbox 226 4995 1864 5076">
     <span class='ocr_line' id='line_1_103' title="bbox 226 4995 1864 5076; baseline -0.002 -19"><span class='ocrx_word' id='word_1_657' title='bbox 226 5002 339 5069; x_wconf 76' lang='grc' dir='ltr'><strong>ἔνθα</strong></span> <span class='ocrx_word' id='word_1_658' title='bbox 366 5004 457 5060; x_wconf 76' lang='grc' dir='ltr'><strong>καὶ</strong></span> <span class='ocrx_word' id='word_1_659' title='bbox 487 5001 741 5073; x_wconf 81' lang='grc' dir='ltr'><strong>τελευτᾷ.</strong></span> <span class='ocrx_word' id='word_1_660' title='bbox 818 4996 928 5064; x_wconf 69' lang='grc' dir='ltr'><strong>Οὕς</strong></span> <span class='ocrx_word' id='word_1_661' title='bbox 1001 4998 1167 5056; x_wconf 76' lang='grc' dir='ltr'><strong>πάλιν</strong></span> <span class='ocrx_word' id='word_1_662' title='bbox 1243 5003 1272 5056; x_wconf 89' lang='grc' dir='ltr'><strong>ὁ</strong></span> <span class='ocrx_word' id='word_1_663' title='bbox 1344 5000 1539 5056; x_wconf 70' lang='grc' dir='ltr'><strong>τούτου</strong></span> <span class='ocrx_word' id='word_1_664' title='bbox 1612 4995 1864 5076; x_wconf 80' lang='grc' dir='ltr'><strong>γαμϐρὸς</strong></span> 
     </span>
    </p>
   </div>
   <div class='ocr_carea' id='block_1_104' title="bbox 228 5087 1867 5163">
    <p class='ocr_par' dir='ltr' id='par_1_104' title="bbox 228 5087 1867 5163">
     <span class='ocr_line' id='line_1_104' title="bbox 228 5087 1867 5163; baseline -0.004 -13"><span class='ocrx_word' id='word_1_665' title='bbox 228 5096 651 5163; x_wconf 80' lang='grc' dir='ltr'><strong>Κωνσταντῖνος,</strong></span> <span class='ocrx_word' id='word_1_666' title='bbox 730 5092 931 5163; x_wconf 77' lang='grc' dir='ltr'><strong>μήπως</strong></span> <span class='ocrx_word' id='word_1_667' title='bbox 1000 5087 1092 5145; x_wconf 81' lang='grc' dir='ltr'><strong>καὶ</strong></span> <span class='ocrx_word' id='word_1_668' title='bbox 1167 5095 1282 5145; x_wconf 83' lang='grc' dir='ltr'><strong>κατ’</strong></span> <span class='ocrx_word' id='word_1_669' title='bbox 1356 5088 1521 5145; x_wconf 76' lang='grc' dir='ltr'><strong>αὐτοῦ</strong></span> <span class='ocrx_word' id='word_1_670' title='bbox 1593 5089 1658 5144; x_wconf 84' lang='grc' dir='ltr'><strong>τὰ</strong></span> <span class='ocrx_word' id='word_1_671' title='bbox 1697 5087 1867 5161; x_wconf 72' lang='grc' dir='ltr'><strong>ὅμοια</strong></span> 
     </span>
    </p>
   </div>
   <div class='ocr_carea' id='block_1_105' title="bbox 229 5176 1867 5258">
    <p class='ocr_par' dir='ltr' id='par_1_105' title="bbox 229 5176 1867 5258">
     <span class='ocr_line' id='line_1_105' title="bbox 229 5176 1867 5258; baseline -0.002 -21"><span class='ocrx_word' id='word_1_672' title='bbox 229 5179 625 5258; x_wconf 73' lang='grc' dir='ltr'><strong>διαπράξωνται</strong></span> <span class='ocrx_word' id='word_1_673' title='bbox 686 5179 1061 5257; x_wconf 83' lang='grc' dir='ltr'><strong>λογισάμενος,</strong></span> <span class='ocrx_word' id='word_1_674' title='bbox 1118 5177 1481 5252; x_wconf 73' lang='grc' dir='ltr'><strong>ἐναρπάστους</strong></span> <span class='ocrx_word' id='word_1_675' title='bbox 1542 5182 1640 5234; x_wconf 79' lang='grc' dir='ltr'><strong>τοῦ</strong></span> <span class='ocrx_word' id='word_1_676' title='bbox 1686 5176 1867 5235; x_wconf 86' lang='grc' dir='ltr'><strong>παλα-</strong></span> 
     </span>
    </p>
   </div>
   <div class='ocr_carea' id='block_1_106' title="bbox 227 5265 1867 5348">
    <p class='ocr_par' dir='ltr' id='par_1_106' title="bbox 227 5265 1867 5348">
     <span class='ocr_line' id='line_1_106' title="bbox 227 5265 1867 5348; baseline -0.002 -23"><span class='ocrx_word' id='word_1_677' title='bbox 227 5272 340 5327; x_wconf 88' lang='grc' dir='ltr'><strong>τίου</strong></span> <span class='ocrx_word' id='word_1_678' title='bbox 396 5270 723 5348; x_wconf 78' lang='grc' dir='ltr'><strong>καταγαγὼν</strong></span> <span class='ocrx_word' id='word_1_679' title='bbox 763 5268 854 5324; x_wconf 80' lang='grc' dir='ltr'><strong>καὶ</strong></span> <span class='ocrx_word' id='word_1_680' title='bbox 910 5266 962 5323; x_wconf 64' lang='grc' dir='ltr'><strong>ἂν</strong></span> <span class='ocrx_word' id='word_1_681' title='bbox 1018 5272 1140 5330; x_wconf 85' lang='grc' dir='ltr'><strong>ταῖς</strong></span> <span class='ocrx_word' id='word_1_682' title='bbox 1194 5265 1627 5339; x_wconf 76' lang='grc' dir='ltr'><strong>πλησιαζούσαις</strong></span> <span class='ocrx_word' id='word_1_683' title='bbox 1673 5268 1867 5337; x_wconf 79' lang='grc' dir='ltr'><strong>νήσοις</strong></span> 
     </span>
    </p>
   </div>
   <div class='ocr_carea' id='block_1_107' title="bbox 230 5355 1865 5437">
    <p class='ocr_par' dir='ltr' id='par_1_107' title="bbox 230 5355 1865 5437">
     <span class='ocr_line' id='line_1_107' title="bbox 230 5355 1865 5437; baseline -0.003 -22"><span class='ocrx_word' id='word_1_684' title='bbox 230 5362 562 5437; x_wconf 78' lang='grc' dir='ltr'><strong>περιορίσας,</strong></span> <span class='ocrx_word' id='word_1_685' title='bbox 619 5356 928 5434; x_wconf 76' lang='grc' dir='ltr'><strong>κληρικοὺς</strong></span> <span class='ocrx_word' id='word_1_686' title='bbox 985 5355 1255 5430; x_wconf 62' lang='grc' dir='ltr'><strong>ἀπέκειρε,</strong></span> <span class='ocrx_word' id='word_1_687' title='bbox 1315 5355 1409 5411; x_wconf 77' lang='grc' dir='ltr'><strong>σὺν</strong></span> <span class='ocrx_word' id='word_1_688' title='bbox 1463 5357 1654 5418; x_wconf 76' lang='grc' dir='ltr'><strong>αὐτοῖς</strong></span> <span class='ocrx_word' id='word_1_689' title='bbox 1713 5357 1865 5431; x_wconf 72' lang='grc' dir='ltr'><strong>βασι-</strong></span> 
     </span>
    </p>
   </div>
   <div class='ocr_carea' id='block_1_108' title="bbox 234 5442 1867 5523">
    <p class='ocr_par' dir='ltr' id='par_1_108' title="bbox 234 5442 1867 5523">
     <span class='ocr_line' id='line_1_108' title="bbox 234 5442 1867 5523; baseline -0.003 -21"><span class='ocrx_word' id='word_1_690' title='bbox 234 5446 418 5511; x_wconf 69' lang='grc' dir='ltr'><strong>λεύσας</strong></span> <span class='ocrx_word' id='word_1_691' title='bbox 495 5444 712 5523; x_wconf 70' lang='grc' dir='ltr'><strong>ἡμέρας</strong></span> <span class='ocrx_word' id='word_1_692' title='bbox 788 5444 900 5521; x_wconf 82' lang='grc' dir='ltr'><strong>μγ’.</strong></span> <span class='ocrx_word' id='word_1_693' title='bbox 977 5446 1380 5507; x_wconf 75' lang='grc' dir='ltr'><strong>Κωνσταντῖνος</strong></span> <span class='ocrx_word' id='word_1_694' title='bbox 1425 5444 1454 5498; x_wconf 75' lang='grc' dir='ltr'><strong>ὃ</strong></span> <span class='ocrx_word' id='word_1_695' title='bbox 1499 5447 1599 5499; x_wconf 81' lang='grc' dir='ltr'><strong>τοῦ</strong></span> <span class='ocrx_word' id='word_1_696' title='bbox 1637 5442 1867 5506; x_wconf 66' lang='grc' dir='ltr'><strong>Λέοντος</strong></span> 
     </span>
    </p>
   </div>
   <div class='ocr_carea' id='block_1_109' title="bbox 235 5529 1867 5615">
    <p class='ocr_par' dir='ltr' id='par_1_109' title="bbox 235 5529 1867 5615">
     <span class='ocr_line' id='line_1_109' title="bbox 235 5529 1867 5615; baseline -0.002 -23"><span class='ocrx_word' id='word_1_697' title='bbox 235 5539 346 5602; x_wconf 72' lang='grc' dir='ltr'><strong>υίὸς</strong></span> <span class='ocrx_word' id='word_1_698' title='bbox 373 5540 403 5595; x_wconf 77' lang='grc' dir='ltr'><strong>ό</strong></span> <span class='ocrx_word' id='word_1_699' title='bbox 431 5542 661 5615; x_wconf 75' lang='grc' dir='ltr'><strong>πρῶτος</strong></span> <span class='ocrx_word' id='word_1_700' title='bbox 701 5534 1235 5611; x_wconf 73' lang='grc' dir='ltr'><strong>Πορφυρογὲννητος,</strong></span> <span class='ocrx_word' id='word_1_701' title='bbox 1260 5533 1328 5588; x_wconf 68' lang='grc' dir='ltr'><strong>τὰ</strong></span> <span class='ocrx_word' id='word_1_702' title='bbox 1373 5529 1588 5589; x_wconf 70' lang='grc' dir='ltr'><strong>ὕπουλα</strong></span> <span class='ocrx_word' id='word_1_703' title='bbox 1624 5531 1685 5588; x_wconf 66' lang='grc' dir='ltr'><strong>ἔκ</strong></span> <span class='ocrx_word' id='word_1_704' title='bbox 1703 5532 1867 5606; x_wconf 70' lang='grc' dir='ltr'><strong>μέσου</strong></span> 
     </span>
    </p>
   </div>
   <div class='ocr_carea' id='block_1_110' title="bbox 234 5621 1866 5704">
    <p class='ocr_par' dir='ltr' id='par_1_110' title="bbox 234 5621 1866 5704">
     <span class='ocr_line' id='line_1_110' title="bbox 234 5621 1866 5704; baseline -0.003 -22"><span class='ocrx_word' id='word_1_705' title='bbox 234 5627 517 5704; x_wconf 78' lang='grc' dir='ltr'><strong>περιελὼν,</strong></span> <span class='ocrx_word' id='word_1_706' title='bbox 566 5626 659 5681; x_wconf 77' lang='grc' dir='ltr'><strong>καὶ</strong></span> <span class='ocrx_word' id='word_1_707' title='bbox 722 5623 886 5699; x_wconf 88' lang='grc' dir='ltr'><strong>μόνος</strong></span> <span class='ocrx_word' id='word_1_708' title='bbox 919 5624 1023 5692; x_wconf 64' lang='grc' dir='ltr'><strong>τὴν</strong></span> <span class='ocrx_word' id='word_1_709' title='bbox 1065 5621 1437 5699; x_wconf 79' lang='grc' dir='ltr'><strong>αὐτοκράτορα</strong></span> <span class='ocrx_word' id='word_1_710' title='bbox 1480 5622 1866 5699; x_wconf 82' lang='grc' dir='ltr'><strong>περιζωσάμε-</strong></span> 
     </span>
    </p>
   </div>
   <div class='ocr_carea' id='block_1_111' title="bbox 238 5710 1865 5797">
    <p class='ocr_par' dir='ltr' id='par_1_111' title="bbox 238 5710 1865 5797">
     <span class='ocr_line' id='line_1_111' title="bbox 238 5710 1865 5797; baseline -0.002 -25"><span class='ocrx_word' id='word_1_711' title='bbox 238 5740 323 5780; x_wconf 81' lang='grc' dir='ltr'><strong>νος</strong></span> <span class='ocrx_word' id='word_1_712' title='bbox 350 5719 530 5797; x_wconf 69' lang='grc' dir='ltr'><strong>ἀρχήν</strong></span> <span class='ocrx_word' id='word_1_713' title='bbox 562 5718 629 5775; x_wconf 86' lang='grc' dir='ltr'><strong>τὸ</strong></span> <span class='ocrx_word' id='word_1_714' title='bbox 659 5715 932 5791; x_wconf 73' lang='grc' dir='ltr'><strong>δεύτερον,</strong></span> <span class='ocrx_word' id='word_1_715' title='bbox 963 5714 1099 5770; x_wconf 81' lang='grc' dir='ltr'><strong>κατὰ</strong></span> <span class='ocrx_word' id='word_1_716' title='bbox 1134 5715 1200 5769; x_wconf 80' lang='grc' dir='ltr'><strong>τὸ</strong></span> <span class='ocrx_word' id='word_1_717' title='bbox 1231 5719 1376 5779; x_wconf 78' lang='grc' dir='ltr'><strong>θεῖον</strong></span> <span class='ocrx_word' id='word_1_718' title='bbox 1409 5710 1603 5790; x_wconf 67' lang='grc' dir='ltr'><strong>Πάσχα</strong></span> <span class='ocrx_word' id='word_1_719' title='bbox 1648 5715 1739 5769; x_wconf 77' lang='grc' dir='ltr'><strong>καὶ</strong></span> <span class='ocrx_word' id='word_1_720' title='bbox 1786 5719 1865 5787; x_wconf 81' lang='grc' dir='ltr'><strong>τῷ</strong></span> 
     </span>
    </p>
   </div>
   <div class='ocr_carea' id='block_1_112' title="bbox 1971 4914 3611 4986">
    <p class='ocr_par' dir='ltr' id='par_1_112' title="bbox 1971 4914 3611 4986">
     <span class='ocr_line' id='line_1_112' title="bbox 1971 4914 3611 4986; baseline -0.002 -15"><span class='ocrx_word' id='word_1_721' title='bbox 1971 4923 2029 4971; x_wconf 90' lang='lat' dir='ltr'><strong>et</strong></span> <span class='ocrx_word' id='word_1_722' title='bbox 2056 4916 2118 4971; x_wconf 90' lang='lat' dir='ltr'><strong>in</strong></span> <span class='ocrx_word' id='word_1_723' title='bbox 2149 4916 2370 4971; x_wconf 87' lang='lat' dir='ltr'><strong>vicinas</strong></span> <span class='ocrx_word' id='word_1_724' title='bbox 2410 4914 2636 4971; x_wconf 87' lang='lat' dir='ltr'><strong>insulas</strong></span> <span class='ocrx_word' id='word_1_725' title='bbox 2665 4914 2966 4986; x_wconf 79' lang='lat' dir='ltr'><strong>ablegatos</strong></span> <span class='ocrx_word' id='word_1_726' title='bbox 2987 4915 3174 4970; x_wconf 89' lang='lat' dir='ltr'><strong>comis</strong></span> <span class='ocrx_word' id='word_1_727' title='bbox 3191 4916 3457 4970; x_wconf 89' lang='lat' dir='ltr'><strong>detonsis</strong></span> <span class='ocrx_word' id='word_1_728' title='bbox 3487 4915 3611 4969; x_wconf 89' lang='lat' dir='ltr'><strong>cle-</strong></span> 
     </span>
    </p>
   </div>
   <div class='ocr_carea' id='block_1_113' title="bbox 1970 5001 3617 5076">
    <p class='ocr_par' dir='ltr' id='par_1_113' title="bbox 1970 5001 3617 5076">
     <span class='ocr_line' id='line_1_113' title="bbox 1970 5001 3617 5076; baseline -0.006 -14"><span class='ocrx_word' id='word_1_729' title='bbox 1970 5007 2232 5063; x_wconf 89' lang='lat' dir='ltr'><strong>ricorum</strong></span> <span class='ocrx_word' id='word_1_730' title='bbox 2273 5003 2409 5061; x_wconf 88' lang='lat' dir='ltr'><strong>albo</strong></span> <span class='ocrx_word' id='word_1_731' title='bbox 2465 5005 2761 5076; x_wconf 89' lang='lat' dir='ltr'><strong>ascripsit,</strong></span> <span class='ocrx_word' id='word_1_732' title='bbox 2811 5010 3126 5076; x_wconf 88' lang='lat' dir='ltr'><strong>postquam</strong></span> <span class='ocrx_word' id='word_1_733' title='bbox 3176 5019 3309 5058; x_wconf 91' lang='lat' dir='ltr'><strong>cum</strong></span> <span class='ocrx_word' id='word_1_734' title='bbox 3358 5001 3475 5057; x_wconf 90' lang='lat' dir='ltr'><strong>illis</strong></span> <span class='ocrx_word' id='word_1_735' title='bbox 3521 5016 3617 5055; x_wconf 74' lang='lat' dir='ltr'><strong>re-</strong></span> 
     </span>
    </p>
   </div>
   <div class='ocr_carea' id='block_1_114' title="bbox 1973 5091 3615 5169">
    <p class='ocr_par' dir='ltr' id='par_1_114' title="bbox 1973 5091 3615 5169">
     <span class='ocr_line' id='line_1_114' title="bbox 1973 5091 3615 5169; baseline -0.004 -18"><span class='ocrx_word' id='word_1_736' title='bbox 1973 5099 2212 5169; x_wconf 87' lang='lat' dir='ltr'><strong>gnasset</strong></span> <span class='ocrx_word' id='word_1_737' title='bbox 2231 5094 2359 5151; x_wconf 83' lang='lat' dir='ltr'><strong>dies</strong></span> <span class='ocrx_word' id='word_1_738' title='bbox 2379 5092 2772 5164; x_wconf 85' lang='lat' dir='ltr'><strong>quadraginta</strong></span> <span class='ocrx_word' id='word_1_739' title='bbox 2791 5099 2930 5147; x_wconf 88' lang='lat' dir='ltr'><strong>tres.</strong></span> <span class='ocrx_word' id='word_1_740' title='bbox 2953 5092 3375 5147; x_wconf 88' lang='lat' dir='ltr'><strong>Constantinus</strong></span> <span class='ocrx_word' id='word_1_741' title='bbox 3396 5091 3615 5160; x_wconf 84' lang='lat' dir='ltr'><strong>itaque.</strong></span> 
     </span>
    </p>
   </div>
   <div class='ocr_carea' id='block_1_115' title="bbox 1975 5177 3618 5254">
    <p class='ocr_par' dir='ltr' id='par_1_115' title="bbox 1975 5177 3618 5254">
     <span class='ocr_line' id='line_1_115' title="bbox 1975 5177 3618 5254; baseline -0.005 -15"><span class='ocrx_word' id='word_1_742' title='bbox 1975 5184 2186 5239; x_wconf 89' lang='lat' dir='ltr'><strong>Leonis</strong></span> <span class='ocrx_word' id='word_1_743' title='bbox 2217 5182 2377 5239; x_wconf 80' lang='lat' dir='ltr'><strong>illius</strong></span> <span class='ocrx_word' id='word_1_744' title='bbox 2406 5186 2466 5237; x_wconf 87' lang='lat' dir='ltr'><strong>et</strong></span> <span class='ocrx_word' id='word_1_745' title='bbox 2519 5182 2746 5254; x_wconf 86' lang='lat' dir='ltr'><strong>primus</strong></span> <span class='ocrx_word' id='word_1_746' title='bbox 2794 5180 3370 5251; x_wconf 83' lang='lat' dir='ltr'><strong>Porphyrogenneta,</strong></span> <span class='ocrx_word' id='word_1_747' title='bbox 3422 5177 3618 5248; x_wconf 88' lang='lat' dir='ltr'><strong>suspi-</strong></span> 
     </span>
    </p>
   </div>
   <div class='ocr_carea' id='block_1_116' title="bbox 1975 5265 3619 5332">
    <p class='ocr_par' dir='ltr' id='par_1_116' title="bbox 1975 5265 3619 5332">
     <span class='ocr_line' id='line_1_116' title="bbox 1975 5265 3619 5332; baseline -0.004 -4"><span class='ocrx_word' id='word_1_748' title='bbox 1975 5273 2146 5328; x_wconf 91' lang='lat' dir='ltr'><strong>cione</strong></span> <span class='ocrx_word' id='word_1_749' title='bbox 2186 5272 2348 5326; x_wconf 91' lang='lat' dir='ltr'><strong>omni</strong></span> <span class='ocrx_word' id='word_1_750' title='bbox 2379 5271 2452 5326; x_wconf 89' lang='lat' dir='ltr'><strong>de</strong></span> <span class='ocrx_word' id='word_1_751' title='bbox 2483 5269 2680 5325; x_wconf 88' lang='lat' dir='ltr'><strong>medio</strong></span> <span class='ocrx_word' id='word_1_752' title='bbox 2713 5268 2965 5332; x_wconf 87' lang='lat' dir='ltr'><strong>sublata,</strong></span> <span class='ocrx_word' id='word_1_753' title='bbox 2999 5273 3059 5322; x_wconf 89' lang='lat' dir='ltr'><strong>et</strong></span> <span class='ocrx_word' id='word_1_754' title='bbox 3102 5265 3426 5323; x_wconf 88' lang='lat' dir='ltr'><strong>secundum</strong></span> <span class='ocrx_word' id='word_1_755' title='bbox 3458 5266 3619 5322; x_wconf 89' lang='lat' dir='ltr'><strong>solus</strong></span> 
     </span>
    </p>
   </div>
   <div class='ocr_carea' id='block_1_117' title="bbox 1976 5354 3623 5431">
    <p class='ocr_par' dir='ltr' id='par_1_117' title="bbox 1976 5354 3623 5431">
     <span class='ocr_line' id='line_1_117' title="bbox 1976 5354 3623 5431; baseline -0.004 -16"><span class='ocrx_word' id='word_1_756' title='bbox 1976 5359 2228 5431; x_wconf 89' lang='lat' dir='ltr'><strong>imperio</strong></span> <span class='ocrx_word' id='word_1_757' title='bbox 2260 5359 2499 5429; x_wconf 88' lang='lat' dir='ltr'><strong>potitus,</strong></span> <span class='ocrx_word' id='word_1_758' title='bbox 2536 5372 2704 5412; x_wconf 86' lang='lat' dir='ltr'><strong>sacro</strong></span> <span class='ocrx_word' id='word_1_759' title='bbox 2737 5355 2831 5410; x_wconf 88' lang='lat' dir='ltr'><strong>die</strong></span> <span class='ocrx_word' id='word_1_760' title='bbox 2861 5354 3164 5410; x_wconf 89' lang='lat' dir='ltr'><strong>Paschalis</strong></span> <span class='ocrx_word' id='word_1_761' title='bbox 3185 5357 3447 5411; x_wconf 80' lang='lat' dir='ltr'><strong>Romano</strong></span> <span class='ocrx_word' id='word_1_762' title='bbox 3477 5355 3623 5422; x_wconf 83' lang='lat' dir='ltr'><strong>filio,</strong></span> 
     </span>
    </p>
   </div>
   <div class='ocr_carea' id='block_1_118' title="bbox 1976 5442 3625 5520">
    <p class='ocr_par' dir='ltr' id='par_1_118' title="bbox 1976 5442 3625 5520">
     <span class='ocr_line' id='line_1_118' title="bbox 1976 5442 3625 5520; baseline 0 -18"><span class='ocrx_word' id='word_1_763' title='bbox 1976 5447 2312 5520; x_wconf 85' lang='lat' dir='ltr'><strong>patriarcha</strong></span> <span class='ocrx_word' id='word_1_764' title='bbox 2340 5442 2774 5516; x_wconf 82' lang='lat' dir='ltr'><strong>Theophylacto</strong></span> <span class='ocrx_word' id='word_1_765' title='bbox 2798 5460 3001 5515; x_wconf 86' lang='lat' dir='ltr'><strong>preces</strong></span> <span class='ocrx_word' id='word_1_766' title='bbox 3019 5443 3326 5507; x_wconf 84' lang='lat' dir='ltr'><strong>fundente,</strong></span> <span class='ocrx_word' id='word_1_767' title='bbox 3351 5444 3625 5502; x_wconf 88' lang='lat' dir='ltr'><strong>diadema</strong></span> 
     </span>
    </p>
   </div>
   <div class='ocr_carea' id='block_1_119' title="bbox 1976 5532 3622 5607">
    <p class='ocr_par' dir='ltr' id='par_1_119' title="bbox 1976 5532 3622 5607">
     <span class='ocr_line' id='line_1_119' title="bbox 1976 5532 3622 5607; baseline -0.001 -15"><span class='ocrx_word' id='word_1_768' title='bbox 1976 5534 2251 5607; x_wconf 89' lang='lat' dir='ltr'><strong>imponit,</strong></span> <span class='ocrx_word' id='word_1_769' title='bbox 2278 5537 2730 5603; x_wconf 82' lang='lat' dir='ltr'><strong>Romanumque</strong></span> <span class='ocrx_word' id='word_1_770' title='bbox 2762 5533 3043 5604; x_wconf 87' lang='lat' dir='ltr'><strong>Stephani</strong></span> <span class='ocrx_word' id='word_1_771' title='bbox 3074 5532 3174 5591; x_wconf 70' lang='lat'><strong>58</strong></span> <span class='ocrx_word' id='word_1_772' title='bbox 3202 5534 3391 5590; x_wconf 80' lang='lat' dir='ltr'><strong>ﬁlium</strong></span> <span class='ocrx_word' id='word_1_773' title='bbox 3432 5534 3622 5590; x_wconf 80' lang='lat' dir='ltr'><strong>evira~</strong></span> 
     </span>
    </p>
   </div>
   <div class='ocr_carea' id='block_1_120' title="bbox 1975 5621 3618 5696">
    <p class='ocr_par' dir='ltr' id='par_1_120' title="bbox 1975 5621 3618 5696">
     <span class='ocr_line' id='line_1_120' title="bbox 1975 5621 3618 5696; baseline -0.001 -17"><span class='ocrx_word' id='word_1_774' title='bbox 1975 5625 2076 5692; x_wconf 86' lang='lat' dir='ltr'><strong>vit,</strong></span> <span class='ocrx_word' id='word_1_775' title='bbox 2108 5638 2340 5681; x_wconf 89' lang='lat' dir='ltr'><strong>necnon</strong></span> <span class='ocrx_word' id='word_1_776' title='bbox 2373 5628 2432 5677; x_wconf 84' lang='lat' dir='ltr'><strong>et</strong></span> <span class='ocrx_word' id='word_1_777' title='bbox 2464 5621 2743 5678; x_wconf 86' lang='lat' dir='ltr'><strong>Basilium</strong></span> <span class='ocrx_word' id='word_1_778' title='bbox 2771 5637 2843 5677; x_wconf 85' lang='lat' dir='ltr'><strong>ex</strong></span> <span class='ocrx_word' id='word_1_779' title='bbox 2877 5636 3044 5678; x_wconf 82' lang='lat' dir='ltr'><strong>serva</strong></span> <span class='ocrx_word' id='word_1_780' title='bbox 3064 5623 3314 5696; x_wconf 76' lang='lat' dir='ltr'><strong>Bulgara</strong></span> <span class='ocrx_word' id='word_1_781' title='bbox 3354 5626 3618 5682; x_wconf 79' lang='lat' dir='ltr'><strong>Romano</strong></span> 
     </span>
    </p>
   </div>
   <div class='ocr_carea' id='block_1_121' title="bbox 1978 5711 3613 5786">
    <p class='ocr_par' dir='ltr' id='par_1_121' title="bbox 1978 5711 3613 5786">
     <span class='ocr_line' id='line_1_121' title="bbox 1978 5711 3613 5786; baseline -0.004 -15"><span class='ocrx_word' id='word_1_782' title='bbox 1978 5712 2199 5771; x_wconf 88' lang='lat' dir='ltr'><strong>seniori</strong></span> <span class='ocrx_word' id='word_1_783' title='bbox 2256 5712 2653 5785; x_wconf 84' lang='lat' dir='ltr'><strong>progenitum,</strong></span> <span class='ocrx_word' id='word_1_784' title='bbox 2710 5716 2769 5768; x_wconf 89' lang='lat' dir='ltr'><strong>et</strong></span> <span class='ocrx_word' id='word_1_785' title='bbox 2815 5711 3154 5769; x_wconf 84' lang='lat' dir='ltr'><strong>Michaelem</strong></span> <span class='ocrx_word' id='word_1_786' title='bbox 3206 5713 3613 5786; x_wconf 84' lang='lat' dir='ltr'><strong>Christophori</strong></span> 
     </span>
    </p>
   </div>
  </div>
