4062 6202
436 419 554 480 279

1973 397 2266 464 JOELIS.

3721 392 3850 456 280

439 551 632 607 filium
663 547 859 604 ablata
899 558 1067 601 coma
1122 540 1402 596 clericum
1451 539 1610 593 fecit.
1672 537 2090 591 Verumtamen

2222 531 2311 603 ιὶῷ
2338 529 2607 601 Ῥωμανῷ
2645 524 2957 600 περιτίθησι
3005 519 3270 596 διάδημα,
3321 524 3704 601 Θεοφδλάκτου
3748 528 3850 580 τοῦ

443 635 916 710 Theophylactus
955 629 1295 704 patriarcha
1342 642 1532 684 annos
1583 629 1760 682 natus
1812 621 2096 679 tredecim

445 729 731 786 diaconus
754 722 1084 787 ordinatur,
1112 734 1268 774 anno
1289 734 1426 772 vero
1449 715 1642 772 astatis
1671 713 1901 770 decimo
1931 716 2094 767 sexto

445 819 509 872 in
541 810 933 887 patriarchale
963 809 1178 865 solium
1212 811 1629 878 promovetur;
1661 820 1768 876 per
1786 818 1976 859 annos
2008 800 2095 854 vi-

444 904 593 979 ginti
619 908 740 958 tres
771 907 830 958 et
858 901 986 956 dies
1016 897 1222 970 viginti
1253 897 1517 968 quinque
1540 893 1692 950 male
1733 891 2096 965 indigneque

444 991 851 1066 patriarchatu
883 988 1301 1045 administrato
1347 985 1607 1040 animam
1653 980 1914 1047 exhalat,
1946 985 2006 1033 et
2035 979 2097 1033 in

446 1083 578 1155 ejus
609 1081 808 1137 locum
841 1077 1137 1134 sufﬁcitur
1165 1074 1523 1146 Polyeuctus
1562 1069 1911 1127 monachus.
1947 1069 2097 1123 Con-

444 1171 710 1226 stantino
733 1169 1065 1240 imperante
1085 1163 1330 1219 Joannis
1352 1159 1744 1217 Prmcursoris
1762 1155 2100 1212 veneranda

445 1275 662 1316 manus
692 1256 1002 1312 Antiochia
1036 1253 1347 1310 advehitur
1377 1257 1434 1306 et
1463 1266 1677 1322 corpus
1718 1248 1908 1304 sancti
1959 1247 2098 1300 Gre-

448 1349 600 1422 gorii
629 1347 929 1418 Theologi.
964 1346 1068 1400 Hic
1099 1359 1238 1416 ergo
1269 1341 1708 1407 Constantinus,
1735 1343 1800 1393 ut
1827 1335 1968 1392 fassi
2001 1351 2102 1390 su-

446 1456 601 1502 mus,
635 1437 796 1493 solus
824 1435 1075 1508 imperio
1107 1432 1523 1488 administrato
1550 1445 1658 1501 per
1701 1442 1893 1483 annos
1923 1423 2101 1496 quin-

447 1530 644 1585 decim
677 1527 739 1582 in
772 1526 1046 1582 morbum
1077 1522 1349 1578 incidens
1378 1521 1536 1576 diem
1558 1519 1702 1576 obit.

2205 618 2550 694 πατριάρχου
2623 615 2720 676 τὰς
2796 611 2964 688 εὐχὰς
3035 609 3371 676 τελέσαντος.
3421 611 3720 690 Εὗνούχισε
3793 608 3853 668 δὲ

2202 707 2294 763 καὶ
2366 705 2652 780 Ῥωμανὸν
2725 703 2818 760 τὸν
2895 707 2992 758 τοῦ
3041 705 3318 780 Στεφάνου
3357 701 3502 771 υἱὸν,
3540 699 3620 758 ἔτι
3659 699 3719 758 δὲ
3757 703 3850 758 καὶ

2206 793 2492 852 Βασίλειον
2539 793 2632 849 τὸν
2699 796 2761 848 ἐκ
2823 789 3031 862 δούλης
3097 789 3412 866 Βουλγάρας
3478 789 3856 865 ἀποτεχθέντα

2205 885 2475 959 Ῥωμανῷ
2501 889 2583 956 τῷ
2613 883 2852 960 γέροντι,
2905 880 3136 956 Μιχαὴλ
3189 877 3248 936 δὲ
3293 881 3385 936 τὸν
3439 880 3554 935 υἱὸν
3603 883 3855 955 Χριστο-

2205 975 2378 1053 φόρου
2433 976 2530 1028 τοῦ
2590 970 2862 1048 βασιλέως
2915 972 3166 1045 ἀπέκειρε
3220 967 3509 1043 κληρικύν.
3569 967 3858 1048 Θεοφύλα-

2206 1082 2336 1124 κτος
2369 1060 2426 1118 δὲ
2451 1063 2480 1118 ὁ
2511 1063 2858 1136 πατριάρχης
2894 1061 2962 1136 ιγ’
3017 1061 3112 1134 μὶν
3153 1059 3286 1116 ἐτῶν
3339 1057 3414 1114 ὢν
3459 1059 3550 1116 ὅτε
3597 1056 3855 1120 διάκονος

2208 1151 2626 1227 ἐχειροτονήθη,
2664 1151 2726 1215 ις’
2772 1148 2828 1205 8‘s
2883 1149 2975 1204 ὅτε
3023 1147 3102 1212 εἲς
3143 1149 3236 1203 τὸν
3281 1148 3682 1224 πατριαρχικὸν
3729 1146 3859 1202 ἆνε-

2209 1237 2446 1311 ϐιϐἀσθη
2479 1239 2687 1315 θρόνον,
2727 1238 2814 1295 ἐπ’
2865 1235 2959 1308 ἔτη
3007 1239 3091 1314 κγ’
3142 1238 3232 1293 καὶ
3288 1238 3502 1312 ἡμερας
3547 1239 3628 1292 κε’
3675 1239 3864 1300 κακῶς

2213 1331 2306 1386 καὶ
2359 1329 2586 1400 ἀναξίως
2643 1327 3071 1406 ἀρχιερατεύσας
3149 1327 3243 1382 τὸν
3330 1326 3451 1400 βίον
3536 1324 3858 1382 κατέλιπεν·

2210 1421 2320 1475 ἀντ’
2351 1417 2516 1475 αὐτοῦ
2556 1414 2614 1473 δὶ
2665 1412 3043 1492 προϐάλλεται
3095 1417 3124 1471 ὁ
3180 1415 3424 1490 μοναχδς
3486 1413 3862 1478 Πολύευκτος.

2209 1509 2332 1565 Ἐπὶ
2407 1510 2510 1572 τῆς
2581 1505 2780 1562 τούτου
2857 1503 3140 1581 βασιλείας
3209 1501 3365 1583 ἤχθη
3407 1502 3458 1577 ἐξ
3513 1503 3864 1578 Ἀντιοχείας

446 1615 541 1670 καὶ
579 1617 615 1684 ἡ
645 1617 808 1686 τιμία
837 1611 964 1686 χεὶρ
991 1613 1090 1665 τοῦ
1121 1605 1450 1684 Προδρόμου
1480 1605 1570 1662 καὶ
1600 1605 1662 1660 τὸ
1709 1603 1966 1677 λείψανον
2002 1598 2100 1657 τοῦ
2143 1597 2299 1674 ἁγίου
2345 1594 2649 1686 Γρηγορίου
2693 1598 2791 1652 τοῦ
2839 1591 3136 1670 Θεολόγου.
3189 1593 3363 1655 Οὗτος
3413 1591 3506 1647 οὗν
3539 1591 3568 1646 ὁ
3601 1590 3866 1667 βασιλεὺς

448 1683 881 1765 Κωνσταντῖνος,
913 1683 1345 1772 μονοκρατήσας,
1373 1695 1450 1759 ὡς
1473 1691 1575 1768 ἔφη
1587 1713 1702 1768 μεν,
1725 1689 1820 1763 ἔτη
1857 1693 1938 1758 ιε’,
1968 1689 2114 1762 νόσῳ
2140 1687 2446 1762 περιπεσὼν
2473 1683 2719 1756 τελευτᾷ.

523 1795 661 1848 Post
687 1765 1133 1847 Constantinum
1178 1765 1252 1845 ad
1299 1765 1632 1843 Romanum
1681 1783 1845 1839 illius
1893 1781 2104 1848 filium,

2281 1775 2433 1833 Μετὰ
2482 1772 2541 1830 δὶ
2592 1774 2688 1830 τὸν
2745 1777 3144 1830 Κωνσταντῖνον
3201 1765 3520 1828 ἐϐασίλευσε
3573 1772 3870 1844 Ῥωμανὸς

454 1884 554 1954 qui
580 1887 639 1938 et
659 1898 808 1953 puer
824 1880 1149 1948 dicebatur,
1179 1877 1496 1950 imperium
1522 1875 1784 1931 delatum
1812 1878 1902 1928 est
1931 1885 1949 1938 ;
1999 1871 2100 1942 qui

455 1971 660 2027 morbo
693 1969 1068 2026 conﬂictatus
1097 1985 1166 2023 ex
1197 1966 1506 2023 hominum
1525 1964 1645 2019 vita
1673 1962 1964 2035 migravit,
1995 1976 2102 2016 an-

453 2076 666 2115 norum
701 2059 902 2132 viginti
937 2065 1210 2130 quatuor,
1240 2055 1474 2128 imperii
1496 2070 1653 2109 anno
1670 2053 1866 2120 tertio,
1897 2066 2103 2107 mense

460 2155 692 2221 quarto.
727 2148 823 2202 die
855 2148 1084 2218 quinto.

531 2239 669 2292 Post
699 2240 1030 2292 Romanum
1063 2235 1378 2307 imperium
1418 2233 1718 2305 accipiunt
1768 2229 2016 2288 Basilius
2047 2236 2106 2286 et

457 2326 883 2382 Constantinus
915 2325 1024 2380 filii
1054 2341 1190 2381 cum
1219 2323 1655 2396 TheOphanone
1687 2326 1898 2376 matre.
1919 2323 2106 2390 Impe-

457 2420 670 2472 rarunt
697 2429 934 2469 menses
966 2414 1228 2485 quinque
1259 2429 1394 2468 cum
1425 2409 1680 2481 Josepho
1722 2408 1954 2480 Bringa,
2004 2407 2104 2477 qui

461 2511 587 2560 tum
617 2503 938 2575 plurimum
973 2501 1129 2574 apud
1161 2517 1260 2557 eos
1288 2499 1538 2556 valebat.

534 2592 634 2647 His
667 2591 950 2648 successit
1001 2591 1063 2646 in
1103 2590 1358 2662 imperio
1406 2589 1771 2660 Nicephorus
1817 2587 2043 2642 Phocas
2073 2601 2109 2640 a

461 2681 783 2753 Polyeucto
814 2681 1153 2753 patriarcha
1177 2685 1536 2748 coronatus;
1572 2678 1672 2750 qui
1707 2684 1766 2732 et
1803 2677 2110 2748 Theopha-

462 2787 680 2826 nonem
711 2769 826 2825 sibi
858 2769 1121 2842 legitimo
1152 2767 1534 2824 matrimonio
1566 2767 1820 2839 copulat,
1848 2771 1907 2820 et
1926 2766 2109 2838 parti-

460 2859 654 2916 culam
709 2859 887 2914 vestis
935 2859 1179 2914 Joannis
1225 2857 1502 2928 Baptista:
1548 2857 1760 2912 Bermae
1809 2856 2109 2910 inventam

459 2947 686 3020 Cpolim
719 2947 1060 3018 asportavit.
1093 2946 1339 3002 Advexit
1370 2947 1512 3000 item
1559 2945 1838 3017 tegulam,
1889 2944 1950 2998 in
1994 2959 2110 3014 qua

465 3042 592 3093 erat
620 3037 814 3109 imago
836 3036 1051 3092 Christi
1073 3035 1174 3090 Dei
1199 3035 1410 3102 nostri,
1430 3051 1549 3089 non
1573 3035 1836 3090 humana
1855 3039 1981 3088 arte
2003 3048 2112 3088 nec

463 3129 566 3184 59
598 3142 781 3182 manu
811 3141 1181 3197 expressam,
1215 3125 1536 3194 Hierapoli,
1567 3124 1708 3179 dum
1731 3123 1937 3178 urbem
1969 3121 2111 3177 diri-

467 3216 578 3288 pit,
609 3219 928 3286 repertam,
963 3219 1022 3270 et
1049 3213 1399 3284 capillorum
1430 3213 1671 3267 Joannis
1694 3212 1964 3284 Baptista
1987 3211 2115 3266 cin-

469 3303 715 3357 cinnum
738 3301 1148 3365 unum,adhuc
1180 3299 1467 3371 sanguine
1499 3297 1828 3354 madidum.
1861 3299 1963 3354 Hic
1986 3314 2120 3354 cum

475 3395 782 3463 regnasset
813 3405 1003 3444 annos
1035 3404 1158 3456 sex,
1198 3387 1448 3444 consilio
1497 3387 1894 3460 imperatricis
1943 3388 2122 3443 Theo-

465 3477 762 3550 phanonis
795 3494 828 3532 a
865 3477 1148 3532 Tzimisce
1179 3482 1239 3530 et
1267 3475 1592 3547 conjuratis
1641 3476 1704 3531 in
1750 3476 1972 3549 palatio
2015 3476 2118 3531 ob-

465 3572 777 3622 truncatur
791 3607 804 3620 .

537 3745 680 3798 Post
709 3741 870 3798 hunc
894 3741 1212 3814 imperium
1229 3745 1479 3813 occupat
1507 3742 1764 3798 Joannes
1783 3742 2115 3810 Tzimisces,

464 3849 721 3904 quocum
758 3832 934 3888 simul
967 3833 1344 3904 imperabant
1383 3832 1634 3889 Basilius
1683 3839 1743 3888 et
1789 3832 2120 3890 Constanti-

461 3939 574 3978 nus
608 3921 857 3978 Romani
893 3921 1018 3978 filii.
1051 3921 1366 3976 Tzimisces
1387 3921 1499 3976 sibi
1531 3922 1914 3978 matrimonio
1945 3939 2119 3994 copu-

463 4011 542 4066 lat
602 4011 970 4066 Theodoram
1033 4011 1281 4067 Bomani
1369 4026 1657 4078 sororem,
1744 4011 2118 4067 Constantini

463 4099 1012 4172 Porphyrogenneti
1062 4099 1268 4155 ﬁliam.
1320 4103 1367 4154 Α
1418 4098 1732 4171 Polyeucto
1783 4101 2120 4172 patriarcha

468 4190 874 4262 imperatoriis
918 4189 1254 4262 insignibus
1305 4189 1579 4259 donatur,
1629 4207 1764 4246 cum
1814 4191 1981 4262 prius
2028 4191 2115 4246 illi

467 4280 930 4350 obtemperasset
964 4279 1403 4350 Nicephorique
1431 4279 1758 4352 parricidas
1798 4278 1870 4334 de
1918 4279 2116 4334 medio

465 4369 825 4426 sustulisset.
849 4370 1350 4440 TheOphanonem
1373 4369 1593 4442 palatio
1612 4369 1887 4441 ejecisset
1901 4371 2116 4427 solum-

465 4472 579 4526 que
612 4463 838 4512 vertere
863 4458 1164 4528 jussisset,
1197 4456 1422 4514 tomum
1455 4466 1763 4531 praeterea,
1807 4476 1984 4530 quem
2012 4460 2114 4514 Ni-

462 4545 756 4615 cephorus
788 4546 1032 4614 Phocas,
1063 4553 1130 4602 ut
1157 4563 1254 4602 res
1286 4548 1717 4606 ecclesiasticas
1749 4556 2113 4605 transversas

465 4639 686 4703 ageret,
751 4634 1208 4704 conscripserat,
1266 4634 1672 4693 dilacerasset.
1724 4639 1865 4694 Post
1934 4639 2113 4709 hujus

463 4721 822 4778 electionem
858 4737 991 4775 cum
1021 4721 1261 4793 triginta
1291 4723 1556 4794 quinque
1598 4730 1828 4781 tantum
1861 4725 1988 4782 dies
2018 4744 2112 4782 su-

460 4810 820 4884 pervixisset
838 4808 1194 4880 Polyeuctus
1225 4811 1402 4866 vitam
1425 4813 1654 4883 posuit:
1681 4815 1740 4868 in
1763 4814 1958 4870 locum
1981 4817 2111 4886 ejus

461 4898 749 4956 successit
768 4897 1022 4954 Basilius
1047 4897 1546 4968 Scamandrenus,
1565 4901 1666 4970 qui
1688 4903 2111 4960 nonnullorum

459 4989 780 5045 criminum
812 5004 952 5042 reus
979 5004 1015 5042 a
1037 4987 1264 5060 synodo
1289 4995 1606 5045 convocata
1627 4990 1889 5062 pellitur,
1915 4999 1974 5046 et
2000 4996 2113 5048 An-

458 5079 662 5135 tonius
693 5076 927 5134 Studita
956 5075 1356 5132 substituitur.
1389 5077 1701 5134 Tzimisces
1732 5095 1866 5135 cnm
1922 5079 2112 5153 impe-

459 5174 654 5226 rasset
681 5184 871 5225 annos
902 5183 1002 5223 sex
1033 5171 1093 5222 et
1121 5165 1249 5222 dies
1280 5167 1539 5239 triginta,
1585 5169 1782 5225 Basilii
1816 5170 2110 5227 accubito-

458 5260 542 5314 ris
602 5256 840 5314 insidiis
898 5273 1122 5318 veneno
1182 5256 1597 5327 exstinguitur,
1667 5259 2108 5316 successoribus

461 5347 680 5402 Basilio
712 5352 771 5403 et
799 5345 1186 5402 Constantino
1218 5345 1467 5402 Romani
1501 5345 1662 5403 ﬁliis.

535 5521 672 5574 Post
727 5521 1070 5576 Tzimiscem
1121 5521 1439 5592 imperium
1489 5529 1809 5580 tenuerunt
1857 5525 2106 5582 Basilius

464 5615 524 5662 et
551 5609 976 5663 Constantinus
1007 5610 1566 5680 Porphyrogenneta
1595 5630 1786 5669 annos
1816 5615 2104 5686 quinqua-

461 5697 644 5769 ginta.
679 5695 929 5750 Basilius
956 5699 1145 5751 aetatis
1177 5714 1400 5754 annum
1434 5701 1799 5760 vicesimum.
1824 5705 2096 5758 Constan-

2211 1866 2242 1921 ὁ
2269 1866 2465 1922 τούτου
2503 1863 2642 1932 υἱὸς,
2689 1863 2720 1918 ὁ
2770 1861 3065 1937 λεγόμενος
3111 1857 3348 1929 παιδίον,
3402 1861 3461 1923 ὅς
3511 1861 3658 1932 νόσῳ
3703 1879 3873 1934 περι-

2211 1956 2390 2012 πεσὼν
2448 1951 2982 2024 ἐτελεύτησεν’ἐτῶν
3043 1951 3306 2027 ὑπάρχων
3357 1947 3442 2006 κδ’
3532 1946 3871 2024 βασιλεύσας

2211 2041 2306 2118 ἔτη
2335 2047 2384 2122 γ’
2418 2051 2593 2120 μῆνας
2623 2041 2670 2098 δ’
2699 2042 2910 2118 ἡμέρας
2941 2044 2998 2101 ε’.

2289 2224 2436 2283 Μετὰ
2467 2221 2526 2278 δὲ
2569 2224 2660 2279 τὸν
2700 2223 2981 2297 Ῥωμανὸν
3029 2218 3376 2297 διαδέχονται
3418 2221 3518 2290 τήν
3574 2217 3868 2296 βασιλείαν

2217 2312 2505 2378 Βασίλειος
2557 2314 2648 2368 καὶ
2709 2314 3114 2374 Κωνσταντῖνος
3172 2313 3222 2367 οἱ
3279 2307 3470 2372 παῖδες
3539 2308 3708 2366 αύτοῦ
3776 2309 3873 2366 σὺν

2216 2408 2480 2481 Θεοφανοῖ
2527 2405 2596 2476 τῇ
2649 2401 2840 2478 μητρὶ,
2926 2399 3343 2477 βασιλεύσαντες
3416 2406 3594 2474 μῆνας
3661 2398 3702 2454 ε’
3777 2398 3874 2454 σὺν

2217 2493 2420 2570 Ἰωσήφ
2450 2496 2530 2564 τῷ
2561 2489 2764 2568 Βρίγγᾳ
2787 2489 2913 2547 τότε
2938 2487 3478 2566 παραδυναστεύοντι.

2289 2581 2436 2636 Μετᾶ
2487 2578 2544 2636 δὲ
2598 2579 2826 2644 τούτους
2880 2579 3199 2658 Νικηφόρος
3231 2580 3260 2635 ὁ
3316 2583 3518 2642 Φωκᾶς
3558 2577 3871 2656 βασιλεύει,

2219 2671 2464 2749 arenosi:
2520 2669 2666 2744 παρὰ
2721 2666 3066 2724 Πολυεύκτου
3123 2671 3222 2726 τοῦ
3275 2667 3650 2743 πατριάρχου.
3717 2669 3872 2726 Εἶτα

2219 2757 2310 2814 καὶ
2365 2759 2465 2827 τὴν
2524 2757 2778 2834 Θεοφανὼ
2831 2757 3072 2831 νόμιμον
3155 2759 3402 2834 γαμετήν
3478 2755 3686 2833 ἃγεται.
3773 2758 3874 2820 ’ος

2219 2849 2309 2904 καὶ
2351 2850 2515 2925 μὲρος
2568 2869 2621 2904 τι
2678 2853 2775 2904 τοῦ
2831 2849 3057 2922 ἱματίου
3103 2853 3202 2904 τοῦ
3254 2850 3562 2906 Βαπτιστοῦ
3615 2848 3876 2906 Ἰωάννου

2222 2937 2510 3014 εἰσήγαγεν
2565 2937 2620 2995 ἐν
2677 2941 2748 3012 τῇ
2805 2937 2991 3008 πόλει,
3059 2939 3194 3012 ὅπερ
3259 2938 3412 3012 εὗρεν
3487 2937 3538 2993 ἐν
3613 2936 3881 3014 Βεῤῥοίᾳ.

2223 3031 2421 3104 ’ΊΙγαγε
2453 3023 2511 3082 δὲ
2567 3026 2658 3082 καὶ
2709 3027 2802 3083 τὸν
2860 3025 3100 3102 κέραμον
3139 3027 3230 3083 τὸν
3277 3021 3476 3102 ἔχοντα
3523 3027 3588 3082 τὸ
3647 3025 3884 3101 ἆχειρό-

2223 3137 2441 3174 τευκτον
2508 3115 2805 3188 ἐκτύπωμα
2857 3123 2958 3185 τῆς
3032 3122 3249 3194 μορφῆς
3325 3120 3423 3172 τοῦ
3479 3118 3720 3190 Χριστοῦ
3787 3116 3880 3172 καὶ

2226 3211 2360 3264 Θεοῦ
2388 3207 2574 3280 ἡμῶν,
2605 3204 2664 3261 ὅν
2692 3203 2840 3280 εὗρεν
2873 3203 2926 3262 ἐν
2973 3204 3298 3279 Ἱεραπόλει,
3341 3203 3546 3275 ταύτην
3589 3217 3880 3280 πεπορθη.

2222 3298 2354 3367 κὼς,
2393 3294 2485 3351 καὶ
2541 3299 2648 3350 τῶν
2696 3299 2908 3370 τριχῶν
2963 3298 3064 3350 τοῦ
3125 3298 3432 3351 Βαπτιστοῦ
3466 3295 3720 3352 Ἰωάννου
3789 3295 3883 3371 βό-

2223 3405 2460 3462 στρυχον
2493 3385 2587 3440 ’ἐνα
2615 3383 2995 3457 πεπιλημένον
3025 3383 3242 3458 α’ίματι.
3293 3383 3493 3451 Οὗτος,
3545 3383 3878 3448 Βασιλεύσας

2221 3473 2313 3546 ἔτη
2349 3476 2414 3546 ς’,
2445 3475 2726 3554 φρνεύεται
2767 3472 2821 3529 ἐν
2877 3477 2958 3546 τῷ
3012 3471 3267 3547 παλατίῳ
3325 3472 3502 3549 βουλῇ
3558 3481 3663 3544 τῆς
3712 3476 3882 3550 βασι-

2222 3561 2428 3632 λίσσης
2455 3565 2764 3638 Θεοφανοῢς
2793 3561 2940 3638 παρὰ
2965 3565 3069 3617 τοῦ
3098 3564 3372 3635 Τζιμισκῆ
3406 3562 3496 3616 καὶ
3543 3566 3653 3617 τῶν
3703 3562 3878 3619 αὐτού

2223 3677 2314 3711 συν
2321 3677 2366 3711 ω
2373 3659 2554 3728 μοτῶν
2564 3701 2578 3714 .

2291 3745 2440 3802 Μετά
2495 3741 2554 3799 δὶ
2605 3747 2798 3800 τοῦτον
2857 3743 3132 3818 βασιλεύει
3191 3743 3444 3814 Ἰωάννης
3478 3745 3508 3799 ὁ
3537 3747 3874 3818 Τζιμισκῆς,

2223 3828 2722 3908 συμϐασιλεύοντας
2753 3828 2899 3912 ἔχων
2929 3833 3076 3905 αὐτῷ
3105 3831 3390 3890 Βασίλειον
3439 3835 3532 3889 καὶ
3582 3839 3873 3890 Κωνστανο

2220 3927 2366 3977 τῖνον
2397 3920 2528 3984 τοὺς
2604 3920 2757 3984 υἱοὺς
2829 3922 3140 3996 Ῥωμανοῑλ
3216 3923 3437 3996 Ἀγεται
3513 3918 3572 3977 δὶ
3636 3929 3875 3996 γυναῖκα

2221 4007 2505 4086 Θεοδώραν
2543 4012 2643 4081 τήν
2699 4007 2942 4089 ἀδελφὴν
2985 4011 3289 4084 ⁸Ρωμανοῦ,
3339 4009 3604 4086 θυγατέρα
3654 4009 3714 4067 δὶ
3771 4017 3874 4068 τοῦ

2223 4102 2742 4176 Πορφυρογεννήτου
2817 4099 3238 4156 Κωνσταντίνου.
3315 4099 3576 4180 Στέφεται
3652 4098 3710 4158 δὲ
3793 4107 3877 4174 τῷ

2217 4196 2320 4252 τῖς
2380 4187 2664 4265 βασιλείας
2725 4185 3027 4262 διαδήματι
3074 4189 3220 4265 παρᾶ
3273 4189 3620 4245 Πολυεύκτου
3676 4211 3880 4267 πατρι-

2221 4278 2710 4353 άρχου,πρότερον
2755 4277 2904 4350 αὐτῷ
2951 4277 3190 4343 πεισθεὶς
3239 4277 3331 4333 καὶ
3378 4279 3505 4341 τοὺς
3551 4281 3877 4359 Νικηφόρου

2219 4366 2544 4444 αὐτόχειρας
2577 4365 2637 4421 ἐκ
2669 4366 2838 4440 μέσου
2875 4369 3136 4442 ποιήρας,
3189 4367 3281 4423 καὶ
3325 4371 3424 4438 την
3474 4369 3730 4442 Θεοφανὼ
3775 4373 3876 4424 τοῦ

2219 4455 2486 4512 παλατίου
2543 4451 2909 4519 καταϐιϐάσας
2952 4457 3042 4512 καὶ
3093 4456 3358 4532 ἐξορίσας,
3404 4458 3498 4513 καὶ
3557 4458 3651 4514 τὸν
3696 4459 3872 4532 τόμον

2223 4541 2513 4621 διαρρήξας
2569 4544 2628 4600 ὅν
2684 4543 2772 4600 ἐπὶ
2833 4545 3097 4621 συγχύσει
3149 4547 3258 4602 τῶν
3315 4545 3784 4619 ἐκκλησιαστικῶν
3839 4549 3871 4604 ὁ

2223 4639 2420 4697 Φωκᾶς
2497 4634 2808 4712 Νικηφόρος
2884 4633 3103 4708 ἐξέθετο.
3183 4635 3329 4692 Μετὰ
3403 4634 3461 4692 δέ
3513 4637 3616 4704 την
3673 4639 3874 4693 τούτου

2221 4722 2570 4800 ἀναγόρευσιν
2605 4723 2681 4780 λε’
2715 4723 2886 4799 μόνας
2916 4723 3128 4798 ἡμὲρας
3171 4725 3200 4780 ὁ
3231 4723 3575 4788 Πολύευκτος
3621 4721 3874 4790 ἐπιϐιοὺς

2219 4809 2482 4869 κατέλυσε
2524 4815 2626 4882 τήν
2686 4815 2856 4887 ζωὴν,
2913 4813 3005 4868 καὶ
3064 4813 3472 4890 προχειρίζεται
3539 4815 3649 4871 ἀντ’
3705 4816 3878 4872 αὐτοῦ

2219 4901 2570 4978 πατριάρχης
2624 4899 2913 4963 Βασίλειος
2992 4902 3021 4956 ὁ
3109 4899 3551 4978 Σκαλανδρηνὸς,
3647 4902 3710 4968 ες
3789 4903 3878 4961 ἐπ’

2221 4989 2420 5056 αίτίαις
2468 4990 2578 5044 τισὶ
2637 4984 2959 5061 διαϐληθεὶς
3019 4988 3319 5055 συνοδικῶς
3367 4990 3665 5068 καθῃρέθη.
3727 5000 3878 5069 Προ-

2221 5074 2433 5150 εϐλήθη
2486 5076 2544 5134 δὲ
2591 5081 2707 5135 ἀντ’
2754 5079 2917 5135 αὐτοῦ
2960 5080 3250 5142 Ἀντώνιος
3283 5081 3310 5136 ὁ
3343 5079 3667 5153 Στουδίτης.
3716 5084 3776 5140 Ὀ
3815 5083 3874 5139 δέ

2220 5173 2523 5242 Τζιμισκῆς
2583 5167 2908 5244 βασιλεύσας
2950 5163 3044 5239 ἔτη
3105 5170 3146 5239 ζ’
3201 5171 3288 5226 καὶ
3343 5171 3554 5246 ἡμέρας
3611 5172 3684 5243 λ’,
3732 5192 3873 5250 eap-

2223 5257 2383 5330 μάκῳ
2439 5256 2816 5332 κατεργασθεὶς
2865 5257 3012 5332 παρὰ
3097 5257 3388 5316 Βασιλείου
3441 5265 3540 5317 τοῦ
3604 5283 3873 5337 παρακοιο

2225 5345 2501 5420 μωμὲνου,
2559 5349 2778 5418 θνήσκει
2839 5343 3135 5422 διαδόχους
3189 5349 3506 5406 καταλιπὼν
3587 5351 3874 5409 Βασίλειον

2217 5435 2306 5490 καὶ
2341 5439 2742 5491 Κωνσταντίνον
2771 5434 2898 5498 τοὺς
2927 5433 3124 5498 παῖδας
3153 5443 3456 5512 Ῥωμανοῦ.

2290 5525 2441 5582 Μετὰ
2483 5523 2574 5580 οὖν
2619 5524 2710 5580 τὸν
2760 5528 3068 5598 Τζιμισκῆν
3123 5534 3375 5602 κρατεῦσι
3420 5538 3523 5600 τῆς
3586 5530 3871 5608 βασιλείας

2218 5613 2506 5677 Βασίλειος
2579 5615 2670 5671 καὶ
2775 5621 3170 5681 Κωνσταντῖνος
3242 5620 3270 5674 ὁ
3345 5624 3867 5700 Πορφυρογέννητος

2217 5696 2311 5774 ἔτη
2347 5704 2396 5780 γ’
2449 5704 2522 5760 ὧν
2557 5704 2585 5759 ὁ
2621 5703 2715 5777 μὶν
2767 5701 3054 5768 Βασίλειος
3101 5707 3192 5763 τὸν
3236 5707 3283 5763 κ’
3329 5707 3457 5778 ἤνυε
3499 5696 3875 5784 τῆςὴλικίας
