4062 6202
289 358 417 420 εει

1664 353 2348 416 CHRONOGBAPHIA.

3597 353 3733 459 ειειεἐ

292 490 524 569 χρόνον,
555 490 653 543 τὸν
719 494 782 558 ιζ’
840 485 897 544 δὲ
957 489 987 541 6
1042 493 1472 550 Κωνσταντῖνος.
1523 486 1617 543 Διὸ
1646 487 1736 542 καὶ
1766 484 1830 541 τὸ
1856 488 1937 555 τῆς

2072 487 2233 542 tinus
2265 486 2560 542 decimum
2592 487 2911 559 septimum
2934 487 3161 559 agebat.
3194 486 3563 557 Quapropter
3590 487 3716 541 solo

289 577 577 655 βασιλείας
638 575 816 651 ὄνομα
876 573 1042 651 μόνον
1094 575 1303 632 τούτων
1361 575 1606 652 ἐχόντων
1654 579 1825 631 πᾶσαν
1853 577 1953 643 τήν

280 673 396 723 τῶν
452 685 801 742 πραγματων
853 665 1225 741 μεταχείρισιν
1284 663 1574 727 Βασίλειος
1616 665 1646 719 6
1682 683 1950 740 παρακοι-

286 758 550 831 μώμενος
608 756 860 831 ἐνήργει,
918 756 979 817 δς
1035 756 1153 829 ἃμα
1208 754 1299 812 καὶ
1353 757 1455 826 τὴν
1500 753 1709 812 τούτων
1743 754 1952 827 μητερα

280 849 511 919 πέμψας
574 846 685 900 ἀπὸ
740 852 842 913 τῆς
898 844 1191 919 ὑπερορίας
1265 843 1386 921 ἄγει
1445 843 1524 907 είς
1578 844 1647 899 τὰ
1701 842 1953 918 βασίλεια

283 934 574 992 Νικολάου
630 931 691 989 δὲ
745 937 845 988 τοῦ
896 928 1264 1008 Χρυσοὸἑργη
1324 931 1413 988 hri
1472 932 1677 1011 χρόνου
1746 933 1815 1005 ιβ’
1860 931 1952 986 καὶ

284 1031 464 1096 μῆνας
495 1024 551 1093 η’
592 1023 700 1092 τήν
747 1020 1074 1092 Ἐκκλησίαν
1136 1021 1412 1084 ίθύναντος
1441 1022 1533 1077 καὶ
1563 1019 1823 1083 λύσαντος
1851 1023 1952 1090 τὴν

279 1115 449 1183 ζωήν,
521 1116 926 1187 χειροτονεῖται
1030 1111 1306 1172 Σισίννιος
1412 1112 1733 1187 μάγιστρος.
1811 1109 1951 1185 ἀνὴρ

274 1208 595 1284 ἐλλόγιμος
636 1210 726 1263 καὶ
788 1208 1038 1284 ἰατρικῆς
1068 1206 1160 1264 καὶ
1188 1215 1429 1283 νομικῆς
1458 1208 1662 1287 τέχνης
1691 1207 1842 1277 ἥκων
1874 1208 1951 1270 εἱς

272 1301 336 1355 τὸ
366 1300 700 1374 ἀκρότατον.
733 1298 836 1353 Καὶ
868 1298 1026 1361 οὗτος
1071 1295 1151 1367 δὶ,
1201 1297 1287 1353 ἐπὶ
1338 1303 1485 1371 τρεῖς
1539 1298 1740 1371 μόνους
1772 1296 1949 1353 ἱνιαυ·

273 1387 408 1451 τοὺς
437 1390 546 1457 τήν
571 1385 908 1458 Ἐκκλησίαν
953 1388 1252 1460 ποιμάνας,
1300 1385 1483 1459 ἰξὲστή
1528 1393 1629 1456 τῆς
1661 1388 1828 1455 ζωῆς,
1858 1385 1950 1442 καὶ

276 1470 613 1550 προεϐλήθη
671 1473 928 1552 Σέργιος,
976 1473 1281 1550 ἠγούμενρς
1352 1469 1426 1529 ὤν
1475 1480 1575 1543 τῆς
1625 1480 1798 1549 μονῆς
1852 1477 1949 1529 τοῦ

270 1562 556 1635 ﬂavour).
610 1562 708 1618 καὶ
763 1563 830 1618 τὸ
886 1563 1045 1640 γένος
1113 1563 1399 1640 ἀναφέρων
1458 1562 1536 1625 είς
1595 1563 1816 1619 Φώτιον
1855 1563 1948 1618 τὸν

266 1653 666 1729 πατριάρχην,
695 1652 757 1714 ὃς
797 1653 887 1708 ἰπὶ
928 1653 982 1708 κ’
1031 1651 1201 1713 ὅλους
1250 1650 1529 1715 ἰνιαυτοὺς
1558 1653 1661 1721 τὴν
1689 1656 1786 1707 τοῦ
1816 1656 1949 1709 Θεοῦ

263 1744 559 1817 ποιμένας
616 1740 955 1813 Ἐκκλησίαν
1009 1740 1149 1817 πρὸς
1218 1740 1420 1815 Κύριον
1480 1738 1802 1813 ἐξεδήμησε,
1857 1741 1947 1796 καὶ

2061 579 2303 634 nomine
2327 584 2499 634 erant
2522 579 2931 650 imperatores,
2964 578 3065 633 ϐο
3097 577 3344 633 Basilius
3376 593 3511 632 vero
3542 594 3713 633 accu-

2060 669 2217 724 bitor
2268 685 2393 725 rem
2441 685 2679 724 omnem
2730 685 2834 740 pro
2881 667 3125 723 libidine
3173 666 3559 740 gubernabat.
3608 667 3711 724 Hic

2059 774 2265 815 eorum
2296 764 2547 814 matrem
2579 758 2651 814 ab
2683 758 2887 813 exsilio
2918 758 2979 812 in
3010 756 3232 827 regiam
3262 755 3572 814 revocavit.
3611 757 3713 812 Ni-

2059 845 2262 903 colaus
2289 846 2715 920 Chrysoverges
2751 863 2857 918 per
2884 862 3071 902 annos
3102 844 3415 900 duodecim
3449 851 3505 899 et
3537 861 3710 900 men-

2059 949 2153 989 ses
2198 938 2331 989 octo
2374 933 2553 990 rebus
2602 933 3018 990 ecclesiasticis
3071 931 3501 988 administratis
3541 930 3709 999 obiit,

2059 1023 2263 1094 illique
2295 1023 2557 1079 succedit
2586 1022 2878 1078 Sisinnius
2922 1023 3222 1095 magister,
3255 1022 3343 1076 vir
3372 1019 3621 1093 insignis
3651 1027 3711 1076 et

2058 1111 2304 1167 medicae
2324 1112 2468 1167 artis
2489 1111 2988 1168 instructissimus
3015 1116 3071 1164 et
3092 1110 3318 1183 legibus
3340 1108 3706 1180 exponendis

2057 1202 2283 1257 nemini
2314 1200 2630 1257 secundus.
2657 1201 2760 1256 Hic
2789 1201 2954 1266 item,
2980 1216 3086 1272 per
3109 1204 3227 1255 tres
3255 1204 3484 1254 tantum
3518 1216 3705 1254 annos

2056 1299 2235 1355 rebus
2254 1299 2530 1355 Ecclesia
2550 1299 2933 1365 moderatis,e
2956 1314 3200 1369 corpore
3217 1297 3709 1362 excessit,substi~

2057 1395 2338 1461 tutusque
2396 1394 2488 1444 est
2517 1388 2754 1462 Sergius
2785 1388 3132 1445 monasterii
3185 1387 3473 1443 Manuelis
3502 1386 3706 1455 abbas,

2057 1479 2159 1551 qui
2189 1495 2376 1551 genus
2407 1478 2482 1534 ad
2513 1478 2787 1535 Photium
2810 1478 3208 1550 patriarcham
3240 1476 3534 1533 referebat
3559 1494 3573 1543 ;
3602 1476 3708 1547 qui

2056 1568 2130 1625 ad
2159 1568 2361 1640 viginti
2394 1584 2583 1624 annos
2635 1568 2898 1641 integros
2926 1567 3188 1623 Ecclesia
3239 1567 3341 1622 Dei
3385 1566 3713 1639 gubernata

2056 1658 2129 1714 de
2157 1658 2276 1713 vita
2299 1658 2374 1714 ad
2397 1658 2713 1713 Dominum
2740 1658 2975 1731 migrat,
2999 1656 3352 1730 eligiturque
3375 1655 3709 1727 patriarcha

2058 1748 2407 1804 Eustachius
2438 1746 2813 1804 sacerdotum
2844 1746 3072 1818 templi,
3095 1747 3253 1818 quod
3278 1746 3341 1800 in
3371 1745 3531 1819 regia
3561 1748 3705 1811 erat,

266 1829 610 1923 προεξλήθη
667 1831 1020 1910 πατριάρχης
1067 1829 1394 1900 Εὐστάθιος,
1441 1835 1660 1903 πρῶτος
1712 1828 1788 1885 ὢν
1837 1834 1937 1887 τῶν

2060 1838 2304 1910 primas.
2340 1838 2590 1893 Basilius
2622 1854 2757 1892 vero
2807 1838 3130 1908 imperator
3164 1837 3422 1892 Valentis
3451 1837 3709 1907 impera-

267 1918 669 1996 πρεσϐυτέρων
691 1924 792 1975 τοῦ
824 1919 879 1975 ἐν
928 1917 1232 1995 βασιλείοις
1275 1918 1430 1976 ναοῦ.
1465 1920 1801 1977 Ἀνεκαίνισε
1831 1916 1890 1975 δὲ
1918 1920 1947 1974 6

272 2010 548 2087 βασιλεὺς
592 2007 886 2071 Βασίλειος
941 2008 1032 2064 καὶ
1077 2009 1169 2064 τὸν
1231 2008 1449 2085 ἀγωγὸν
1504 2006 1809 2071 Οὐάλεντος
1851 2012 1948 2063 τοῦ

267 2099 581 2178 βασιλέως,
621 2101 700 2165 ὡς
738 2096 801 2156 ἄν
849 2095 1030 2176 ἔχοιεν
1079 2103 1132 2155 οἱ
1191 2100 1243 2156 ἐν
1274 2104 1354 2173 τῷ
1384 2101 1666 2169 Βυζαντίω
1696 2099 1944 2178 ἀφθονίαν

263 2191 496 2256 ῧόατος.
543 2192 744 2261 Οὗτος,
798 2187 1055 2265 αἰφνιδίῳ
1099 2192 1246 2263 νόσῳ
1292 2190 1547 2270 ληφθεὶς,
1578 2184 1809 2263 ἆπεϐίῳ,
1838 2188 1945 2265 πρό

259 2302 314 2338 τι
352 2303 432 2336 ων
461 2282 700 2353 ἡμερῶν
740 2286 845 2349 τῆς
895 2278 1063 2335 αὐτοῦ
1107 2277 1366 2348 τελευτῆς
1395 2278 1491 2334 καὶ
1522 2277 1821 2335 Εὗσταθίου
1848 2282 1945 2333 τοῦ

258 2369 629 2445 πατριάρχου
677 2368 1068 2437 ἀποθανόντος,
1126 2367 1190 2423 οὗ
1252 2363 1515 2441 διάδοχον
1589 2368 1617 2422 6
1688 2364 1943 2442 βασιλεὺς

253 2467 521 2541 Ἀλέξων
588 2466 836 2540 μοναχὸν
893 2465 1193 2537 ἐποιήσατο
1252 2463 1671 2543 ἑκκλησιάρχγ,ν
1728 2460 1859 2520 ὄντα
1888 2464 1941 2520 ἰν

256 2561 332 2631 τῇ
359 2561 463 2611 τοῦ
496 2552 775 2611 Στουδίου
827 2559 988 2629 μονῇ.
1038 2556 1152 2612 Τοῦ
1199 2552 1294 2610 οὖν
1347 2553 1618 2629 βασιλέως
1649 2551 1942 2611 Βασιλείω

257 2644 713 2716 τελευτήσαντος
738 2644 831 2698 καὶ
878 2644 932 2699 ἄν
972 2649 1053 2716 τῷ
1098 2644 1237 2700 κατὰ
1285 2644 1347 2699 τὸ
1397 2638 1679 2716 Ἐϐδομον
1708 2646 1821 2714 ναῷ
1845 2646 1943 2698 τοῦ

262 2732 691 2810 Εὖαγγελιοτοῦ
763 2733 855 2787 καὶ
928 2732 1201 2809 Θεολόγου
1282 2731 1565 2811 ταφέντος,
1642 2733 1670 2787 6
1743 2731 1941 2788 τούτου

259 2821 513 2902 αδελφὸς
592 2827 995 2884 Κωνσταντῖνος
1074 2821 1239 2895 μόνος
1312 2823 1376 2877 τὸ
1448 2828 1551 2890 τῆς
1655 2818 1939 2896 βασιλείας

260 2912 582 2984 ἀνεδήσατο
643 2912 863 2987 κράτος’
923 2912 981 2973 ὃς
1042 2914 1211 2982 ζήσας
1268 2912 1362 2985 μὶν
1419 2912 1517 2966 τὸν
1583 2911 1790 2966 ἅπαντα
1836 2917 1938 2980 τῆς

260 3008 415 3073 ζωῆς
449 3001 627 3057 αὑτοῦ
686 3002 890 3077 χρόνον
946 3001 987 3055 0'
1044 2999 1162 3071 ἔτη,
1220 2999 1307 3056 ἰπὶ
1362 3005 1512 3074 τρεῖς
1543 2997 1601 3055 δὲ
1630 3000 1748 3064 ἑνὸς
1785 2996 1936 3054 δέον·-

259 3114 361 3154 τος
442 3091 622 3165 μηνὸς
697 3089 1048 3165 αὐτοκράτωρ
1120 3090 1379 3164 γεγονὼς,
1457 3085 1716 3166 αἰφνιδίῳ
1791 3088 1937 3162 νόσῳ

257 3180 503 3257 ληφθεὶς
572 3177 668 3233 καὶ
729 3177 877 3251 παρὰ
926 3182 1038 3232 τῶν
1105 3177 1299 3252 ἰατρῶν
1362 3176 1754 3251 άπαγορευθεὶς
1822 3176 1935 3231 ἀντ’

254 3267 432 3323 αὗτοῦ
486 3263 725 3341 βασιλέα
784 3266 1196 3340 προχειρίζεται
1252 3264 1541 3337 Ῥωμανὸν
1588 3264 1681 3320 τὸν
1738 3264 1936 3340 Ἀργυ-

251 3357 373 3430 ρὸν,
445 3351 706 3426 συζεύξας
758 3352 1021 3427 πρότερον
1093 3351 1242 3424 αὐτῷ
1304 3352 1406 3421 τὴν
1467 3349 1609 3406 ἰδίαν
1669 3351 1937 3425 θυγατέρα

246 3444 435 3512 Ζωήν,
490 3442 573 3504 ὡς
623 3448 726 3510 τῆς
773 3441 940 3496 αὐτοῦ
988 3441 1253 3517 γυναικὸς
1306 3439 1568 3503 δκουσίως
1618 3441 1717 3509 τήν
1768 3438 1937 3515 τρίχα

249 3530 597 3607 κειραμένης
668 3527 765 3585 διὰ
826 3529 891 3584 τὸ
957 3526 1283 3591 κινδυνεύειν
1350 3530 1442 3584 τὸν
1510 3528 1682 3599 αὐτῆς
1748 3528 1780 3584 ἃ
1836 3527 1936 3604 δρα

250 3620 537 3694 Ῥωμανὸν
587 3619 920 3693 πηρωθῆναι
970 3617 1116 3692 παρᾶ
1170 3622 1271 3673 τοῦ
1322 3616 1619 3693 βασιλέως,
1691 3617 1783 3673 καὶ
1847 3615 1936 3673 διὰ

257 3714 424 3765 τοῦτο
488 3709 589 3763 σὺν
643 3710 714 3781 τῇ
767 3702 893 3780 ὄψει
949 3707 1040 3762 καὶ
1099 3707 1201 3776 τὴν
1268 3705 1553 3782 βασιλείαν
1605 3710 1688 3779 τῷ
1719 3705 1932 3782 συζῦγῳ

267 3796 677 3874 χαρισαμένης.
727 3795 937 3857 Οὕτωςο
973 3795 1122 3872 παρὰ
1188 3800 1362 3851 πᾶσαν
1427 3794 1626 3851 ἐλπίδα
1688 3796 1781 3851 τὸν
1830 3802 1932 3866 τῆς

267 3888 585 3963 πηρώσεως
652 3882 903 3940 κίνδυνον
977 3882 1200 3960 διαδρὰς
1254 3886 1283 3940 6
1344 3884 1600 3961 βασιλεὺς
1656 3885 1935 3958 Ῥωμανὸς

267 3983 630 4058 αὐτοκράτωρ
682 3982 796 4056 ἅμα
854 3987 977 4057 Ζωῇ
1046 3986 1118 4057 τῇ
1181 3987 1281 4038 τοῦ
1338 3983 1746 4038 Κωνσταντίνου
1803 3984 1933 4039 ἁνα-

267 4076 556 4151 γορεύεται
615 4071 865 4148 θυγατρὶ,
939 4070 1038 4128 οὐκ
1109 4070 1307 4149 ὀλίγας
1381 4071 1745 4149 άγαθουργίας
1818 4071 1933 4146 ἃμα

263 4168 340 4235 τῷ
392 4160 723 4238 βασιλεῦσαι
776 4163 1025 4232 ποιήσας.
1078 4160 1329 4236 Ἐξέκοψε
1379 4159 1439 4217 δὶ
1482 4163 1572 4219 καὶ
1630 4163 1693 4217 τὸ
1750 4162 1933 4233 άλλη-

265 4254 520 4329 λεγγυον,
577 4253 609 4307 ’ὁ
668 4253 820 4327 παρά
872 4251 1154 4308 Βασιλείου
1207 4253 1452 4308 τυπιυθὶν
1526 4250 1759 4326 ἑμελὲτα
1833 4252 1926 4324 μὲν

265 4342 295 4395 6
326 4344 744 4401 Κωνσταντῖνος
809 4337 1055 4414 ἐκκοψαι,
1116 4338 1216 4394 οὐκ
1269 4337 1466 4418 ἔφθασε
1522 4337 1600 4396 δέ.
1658 4340 1782 4397 Ἐπὶ
1830 4346 1929 4408 τῆς

266 4431 467 4487 τούτου
542 4428 830 4506 βασιλείας
895 4432 983 4486 καὶ
1062 4431 1332 4507 Γεώργιος
1393 4432 1423 4486 6
1482 4431 1760 4501 Μανιάκης
1826 4431 1927 4499 τὴν

264 4518 497 4577 Ἐδεσαν
562 4517 729 4588 ἑλὼν,
777 4517 829 4573 ἐν
870 4518 1036 4593 ταύτῃ
1098 4519 1271 4593 εὑρὼν
1330 4521 1430 4589 τήν
1491 4517 1629 4593 πρὸς
1679 4519 1924 4594 Λῧγαρον

263 4610 610 4689 πεμφθεῖσαν
667 4606 988 4685 ἲδιόγραφον
1031 4605 1327 4679 ἐπιστολὴν
1370 4611 1470 4663 τοῦ
1519 4607 1720 4682 Κυρίου
1768 4609 1930 4680 ἡμῶν

260 4699 449 4769 Ἰησοῦ
496 4700 748 4773 Χριστοῦ
814 4700 893 4768 τῷ
943 4693 1160 4771 βασιλεῖ
1214 4697 1482 4770 Ῥωμανῷ
1538 4694 1591 4751 ἓν
1651 4695 1928 4768 Βυζαντίῳ

259 4785 606 4843 ἀπέστειλεν.
651 4785 841 4847 Οὕτως
909 4787 1053 4857 νόσῳ
1100 4784 1298 4860 χρονίᾳ
1358 4783 1623 4862 βάλλεται
1672 4785 1762 4841 καὶ
1803 4804 1925 4859 τρε-

261 4885 499 4962 χοῤῥυεῖ
547 4885 708 4959 γένυν
751 4903 812 4938 τε
848 4883 939 4938 καὶ
982 4884 1085 4953 τήν
1153 4882 1359 4956 κόμην,
1403 4884 1804 4960 κατεργασθεὶς,
1850 4880 1924 4942 ὥς

258 4997 448 5055 φασιν,
516 4974 624 5029 ὑπὸ
673 4972 927 5030 Ἰωάννου
976 4974 1416 5051 ὁρφανοτρόφοω
1466 4975 1603 5048 πρὸς
1665 4972 1772 5049 γὰρ
1829 4972 1923 5027 τὸν

255 5067 462 5121 τούτου
508 5061 747 5141 ἀδελφὸν
794 5062 1029 5138 Μιχαὴλ
1079 5057 1254 5139 ἔρωτα
1315 5061 1659 5138 δαιμονιώδη
1716 5063 1927 5139 σχοῦσα

254 5158 291 5224 ἦ
346 5151 573 5230 βασιλὶς
622 5153 767 5222 Ζωὴ,
822 5150 914 5205 καὶ
966 5152 1147 5224 τούτῳ
1192 5152 1436 5230 κρὰφίως
1482 5154 1922 5231 συμμιγνυμένη,

251 5245 348 5298 τὸν
412 5240 647 5317 βασιλέα
697 5239 1008 5319 φαρμάκοις
1076 5239 1176 5296 οὐκ
1232 5240 1571 5316 ὠκυμόροις,
1628 5242 1775 5297 ἀλλὰ
1820 5263 1922 5322 σχ-

254 5327 553 5389 λαιᾶτατον
615 5331 701 5384 καί
775 5327 976 5405 βραδὺν
1031 5329 1295 5406 ἐπάγουσι
1365 5332 1592 5387 θάνατον
1634 5335 1926 5409 κατειργά-

254 5440 413 5476 σακο·
464 5420 549 5490 ὃς,
607 5419 743 5474 κατὰ
792 5419 1195 5497 τήνμεγάλην
1256 5419 1516 5491 Πάμπτην
1580 5421 1714 5476 κατᾶ
1770 5424 1831 5477 τὸ
1874 5422 1926 5478 ἐν

254 5516 336 5582 τῷ
371 5507 607 5583 μεγάλῳ
655 5507 910 5578 παλατίῳ
963 5508 1249 5583 βαλανεῖον
1319 5507 1621 5581 λουόμενος
1675 5510 1777 5565 ὑπὸ
1813 5516 1922 5565 τῶν

257 5599 383 5674 περί
426 5600 522 5653 τὸν
566 5594 809 5671 Μιχαὴλ
849 5599 918 5669 τῇ
977 5592 1348 5671 κολυμϐήθρᾳ
1389 5597 1485 5653 τοὺ
1529 5596 1764 5672 λουτροῦ
1806 5600 1925 5655 οἰκ-

253 5691 403 5764 τρῶς
458 5684 766 5761 ἀπεπνίγη,
831 5682 1155 5758 βασιλεύσας
1212 5683 1304 5756 ἔτη
1370 5687 1408 5740 ε’
1468 5688 1557 5741 καὶ
1627 5693 1801 5759 μῆνας
1858 5690 1922 5751 ς’.

2059 1927 2204 1982 toris
2261 1926 2619 1982 conductum
2678 1926 2957 1993 restituit,
3020 1931 3086 1981 ut
3153 1925 3482 1997 Byzantinis
3538 1940 3706 1994 aqua:

2056 2015 2455 2072 abundantius
2471 2014 3145 2085 ﬂuerent.ls,repentino
3162 2013 3357 2068 morbo
3377 2019 3706 2084 correptus,

2056 2104 2237 2161 cessit
2265 2121 2296 2159 e
2326 2105 2461 2160 vita.
2493 2103 2704 2160 Paucis
2734 2120 2871 2159 vero
2921 2102 3127 2157 diebus
3158 2108 3476 2172 antequam
3510 2116 3703 2155 more-

2055 2199 2242 2263 retur,
2273 2200 2603 2250 extremum
2627 2194 2774 2249 obiit
2793 2193 2951 2249 diem
2974 2191 3309 2263 patriarcha
3338 2190 3699 2254 Eustathius,

2055 2285 2228 2355 cujus
2257 2299 2659 2340 successorem
2684 2282 2956 2339 Alexium
2986 2281 3342 2338 monachum
3368 2280 3431 2335 in
3455 2279 3700 2335 Studitm

2053 2374 2414 2431 monasterio
2445 2373 2718 2429 Ecclesiae
2742 2373 3086 2444 praefectum
3117 2370 3702 2445 designat.Emortuo

2007 2513 2011 2517 .
2053 2471 2255 2543 itaque
2283 2472 2642 2543 imperatore
2700 2470 2933 2537 Basilio,
2994 2477 3052 2526 et
3102 2472 3163 2527 in
3203 2469 3426 2541 templo
3453 2468 3699 2525 Joannis

2055 2561 2424 2633 evangelista
2456 2566 2516 2616 et
2545 2560 2824 2633 theologi,
2863 2560 3024 2631 quod
3053 2560 3116 2614 in
3148 2558 3450 2615 Hebdomo
3481 2562 3591 2623 est,
3616 2573 3704 2612 se-

2052 2650 2240 2720 pulto,
2271 2650 2690 2706 Constantinus
2721 2648 2904 2705 frater
2933 2649 3269 2704 universam
3301 2645 3533 2718 imperii
3565 2661 3700 2717 pro-

2051 2738 2301 2794 vinciam
2329 2738 2391 2794 in
2423 2755 2485 2793 se
2509 2738 2801 2804 contulit;
2833 2738 2932 2808 qui
2957 2753 3091 2793 cum
3114 2752 3305 2792 annos
3327 2734 3701 2808 septuaginta

2051 2827 2315 2893 vixisset,
2339 2827 2664 2883 triennium
2689 2842 2894 2882 mense
2922 2826 3119 2882 minus
3142 2825 3305 2881 solus
3325 2823 3697 2895 imperasset,

2048 2916 2245 2972 subito
2299 2918 2504 2973 morbo
2559 2922 2832 2986 arreptus
2877 2915 3343 2986 desperatusque
3374 2930 3409 2968 a
3452 2912 3698 2968 medicis

2049 3007 2140 3062 sui
2159 3005 2290 3061 loco
2303 3007 2635 3061 Romanum
2650 3007 2941 3076 Argyrum
2960 3004 3377 3076 imperatorem
3394 3002 3489 3057 οι
3515 3017 3699 3058 enun-

2046 3095 2316 3160 tiat,cum
2340 3095 2639 3167 propriam
2656 3094 2842 3150 ﬁliam
2859 3095 3031 3150 Zoem
3050 3093 3214 3165 prius
3235 3093 3295 3147 in
3318 3090 3701 3147 matrimonio

2048 3184 2408 3257 copulasset.
2442 3185 2596 3240 Uxor
2646 3184 2865 3256 quippe
2914 3183 3164 3240 Romani
3215 3187 3428 3254 sponte
3468 3197 3700 3237 comam

2050 3280 2350 3345 posuerat,
2382 3279 2448 3329 ut
2480 3273 2765 3329 caecitatis
2796 3272 3147 3345 periculum,
3180 3272 3339 3343 quod
3371 3270 3581 3326 marito
3626 3270 3699 3327 ab

2050 3363 2408 3434 imperatore
2436 3362 2810 3429 imminebat,
2848 3367 3156 3419 averteret.
3191 3361 3284 3417 Sic
3327 3360 3528 3417 lumen
3560 3377 3702 3417 ocu-

2047 3451 2243 3508 lorum
2299 3452 2739 3523 imperiumque
2770 3452 2893 3507 viro
2947 3451 3188 3523 elargita
3226 3456 3335 3506 est.
3368 3451 3487 3506 Hoc
3517 3449 3695 3506 modo

2048 3554 2265 3621 prmter
2280 3565 2444 3621 spem
2463 3565 2693 3605 omnetr
2708 3554 2885 3621 atque
2902 3548 3394 3621 exspectationem
3417 3548 3698 3604 caecitatis

2048 3637 2313 3709 periculo
2344 3637 2670 3709 imperator
2716 3640 3016 3695 Romanus
3046 3642 3303 3708 ereptus,
3335 3652 3534 3690 rerum
3567 3652 3698 3690 om-

2046 3726 2210 3781 nium
2243 3724 2586 3783 moderator
2615 3742 2749 3782 cum
2795 3729 2905 3782 Zoe
2934 3724 3298 3781 Constantini
3334 3724 3456 3779 ﬁlia
3484 3723 3698 3779 saluta-

2045 3819 2164 3883 tur,
2195 3816 2257 3870 in
2290 3816 2418 3887 ipso
2450 3815 2684 3887 imperii
2735 3814 2975 3870 exordio
3025 3814 3324 3885 plerisque
3356 3812 3694 3869 hominibus

2043 3904 2329 3976 proﬂcuis
2385 3903 2563 3959 rebus
2619 3904 2994 3975 perpetratis.
3041 3902 3310 3957 Abolevit
3358 3908 3416 3956 et
3444 3901 3694 3957 allelen-

2042 4008 2241 4065 gyum,
2275 3992 2562 4047 tributum
2603 3992 2850 4059 scilicet,
2884 3991 3044 4064 quod
3091 4006 3417 4064 pauperum
3446 3992 3572 4046 vice
3603 3988 3694 4046 di-

2041 4083 2187 4138 vites
2209 4082 2645 4155 persolvehant.
2672 4099 2708 4139 a
2730 4082 2947 4140 Basilio
2968 4083 3305 4140 institutum
3327 4102 3341 4149 ;
3372 4081 3431 4137 id
3453 4080 3691 4137 abolere

2041 4171 2283 4242 quidem
2313 4172 2736 4229 Constantinus
2775 4173 2837 4228 in
2887 4172 3085 4228 animo
3116 4170 3343 4237 habuit,
3373 4170 3474 4226 sed
3502 4175 3691 4226 morte

2041 4266 2375 4331 prmventus
2402 4277 2523 4316 non
2553 4262 2764 4332 potuit.
2796 4261 2915 4317 Sub
2964 4262 3094 4333 ejus
3132 4260 3381 4331 imperio
3413 4259 3694 4332 Georgius

2039 4349 2336 4405 Maniaces
2381 4348 2602 4404 Edessa
2646 4349 2878 4421 direpta
2924 4349 2999 4406 ad
3045 4348 3339 4421 Abgarum
3382 4348 3692 4420 epistolam

2043 4437 2287 4493 Domini
2316 4438 2503 4493 nostri
2531 4439 2667 4493 Jesu
2697 4437 2915 4494 Christi
2944 4453 3129 4494 manu
3159 4442 3481 4503 exaratam,
3530 4438 3593 4494 in
3625 4452 3693 4492 ea

2042 4536 2367 4604 inventam,
2399 4537 2744 4608 imperatori
2794 4538 3059 4593 Romano
3114 4538 3453 4609 Byzantium
3498 4542 3690 4593 trans-

2041 4625 2223 4681 misit.
2255 4627 2498 4681 lnterim
2534 4626 2860 4699 imperator
2911 4626 3071 4684 lento
3112 4625 3319 4683 morbo
3351 4626 3688 4698 corripitur,

2033 4712 2248 4782 capitis
2279 4718 2339 4768 et
2374 4712 2574 4769 barba)
2621 4714 2761 4785 pilis
2808 4712 3231 4782 deﬂuentibus,
3262 4732 3297 4771 a
3322 4717 3547 4773 Joanne
3579 4730 3691 4785 pu-

2033 4799 2312 4871 pillorum
2335 4807 2607 4857 curatore
2630 4802 3086 4860 circumventus.
3108 4805 3457 4876 Imperatrix
3479 4802 3689 4859 etenim

2034 4891 2144 4945 Zoe
2177 4890 2478 4946 Michaelis
2510 4892 2761 4948 Romani
2793 4892 2993 4948 fratris
3022 4909 3223 4949 amore
3250 4894 3467 4949 mirum
3501 4907 3687 4962 quan-

2034 4986 2161 5034 tum
2193 4980 2527 5050 insaniens,
2560 4981 2808 5053 ejusque
2855 4998 2916 5036 se
2965 4982 3293 5039 clanculum
3344 4979 3689 5035 libidinibus

2036 5068 2298 5133 tradens,
2330 5086 2453 5125 non
2503 5069 2708 5140 rapido
2756 5076 2815 5124 et
2861 5070 3046 5126 veloci
3098 5087 3345 5134 veneno,
3393 5069 3497 5124 sed
3527 5068 3686 5123 lento

2034 5159 2415 5231 torpentique
2447 5157 2699 5213 laeserat.
2750 5160 2806 5214 Is
2856 5174 2993 5229 ergo
3052 5173 3264 5229 magna
3298 5158 3447 5212 feria
3475 5157 3688 5221 Quinta

2034 5247 2095 5301 in
2118 5247 2331 5302 balneo
2354 5246 2510 5318 apud
2533 5262 2811 5318 magnum
2834 5247 3121 5317 palatium
3141 5262 3204 5299 se
3233 5247 3455 5311 lavans,
3475 5246 3536 5300 in
3556 5246 3684 5317 ipso

2034 5336 2182 5391 solio
2213 5334 2409 5390 balnei
2436 5352 2471 5389 a
2499 5333 2795 5389 Michaelis
2837 5334 3014 5389 sociis
3060 5334 3482 5390 miserabiliter
3510 5336 3687 5391 suﬂ‘o-

2035 5431 2223 5491 catur,
2265 5439 2400 5479 cum
2432 5423 2785 5493 imperasset
2831 5438 3020 5477 annos
3060 5424 3323 5495 quinque
3360 5429 3418 5478 et
3444 5439 3682 5480 menses

2036 5510 2468 5582 sex.Sepelitur
2495 5526 2630 5564 vero
2662 5510 2722 5563 in
2753 5527 2821 5565 eo
2850 5511 3010 5581 quod
3040 5511 3166 5583 ipse
3196 5514 3303 5568 sub
3334 5513 3687 5587 Peribleptaa

2034 5600 2298 5666 nomine,
2326 5599 2436 5653 hoc
2467 5602 2559 5653 est
2579 5598 2951 5669 Spectabilis,
2979 5600 3371 5658 aedilicaverat
3393 5610 3688 5660 monaste-

2034 5689 2146 5758 rio,
2181 5688 2309 5760 ipso
2340 5703 2568 5760 magna;
2597 5689 2950 5745 Parascaves
2981 5689 3097 5747 die.
