4062 6202
226 378 345 446 385

1622 370 2294 440 CHRONOGIIAPHIA
2309 423 2323 438 .

228 515 291 580 ὅς
350 513 471 577 ἔτος
530 518 583 570 α’
609 510 941 590 βασιλεύσας
993 511 1083 566 καὶ
1143 511 1286 566 ἄκων
1328 517 1429 582 τῆς
1479 509 1752 589 βασιλείας
1806 514 1887 585 τῷ

2013 519 2302 585 regnasset
2333 523 2558 570 annum
2585 526 2796 584 unum,
2825 516 2987 587 ilicet
3046 515 3282 586 invitus,
3343 519 3642 574 Comneno

226 609 509 683 Κομνηνῷ
543 603 919 676 ὑπεξίσταται.
1276 644 1279 649 .

291 699 353 756 '0
410 694 509 751 οὖν
577 690 867 769 Κομνηνὸς
927 692 1192 754 Ἰσαᾶκιος
1249 686 1349 762 τήν
1408 690 1685 769 βασιλείαν
1761 690 1890 746 ἀνα-

231 786 552 861 ζωσάμενος
608 782 806 840 αὐτίκα
847 784 926 854 τῷ
984 779 1257 857 βασιλικῷ
1312 782 1607 856 νομίσματι
1665 774 1892 862 ξιφηφό-

228 897 319 954 ρος
349 872 811 951 ὂιαχαράττεται,
842 873 932 927 οἷα
967 871 1043 945 μὴ
1085 874 1167 943 τῷ
1222 873 1338 942 Θεῷ
1389 870 1452 925 τὸ
1506 876 1613 925 πᾶν
1670 868 1892 945 ἐπιγρά-

228 985 361 1044 φων,
426 960 583 1019 ἀλλὰ
636 963 708 1036 τῇ
739 958 854 1033 ἰδίᾳ
900 958 1056 1036 ίσχύΐ
1107 958 1199 1014 καὶ
1252 962 1323 1033 τῇ
1406 959 1531 1035 περῖ
1608 957 1891 1031 πολέμους

224 1050 508 1129 ἐμπειρίᾳ.
541 1054 758 1129 Ἤγαγε
780 1048 838 1106 δὲ
878 1049 971 1104 καὶ
1030 1050 1132 1119 τήν
1187 1049 1381 1105 ἑαυτοῦ
1436 1053 1663 1125 γυναῖκα
1717 1047 1888 1106 Atuat-

222 1140 431 1219 τερίναν
474 1139 538 1197 ἐκ
570 1146 673 1211 τῆς
720 1137 1049 1208 ’Δνατολῆς,
1106 1137 1198 1193 καὶ
1254 1139 1456 1209 ταύτην
1511 1139 1888 1215 ἀνηγόρευσεν.

225 1233 375 1292 Ἐπεὶ
410 1228 473 1288 δὲ
492 1228 592 1286 καὶ
653 1230 681 1285 6
736 1229 1087 1304 πατριάρχης
1135 1225 1371 1307 Μιχαὴλ
1431 1228 1459 1282 ὁ
1510 1225 1888 1304 Κηρουλάριος

224 1315 469 1391 ἂπεὸίω,
522 1317 944 1398 προχειρίζεται
1011 1316 1125 1371 ἀντ’
1179 1315 1345 1372 αὐτοῦ
1425 1316 1776 1392 πατριάρχης
1858 1317 1888 1371 ὁ

220 1407 538 1479 Λεικούδης
596 1408 1019 1468 Κωνσταντῖνος.
1080 1406 1142 1463 Ὀ
1193 1402 1253 1460 δὶ
1308 1404 1587 1477 βασιλεὺς,
1629 1402 1706 1467 εἷς
1759 1424 1889 1461 κυν-

224 1504 385 1577 ήγιον
422 1498 662 1569 ἐξελθὼν
702 1494 793 1551 καὶ
824 1493 962 1572 φωτῖ
1020 1490 1429 1570 ἂστραπηϐόλῳ
1487 1493 1733 1571 βληθεὶς.
1790 1498 1888 1551 τοῦ

212 1590 397 1645 ’ἵππου
476 1608 540 1643 τε
609 1584 1008 1662 ἀπεσφαιρίσθη
1067 1583 1160 1639 καὶ
1215 1583 1353 1658 πρὸς
1397 1587 1466 1658 τῇ
1644 1583 1883 1662 ἀφρίζων

217 1676 500 1736 ἐκυλίετο.
554 1674 1000 1750 Γνωσιηαχήσας
1053 1672 1149 1727 οὗν
1199 1671 1285 1751 ἐφ’
1336 1672 1548 1748 ἡμέρας
1605 1674 1780 1740 τινὰς,
1837 1672 1887 1729 εἲ

214 1790 335 1833 πως
386 1767 610 1839 ἀνεθείη
662 1771 765 1835 τῆς
817 1764 1007 1835 νόσου,
1074 1760 1296 1837 ἐπείπερ
1333 1760 1476 1839 ἔγνω
1530 1767 1649 1818 κατ’
1720 1760 1887 1839 ἄκρας

215 1858 395 1934 ταύτῃ
462 1853 657 1927 ἁλοὺς,
717 1853 815 1925 τὴν
881 1850 1159 1929 βασιλείαν
1217 1847 1576 1926 ἂποθέμενος,
1632 1853 1732 1922 τὴν
1787 1856 1886 1909 τοῦ

216 1944 500 2005 Στουὸίου
555 1937 969 2018 καταλαμϐάνει
1057 1942 1230 2016 μονὴν
1295 1941 1387 1998 καί
1439 1941 1532 1998 τὸν
1592 1941 1887 2019 μοναχιιιὸν

217 2038 533 2108 ἀσπάζεται
576 2032 720 2109 βίον,
751 2030 939 2089 πολλᾶ
983 2031 1075 2088 καὶ
1127 2037 1232 2101 τῆς
1286 2026 1608 2110 Δύγούστης
1665 2031 1888 2088 Alnu-

215 2128 384 2203 ρίνης
435 2119 913 2201 συμὸαγλομένης
968 2120 1119 2195 αὐτῷ
1174 2121 1310 2194 πρὸς
1373 2121 1436 2177 τὸ
1501 2121 1884 2196 προκείμενον,

213 2215 563 2295 βασιλεύσας
601 2212 697 2289 μὲν
745 2208 839 2284 ἔτη
900 2211 952 2290 β’
1005 2213 1098 2267 καί
1158 2215 1332 2286 μῆνας
1383 2210 1452 2287 γ’,
1509 2206 1770 2283 ίπιζήσας
1829 2208 1887 2268 δὲ

210 2308 432 2366 τούτων
522 2301 792 2361 ἐλάττονα
843 2303 924 2376 τῷ
1010 2304 1325 2377 μοναχικῷ,
1389 2304 1563 2357 πᾶσαν
1638 2301 1885 2371 ὐπακοήν

210 2397 355 2474 πρὸς
395 2395 499 2451 τὸν
555 2391 610 2449 ἐν
669 2393 739 2467 τῇ
797 2393 939 2466 μονῇ
997 2387 1401 2466 ἡγεμονεύοντα
1453 2387 1884 2465 ἐνδεικνύμενος,

214 2488 294 2551 ὡς
351 2485 455 2541 καὶ
513 2482 767 2559 θυρωρὸς
832 2480 1072 2556 γενέσθαι
1120 2479 1214 2535 καὶ
1259 2485 1384 2542 ταῖς
1434 2477 1635 2542 ἄλλαις
1684 2479 1887 2554 ὑπηρε-

2000 603 2316 675 imperium
2347 603 2523 660 cedit.

2068 694 2328 751 Isaacius
2338 695 2678 752 Comnenus
2689 712 2824 752 cum
2847 696 3081 768 imperii
3099 698 3329 768 pondus
3343 698 3641 769 subiisset,

2001 782 2198 838 subito
2225 783 2287 839 in
2310 784 2470 857 regio
2487 784 2846 841 numismate
2868 800 2931 840 se
2967 797 3171 841 ensem
3219 787 3509 843 ferentem
3539 804 3640 844 ex-

2000 872 2133 928 cudi
2158 872 2358 945 jussit,
2383 878 2667 945 tanquam
2708 872 2805 945 qui
2839 890 2959 931 non
2988 870 3238 943 Deo,sed
3268 875 3506 946 proprio
3537 894 3640 933 ro-

1999 961 2132 1016 bori
2162 966 2219 1017 et
2248 962 2407 1017 circa
2435 976 2635 1019 rerum
2666 962 3018 1019 bellicarum
3048 974 3225 1020 usum
3261 965 3642 1037 experientiae

1999 1048 2200 1103 omnia
2230 1050 2471 1120 accepta
2517 1049 2785 1105 referret.
2836 1051 2939 1107 04
2975 1049 3234 1106 Abduxit
3277 1067 3349 1106 ex
3405 1050 3643 1107 Oriente

1996 1146 2243 1193 uxorem
2274 1135 2630 1207 Caterinam,
2653 1153 2902 1209 eamque
2933 1138 3374 1210 imperatricem
3405 1139 3640 1194 creavit.

1998 1227 2211 1282 Verum
2236 1242 2369 1283 cum
2393 1227 2731 1298 patriarcha
2781 1228 3028 1285 Michael
3067 1228 3406 1285 Cerularius
3461 1242 3642 1284 occu-

1996 1316 2309 1385 buisset,in
2341 1316 2685 1388 ejuslocum
2709 1317 2985 1373 Licudem
3016 1316 3474 1373 Constantinum
3502 1317 3643 1373 sub-

2000 1406 2211 1461 stituit.
2245 1408 2573 1478 Imperator
2602 1423 2735 1462 cum
2770 1407 2913 1463 isset
2941 1412 3241 1476 venatum,
3276 1408 3410 1479 igne
3441 1406 3643 1462 fulmi-

1995 1512 2109 1550 neo
2140 1495 2448 1567 perculsus
2480 1512 2751 1567 equoque
2774 1495 3042 1568 dejectus
3096 1514 3382 1569 spumans
3441 1498 3644 1552 humi-

1996 1583 2820 1656 ciroumvolutabaturJtaque
2834 1601 2969 1642 eum
2982 1586 3218 1643 consilii
3235 1586 3647 1658 pamituit,nec

1996 1674 2202 1732 morbo
2232 1675 2594 1743 remittente,
2631 1675 2735 1732 sed
2755 1676 2963 1733 intime
3003 1676 3339 1747 misereque
3370 1682 3640 1747 vexante,

1995 1770 2225 1837 sceptro
2244 1776 2566 1837 rerumque
2596 1766 3005 1822 moderamine
3033 1765 3323 1839 deposito,
3355 1766 3428 1821 ad
3450 1767 3638 1823 Studii

1919 1888 1964 1955 Β
1993 1852 2424 1911 monasterium
2482 1871 2546 1911 se
2575 1855 2822 1919 confert,
2852 1854 3242 1912 monasticam
3294 1854 3473 1911 vitam
3522 1871 3643 1910 am-

1997 1941 2225 2015 plexus,
2257 1942 2332 2000 ad
2358 1944 2467 1999 hoc
2514 1945 2777 2015 Augusta
2796 1944 3068 2000 Caterina
3098 1959 3266 1999 suam
3297 1960 3472 2015 Opem
3503 1961 3644 2001 con-

1996 2030 2244 2086 ferente.
2295 2032 2612 2103 Imperavit
2661 2048 2854 2088 annos
2909 2030 3056 2087 duos
3085 2047 3319 2088 menses
3366 2038 3503 2087 tres.
3538 2031 3639 2087 His

1996 2122 2197 2176 minus
2219 2121 2541 2193 supervixit
2571 2121 2634 2177 in
2659 2121 2868 2187 habitu
2900 2122 3248 2177 monastico.
3314 2120 3476 2177 Adeo
3507 2137 3640 2177 mo-

1995 2210 2241 2268 nasterii
2263 2209 2501 2283 prmsidi
2530 2210 2643 2266 fuit
2671 2210 2955 2267 obediens
2983 2216 3051 2268 ut
3079 2209 3433 2267 etostiarius
3452 2211 3643 2267 factus

1997 2300 2075 2356 sit
2092 2299 2345 2372 aliisque
2365 2300 2714 2357 ministeriis
2727 2317 2833 2374 pro
2856 2316 2965 2357 sua
2993 2301 3219 2375 ingenti
3232 2301 3643 2357 moderatione

1996 2389 2423 2447 insanieritJn
2452 2390 2639 2447 vicem
2667 2404 2804 2447 vero
2836 2406 3007 2447 suam
3042 2390 3496 2448 Constantinum
3524 2389 3647 2447 Du-

1996 2497 2129 2537 cam
2152 2482 2574 2554 imperatorem
2603 2483 2802 2557 elegit.

200 2583 371 2647 τῆσαι
429 2572 738 2635 διακονίαις
796 2567 886 2625 διὰ
940 2567 1161 2640 πολλὴν
1208 2569 1670 2651 μετριοφροσύνην
1720 2566 2167 2643 καταδεξάμενος.
2224 2570 2640 2647 Προχειρίζεται
2695 2568 2751 2625 δὲ
2807 2570 2920 2626 ἀντ’
2975 2570 3143 2626 αὐτοῦ
3229 2570 3304 2634 εἰς
3385 2564 3650 2645 βασιλέα-

209 2667 633 2722 Κωνσταννῖνον
665 2662 756 2717 τὸν
789 2663 1017 2719 Δοῦκαν.

274 2754 443 2815 Μετᾶ
501 2750 567 2810 δὲ
622 2752 717 2807 τὸν
777 2750 1068 2823 Κομνηνὸν
1126 2755 1532 2814 Κωνσταντῖνος
1591 2751 1620 2805 ὁ
1679 2749 1885 2811 Δουκὰς

2065 2752 2206 2806 Post
2224 2750 2589 2806 Comnenum
2609 2751 3032 2808 Constantinus
3054 2752 3243 2808 Ducas
3267 2751 3491 2822 absque
3517 2767 3651 2807 san-

202 2846 488 2921 ἆναιμωτὶ
535 2840 675 2917 δίχα
720 2838 1059 2917 πραγμᾶτων
1112 2839 1203 2896 καὶ
1259 2846 1513 2916 ταραχῆς
1563 2843 1672 2896 τῶν
1710 2840 1891 2911 σκήπ-

2013 2838 2196 2910 ;uine,
2250 2838 2379 2895 sine
2426 2838 2543 2895 ullo
2593 2852 2793 2896 rerum
2849 2840 3193 2896 discrimine
3253 2856 3321 2896 ac
3353 2839 3649 2907 molestia,

206 2956 355 3013 τρων
388 2922 857 3005 ἐπιλαμϐάνεται.
917 2930 1023 2985 Τοῦ
1091 2925 1149 2984 δὲ
1204 2927 1555 3005 πατριάρχου
1604 2934 1887 2985 Κωνσταν-

2013 2932 2301 2999 sceptrum
2334 2934 2609 3000 occupat.
2666 2929 2882 2987 Licude
2935 2930 3320 2986 Constantino
3352 2933 3645 2996 emortuo,

212 3027 369 3083 τίνου
417 3025 524 3079 τοῖ’)
585 3014 857 3089 Λεικούδη
917 3016 1192 3087 θανόντος,
1251 3018 1509 3090 Ἰωάννης
1569 3018 1812 3096 μοναχὸς
1864 3018 1893 3074 ὁ

2013 3018 2258 3075 Ioannes
2289 3019 2616 3076 monachus
2646 3025 3037 3092 cognomento
3060 3018 3394 3090 Xiphilinus
3426 3017 3649 3074 sutﬁci-

211 3114 453 3185 ἐπίκλην
542 3107 862 3196 ,ιθῑιιριλῖνοςΔ
917 3107 1352 3184 ⁴[τροχειρίζεται.
1409 3110 1509 3181 Τῷ
1567 3104 1623 3164 δὲ
1678 3107 1894 3183 βασιλεῖ

2013 3111 2121 3163 tur.
2156 3107 2581 3179 Imperatorem
2638 3112 2837 3165 autem
2896 3108 3139 3167 obortus
3190 3106 3435 3164 morbus
3475 3107 3651 3161 vehe-

219 3206 388 3268 νότος
447 3199 765 3274 ἐνσκήψασα
812 3194 875 3252 ού
932 3200 1147 3273 μικρῶς
1204 3197 1364 3253 αὑτὸν
1419 3197 1770 3276 κατετρυχεν,
1804 3198 1894 3261 Ὧς

2013 3198 2373 3255 mantissime
2408 3199 2674 3257 vexabat.
2735 3202 2807 3256 Ut
2863 3200 3134 3271 cegnovit
3181 3216 3244 3255 se
3301 3197 3650 3271 aegritudine

226 3291 459 3371 εὶέγνω
488 3288 604 3363 ἤδη
636 3288 825 3347 τέλεον
857 3289 926 3364 τῇ
983 3289 1129 3363 νόσῳ
1186 3291 1596 3367 κατεργασθεὶς,
1662 3289 1790 3355 τοὺς
1843 3289 1894 3363 ἐξ

2013 3289 2488 3352 confectum.tres
2516 3289 2756 3356 liberos,
2783 3304 2933 3362 quos
2963 3307 3035 3347 ex
3083 3288 3345 3347 Eudocia
3396 3288 3653 3360 impera-

213 3383 504 3445 Εὖδοκίας
534 3387 638 3451 τῆς
672 3376 1002 3454 βασιλίσσης
1034 3378 1201 3434 αὐτοῦ
1230 3385 1378 3456 τρεῖς
1405 3376 1605 3443 παῖδας
1638 3378 1894 3456 Μιχαὴλ,

2013 3379 2150 3434 trice
2187 3380 3654 3451 susceperatﬁichaelem,Andronicum,Constan-

215 3469 593 3548 Ἀνδρόνικον
618 3469 709 3525 καὶ
769 3466 1208 3537 Κωτσταντὶνον,
1270 3469 1324 3541 ἐξ
1385 3469 1461 3525 ὧν
1518 3469 1894 3549 Ιιορφυρογέν-

2013 3467 2388 3536 tinum,inter
2413 3484 2562 3540 quos
2591 3470 3016 3527 Constantinus
3047 3476 3174 3526 erat
3204 3469 3653 3540 Porphyrogen-

230 3582 402 3638 γητος
462 3558 535 3633 ἦν
589 3560 619 3616 ὀ
676 3562 1105 3628 Κωνσταντῖνος,
1175 3559 1373 3622 πάντας
1460 3557 1707 3634 βασιλεῖς
1778 3558 1900 3631 ἄνη-

240 3657 496 3732 γόρευσε,
548 3647 793 3725 Καίσαρα
847 3644 904 3703 δὲ
954 3646 1047 3704 τὸν
1103 3648 1270 3703 αὐτοῦ
1323 3644 1558 3726 ἀδελφὸν
1618 3647 1896 3721 Ἰωάννην.

241 3744 411 3803 Ἦσαν
475 3736 537 3797 δὲ
594 3735 745 3811 αὖτῷ
801 3739 894 3793 καὶ
949 3737 1232 3815 θυγατέρες
1279 3742 1448 3815 τρεῖς,
1488 3737 1655 3795 Ἅννα
1694 3758 1753 3795 τε
1808 3737 1895 3794 καὶ

236 3831 527 3909 Θεοδώρα,
559 3828 653 3885 καὶ
684 3829 832 3898 leni.
896 3824 1131 3884 Μέλλων
1186 3824 1246 3883 δὲ
1295 3826 1574 3901 τελευτᾷν,
1634 3820 1900 3907 ἔγγραφον

240 3924 527 3997 ἀπῄτησεν
599 3915 662 3973 ἐκ
696 3916 910 3972 πάντων
968 3916 1044 3980 ὡς
1095 3914 1195 3972 οὐκ
1250 3912 1310 3973 ἄν
1368 3936 1502 3971 ποτε
1552 3915 1696 3992 παρὰ
1774 3916 1905 3981 τοὺς

246 4015 410 4072 αὖτοὸ
466 4007 673 4071 παῖδας
733 4005 966 4084 βασιλέα
1034 4003 1218 4086 ἕτερον
1278 4006 1540 4080 δέξαιντο·
1592 4008 1646 4065 ἐν
1692 4009 1737 4083 ᾧ
1783 4011 1901 4065 καθ’

244 4104 560 4180 υπὲγραψαν
580 4101 832 4160 ἅπαντες.
866 4095 1042 4155 Ἀλλά
1072 4099 1182 4172 μὴν
1214 4097 1302 4154 καὶ
1357 4100 1392 4170 ἡ
1462 4097 1680 4174 βασιλὶς
1731 4096 1900 4156 Εὐδο.

245 4194 351 4264 xta,
384 4190 465 4252 ὠς
506 4186 609 4244 οὔκ
639 4187 699 4242 ἄν
745 4184 870 4241 οὐδὲ
928 4185 1061 4255 αὒτὴ
1131 4186 1267 4261 πρὸς
1328 4183 1574 4263 δεύτερον
1627 4184 1900 4243 ἐλεύσεται

250 4280 609 4339 συνοικέσιον.
643 4276 714 4334 Ὀ
771 4273 863 4331 καὶ
923 4274 1245 4352 ἄπαρτισθὲν
1299 4281 1379 4350 τῷ
1434 4277 1749 4352 πατριάρχῃ
1803 4298 1894 4355 φο-

2013 4272 2354 4330 varet.0biit
2390 4274 2578 4330 aetatis
2602 4290 2894 4331 annorum
2925 4272 3225 4345 sexaginta
3257 4286 3271 4337 ;
3303 4284 3492 4324 annos
3522 4266 3653 4338 plus

247 4372 461 4429 λάττειν
523 4363 820 4422 δεδώκασι.
868 4361 1111 4436 Τελευτᾷ
1172 4364 1262 4419 οὗν
1313 4365 1341 4419 ὁ
1426 4362 1685 4440 βασιλεὺς
1767 4365 1894 4423 ἐτῶν

2013 4361 2208 4417 minus
2240 4367 2467 4436 septem
2496 4370 2553 4419 et
2581 4363 2896 4420 dimidium
2924 4362 3206 4436 regnavit.
3259 4361 3325 4415 In
3374 4356 3653 4414 Moliboto

242 4456 312 4514 ὤν
350 4459 393 4532 ξ’
447 4453 545 4511 καὶ
606 4450 802 4527 μικρόν
866 4469 923 4505 τι
974 4450 1130 4526 πρὸς,
1182 4449 1510 4595 ἓασιλεύσας
1564 4452 1799 4532 χρόνους
1860 4454 1894 4524 ζ⁴

242 4549 325 4595 ισιῖ
355 4550 596 4595 ἥμισυν.
616 4536 807 4595 ταθεὶς
839 4538 916 4595 είς
946 4539 1007 4595 τὸ
1032 4538 1178 4595 Μολι
1220 4541 1380 4595 ωτόν.

2013 4448 2316 4522 sepelitur.

241 4549 326 4605 καί
355 4550 596 4620 ἥμισυν,
616 4536 807 4621 ταφεὶς
839 4538 916 4604 είς
946 4539 1007 4596 τὸ
1032 4536 1380 4600 Μολιεωτόν.

319 4636 606 4710 Κατὲσχον
666 4630 759 4686 οὖν
818 4630 886 4686 τὰ
944 4634 1193 4706 σκῆπτρα
1241 4636 1342 4701 τῆς
1403 4632 1682 4707 βασιλείας
1739 4632 1776 4704 ἤ
1830 4636 1904 4710 ςτε

247 4730 485 4802 σύζυγος
546 4720 719 4777 αὐτοῦ
785 4715 1022 4776 Εύδοκία
1051 4717 1227 4774 καἱοὶ
1274 4718 1482 4785 παῖδες.
1537 4722 1644 4777 Σὺν
1688 4721 1929 4786 τούτοις

246 4816 337 4874 οὖν
410 4820 593 4890 μῆνας
653 4811 693 4879 ζ’
743 4808 837 4864 καὶ
897 4808 1093 4883 μικρόν
1159 4828 1211 4864 τι
1293 4808 1429 4882 πρὸς
1518 4808 1902 4886 βασιλεύσασα,

243 4907 433 4983 ἀνάγει
460 4902 557 4959 τὸν
585 4897 876 4972 Ῥωμανὸν
929 4899 1186 4975 Διογένην
1245 4898 1321 4962 εἰς
1372 4898 1440 4955 τὰ
1490 4898 1763 4976 βασίλεια,
1812 4902 1900 4957 καὶ

237 4997 422 5069 τούτῳ
479 4988 936 5066 προσζεύγνυται,
1027 4989 1115 5043 καὶ
1220 4987 1448 5065 βασιλέα
1531 4989 1691 5055 εὐθὺς
1764 4992 1902 5047 ἂνα-

2013 3562 2174 3626 nete,
2228 3557 2617 3630 imperatores
2672 3565 2854 3629 creat,
2905 3561 3197 3616 Cmarem
3228 3572 3365 3613 vero
3408 3557 3652 3613 fratrem

2004 3646 2412 3704 JoannemJlli
2429 3648 2675 3706 fuerunt
2703 3654 2763 3705 et
2791 3654 2912 3705 tres
2951 3647 3212 3719 ωηερε
3246 3649 3440 3713 Anna,
3472 3645 3653 3700 Theo-

2008 3733 2483 3799 dora,Zoe.Mortl
2497 3737 2802 3809 proximus
2826 3737 3007 3794 ﬁdem
3029 3737 3103 3794 ab
3124 3735 3406 3792 omnibus
3428 3733 3648 3806 scripto

2010 3826 2297 3898 exposcit,
2329 3827 2636 3883 neminem
2673 3832 2808 3899 post
2864 3840 2927 3883 se
2985 3826 3171 3884 alium
3227 3826 3653 3897 imperatorem

2010 3930 2190 3985 quam
2221 3914 2378 3970 ﬁlios
2400 3916 3227 3988 excepturum.Subscripsere
3247 3912 3658 3982 omnes,Quin-

2022 4003 2140 4059 imo
2198 4009 2257 4059 et
2302 4003 2429 4075 ipsa
2484 4005 2828 4078 imperatrix
2880 4004 3136 4061 Eudocia
3185 4014 3562 4075 nequaquam
3594 4017 3657 4056 se

2011 4094 2301 4149 secundas
2330 4094 2567 4168 nuptias
2597 4094 3027 4152 celebraturam
3082 4093 3300 4165 scripto
3358 4090 3655 4163 promisit.

2010 4178 2362 4240 Absolutum
2394 4181 2681 4257 scriptum
2697 4182 3048 4258 patriarchas
3062 4180 3395 4248 tradidit,ut
3416 4194 3654 4234 conser-

2084 4634 2324 4704 Imperii
2353 4626 2617 4691 habenas
2648 4636 2865 4706 conjux
2925 4632 3087 4691 illius
3127 4632 3386 4689 Eudocia
3433 4632 3656 4702 ﬁliique

2014 4728 2278 4781 tenuere.
2308 4730 2448 4783 Cum
2477 4743 2612 4783 vero
2632 4745 2750 4784 una
2780 4744 2914 4784 cum
2933 4727 3140 4783 liberis
3172 4742 3406 4782 menses
3430 4730 3657 4797 septem

2012 4813 2102 4869 vel
2150 4814 2327 4887 paulo
2376 4816 2510 4888 plus
2554 4817 2927 4889 imperasset,
2970 4820 3303 4874 Romanum
3332 4814 3649 4886 Diogenem

2012 4900 2074 4958 in
2107 4904 2331 4976 regiam
2362 4906 2618 4962 accitum
2647 4906 2758 4961 sibi
2790 4906 3172 4962 matrimonio
3215 4904 3415 4977 jungit
3462 4903 3653 4971 impc-

2010 4996 2389 5067 ratoremque
2416 4996 2781 5067 pronuntiat.

241 5084 479 5164 γορεύει.

314 5174 430 5243 Τήν
478 5168 573 5225 οὖν
608 5164 886 5242 βασιλείαν
943 5166 972 5221 ὁ
1029 5162 1286 5242 Διογένης
1338 5162 1545 5240 λαϐὼν,
1598 5171 1694 5235 εἶθ’
1751 5171 1905 5227 ὑστε-

249 5285 342 5339 ρον
407 5254 827 5319 ἐπιϐουλευθεὶς
896 5254 1040 5330 παρὰ
1084 5259 1192 5311 τῶν
1253 5255 1467 5312 οἰκείων
1520 5256 1903 5340 ἐκτυφλοῦται,

242 5353 333 5408 καί
365 5349 547 5410 οῧτῶς
579 5346 822 5424 θνήσκει,
862 5344 952 5399 καὶ
1009 5342 1064 5399 ἰν
1118 5350 1187 5419 τῇ
1239 5346 1388 5419 νήσῳ
1455 5347 1651 5424 Πρώτη
1708 5350 1903 5415 θάπτε-

236 5463 358 5509 ται,
385 5433 724 5514 βασιλεύσας
755 5422 853 5503 ἔτη
880 5432 926 5509 γ’
946 5433 1038 5487 καὶ
1082 5433 1261 5507 μῆνας
1300 5457 1333 5507 η
1355 5480 1370 5495 ,

313 5526 602 5599 Διεδὶξατο
633 5525 735 5592 τὴν
771 5520 1052 5598 βασιλείαν
1083 5522 1112 5577 ὁ
1160 5527 1257 5579 τοῦ
1280 5524 1456 5580 Δούκα
1513 5527 1627 5591 υἱὸς
1668 5526 1904 5602 Μιχαὴλ

242 5621 272 5675 ὁ
304 5616 610 5694 λεγόμενος
643 5611 1049 5686 Παραπινάκης.
1080 5612 1193 5670 Τοῦ
1242 5608 1299 5668 δὲ
1348 5614 1693 5691 πατριάρχου
1723 5615 1907 5675 Ἰωάν-

244 5731 356 5785 μου
394 5709 497 5763 τοῦ
526 5701 827 5781 Ξιφιλίνου
893 5700 1276 5777 κοιμηθέντος,
1337 5705 1365 5760 ὁ
1426 5703 1684 5780 βασιλεὺς
1727 5704 1907 5782 ἔτερόν

2084 5180 2403 5253 Occupavit
2433 5179 2747 5250 imperium
2796 5176 3103 5250 Diogenes,
3156 5174 3256 5245 qui
3315 5172 3594 5243 deinceps
3624 5187 3659 5227 a

2013 5269 2407 5327 familiaribus
2425 5267 2577 5323 dolis
2590 5261 3359 5322 circumventusluminibus
3376 5260 3656 5332 privatur,

2015 5365 2401 5429 mortuusque
2432 5356 2494 5412 in
2524 5354 2722 5410 insula
2738 5356 2912 5410 Prote
2942 5350 3389 5425 sepelitur,cum
3417 5365 3660 5423 regnas-

2015 5452 2105 5503 set
2137 5462 2325 5502 annos
2357 5448 2475 5498 tres
2508 5449 2566 5498 et
2592 5457 2828 5497 menses
2858 5446 3008 5496 octo.

2086 5537 2259 5591 Ducas
2292 5532 2448 5589 ﬁlius
2506 5529 2752 5586 Michael
2797 5530 3192 5602 Parapinaces
3240 5527 3433 5585 dictus
3467 5530 3659 5601 impe—

2016 5624 2171 5679 rium
2229 5620 2494 5695 suscipit.
2554 5618 2897 5676 Patriarcha
2946 5619 3166 5675 Joanne
3199 5616 3510 5691 Xiphilino
3542 5618 3659 5673 vita

2016 5713 2239 5783 functo,
2266 5712 2588 5784 imperator
2614 5708 2886 5765 Cosmam
2918 5707 3235 5779 quemdam
3278 5708 3656 5775 monachum,
