4062 6202
401 340 519 403 287

1707 335 2052 399 NICETAS
2093 335 2564 400 CHONIATES.

3688 335 3813 397 388

405 477 505 547 qui
556 492 587 531 e
647 480 853 532 sancta
908 474 1137 530 civitate
1195 472 1531 537 advenerat,
1572 472 1832 527 maximo
1862 470 1935 527 ab
1985 488 2036 526 se

2160 491 2278 526 τινα
2306 470 2729 547 προεχειρίσατο
2764 474 2984 544 Κοσμόἱν
3021 469 3297 545 μοναχὸγ,
3348 475 3450 539 τῆς
3495 469 3658 544 ἆγίας
3719 468 3817 542 μὶν

403 571 649 638 prOpter
694 565 942 619 eximias
968 562 1215 616 virtutes
1242 560 1301 615 in
1335 561 1524 632 pretio
1552 560 1820 616 habitum
1850 559 2043 631 elegit.

405 655 570 711 Cives
602 652 967 709 Botaniatem
992 651 1054 706 in
1076 649 1316 705 Nriente
1342 649 1761 722 imperatorem
1783 655 2047 705 creatum

404 742 713 798 audientes
742 740 964 811 regiam
978 739 1569 810 occupant,custodes
1600 737 1688 794 illi
1711 738 2048 810 imponunt;

403 832 793 902 imperantem
825 827 1171 884 Michaelem
1193 828 1343 884 solio
1366 828 1625 899 pulsum,
1658 827 1757 883 vili
1778 827 2047 884 vehiculo

405 935 538 975 cum
569 921 831 990 Augusta
877 918 1055 976 Maria
1092 934 1166 972 ex
1196 918 1517 973 Alanorum
1546 934 1761 989 genere
1820 923 1878 972 et
1926 917 2046 973 ﬁlio

402 1008 789 1063 Constantino
813 1007 915 1063 οο
940 1008 1505 1078 Porphyrogenneta
1524 1006 1587 1060 in
1619 1004 1807 1061 Studii
1838 1022 2047 1061 mona-

402 1096 647 1152 sterium
679 1095 958 1168 ablegant
987 1101 1046 1151 et
1074 1095 1503 1151 monachorum
1535 1094 1669 1150 albo
1717 1095 2043 1163 ascribunt,

405 1184 650 1241 sabbato
683 1185 783 1255 qui
816 1185 1035 1241 dicitur
1062 1184 1280 1240 Lazari.
1310 1183 1565 1254 Imperio
1596 1183 1833 1255 praefuit
1860 1200 2047 1238 annos

404 1291 523 1330 SEX.

470 1568 603 1622 Haec
624 1567 852 1622 ratione
884 1566 1253 1637 Nicephorus
1282 1564 1624 1619 Botaniates
1653 1568 1869 1635 praeter
1919 1578 2046 1618 om-

402 1672 540 1711 nem
572 1655 1070 1727 exspectationem
1094 1669 1310 1727 magna
1328 1652 1478 1709 feria
1506 1653 1700 1708 Tertia
1729 1651 2045 1724 imperium

399 1746 705 1817 occupavit
733 1744 981 1800 minime
1012 1740 1903 1816 sanguinolentum.Diademate
1931 1740 2044 1795 im-

2154 558 2371 625 πόλεως
2430 560 2779 635 ἀφικόμενον,
2847 558 3070 635 μεγίστῃ
3132 555 3189 614 δὲ
3215 565 3354 633 τιμῆ
3390 557 3480 613 διὰ
3507 559 3613 628 τήν
3640 558 3814 614 αὐτοῦ

2155 649 2354 725 ἀρετὴν
2384 649 2528 725 παρὰ
2561 648 2780 725 βασιλεῖ
2814 648 3154 724 τιμώμενον.
3195 648 3263 706 Οἱ
3314 645 3372 704 δὶ
3409 646 3660 717 πολῖται,
3717 644 3809 703 διὰ

2153 740 2216 794 τὸ
2245 739 2341 794 τὸν
2374 739 2733 809 Βοτανειάτην
2772 739 2846 809 ἒξ·
2893 736 3181 809 Ανατολῆς
3228 735 3339 808 ἤδη
3371 736 3810 812 ἀναγορευθῆναι

2153 825 2220 883 τὰ
2276 848 2334 883 τε
2388 827 2657 904 ἀνάκτορα
2723 825 3087 906 κατασχόντες
3157 825 3254 901 χαὶ
3311 824 3559 903 φύλακας
3611 825 3810 889 αὐτοῖς

2154 912 2560 986 ἐπιστήσαντες,
2617 916 2707 972 καὶ
2756 917 2848 973 τὸν
2912 914 3270 990 βασιλεύοντα
3318 913 3557 988 Μιγαήλ
3612 925 3814 977 καθαι-

2156 1005 2440 1079 ρήσαντες,
2471 1006 2607 1081 πρὸς
2637 1005 2737 1074 τήν
2795 1008 2895 1060 τοῦ
2953 1001 3220 1060 Στουδίου
3278 1005 3455 1076 μονὴν
3513 1006 3810 1078 παραπέμ-

2153 1115 2316 1150 πουσι
2376 1097 2492 1168 μετ’
2550 1095 2804 1158 εὐτελοῦς
2852 1094 3154 1171 ὑποζυγίου
3239 1092 3332 1147 σὺν
3389 1095 3459 1167 τῇ
3510 1092 3806 1169 Αὑγούστῃ

2153 1186 2335 1260 Μαρίᾳ
2388 1188 2458 1259 τῇ
2515 1183 2565 1255 ἐξ
2637 1183 2885 1241 Ἀλανῶν
2933 1185 3024 1240 καὶ
3077 1187 3158 1256 τῷ
3214 1181 3410 1239 τούτου
3466 1179 3812 1241 παιδὶΚων-

2155 1276 2420 1348 σταντίνῷ
2457 1280 2536 1347 τῷ
2567 1276 3094 1353 Πορφυρογεννγςτῳ,
3125 1273 3213 1329 καὶ
3251 1272 3390 1348 πρὸς
3439 1270 3530 1328 τὸν
3584 1274 3808 1349 μονήρη

2157 1365 2594 1440 μεταλλάττουσι
2655 1366 2776 1441 βίον
2829 1366 2968 1421 κατᾶ
3012 1366 3077 1420 τὸ
3135 1357 3423 1420 Σάϐϐατον
3486 1366 3585 1419 τοῦ
3638 1362 3807 1440 ἁγίου

2152 1454 2423 1532 Λαζάρου,
2460 1452 2851 1531 βασιλεύσαντα
2881 1454 3114 1529 χρόνους
3146 1454 3207 1523 ζ’.

2222 1543 2409 1605 Οὕτως
2469 1543 2560 1599 οὗν
2592 1544 2622 1598 6
2673 1542 3035 1612 Βοτανειάτης
3091 1536 3409 1619 Νικηφόρος
3447 1543 3594 1617 παρὰ
3622 1545 3804 1597 πᾶσαν

2149 1630 2481 1708 προσδοκίαν
2534 1632 2868 1706 ἀναίμακτον
2934 1625 3177 1688 ἀπέλαϐε
3237 1630 3338 1701 τὴν
3420 1630 3804 1707 αὐτοκράτορα

2150 1722 2329 1798 ἀρχὴν
2356 1723 2474 1777 κατ’
2503 1720 2672 1790 αὐτὴν
2700 1722 2800 1790 τὴν
2831 1719 3081 1797 μεγάλην
3112 1717 3342 1794 Τρίτην,
3380 1718 3473 1776 καὶ
3514 1725 3635 1783 ταῖς
3696 1726 3801 1776 τοῦ

396 1806 694 1905 peratorio
722 1832 1073 1907 patriarcha:
1092 1806 1369 1888 inanibus
1388 1828 2036 1903 insignitur,jungitque

2152 1809 2497 1889 πατριάρχου
2550 1809 2709 1887 χερσὶ
2768 1810 2848 1882 τῷ
2912 1807 3184 1885 βασιλικῷ
3240 1812 3542 1866 ταινιοῦται
3602 1806 3808 1880 διαδή-

398 1923 511 1978 sibi
543 1923 924 1979 matrimonio
972 1922 1367 1980 Alamannam
1427 1922 1688 1990 Mariam,
1747 1918 2044 1976 Michaelis

396 2010 733 2083 conjugem.
768 2010 1056 2083 Regnavit
1087 2025 1277 2066 annos
1306 2015 1449 2065 tres.

466 2191 706 2247 Alexius
735 2191 1071 2246 Comnenus
1128 2188 1446 2262 imperium
1476 2189 1671 2245 tenuit
1715 2204 1904 2244 annos
1933 2188 2040 2243 tri-

393 2282 559 2352 ginta
578 2286 805 2353 septem
838 2296 1074 2335 menses
1127 2285 1402 2350 quatuor,
1431 2280 1689 2334 Joannes
1719 2277 1848 2350 ejus
1879 2276 2039 2333 ﬁlius

394 2384 583 2425 annos
614 2369 817 2442 viginti
847 2375 1118 2441 quatuor,
1135 2367 1365 2424 Manuel
1379 2367 1510 2439 ejus
1542 2365 1700 2421 ﬁlius
1729 2382 1918 2421 annos
1936 2365 2038 2421 tri-

392 2459 554 2532 ginta
583 2464 737 2527 octo,
762 2458 1002 2514 Alexius
1032 2457 1211 2528 hujus
1245 2456 1401 2512 filius
1432 2455 1628 2511 infans
1671 2454 1865 2511 adhuc
1921 2471 2035 2510 an-

388 2564 532 2604 num
557 2563 766 2604 unum.

454 2640 535 2694 Eo
569 2637 883 2705 trucidato,
908 2636 1281 2692 Andronicus
1312 2641 1560 2708 patruus
1586 2635 1905 2707 imperium
1938 2635 2033 2690 in-

380 2728 529 2782 vasit
560 2742 750 2782 annos
778 2732 920 2782 tres.
945 2725 1284 2781 Andronico
1314 2724 1811 2791 necatonaacius
1834 2726 2030 2796 Ange-

384 2815 474 2873 lus
500 2816 699 2872 fratris
733 2815 892 2872 fllius
922 2816 1241 2887 imperium
1262 2815 1523 2871 obtinuit
1550 2831 1739 2871 annos
1798 2830 2031 2869 novem.

383 2905 674 2961 Isaacium
723 2905 909 2960 oculis
931 2904 1205 2976 spoliavit
1244 2904 1521 2977 proprius
1552 2904 1736 2959 frater
1763 2903 2028 2971 Alexius,

2156 1921 2307 1974 ματι,
2383 1897 2475 1955 καί
2538 1899 2753 1976 γυναικὶ
2820 1898 3174 1973 συζεύγνυται
3238 1899 3306 1973 τῇ
3356 1896 3409 1968 ἐξ
3467 1897 3802 1972 ’Δλαμανῶν

2148 1989 2351 2095 ἒᾱαρίᾳ,
2406 1995 2475 2059 τῆ
2541 1992 2639 2045 τοῦ
2692 1987 2933 2067 Μιχαὴλ
2979 1982 3219 2062 συμϐίῷ.
3301 1981 3654 2044 Ἐὄασίλευσε
3743 1985 3804 2044 δὲ

2147 2099 2463 2239 εἙῖλΔἹλεξιος
2515 2169 2544 2224 6
2602 2168 2889 2242 Κομνηνὸς
2955 2162 3297 2223 ἐϐασίλευσεν
3341 2163 3436 2237 ἔτη
3480 2165 3564 2238 λζ’
3618 2174 3801 2241 μῆνας

2149 2256 2209 2316 δ’.
2240 2257 2504 2328 Ἰωάννης
2537 2258 2566 2313 ὁ
2594 2255 2792 2313 τούτου
2822 2254 2941 2321 υἱὸς
2968 2250 3064 2327 ἔτη
3095 2252 3198 2326 κδ’,
3262 2253 3533 2326 Μανουήλ
3582 2256 3611 2310 6
3667 2259 3805 2311 τοῦ·

2141 2367 2238 2403 του
2260 2346 2377 2410 υἱὸς
2407 2344 2501 2416 ἔτη
2537 2343 2648 2415 λη’,
2708 2343 2954 2417 Ἀλέξιος
2999 2346 3027 2400 6
3084 2343 3281 2402 τούτου
3328 2344 3448 2407 υἱὸς
3510 2343 3799 2419 μειράκιον

2141 2433 2260 2499 ἔτος
2284 2442 2348 2493 α’.

2212 2622 2424 2678 Τοῦτον
2455 2619 2713 2699 φονεύσας
2742 2616 3093 2693 Ἀνδρόνικος
3125 2618 3153 2674 6
3182 2618 3321 2691 πρὸς
3381 2617 3585 2693 πατρὸς
3644 2620 3800 2682 θεῖος

2139 2709 2308 2765 αὐτοῦ
2365 2706 2716 2782 ἐτυράννησεν
2770 2703 2864 2778 ἔτη
2918 2709 2986 2784 γ’.
3043 2709 3252 2765 Τοῦτον
3299 2706 3562 2788 φονεύσας
3611 2708 3642 2763 ὁ
3673 2707 3797 2763 ἆνε-

2141 2799 2266 2875 ψιὸς
2295 2798 2461 2856 αὐτοῦ
2490 2799 2762 2862 Ἰσαάκιος
2794 2799 2823 2854 6
2853 2795 3150 2876 Ἄγγελος,
3209 2797 3506 2874 ἐκράτησεν
3573 2792 3669 2870 ἔτη
3728 2812 3796 2864 θ’.

2137 2891 2347 2946 Τοῦτον
2406 2885 2758 2967 ἰκτυφλώσας
2817 2887 2847 2942 6
2904 2884 3047 2950 ἲδιος
3076 2883 3315 2961 ἀδελφὸς
3365 2885 3607 2961 Ἀλέειος
3636 2886 3804 2962 ἐκρά-

383 2994 481 3064 qui
514 2994 779 3066 regnavit
809 3000 869 3049 et
899 2975 1025 3066 ipse
1055 2975 1260 3049 annos,
1282 2975 1516 3050 novem.
1548 2992 1752 3048 Alexio
1777 2992 2030 3064 imperio

2152 3002 2165 3013 _
2370 2978 2385 2998 κ
2461 2978 2476 2999 9
2525 2979 2539 2997 s
2613 2975 2637 2999 Ἰ
2799 2986 2811 3003 ι
2974 2983 2998 2994 υ
3311 2979 3322 2999 ν
3523 2985 3551 2997 ..ν

2152 3000 2268 3051 ,ησε
2296 3000 2388 3035 και
2417 3000 2581 3041 αυτος
2611 2999 2706 3050 eti;
2766 2990 2830 3044 θ.
2888 2980 3097 3037 Τουτον
3165 2975 3428 3050 ἔκδιωξας
3483 2999 3587 3048 της
3638 2979 3799 3055 βασι-

381 3089 557 3154 atque
588 3083 751 3154 Cpoli
784 3082 976 3154 pulso,
1000 3082 1157 3138 filius
1198 3082 1406 3139 Isaacii
1449 3082 1688 3137 Alexius
1743 3081 2031 3153 puerulus

2138 3067 2286 3123 λείας
2338 3066 2429 3123 καὶ
2497 3065 3125 3132 Κωνσταντίνουπόλεως
3192 3067 3220 3122 6
3273 3066 3495 3141 ἀνεψιὸς
3548 3065 3798 3138 Ἀλὲξιος

380 3172 573 3229 adhuc
622 3153 870 3244 regnum
917 3172 1175 3228 obtinuit
1215 3188 1453 3228 menses
1497 3187 1620 3227 sex.
1675 3172 1844 3227 Hunc
1892 3186 2026 3226 cum

2152 3155 2422 3230 μειράκιον
2454 3153 2554 3224 ὥν,
2597 3156 2626 3212 6
2657 3155 2771 3219 υἱὸς
2804 3154 2969 3211 αὐτοῦ
2991 3155 3285 3225 Ἰσαακίου,
3316 3154 3584 3229 ἐκράτησε
3619 3163 3803 3229 μῆνας

377 3261 694 3318 occidisset
722 3262 1005 3335 patruelis
1033 3262 1273 3317 Alexius
1305 3263 1514 3329 Ducas,
1550 3261 1650 3332 qui
1682 3266 1739 3315 et
1768 3262 2025 3315 Μυρτω-

374 3350 553 3423 phlus
613 3351 805 3407 dictus
859 3357 968 3419 est,
1020 3351 1271 3423 imperio
1320 3350 1558 3422 praefuit
1586 3366 1825 3405 menses
1855 3350 2022 3405 duos.

376 3440 501 3494 Heu
531 3456 641 3494 nos
671 3438 955 3495 miseros!
978 3444 1039 3495 et
1060 3440 1466 3495 maximecum
1488 3438 1653 3494 sinus
1681 3438 2023 3505 Christiani,

377 3528 479 3600 qui
509 3527 649 3584 talia
675 3528 737 3583 in
754 3528 1123 3584 Christianos
1167 3528 1618 3584 machinamur:
1669 3533 1730 3583 et
1766 3543 2026 3598 quanam

374 3618 609 3673 ratione
640 3617 905 3673 divinum
927 3617 1225 3690 judicium
1277 3623 1364 3674 tot
1393 3617 1619 3674 scelera
1650 3618 1907 3674 laturum
1933 3635 2023 3674 es-

2133 3426 2306 3479 ταῦτα
2361 3422 2673 3497 Χριστιανοῖ

2140 3247 2207 3317 ζ’.
2246 3248 2450 3304 Τοῦτον
2483 3245 2743 3323 φονεύσας
2773 3246 2802 3301 6
2841 3240 3134 3321 ἐξάδελφος
3163 3240 3409 3315 Ἀλέξιος
3477 3246 3506 3299 ὁ
3570 3249 3808 3317 Δοῦκας,

2139 3336 2167 3389 6
2196 3334 2283 3390 καὶ
2320 3331 2778 3411 Μούρτζουφλος,
2805 3330 3068 3409 ἐκράτησε
3120 3339 3295 3406 μῆνας
3479 3339 3590 3390 Φεῦ
3626 3336 3640 3390 l
3696 3336 3798 3390 καὶ

2756 3422 3139 3498 Χριστιανούς.
3216 3422 3321 3480 Καὶ
3377 3426 3494 3485 πῶς
3551 3419 3789 3496 ἔμελλεν

2135 3508 2480 3590 ἐφησυχάσαι
2537 3512 2572 3581 ἡ
2633 3507 2758 3581 δίκη
2816 3510 2907 3566 καὶ
2965 3511 3043 3585 μὴ
3091 3507 3425 3586 παραδοῦναι
3498 3512 3651 3584 ἡμὴ
3712 3513 3794 3577 εἷς

2136 3598 2534 3678 αἰχμαλωσίαν
2565 3599 2657 3655 καὶ
2688 3598 3105 3674 ἐξολόθρευσιν;
3163 3601 3233 3657 Ὃ
3284 3597 3375 3654 καὶ
3430 3598 3641 3676 γέγονε,
3697 3602 3793 3657 καὶ

376 3714 485 3776 set,
512 3712 571 3762 et
629 3722 751 3762 non
785 3713 941 3762 esset
989 3723 1101 3763 nos
1148 3706 1475 3780 captivitati
1520 3712 1580 3764 et
1625 3707 2022 3763 internecioni

2152 3681 2561 3780 ἧπερίξλεππος
2587 3684 3136 3780 ἕνωνσταντίχουηδιὰ
3181 3689 3277 3751 τὰς
3333 3686 3590 3750 τοιαύτας
3653 3689 3792 3745 ἀνο-

372 3797 731 3854 traditurum
758 3796 968 3863 ‘IQuod
998 3803 1057 3853 et
1104 3797 1324 3853 factum
1357 3802 1466 3866 est,
1498 3801 1559 3852 et
1585 3796 2024 3869 spectatissima

369 3886 512 3942 urbs
527 3885 899 3942 Constantini
923 3886 997 3942 ob
1031 3886 1255 3942 similia
1273 3887 1540 3943 facinora
1560 3885 2020 3959 impietatesque

372 3975 531 4030 Italis
563 3976 782 4033 tradita
816 3982 922 4031 est.

2132 3755 2413 3835 σιουργίας
2444 3755 2718 3836 παρεδόθη
2751 3764 2867 3822 τοῖς
2902 3758 3157 3821 Ἰταλοῖς.

379 4128 3788 4176 nam

1748 4271 1778 4312 Α
1791 4268 1914 4314 NNO
1957 4267 2165 4314 DOHINI
2207 4268 2392 4314 κων.

707 4440 1786 4629 NICETAS
1932 4439 3425 4632 GHONIATES.

1795 4796 2324 4932 NOTITIA.

611 5037 714 5107 (Ex
748 5031 955 5087 Leonis
979 5028 1175 5085 Allalii
1206 5002 1461 5085 Diatriba
1484 5028 1551 5084 de
1581 5028 1781 5084 Nicetis
1815 5030 1874 5085 in
1905 5033 2051 5104 Ang.
2088 5034 2196 5089 Mai
2228 5033 2570 5090 Bibliotheca
2598 5050 2739 5091 nova
2767 5037 3020 5105 Patrum,
3045 5041 3188 5093 tom.
3222 5036 3311 5092 VI.
3334 5055 3393 5109 p.
3426 5039 3542 5111 25.)

444 5359 519 5411 De
552 5358 765 5412 Nicetaa
796 5354 1098 5412 Choniataa
1129 5353 1207 5425 (a)
1237 5353 1358 5409 vita
1388 5370 1459 5409 ex
1489 5352 1755 5426 professo
1779 5353 1897 5425 egit
1923 5354 2133 5407 Petrus
2164 5352 2442 5408 Morellus
2474 5352 2536 5407 in
2584 5352 2834 5425 epistola
2862 5352 2936 5409 ad
2991 5354 3279 5410 Joannem
3336 5356 3780 5414 Sanctandrea-

369 5459 535 5512 num,
595 5443 1088 5500 Carcassonensis
1127 5439 1376 5498 'eclesiaa
1426 5442 1766 5506 diaconum,
1812 5457 1990 5512 quam
2038 5439 2139 5495 ille
2198 5458 2267 5496 ex
2310 5440 2607 5497 Michaelis
2663 5442 2963 5497 Choniatm
3024 5441 3302 5497 monodia
3373 5442 3433 5498 in
3522 5445 3788 5502 Nicetam

364 5531 704 5600 fratrem,et
733 5550 803 5587 ex
822 5534 1118 5588 Thesauro
1150 5530 1491 5587 orthodoxae
1523 5530 1659 5586 ﬁdei
1692 5531 2031 5604 collegerat,
2055 5537 2112 5585 et
2132 5531 2259 5603 ipse
2282 5531 2582 5587 Thesauro
2613 5530 2937 5604 subjunxit.
2977 5532 3093 5587 Nos
3136 5548 3273 5587 vero
3328 5533 3623 5589 nonnulla
3671 5536 3790 5591 alia

439 5678 516 5749 (a)
545 5680 609 5734 In
640 5676 833 5749 primo
862 5694 1003 5733 casu
1032 5676 1285 5732 Allatius
1308 5676 1656 5748 plerumque
1686 5678 1974 5736 Choniates
1995 5675 2220 5745 scribit,
2247 5675 2351 5731 sed
2381 5676 2681 5737 interdum
2707 5677 2885 5734 etiam
2916 5677 3208 5735 Choniata.
3243 5680 3308 5734 A.
3358 5679 3428 5735 Μ.
