4062 6202
250 345 381 410 289
1538 356 1553 361 "
1727 343 1854 402 ΡΒ]

2082 342 2166 401 [Ο.
3566 353 3686 422 290

259 496 334 534 ex
368 477 642 551 ejusdem
671 477 890 533 Nicetm
911 475 1160 532 historia
1189 474 1443 545 aliisque
1466 472 1786 530 trademus.
1810 472 1941 527 Fuit
1971 471 2067 526 hic
2097 471 2328 529 Nicetas
2357 475 2564 546 gentili
2613 478 2855 532 nomine
2910 478 3316 547 Acominatus,
3368 497 3399 537 e
3443 483 3684 552 Chonis,

259 566 534 640 Phrygias
562 565 734 635 urbe,
764 582 839 621 ex
860 581 977 637 qua
1004 562 1324 621 oriundum
1355 580 1419 620 se
1446 561 1747 636 gloriatur.
1778 562 1846 616 In
1869 559 2173 630 Balduino,
2204 577 2384 634 agens
2408 562 2482 619 de
2514 579 2655 635 pace
2679 565 2827 621 inita
2852 582 2962 638 per
2988 567 3359 625 Theodorum
3389 571 3681 630 Lascarim

259 675 401 715 cum
442 657 633 714 Icouii
672 657 929 726 suitano,
981 662 1041 712 et
1085 656 1159 711 de
1205 653 1457 711 urbibus
1502 653 1663 709 illius
1705 668 1909 709 socero
1954 651 2207 706 Manueli
2258 652 2639 708 Maurozomm
2690 655 3011 723 concessis,
3044 656 3199 713 inter
3227 659 3396 727 alias,
3428 659 3680 719 Chomas

258 762 504 819 quoque
556 761 907 815 numerans,
966 745 1210 801 scribit:
1276 742 1455 818 Μέρος
1508 739 1766 813 ἆπὲνειμι
1816 747 1862 795 τι

2071 746 2162 818 ίῆς
2213 745 2294 812 τῷ
2344 737 2585 815 κηδεστῂ
2642 744 2852 798 ἓκείνου
2886 746 3150 814 Μανουὴλ
3180 752 3260 819 τῷ
3294 750 3675 827 Μαυροζώμῃ’

254 832 380 889 τάδε
408 834 481 903 ἦν
511 832 653 907 ὶμοῦ
679 837 778 888 τοῦ
809 835 1159 912 συγγαρφὲως
1183 833 1396 903 Νικήτα
1421 833 1636 906 πατρὶς,
1658 831 1713 886 αἱ
1753 834 1858 901 Χῷτ

2079 841 2229 885 [rtem
2283 834 2507 901 imperii
2554 835 2817 889 Manucli
2863 835 3226 893 Maurosomae
3280 838 3438 894 illius
3500 858 3683 897 socero

255 927 550 981 concessit.
586 925 665 978 Ea
693 940 824 992 pars
855 934 1019 980 erant
1054 924 1278 989 Chonae,
1308 923 1419 979 mei
1445 921 1732 992 scriptoris
1759 919 1966 976 Nicetw
1992 920 2199 1003 patria.
2232 921 2297 973 Et
2326 919 2428 976 lib.
2480 937 2533 975 vx
2576 922 2640 976 in
2691 923 2958 979 Manuele
3006 925 3078 980 de
3136 924 3345 982 eodem
3379 945 3392 982 :
3420 932 3431 943 ‘
3486 927 3683 1003 Απάρα

258 1010 351 1067 οὖν
382 1018 492 1081 τῆς
527 1007 816 1085 βασιλίδος
846 1015 954 1066 τῶν
982 1008 1222 1077 πόλεων,
1253 1009 1493 1086 Φρυγίαν
1520 1028 1579 1064 τε
1614 1008 1706 1063 καὶ
1764 1005 2079 1062 Δαοδίκειαν
2109 1001 2360 1074 διελθὼν,
2419 1005 2720 1085 ἀφικνεῖται
2778 1008 2833 1073 ἐς
2886 1010 3099 1078 Χώνας,
3157 1010 3323 1066 πόλιν
3384 1001 3678 1088 εὐδαίμονι

255 1098 344 1155 καὶ
378 1097 663 1176 μεγάλην,
693 1098 864 1154 πάλαί
892 1099 988 1160 τὰς
1018 1096 1325 1162 Παλασσάς.
1357 1100 1649 1171 (Palassas
1680 1099 1859 1153 vitiom

2076 1113 2165 1170 iro
2199 1096 2463 1164 Colossas,
2507 1098 2987 1156 animadvertunt
3042 1102 3413 1161 Abrahamus
3471 1106 3680 1162 Horte-

253 1190 370 1246 lius
401 1190 470 1245 in
502 1189 807 1245 Thesauro
831 1189 1246 1262 geographico,
1278 1194 1335 1244 et
1366 1188 1759 1259 Hieronymus
1786 1185 2028 1242 Wolﬁus
2059 1186 2118 1241 in
2150 1186 2306 1241 notis
2331 1186 2403 1242 ad
2434 1186 2592 1243 hunc
2621 1188 2841 1260 locum)
2868 1188 2968 1257 τήν
2997 1188 3132 1263 ἐμοῦ
3177 1195 3274 1246 τοῦ
3331 1194 3680 1272 euq-(pastio;

252 1274 525 1355 πιτφίδπι.
556 1280 697 1338 Urbe
722 1282 1029 1348 disgressus
1050 1296 1153 1352 per
1179 1280 1484 1352 Phrygiam
1513 1282 1565 1335 et
1595 1276 1936 1344 Laodiceam,
1969 1274 2375 1340 Chomas,olim
2425 1278 2702 1345 Palassas,
2758 1278 2949 1335 urbem
3005 1297 3267 1351 magnam
3322 1289 3375 1338 et
3433 1285 3675 1354 beatam,

247 1373 499 1442 patriam
530 1385 738 1438 meum,
795 1368 1061 1440 pervenit.
1122 1369 1192 1424 Et
1245 1369 1477 1424 Chonas
1532 1367 1732 1437 hasce,
1785 1366 2068 1423 Asianam
2095 1364 2262 1421 illam
2295 1381 2423 1422 esse
2454 1367 2772 1435 civitatem,
2806 1386 2983 1440 quam
3015 1371 3152 1427 data
3183 1373 3433 1444 epistola
3461 1375 3678 1432 Paulus

251 1459 593 1532 apostolus,
626 1475 763 1514 cum
796 1458 1081 1514 scriberet
1099 1457 1372 1513 Colossas
1409 1456 1650 1525 dictam,
1686 1456 2040 1525 nobilitavit,
2072 1455 2370 1529 colligitur
2389 1474 2465 1513 ex
2494 1458 2766 1531 ejusdem
2796 1459 3080 1517 Thesauri
3111 1462 3263 1519 libro
3294 1481 3369 1533 iv,
3399 1482 3528 1537 cap.
3589 1470 3680 1537 22,

236 1551 309 1605 'in
367 1565 496 1621 quo
554 1549 756 1604 locum
813 1564 884 1604 ex
942 1546 1194 1619 epistola
1248 1547 1410 1602 illius
1465 1547 1542 1603 ad
1596 1546 1840 1604 Colosse:

2074 1543 2347 1615 lducens,
2407 1547 2652 1605 scribit:
2712 1546 2802 1609 Ὠς
2859 1547 2887 1601 ὁ
2938 1548 3157 1613 Παῦλος
3209 1549 3261 1605 ἰν
3292 1554 3361 1625 τῇ
3392 1552 3530 1627 πρὸς
3550 1552 3678 1616 τοὺς

248 1638 576 1713 πατριώτας
637 1658 733 1710 μοι
795 1635 1089 1697 Κολοσσεῖς
1156 1634 1423 1710 ἐπιστολῇ
1484 1634 1754 1711 θεολογεῖ.
1792 1638 1852 1696 Ui

2082 1658 2120 1697 ιε
2173 1643 2237 1698 in
2262 1643 2501 1715 epistola
2529 1645 2610 1700 ad
2638 1655 3019 1703 conterraneos
3050 1662 3194 1703 meos
3226 1650 3568 1707 Colossenses
3596 1652 3686 1724 hi8

248 1729 435 1784 verbis
465 1727 779 1799 theologica
803 1726 1244 1799 philosophatur.
1285 1728 1356 1782 Et
1374 1725 1646 1783 Colossas
1675 1726 1817 1782 olim
1846 1735 2052 1799 postea
2082 1737 2307 1789 mutato
2339 1733 2585 1790 nomine
2615 1734 2846 1791 Chonas
2892 1735 3134 1802 dictam,
3167 1738 3378 1809 probat
3408 1739 3684 1796 Morellus

247 1834 315 1873 ex
335 1816 543 1873 lexico
576 1817 987 1888 manuscripto
1018 1815 1351 1883 Vascosani,
1377 1831 1566 1888 eoque
1583 1815 1979 1872 vetustissimo
2018 1821 2294 1876 manibus
2316 1822 2626 1894 cujusdam
2656 1840 2729 1879 ex
2761 1824 3065 1881 Michaelis
3095 1828 3270 1882 Pselli
3309 1828 3682 1885 auditoribus

242 1910 555 1981 descripto
590 1909 683 1975 (bl,
714 1908 777 1963 in
809 1922 927 1979 quo
958 1906 1284 1981 legebatur,
1316 1904 1592 1962 Κολοσσπιὶ
1616 1904 1792 1970 πόλις
1823 1913 1846 1962 (1

2074 1950 2082 1976 ,
2141 1909 2195 1962 ai
2253 1913 2346 1963 νῦν
2397 1910 2690 1985 λεγόμεναι
2754 1916 2961 1967 Χῶναι’
3024 1911 3144 1968 ὅθεν
3200 1915 3288 1969 καὶ
3352 1912 3678 1979 Κολοσσαεῖς

244 2000 338 2071 (c).
374 2001 615 2057 Cotosw
643 1999 1084 2070 urbs-Phrygiae,
1115 2013 1242 2070 qua:
1270 2014 1419 2054 nunc
1448 1997 1648 2055 Chonz
1684 1998 1913 2067 dicitur,
1961 2000 2109 2057 unde
2147 2004 2199 2055 ct
2248 2001 2603 2060 Colossenses.
2636 2004 2705 2058 Et
2758 2003 2996 2075 probari
3027 2011 3316 2076 praeterea
3362 2012 3556 2078 potest
3611 2025 3683 2062 ex

245 2090 656 2146 Constantino
687 2088 1197 2161 Porphyrogenito
1232 2088 1294 2143 in
1329 2087 1587 2144 themate
1618 2089 1849 2145 Thrace:

2080 2086 2385 2144 ,Κολοσσαὶ
2419 2089 2474 2144 αἱ
2530 2093 2622 2144 νῦν
2657 2089 2948 2168 λεγομὲναι
2981 2093 3191 2162 Χῶναι,
3252 2093 3314 2147 οὗ
3370 2093 3482 2149 ἐστι
3549 2095 3675 2158 νοὸς

241 2174 553 2248 διαϐόητος
585 2181 688 2232 τοῦ
719 2174 1070 2253 ἀρχαγγέλου
1117 2173 1376 2251 Μιχαήλ.
1409 2178 1658 2247 Colossas,
1690 2193 1816 2250 quae
1844 2206 1845 2209 η

2078 2180 2243 2247 lanae,
2276 2180 2374 2235 ubi
2404 2182 2607 2236 visitur
2633 2182 3053 2239 celeberrimum
3082 2185 3349 2255 templum
3404 2185 3682 2244 Michaelis

237 2268 815 2343 archangeli.Neque
833 2267 1112 2324 dissentit
1130 2266 1604 2339 Theophylactus
1626 2284 1841 2325 commc

2082 2269 2255 2325 ictam
2279 2269 2593 2342 epistolam
2615 2268 2990 2334 Paulilloltc
3018 2272 3259 2347 Φρυγίας
3292 2273 3347 2327 αἱ
3388 2274 3682 2345 Κολοσσαὶ,

234 2359 287 2411 αἱ
313 2361 413 2412 νῦν
450 2355 759 2432 Λεγὸμενιι
792 2358 999 2423 Χῶναι,
1030 2355 1121 2410 καὶ
1153 2351 1327 2423 δῆλον
1359 2353 1419 2409 ἐκ
1446 2358 1543 2410 τοῦ
1570 2356 1674 2425 τήν
1705 2353 1838 2411 Λαοὲ

2073 2356 2189 2411 im
2218 2356 2482 2428 πλησίον.
2515 2359 2781 2433 Phrygiae
2811 2361 2941 2417 urbs
2958 2371 3037 2419 est
3070 2363 3329 2431 Colossx,
3361 2381 3484 2437 quae
3526 2383 3677 2423 nunc

235 2447 454 2505 dicitur
488 2447 722 2513 Citam,
755 2446 898 2518 quod
928 2445 1055 2501 inde
1080 2447 1434 2518 perspicuum
1463 2453 1563 2513 est,
1594 2446 1735 2518 quod
1767 2448 2031 2505 Laodicea
2062 2448 2194 2505 huic
2219 2451 2293 2505 sit
2322 2448 2526 2518 vicina,
2558 2452 2627 2507 Et
2656 2468 2726 2507 ex
2755 2453 3185 2509 recentioribus
3214 2453 3454 2512 Wolﬁus
3475 2455 3538 2513 in
3568 2473 3681 2513 no-

234 2538 306 2593 tis
331 2537 413 2594 ad
446 2536 561 2592 lib.
599 2552 649 2590 vi
684 2535 1007 2592 Choniataa.
1046 2534 1195 2592 Unde
1222 2533 1476 2606 suspicor
1506 2534 1795 2591 Choniatas
1814 2540 1933 2609 post
1964 2538 2287 2610 appellatos,
2318 2540 2414 2611 qui
2443 2539 2577 2596 olim
2618 2541 2951 2599 Colossenses
2999 2545 3145 2600 dicti
3196 2547 3375 2615 fuere,
3424 2546 3495 2601 a:t
3548 2561 3684 2618 quos

231 2626 467 2698 epistola
499 2625 628 2681 divi
663 2625 831 2681 Pauli
850 2631 1053 2680 exstat.

299 2718 578 2772 Possent
616 2713 1009 2770 nihilominus
1054 2713 1192 2770 huic
1242 2713 1328 2769 rei
1371 2711 1752 2769 difficultates
1800 2716 2041 2787 opponi.
2091 2718 2355 2791 Namque
2402 2719 2652 2792 populos
2698 2736 2771 2776 ex
2824 2721 2936 2778 hac
2978 2721 3275 2795 Phrygum
3320 2724 3468 2781 urbe
3515 2731 3683 2795 vocat

236 2806 453 2864 Strabo
517 2804 602 2877 (at)
650 2803 1025 2860 Colossenos.
1074 2798 1410 2864 Κολοσσαεῖς
1475 2818 1610 2858 vero
1667 2802 2035 2873 Colossenses,
2085 2806 2406 2864 multorum
2464 2809 2741 2882 suffragio
2768 2809 2979 2867 Rhodii
3014 2792 3125 2883 ipsi
3143 2792 3578 2886 nuncupantur
3608 2792 3685 2873 ex.

230 2902 394 2953 vasto
425 2895 679 2952 colosso
710 2894 773 2949 in
804 2895 1089 2949 honorem
1121 2893 1264 2949 solis
1295 2898 1615 2950 exstructo.
1647 2893 1834 2949 Suida:

2069 2899 2265 2958 ισσαεῖς
2298 2895 2349 2951 οἱ
2396 2892 2619 2967 Ῥόδιοι,
2672 2893 2873 2959 οἵτινες
2930 2897 3223 2969 ἀνέστησαν
3284 2898 3338 2957 ἐν
3396 2906 3464 2976 τῇ
3522 2903 3673 2975 νήσῳ

235 2982 497 3060 χαλκοῦν
533 2979 829 3057 ἀνδριάντα
855 2984 952 3035 τοῦ
983 2980 1170 3053 ἡλίου,
1204 2981 1263 3035 ’ὀν
1297 2979 1387 3036 διὰ
1418 2979 1479 3037 τιέ
1514 2980 1738 3056 μέγεθος
1766 2983 1839 3036 ἒκι

2073 2982 2344 3041 ιολοσσόν.
2397 2987 2735 3044 Colossenses
2773 2988 2974 3044 Rhodii
3026 2995 3175 3059 sunt,
3231 2992 3328 3062 qui
3381 3002 3677 3050 erexerunt

237 3077 291 3130 in
320 3074 531 3130 insula
562 3089 773 3130 a’ream
803 3081 1039 3129 statuam
1067 3072 1196 3140 soli,
1227 3087 1397 3144 quam
1425 3072 1491 3128 ob
1522 3073 1836 3130 vastitatem

2078 3092 2127 3127 m
2159 3076 2538 3146 appellarunt.
2572 3076 2641 3131 Et
2693 3093 2830 3132 voce
2888 3073 3094 3139 Ῥόδος.
3156 3074 3346 3142 Ῥόδος
3398 3080 3433 3150 ἡ
3486 3087 3679 3151 νῆσος,

238 3164 354 3231 ἧτις
391 3161 497 3219 καὶ
532 3158 734 3223 Λίνδος
773 3159 1044 3226 καλεῖται,
1074 3160 1165 3215 καὶ
1198 3158 1537 3223 Κολασσαεῖς
1570 3161 1624 3216 οἱ
1653 3159 1842 3230 οἰκήτο

2081 3185 2085 3214 ε
2140 3163 2231 3217 τὸν
2294 3160 2589 3221 κολοσσὸν.
2655 3165 2870 3224 Rhodus
2936 3170 3151 3236 insula,
3212 3170 3420 3228 Lindus
3473 3188 3685 3248 quoque

238 3256 602 3326 nuncupata,
624 3257 678 3308 et
700 3252 857 3308 illius
887 3251 1220 3308 habitatores
1238 3260 1464 3323 propter
1489 3251 1760 3307 colossum
1783 3251 2120 3308 Colossenses
2140 3252 2296 3309 dicti.
2329 3256 2669 3312 Eustathius
2726 3257 2787 3312 in
2846 3258 3207 3331 Pericgetem
3240 3278 3253 3316 :
3316 3258 3415 3314 Διᾶ
3476 3256 3534 3316 ὃὶ
3588 3261 3680 3316 τὸν

234 3342 525 3415 ἀνώτερον
586 3338 822 3416 ρηθέντα
871 3337 1039 3416 μέγαν
1097 3336 1364 3395 κολοσσὸν
1424 3338 1516 3393 καὶ
1567 3336 1923 3409 Κολοσσαεῖς,
1991 3340 2066 3400 ὡς
2124 3338 2185 3395 ἐκ
2245 3339 2485 3417 μεγάλου
2541 3344 2894 3419 παρασήμου,
2952 3342 3247 3403 ἐκαλοῦντο
3320 3348 3372 3403 οἱ
3454 3345 3687 3409 Ῥόδιοι.

236 3434 491 3500 Propter
509 3431 641 3503 jam
668 3446 835 3501 supra
864 3438 1129 3487 assertum
1157 3431 1450 3495 colossum,
1480 3431 1652 3485 etiam
1683 3428 2044 3501 Colossenses,
2068 3429 2250 3486 veluti
2287 3447 2360 3487 ea:
2383 3448 2585 3504 magno
2653 3436 2888 3505 insigni,
2944 3436 3147 3493 Rhodii
3200 3440 3684 3511 nuncupabantur.

239 3522 475 3579 Eadem
507 3519 740 3577 habent
769 3519 1050 3592 Georgius
1081 3518 1402 3589 Cedrenus,
1431 3519 1691 3576 Joannes
1722 3520 1999 3583 Zonaras,
2032 3519 2280 3576 Michael
2312 3520 2541 3592 Glycas,
2570 3523 2827 3579 Joannes
2858 3526 3264 3582 Antiochenus
3303 3527 3366 3583 in
3417 3528 3691 3584 Archwo-

236 3612 427 3685 logia,
462 3615 526 3666 et
556 3609 685 3666 alii.
716 3608 865 3665 Hinc
896 3625 1016 3664 non
1047 3607 1413 3683 dignoscitur
1432 3624 1615 3680 quare
1646 3608 1843 3680 potius
1865 3608 1938 3663 ad
1970 3608 2287 3666 Clioniatas
2318 3626 2492 3682 quam
2525 3611 2599 3666 ad
2628 3611 2886 3668 Rhodios
2914 3613 3243 3686 inscripitio
3275 3614 3375 3671 illa
3424 3615 3687 3687 epistola:

243 3700 466 3756 referri
500 3697 743 3754 debeat.
775 3701 1051 3754 Attamen
1078 3714 1214 3754 cum
1244 3700 1307 3753 in
1333 3714 1404 3753 ea
1419 3696 1637 3753 Paulus
1671 3696 1991 3767 Laodiceae,
2024 3704 2083 3753 et
2113 3699 2496 3772 Hierapoleos
2526 3717 2785 3774 quoque,
2818 3702 3152 3758 vicinarum
3181 3703 3442 3773 urbium,
3467 3704 3684 3761 memi-

238 3789 407 3846 nerit
437 3787 540 3861 (c),
580 3786 757 3857 longe
786 3786 1042 3843 similius
1071 3803 1208 3843 vero
1241 3790 1334 3843 est
1361 3786 1742 3843 Colossenses
1777 3802 1897 3841 non
1929 3786 2079 3842 alios
2112 3804 2240 3844 esse
2273 3805 2450 3861 quam
2482 3805 2583 3845 eos
2613 3789 2771 3861 ipsos
2803 3790 2904 3862 qui
2931 3791 2989 3846 in
3041 3790 3357 3847 Choniatas
3415 3793 3688 3850 decesse-

247 3883 415 3945 runt,
452 3884 514 3933 et
546 3876 814 3932 Colossas
843 3892 972 3933 esse
1005 3892 1157 3948 quas,
1174 3882 1403 3933 mutato
1435 3881 1642 3949 postea
1667 3875 1932 3942 nomine,
1964 3875 2178 3931 Chonm
2210 3875 2381 3932 dictae
2414 3882 2590 3943 sunt;
2625 3878 2782 3947 quod
2839 3883 3009 3934 acute
3064 3886 3450 3952 perspexerat
3499 3882 3687 3937 Theo-

244 3968 599 4042 phylactus,
634 3982 770 4022 cum
799 3965 1085 4022 scriberet
1117 3983 1130 4022 :
1166 3964 1267 4022 Καὶ
1299 3961 1470 4034 δῆλον
1504 3963 1562 4019 ἐκ
1582 3965 1679 4019 τοῦ
1703 3964 1804 4033 τὴν
1837 3996 1848 4021 Α

2083 3984 2158 4018 Law
2189 3963 2323 4017 εἴνχι
2353 3961 2616 4032 πλησίον.
2652 3965 2800 4034 Quod
2831 3965 2961 4023 inde
2988 3967 3341 4038 perspicuum
3397 3974 3495 4039 est,
3555 3972 3687 4041 quia

245 4058 533 4116 Laodicea
564 4057 695 4114 huic
722 4059 797 4113 sit
828 4056 1033 4114 vicina.
1066 4059 1268 4130 Neque
1297 4057 1493 4114 obstat
1512 4073 1582 4114 ex
1610 4056 1703 4113 his
1733 4054 1991 4113 Colossis
2023 4053 2369 4110 Strabonem
2404 4052 2755 4111 Colossenoe
2786 4070 3152 4129 nuncupare.
3181 4058 3445 4130 Namque
3505 4058 3565 4114 id
3624 4060 3686 4114 in

250 4148 392 4205 aliis
416 4161 668 4219 quoque
700 4146 969 4201 videmus
999 4146 1164 4202 varia
1185 4146 1384 4202 eﬂ'erri
1406 4145 1782 4202 formatione.
1813 4144 1883 4200 Et
1908 4159 1984 4199 ne
2015 4143 2078 4199 in
2105 4142 2387 4215 exemplis
2408 4141 2774 4200 adducendis
2804 4144 3027 4202 nimius
3057 4146 3192 4213 sim,
3218 4164 3406 4220 pauca
3435 4148 3689 4205 tradam.

251 4239 438 4296 Chios
468 4254 546 4294 ex
576 4236 725 4293 Chio
755 4236 954 4293 insula
983 4236 1292 4294 oriundios
1323 4236 1626 4294 communi
1658 4236 2013 4309 scriptorum
2036 4250 2148 4289 usu
2174 4249 2452 4290 vocamus
2486 4249 2500 4289 :
2531 4249 2652 4289 non
2674 4233 2912 4291 defuere
2946 4240 3167 4307 tamen,
3200 4237 3300 4310 qui
3351 4245 3411 4294 et
3456 4238 3692 4293 Chiotas

250 4329 565 4391 dixerunt.
598 4333 665 4382 ut
687 4326 885 4383 videre
916 4332 1004 4382 est
1031 4326 1093 4383 in
1112 4326 1443 4383 Memnonis
1473 4327 1764 4398 excerptis
1795 4323 1952 4397 apud
1980 4324 2278 4378 Photium.
2302 4324 2384 4377 Ex
2433 4322 2727 4395 Byzantio,
2786 4322 2884 4379 alii
2937 4325 3263 4395 Byzantios,
3313 4325 3416 4381 alii
3475 4328 3693 4400 Byzan-

251 4418 447 4482 tinos,
479 4415 586 4471 alii
618 4415 1032 4487 Byzantianos,
1059 4433 1167 4474 seu
1192 4416 1668 4488 Byzantinianos,
1701 4420 1760 4471 et
1781 4413 2020 4471 tandem
2054 4414 2347 4470 Vitruvius
2378 4415 2694 4485 Byzanteas
2717 4412 2818 4469 lib.
2856 4432 2953 4469 vn.
2987 4417 3067 4470 Ex
3122 4416 3335 4473 Gadira
3387 4418 3691 4488 Gadireus,

250 4512 309 4562 et
335 4505 669 4572 Gadiriles,
702 4511 762 4561 et
791 4504 1113 4578 Gadirmus,
1146 4512 1206 4562 et
1253 4506 1581 4563 Gadirenus
1613 4521 1626 4569 ;
1660 4509 1718 4560 et
1747 4504 2067 4560 innumera
2086 4502 2207 4558 fere
2250 4502 2489 4560 similia.
2546 4502 2671 4557 Non
2730 4506 2821 4557 est
2876 4518 3014 4575 ergo
3068 4505 3290 4562 mirum
3338 4506 3688 4564 Colossenos

253 4595 577 4653 Strabonis
609 4595 674 4651 in
704 4594 1091 4653 Colossenses
1121 4596 1365 4653 abiisse.

323 4684 447 4741 Sed
480 4700 604 4758 qua
633 4683 706 4740 de
739 4701 920 4741 causa
947 4685 1226 4753 Colossas,
1259 4701 1438 4759 quam
1466 4682 1629 4740 πόλιν
1667 4680 1910 4760 μεγάλην

2085 4681 2204 4754 ίης,
2236 4697 2505 4751 magnam
2525 4681 2794 4755 Phrygiae
2826 4684 3035 4753 urbem,
3077 4686 3305 4742 vocavit
3363 4687 3689 4746 Herodotus

255 4776 317 4831 in
351 4774 688 4848 Polymnia,
719 4791 940 4832 nomen
965 4776 1027 4832 in
1057 4777 1288 4834 Chonas
1318 4775 1761 4833 immutaverint
1780 4776 1807 4831 ?
1835 4777 2059 4832 Menam
2085 4775 2419 4830 Graecorum
2442 4776 2650 4828 natum
2673 4772 2759 4828 illi
2782 4790 2999 4830 nomen
3024 4791 3094 4831 ex
3123 4776 3422 4833 Michaelis
3443 4776 3696 4834 archan-

258 4865 373 4937 geli
407 4864 471 4921 in
505 4864 718 4921 eadem
749 4864 894 4921 urbe
925 4870 1158 4940 patrato
1187 4865 1475 4922 miraculo
1508 4869 1768 4921 narrant.
1805 4868 1951 4921 Dum
1984 4864 2143 4921 enim
2173 4860 2446 4937 gentiles,
2479 4860 2612 4918 odio
2645 4861 2990 4920 Christianas
3020 4864 3347 4938 religionis,
3379 4865 3691 4921 ﬂuviorum

260 4953 345 5009 ibi
374 4953 920 5027 prmterﬂuentium
952 4971 1137 5027 aquas
1165 4955 1229 5011 in
1258 4971 1446 5012 unum
1476 4954 1793 5019 corrivant,
1824 4959 1890 5010 ut
1911 4970 2115 5009 earum
2145 4953 2371 5024 impetu
2401 4957 2458 5007 et
2479 4950 2649 5023 copia
2678 4951 2873 5008 locum
2905 4958 2965 5009 et
2994 4954 3282 5026 templum
3309 4954 3417 5011 sub
3448 4954 3692 5008 nomine

262 5042 569 5099 Michaelis
592 5046 858 5099 erectum
888 5043 1254 5118 demergant,
1286 5044 1533 5101 Michael
1562 5043 1773 5100 baculo
1797 5059 2004 5099 saxum
2027 5042 2293 5115 pulsans,
2316 5039 2543 5096 hiatum
2575 5041 2934 5112 aperuit,qui
2966 5042 3187 5098 molem
3218 5043 3382 5098 illam
3402 5058 3692 5114 aquarum

264 5132 590 5207 absorpsit,
626 5139 685 5190 et
715 5135 1028 5208 templum.
1055 5141 1114 5192 et
1142 5135 1575 5193 deservientem
1606 5136 1690 5191 illi
1724 5135 2026 5192 hominem
2058 5135 2141 5190 ab‘
2170 5134 2370 5190 illuvie
2401 5132 2503 5188 illa
2552 5133 2807 5189 servavit
2865 5134 3247 5191 incolumem.
3280 5136 3349 5190 Et
3403 5150 3539 5189 cum
3587 5149 3695 5205 per

263 5221 496 5280 hiatum
520 5223 695 5280 illum
726 5224 916 5281 instar
943 5224 1331 5293 infundibuli,
1364 5224 1523 5297 quod
1554 5225 1769 5282 Graecis
1800 5223 1957 5298 χώνη
2009 5229 2117 5293 est,
2175 5239 2346 5294 aquae
2403 5221 2973 5290 transmitterentur,
3021 5222 3149 5279 loco
3208 5228 3268 5279 et
3323 5222 3457 5279 urbi
3508 5221 3692 5281 Χῶναι

268 5312 474 5369 Chatta
505 5328 732 5371 nomen
755 5313 1014 5371 inditum
1044 5319 1154 5370 est°
1179 5314 1377 5386 Φθόνῳ
1416 5311 1710 5385 τηκόμενοι
1742 5312 1872 5368 inin

2089 5307 2328 5386 ραδόξως
2352 5306 2671 5385 γενομένοις
2703 5305 2754 5363 ἐν
2807 5311 2879 5379 τῷ
2936 5312 3048 5380 ναῷ
3097 5312 3195 5364 τοῦ
3244 5308 3693 5386 ἀρχιστρατήγου

268 5399 536 5477 Μιχαὴλ,
588 5400 784 5477 ἄνδρες
830 5400 1215 5474 ἑλληνίζοντες
1262 5402 1356 5459 τὸν
1408 5399 1777 5479 παραρρέοντα
1835 5400 2060 5479 ἐγγύθεν
2118 5398 2367 5469 ποταμὸν
2418 5392 2852 5451 ἐϐουλλεύσαντο
2894 5396 3031 5451 κατὰ
3083 5401 3181 5452 τοῦ
3233 5401 3366 5454 ναοῦ
3443 5397 3693 5473 στρέψαι,

267 5486 405 5545 ὥστε
456 5487 555 5546 καί
609 5491 703 5547 τὸν
755 5492 880 5547 ναὸν
921 5491 1278 5563 κατακλύσαι,
1335 5491 1427 5548 καὶ
1495 5492 1587 5550 τὸν
1638 5491 2012 5567 προσμένοντα
2067 5489 2213 5559 αὐτῷ
2262 5483 2427 5559 ἃνὸρκ
2478 5483 2662 5557 τίμιον
2703 5484 2794 5540 τὸν
2828 5486 3143 5563 Ἄρχιππον
3176 5487 3463 5547 ἀπολέσαι.
3500 5489 3696 5551 Φανεὶς

268 5576 326 5633 δὲ
368 5581 459 5636 καὶ
507 5582 680 5655 μόνος
718 5581 746 5637 ὀ
805 5585 948 5646 θεῖος
1016 5581 1481 5659 ἀρχιστράτηγος,
1538 5581 1628 5637 καὶ
1678 5579 1893 5658 οαρῥεῖν
1948 5575 2405 5654 ἐγκελευσάμενος
2467 5571 2548 5645 τῷ
2628 5573 2945 5650 Ἀρχίππῳ,
3032 5576 3268 5649 πλήσσει
3348 5575 3535 5654 ῥάϐδῳ
3600 5580 3698 5649 τὴν

336 5711 417 5797 ib}
448 5712 580 5797 Iino
613 5710 995 5797 ipsiusPsel_li
1020 5709 1252 5796 lexicon
1281 5727 1540 5797 grazcum
1564 5727 1659 5767 me
1693 5711 1752 5766 in
1779 5709 1935 5767 codi-

2090 5702 2411 5797 1';I'J.J\i')i.kiils
2432 5702 2893 5797 vaticaniilbid.
2921 5706 3098 5763 etiam
3130 5704 3181 5759 ἐν
3215 5704 3694 5771 Κολοσσαῖς.Α.Μ.

283 5774 447 5855 cibus
476 5774 799 5855 observare
833 5782 1017 5855 probe
1049 5774 1318 5841 memini.
1340 5786 1406 5840 A.
1440 5784 1514 5855 Μ,
1616 5853 1626 5855 _
1710 5853 1720 5855 _
1902 5854 1905 5855 ν
2117 5777 2193 5855 (ά)
2217 5774 2340 5855 hib.
2374 5791 2469 5842 xu,
2504 5774 2662 5855 circa
2691 5774 2888 5833 ﬁnem.

342 5854 411 5924 (c)
445 5852 788 5915 Κολοσσαεῖς
809 5846 869 5910 εἰ
897 5851 1231 5916 Κολασσοιεῖς
1263 5854 1449 5912 variat
1496 5854 1556 5911 in
1613 5853 1756 5926 ipsis
1819 5854 1935 5913 τοῖς

1070 5858 1231 5916 music
1263 5854 1449 5912 variat
1496 5854 1556 5911 in
1613 5853 1756 5926 ipsis
1819 5854 1935 5913 τοῖς
2120 5846 2192 5920 (c)
2223 5846 2446 5903 Coloss-
2481 5864 2555 5914 iv,
2589 5848 2674 5903 l3.
