4062 6202
262 317 378 381 ερε,
1550 326 1563 333 --
1721 296 2162 363 PB/EB‘ATIO.
3549 295 3668 358 294

263 461 477 517 susque
506 442 647 498 inde
676 442 947 497 exortum
978 454 1085 509 per
1103 441 1339 509 apertos
1357 450 1598 508 campos
1620 431 1957 505 exspatiari,
1982 430 2139 502 quod
2163 429 2382 487 mirum
2401 429 2559 486 haud
2583 429 2893 494 videbitur,
2921 428 2969 483 si
2993 428 3098 483 soli
3122 428 3283 485 illius
3305 435 3520 487 natura
3535 448 3671 489 con-

260 534 574 593 sideretur.
604 532 796 596 Quare
827 527 899 585 de
931 526 1049 585 alio
1080 525 1329 583 ﬂumine
1360 524 1595 592 Cadmo,
1628 523 1841 581 iisdem
1871 527 2048 595 atque
2079 522 2264 594 Lycus
2311 520 2573 577 fontibus
2623 519 2951 586 exsiliente,
2985 519 3189 575 scribit
3234 519 3439 577 Strabo
3488 519 3597 578 lib.
3637 538 3675 577 χ

262 627 344 698 (p.
375 624 501 688 578)
529 638 543 676 :
585 619 921 692 'l‘aépxsitat
953 611 1009 670 δὲ
1037 615 1136 682 τῆς
1168 608 1488 674 Λαοδικείας
1518 607 1644 687 ὅρος
1678 607 1915 684 Κάδμος,
1948 609 1998 683 ἐξ
2030 607 2097 663 οὗ
2130 608 2221 664 καὶ
2252 609 2281 663 ὁ
2312 609 2493 674 Λύκος
2549 607 2652 684 ῥεῖ,
2702 608 2792 663 καὶ
2838 606 3009 668 ἄλλος
3054 608 3351 682 ὁμώνυμος
3400 612 3480 680 τῷ
3533 605 3669 686 ἔρειο
3756 600 3763 605 ”

258 696 319 769 ei)
356 709 525 765 πλέον
557 705 615 762 δὲ
644 709 803 768 οὗτος
835 704 939 760 inti)
967 710 1069 781 γῆς
1096 702 1270 780 ῥυεὶς,
1299 703 1399 758 εἴτ’
1429 700 1706 775 ἀνακύψας
1740 699 2014 757 συνέπεσεν
2058 698 2133 760 εἰς
2165 699 2327 755 ταυτὸ
2365 704 2483 761 τοῖς
2521 696 2719 760 ἄλλοις
2762 704 3060 772 ποταμοῖς,
3116 697 3396 775 ἐμφαίνων
3450 699 3564 773 ’ἅμα
3606 701 3669 756 τὸ

259 799 609 871 πολύτρητον
634 801 736 864 τῆς
768 793 979 869 χώρας,
1010 791 1101 847 κκὶ
1129 792 1192 846 τὸ
1224 787 1517 848 adsentor
1552 789 1598 846 εἰ
1632 790 1734 867 γάρ
1764 810 1850 851 τις
1880 784 2047 856 binim,
2078 790 2168 846 καὶ
2199 792 2235 860 ἡ
2269 787 2559 846 Λαοδίκεια
2608 786 2903 860 εἰὶσειστος,
2964 790 3053 844 καὶ
3098 795 3197 861 τῆς
3242 788 3671 866 πλησιοχώρου.

258 888 377 965 (Κιὶ
411 886 534 961 μετ’
565 881 777 960 ὁλίγα,)
809 878 1019 961 Σχεδὸν
1050 878 1107 936 δὲ
1135 901 1189 936 τι
1221 876 1489 942 εὔπεπτός
1522 879 1634 935 ἐστι
1664 878 1754 934 καὶ
1788 879 1986 949 πᾶσιὴ
2019 879 2142 955 περὶ
2171 880 2263 937 τὸν
2296 877 2598 956 Μαίανδρον
2628 881 2788 963 χώρα
2826 880 2917 935 καὶ
2971 880 3244 954 ὑπόνομος
3296 879 3426 956 πυρί
3474 902 3531 935 τε
3585 881 3676 938 καὶ

256 977 403 1034 sam
433 975 611 1052 μέχρι
647 980 750 1044 τῆς
785 971 1103 1047 μεσογαίας.
1135 973 1322 1043 Supra
1358 971 1684 1027 Laodiceam
1728 972 1860 1026 situs

2068 987 2174 1027 lOllS
2217 970 2469 1041 Cadmus,
2518 988 2545 1027 e
2583 988 2691 1040 quo
2744 972 2914 1041 Lycus
2972 970 3180 1041 deﬂuit,
3235 971 3473 1044 itemque
3531 975 3672 1032 alius

255 1071 426 1126 monti
454 1063 830 1136 cognominis,
861 1063 960 1132 qui
990 1078 1112 1119 cum
1142 1060 1295 1116 hand
1322 1062 1524 1130 exiguo
1552 1057 1737 1131 spatio
1770 1065 1973 1114 terram
2001 1060 2238 1127 subiens,
2269 1076 2565 1131 rursusque
2610 1077 2906 1130 emergens,
2959 1060 3195 1133 reliquis
3243 1064 3537 1119 misceatur
3565 1068 3677 1135 ﬂu-

253 1158 518 1222 minibus,
550 1154 718 1211 simul
749 1159 804 1208 et
844 1151 1029 1207 multis
1051 1150 1421 1221 foraminibus
1433 1151 1687 1223 perviam
1716 1149 2050 1204 demonstrat
2080 1165 2189 1205 csse
2211 1151 2505 1221 regionem,
2536 1156 2585 1205 et
2615 1149 2904 1205 obnoxiam
2942 1156 3105 1208 terra?
3134 1151 3389 1220 motibus,
3437 1160 3489 1207 et
3539 1155 3672 1208 vici-

252 1251 401 1303 niam
434 1245 596 1303 item.
628 1245 699 1299 Et
726 1258 888 1300 mox.
921 1241 1056 1295 Fere
1084 1245 1265 1295 autem
1297 1245 1412 1295 tota
1443 1239 1518 1293 ad
1545 1239 1888 1295 Maeandmm
1915 1239 2069 1309 regio
2097 1239 2261 1308 facile
2290 1239 2683 1295 terraemotibus
2710 1240 3043 1307 concutitur,
3094 1247 3144 1295 et
3195 1242 3471 1297 cuniculos
3515 1234 3677 1297 habet

253 1340 374 1407 igne
403 1341 462 1391 et
492 1349 644 1404 aqua
665 1330 861 1404 plenos
892 1345 1061 1400 usque
1088 1329 1164 1384 ad
1206 1328 1622 1385 Mediterranea.
1656 1327 1769 1383 Sed
1802 1326 2091 1399 quidquid
2117 1328 2194 1383 sit
2223 1328 2293 1384 de
2325 1329 2456 1397 hoc,
2488 1334 2623 1384 ante
2656 1346 2832 1402 quam
2866 1327 2983 1385 alio
3004 1329 3192 1385 oratio
3218 1330 3675 1403 Ρινοοθὰδι,ίιιγί-

249 1441 454 1483 samus
486 1434 964 1493 veneremurque
996 1416 1284 1490 templum
1314 1416 1508 1490 ipsum
1539 1415 1842 1472 Michaelis
1872 1418 2523 1488 muniﬁcentissimum,
2557 1420 2716 1490 quod
2747 1420 2975 1477 Nicetas
3007 1421 3181 1477 nobis
3227 1428 3650 1482 conterraneus

246 1515 346 1572 lib.
382 1532 458 1583 γι,
493 1512 559 1569 in
592 1528 712 1583 quo
741 1510 815 1566 de
864 1506 1127 1565 Manuele
1176 1507 1558 1578 imperatore,
1606 1507 1811 1581 paucis

2071 1513 2282 1564 tentet:
2333 1506 2424 1563 mi
2470 1507 2562 1563 τὸν
2611 1506 3018 1585 ἀρχαγγελικὸν
3066 1509 3188 1564 ναὸν
3237 1508 3417 1566 εἰσιὼν
3467 1485 3675 1590 μεγὲθά

249 1604 538 1679 μέγιστον,
571 1598 665 1653 καὶ
694 1595 892 1652 κάλλει
924 1592 1221 1650 κάλλιστον
1254 1591 1401 1661 ὄντα,
1432 1594 1524 1648 καὶ
1583 1594 1853 1669 θαυμασία

2071 1596 2129 1659 ὸς
2178 1595 2384 1651 ἃπαντα
2436 1589 2616 1671 ἔργον.
2673 1600 2741 1653 Et
2792 1598 2965 1656 a’dem
3026 1600 3353 1672 archangeli
3397 1603 3674 1675 magnitu-

247 1695 371 1750 dine
398 1692 741 1758 maximam,
762 1685 1189 1761 pulchritund
1210 1684 1670 1759 pulcherrimam,
1705 1693 1754 1742 et
1785 1685 2135 1742 admirabilis
2163 1686 2383 1741 omnino
2413 1684 2643 1755 artiﬁcii
2672 1703 2830 1757 opus,
2862 1685 3157 1758 ingressus.

310 1783 396 1840 Ex
428 1781 531 1836 his
562 1780 765 1851 itaque
796 1776 1017 1833 Chonis
1047 1781 1222 1833 natus
1248 1774 1567 1831 Choniates
1594 1776 1849 1846 Nicetas,
1888 1775 2175 1833 novennis
2207 1793 2242 1833 a
2272 1782 2436 1850 patre
2468 1776 2541 1833 ad
2570 1777 2917 1834 Michaelem
2947 1785 3091 1836 natu
3126 1780 3417 1852 majorem
3460 1771 3678 1855 Byzan.

250 1876 399 1931 tium
438 1870 724 1939 mittitur,
752 1866 971 1927 litteris
999 1865 1250 1939 aliisque
1280 1864 1610 1939 disciplinis
1640 1866 2049 1933 instruendus,
2083 1865 2243 1940 quod
2272 1870 2438 1922 tanta
2467 1882 2629 1936 cura,
2672 1867 2867 1923 studio
2918 1873 2978 1924 et
3022 1868 3222 1925 labore
3253 1888 3289 1926 a
3316 1871 3496 1928 fratre
3540 1890 3680 1946 per-

242 1966 471 2020 fectum
498 1965 613 2024 est,
644 1963 713 2016 ut
742 1954 1249 2028 quemadmodum
1279 1971 1557 2014 successu
1588 1957 1873 2029 temporis
1905 1956 2152 2014 Michael
2195 1956 2257 2012 in
2307 1957 2674 2014 Athenarum
2729 1958 3065 2029 praesidem,
3115 1959 3198 2017 ita
3242 1962 3478 2019 Nicetas
3521 1964 3676 2020 inter

241 2053 553 2128 primaria:
582 2048 958 2107 auctoritatis
988 2047 1138 2102 viros
1170 2045 1233 2102 in
1258 2046 1455 2103 aulam
1486 2053 1789 2120 exceptus,
1821 2048 1883 2104 in
1914 2046 2244 2103 scribarum
2283 2046 2685 2119 imperialium
2715 2064 3033 2105 numerum
3066 2049 3174 2105 sub
3205 2052 3471 2109 Manuele
3502 2056 3676 2111 Com-

242 2160 400 2201 neno
432 2140 692 2198 allectus
724 2139 822 2206 sit,
854 2142 915 2193 et
944 2137 1225 2193 virtutum
1256 2153 1325 2194 ac
1376 2135 1782 2193 doctrinarum
1829 2136 1989 2194 fama
2036 2135 2194 2193 inter
2248 2135 2473 2210 primos
2520 2135 2674 2192 illius
2724 2136 2827 2193 mvi
2872 2137 3240 2195 inclaruerit.
3289 2142 3674 2203 Postmodum

240 2229 579 2289 Andronici
612 2226 992 2301 tyrannidem
1019 2224 1273 2298 fugiens,
1299 2226 1455 2299 juris
1485 2225 1676 2282 civilis
1706 2226 1899 2285 studio
1933 2241 2060 2284 sese
2092 2223 2277 2295 dedit,
2306 2230 2482 2299 atque
2512 2225 2660 2282 adeo
2691 2226 2961 2300 profecit,
2989 2231 3055 2282 ut
3092 2228 3486 2301 quadriennio
3516 2241 3673 2307 post,

235 2310 593 2378 Andronico
624 2317 846 2374 misere
878 2320 1107 2383 euecto,
1139 2314 1248 2373 sub
1277 2314 1501 2372 Isaacio
1533 2314 1755 2388 Angelo
1788 2315 2132 2386 Byzantium
2158 2333 2426 2373 reversus
2458 2317 2531 2373 ad
2560 2317 2816 2389 majores
2850 2318 3143 2377 honorum
3173 2320 3388 2393 gradus
3441 2331 3675 2385 evectus

237 2408 341 2465 sit:
382 2405 618 2479 quibus
637 2403 714 2461 ad
747 2401 1013 2459 excisum
1044 2418 1079 2458 a
1106 2401 1351 2458 Francis
1383 2401 1727 2474 Byzantium
1757 2401 1985 2476 integre
2017 2405 2410 2478 perfungitur.
2444 2407 2710 2478 Namque
2741 2407 2804 2463 in
2835 2408 3143 2465 Thraciam
3185 2410 3463 2478 mittitur,
3496 2420 3561 2470 ut
3590 2414 3669 2472 ibi

238 2495 481 2553 arcibus
512 2492 885 2562 reﬁciendis,
918 2489 1370 2563 civitatibusque
1402 2491 1879 2548 communiendis
1910 2499 2215 2566 praeesset,
2246 2500 2425 2566 atque
2472 2495 2617 2552 adeo
2676 2496 3027 2555 militarium
3074 2497 3352 2556 ordinum
3406 2500 3670 2561 delectus

232 2586 507 2643 haberet.
543 2582 643 2638 Sic
675 2581 857 2637 etiam
888 2580 949 2635 in
967 2579 1300 2652 provincias
1320 2585 1379 2635 et
1398 2579 1724 2650 municipia
1747 2581 1819 2637 ab
1843 2581 1975 2639 aliis
1991 2582 2452 2656 imperatoribus
2474 2585 2713 2652 missus,
2741 2602 2939 2644 rerum
2964 2604 3208 2645 summm
3228 2590 3482 2662 praefuit.
3509 2594 3665 2660 Quos

239 2675 513 2732 honores
546 2676 609 2728 et
639 2670 1040 2743 magistratus,
1076 2673 1145 2724 ut
1200 2668 1446 2725 Michael
1501 2668 1817 2727 Choniates
1860 2670 2019 2728 illius
2066 2672 2248 2729 frater
2285 2672 2511 2742 scribit,
2567 2673 2849 2732 continua
2895 2675 3324 2749 imperatorum
3372 2682 3669 2738 successio

242 2763 518 2836 integros
580 2759 984 2831 illibatosque,
1041 2774 1152 2814 nec
1208 2773 1473 2831 unquam
1528 2759 1894 2833 interruptos
1950 2762 2349 2818 conservavit:
2406 2761 2524 2817 imo
2583 2762 2684 2835 qui
2740 2763 3275 2837 subsequebantur,
3336 2769 3673 2839 praeceden-

245 2852 403 2909 tibus
440 2866 596 2923 erga
624 2848 797 2905 illum
831 2845 1246 2903 benevolentia
1274 2846 1503 2903 anteire
1536 2848 1704 2919 quasi
1735 2849 2184 2920 contendentes,
2217 2850 2290 2906 ad
2320 2849 2599 2924 pristinos
2649 2850 2805 2909 illius
2853 2852 3110 2910 honores
3152 2854 3380 2926 aliquid
3425 2857 3672 2933 insuper

240 2939 648 3014 adjiciebant,
681 2936 790 2993 viri
821 2935 1107 2992 nimirum
1138 2936 1356 2992 virtute
1387 2935 1791 3010 obstupentes,
1826 2944 2175 3011 tantumque
2206 2956 2277 2995 ex
2296 2939 2544 3013 imperio
2576 2957 2681 2995 suo
2712 2939 2988 2999 imminui
3021 2943 3447 3013 existimantes,
3478 2964 3672 3018 quan-

236 3033 361 3086 tum
384 3028 469 3084 de
493 3025 830 3084 honoribus
852 3024 1015 3081 illius
1035 3023 1513 3081 imminueretur.
1540 3026 1789 3082 Uxorem
1812 3026 2019 3083 habuit
2047 3043 2115 3084 ex
2146 3026 2366 3083 illustri
2384 3026 2896 3084 Belissariotarum
2916 3031 3219 3103 progenie,
3241 3033 3411 3106 cujus
3424 3050 3668 3106 nomen,

235 3114 768 3190 quemadmodum
800 3118 860 3170 et
886 3113 1092 3187 patris,
1125 3120 1184 3170 et
1211 3130 1287 3170 an
1318 3132 1387 3169 ex
1418 3131 1488 3171 ea
1519 3116 1843 3187 susceperit
1874 3115 2093 3173 liberos
2122 3116 2459 3187 Choniates,
2492 3116 2866 3175 incommode
2896 3118 3077 3174 tacuit
3126 3120 3374 3179 Michael
3418 3124 3672 3179 Chonia-

232 3214 337 3275 tes,
376 3222 529 3263 cum
560 3204 872 3262 Michaelis
904 3208 963 3259 et
986 3203 1231 3260 Joannis
1262 3203 1778 3261 Belissariotarum
1805 3205 2056 3261 fratrum
2084 3205 2291 3263 laudes
2321 3205 2468 3263 adeo
2500 3206 2776 3279 ampliter
2824 3210 3396 3269 commemoraverit.
3452 3213 3496 3265 V
3501 3229 3668 3269 erum

230 3296 509 3370 Byzantii
540 3293 718 3352 clade
748 3292 988 3349 afﬂictis
1018 3293 1353 3349 Graecorum
1387 3292 1586 3362 rebus,
1621 3297 1678 3349 et
1703 3292 1860 3350 illius
1899 3294 2125 3351 aedibus
2168 3294 2591 3366 pulcherrimis
2639 3302 2815 3368 atque
2855 3296 3244 3370 amplissimis
3287 3299 3351 3356 in
3396 3300 3680 3374 Sporacio

230 3388 361 3445 sitis
399 3384 699 3443 incendio
729 3382 1081 3454 absumptis,
1114 3382 1254 3439 licet
1302 3383 1377 3439 ad
1409 3381 1567 3438 illius
1597 3382 1998 3441 habitaculum
2046 3383 2371 3458 porticibus
2421 3385 2700 3454 obsitum,
2752 3384 3002 3460 ideoque
3055 3389 3373 3447 obscurum
3419 3397 3477 3446 et
3519 3392 3684 3448 aditu

232 3477 516 3545 difﬁcile,
550 3493 627 3531 ex
655 3490 775 3546 quo
805 3479 1007 3529 tamen
1033 3478 1403 3545 opportunus
1435 3478 1560 3530 erat
1580 3472 1656 3530 ad
1684 3474 2023 3546 proximum
2054 3475 2345 3549 templum
2367 3476 2697 3532 maximum
2723 3492 3021 3546 accessus,
3040 3479 3429 3544 conﬂuerent,
3453 3498 3587 3537 cum
3610 3482 3682 3538 ab

236 3565 643 3641 aggressione
673 3562 956 3630 militum,
990 3564 1089 3634 qui
1119 3561 1272 3618 nihil
1302 3562 1718 3636 investigatum
1749 3562 2193 3635 relinquebant,
2225 3581 2352 3620 sese
2385 3564 2706 3621 defendere
2741 3583 2862 3622 non
2901 3566 3185 3633 valerent,
3220 3584 3328 3639 ope
3374 3568 3686 3640 cujusdam

240 3656 491 3723 Veneti,
525 3653 625 3711 cui
658 3653 879 3709 victum
907 3657 1218 3724 tutumque
1248 3657 1551 3724 receptum
1587 3652 1713 3725 ipse
1746 3653 2182 3726 suppeditabat,
2207 3655 2389 3710 armis
2409 3659 2467 3711 et
2488 3653 2734 3711 militari
2766 3655 2973 3712 habitu
3004 3674 3108 3728 pro
3135 3657 3489 3714 mercatorio
3524 3674 3687 3714 sum—

238 3748 387 3819 ptis,
419 3744 800 3820 prazdatores
832 3742 1184 3815 aliquandiu
1213 3743 1446 3799 fortiter
1474 3742 1693 3798 sodium
1727 3743 2000 3816 ingressu
2030 3744 2261 3816 depulsi
2294 3751 2452 3817 sunt,
2477 3745 2618 3803 dum
2641 3762 2702 3802 se
2723 3745 3195 3802 commilitonem
3214 3752 3509 3817 eorum,et
3527 3747 3686 3805 aedes

239 3836 382 3893 illas
415 3849 880 3907 praeoccupasse
917 3832 1173 3900 simulat,
1203 3832 1680 3906 colloquiturque
1713 3849 1847 3889 cum
1879 3833 1997 3888 illis
2026 3833 2217 3906 patria
2246 3833 2467 3909 lingua,
2501 3851 2631 3905 quae
2662 3851 2757 3890 res
2800 3834 3156 3907 postulabat.
3203 3835 3314 3891 Sed
3362 3854 3519 3905 cum,
3571 3837 3687 3894 illis

246 3923 613 3983 catervatim
644 3921 1033 3985 irruentibus,
1063 3928 1121 3977 et
1161 3922 1505 3979 inhumanis
1553 3928 1732 3995 atque
1783 3922 2039 3979 elleratis
2091 3922 2364 3996 ingeniis,
2410 3923 2690 3979 resistere
2741 3940 2864 3979 non
2914 3929 3135 3997 posset,
3186 3925 3425 3985 tandem
3470 3926 3685 3983 Niceten

242 4021 468 4072 auctor
496 4012 620 4068 fuit
645 4010 789 4067 inde
820 4010 1187 4080 discedendi,
1218 4028 1295 4069 ne
1325 4012 1481 4084 capti
1510 4012 1575 4067 in
1618 4011 1853 4068 vincula
1896 4011 2009 4085 ipsi
2067 4011 2531 4084 conjicerentur,
2591 4011 2874 4069 mulieres
2923 4012 2997 4068 ad
3047 4019 3249 4086 stupra
3299 4020 3359 4070 et
3408 4014 3690 4072 libidines

241 4108 639 4177 raperentur.
672 4101 891 4157 Veneto
923 4100 1122 4172 itaque
1150 4100 1322 4170 duce,
1354 4106 1507 4157 etut
1536 4101 1797 4173 praedam
1830 4117 1998 4157 suam
2048 4100 2392 4167 comitante,
2434 4100 2637 4157 tristes
2686 4106 2745 4157 et
2791 4101 2948 4158 male
2995 4103 3188 4159 vestiti
3239 4103 3313 4159 ad
3361 4105 3540 4172 aedes,
3586 4103 3688 4160 ubi

241 4194 373 4249 noti
410 4190 538 4246 illis
572 4188 778 4245 Veneti
806 4188 1170 4260 habitabant,
1205 4189 1600 4245 ducebantur.
1634 4190 1851 4245 Verum
1883 4188 1982 4245 ubi
2015 4189 2088 4246 ad
2114 4194 2342 4263 partem
2374 4189 2539 4245 urbis
2569 4190 2809 4246 Francis
2866 4190 3235 4263 adsignatum
3279 4209 3622 4265 pervenere,
3655 4209 3691 4248 a

242 4280 500 4339 famulis
532 4277 948 4335 inhumaniter
976 4277 1218 4343 deserti,
1242 4277 1445 4334 liberis
1477 4278 1576 4351 qui
1610 4279 1875 4335 nondum
1905 4278 2177 4355 progredi
2209 4283 2483 4352 poterant
2512 4278 2779 4337 humeris
2812 4279 3126 4353 impositis,
3151 4296 3257 4354 per
3276 4281 3507 4338 medios
3526 4283 3684 4339 vicos

242 4369 537 4429 incedere
568 4372 884 4441 coguntur,
917 4366 1277 4439 tandemque
1298 4372 1615 4440 postquam
1641 4367 1768 4424 dies
1799 4368 2061 4440 quinque
2093 4367 2157 4422 in
2184 4365 2330 4423 urbe
2352 4383 2480 4423 com
2492 4368 2701 4423 morati
2724 4368 2980 4434 fuerant,
3006 4368 3353 4426 discessere.
3377 4371 3688 4431 Calamila-

247 4468 373 4519 tem
406 4457 677 4531 augebat
703 4456 831 4517 dies
862 4472 1092 4530 aspera,
1125 4462 1184 4513 et
1212 4474 1361 4514 uxor
1387 4457 1605 4514 Niceta:
1634 4457 1830 4530 partui
1862 4456 2090 4514 vicina:
2123 4462 2182 4513 et
2236 4461 2302 4512 ut
2344 4456 2546 4513 omnia
2591 4457 3067 4530 perquirentium
3117 4459 3377 4516 militum
3425 4462 3687 4522 crudeli-

249 4559 444 4610 tatem
474 4553 664 4619 atque
693 4545 1002 4605 libidinem
1036 4547 1385 4621 effugerent,
1417 4547 1758 4620 quicunque
1790 4552 1918 4604 tum
1944 4546 2006 4603 in
2049 4562 2239 4602 unum
2284 4552 2685 4603 convenerant
2730 4547 3012 4607 mulieres
3059 4549 3122 4605 in
3164 4551 3425 4608 medium
3474 4568 3687 4625 agmen

249 4641 582 4715 recipiunt,
618 4643 679 4695 et
706 4638 1185 4697 adulescentulas
1230 4638 1446 4696 faciem
1502 4654 1669 4695 cceno
1717 4636 1972 4707 illinere,
2022 4642 2199 4709 atque
2243 4636 2325 4693 ita
2368 4653 2659 4710 genarum
2703 4637 2982 4695 ruborem
3031 4640 3405 4713 exstinguere
3447 4640 3684 4713 jubent.

245 4735 321 4791 Ut
348 4729 431 4789 ad
461 4728 675 4800 inclyti
707 4728 985 4802 martyris
1016 4728 1183 4787 Hocii
1212 4729 1505 4802 templum
1535 4744 1690 4797 vere,
1726 4726 1992 4784 insolens
2023 4744 2091 4783 ac
2120 4726 2382 4783 nefarius
2404 4728 2643 4799 quidem
2666 4723 2838 4785 milcs
2860 4730 3119 4803 puellam
3148 4731 3494 4799 formosam,
3519 4731 3685 4803 judi-

246 4823 335 4879 cis
384 4818 713 4893 cujusdam
743 4817 949 4887 ﬁliam,
983 4834 1014 4873 e
1046 4816 1242 4879 medio
1282 4833 1491 4874 eorum
1521 4822 1806 4888 tanquam
1846 4815 2016 4890 lupus
2046 4831 2255 4889 agnam
2288 4814 2569 4888 abripuit.
2593 4818 3000 4875 Consternatis
3042 4819 3386 4893 spectaculo
3435 4821 3688 4888 caeteris,

250 4912 475 4985 puella
508 4916 685 4984 pater
714 4910 883 4969 senio
915 4916 973 4967 et
1001 4909 1207 4967 morbo
1237 4909 1517 4979 afﬂictus,
1551 4914 1611 4965 et
1639 4908 1701 4965 in
1732 4924 1965 4965 omnum
1995 4906 2327 4980 prolapsus,
2360 4907 2570 4964 crebro
2599 4908 2862 4967 Nicetam
2913 4927 3106 4978 orare,
3156 4916 3221 4966 ut
3261 4928 3368 4985 pro
3408 4909 3560 4965 virili
3608 4908 3683 4965 ad

254 5000 523 5072 puellam
542 5000 1014 5072 recuperandam
1038 4998 1149 5055 sibi
1173 5002 1331 5057 esset
1350 4998 1714 5070 adjumento.
1739 4997 1868 5066 Ille,
1889 4994 2134 5069 vestigia
2153 4995 2408 5069 raptoris
2430 5013 2816 5071 persequens,
2835 4998 2950 5056 vim
2971 4999 3185 5057 factam
3202 5015 3322 5055 non
3344 4999 3471 5053 sine
3492 4997 3693 5066 lacry-

247 5090 365 5147 mis
386 5089 861 5163 proclamans,et
879 5087 1143 5162 gestibus
1161 5102 1333 5161 opem
1356 5086 1844 5161 praetereuntium
1859 5085 2775 5158 militumimplorans,quosdam
2792 5087 2973 5143 etiam
2989 5087 3267 5144 manibus
3279 5085 3682 5159 prehendens,

252 5195 465 5238 eorum
495 5179 735 5239 animos
763 5178 847 5236 ita
878 5178 1060 5247 ﬂexit,
1093 5183 1158 5235 ut
1187 5176 1552 5250 impudentis
1580 5177 1744 5233 illius
1776 5176 2018 5234 domum
2047 5175 2289 5250 perduci
2318 5174 2479 5250 passi
2506 5176 2663 5234 sint:
2696 5192 2812 5251 quo
2845 5192 2981 5233 cum
3027 5181 3266 5231 ventum
3320 5178 3499 5239 esset,
3548 5173 3690 5230 licet

247 5274 455 5342 raptor
482 5269 905 5333 reluctaretur,
941 5274 1001 5324 et
1027 5269 1091 5324 in
1118 5267 1348 5325 foribus
1378 5271 1544 5324 stans
1573 5267 1690 5324 vim
1719 5267 1980 5324 facturos
2013 5265 2352 5339 repelleret,
2386 5262 2580 5320 verbis
2610 5268 2831 5321 tamen.
2858 5264 3075 5321 Nicetm
3098 5263 3385 5338 persuasi,
3417 5262 3683 5335 puellam

250 5358 433 5415 minis
454 5358 530 5415 ab
552 5356 858 5431 impudico
880 5358 984 5413 illo
1012 5361 1385 5428 extorquent,
1417 5361 1477 5412 et
1503 5357 1655 5429 patri
1687 5357 2026 5413 restituunt.
2054 5354 2147 5409 Sic
2174 5352 2320 5408 urbe
2339 5351 2632 5407 excedunt
2652 5352 2884 5409 Nicetas
2927 5369 3047 5408 una
3090 5357 3149 5407 et
3196 5352 3467 5421 comites,
3515 5370 3682 5425 prm-

248 5454 427 5504 eunte
484 5446 832 5521 patriarcha
853 5446 980 5503 sine
995 5446 1229 5510 baculo,
1254 5444 1383 5504 sine
1405 5445 1642 5515 calceis,
1670 5462 1790 5503 una
1817 5442 2082 5501 tunicula
2101 5440 2330 5497 induto.
2363 5439 2514 5498 Urbe
2547 5441 2789 5515 egressi,
2816 5439 3263 5513 Selybriamque
3289 5442 3558 5515 profecti,
3579 5459 3690 5516 pe-

249 5533 386 5592 dem
414 5535 888 5594 sistuntfamilia
916 5535 1217 5593 inviolata.
1240 5534 1357 5594 Sed
1376 5550 1512 5593 cum
1541 5534 1782 5597 horrido
1801 5533 2128 5591 oblectaret
2157 5544 2309 5602 pane
2338 5529 2540 5595 vitam,
2563 5535 2622 5584 et
2655 5530 2868 5603 pannis
2903 5535 2962 5587 et
3011 5529 3219 5602 inopia
3264 5531 3444 5589 nimis
3474 5533 3682 5606 miser,

250 5626 355 5696 qui
385 5626 558 5700 cepia
590 5641 796 5681 rerum
829 5629 1002 5681 antea
1031 5628 1090 5681 et
1120 5623 1437 5698 splendore
1466 5623 1820 5697 dignitatum
1850 5620 2100 5679 celebris
2129 5617 2344 5686 fuerat,
2375 5617 2449 5674 ad
2479 5618 2803 5676 Ascanium
2840 5619 3037 5676 lacum
3065 5624 3128 5677 et
3155 5621 3446 5696 Bithynia:
3461 5628 3686 5679 metro-

254 5714 435 5785 polim
464 5717 750 5787 Nicaeam,
786 5721 1068 5788 tanquam
1096 5715 1358 5788 captivus
1389 5731 1523 5771 cum
1554 5712 1800 5787 reliquis
1830 5710 2195 5787 inquilinum
2229 5707 2365 5781 egit,
2398 5707 2508 5763 sibi
2542 5705 2742 5765 vivens
2773 5714 2831 5764 et
2863 5708 3043 5771 saluti
3070 5712 3287 5769 anima:
3342 5708 3679 5785 providens.

260 5804 588 5863 Voluemut
620 5806 821 5877 itaque
856 5806 1035 5862 Graeci
1066 5805 1173 5873 illi,
1208 5805 1307 5876 qui
1342 5810 1465 5862 tum
1499 5805 1702 5860 Nicznm
1735 5801 2106 5868 habitabant,
2140 5804 2198 5854 ct
2229 5814 2433 5857 eorum
2468 5798 2806 5875 imperator,
2840 5800 2900 5857 in
2942 5801 3090 5861 alios
3124 5801 3269 5858 adeo
3305 5801 3496 5868 elTusi,
3549 5804 3679 5858 tan-
