4034 6202
435 277 555 388 295
1743 313 2077 377 manus
2118 312 2579 374 CHONIATES.
3714 319 3817 382 ενδ

427 447 554 516 tum
585 459 775 514 virum
810 470 1050 514 suarum
1082 468 1259 526 cpum
1285 469 1410 510 esse
1436 451 1817 524 indigentem,
1841 453 1909 504 ut
1935 448 2060 520 ipse
2101 445 2399 512 existimo,
2449 444 2608 517 quod
2639 447 3084 519 suspicarentur
3123 447 3420 518 eumdem,
3471 455 3532 504 et
3580 450 3823 522 reliquos

424 554 623 621 patres
645 544 1011 616 conscriptos
1030 539 1195 597 urbis
1218 538 1460 595 excidiit
1488 553 1727 594 causam
1753 536 1960 599 fuisse,
1987 533 2060 589 de
2091 551 2344 606 quorum
2378 550 2520 591 sane
2549 535 2772 607 iniquis
2793 535 3040 608 judiciis
3070 543 3260 593 exstat
3287 537 3444 611 apud
3470 539 3736 595 eumdem
3769 542 3823 597 in

423 638 538 694 fine
570 634 830 692 historia:
860 631 1102 704 querela
1129 629 1494 703 gravissima.
1529 629 1623 684 Sic
1651 627 1752 683 ille
1783 626 1897 682 sibi
1928 623 2220 690 redditus,
2255 631 2314 680 et
2341 625 2595 698 publicis
2626 627 2784 683 curis
2823 635 3154 700 exemptus,
3205 630 3515 702 scriptioni
3565 633 3818 688 animum

423 731 719 796 pacatum,
752 729 812 778 ut
843 726 910 776 ut
933 727 1134 776 tamen
1167 723 1416 792 poterat,
1449 717 1692 774 addixit.
1723 715 1944 772 Puellae
1975 719 2218 770 servata:
2247 716 2476 771 facinus
2506 715 2752 772 Michael
2782 717 2912 790 ejus
2963 718 3164 788 frater,
3213 724 3280 774 ut
3325 720 3490 775 fratri
3539 721 3821 794 gratiﬁca-

424 822 609 879 retur,
643 812 1216 886 magniﬁcentiorcm
1239 816 1298 865 et
1325 807 1848 882 generosioremin
1880 805 2121 862 modum
2148 802 2390 868 extulit;
2439 805 2538 875 qui
2586 821 2705 860 non
2757 806 3290 878 supplicationibus
3335 814 3395 864 et
3445 808 3719 880 lacrymis
3772 817 3825 867 et

421 904 678 960 aliorum
711 901 971 969 auxiliis,
999 901 1102 956 sed
1133 899 1374 972 propria
1402 899 1618 954 Nicetaa
1647 897 1860 951 virtute
1891 903 1949 950 et
1975 894 2186 950 roborc
2217 911 2341 950 rem
2375 900 2675 966 peractam
2703 895 2889 952 fuisse
2923 901 3147 953 narrat.
3182 897 3396 955 Scribit
3438 899 3624 968 enim,
3673 901 3820 972 quod

419 1009 556 1048 cum
575 991 700 1062 jam
725 989 938 1062 puellae
955 994 1227 1060 stuprum
1251 987 1524 1042 illaturus
1551 989 1710 1041 esset
1727 983 2034 1048 barbarus,
2059 981 2160 1036 ille
2183 982 2310 1037 sine
2329 983 2455 1038 ulla
2474 999 2643 1040 mora
2667 983 2727 1040 in
2752 985 2985 1041 hostem
3007 985 3240 1042 irruens
3281 994 3566 1058 armatus,
3597 995 3658 1045 et
3683 1006 3819 1046 uxo-

414 1097 541 1136 rem
574 1078 896 1152 legitimam
928 1092 1056 1132 esse
1087 1073 1419 1140 clamitans,
1452 1078 1629 1142 atque
1659 1069 1806 1126 adeo
1834 1069 2235 1126 acerbissimis
2265 1071 2540 1128 afflictari
2571 1073 2766 1129 modis
2796 1074 3114 1146 quiritans,
3143 1083 3202 1132 et
3249 1077 3527 1134 adulterii
3579 1079 3817 1135 crimine

413 1175 707 1237 avertens,
740 1167 1049 1224 ambarum
1082 1165 1398 1221 tenacitate
1427 1177 1714 1218 manuum
1743 1160 2120 1232 prehensum,
2153 1163 2490 1232 pancratice
2522 1179 2656 1219 cum
2689 1164 2857 1220 hoste
2912 1165 3288 1236 colluctatus,
3336 1167 3509 1240 cujus
3563 1169 3820 1226 animum

413 1276 614 1317 amore
646 1258 876 1315 ebrium
909 1256 1095 1312 libido
1126 1257 1489 1322 efferaverat,
1522 1251 1597 1308 ad
1626 1268 1690 1307 se
1711 1251 2023 1308 retraxerit
2049 1266 2064 1316 ;
2095 1268 2205 1306 nec
2229 1253 2389 1323 prius
2412 1254 2841 1325 conquieverit,
2863 1273 3044 1328 quam
3066 1273 3102 1312 a
3130 1257 3371 1314 violenti
3403 1259 3590 1316 hostis
3637 1261 3822 1316 mani-

413 1349 523 1405 bus
555 1353 819 1420 ereptam
849 1346 1135 1419 virginem
1165 1348 1224 1399 et
1253 1343 1500 1398 illmsam
1530 1341 1658 1397 sine
1687 1338 1868 1397 ullius
1896 1339 2078 1405 caede,
2111 1341 2262 1412 patri
2293 1341 2642 1398 restituerit.
2687 1345 2826 1409 Quae
2873 1349 3076 1401 tamen
3129 1347 3193 1401 in
3238 1347 3518 1404 Michaele
3557 1348 3814 1417 tolerari,

413 1441 974 1509 oratoremagente,
1006 1437 1318 1507 poterant:
1353 1437 1414 1488 at
1441 1431 1503 1486 in
1532 1431 1898 1486 Athenarum
1921 1429 2174 1501 prmside
2216 1435 2274 1485 et
2303 1431 2430 1487 viro
2485 1431 2884 1490 ecclesiastico
2936 1435 3070 1508 quis
3114 1435 3284 1505 ferat,
3333 1437 3596 1494 Nicetam
3645 1438 3706 1495 in
3753 1455 3818 1495 eo

409 1526 675 1582 facinore
706 1525 1062 1591 Abrahamo,
1093 1523 1316 1589 Isaaco,
1351 1519 1573 1588 Davidi,
1607 1518 1857 1581 Danieli,
1891 1519 2018 1574 Levi
2053 1522 2112 1574 et
2142 1519 2401 1575 Simeoni
2433 1521 2724 1592 praeferri,
2757 1526 2816 1578 et
2847 1524 3008 1593 quod
3047 1524 3220 1597 pejus
3267 1531 3379 1596 est,
3426 1526 3660 1583 Christo
3711 1528 3821 1601 ipsi

410 1611 750 1685 Comparem
782 1611 909 1668 fieri
931 1611 960 1666 ‘l

458 1701 742 1757 .Plurima
769 1700 1026 1773 scripsit.
1063 1699 1151 1756 Ad
1180 1717 1289 1756 nos
1321 1715 1638 1772 pervenere
1671 1701 1993 1770 dogmatica
2022 1698 2184 1755 illius
2216 1699 2512 1771 Panoplia.
2560 1702 2718 1774 Opus
2767 1702 3044 1774 equidem
3092 1703 3412 1778 singulare,
3463 1707 3816 1777 eruditione,

408 1789 701 1853 doctrina,
734 1789 872 1854 fide,
905 1789 1265 1862 pietateque,
1298 1794 1358 1844 et
1384 1789 1561 1845 rebus
1592 1787 1722 1844 aliis
1753 1786 2298 1853 instructissimum,
2340 1786 2389 1841 si
2438 1803 2570 1859 quae
2623 1788 2722 1844 ille
2773 1806 2843 1846 ex
2899 1790 3219 1848 schismate
3267 1792 3594 1850 immiscuit
3638 1801 3811 1868 atque

407 1879 792 1938 concinnavit
821 1878 1045 1934 demas.
1075 1877 1202 1933 Illis
1232 1877 1527 1950 siquidem
1557 1877 2029 1950 pulcherrimum
2057 1875 2205 1931 alias
2235 1891 2382 1948 opus
2411 1876 2588 1932 veluti
2620 1878 2872 1936 maculis
2899 1885 2961 1936 et
3005 1880 3185 1936 nmvis
3229 1882 3638 1939 contaminat:
3683 1900 3817 1941 cum

413 1967 706 2027 multaibi
738 1986 807 2024 ex
836 1967 1053 2023 Photii.
1107 1966 1326 2023 Nicolai
1382 1966 1804 2034 Methonensis,
1853 1966 2070 2022 Nicetaa
2119 1967 2389 2034 Stehtati,
2446 1967 2692 2024 Joannis
2741 1967 3284 2043 Hierosolymitani,
3341 1973 3586 2029 Joannis
3629 1974 3822 2031 Phur-

406 2075 536 2128 nes,
569 2055 870 2128 Euthymii
901 2054 1213 2127 Zygabeni,
1247 2054 1536 2110 Theodori
1563 2053 1872 2125 Smyrnaei,
1905 2059 1963 2109 et
1990 2053 2242 2110 aliorum
2273 2071 2506 2112 caenoso
2538 2073 2717 2128 penu,
2769 2058 2842 2114 de
2889 2061 3266 2131 processione
3309 2061 3561 2134 Spiritus
3608 2065 3819 2132 sancti,

403 2148 648 2222 azymis,
678 2153 738 2203 et
767 2146 899 2202 aliis
929 2151 1227 2217 congerat.
1263 2145 1498 2201 Priores
1531 2151 1729 2201 tamen
1757 2144 1893 2200 libri
1925 2144 2024 2200 tali
2059 2144 2182 2199 luto
2212 2146 2462 2201 minime
2493 2147 2756 2218 obducti,
2797 2153 2858 2204 et
2909 2149 2984 2205 ob
3031 2151 3377 2221 gravitatem
3425 2153 3710 2220 materia).
3759 2158 3821 2209 et

401 2237 652 2294 solidam
681 2235 976 2293 hmresum
1007 2234 1449 2303 refutationem,
1482 2250 1717 2290 necnon
1749 2249 1946 2289 earum
1985 2237 2289 2289 auctorum
2340 2251 2461 2291 non
2511 2235 2657 2291 adeo
2708 2237 2973 2311 cognitas
3021 2239 3318 2308 historias,
3369 2245 3427 2295 et
3475 2247 3815 2298 sanctorum

398 2327 641 2382 Patrum
673 2323 1038 2390 testimonia,
1070 2323 1231 2396 digni
1265 2328 1403 2378 sunt
1433 2323 1532 2394 qui
1578 2339 1612 2378 a
1657 2321 1945 2378 catholico
1994 2323 2233 2378 homine
2281 2325 2590 2382 volvantur
2637 2327 3148 2400 revolvanturque.
3201 2331 3516 2404 Exemplar
3544 2348 3580 2388 a
3609 2333 3811 2390 Niceta

397 2415 780 2487 descriptum,
807 2419 943 2486 post
969 2413 1184 2469 Nicetes
1220 2413 1470 2480 obitum,
1500 2418 1569 2468 ut
1595 2417 1797 2469 narrat
1839 2413 2049 2467 Petrus
2092 2413 2390 2482 Morellus,
2441 2414 2516 2470 ad
2561 2415 2907 2473 Michaelem
2953 2419 3305 2474 Choniatam
3357 2420 3810 2478 Atheniensium

393 2504 711 2577 prmsulem
737 2501 1114 2558 haereditario
1138 2501 1275 2574 jure
1308 2501 1582 2557 transiit:
1614 2517 1730 2573 quo
1761 2501 1904 2556 item
1937 2506 2190 2568 mortuo,
2224 2501 2286 2558 in
2315 2519 2530 2560 manus
2583 2504 2873 2561 Theodori
2924 2506 3269 2564 Scutariotte
3311 2507 3500 2564 levita:
3545 2509 3810 2581 Cyziceni

392 2595 590 2651 venit:
625 2593 948 2668 Cyzicoque
977 2608 1013 2648 a
1041 2591 1243 2648 Turcis
1271 2596 1516 2660 vastata,
1548 2592 1612 2646 in
1636 2591 2122 2662 frequentissima
2143 2591 2364 2646 montis
2394 2592 2646 2649 Athonis
2665 2595 3030 2650 monasteria
3058 2594 3420 2668 deportatur_
3455 2603 3632 2670 atque
3666 2599 3816 2654 inde

393 2685 636 2742 tandem
667 2682 956 2740 Lutetiam
986 2681 1315 2750 advectum,
1345 2681 1670 2753 venaleque
1701 2681 2056 2753 expositum,
2087 2695 2223 2736 cum
2253 2687 2497 2753 propter
2525 2683 2614 2737 sui
2657 2682 3095 2740 deformitatem
3143 2691 3440 2759 emptores
3481 2704 3605 2744 non
3656 2705 3821 2744 nan-

391 2775 735 2842 cisceretur,
755 2774 1012 2829 Joannes
1043 2787 1078 2827 a
1107 2776 1312 2829 sancto
1340 2770 1576 2828 Andrea
1603 2769 1979 2842 redemptum
2009 2786 2044 2826 a
2073 2787 2158 2834 se,
2192 2770 2435 2826 Morello
2462 2772 2850 2830 evolvendum
2884 2774 3090 2841 mittit,
3123 2792 3158 2831 a
3187 2792 3305 2846 quo
3342 2778 3659 2850 epigraphe
3709 2778 3820 2834 de-

387 2863 708 2938 prehensa,
740 2866 796 2916 et
827 2877 950 2917 non
981 2858 1470 2919 carbonibussed
1501 2859 1780 2916 thesauro
1811 2859 1873 2914 in
1897 2857 2126 2930 paginis
2158 2857 2244 2913 illi
2275 2859 2394 2916 situ
2421 2865 2480 2916 et
2511 2861 2785 2932 squalore
2809 2863 2890 2918 ita
2911 2863 3276 2931 obductis,ut
3296 2865 3410 2920 nisi
3436 2871 3570 2937 post
3589 2865 3820 2924 multas

383 2953 612 3026 vigilias
642 2949 757 3022 legi
787 2950 1046 3020 potuerit
1075 2955 1330 3021 reperto,
1362 2966 1480 3005 non
1513 2948 1786 3004 universa
1815 2947 2011 3020 operis
2039 2947 2244 3014 moles,
2273 2949 2376 3004 sed
2405 2949 2671 3022 quinque
2701 2956 2933 3007 tantum
2988 2951 3126 3008 libri
3175 2953 3404 3026 priores
3445 2955 3510 3010 in
3540 2953 3814 3027 linguam

387 3042 662 3098 Latinam
685 3039 858 3106 versi,
893 3039 1095 3094 Latine
1127 3038 1500 3094 solummodo
1523 3039 1800 3104 eduntur,
1825 3037 2066 3093 Parisiis
2096 3037 2235 3104 in-8,
2269 3052 2426 3092 anno
2460 3039 2617 3094 1580.
2649 3037 2883 3110 Reliqui
2913 3039 2973 3094 in
3000 3056 3106 3096 suo
3140 3041 3415 3112 squalore
3442 3040 3629 3097 relicti
3677 3039 3818 3096 ubi-

388 3147 527 3187 nam
559 3128 734 3184 modo
765 3128 1010 3192 lateant,
1043 3127 1391 3200 scripserint
1418 3127 1518 3184 alii
1551 3128 1650 3200 (li).
1684 3127 1863 3183 Addit
1891 3125 2202 3182 Morellus:
2236 3129 2367 3182 Mea:
2414 3144 2467 3184 se
2511 3129 2683 3184 indca:
2732 3144 2948 3200 quoque
2995 3132 3197 3200 aperit,
3237 3147 3332 3186 seu
3375 3130 3642 3194 elenchas,
3691 3147 3815 3202 quo

385 3235 655 3275 summam
685 3217 951 3273 librorum
982 3217 1246 3272 Thesauri
1273 3218 1464 3289 capita
1492 3225 1844 3286 notantur,‘a
1873 3219 2060 3274 Niceta
2089 3217 2208 3286 ipso
2238 3223 2290 3271 et
2320 3219 2650 3288 compositus
2680 3223 2730 3272 et
2758 3217 3019 3289 scriptus,
3065 3219 3522 3290 quemadmodum
3567 3223 3620 3274 et
3665 3218 3818 3274 libri

385 3323 565 3363 omnes
596 3307 764 3378 hujus
789 3307 988 3376 operis,
1023 3305 1264 3376 acceptis
1288 3307 1500 3362 duobus
1523 3306 1755 3376 ultimis,
1788 3305 1947 3379 quia
1981 3305 2263 3362 Theodoro
2293 3308 2611 3364 Scutariota
2640 3308 2836 3379 scripti
2869 3315 3018 3376 sunt,
3069 3311 3168 3379 qui
3217 3307 3532 3365 monodium
3581 3326 3816 3382 quoque

383 3397 668 3454 Michaelis
695 3397 977 3466 scripsisse
1005 3395 1244 3451 videtur.
1282 3397 1554 3452 Theodori
1584 3395 1924 3472 αὐτόγραφον
1957 3413 2085 3463 esse,
2114 3413 2183 3452 ea:
2224 3396 2528 3467 appendice
2575 3396 2650 3451 ad
2695 3395 2936 3452 indicem
2981 3395 3116 3452 libri
3159 3397 3310 3452 XXV
3354 3396 3579 3468 colligo.
3612 3399 3706 3466 Et,
3737 3406 3819 3455 ut

382 3504 452 3542 ex
489 3485 683 3541 verbis
709 3485 978 3558 pauculis
1009 3485 1378 3549 Scutariotaa,
1411 3486 1591 3542 indici
1623 3487 1840 3542 Niceta:
1871 3485 2084 3541 aedilis
2113 3486 2307 3542 videre
2339 3492 2449 3552 est,
2475 3485 2577 3556 qui
2599 3485 2962 3558 appendicem
2993 3487 3169 3556 illam,
3201 3502 3329 3558 quae
3375 3494 3540 3543 antea
3584 3489 3820 3546 deside-

380 3577 636 3643 rabatur,
666 3577 724 3629 in
749 3578 856 3644 ﬁne
882 3573 1126 3631 vicesimi
1144 3578 1331 3646 quinti
1361 3575 1493 3630 libri
1521 3576 1728 3631 alicubi
1765 3581 2036 3645 repertam
2063 3590 2120 3630 se
2147 3577 2447 3632 attexuisse
2475 3575 2743 3645 afﬁrmat.
2779 3576 2845 3630 In
2875 3574 3079 3630 codice
3133 3576 3412 3632 Vaticano
3461 3575 3670 3632 titulus
3723 3578 3821 3636 ita

381 3682 446 3724 se
479 3665 676 3721 habet.
710 3663 928 3732 Νικήτα
957 3666 1052 3718 τοῦ
1082 3661 1388 3728 Χωνιάτου,
1418 3667 1515 3718 τοῦ
1553 3663 1644 3718 καὶ
1704 3664 1989 3740 γεγονότος
2031 3662 2119 3718 ἐπὶ
2177 3666 2284 3716 τῶν
2338 3661 2569 3737 κρίσεως
2626 3662 2716 3716 καὶ
2771 3661 2966 3740 φόρου,
3016 3657 3201 3718 ἔπειτα
3247 3659 3306 3718 δὲ
3355 3663 3446 3717 καὶ
3497 3661 3816 3738 λογοθέτου

382 3759 489 3808 τῶν
522 3753 800 3829 σεκρήτων
834 3749 1141 3826 δογματική
1177 3750 1635 3821 Πανοπλία,ἢτοι
1687 3750 1938 3829 συλλογὴ
1985 3758 2094 3809 τῶν
2153 3751 2298 3810 ὅλων
2350 3749 2546 3829 σχεδὸν
2597 3748 2791 3824 δοξῶν,
2842 3753 2934 3808 καὶ
2992 3753 3209 3828 ἱστορία
3268 3759 3376 3811 τῶν
3421 3755 3815 3812 ἆποτεκόντων

379 3842 578 3904 ταύτας
608 3838 838 3917 ἀνδρῶν,
870 3839 1032 3898 ἔτιδὲ
1079 3841 1421 3918 ἀντιρῥήσεις
1476 3841 1558 3897 ἐπ’
1625 3840 1794 3908 ἐνίαις
1845 3843 2078 3915 τούτων,
2134 3843 2225 3898 καὶ
2287 3841 2526 3916 μάλιστα
2577 3845 2685 3896 τῶν
2735 3840 3136 3916 παλαιοτέρων,
3195 3844 3285 3898 καὶ
3335 3840 3490 3920 ἕτερᾶ
3545 3866 3688 3902 τινα.
3737 3854 3812 3905 Ρ.

370 3937 486 4006 Θεῷ
515 3931 607 3986 καὶ
638 3928 946 4010 θεοφιλέων
1002 3929 1226 4004 ἀνδράσι
1263 3930 1345 3992 τίς
1383 3931 1444 3984 ἄν
1499 3929 1620 4002 ἀξία
1663 3951 1962 4010 προσκγωγ

2218 3951 2311 4002 ;ο;
2363 3935 2429 3990 Ιιι
2486 3932 2848 3990 bibliotheca
2911 3933 3188 3990 Bavarica
3235 3950 3305 3989 ex
3349 3936 3554 3991 eodem
3609 3953 3811 4009 opere

373 4027 769 4083 asservantur,
797 4021 928 4078 cod.
961 4025 1101 4078 119:
1136 4024 1334 4080 Nicetae
1373 4023 1667 4082 Choniatze
1694 4025 1760 4080 de
1791 4027 2178 4082 Armeniorum
2210 4021 2405 4079 haeresi
2435 4029 2606 4078 tomus
2636 4022 2874 4077 decimus
2921 4023 3200 4092 septimus.
3248 4023 3510 4092 Ejusdem
3548 4025 3814 4084 decimus

371 4120 591 4168 octavus
621 4119 813 4168 contra
839 4111 1210 4180 Paulicianos,
1239 4120 1291 4168 et
1319 4113 1560 4170 decimus
1589 4129 1764 4170 nonus
1786 4121 1983 4170 contra
2002 4114 2329 4185 Bogomilos,
2370 4119 2422 4169 et
2464 4113 2762 4182 vigesimus
2804 4119 2999 4168 contra
3045 4112 3364 4170 Saracenos.
3409 4114 3595 4170 Modus
3641 4121 3813 4173 reci-

363 4203 560 4272 piendi
590 4201 733 4264 illos.
768 4203 865 4272 qui
893 4217 929 4256 a
959 4201 1250 4258 Saracenis
1279 4202 1354 4257 ad
1383 4203 1694 4260 Christiana
1723 4220 1882 4260 sacra
1912 4207 2274 4262 transierunt.

441 4293 640 4362 Neque
675 4291 788 4346 hoc
819 4292 1099 4348 thesauro
1131 4292 1327 4348 minus
1357 4291 1605 4349 illustris
1637 4298 1728 4349 est
1783 4293 2050 4367 ejusdem
2107 4295 2356 4360 historia,
2414 4307 2592 4363 quam
2640 4291 3002 4364 auspicatus,
3039 4295 3104 4347 ut
3149 4291 3332 4347 tradit
3375 4293 3438 4348 in
3486 4293 3810 4368 principio

371 4379 445 4434 ab
474 4379 546 4433 iis
574 4379 777 4447 rebus,
811 4397 942 4451 quae
972 4387 1108 4453 post
1133 4382 1346 4446 Alexii,
1378 4383 1554 4456 primi
1587 4401 1656 4438 ex
1688 4388 1988 4440 Comnena
2033 4382 2263 4439 familia
2301 4379 2699 4454 imperatoris,
2751 4379 2979 4436 obitum
3029 4379 3398 4445 acciderunt,
3447 4381 3602 4437 ultra
3653 4399 3811 4455 qua

371 4466 696 4538 superioris
725 4467 917 4523 aetatis
945 4468 1213 4525 historici
1270 4487 1392 4527 non
1451 4477 1591 4528 sunt
1644 4473 1940 4546 progressi
1995 4473 2253 4528 Joannes
2307 4471 2584 4535 Zonaras,
2642 4467 3065 4524 Constantinus
3122 4469 3441 4536 Manasses,
3499 4470 3814 4543 Georgius

369 4553 694 4620 Cedrenus,
727 4555 971 4612 Joannis
999 4557 1374 4630 imperatoris
1404 4559 1602 4628 vitam,
1637 4562 1736 4634 qui
1769 4562 1968 4618 Alexio
2009 4559 2314 4624 successit,
2367 4557 2628 4613 breviter
2672 4556 3016 4629 perstringit
3049 4573 3062 4611 :
3112 4572 3224 4613 nec
3273 4573 3476 4614 earum
3520 4574 3818 4616 comme-

368 4643 688 4701 morationi
721 4642 942 4699 diutius
975 4644 1344 4710 immoratur,
1379 4665 1525 4719 quas
1555 4649 1656 4706 ille
1687 4667 1808 4706 non
1836 4651 2082 4716 viderat,
2116 4648 2219 4705 sed
2250 4647 2322 4704 ab
2354 4647 2426 4702 iis
2473 4645 2720 4718 accepit,
2771 4645 2874 4717 qui
2923 4661 3024 4701 eas
3071 4645 3368 4716 viderunt,
3413 4663 3676 4720 eumque
3730 4649 3810 4707 in

369 4732 850 4806 expeditionibus
879 4735 1142 4791 comitati
1183 4741 1362 4792 sunt:
1424 4737 1739 4794 subsecuta
1787 4757 1920 4797 vero

2237 4736 2480 4792 uberius
2523 4739 2758 4791 tractat.
2806 4733 2893 4790 Ἐν
2938 4731 3340 4812 κεφαλαιώδεσι
3389 4730 3436 4788 δ’
3491 4732 3813 4808 ἒπιτομαῖς

365 4823 434 4878 τὰ
462 4821 598 4877 κατὰ
656 4820 746 4876 τὸν
801 4820 1174 4897 αὖτοκρατορα
1231 4823 1484 4894 Ἰωάννην
1539 4827 1600 4880 τὸ
1667 4827 1899 4902 ἱστορεῖν
1959 4824 2303 4902 διηγήσεται,
2372 4823 2434 4886 ὅς
2484 4820 2717 4895 Ἀλεξίῳ
2764 4819 3033 4898 διάδοχος
3085 4821 3374 4898 γεγένηται
3423 4829 3521 4893 τῆς
3570 4823 3805 4899 ἀρχῆς·

367 4907 849 4988 οὐδ’ἐμϐραδυνεῖ
875 4917 996 4975 ταῖς
1041 4913 1158 4969 κατ’
1211 4913 1368 4971 αὐτὸν
1427 4915 1782 4994 ἀφηγήσεσιν,
1829 4915 2009 4994 ὥσπερ
2061 4917 2112 4972 ἑν
2158 4921 2279 4978 τοῖς
2335 4912 2526 4992 ἐφεξῆς
2579 4910 2864 4990 ἐργάσεται
2921 4910 3134 4986 λόγοις,
3184 4915 3276 4968 οἷα
3328 4911 3421 4968 καῑῖ
3469 4915 3632 4984 ἡμῶν
3701 4917 3803 4988 μὴ

361 5003 431 5058 τὰ
467 5007 586 5064 τοῖς
618 5002 929 5083 ὀφθαλμοῖς
960 4999 1048 5058 ἐπὶ
1099 4999 1241 5072 τῷδε
1281 5001 1708 5080 παρειλημμένα
1754 5003 2232 5082 συγγραφομὲνωνο
2289 5002 2572 5060 κάντεῦθεν
2622 4997 2754 5073 μηδ’
2802 4997 3080 5070 ἀποτάδην
3138 4999 3381 5076 ἐχόντων
3421 5005 3587 5058 ταῦτα
3637 4998 3810 5076 διεξ-

369 5095 524 5162 ιὲναι,
559 5091 852 5168 ἀλλάπερ
885 5091 962 5156 εἷς
994 5093 1160 5162 ἀκοὴν
1192 5093 1356 5150 ὠτίου
1394 5093 1700 5172 εἰλήφαμεν
1759 5093 1818 5150 ἐκ
1869 5098 1977 5150 τῶν
2032 5096 2152 5150 ὅσοι
2215 5098 2323 5150 τῶν
2375 5093 2494 5148 καθ’
2549 5092 2701 5163 ἡμᾶς
2754 5090 2848 5144 τὸν
2910 5089 3140 5164 βασιλὲα
3196 5089 3412 5146 τουτονὶ
3469 5088 3806 5164 ἐθεάσαντο,

360 5183 448 5237 καὶ
487 5182 875 5259 σονωμάρτοον
907 5181 1100 5256 ἐκείνῳ
1131 5181 1267 5258 πρὸς
1319 5181 1592 5247 ἐναντίους
1650 5187 1930 5261 χωροῦντι

2217 5204 2228 5246 ;
2265 5183 2446 5257 μάχας
2506 5177 2956 5252 συνετολύπευον,
3011 5182 3093 5236 Ac
3139 5181 3372 5238 Joannis
3421 5182 3810 5252 imperatoris

362 5271 556 5336 vitam,
589 5277 688 5343 qui
714 5277 970 5332 successit
1001 5274 1227 5342 Alea-io,
1259 5275 1493 5332 breviter
1513 5277 1990 5349 perstringamus;
2019 5291 2194 5346 neque
2233 5288 2421 5329 carum
2475 5286 2663 5326 rerum
2710 5271 3212 5326 commemorationi
3256 5269 3466 5325 diutius
3511 5271 3816 5328 humara—

437 5388 518 5470 ιξῙιξ
551 5391 628 5444 De
645 5390 878 5470 bicetm
909 5395 1199 5470 Panoplia
1223 5395 1468 5470 ejusque
1492 5396 1813 5470 codicibus,
1831 5395 2012 5470 plena
2121 5392 2248 5470 dos,
2269 5395 2327 5448 et
2349 5389 2672 5470 secundam
2695 5388 3171 5470 Tlieoriani‘cum
3193 5389 3500 5470 Armeniis
3515 5387 3814 5461 disputa'

366 5472 472 5511 nos
507 5459 683 5514 locuti
712 5479 916 5539 sumus
940 5465 1001 5539 in
1024 5459 1322 5539 spicileg'io
1352 5459 1504 5526 llam.
1554 5474 1596 5524 t.
1643 5469 1734 5539 IV.
1774 5459 1852 5539 pq
1883 5469 2006 5539 398,
2121 5463 2368 5539 tionem,
2402 5462 2512 5539 etsi
2543 5460 2828 5539 I_’_ano_plia
2865 5460 3088 5539 ljicetai
3132 5459 3629 5539 continerentur,“
3657 5477 3816 5539 non

365 5541 687 5612 rursusque
719 5535 952 5612 p.__i_9_8;
989 5531 1269 5612 in'eoqu'e
1301 5545 1462 5596 torno
1493 5538 1754 5612 capitula
1775 5531 2010 5611 ‘praaci4
2118 5536 2286 5602 item,
2319 5532 2425 5612 sed
2455 5531 2804 5612 melioribus
2833 5531 3098 5612 aliis_usi_
3117 5532 3454 5612 codicibus,
3495 5539 3638 5612 ante
3669 5533 3816 5591 hos

359 5613 480 5676 pua
498 5599 694 5656 Grece
721 5599 1018 5676 edidimus
1041 5624 1113 5662 ex
1129 5599 1248 5665 illis
1271 5627 1403 5676 qua
1426 5599 1724 5666 Moréllius
1740 5599 1868 5666 luce
1887 5625 2008 5666 non
2117 5599 2310 5663 annos
2338 5605 2401 5660 in
2431 5608 2644 5676 quarto
2671 5609 2954 5676 sextoque
2978 5603 3346 5676 Scriptorum
3368 5610 3479 5660 vet.
3505 5609 3694 5676 torno,
3725 5612 3814 5662 et

359 5669 696 5752 donaveﬁat:
731 5674 953 5752 Rursps
988 5676 1064 5752 in
1115 5679 1222 5752 hac
1271 5669 1613 5752 Bibliotheca
1659 5685 1912 5752 Patrum,
1963 5686 2004 5740 t.
2117 5679 2177 5734 in
2208 5669 2766 5752 decim9:Spicilegii
2795 5669 2992 5730 Graece
3022 5691 3090 5730 ac
3111 5669 3318 5732 Latine
3342 5675 3814 5732 exstarcvolui-

356 5735 731 5825 IV,.capitula
755 5743 828 5799 de.
851 5745 1186 5825 Manichmis
1207 5735 1362 5825 et_de
1388 5735 2006 5825 Mohamedaniscrm;
2114 5765 2266 5806 mus.
2306 5749 2372 5804 Α.
2406 5747 2478 5804 Μ.

357 5831 422 5868 ce
455 5813 775 5884 Latineque
809 5816 1211 5886 exposuimus.
1247 5821 1427 5874 Porro
1459 5821 1637 5878 etiam
1659 5821 1808 5878 duas
1834 5839 2007 5896 syno-
