4062 6202
231 372 348 434 397
1726 367 2168 429 PR/EF‘ATIO.
3526 371 3644 431 298

229 504 421 572 bimur,
451 519 587 574 quas
617 504 731 572 ipse
752 516 863 556 non
890 502 1155 568 vidimus,
1188 501 1278 556 sed
1307 502 1375 555 ab
1406 499 1548 556 aliis
1576 502 1908 571 accepimus,
1943 498 2040 570 qui
2069 513 2196 554 eum
2218 497 2496 568 uiderant,
2532 501 2583 554 et
2611 498 2676 554 in
2704 499 3081 570 expeditiones
3111 502 3372 558 comitati
3393 509 3546 558 sunt.
3579 509 3650 561 In

229 596 411 650 ceteris
441 597 629 648 autem
655 590 875 646 uberius
907 591 1260 646 tractabimus
1293 590 1499 646 omnia.
1562 589 1720 645 Idem
1778 588 2117 644 institutum
2168 589 2406 643 secutus
2460 591 2551 642 est
2605 592 2660 642 et
2713 589 2966 645 Joannes
3023 589 3376 659 Cinnamus,
3422 592 3523 662 qui
3556 607 3652 649 res

232 687 421 754 gestas
468 681 718 736 Joannis
783 684 841 735 et
909 678 1308 735 Emmanuelis
1371 678 1622 734 historia
1671 693 1836 748 prose

2057 679 2170 732 est.
2231 672 2523 748 Εΐρήσεται
2574 671 2631 729 δὲ
2691 697 2784 748 μοι
2831 677 2898 730 τὰ
2961 677 3054 749 μὶν
3081 680 3180 731 τοῦ
3231 677 3482 735 Ἰωάννου
3528 692 3644 734 κατ’

232 768 514 840 ἐπιτομὴν,
544 769 633 822 καὶ
668 764 853 841 ὥσπερ
899 765 950 822 ἐν
1002 765 1303 842 κεφαλαίῳ,
1353 765 1436 821 ὅτι
1491 763 1638 839 μηδ”
1669 766 1721 820 ἓν
1771 769 1886 826 τοῖς
1935 765 2051 819 κατ’
2101 762 2328 835 ἐκεῖνον,
2381 765 2512 837 ὅπερ
2564 761 2672 835 ἠδη
2719 758 2876 843 ἔφην,
2927 765 3127 843 γέγονα
3175 767 3419 840 χρόνοιςσ
3459 768 3528 823 τά
3581 791 3643 846 γε

230 860 328 931 μὴν
353 861 456 912 τοῦ
491 858 609 930 μετ’
640 856 842 911 ἐκεῖνον
899 856 1209 933 πράγματα,
1260 855 1358 910 οὐκ
1416 853 1541 910 οἶδα
1595 852 1649 910 αἶ’
1693 875 1777 918 τις
1835 853 1974 928 ἐμοῦ
2027 850 2254 908 κάλλιον
2315 851 2656 927 ἐξιστορῆσαι
2714 849 2852 928 ἔχει’
2914 853 3029 909 ἐπεὶ
3086 855 3178 909 καὶ
3237 856 3392 910 οὓπω
3445 877 3640 932 μειρα-

223 948 318 1020 κίῳ
345 944 464 1001 ὄντι
502 966 599 1019 μοι
658 944 916 1008 πλείστας
973 943 1504 1018 συνεκδεδημηκέναι
1567 945 1618 998 οἱ
1672 949 1780 1000 τῶν
1839 944 1916 1007 εἷς
1971 942 2200 1018 ἤπειρον
2262 942 2515 1016 ἑκατέραν
2581 937 2888 999 συνέϐαινεν
2949 944 3332 1019 ἐκστρατειῶν.
3393 946 3646 1005 Comme-

227 1039 594 1095 morabuntur
622 1054 747 1094 vero
777 1038 922 1094 mihi
950 1039 1175 1095 Joannis
1205 1039 1426 1108 quidem
1479 1053 1560 1094 res
1608 1045 1766 1108 gesta
1810 1035 2150 1108 compendio,
2205 1039 2258 1091 et
2304 1036 2478 1090 veluti
2524 1035 2772 1106 capitum
2813 1053 3044 1092 summa:
3091 1038 3450 1112 digerantur,
3505 1041 3648 1112 quod

227 1129 376 1185 illius
408 1129 769 1199 temporibus,
801 1137 864 1183 ut
896 1133 1064 1184 antea
1094 1128 1414 1196 innueram,
1438 1127 1626 1182 nullus
1653 1128 1759 1196 fui.
1795 1132 1896 1182 Hes
1918 1133 2099 1181 autem
2131 1127 2312 1194 gestas
2343 1125 2499 1180 illius
2530 1127 2628 1197 qui
2649 1126 2970 1183 subsecutus
2998 1138 3095 1197 est,
3145 1131 3325 1185 nescio
3376 1146 3457 1186 an
3494 1131 3644 1203 quis-

221 1220 368 1290 piam
389 1217 551 1272 alius
577 1219 1009 1273 meaccuratius
1035 1216 1238 1288 scripto
1287 1215 1510 1272 tradere
1550 1215 1791 1287 poterit;
1839 1231 1960 1270 cum
2001 1213 2245 1270 nondum
2294 1215 2476 1270 adhuc
2514 1231 2584 1271 ex
2631 1215 2852 1287 ephebis
2903 1219 3189 1289 excedens,
3234 1217 3436 1274 multis
3489 1220 3646 1276 illius

225 1306 674 1378 expeditionibus
702 1308 762 1361 in
793 1311 1084 1378 utramque
1111 1307 1485 1362 continentem
1514 1320 1757 1376 praesens
1786 1304 2088 1374 adfuerim.
2123 1302 2278 1358 Finit
2309 1303 2506 1375 itaque
2526 1303 2752 1361 Nicetes
2774 1305 3082 1362 historiam
3111 1323 3282 1364 suam
3310 1307 3370 1362 in
3393 1308 3642 1366 Henrico

226 1393 495 1450 Balduini
528 1394 730 1463 fratre,
763 1410 857 1450 res
887 1383 1456 1466 memoratu‘dignas
1485 1409 1613 1465 quas
1650 1392 1710 1448 in
1743 1391 2056 1465 Byzantino
2088 1390 2353 1464 imperio,
2387 1408 2676 1448 annorum
2709 1392 2938 1449 circiter
2958 1395 3030 1449 86
3067 1395 3281 1467 spatio,
3313 1396 3374 1452 in
3405 1399 3640 1470 magnis

223 1483 557 1556 praesertim
590 1489 910 1540 eventuum
934 1484 1334 1551 varietatibus,
1364 1487 1421 1539 et
1451 1482 1669 1540 subitis
1696 1483 1941 1538 fortunas
1971 1481 2558 1548 commutationibus,
2592 1499 2720 1554 quae
2754 1481 3020 1553 plurimae
3067 1500 3264 1556 eaeque
3314 1485 3636 1556 mirabiles,

220 1590 282 1630 ac
306 1572 520 1645 potius
553 1572 923 1630 miserabiles
952 1581 1006 1630 et
1036 1578 1247 1646 praeter
1272 1573 1764 1645 exspectationem
1795 1572 2023 1628 Graecos
2053 1587 2418 1644 oppressere,
2452 1574 2750 1628 crescente
2781 1571 2839 1626 in
2872 1571 2997 1629 dies
3045 1577 3356 1630 Persarum
3401 1579 3458 1632 et
3486 1577 3637 1633 Tur-

220 1678 417 1718 earum
461 1662 529 1718 in
561 1661 808 1729 oriente,
843 1661 1228 1734 Bulgarorum
1252 1666 1311 1718 et
1338 1663 1587 1718 aliorum
1617 1661 2006 1717 ﬁnitimorum
2064 1660 2125 1715 in
2174 1658 2472 1716 occidente
2516 1660 2800 1731 potentia,
2833 1665 2891 1716 et
2933 1660 3154 1733 ubique
3173 1663 3639 1722 christianorum

221 1750 564 1822 principum
597 1749 861 1807 dissidiis
890 1754 948 1807 et
973 1750 1346 1822 perversitate
1393 1751 1754 1820 acciderunt,
1831 1748 2168 1821 complexus
2244 1747 2410 1806 libris
2483 1748 2627 1817 XXI,
2704 1765 2892 1822 usque
2965 1750 3037 1806 ad
3113 1766 3335 1807 annum
3413 1753 3631 1811 Christi

285 1930 421 1987 Non
455 1929 779 1986 descivisse
800 1946 934 1987 eum
970 1947 1004 1987 a
1030 1931 1294 2000 veritate,
1327 1935 1453 1987 tum
1485 1935 1854 1987 externorum
1887 1930 2143 1986 facinora
2172 1945 2287 1986 non
2319 1929 2445 1985 sine
2478 1929 2801 2002 promerita
2828 1929 3024 2001 laude,
3055 1935 3182 1987 tum
3214 1949 3456 1990 suorum
3488 1952 3630 2008 gen-

215 2017 420 2075 tilium
454 2018 676 2075 scelera
703 2019 958 2092 ingenue
978 2023 1035 2076 et
1062 2035 1196 2076 cum
1227 2019 1448 2076 doloris
1477 2019 1789 2076 acerbilate
1820 2017 2140 2090 deplorata,
2172 2021 2229 2074 et
2259 2034 2425 2089 aequa
2454 2033 2651 2074 rerum
2684 2019 2961 2086 narratio,
3005 2018 3219 2075 indicio
3255 2026 3414 2078 sunt.
3449 2024 3530 2079 Ex
3559 2042 3626 2083 eo

215 2108 520 2181 siquidem
555 2109 737 2166 babes
764 2108 1227 2166 Occidentalium
1259 2110 1316 2166 in
1349 2111 1748 2183 recuperanda
1776 2109 1940 2182 Syria
1959 2112 2018 2164 et
2048 2112 2202 2164 terra
2233 2111 2438 2164 sancta
2466 2106 2740 2179 pietatem
2774 2123 2841 2163 ao
2871 2107 3278 2166 fortitudinem
3312 2127 3326 2177 ;
3378 2114 3626 2171 Conradi

211 2203 265 2254 et
293 2198 593 2256 Fridericl
623 2215 740 2255 non
773 2200 899 2255 sine
930 2199 1315 2256 nobilissimis
1345 2200 1626 2271 exemplis
1657 2198 2015 2256 clarissimas
2045 2197 2268 2254 laudes.
2315 2197 2457 2262 Quis
2501 2196 2770 2254 Balduini
2815 2198 3060 2255 virtutes
3109 2199 3302 2272 aptius
3332 2216 3632 2272 expresse-

207 2289 327 2344 rit?
358 2291 594 2345 Contra
621 2305 760 2345 vero
791 2288 925 2360 quis
955 2288 1014 2343 in
1044 2289 1376 2345 Grecorum
1408 2288 1567 2358 vitia,
1593 2306 1720 2360 quae
1771 2287 1898 2343 suis
1950 2287 2315 2359 temporibus
2360 2290 2524 2342 tanta
2575 2287 2837 2359 adeoque
2883 2287 3168 2344 immania
3227 2289 3410 2358 fuere,
3439 2294 3632 2349 acrius

209 2379 593 2437 inultaverit
620 2379 650 2434 ?
679 2379 798 2435 Hoc
828 2379 1000 2452 plane
1038 2379 1279 2452 ingenui
1307 2379 1492 2436 animi
1523 2379 1714 2445 fuerit,
1748 2394 1870 2435 rem
1905 2379 1990 2434 uti
2019 2382 2148 2435 acta
2175 2382 2287 2448 est,
2318 2377 2631 2434 narrantis.

263 2469 515 2525 Modum
545 2467 784 2525 dicendi
814 2475 1050 2525 secutus
1077 2473 1168 2526 est
1206 2469 1491 2542 amplum,
1537 2469 1867 2541 profusum,
1927 2467 2033 2524 sed
2081 2467 2407 2535 horridum,
2460 2468 2900 2540 complicatum,
2945 2469 3261 2528 immodica
3316 2471 3624 2532 insolentis

199 2556 518 2629 elegantia
550 2561 728 2629 atque
756 2557 1103 2614 eruditionis
1131 2557 1492 2614 affectatione
1520 2574 1763 2628 vanum,
1793 2573 1866 2613 ne
1895 2556 2081 2613 dicam
2117 2557 2421 2630 puerilem,
2455 2561 2514 2614 et
2543 2558 2905 2629 poetioarum
2960 2558 3292 2615 fabularum
3333 2564 3391 2617 et
3429 2561 3630 2619 dictio-

197 2664 332 2703 num
365 2647 757 2703 immistione
786 2647 1199 2719 subaspernm,
1230 2651 1288 2704 et
1309 2647 1749 2720 compositionis
1806 2647 1960 2704 male
2002 2646 2254 2718 implexa
2313 2648 2742 2704 constructione
2798 2649 3144 2718 obscurum,
3203 2650 3302 2720 qui
3353 2653 3625 2725 proprius

203 2737 458 2808 hujusce
490 2737 808 2808 scriptoris
837 2741 928 2792 est
956 2738 1358 2809 praecipueque
1389 2737 1463 2792 ab
1502 2737 1630 2809 ipso
1661 2754 1764 2809 pro
1797 2754 1904 2792 suo
1936 2737 2105 2808 genio
2132 2737 2398 2794 intentus
2422 2741 2480 2793 et
2513 2742 2855 2809 procuratus
2890 2757 2904 2808 ;
2947 2757 3061 2796 non
3113 2741 3541 2812 Metaphrastas,
3573 2748 3630 2800 et

190 2843 330 2882 emu
355 2825 403 2882 li
428 2825 1168 2897 alicujus,assumentum,
1202 2835 1264 2882 ut
1285 2827 1508 2883 videtur
1529 2826 2128 2897 HieronymoWoltio.
2157 2831 2234 2883 De
2258 2825 2412 2898 stylo
2435 2826 2598 2883 illius
2641 2827 2797 2883 idem
2820 2828 3070 2885 Wolfius
3094 2847 3114 2886 :
3155 2833 3249 2886 Ea:
3275 2833 3633 2904 aﬂ‘ectatione

201 2919 379 2971 nescio
413 2914 590 2986 cujus
620 2914 908 2970 insolentis
957 2916 1266 2985 elegantiae,
1317 2925 1368 2972 et
1409 2917 1642 2988 poetica:
1683 2915 1938 2972 dictionis
1985 2915 2375 2986 mulatione,
2423 2917 2484 2972 in
2531 2916 2783 2972 salebras
2834 2933 2981 2988 saepe
3021 2918 3246 2990 incidit,
3278 2929 3334 2976 et
3381 2921 3538 2978 duris
3567 2939 3636 2979 ac

186 3007 388 3076 ineptis
421 3003 623 3059 utitur
656 3003 1012 3075 metaphoris,
1045 3007 1106 3060 iu
1132 3007 1394 3077 prooemio
1421 3007 1759 3078 praesertim,
1791 3005 1888 3061 ubi
1913 3021 2037 3060 cum
2067 3006 2265 3076 primis
2296 3005 2538 3061 disertus
2567 3005 2742 3064 videri
2767 3005 2940 3078 cupit.
2975 3007 3124 3076 Quod
3155 3011 3205 3064 si
3249 3017 3418 3066 totam
3458 3011 3632 3069 histo-

189 3095 328 3150 riam
360 3093 564 3150 simiti
609 3094 859 3150 oratione
900 3095 1233 3162 involoisset,
1283 3095 1345 3149 in
1393 3095 1645 3150 latomias
1691 3096 1793 3162 ire,
1843 3110 2012 3166 quam
2062 3092 2329 3150 molestiis
2377 3094 2752 3151 conversionis
2785 3095 3102 3166 conﬂictari
3148 3098 3493 3157 maluissem.
3528 3101 3631 3156 Sed

187 3185 315 3253 quia
349 3181 755 3238 tolerabiliter
795 3182 945 3254 loqui
962 3181 1164 3256 incipit
1191 3199 1314 3238 cum
1343 3182 1413 3238 ad
1452 3198 1570 3239 rem
1605 3184 1784 3252 ipsam
1830 3186 2054 3238 centum
2099 3189 2196 3251 est,
2245 3183 2388 3238 hanc
2431 3197 2642 3254 quoque
2678 3199 2900 3255 operam
2940 3184 3201 3242 studiosis
3255 3186 3629 3244 historiarum

190 3271 328 3329 dare
361 3270 554 3340 volui,
589 3274 650 3326 ut
681 3271 923 3328 Zonaras
949 3287 1081 3344 opus
1113 3272 1217 3328 hac
1243 3271 1548 3339 appendice
1577 3272 1800 3341 plenius
1819 3271 2365 3342 redderetur.Neque
2393 3270 2648 3327 Joannes
2696 3273 2944 3329 Vossius
2997 3274 3296 3331 discordat
3345 3276 3418 3332 de
3448 3276 3628 3333 histo-

190 3361 333 3418 ricis
366 3360 605 3416 Graecis
633 3359 736 3416 lib.
775 3361 848 3429 II,
879 3377 1007 3433 cap.
1038 3362 1145 3418 29:
1180 3361 1425 3433 Diligens
1451 3363 1562 3432 fuit
1591 3360 1818 3417 Homeri
1850 3362 2020 3417 lector
2047 3366 2096 3415 et
2125 3362 2392 3428 imitator,
2418 3359 2548 3417 adeo
2578 3368 2661 3432 ut,
2693 3361 2758 3417 ob
2803 3365 3074 3434 poeticam
3105 3369 3274 3436 atque
3305 3366 3627 3423 insolentem

194 3450 516 3508 dictionem
547 3449 874 3521 quandoque
903 3450 1100 3508 durior
1127 3452 1248 3522 fiat,
1276 3467 1402 3506 cum
1428 3451 1631 3522 primis
1661 3452 1723 3506 in
1767 3451 2116 3522 migratione,
2162 3464 2288 3520 quae
2333 3465 2468 3504 sane
2505 3449 2801 3506 salebrosa.
2849 3452 2912 3506 In
2961 3454 3173 3508 caeteris
3220 3453 3441 3510 mollior
3478 3457 3637 3526 ﬂuit,

188 3541 333 3611 quod
361 3539 509 3595 etde
532 3555 595 3595 se
626 3539 685 3595 in
708 3541 1042 3610 praefatione
1081 3541 1374 3612 promittit.
1425 3540 1487 3596 Ut
1537 3539 1680 3594 mihi
1721 3539 1945 3610 quidem
1991 3537 2244 3593 videatur
2288 3540 2616 3609 prwfatione
2658 3553 2722 3594 ea
2765 3543 3041 3595 ostentare
3083 3541 3346 3611 voluisse,
3392 3551 3635 3613 quantus

191 3629 587 3701 logadaedalus
606 3631 796 3699 foret:
845 3628 988 3700 quod
1021 3629 1292 3684 similiter
1337 3629 1397 3684 in
1440 3628 1681 3684 historia
1727 3629 1780 3683 si
1823 3629 2060 3697 fecisset,
2108 3643 2194 3682 nec
2236 3627 2334 3682 ille
2375 3629 2548 3684 multo
2585 3628 2755 3683 etiam
2799 3629 2989 3684 minus
3032 3629 3233 3696 laudis,
3274 3645 3438 3701 quam
3484 3648 3634 3687 nunc

199 3721 364 3775 habet
409 3718 893 3789 mereretur.lpse
915 3717 1302 3774 nihilominus
1323 3716 1800 3789 perspicuitatem
1827 3733 1888 3772 se
1908 3715 2074 3788 sequi
2100 3715 2156 3770 in
2181 3715 2479 3788 prooemiis
2492 3715 2774 3782 historias,
2797 3721 2970 3788 prout
2995 3716 3335 3772 historicum
3365 3719 3628 3790 addecet,

187 3823 585 3879 summopere
633 3807 843 3876 jactat,
882 3806 942 3861 in
983 3806 1113 3879 ipsa
1151 3823 1260 3863 sua
1284 3807 1599 3877 jactatione
1619 3807 1791 3862 obscu

2039 3806 2462 3877 confragosus:
2517 3798 2666 3858 Ἐπεὶ
2701 3799 2759 3857 δὲ
2809 3804 2884 3861 ὡς
2922 3803 3013 3858 καὶ
3041 3801 3208 3858 ἃλλοι
3236 3824 3295 3858 τε
3324 3800 3629 3880 ξυμϐαλεῖν

184 3891 404 3968 ἔχουσι,
448 3894 544 3948 καὶ
594 3893 759 3956 αὐτὸς
811 3891 870 3948 δὲ
914 3895 1182 3968 συνορῶν,
1231 3894 1342 3970 οὐχ
1386 3891 1586 3963 ἣκιστά
1637 3892 1751 3967 εἷ’μι
1799 3892 1866 3949 τὰ
1912 3897 2008 3948 τοῦ
2066 3893 2302 3966 ἱστορεῖν
2360 3893 2423 3945 τὸ
2478 3897 2577 3960 τῆς
2629 3887 2940 3964 διηγήσεως
2982 3891 3203 3968 ἀσαφὲς,
3251 3893 3341 3946 καὶ
3392 3890 3628 3970 περιϐο.

185 3981 330 4051 λαῐς,
363 3981 463 4037 καὶ
505 3979 790 4056 περιόδοις
843 3981 1300 4058 ἐπεστραμμένον,
1363 3984 1437 4045 ὡς
1500 3984 1575 4055 μὴ
1637 3979 1861 4053 συνᾷδον
1917 3981 2105 4042 αὐτοῖς
2165 3979 2226 4034 οὐ
2284 3979 2617 4053 προσίενται,
2673 3977 2897 4055 φιλοῦσι
2959 3976 3016 4034 δὲ
3065 3980 3131 4034 τὸ
3185 3981 3368 4058 σαφὲς,
3430 3983 3508 4046 ὠς
3557 3984 3620 4040 οὐ

189 4073 355 4142 μόνον
427 4072 574 4126 κατά
629 4072 720 4126 τὸν
784 4070 1003 4126 εἰπόντα
1061 4073 1249 4150 σοφὸν,
1309 4071 1455 4128 ἀλΛὰ
1509 4071 1600 4126 καὶ
1660 4066 1960 4145 συμϐαῖνον
2028 4068 2177 4145 σφίσι
2239 4065 2496 4140 μάλιστα,
2559 4063 2685 4121 οὐδὲ
2735 4066 2934 4122 τούτου
2990 4066 3214 4142 πάμπαν
3274 4066 3466 4140 ἔξωθεν
3524 4076 3622 4128 τοῦ

184 4160 358 4216 καλοῦ
393 4160 656 4216 πίπτοντ’
691 4155 751 4214 ἃν
803 4159 931 4235 εὕρῃ
974 4180 1056 4220 τις
1102 4162 1168 4215 τὰ
1207 4163 1540 4237 γραφόμενα,
1597 4161 1684 4214 οἶα
1729 4159 1820 4214 καὶ
1872 4161 2035 4232 ἡμῶν
2089 4157 2164 4230 μὴ
2213 4157 2274 4211 τὸ
2321 4156 2608 4232 κομπηρὸν
2654 4156 2743 4211 καὶ
2795 4154 3114 4233 δυσφραδὲς,
3164 4159 3256 4214 καὶ
3297 4159 3626 4236 κρημνώδε-

187 4272 263 4304 σιν
295 4247 827 4322 ἂποδιειλημμένον
881 4248 1082 4319 λέξεσιν
1115 4251 1190 4312 ὡς
1223 4248 1417 4305 ὲπίπαν
1476 4249 1891 4323 ἀσπασαμένων,
1948 4247 1994 4302 εἰ
2050 4247 2140 4302 καὶ
2194 4245 2478 4325 χαίνοντὲς
2537 4245 2672 4300 εἰσιν
2729 4244 2806 4309 είς
2858 4251 3022 4302 τοῦτο
3079 4247 3312 4321 πολλοὶ,
3373 4250 3473 4307 ε’ἰτ’
3525 4250 3620 4307 οὗν

185 4347 568 4423 ἀληθέστερον
598 4347 772 4402 εἰπεῖν
830 4347 1173 4410 ὲκλείποντες
1226 4347 1294 4402 τὰ
1347 4353 1453 4403 τῶν
1507 4346 1680 4403 πάλαι
1726 4347 1816 4402 καὶ
1870 4347 2138 4419 σήμερον,
2196 4343 2286 4399 καὶ
2345 4343 2444 4398 ὅσα
2494 4365 2546 4399 τι
2605 4344 2695 4398 καὶ
2749 4341 3088 4418 ὲπιτήδευμα
3143 4345 3607 4425 προύργιαῐτατον

181 4439 560 4509 ὶξηπιηκότες
591 4435 683 4492 διὰ
744 4441 976 4510 μακροῦ,
1034 4434 1095 4491 ἔκ
1147 4440 1244 4492 τοῦ
1300 4435 1557 4501 πλείονος
1601 4434 1660 4491 δὲ
1714 4437 1810 4490 κᾶν
1855 4434 2039 4506 τούτῳ
2089 4430 2216 4507 δρᾷν
2261 4437 2332 4507 τῇ
2379 4433 2595 4505 ἱστορίᾳ
2644 4432 2994 4509 προθεμένων
3046 4436 3113 4491 τὰ
3167 4437 3475 4516 πρόσφορα,
3535 4441 3614 4516 μὴ

187 4523 229 4580 δ’
289 4523 678 4602 ὑπερϐἀθμιον
745 4522 889 4581 πόδα
943 4526 1130 4582 τείνειν
1183 4525 1575 4602 ἡγαπηκότων,
1633 4524 1669 4593 ἢ
1732 4522 1878 4585 ὅλως
1931 4523 2062 4585 τοὺς
2115 4516 2309 4592 ἄξονας
2365 4522 2534 4592 αὐτῆς
2625 4521 3043 4597 ὑπεράλλεσθαιο
3113 4525 3245 4602 ὑπὲρ
3305 4527 3410 4605 γὰρ
3471 4531 3615 4586 ἅπαν

185 4610 371 4689 ἕτερον
403 4616 472 4671 τὸ
511 4617 590 4689 μὴ
642 4617 742 4686 τήν
799 4618 991 4691 φράσιν
1051 4614 1279 4671 ἁπλοῦν.
1339 4614 1414 4677 ὡς
1470 4609 1586 4690 ἔχω
1645 4613 1816 4668 εἰπεῖν
1872 4612 1962 4667 καὶ
2018 4612 2315 4689 πρόχειρον
2369 4610 2447 4676 εἷς
2501 4610 2840 4687 κατάληψιν,
2900 4612 3036 4689 αὐτῇ
3095 4611 3479 4691 διαϐέϐληταιο
3527 4623 3620 4677 καὶ

187 4705 460 4780 ἠγαπήθη
492 4703 602 4766 ἓως
652 4702 860 4782 σφόδρα
903 4705 966 4760 τὸ
1025 4705 1298 4779 ἄκομψον,
1357 4702 1446 4759 καί
1503 4703 1578 4765 ὡς
1635 4698 1765 4777 ἔχον
1820 4701 2030 4782 φύσεως
2088 4699 2471 4775 διηγούμενον,
2519 4701 2610 4756 καὶ
2663 4699 2964 4776 δαιμονίως
3020 4704 3083 4759 τὸ
3133 4703 3408 4778 εὔληπτον
3461 4730 3620 4784 περι-

186 4797 505 4851 πτύσσεται·
579 4793 742 4857 τέλος
791 4796 895 4871 γὰρ
953 4795 1373 4867 σκοπιμώτατον
1431 4794 1529 4862 τήν
1584 4791 1847 4863 ἀλήθειαν
1906 4786 2136 4867 ἔχουσα,
2193 4789 2286 4846 καὶ
2345 4789 2442 4858 τῆς
2493 4811 2552 4846 τε
2635 4790 2941 4870 ῥητορικῆς
3000 4791 3312 4869 δεινότητὸς
3367 4799 3460 4854 καὶ
3518 4805 3622 4869 τῆς

191 4888 504 4956 ποιητικῆς
540 4883 868 4960 λογοποιῖας
898 4883 1183 4961 ἀφεστῶσα
1210 4883 1348 4938 κατᾶ
1377 4880 1666 4956 διάμετρον
1687 4887 1795 4940 etc.

2019 4882 2082 4938 lci
2134 4881 2325 4954 potuit
2359 4897 2390 4937 e
2427 4881 2655 4954 tripode
2699 4883 3159 4958 perplexibilius,
3203 4891 3310 4945 aut
3365 4906 3399 4945 a
3435 4889 3623 4960 Lyco-

192 4977 426 5049 phrone
465 4978 528 5032 in
558 4976 774 5049 lingua;
812 4979 1024 5034 Graecas
1051 4975 1386 5032 amoenitate
1417 4973 1712 5030 horridius
1732 4972 1761 5028 *ἲ
1789 4972 1935 5028 Hine
1963 4971 2062 5029 ille
2092 4988 2223 5028 cum
2255 4971 2379 5028 hac
2409 4971 2668 5044 legisset,
2697 4972 2817 5030 sive
2847 4974 3175 5033 Alexander
3203 4977 3619 5052 chartophylax

193 5067 486 5126 diaconus
527 5065 1230 5139 Constantinopolitanus,
1261 5065 1381 5121 sive
1413 5064 1546 5136 quis
1577 5063 1751 5131 alius,
1785 5079 1902 5118 non
1933 5062 2170 5136 illepide
2199 5066 2504 5125 adnotavit
2536 5084 2550 5122 :

1066 5186 1332 5266 Obscena
1351 5188 1412 5244 τί
1443 5189 1546 5266 ιρής
1578 5185 1780 5266 ἒνθάδε,
1816 5189 2118 5266 Χωνειάτα·

1063 5262 1238 5339 Σρφὸν
1271 5261 1332 5315 τὸ
1363 5260 1525 5339 (Ἦῴὶς
1558 5261 1886 5339 συγγράφειν
1909 5260 2274 5339 εἷναιηλέγειςς

1062 5329 1196 5391 Εἶτα
1224 5329 1477 5461 γιριφώδὴ
1508 5333 1596 5388 καὶ
1634 5329 1928 5415 βαραςθώδη
1960 5329 2206 5411 γράφεις.
2235 5334 2496 5406 Nempe:

1064 5406 1205 5461 Ouid
1269 5409 1319 5461 ic
1345 5406 1515 5461 dicas.
1541 5421 1571 5461 ο
1604 5407 1897 5461 Chomata.
1925 5410 2124 5461 nescio.

1064 5406 1205 5477 Quid
1230 5406 1319 5461 hic
1334 5406 1515 5472 dicas,
1541 5421 1571 5462 ο
1604 5406 1897 5474 Choniata,
1925 5406 2124 5476 acacia,

1063 5477 1344 5535 Orationis
1375 5478 1616 5534 lucidum
1647 5478 1850 5550 probas
1873 5480 2062 5544 decus,

1061 5550 1450 5608 Tenebricosus
1479 5550 1662 5606 instar
1690 5552 1807 5622 ipse
1834 5551 2058 5606 tartari.

196 5675 325 5733 Non
352 5677 431 5738 ita
463 5682 669 5736 tamen
702 5693 928 5751 semper
959 5677 1197 5746 insanit,
1230 5680 1295 5732 ut
1323 5675 1635 5748 aliquando
1668 5692 1781 5732 non
1814 5676 1872 5731 in
1905 5676 2160 5730 mentem
2192 5675 2407 5746 redeat,
2440 5689 2572 5730 cum
2604 5690 2758 5748 saape
2789 5675 3002 5750 saepius
3045 5682 3101 5736 et
3149 5684 3484 5742 amoenitate
3515 5687 3607 5742 di-

195 5767 475 5838 ctionum,
507 5775 562 5824 et
593 5767 917 5841 figurarum
947 5768 1252 5836 suavitate,
1285 5765 1832 5839 sententiarumque
1863 5764 2158 5836 ingeniosa
2190 5765 2454 5824 ubertate
2484 5764 2693 5838 valeat,
2727 5771 2783 5826 et
2808 5767 2933 5826 sine
2962 5771 3234 5844 strepitu,
3265 5779 3319 5832 et
3352 5776 3610 5832 concita-

193 5855 349 5916 tione
369 5859 587 5918 leniter
613 5857 779 5913 ﬂuat.

512 5979 786 6043 Psrnon.
833 5978 943 6041 Gn.
990 5975 1311 6042 CXXXIX.
3206 5980 3282 6045 lO
