4034 6202
432 333 549 394 399
1735 315 2075 380 NICETAS
2121 320 2563 381 CHONIATES
3654 327 3750 390 300

499 463 657 518 Hanc
690 457 990 514 historiam
1021 453 1224 510 Latine
1253 450 1506 507 reddidit
1535 449 1923 522 Hieronymus
1953 451 2222 520 Wolfius,
2257 451 2455 507 fusum
2489 451 2646 506 illius
2675 465 2741 506 ac
2773 447 3062 521 prolixum
3119 447 3343 504 dicendi
3387 467 3556 523 genus
3579 455 3762 526 vitans,

429 561 485 612 et
516 556 574 609 in
606 549 1018 608 contractiores
1048 542 1332 599 terminos
1363 539 1760 603 contrahens;
1794 545 1850 596 et
1880 542 2254 612 potissimum
2287 542 2345 596 in
2379 541 2554 598 rebus
2577 540 2716 607 illis,
2761 555 3008 611 quarum
3054 540 3394 596 sententiam
3439 560 3539 599 non
3582 562 3762 619 usque-

429 658 657 715 quaque
687 637 1036 708 assequitur,
1068 631 1485 702 expressioque
1517 647 1633 686 non
1669 630 1752 685 ita
1783 629 1969 685 facilis
2001 635 2150 699 erat,
2179 632 2502 688 sententias
2533 629 2786 686 auctoris
2818 627 3166 701 appendere,
3213 630 3487 702 verbaque
3522 650 3766 693 annume-

430 747 556 786 rare
586 742 823 783 necesse
854 741 969 780 non
1029 721 1252 778 habuit.
1289 723 1503 774 Verum
1561 717 1643 787 id,
1674 725 1735 774 ut
1793 717 1891 774 ille
1949 718 2106 788 facit,
2158 720 2217 775 in
2273 719 2388 775 fido
2458 719 2773 790 interprete
2830 716 3193 774 laudandum
3251 735 3361 773 non
3415 721 3639 790 videtur,
3688 726 3771 795 qui

428 820 564 874 licet
639 832 752 871 non
829 813 1040 869 debeat
1115 824 1459 865 mensurare
1530 806 1728 876 verba,
1807 811 2064 863 attamen
2142 809 2378 863 modum
2455 807 2750 874 dictionis,
2782 810 2840 862 et
2883 810 3081 863 notam
3123 806 3314 880 aliquo
3343 808 3501 864 etiam
3532 813 3702 880 modo,
3728 817 3776 869 et

426 906 525 963 ubi
557 904 859 961 commode
889 901 1014 956 ﬁeri
1043 901 1252 971 potest,
1285 896 1425 952 dum
1456 897 1734 951 transfert
1790 901 2230 968 repraesentare,
2291 903 2464 968 atque
2520 901 2581 952 ut
2648 897 2732 952 ita
2773 897 2965 953 dicam
3016 912 3128 967 pra:
3168 897 3348 953 oculis
3391 915 3586 966 ponere
3616 901 3776 964 debet.

423 996 677 1052 Wolfius
710 993 941 1050 duobus
966 987 1267 1047 codicibus
1298 1003 1440 1042 usus
1471 989 1582 1051 est,
1616 1000 1868 1056 quorum
1899 984 2149 1040 alterum
2179 987 2417 1042 Antonii
2469 985 2735 1057 Fuggeri,
2794 983 3042 1041 alterum
3076 984 3272 1041 herilis
3302 985 3626 1044 bibliotheca
3660 1005 3778 1060 sup.

426 1084 735 1159 peditavit,
770 1083 983 1154 quibus
1005 1079 1244 1135 tandem
1278 1075 1527 1132 accessit
1551 1074 1756 1130 tertius
1780 1079 2129 1146 Augustanre
2153 1075 2540 1142 bibliothecas,
2566 1079 2834 1131 vetustus
2858 1075 3178 1131 admodum
3211 1075 3310 1130 sed
3335 1075 3600 1147 principio
3619 1083 3667 1132 et
3685 1078 3779 1134 ﬁne

428 1175 698 1242 mutilus,
729 1188 834 1229 nec
860 1168 1094 1240 reliquis
1125 1165 1390 1239 partibus
1426 1163 1646 1235 ubique
1676 1163 2012 1221 incolumis.
2046 1163 2397 1220 Obscuriora
2422 1164 2567 1236 loca,
2599 1167 2659 1220 et.
2685 1163 2875 1220 varias
2907 1163 3185 1221 lectiones
3205 1163 3516 1234 subjunxit.
3532 1166 3681 1222 Edita
3705 1171 3780 1222 est

428 1264 672 1320 historia
697 1261 930 1328 Nicetai,
976 1261 1215 1314 curante
1261 1253 1506 1310 Antonio
1560 1253 1823 1325 Fuggero
1864 1253 2056 1309 Griece
2105 1257 2162 1309 et
2221 1253 2414 1309 [.atine
2464 1269 2597 1310 cum
2662 1254 3138 1325 interpretatione
3166 1253 3363 1311 Wolﬁi
3393 1256 3613 1311 Basileie
3654 1256 3782 1328 apud

431 1354 753 1427 Oporinum
785 1352 844 1406 in
880 1348 1018 1406 folio
1049 1363 1203 1404 anno
1250 1343 1405 1411 1557,
1441 1348 1499 1399 et
1529 1358 1734 1398 recusa
1763 1341 1821 1396 in
1853 1343 1885 1397 4
1917 1345 2070 1414 apud
2103 1343 2363 1399 hmredes
2394 1343 2678 1399 Eustathii
2743 1343 3009 1414 Vignonii
3067 1360 3219 1400 anno
3277 1343 3432 1400 4593.
3481 1345 3783 1401 Possevinus

427 1444 489 1500 in
523 1445 804 1515 apparatu
839 1438 1078 1496 scribit:
1114 1433 1362 1491 Wolﬁus
1385 1449 1494 1489 non
1523 1434 1655 1488 satis
1688 1431 1872 1490 Greece
1899 1432 2079 1489 sciens
2111 1432 2268 1488 illius
2298 1435 2568 1505 interpres
2599 1449 2710 1490 non
2739 1433 2906 1504 facile
2941 1431 3311 1490 admittendus
3342 1441 3422 1490 est
3461 1434 3546 1506 (i).
3593 1434 3789 1506 Legitur

431 1537 490 1589 et
521 1529 928 1601 manuscripta
957 1527 1016 1581 in
1053 1523 1425 1582 bibliothecis
1459 1523 1763 1590 Vaticana,
1788 1524 1971 1596 Regia
2002 1523 2322 1594 Lutetiana,
2348 1523 2526 1595 Regia
2543 1523 2741 1581 Sancti
2773 1523 3096 1593 Laurentii,
3117 1532 3170 1580 et
3191 1523 3514 1580 alibi.Scias
3536 1529 3790 1594 praeterea,

431 1621 637 1686 lector,
671 1616 1165 1690 quemadmodum
1194 1613 1470 1670 historias
1499 1614 1676 1668 Annis
1707 1616 2034 1684 Comnenaa,
2066 1622 2119 1669 et
2149 1613 2378 1685 Georgii
2408 1613 2775 1686 Acropolitaa,
2808 1617 2874 1668 ut
2903 1613 3100 1669 minus
3146 1612 3448 1670 laboriosis
3498 1613 3795 1669 hominibus

437 1723 655 1764 morem
686 1711 934 1779 gereret,
969 1704 1308 1776 quicunque
1339 1702 1438 1759 ille
1469 1702 1582 1759 fuit
1612 1704 1958 1771 decurtavit,
1989 1707 2048 1759 et
2077 1710 2143 1773 ut
2173 1703 2544 1776 angustiores
2576 1703 2814 1772 limites,
2845 1721 2973 1774 quas
3005 1701 3091 1757 illi
3125 1702 3472 1760 videbantur
3508 1703 3796 1774 prolixiora,

433 1802 492 1854 et
522 1796 716 1852 minus
749 1795 1083 1852 necessaria
1111 1792 1465 1850 subtrahens
1493 1792 1804 1860 conclusit,
1837 1793 1919 1848 ita
1947 1794 2123 1849 etiam
2156 1792 2458 1849 historiam
2508 1792 2806 1850 Choniatw
2857 1796 3268 1864 pertractasse,
3320 1808 3392 1848 ne
3438 1793 3620 1847 dicam
3653 1791 3798 1847 muti-

431 1886 609 1956 lasse,
641 1900 820 1956 quam
851 1899 982 1940 cum
1017 1883 1148 1940 aliis
1179 1883 1412 1939 duobus
1461 1899 1578 1940 uno
1625 1882 1922 1939 volumine
1952 1883 2290 1955 complexus
2320 1887 2430 1939 est.
2463 1883 2670 1940 Confer
2718 1900 2752 1939 a
2781 1883 2952 1939 nobis
2985 1882 3201 1938 editam
3233 1881 3574 1954 Acropolitaa
3603 1898 3720 1937 cum
3745 1880 3804 1936 ii-

431 1974 543 2030 lius
572 1974 939 2044 compendio,
973 1989 1078 2028 nec
1105 1989 1221 2028 non
1250 1974 1430 2027 Anna
1471 1972 1688 2028 editam
1716 1973 1992 2044 Augustas
2025 1973 2096 2027 ab
2128 1971 2470 2029 Hoeschelio
2500 1988 2633 2028 cum
2668 1972 2782 2028 alia
2811 1973 3070 2043 ejusdem
3100 1989 3282 2044 quam
3308 1973 3644 2045 promittunt
3671 1975 3805 2043 typo-

432 2062 639 2136 graphi
669 2062 837 2135 Regii
868 2062 1250 2132 Parisienses,
1281 2066 1338 2119 et
1366 2062 1588 2119 videbis
1619 2063 1760 2134 quid
1793 2063 1945 2118 inter
1973 2063 2190 2120 editam
2226 2063 2462 2129 Nicetes,
2494 2072 2548 2118 et
2585 2079 2714 2120 eam
2753 2080 2882 2136 quas
2913 2063 2973 2118 in
3017 2064 3436 2136 compendium
3475 2064 3694 2120 redacta
3719 2066 3810 2129 est,

427 2153 665 2210 intersit
698 2169 712 2208 :
743 2153 815 2209 ab
845 2169 960 2210 uno
991 2152 1149 2209 enim
1180 2153 1350 2224 genio
1381 2153 1562 2209 trium
1595 2153 1806 2209 horum
1833 2152 2251 2210 historicorum
2282 2154 2702 2226 compendium
2734 2155 3057 2226 perfectum
3089 2157 3202 2223 est,
3231 2157 3299 2210 et
3323 2154 3527 2210 eadem
3560 2151 3702 2208 ascia
3726 2151 3811 2206 de-

434 2253 719 2310 dolatum.

499 2347 775 2399 Attamen
807 2357 921 2398 non
953 2330 1061 2397 hac
1092 2344 1324 2397 tantum
1355 2341 1604 2398 historia
1632 2344 1971 2398 contentum
2030 2343 2216 2400 fuisse
2273 2343 2643 2410 Choniatam,
2689 2344 2789 2400 sed
2841 2343 3020 2400 aliam
3069 2358 3308 2416 quoque
3362 2343 3677 2416 scripsisse,
3706 2356 3813 2413 quas

431 2433 622 2490 adhuc
640 2448 756 2489 non
782 2431 1129 2502 comparuit,
1167 2447 1348 2503 arguo
1377 2449 1444 2488 ex
1502 2432 1772 2504 ejusdem
1829 2433 2181 2505 fragmento,
2242 2434 2398 2505 quod
2457 2450 2633 2505 penes
2694 2449 2785 2490 me
2844 2437 2953 2504 est,
2986 2434 3059 2490 de
3097 2434 3320 2490 statuis
3367 2434 3612 2504 aliisque
3640 2448 3702 2487 ex
3726 2445 3822 2486 sere

434 2522 610 2578 factis
628 2519 844 2576 tabulis
892 2519 1015 2592 igni
1058 2519 1294 2576 traditis
1337 2538 1372 2576 a
1414 2521 1637 2578 Latinis
1681 2525 1813 2593 post
1868 2526 2096 2593 captam
2156 2523 2738 2593 Constantinopolim,
2771 2524 2926 2594 quod
2961 2524 3018 2578 in
3051 2522 3302 2578 historia
3324 2523 3452 2595 jam
3486 2523 3698 2593 vulgata
3724 2535 3817 2574 non

433 2611 667 2683 legitur,
700 2615 757 2666 et
785 2610 1110 2681 exscriptor
1148 2609 1230 2664 ait
1277 2626 1337 2666 se
1381 2627 1450 2666 ex
1502 2610 1746 2666 historia
1787 2610 2002 2666 Nicetis

2241 2612 2428 2682 psisse
2467 2629 2481 2669 :
2531 2614 2638 2667 Τοῦ
2695 2609 2860 2665 αὐτοῦ
2911 2609 3209 2684 μακαρίτου
3258 2608 3456 2684 κυρίου
3503 2610 3708 2679 Nudae
3744 2608 3825 2660 τοῦ

429 2699 748 2756 Χωνειάτου
799 2697 905 2752 ἀπὸ
953 2702 1053 2766 τῆς
1100 2696 1267 2750 αὐτοῦ
1320 2697 1564 2772 ἱστορίας
1603 2698 1728 2772 περὶ
1778 2704 2022 2754 Κωνσταν

2234 2699 2420 2762 illam.
2481 2701 2737 2772 Ejusdem
2792 2703 2964 2758 beatae
3023 2701 3320 2758 memoriae
3385 2701 3597 2757 domini
3656 2700 3827 2754 Niceti:

433 2790 742 2859 Choniata,
771 2804 843 2844 ea:
873 2788 1031 2844 illius
1060 2788 1312 2844 Historia
1341 2788 1410 2844 de
1442 2788 1931 2862 Constantinopoli.
1973 2790 2026 2845 Ei

2236 2791 2280 2846 it
2311 2807 2324 2847 :
2363 2792 2474 2858 Τῆς
2506 2786 2564 2844 δὲ
2591 2788 2862 2866 ἡμετέρας
2911 2786 3189 2864 βασιλείας
3219 2789 3349 2864 ἄρτι
3379 2785 3829 2853 διαπεπτευθείοης

429 2877 507 2940 είς
539 2875 950 2952 Φραγγίσκους.

510 2967 766 3040 Dignum
795 2967 1025 3022 tandem
1058 2973 1145 3022 est
1173 2969 1207 3020 J
1214 2965 1326 3022 usti
1354 2967 1532 3039 Lipsii
1550 2967 1840 3039 judicium
1869 2968 1940 3023 de
1969 2967 2189 3033 Niceta,
2221 2969 2376 3040 quod
2406 2983 2476 3025 ex
2507 2969 2658 3025 notis
2705 2969 2777 3025 ad
2825 2967 2926 3024 lib.
2981 2970 3004 3025 Ι
3042 2968 3423 3026 Politicorum
3475 2968 3592 3024 huc
3638 2965 3833 3023 retera-

435 3062 570 3114 tur:
606 3057 820 3113 Nicetes
852 3055 1168 3124 Choniates,
1198 3058 1295 3128 qui
1323 3072 1411 3112 res
1443 3057 1759 3114 Graecanici
1787 3058 2015 3129 imperii
2043 3058 2288 3129 scripsit,
2321 3075 2480 3114 orsus
2507 3061 2608 3114 abs
2632 3060 2840 3115 Joanne
2885 3058 3155 3114 Comneno
3194 3060 3418 3115 Atezii
3461 3060 3521 3115 F.
3569 3058 3637 3113 ad
3674 3055 3839 3111 urbem

434 3153 676 3218 captam,
699 3147 814 3202 sive
850 3145 920 3200 ad
951 3146 1286 3200 Balduinum
1318 3146 1640 3201 Ftandrum.
1673 3147 1723 3202 Is
1753 3163 1949 3218 parum
1988 3147 2166 3202 adhuc
2195 3149 2356 3217 vulgo
2385 3153 2564 3216 notus,
2595 3150 2794 3219 fateor,
2820 3148 2922 3204 sed
2949 3146 3322 3218 dignissimus
3375 3149 3588 3205 notitia
3616 3162 3635 3200 :
3661 3156 3840 3218 purum

433 3244 756 3306 rectumque
788 3232 1096 3304 ingenium,
1125 3234 1176 3287 si
1203 3233 1314 3287 alio
1349 3233 1491 3288 illud
1518 3249 1650 3290 sevo.
1692 3234 1882 3305 Stylus
1910 3234 2081 3291 etiam
2112 3251 2385 3306 operosus,
2435 3241 2620 3306 poetas
2685 3240 2738 3292 et
2793 3237 3092 3292 Homerum
3139 3251 3300 3306 saepe
3333 3237 3617 3310 resipiens
3649 3254 3668 3290 :
3693 3240 3744 3289 at
3771 3245 3845 3286 res

434 3330 487 3382 et
516 3325 767 3380 narratio
799 3325 919 3395 ipsa
944 3322 1197 3380 distincte
1223 3322 1537 3394 composita,
1579 3325 1699 3379 sine
1727 3323 1988 3390 vanitate,
2020 3323 2141 3380 sine
2169 3326 2420 3395 ineptiis,
2476 3325 2654 3381 brevis
2699 3329 2842 3396 quod
2893 3327 3024 3380 satis
3076 3327 3148 3380 sit
3192 3334 3253 3382 et
3303 3326 3448 3396 ﬁda.
3484 3325 3685 3381 Crebra
3718 3318 3845 3393 apud

439 3431 567 3472 cum
597 3417 647 3469 et
686 3416 992 3484 Opportuna
1021 3413 1228 3466 monita
1255 3427 1275 3472 ;
1307 3410 1529 3482 judicia
1558 3427 1668 3467 non
1702 3411 1878 3467 libera
1901 3413 2102 3480 solum,
2131 3413 2222 3469 sed
2241 3413 2492 3470 sana.Ad
2513 3430 2784 3470 summam
2805 3414 2971 3484 legite
2993 3429 3099 3482 vos,
3123 3413 3356 3484 politici
3386 3431 3400 3482 ;
3439 3415 3695 3484 gratiam
3733 3409 3856 3467 mihi

441 3506 648 3574 aliquis
675 3517 775 3572 pro
792 3500 1006 3570 judicio
1036 3499 1276 3564 habebit,
1307 3503 1456 3554 certe
1482 3499 1713 3556 debebit.
1745 3500 2001 3572 Angelus
2031 3501 2354 3558 Politianus
2384 3503 2528 3558 satis
2585 3501 2670 3558 illi
2722 3502 2994 3558 tribuisse
3045 3502 3158 3558 sibi
3209 3503 3394 3560 visus
3422 3509 3541 3575 est,
3573 3503 3625 3559 si
3657 3501 3857 3557 dictum

443 3593 702 3649 Nicetam
736 3591 890 3646 inter
921 3605 1035 3645 non
1069 3589 1461 3659 aspernabiles
1493 3591 1733 3646 omnino
1754 3594 1976 3646 Greece
2010 3596 2276 3648 auctores
2307 3591 2634 3657 collocaret,
2665 3590 2906 3648 Miscell.
2939 3608 3065 3663 cap.
3099 3592 3190 3648 28.

515 3681 811 3751 Leguntur
841 3683 1116 3750 praeterea
1145 3676 1333 3748 ipsius
1366 3677 1479 3733 alia
1509 3694 1522 3733 :
1555 3676 1683 3751 Περῖ
1713 3681 1810 3731 τοῦ
1841 3674 2108 3753 δόγματος

2275 3682 2410 3733 Θεοῦ
2437 3682 2534 3733 τοῦ
2568 3677 2831 3752 Μωάμευ.
2860 3681 2934 3735 De
2967 3680 3223 3748 dogmate
3256 3683 3368 3739 Dei
3428 3679 3774 3739 Hohametici
3801 3675 3861 3744 (ἰ)

435 3777 500 3826 Ρ.
534 3771 818 3845 ’Έγκειται
848 3770 926 3838 τῷ
954 3769 1316 3839 κατηχητικῷ
1345 3764 1556 3838 πυκτίῳ
1592 3767 1708 3838 μεθ’
1740 3764 1934 3840 ἑτέρων
1967 3765 2028 3843 ἀς

2273 3789 2310 3823 ν.
2343 3769 2734 3834 Ουωειὶοοοω
2765 3769 3049 3840 promovit
3080 3769 3325 3828 Manuel
3362 3772 3716 3846 imperator.
3743 3766 3866 3832 Qui-

437 3860 554 3914 bus
587 3875 720 3914 vero
748 3857 968 3913 artibus
1009 3861 1068 3912 et
1093 3856 1322 3911 tcchnis
1355 3856 1667 3928 praesulum
1699 3858 1927 3912 animos
1952 3873 2237 3928 occupare
2269 3858 2594 3925 tentaverit,
2626 3857 2765 3913 etin
2793 3873 2960 3912 suam
3011 3860 3384 3916 sententiam
3441 3861 3709 3926 traxerit,
3758 3857 3867 3910 fuse

433 3949 550 4020 egit
581 3947 810 4002 Nicetes
842 3945 901 4001 in
926 3945 1257 4012 Annalibus,
1290 3949 1345 4000 et
1369 3946 1473 4000 dos
1506 3944 1644 4001 alibi
1680 3945 1962 4001 dicemus.

509 4036 638 4110 Περὶ
669 4039 765 4090 τοῦ
797 4033 1100 4113 φιλοσόφου
1159 4033 1398 4093 Ἰταλοῦ,
1432 4037 1508 4091 De
1559 4036 1884 4108 philosopho
1935 4039 2094 4092 Italo.

2274 4034 2446 4109 ἈλΛἙ
2487 4036 2539 4098 ἒς
2577 4033 2703 4091 τόδε
2738 4037 2830 4108 μὲν
2858 4038 2920 4092 τὸ
2951 4037 3074 4112 περὶ
3103 4041 3213 4092 τῶν
3245 4039 3498 4112 ἀζύμων
3543 4039 3867 4109 ληξάτωσαν.

515 4127 720 4183 Contra
751 4126 988 4181 Latinos
1020 4126 1084 4180 de
1109 4127 1348 4195 azymis,
1380 4125 1610 4180 duobus
1641 4125 2012 4193 tractatibus,
2047 4143 2108 4196 qi

2278 4125 2572 4182 ialterius
2603 4125 2957 4199 principium
3001 4132 3129 4183 est:
3177 4126 3246 4183 Et
3303 4122 3428 4182 ἔστι
3483 4129 3721 4197 σύνεσις,
3750 4121 3871 4201 φησὶ

446 4212 745 4287 Σολομὼν,
777 4212 1102 4286 ἂποκρίθητι
1142 4216 1222 4284 τῷ
1251 4211 1512 4281 πλησίον,
1546 4213 1634 4267 καὶ
1671 4214 1746 4286 μὴ
1801 4212 2039 4287 κωλύσῃς

2286 4259 2299 4272 .
2358 4215 2615 4270 Alterius
2673 4231 2804 4272 vero
2850 4215 3201 4288 principium
3257 4223 3406 4276 est:
3463 4218 3541 4274 Τὸ
3603 4216 3727 4289 περὶ
3777 4219 3871 4268 τῶν

442 4303 663 4377 ἀζόμων
693 4302 828 4357 κατὰ
859 4301 1099 4356 Λασίνων
1130 4299 1378 4374 αἰτίαμα.

511 4393 651 4448 Item
684 4390 833 4443 Κατὰ
862 4389 1107 4444 Λατίνων
1150 4389 1275 4465 περὶ
1326 4393 1423 4443 τοῦ
1466 4389 1627 4466 ἁγίου
1669 4389 2001 4463 Πνεύματος.
2054 4393 2102 4446 Α

2288 4408 2332 4448 is
2376 4390 2602 4448 Latinos
2648 4392 2714 4448 de
2763 4392 2974 4464 Spiritu
3018 4396 3227 4449 sancto.
3283 4392 3450 4466 Ξὲνή
3506 4417 3596 4460 τις
3638 4391 3750 4450 ἒστὶ
3804 4388 3881 4446 καὶ

437 4478 766 4546 ἀλλόκοτος,
797 4478 862 4546 ἤν
895 4479 946 4531 οἱ
978 4479 1248 4552 Ῥωμαῖοι
1278 4480 1332 4534 ὲν
1365 4482 1444 4551 τῷ
1483 4479 1620 4552 ἁγίῳ
1652 4474 1919 4552 συμϐόλῳ
1948 4500 2020 4534 πο

2290 4481 2620 4554 προσθήκην.
2671 4481 2795 4538 Nisi
2855 4482 3199 4554 dogmaticas
3253 4483 3437 4541 illius
3493 4484 3788 4556 Panopliie
3835 4485 3883 4536 ct

433 4570 697 4626 thesauri
731 4569 854 4625 haec
885 4569 1058 4624 etiam
1093 4572 1278 4626 frusta
1308 4576 1620 4643 partesque
1650 4576 1808 4626 sunt.
1845 4571 1907 4626 Id
1955 4572 2002 4626 si
2035 4571 2231 4638 fuerit,
2264 4572 2550 4628 immerito
2584 4572 2754 4643 plane
2800 4573 2871 4627 de
2919 4589 2986 4628 eo
3028 4573 3234 4629 Petrus
3293 4575 3607 4634 Morellus
3642 4591 3888 4648 pronun-

431 4660 627 4717 tiavit:
666 4659 816 4728 Quod
845 4658 1068 4730 quidem
1099 4665 1308 4731 quanta
1339 4660 1628 4728 diligentia
1664 4660 1957 4732 laboreque
1987 4662 2331 4731 prastiterit,
2364 4664 2638 4716 testantur
2685 4666 3068 4733 aeternumque
3115 4665 3503 4722 testabantur
3543 4667 3759 4723 divina:
3805 4665 3888 4718 lu—

434 4750 806 4819 cubrationes,
837 4765 976 4821 quas
1009 4749 1070 4804 in
1102 4749 1200 4806 hoc
1230 4767 1367 4820 opus
1396 4764 1522 4805 vere
1553 4765 1789 4804 aureum
1821 4752 2119 4818 congessit,
2153 4755 2406 4820 tantoque
2435 4750 2674 4819 artiﬁcio
2711 4751 2778 4806 ab
2825 4751 2958 4822 ipsis
3009 4751 3207 4807 Adami
3253 4755 3630 4824 primordiis
3680 4755 3750 4812 ad
3799 4768 3895 4808 sua

435 4857 604 4912 usque
633 4849 876 4912 tempora
907 4839 1159 4909 deduxit,
1220 4844 1277 4895 ut
1329 4839 1611 4896 haereseon
1671 4852 1794 4907 quae
1844 4844 1973 4894 ante
2030 4838 2309 4894 Christum
2364 4849 2578 4906 natum,
2609 4844 2663 4894 et
2715 4858 2748 4894 a
2799 4840 3013 4897 Christo
3071 4849 3201 4897 nato
3257 4848 3450 4914 quasi
3507 4846 3895 4918 hypotypcsim

419 4931 726 5002 quamdam
759 4931 1155 4986 consecraverit
1189 4944 1202 4995 ;
1239 4944 1350 4999 qua
1384 4927 1658 4990 consulta,
1691 4928 1741 4980 si
1788 4927 1932 4996 quod
1986 4927 2288 4997 aliquando
2342 4927 2570 4982 dubium
2595 4931 2661 4983 de
2689 4929 2849 4984 rebus
2905 4928 3110 4984 divinis
3160 4931 3544 5001 suboriatur,
3593 4933 3776 5007 possit
3805 4935 3899 4989 sta-

422 5024 528 5077 tim
557 5021 733 5078 vizleri
762 5028 944 5075 utram
985 5021 1038 5072 in
1083 5022 1298 5089 partem
1349 5015 1676 5086 ﬂectendum
1723 5014 1815 5070 sit.
1879 5021 2084 5071 Praeter
2133 5016 2289 5071 enim
2337 5033 2561 5073 errores
2613 5018 2684 5073 de
2736 5021 3104 5090 processione
3151 5020 3434 5091 Spiritus
3491 5027 3696 5082 sancti
3749 5030 3806 5080 et
3836 5023 3901 5076 de

426 5112 671 5184 azymis,
705 5127 853 5182 quos
886 5110 1163 5165 adversus
1201 5107 1433 5162 Latinos
1467 5121 1534 5160 ex
1569 5105 1827 5176 professo
1858 5108 2074 5171 tuetur,
2106 5104 2354 5160 latenter
2383 5105 2557 5162 etiam
2589 5106 2702 5162 alia
2737 5107 2796 5162 in
2827 5109 3062 5163 easdem
3114 5109 3452 5184 inspergit.
3516 5113 3734 5188 Neque
3784 5121 3901 5168 tan-

425 5201 556 5257 dem
590 5201 805 5270 omnia,
841 5216 968 5272 quaa
1001 5196 1099 5252 ille
1128 5195 1345 5252 ibidem
1396 5195 1673 5263 aiﬁrmat,
1723 5193 1851 5250 sine
1900 5210 2069 5265 verte,
2118 5194 2419 5251 catholica:
2472 5194 2724 5266 scilicet,
2758 5197 2982 5252 trutinae
3013 5197 3288 5254 examine
3327 5203 3716 5276 accipienda
3749 5207 3904 5259 sunt.

501 5325 569 5394 (ἰ)
613 5325 800 5381 Wolfii
851 5328 1075 5402 curtam
1115 5320 1485 5402 _Graecitat_is__
1510 5319 1929 5402 supellectilem
1976 5335 2084 5402 nos
2192 5319 2295 5402 ΥΙΙ
2318 5319 2458 5374 edit.
2494 5320 2672 5402 [faris
2706 5321 2920 5402 p._i_42.
2955 5323 3298 5402 Et__quidem
3324 5397 3336 5402 _
3367 5327 3571 5402 breve
3616 5330 3908 5402 scriptum

435 5390 668 5468 quoque
700 5400 1074 5468 coarguimus
1112 5397 1169 5451 in
1212 5392 1706 5468 adnotationibus
1745 5391 1959 5468 nostris
2008 5391 2081 5445 ad
2192 5390 2453 5468 Graecum
2488 5390 3096 5468 deADeo'Mohamedis
3146 5397 3419 5468 memini
3478 5418 3586 5458 me
3619 5390 3825 5458 videre
3855 5402 3908 5454 in

429 5463 818 5546 Ephraernium
842 5463 1349 5546 chronpgraphum
1377 5467 1576 5546 Script.
1614 5467 1715 5546 vel:
1756 5469 1804 5546 t.‘
1826 5463 2077 5546 lil_,part.
2193 5463 2372 5545 codd:
2395 5466 2524 5518 Vat.
2559 5463 2667 5518 Sed
2701 5471 2854 5546 certe
2884 5464 3336 5546 Nicctasalips,
3378 5471 3587 5546 i_ci_est
3631 5471 3909 5546 Byzanti-

433 5532 558 5617 r,"p.
592 5534 695 5588 M6
742 5543 805 5617 et
839 5532 1366 5617 iTt.__inan'q_uam_
1405 5532 1560 5608 quod
1608 5536 1813 5617 attinet
1844 5532 2026 5617 albis

2319 5576 2324 5597 .
2358 5532 2417 5617 in
2449 5550 2621 5617 opere
2651 5536 2880 5617 anubis
2910 5537 3062 5594 edito
3094 5538 3155 5617 Βἶ
3187 5532 3356 5617 Νκίί.
3394 5542 3500 5611 IV,
3549 5532 3722 5617 part.
3763 5564 3824 5613 ιι,
3859 5561 3912 5616 p.

432 5605 658 5681 φήφιογ,
693 5607 843 5661 male
874 5626 922 5681 Aa
967 5609 1172 5681 Wolfio
1198 5605 1590 5673 intellectum,
1642 5609 1699 5662 id
1732 5609 1856 5681 jam
1903 5606 2081 5681 fuisse
2189 5605 2404 5681 36_i,_ct
2435 5623 2490 5676 p.
2523 5607 2789 5674 399-406,
2824 5609 3039 5665 diserte
3070 5609 3350 5666 ostendit
3386 5605 3604 5672 Deum
3649 5605 3917 5674 Abraha-

428 5675 800 5733 émendatum
837 5678 908 5751 ab
942 5678 1147 5734 Allatio
1182 5686 1378 5746 postea
1409 5675 1793 5750 cognovimus
1825 5680 1882 5732 in
1916 5679 2075 5749 praef.
2189 5676 2376 5751 mi,4i_d
2424 5675 2514 5732 est
2561 5683 2746 5751 Deum
2793 5695 3016 5751 verum,
3076 5681 3399 5740 diversum
3461 5702 3615 5749 esse
3649 5706 3686 5750 α
3717 5689 3919 5748 Moha-

425 5751 496 5808 ad
530 5752 794 5818 excerpta
819 5750 1142 5804 rhetorum.
1171 5757 1236 5805 Δ.
1271 5755 1345 5805 Μ.
1484 5748 1508 5750 “⁷
1917 5748 1930 5749 ί
2187 5748 2370 5806 medis
2402 5754 2534 5805 Deo.
2567 5750 2644 5808 A.
2665 5754 2740 5810 Μ.

500 5822 576 5897 (j)
615 5823 760 5881 Rem
789 5819 956 5880 video
989 5821 1149 5892 tangi
1180 5836 1214 5876 ο.
1240 5821 1440 5878 Niceta
1466 5820 1770 5891 Choniata,
1801 5822 1941 5879 Hist.
1971 5819 2075 5880 lib.
