4062 6202
178 382 273 442 301
1653 335 2103 439 PMFATIO.
2460 356 2466 361 ’
3465 385 3580 444 302

227 519 464 576 Finiam
498 517 573 571 de
603 512 888 570 Cboniata
919 509 1242 565 orationem
1299 507 1491 563 verbis
1548 507 1738 564 Vossii
1795 510 1866 565 de
1923 512 2306 583 scriptoribus
2345 513 2579 579 Graecis,
2613 514 2829 585 quibus
2870 514 2968 570 ille
2998 513 3272 570 Gulielmi
3305 513 3586 587 Xylandri

178 608 570 681 suspicionem
610 604 680 658 de
713 601 908 656 Niceta
943 599 1177 662 Davide,
1209 601 1267 652 et
1294 598 1494 652 Niceta
1522 597 1804 653 Chontata
1827 599 2034 656 refellit
2067 617 2079 655 :
2117 600 2376 658 Gulielmi
2406 603 2671 674 Xylandri
2733 605 2970 675 suspicio
3028 611 3129 671 est,
3187 604 3439 658 eumdem
3477 619 3588 659 esse

182 699 309 752 hunc
338 697 595 751 Nicetam
629 690 910 755 Davidem,
943 691 1039 759 qui
1067 696 1118 743 et
1147 689 1365 742 Nicetas
1403 686 1699 757 Paphlago,
1733 703 1796 741 ac
1835 688 2003 743 illum
2053 691 2142 744 cui
2200 691 2511 748 Acomz'nati
2565 702 2980 764 cognomentum
3033 691 3164 762 fuit.
3200 691 3302 748 Sed
3342 697 3590 760 tempora

172 791 425 844 videntur
455 782 864 839 disconvenire.
899 781 963 832 In
993 776 1322 849 quibusdam
1350 775 1504 831 codd.
1549 792 1675 832 mss.
1735 777 1935 833 Nicetze
1991 780 2214 848 Davidi,
2278 781 2605 853 philosOpho
2661 778 3028 851 Paphlagoni,
3083 780 3437 848 tribuuntur,
3469 795 3590 850 quae

178 879 263 933 alii
293 875 600 932 ascribunt
633 870 831 927 Nicetes
860 867 1114 936 Serrom‘,
1148 869 1302 937 prius
1328 865 1586 920 Ecclesiae
1617 865 2250 938 Constantinopolitanae
2305 870 2560 938 diacono,
2619 877 2813 944 postea
2871 878 3064 924 autem
3122 869 3463 924 Heracliensi
3491 885 3588 924 ar-

181 968 520 1036 chiepiscopo
553 980 570 1014 :
603 970 665 1015 ut
688 962 749 1014 in
782 965 986 1012 Latena
1018 958 1247 1012 Patrum
1275 960 1326 1011 et
1354 957 1682 1025 scriptorum
1720 957 2239 1027 ecclesiasticarum,
2273 965 2534 1032 excerpta
2560 963 2620 1016 in
2649 960 2978 1017 Matthaeum
3019 965 3074 1013 et
3116 959 3316 1013 Lucam
3355 974 3586 1030 evange-

172 1060 312 1114 tistas
347 1074 360 1110 :
390 1057 536 1110 item
567 1053 836 1122 expositio
859 1050 1156 1103 multorum
1187 1047 1529 1101 Natta-naeni
1558 1045 1872 1100 carminum
1894 1053 1950 1102 et
1981 1051 2322 1105 orationum.
2360 1053 2615 1107 Diversos
2666 1059 2850 1107 tamen
2891 1064 3006 1104 esse
3051 1049 3146 1103 hos
3193 1049 3428 1117 Nicetas,
3460 1050 3586 1105 Leo-

175 1150 248 1202 nis
275 1145 481 1202 Allatii
503 1145 782 1199 sententia
812 1149 908 1205 est,
942 1140 1001 1193 in
1036 1136 1292 1192 Diatriba
1329 1135 1394 1191 de
1427 1135 1650 1204 Pseltis,
1682 1135 1776 1191 cui
1805 1138 1907 1192 hac
1934 1139 1992 1192 in
2023 1143 2188 1209 parte
2207 1143 2390 1211 potius
2417 1142 2716 1197 subscribe.
2751 1141 2861 1197 Sed
2897 1139 2954 1194 in
2989 1138 3341 1210 quibusdam
3385 1155 3592 1195 manu-

174 1237 408 1308 scriptis
441 1234 666 1288 Nicetis
697 1231 895 1286 Davidi
925 1229 1126 1295 tribui,
1158 1243 1283 1298 quae
1315 1224 1413 1281 alii
1444 1225 1746 1281 ascribunt
1777 1226 1990 1282 Nicetis
2015 1229 2271 1298 Serroni,
2307 1230 2450 1286 ﬁdes
2483 1231 2556 1287 sit
2589 1247 2764 1303 penes
2795 1230 3014 1301 ipsum.
3047 1228 3198 1293 Quos
3247 1243 3352 1299 ego
3404 1229 3588 1285 evolvi

175 1325 400 1384 codices
433 1321 892 1391 manuscriptos,
923 1334 1128 1374 omnes
1159 1332 1274 1372 uno
1305 1330 1588 1370 consensu
1621 1316 2038 1387 expositionem
2072 1318 2132 1373 in
2163 1317 2469 1376 Orationes
2498 1319 2866 1388 Nazianzeni,
2899 1335 3046 1390 quas
3085 1335 3264 1391 supra
3293 1317 3590 1374 recensui-

174 1433 324 1486 mus,
359 1415 588 1472 Nicetes
620 1410 857 1468 Serroni
877 1409 1179 1465 vindicant
1210 1423 1224 1462 :
1257 1404 1678 1479 expositionem
1708 1423 1842 1462 vero
1874 1407 1931 1462 in
1965 1410 2249 1479 carmina,
2281 1410 2496 1466 Nicetes
2527 1411 2748 1468 Davidi.
2781 1415 2849 1466 Et
2895 1411 2966 1466 de
2991 1411 3097 1466 hoc
3135 1409 3280 1466 nulli
3329 1426 3590 1481 unquam

170 1507 414 1562 dubium
452 1503 584 1558 fuit.
619 1503 810 1566 Quare
845 1499 1073 1554 ﬁrmum
1109 1505 1452 1567 certumque
1482 1499 1700 1566 manet,
1736 1495 1952 1553 Nicetes
1991 1497 2226 1555 Davidis
2260 1499 2689 1571 Expositionem
2723 1501 2782 1556 in
2814 1500 3073 1558 carmina
3105 1498 3348 1570 ;Nicette
3394 1503 3595 1556 Serro-

170 1597 278 1667 nis,
311 1592 764 1666 Expositionem
796 1589 858 1644 in
891 1588 1193 1644 Orationes
1222 1584 1566 1644 Nazianzeni
1598 1601 1743 1641 esse.

427 1909 1338 2083 NIKHTA
1492 1907 1966 2082 ΤΟΥ

1735 1909 1966 2081 )Υ
2115 1909 3339 2084 ΧΩΝΙΑΤΟΥ

1513 2211 2280 2344 ΙΣΤΟΡΙΑ.

649 2639 1660 2830 NICETZE
1783 2481 3145 2831 GHONIATZE

1474 2958 2326 3084 HISTORIA.
2387 3005 2392 3010 '

174 1737 3600 1787 mm

895 3357 1344 3404 ΕΜΙΝΕΝΊΊΒΒῙΜΟ
1396 3356 1625 3399 ΒΔΝσΓΒ
1679 3355 1930 3396 ΒΟΠΑΝΕ
1981 3355 2256 3400 ΕΟΟΒΒΞῙΒ
2314 3356 2499 3398 PRINCl

1316 3358 1344 3400 Ο
1396 3356 1625 3399 εΑΝσιῈ
1679 3355 1930 3396 ΒΟΠΑΝΕ
1981 3355 2256 3400 ECCLBSIB
2314 3356 2570 3398 PRINCIPI
2625 3358 2920 3400 CARDINALI

1586 3489 1618 3546 J
1629 3489 1792 3547 ULIO
1838 3490 2226 3550 MAZARINO.

264 3825 461 3882 Editio
490 3823 711 3881 Nicetes
733 3835 884 3878 nova
905 3821 1212 3891 patronum
1244 3816 1355 3872 sibi
1376 3829 1445 3871 ex
1467 3831 1628 3872 more
1648 3816 1940 3887 qumrebat
1973 3799 2256 3874 adversus
2305 3817 2590 3891 malignos
2640 3818 3004 3891 invidosqus.
3065 3818 3230 3876 Unus
3280 3819 3614 3888 occurristi,

194 3914 516 3974 cardinalis
549 3909 1037 3978 eminentissime,
1069 3909 1238 3979 cujus
1271 3905 1594 3979 patrocinio
1625 3922 1738 3961 non
1765 3906 1904 3963 levis
1935 3912 2140 3963 auctor
2189 3925 2315 3964 sese
2375 3909 2796 3978 committeret,
2858 3926 3044 3965 unum
3103 3916 3156 3966 te
3212 3910 3504 3983 siquidem
3534 3911 3618 3967 vi-

197 4009 406 4062 demus
438 4003 732 4058 litteraria
759 4005 1142 4055 monumenta
1170 3996 1294 4052 orbi
1324 3995 1542 4050 Gallico
1574 3995 1814 4050 forsitan
1850 3997 2044 4067 ignota
2074 3997 2292 4068 ubique
2323 3997 2584 4069 gentium
2627 3998 2890 4069 conquiri
2933 3999 3162 4069 jubere,
3209 4003 3266 4056 et
3320 3999 3379 4055 in
3402 3999 3616 4056 biblio-

201 4095 438 4150 thecam
471 4097 636 4146 tuam
673 4087 1189 4160 incomparabilem
1223 4083 1473 4150 admitti,
1508 4089 1574 4139 ut
1602 4092 1652 4139 et
1685 4084 2081 4140 certissimum
2116 4085 2195 4138 sit
2225 4083 2566 4156 scriptorem
2602 4086 2698 4158 qui
2732 4091 2788 4142 te
2815 4085 2970 4141 ultro
3001 4087 3121 4142 adit
3145 4087 3396 4158 benigna
3428 4087 3620 4143 fronte

198 4182 536 4239 admissum
570 4179 660 4233 iri.
697 4182 816 4233 Hoc
847 4192 976 4232 vero
1007 4174 1272 4231 omnium
1296 4171 1516 4242 linguis
1571 4171 1967 4242 laudibusque
2027 4171 2306 4227 celebrari
2365 4174 2558 4242 debet,
2591 4175 2746 4246 quod
2799 4175 2932 4230 licet
2980 4191 3044 4230 ea
3076 4176 3406 4248 prudentia,
3441 4190 3618 4248 quam

197 4271 386 4327 caeteri
422 4286 489 4325 ex
525 4267 811 4323 librorum
842 4265 1089 4321 lectione
1120 4262 1491 4320 emendicare
1521 4277 1759 4316 necesse
1793 4261 2030 4328 habent,
2064 4261 2170 4315 tibi
2226 4261 2489 4332 ingenita
2542 4264 2635 4330 sit,
2665 4281 2764 4320 eos
2821 4269 3018 4320 tamen
3063 4268 3230 4320 tanta
3278 4264 3457 4321 animi
3489 4281 3623 4321 con-

201 4363 464 4417 tentione
499 4363 742 4428 tamque
773 4355 1038 4426 impenso
1071 4360 1308 4423 sumptu
1338 4351 1662 4422 comparari
1693 4351 1799 4419 vis,
1833 4367 1898 4405 ac
1929 4350 1978 4405 si
2010 4350 2319 4421 prudentia
2348 4349 2448 4407 illa
2473 4367 2588 4407 non
2619 4353 2722 4408 tibi
2745 4357 2993 4425 cognata
3016 4353 3119 4410 sed
3143 4353 3339 4410 labore
3361 4356 3621 4427 paranda

195 4457 370 4508 esset.
411 4451 620 4520 Itaque
644 4448 798 4502 bono
831 4445 1020 4518 magis
1053 4443 1286 4516 publico
1319 4439 1732 4496 bibliothecam
1764 4440 2020 4495 instituis
2055 4455 2229 4511 quam
2263 4445 2386 4509 tuo,
2421 4444 2484 4494 ut
2513 4458 2717 4497 omnes
2747 4441 3085 4515 intelligant
3131 4450 3184 4499 et
3227 4458 3350 4499 rem
3396 4443 3532 4499 belli
3565 4448 3624 4500 et

195 4543 355 4612 pacis
380 4542 603 4596 decora
630 4551 898 4609 peraeque
928 4534 1034 4588 tibi
1065 4549 1219 4588 curae
1250 4546 1398 4587 esse.
1441 4529 1632 4585 Altero
1663 4528 1866 4584 Gallici
1898 4529 2098 4584 hostes
2148 4529 2409 4584 nominis
2461 4530 2709 4599 obteres,
2759 4530 2937 4588 altero
2986 4532 3294 4606 peritiores
3353 4533 3622 4590 homines

191 4632 443 4701 efﬁcies,
479 4634 549 4683 ut
578 4631 797 4696 quanto
830 4625 912 4680 sis
937 4625 1280 4678 ornamento
1305 4619 1556 4691 principi
1581 4621 1638 4673 et
1669 4633 1844 4688 quam
1881 4632 2153 4688 prospere
2174 4633 2292 4672 rem
2317 4617 2598 4674 Gallicam
2633 4635 2820 4692 geras,
2855 4638 2970 4677 non
3004 4622 3177 4678 modo
3202 4621 3288 4677 his
3310 4624 3411 4694 qui
3438 4623 3621 4679 vitam

195 4722 431 4785 vivunt,
463 4717 576 4773 sed
600 4716 780 4772 etiam
813 4712 1064 4786 posteris
1095 4714 1332 4766 narrent
1361 4713 1418 4763 et
1448 4709 1702 4762 tradant.
1737 4707 1950 4762 Felices
1972 4711 2165 4762 autem
2188 4711 2278 4762 ter
2300 4714 2622 4780 quaterque
2672 4709 2727 4764 bi
2770 4727 3018 4781 quorum
3066 4727 3238 4783 opera
3267 4727 3462 4768 rerum
3504 4729 3538 4768 a
3566 4715 3624 4768 te

192 4809 482 4881 praclare
514 4810 807 4878 gestarum
831 4799 1114 4858 memoria
1135 4799 1395 4854 testatior
1416 4797 1543 4862 erit,
1577 4795 1698 4850 sive
1728 4796 1881 4866 quod
1913 4795 2154 4852 materia
2181 4795 2463 4853 illustrior
2519 4798 2640 4855 sive
2688 4801 2839 4871 quod
2891 4817 3086 4858 rerum
3138 4801 3307 4874 copia
3344 4801 3503 4858 nulla
3541 4800 3624 4856 eis

187 4899 386 4971 possit
420 4895 664 4952 uberior
694 4893 1068 4962 contingere:
1105 4885 1600 4960 quemadmodum
1627 4885 1782 4940 enim
1809 4884 1890 4940 rei
1920 4885 2198 4941 tenuitate
2253 4886 2558 4959 scriptoris
2613 4889 2950 4961 eloquentia
3013 4892 3312 4960 deteritur,
3340 4891 3422 4945 ita
3458 4897 3511 4944 et
3542 4888 3625 4944 rei

187 4989 493 5059 dignitate
528 4981 802 5039 clarescit
832 4985 891 5035 et
921 4978 1291 5034 diffunditur.
1324 4975 1392 5029 Hi
1419 4973 1627 5032 Gallias
1659 4975 1806 5029 fines
1839 4974 2293 5044 prudentissimo
2319 4976 2776 5051 felicissimeque
2834 4980 3080 5036 consilio
3130 4983 3231 5035 tuo
3275 4978 3529 5051 prolatos
3561 4977 3622 5032 in

183 5077 364 5135 Italia
398 5073 822 5138 narrabunt,et
844 5070 1064 5124 {rutra
1086 5081 1216 5122 esse
1241 5080 1338 5120 eos
1359 5062 1698 5135 quiGallico
1722 5063 1966 5135 imperio
1988 5063 2135 5120 fines
2167 5068 2453 5132 statuunt,
2487 5067 2639 5138 quod
2672 5066 2966 5124 Gallorum
2999 5067 3188 5122 virtus
3236 5066 3449 5122 invicta
3503 5081 3620 5120 non

183 5168 420 5224 ﬁnibus
454 5162 656 5230 certis,
694 5160 797 5216 sed
828 5159 968 5215 orbe
1001 5153 1420 5212 claudatur-Illi
1441 5151 1761 5208 Germaniae
1785 5155 2073 5224 principes
2097 5156 2275 5211 armis
2293 5155 2590 5212 Gallorum
2617 5156 2955 5214 victricibus
2984 5155 3290 5214 exterritos
3327 5154 3620 5227 quievisse

184 5255 472 5316 neutrive
504 5250 662 5323 parti
693 5265 820 5306 sese
851 5245 1144 5304 addixisse
1177 5244 1441 5308 tradent;
1476 5257 1591 5312 quo
1624 5245 1770 5297 tacto
1803 5243 1913 5297 sibi
1947 5245 2314 5315 posterisque
2362 5244 2489 5300 suis
2538 5243 2877 5301 consultum
2925 5246 3156 5301 iverunt
3198 5248 3257 5300 et
3299 5243 3622 5302 imminen-

185 5358 307 5407 tem
339 5348 532 5405 rebus
556 5343 683 5401 suis
715 5341 933 5398 exitum
956 5337 1329 5410 depulerunt.
1354 5333 1424 5387 Hi
1456 5332 1654 5389 Gallos
1685 5333 1866 5405 copiis
1894 5333 2065 5406 ionge
2086 5334 2342 5406 impares
2395 5333 2642 5391 classem
2691 5333 2954 5389 hostilem
3001 5332 3289 5390 devicisse
3335 5334 3621 5407 pradica—

179 5441 364 5508 bunt,
401 5444 460 5494 et
489 5451 592 5492 eos
624 5431 727 5504 qui
757 5431 828 5486 de
858 5427 1045 5502 gloria
1075 5429 1400 5482 certaturos
1430 5439 1492 5479 se
1524 5422 1830 5494 putabant,
1862 5425 2061 5478 statim
2096 5421 2211 5478 sibi
2242 5423 2313 5478 de
2343 5421 2529 5478 salute
2562 5421 2908 5478 certandum
2947 5421 3329 5496 intellexise,
3379 5426 3620 5482 tametsi

180 5527 451 5600 superba
483 5523 649 5579 natio
681 5535 856 5575 naves
887 5515 1180 5583 solvisset,
1213 5517 1278 5569 ut
1306 5510 1472 5584 quasi
1503 5526 1607 5582 per
1634 5510 1839 5567 ludum
1865 5513 2188 5582 jocumque
2217 5510 2466 5567 Gallicas
2498 5511 2872 5600 deprimeret.
2904 5510 3053 5567 Galli
3086 5528 3200 5570 non
3246 5530 3493 5571 numero
3525 5517 3628 5572 sed

177 5599 410 5674 virtute
438 5613 779 5669 censentur.
813 5607 956 5662 Hinc
982 5605 1205 5662 feroces
1231 5600 1518 5660 exercitus
1547 5616 1700 5672 saepe
1730 5599 1801 5656 ab
1834 5600 1928 5656 bis
1989 5604 2350 5672 estpugnatos
2409 5599 2630 5670 videas,
2657 5599 2794 5656 hinc
2859 5600 3032 5656 etiam
3083 5605 3391 5660 terrestres
3425 5604 3624 5676 copias

180 5705 243 5762 in
280 5720 461 5778 spem
493 5697 756 5756 victoriis
779 5702 1001 5752 erectas
1033 5695 1106 5750 ob
1138 5694 1511 5778 superantem
1545 5688 1986 5746 multitudinem
2020 5689 2240 5778 deletas
2271 5689 2639 5762 attritasque.
2674 5691 2824 5747 Eant
2872 5707 3026 5749 nunc
3067 5693 3164 5766 qui
3213 5700 3368 5751 retro
3401 5699 3635 5765 tempo-

185 5777 334 5851 rum,
361 5791 678 5848 ministros
707 5785 983 5842 laudibus
1012 5783 1074 5840 in
1106 5782 1317 5840 cmlum
1347 5777 1651 5837 extollunt.
1685 5779 1792 5847 Tu,
1828 5777 2142 5836 cardinalis
2172 5779 2660 5848 eminentissime,
2703 5796 2834 5838 cum
2890 5781 3046 5840 fasce
3094 5801 3394 5840 armorum
3437 5783 3634 5854 plures

188 5887 400 5946 vinces
432 5895 623 5957 quam
653 5875 755 5934 alii
782 5873 1086 5949 explicatis
1119 5870 1321 5932 armis.
1353 5870 1441 5930 Tu
1469 5867 1661 5954 vivida
1686 5875 1880 5929 mente
1927 5873 2029 5929 tua
2086 5876 2140 5930 et
2190 5869 2382 5946 sagaci
2422 5871 2666 5951 consilio
2715 5869 2838 5944 regi
2885 5869 3406 5949 Christianissimo,
3449 5881 3624 5943 quem
