4034 6202
444 404 560 468 303
1685 376 1792 436 AD
1837 370 2140 434 NICE’l‘E
2181 365 2609 430 HISTORIAM
3679 372 3775 430 θοι

441 541 565 611 jam
597 532 794 608 populi
828 543 973 602 pene
1003 536 1204 580 omnes
1234 518 1498 611 ador-aut,
1537 513 1734 611 plures
1766 507 2098 611 triu‘mphnos
2128 503 2358 605 parabis
2389 515 2565 611 quam
2600 496 2786 598 aliivi
2818 511 3160 611 manuque.“
3189 495 3358 611 Perge
3387 501 3556 611 Lmodo
3594 504 3663 603 rei
3692 521 3784 575 pu.

447 585 924 684 blgmrli‘tterariae
956 614 1232 686 prodesse
1261 611 1318 664 et
1347 603 1612 662 litteratis
1644 599 1988 657 hominibus
2018 597 2224 664 favere,
2258 593 2382 650 sine
2415 589 2632 664 quibus
2660 586 2918 644 virorum
2949 585 3268 642 illustrium
3302 588 3456 652 facta,
3489 592 3667 646 statim
3714 600 3786 649 δι.

447 733 560 788 que
591 714 846 770 animam
876 677 1294 777 deposuerunt,
1325 693 1716 763 intercidunt,
1748 694 1805 747 et
1860 704 1988 746 cum
2045 700 2281 756 corpore
2338 696 2560 753 magnae
2607 691 2836 751 quoque
2886 677 3094 733 animae
3124 677 3554 748 exstinguuntur
3585 682 3707 737 dum
3733 685 3793 740 si-

445 806 660 861 lentur.
1550 879 1896 938 Eminentius
1927 880 2036 935 tua
2068 872 2507 934 addictissimus
2538 867 2857 928 CAROLUS
2911 867 3220 925 ANNIBAL
3277 868 3650 927 FABROTUS.

465 1079 3795 1130 ______________————————————

451 1340 526 1382 AD
599 1332 966 1379 MAGNIFICUM
1039 1329 1107 1370 ET
1179 1320 1519 1368 GBNBIOSUI
1591 1316 1799 1370 VIRUM,
1874 1314 1932 1355 Β.
2008 1315 2043 1355 Α

2212 1311 2313 1353 [UM
2404 1308 2744 1360 FUGGERUM,
2820 1306 3202 1349 KIRCHBBRGE
3277 1309 3344 1349 ΒΤ
3413 1307 3805 1350 Ψειεεεκιιοὶικι

525 1409 806 1461 ΒΟΜΙΝῠΜ,
881 1401 1167 1444 CESARBE
1239 1395 1536 1438 MAJESTATI
1625 1393 1662 1432 Δ
1751 1387 2052 1438 CONSILIIS,
2146 1385 2270 1424 ΕΤΩ.
2363 1384 2426 1425 IN
2517 1381 2734 1423 NICETE
2806 1381 3104 1424 ΔΟΟΜΙΝΛΤΙ
3177 1381 3475 1423 ϐΗΟΝῐΑΤΕ
3542 1381 3807 1423 HISTORIAM

525 1479 845 1524 HIERONYMX
917 1474 1118 1515 WOLFII
1194 1467 1504 1510 PREFATIO.

527 1647 805 1702 Zonaram
839 1647 1028 1707 tuum,
1057 1634 1146 1691 vir
1172 1629 1562 1704 amplissime,
1593 1625 1907 1683 Choniates
1937 1621 2224 1696 sequitur,
2252 1619 2425 1675 homo
2457 1635 2564 1674 sua
2598 1619 2759 1673 aetate
2785 1632 2901 1672 non
2934 1617 3164 1671 tantum
3199 1615 3430 1688 magnis
3479 1616 3817 1690 dignitatibus

459 1743 720 1803 ornatus,
754 1732 852 1788 sed
884 1705 1063 1786 etiam
1093 1724 1326 1798 ingenio
1355 1725 1414 1777 et
1443 1716 1751 1790 multiplici
1781 1714 2044 1770 doctrina
2074 1715 2380 1783 praestans,
2413 1712 2472 1764 et
2499 1706 2755 1763 veritatis
2777 1705 3054 1772 historia,
3088 1708 3153 1759 ut
3179 1705 3327 1760 mihi
3372 1706 3610 1774 videtur,
3638 1707 3821 1778 ubique

461 1794 782 1889 studiosus,
818 1819 1021 1875 ordine
1050 1794 1353 1887 aptissimo
1379 1814 1437 1865 et
1452 1805 1768 1864 lectoribus
1792 1801 2105 1859 utilissimo
2133 1820 2148 1870 ;
2175 1799 2274 1872 qui
2296 1798 2435 1854 ordo
2454 1813 2583 1854 cum
2606 1795 2915 1868 sequentia
2937 1794 3010 1850 iis
3031 1811 3155 1868 qua:
3177 1804 3538 1853 antecessere
3577 1798 3822 1868 adiungat

460 1920 633 1985 atque
664 1885 958 1978 adnectat,
988 1885 1244 1961 historiae
1275 1899 1571 1974 quoddam
1604 1894 1774 1968 quasi
1805 1909 2014 1964 corpus
2039 1889 2290 1946 absolvit
2319 1893 2376 1945 et
2405 1888 2465 1944 in
2497 1904 2603 1944 suo
2633 1902 2843 1960 genere
2873 1885 3138 1941 homines
3184 1887 3450 1943 eruditos
3491 1887 3690 1952 reddit,
3734 1887 3824 1941 hoc

463 1974 570 2074 est,
603 2019 636 2057 a
664 2000 840 2072 vulgo
872 1974 1211 2053 mortalium
1243 1987 1569 2062 distinguit.
1595 1986 1806 2042 Multos
1837 1999 1980 2039 sane
2009 1980 2293 2050 invenias,
2326 1977 2423 2050 qui
2455 1977 2565 2034 etsi
2591 1976 2858 2033 alitteris
2881 1974 3078 2042 alieni,
3099 1979 3300 2032 tamen
3327 1977 3584 2033 acumine
3615 1977 3824 2049 ingenii,

462 2063 902 2155 facundiafusu
933 2099 1150 2151 rerum,
1184 2077 1543 2136 doctissimis
1570 2074 1735 2144 viris,
1769 2073 1871 2130 sed
1902 2070 1990 2127 vel
2025 2073 2238 2126 natura
2267 2066 2623 2124 tardioribus
2653 2066 2741 2121 vel
2800 2067 2856 2121 in
2921 2063 3224 2120 hominum
3291 2066 3614 2138 frequentia
3666 2067 3831 2121 minus

463 2179 730 2248 versatis,
761 2177 870 2233 etsi
903 2189 1140 2231 omnem
1170 2174 1396 2226 aetatem
1427 2167 1486 2222 in
1517 2166 1873 2237 optimarum
1913 2159 2124 2216 artium
2183 2156 2394 2214 studiis
2453 2156 2797 2220 contrivere,
2857 2155 3260 2226 praeferantur.
3321 2158 3536 2222 Quodsi
3583 2160 3649 2214 ad
3693 2158 3826 2213 illam

466 2275 690 2326 natura)
718 2243 1056 2323 telicitatem
1088 2265 1145 2317 et
1177 2257 1555 2330 multiplicem
1587 2251 2002 2326 experientiam
2037 2246 2363 2304 accuratior
2392 2249 2448 2301 et
2480 2244 2811 2300 methodica
2840 2243 3130 2301 institutio
3154 2248 3519 2316 accessisset,
3553 2248 3682 2320 quid
3723 2263 3834 2303 cum

463 2361 702 2416 illorum
735 2352 1074 2412 excellentia
1104 2347 1426 2422 comparari
1459 2343 1694 2418 posset?
1724 2342 1888 2400 Nunc
1917 2339 2194 2395 laudibus
2225 2353 2422 2393 eorum
2454 2339 2683 2390 tantum
2734 2333 2960 2390 decedit
3009 2341 3301 2406 quantum
3341 2339 3657 2396 accuratior
3679 2338 3835 2394 insti-

468 2451 616 2506 tutio
649 2447 766 2502 illis
799 2443 1140 2501 addidisset.
1175 2439 1372 2510 Neque
1402 2435 1556 2492 enim
1589 2432 1729 2488 falso
1762 2430 1977 2486 dicitur
2007 2433 2212 2496 artem,
2241 2443 2368 2498 quas
2399 2428 2485 2482 est
2515 2423 2735 2496 ingenii
2766 2422 2940 2480 veluti
2973 2425 3137 2481 rudis
3173 2427 3403 2499 speculi
3457 2429 3620 2500 quasi
3657 2427 3841 2499 expoli-

463 2539 546 2596 tio
578 2537 870 2609 quaadam,
903 2532 1212 2588 certiorem
1245 2543 1371 2583 esse
1400 2526 1607 2580 ducem
1646 2537 1824 2592 quam
1851 2526 2145 2584 naturam,
2179 2521 2350 2586 atque
2380 2515 2553 2570 etiam
2584 2513 2932 2569 uberiorem.
2965 2514 3109 2570 Nam
3154 2518 3256 2586 qui
3310 2518 3490 2574 nullis
3536 2516 3844 2574 eruditionis

465 2601 840 2684 adminiculis
872 2620 1299 2684 sustentantur,
1330 2619 1548 2671 temere
1580 2610 1922 2684 plerumque
1953 2607 2213 2662 feruntur
2245 2608 2301 2660 et
2329 2607 2489 2660 extra
2517 2601 2757 2669 limites,
2788 2619 2902 2673 quo
2923 2602 3102 2659 animi
3127 2610 3313 2663 aestus
3335 2607 3510 2678 rapit,
3530 2613 3842 2680 evagantur:

467 2717 622 2774 docti
653 2733 686 2772 a
716 2713 891 2770 certis
920 2709 1106 2766 initiis
1136 2708 1209 2764 ad
1240 2711 1420 2762 metas
1450 2703 1653 2760 ordine
1683 2697 2130 2774 progrediendo,
2163 2695 2358 2751 statim
2405 2694 2464 2749 in
2508 2701 2781 2765 promptu
2831 2692 3050 2749 habent
3097 2711 3225 2765 quas
3267 2698 3342 2751 ad
3380 2714 3501 2754 rem
3534 2699 3845 2770 pertineant.

470 2808 559 2864 Illi
588 2805 794 2872 multa,
827 2802 887 2857 hi
917 2800 1194 2873 pleraque
1225 2797 1374 2854 scitu
1407 2793 1587 2866 digna
1615 2794 1815 2848 tenent
1846 2805 1860 2846 :
1894 2787 1980 2844 illi
2038 2787 2368 2858 fragmenta
2412 2783 2679 2854 quaedam
2729 2785 2788 2838 et
2835 2781 3003 2873 quasi
3064 2783 3318 2854 disjecta
3371 2788 3632 2844 membra
3681 2800 3852 2843 conse-

468 2901 725 2964 ctantur,
755 2894 816 2949 hi
845 2872 1090 2948 solidum
1124 2888 1420 2962 quoddam
1453 2889 1509 2942 et
1539 2883 1662 2940 suis
1693 2879 1955 2938 numeris
1995 2876 2328 2934 absolutum
2387 2874 2659 2930 humanas
2717 2872 3064 2945 cognitionis
3115 2888 3332 2944 corpus
3395 2876 3848 2950 complectuntur.

471 2992 625 3054 Quas
655 2962 728 3040 ob
761 2999 852 3038 res
883 2996 987 3052 ego
1017 2978 1318 3050 perbeatos
1349 2992 1447 3031 eos
1479 2990 1610 3030 esse
1632 2971 1858 3044 judico,
1909 2966 2122 3040 quibus
2168 2969 2226 3021 et
2276 2979 2344 3020 ea
2387 2962 2654 3019 voluntas
2698 2962 2943 3033 contigit
2973 2968 3034 3016 ut
3079 2962 3348 3035 cupiant,
3383 2969 3440 3020 et
3472 2981 3549 3021 eaa
3582 2965 3854 3020 facultates

472 3051 794 3148 suppetunt
824 3076 887 3126 ut
918 3051 1169 3142 possint,
1199 3065 1874 3136 citraimpedimentum,
1909 3059 1980 3115 ab
2013 3057 2253 3148 ineunte
2284 3057 2446 3111 astate
2477 3068 2666 3124 usque
2694 3052 2764 3108 ad
2797 3051 2854 3106 id
2903 3054 3140 3123 tempus
3191 3055 3356 3124 quod
3411 3055 3585 3112 rebus
3623 3055 3858 3128 gerendis

472 3140 681 3238 aptum
715 3165 824 3230 est,
858 3140 1283 3232 philosophari,
1312 3171 1377 3210 ac
1410 3158 1535 3208 tum
1577 3152 1812 3208 demum
1853 3147 2063 3220 agendi
2111 3144 2409 3201 solertiam
2458 3159 2594 3199 cum
2642 3140 2904 3198 veritatis
2957 3142 3462 3213 contemplatione
3511 3147 3856 3217 conjungere,

473 3230 688 3312 animis
717 3253 777 3307 in
814 3230 989 3305 cmlos
1020 3252 1077 3302 et
1108 3247 1302 3318 ipsum
1333 3243 1540 3311 Deum,
1571 3239 1913 3312 corporibus
1952 3237 2012 3291 in
2062 3237 2330 3291 humanm
2367 3233 2662 3289 societatis
2709 3230 3205 3287 conservationem
3258 3233 3534 3292 intentis.
3565 3240 3693 3291 Haec
3739 3235 3863 3292 mihi

472 3347 592 3402 vita
620 3359 752 3400 vere
782 3341 1041 3396 humana
1069 3345 1122 3393 et
1154 3336 1349 3408 potius
1395 3333 1594 3392 divina
1634 3345 1866 3402 semper
1919 3327 2047 3386 visa
2093 3331 2198 3393 est,
2229 3330 2286 3381 et
2334 3323 2608 3379 omnibus
2649 3322 2722 3378 iis
2751 3320 3152 3392 voluptatibus
3203 3339 3338 3394 quae
3373 3343 3512 3382 cum
3547 3325 3725 3382 brutis
3755 3325 3865 3380 ani-

475 3434 776 3492 mantibus
808 3431 924 3486 fere
955 3440 1297 3484 communes
1321 3427 1462 3479 sunt
1494 3419 1871 3494 praeferenda.
1907 3416 1968 3471 In
2019 3431 2134 3486 quo
2183 3412 2446 3469 assentiri
2507 3411 2649 3466 mihi
2693 3415 2750 3466 et
2794 3427 2862 3466 ex
2894 3410 3082 3466 doctis
3112 3416 3170 3466 et
3203 3427 3276 3468 ex
3319 3415 3581 3471 indoctis
3611 3416 3868 3488 Optimum

474 3531 531 3584 et
563 3520 1088 3598 prudentissimum
1120 3529 1438 3588 quemque,
1492 3514 1609 3567 imo
1690 3526 1780 3566 me
1853 3507 2049 3580 potius
2124 3521 2257 3560 cum
2332 3502 2569 3558 illorum
2648 3501 2959 3558 sententiis
3033 3515 3388 3574 congruere,
3473 3510 3720 3562 constat.
3777 3505 3872 3560 Nec

474 3593 642 3671 tuum
684 3613 794 3668 hac
824 3611 883 3666 in
914 3625 993 3676 re,
1027 3609 1089 3662 ut
1119 3610 1176 3661 et
1207 3605 1265 3660 in
1293 3604 1537 3674 caeteris,
1599 3599 1943 3673 praeclarum
1997 3595 2309 3667 judicium,
2371 3593 2524 3664 quod
2601 3595 2658 3647 et
2729 3594 2854 3647 tota
2882 3595 3220 3663 Fuggerana
3252 3595 3491 3651 familia
3516 3613 3725 3668 magno
3756 3612 3874 3651 con-

476 3720 651 3761 sensu
728 3700 991 3772 sequitur
1064 3705 1117 3752 et
1192 3693 1414 3751 cordati
1489 3707 1694 3748 omnes
1768 3701 1999 3744 summe
2077 3685 2347 3756 probant,
2423 3683 2740 3738 obscurum
2815 3683 2949 3747 est;
3001 3680 3101 3750 qui
3178 3681 3342 3739 filios
3421 3689 3557 3742 tuos
3635 3684 3874 3756 ingenio-

474 3813 604 3850 rum
636 3797 694 3848 et
724 3770 1035 3860 corporum
1067 3786 1256 3855 vigore
1287 3787 1628 3856 praestantes
1666 3781 1737 3836 ab
1768 3778 1912 3850 ipsis
1944 3790 2122 3849 prepe
2153 3771 2460 3829 cunabulis
2486 3787 2673 3844 usque
2704 3770 3126 3841 adjuventutis
3155 3770 3408 3830 initium
3458 3794 3495 3832 a
3547 3773 3875 3834 doctissimis

481 3879 952 3957 praeceptoribus,
986 3878 1045 3932 in
1075 3873 1467 3932 celeberrimis
1543 3871 1876 3943 quibusque
1951 3867 2191 3936 Europae
2267 3860 2609 3935 gymnasiis,
2652 3876 2849 3915 severa
2924 3859 3234 3930 disciplina
3316 3866 3877 3935 moderandus-0p-

481 3948 881 4042 timarumque
913 3967 1129 4024 artium
1161 3969 1218 4020 et
1242 3963 1577 4035 linguarum
1622 3958 1954 4032 cognitione
2003 3953 2350 4010 imbuendos
2397 3951 2640 4006 curaris.
2691 3949 2916 4012 Quibus
2960 3948 3044 4004 illi
3087 3949 3158 4004 de
3206 3952 3418 4010 causis
3461 3971 3523 4012 se
3559 3972 3672 4012 non
3705 3955 3882 4010 minus

481 4066 587 4121 tibi
619 4037 848 4130 deber—e,
881 4076 999 4131 qua
1030 4057 1241 4129 pietate
1271 4070 1336 4108 ac
1363 4049 1671 4124 prudentia
1705 4052 1866 4116 sunt,
1929 4045 2293 4118 proﬁtentur,
2355 4057 2530 4114 quam
2593 4039 2746 4110 quod
2797 4037 2973 4093 vitam
3018 4042 3074 4094 et
3117 4039 3385 4099 maxima
3435 4061 3682 4117 quaeque
3731 4060 3886 4100 oma-

487 4160 686 4212 menta
718 4129 864 4208 felici
896 4129 1148 4222 quodam
1185 4146 1298 4199 fato
1331 4144 1434 4199 abs
1466 4147 1521 4196 te
1546 4142 1931 4212 acceperunt;
1966 4135 2064 4206 qui
2097 4151 2267 4189 verus
2300 4148 2412 4186 non
2451 4133 2676 4184 tantum
2710 4144 3015 4199 corporum
3069 4129 3168 4182 sed
3225 4131 3414 4188 etiam
3450 4135 3778 4190 animorum
3806 4150 3897 4206 pa-

481 4252 567 4303 ter
596 4259 724 4300 esse
755 4216 1008 4306 voluisti,
1041 4253 1144 4293 nec
1177 4233 1444 4308 genuisse
1471 4233 1779 4286 contentus
1810 4225 2073 4294 utrisque
2107 4239 2172 4278 ea
2205 4218 2590 4292 suppeditasti
2622 4218 2682 4272 in
2727 4217 2941 4288 quibus
2991 4216 3254 4275 humana
3307 4221 3575 4279 felicitas
3630 4224 3895 4280 consistit,

481 4337 555 4393 Ut
587 4339 783 4390 autem
809 4338 1040 4388 terrena
1073 4307 1315 4398 corpora
1346 4327 1514 4378 terrm
1549 4319 1818 4392 frugibus
1850 4314 2105 4379 aluntur,
2155 4311 2237 4366 sic
2290 4308 2540 4365 cmlestis
2591 4311 2649 4364 et
2703 4307 2937 4362 divinus
2988 4307 3220 4365 animus
3251 4326 3436 4367 suum
3474 4320 3712 4385 pastum
3741 4313 3902 4368 habet

480 4425 892 4482 eruditionem.
922 4422 1103 4484 Quam
1131 4397 1354 4484 aivulgi
1379 4412 1517 4476 fece,
1543 4409 1651 4464 hoc
1685 4412 1774 4463 est
1809 4422 1842 4460 a
1873 4403 2128 4476 pessimo
2161 4405 2218 4457 et
2251 4397 2603 4456 stultissimo
2636 4413 2890 4468 quoque,
2921 4397 3215 4452 contemni
3252 4416 3324 4456 ac
3385 4401 3653 4460 derideri
3690 4422 3798 4460 non
3829 4406 3906 4457 est

480 4514 838 4578 mirandum,
873 4527 1004 4566 cum
1037 4507 1191 4579 quod
1224 4505 1294 4560 de
1327 4519 1388 4559 re
1420 4502 1620 4574 ignota
1652 4496 1832 4553 nihilo
1868 4495 2077 4550 rectius
2105 4495 2358 4548 statuere
2390 4492 2636 4562 possunt
2658 4503 2832 4556 quam
2866 4502 3050 4543 oecus
3071 4487 3141 4542 de
3163 4487 3478 4549 coloribus
3513 4495 3898 4565 pronuntiare,

478 4609 606 4661 tum
683 4603 834 4674 quod
908 4578 1074 4655 vitiis
1136 4600 1311 4665 atque
1390 4588 1627 4662 ineptiis
1703 4585 2163 4641 semidoctorum
2240 4578 2628 4650 quorumdam
2707 4579 2809 4631 aut
2901 4583 3310 4646 corruptorum
3398 4581 3725 4640 hominum
3798 4597 3907 4637 rem

479 4665 978 4769 praeclarissimam
1012 4687 1357 4742 metiuntur.
1392 4681 1538 4738 Nam
1571 4677 1709 4751 quid
1741 4679 1826 4730 est
1855 4673 2014 4730 aliud
2046 4669 2292 4728 eruditio
2323 4667 2436 4724 nisi
2462 4665 2888 4739 amplissimum
2925 4665 3219 4736 quoddam
3269 4676 3327 4724 et
3378 4670 3900 4729 instructissimum

479 4754 981 4859 amphitheatrum
1014 4773 1259 4832 humani
1290 4768 1508 4844 ingenii
1535 4773 1592 4823 et
1623 4763 1989 4837 experientiae
2031 4757 2425 4830 multiplicis?
2448 4757 2527 4857 .ad
2561 4756 2714 4827 quod
2748 4754 3146 4810 exornandam
3175 4759 3234 4812 et
3265 4756 3776 4833 locupletandum
3805 4776 3909 4817 non

477 4845 706 4936 tantum
741 4888 944 4931 omnes
977 4867 1266 4932 nationes,
1298 4874 1504 4917 omnes
1536 4855 1828 4921 homines,
1881 4867 2082 4908 omnes
2133 4852 2336 4904 aetates
2389 4845 2600 4918 stipem
2660 4860 2828 4900 suam
2873 4845 3275 4910 contulerunt,
3313 4850 3427 4905 sed
3466 4853 3656 4908 etiam
3689 4852 3790 4908 Dei
3820 4850 3918 4904 im.

476 4933 741 5024 mortalis
772 4957 1094 5019 liberalitas
1127 4951 1314 5010 multa
1342 4945 1606 5002 auctaria
1639 4940 1870 5010 adjecit,
1903 4939 1977 4995 iis
2005 4938 2179 4994 rebus
2203 4936 2413 5007 partim
2446 4949 2658 4989 arcano
2690 4933 2889 4988 afﬂatu
2921 4935 3134 5004 partim
3168 4953 3270 5010 per
3300 4939 3592 5015 insignia
3645 4941 3920 5001 miracula

473 5054 764 5122 relevatis,
799 5068 946 5124 quas
979 5043 1245 5103 obtusior
1279 5038 1518 5095 humani
1563 5032 1783 5107 ingenii
1820 5031 1973 5087 acies
2006 5028 2332 5124 perspicere
2367 5026 2633 5124 _minime
2699 5024 3008 5124 potuisset.
3063 5027 3206 5087 Cum
3259 5038 3481 5090 autem
3547 5041 3702 5093 ratio
3757 5045 3920 5106 atque

474 5112 657 5202 oratio
690 5112 875 5200 multo
908 5136 1098 5209 magis
1131 5148 1309 5204 quam
1339 5129 1525 5184 forma
1559 5137 1867 5195 corporum
1889 5119 2190 5209 hominem
2241 5116 2567 5209 distinguat
2595 5132 2626 5169 α
2664 5112 2898 5209 belluis,
2943 5120 3001 5171 et
3033 5118 3296 5174 veritatis
3333 5123 3550 5181 solida
3582 5124 3840 5198 cognitio
3869 5125 3922 5178 et

473 5236 690 5292 diserta
709 5203 1121 5306 explicatio'sit
1147 5203 1278 5292 ejus
1311 5219 1877 5306 proprium‘munus,
1911 5206 2260 5306 qu-idualiud
2282 5209 2368 5306 est
2412 5203 2808 5306 philosophari
2858 5221 3034 5306 quam
3068 5207 3129 5262 in
3189 5223 3256 5265 eo
3283 5210 3621 5272 elaborare
3664 5221 3731 5272 ut
3761 5231 3921 5270 voca-

473 5325 612 5378 bula
642 5292 982 5380 cum.rebus
1012 5312 1404 5378 consentiant,
1435 5311 1490 5364 et
1523 5309 1588 5361 ut
1616 5304 1656 5360 ii
1685 5303 1875 5360 simus
1902 5299 2002 5372 qui
2036 5296 2311 5353 dicimur.
2343 5294 2611 5350 homines
2633 5292 2660 5348 ?
2710 5293 3065 5365 complector
3113 5299 3313 5351 autem
3368 5299 3786 5376 philosophiae
3835 5315 3928 5354 no-

479 5413 635 5465 mine
665 5415 894 5466 tantum
932 5411 1221 5480 quantum
1253 5401 1442 5474 ipsius
1473 5394 1825 5470 signiﬁcatio
1856 5387 2284 5460 complectitur,
2320 5383 2581 5480 studium
2615 5386 2792 5480 atque
2826 5399 3080 5440 amorem
3133 5384 3456 5456 sapientiae
3499 5409 3516 5458 ;
3577 5409 3712 5464 qua;
3745 5405 3932 5448 rerum

480 5499 808 5552 divinarum
841 5501 898 5552 et,
931 5469 1323 5550 humanarum
1358 5469 1790 5556 causarumque
1823 5480 2038 5552 quibus
2071 5492 2146 5532 eae
2181 5490 2272 5530 res
2300 5472 2673 5528 continentur
2705 5469 2950 5526 scicntia
2994 5473 3287 5530 definitur.
3352 5479 3565 5543 Quam
3633 5479 3930 5538 immensi-

478 5590 655 5640 tatem
688 5601 821 5638 cum
853 5584 1016 5639 solus
1047 5588 1203 5638 Deus
1237 5598 1431 5636 rerum
1459 5577 1723 5635 omnium
1775 5572 1963 5645 opifex
2022 5571 2236 5637 teneat,
2287 5563 2447 5620 solus
2492 5565 2558 5617 ut
2608 5561 2768 5629 boni,
2823 5561 2904 5617 ita
2946 5566 3003 5618 et
3053 5563 3345 5636 sapientis
3386 5585 3626 5629 nomen
3655 5573 3795 5643 jure
3828 5570 3933 5628 sibi

475 5675 742 5732 vendicat
768 5690 780 5726 :
814 5672 1084 5728 homines
1115 5679 1306 5725 autem
1339 5669 1632 5742 sapientiae
1667 5669 1725 5721 et
1753 5661 1988 5719 virtutis
2006 5661 2271 5715 amantes
2295 5671 2360 5711 ac
2382 5652 2678 5708 studiosos
2704 5666 2832 5707 esse
2853 5651 3000 5708 nihil
3033 5659 3220 5727 vetat;
3247 5671 3373 5726 quo
3407 5677 3628 5720 amore
3661 5680 3729 5720 ac
3746 5661 3934 5719 studio

472 5784 588 5842 quo
609 5761 1118 5838 quisquelongius
1150 5761 1542 5832 progreditur,
1576 5774 1642 5815 eo
1676 5753 1918 5842 propius
1950 5769 1996 5842 a
2025 5746 2367 5842 caelestibus
2409 5742 2598 5842 geniis
2638 5742 2823 5842 abest,
2859 5743 2996 5816 quia
3041 5762 3110 5805 ea
3138 5764 3198 5805 re
3227 5747 3596 5812 beatissimi
3631 5756 3938 5823 habentur,

473 5833 854 5934 quod-ipsum
887 5851 1097 5920 Deum,
1130 5849 1326 5904 omnis
1358 5847 1638 5905 bonitatis
1668 5849 1726 5902 et
1748 5841 2069 5934 sapientiae
2085 5835 2568 5934 fontem,jugiter
2598 5849 2735 5934 cum
2765 5833 3052 5894 ineffabili
3081 5838 3290 5912 gaudio
3329 5839 3682 5905 intuentur
3733 5849 3938 5919 (neque

473 5923 590 6012 alia
619 5923 852 6028 pierum
882 5938 1182 6004 beatitudo
1212 5944 1344 6012 post
1375 5937 1526 5994 hanc
1553 5937 1734 5995 vitam
1765 5934 1884 5992 fore
1913 5931 2075 5989 haud
2108 5931 2214 5990 abs
2247 5943 2308 5986 re
2339 5923 2623 6001 creditur)
2658 5938 2675 5997 ;
2727 5941 2843 6000 quo
2892 5927 3135 6002 propius
3183 5927 3445 6004 resistit,
3485 5950 3562 5996 eo
3616 5939 3830 5999 minus
3859 5935 3946 5996 di.
