4062 6202
231 366 344 425 305
1445 371 1659 436 HIER.
1705 369 2002 433 WOLFII
2043 365 2489 430 PREFATIO.
3550 373 3668 434 306

229 497 525 570 gnitatem
561 515 736 555 suam
758 502 818 556 et
852 499 1191 559 excellentis
1223 507 1444 561 natura:
1474 522 1720 563 munera
1743 504 2106 568 tuetur.Quis
2137 518 2272 559 vero
2303 520 2374 560 ea
2401 503 2479 560 sit
2509 501 2933 575 arrogantia,ut
2963 520 3136 560 suum
3160 503 3337 560 unius
3357 503 3661 579 ingenium

230 594 466 646 tantum
497 607 630 647 esse
658 594 854 662 putet,
886 595 948 648 ut
975 608 1042 649 eo
1075 595 1386 650 contentus
1417 595 1618 651 omnia
1646 599 1906 651 veterum
1937 594 2174 650 inventa
2202 597 2260 650 et
2289 594 2710 666 experimenta,
2742 595 3076 650 litterarum
3104 597 3506 654 monumentis
3528 615 3666 654 con-

229 683 485 754 signata,
519 684 833 750 aspernari
868 689 1066 756 queat,
1099 701 1164 742 ac
1194 702 1311 742 non
1345 687 1538 759 potius
1559 703 1627 742 ex
1654 687 1885 742 inﬁnita
1918 685 2085 758 copia
2104 686 2328 758 optima
2349 703 2597 758 quisque
2627 691 2684 743 et
2721 685 2954 760 ingenio
2985 701 3090 740 suo
3111 684 3358 756 vitaeque
3391 687 3658 745 instituto

229 772 545 843 aptissima
578 778 949 842 pescrutetur
979 775 1007 829 ‘I
1034 791 1172 831 nam
1205 779 1272 831 ut
1302 792 1456 832 unus
1489 775 1756 842 excellat,
1789 779 1892 832 aut
1920 776 2128 832 saltem
2180 792 2312 830 cum
2366 777 2644 831 mediocri
2686 791 2962 832 successu
3015 773 3237 830 laboret
3266 776 3325 830 in
3359 777 3657 847 omnibus,

226 862 312 916 vix
344 878 413 917 ac
449 879 524 917 ne
554 863 654 917 vix
686 863 926 934 quidem
960 864 1085 920 fieri
1111 868 1323 936 potest.
1351 867 1430 921 Ac
1460 865 1768 938 plerosque
1795 864 1884 921 vel
1918 865 1997 920 rei
2051 863 2358 920 familiaris
2406 864 2690 937 angustia;
2739 866 2826 922 vel
2873 866 3246 939 ingeniorum
3295 866 3550 921 tenuitas
3590 867 3649 922 in

225 955 452 1007 eertum
482 952 787 1022 quoddam
824 953 1158 1009 studiorum
1191 969 1400 1027 genus,
1436 956 1590 1011 velut
1618 955 1679 1010 in
1710 969 2002 1011 carcerem
2035 957 2134 1009 aut
2163 956 2549 1026 ergastulum,
2602 955 2994 1026 abstrudunt;
3049 957 3262 1029 quibus
3309 960 3502 1012 autem
3553 959 3652 1013 Dei

223 1040 429 1115 optimi
464 1041 711 1098 maximi
745 1041 1077 1114 benignitas
1107 1059 1174 1098 ea
1205 1047 1262 1099 et
1291 1043 1626 1100 animorum
1658 1049 1714 1101 et
1746 1045 2109 1101 fortunarum
2142 1043 2399 1099 subsidia
2430 1046 2739 1113 concessit,
2774 1050 2837 1100 ut
2870 1047 2931 1102 in
2966 1046 3189 1102 nullius
3221 1047 3489 1118 magistri
3519 1063 3650 1103 ver-

221 1131 287 1187 ba
311 1132 526 1202 jurare
563 1130 749 1187 coacti
784 1129 1109 1189 libertatem
1145 1150 1315 1190 suam
1347 1134 1689 1191 inviolatam
1731 1134 2047 1203 retineant,
2079 1135 2338 1206 profecto
2369 1150 2435 1190 eo
2466 1134 2754 1191 beatiores
2787 1140 2960 1192 erunt
3003 1153 3118 1208 quo
3146 1135 3406 1207 plurium
3436 1141 3494 1193 et
3524 1153 3645 1194 me-

221 1220 433 1276 liorum
469 1238 675 1277 rerum
705 1222 1102 1293 cognitionem
1137 1225 1454 1296 coegerint,
1487 1224 1548 1278 in
1578 1223 1759 1280 variis
1792 1223 2011 1296 linguis
2042 1228 2216 1294 atque
2247 1223 2584 1279 auctoribus
2632 1224 3006 1298 dissipatam.
3056 1225 3120 1282 Id
3166 1230 3361 1282 autem
3412 1227 3651 1284 difﬁcile

225 1311 271 1366 ei
301 1327 422 1366 non
459 1311 602 1378 erit,
637 1311 737 1383 qni
769 1309 982 1382 lingua
1003 1316 1213 1369 Graecis
1245 1329 1310 1368 ac
1342 1312 1560 1369 Latinis
1601 1313 1878 1370 mediocri
1910 1329 2022 1369 usu
2051 1312 2378 1370 instructus
2411 1313 2683 1369 methodo
2717 1331 2778 1370 se
2803 1315 3179 1372 assuefecerit
3208 1321 3265 1372 et
3295 1315 3512 1372 artium
3543 1333 3646 1390 op-

221 1400 509 1454 timarum
544 1400 935 1456 fundamenta
961 1401 1210 1457 ﬁdeliter
1234 1401 1463 1473 jeoerit.
1498 1403 1572 1457 Ac
1603 1407 1693 1458 est
1733 1402 1794 1457 in
1825 1418 1895 1458 ea
1914 1418 1976 1458 re
2005 1416 2146 1458 sane
2177 1401 2538 1458 difﬁcultatis
2566 1407 2622 1458 et
2648 1403 2929 1460 molestiis
2960 1403 3229 1460 nonnihil
3265 1421 3278 1471 ;
3312 1406 3415 1460 sed
3449 1405 3547 1461 ubi
3578 1422 3648 1461 ex

219 1490 333 1546 illis
366 1491 597 1546 artium
631 1491 932 1564 angustiis
961 1491 1022 1548 in
1054 1492 1411 1549 liberrimum
1443 1492 1652 1566 optimi
1676 1493 1965 1564 cujusque
1997 1492 2298 1565 scriptoris
2326 1508 2598 1564 campum
2632 1493 2927 1550 eluctatus
2957 1492 3159 1559 fueris,
3188 1507 3325 1548 vere
3377 1492 3436 1547 id
3464 1509 3645 1564 appa-

219 1580 300 1634 bit
330 1581 492 1651 quod
532 1597 568 1635 a
592 1579 854 1652 quodam
885 1581 1327 1654 sapientissimo
1356 1583 1479 1639 viro
1510 1582 1732 1639 dictum
1753 1586 1865 1652 est,
1893 1582 2013 1638 sive
2041 1583 2091 1638 is
2119 1586 2382 1638 Socrates
2413 1583 2534 1639 sive
2562 1583 2847 1639 Isocrates
2879 1583 3050 1638 fuerit
3083 1583 3240 1653 (nam
3282 1583 3519 1654 utrique
3548 1600 3645 1638 as-

220 1670 359 1726 cribi
392 1669 597 1737 video,
624 1674 683 1725 et
713 1670 988 1742 proclivis
1017 1686 1178 1729 error
1206 1676 1296 1728 est
1320 1672 1382 1728 in
1408 1671 1585 1728 unius
1615 1671 1823 1728 littera
1851 1671 2240 1745 discrimine),
2272 1673 2499 1729 radices
2547 1673 2893 1729 eruditionis
2939 1687 3170 1728 amaras
3218 1687 3366 1742 esse,
3415 1673 3641 1729 fructus

219 1775 344 1814 vero
379 1759 800 1815 dulcissimos.
835 1759 1151 1817 Radicibus
1182 1768 1374 1818 autem
1405 1767 1819 1834 comparantur
1848 1761 2182 1834 linguarum
2213 1768 2266 1817 et
2298 1762 2512 1817 artium
2546 1762 2831 1832 methodi,
2882 1762 3171 1818 fructibus
3216 1761 3374 1817 varia
3421 1760 3590 1818 lectio
3625 1779 3638 1818 :

219 1851 314 1921 qui
346 1857 413 1905 ut
444 1850 582 1906 sine
613 1849 912 1905 radicibus
943 1849 1091 1906 nulli
1123 1856 1342 1923 essent,
1375 1852 1457 1908 ita
1486 1852 1740 1908 eruditio
1771 1851 2072 1924 pertenuis
2103 1858 2211 1921 est,
2245 1868 2375 1923 quae
2407 1868 2520 1907 non
2548 1857 2703 1908 certa
2733 1853 2958 1908 ratione
2984 1869 3050 1908 ac
3086 1851 3178 1906 via
3207 1867 3241 1907 a
3290 1851 3495 1922 primis
3525 1852 3636 1907 ini-

218 1941 316 1995 tiis
350 1941 426 1994 ad
462 1955 770 1996 summum
803 1955 991 2010 usque
1018 1941 1322 2012 fastigium
1354 1946 1694 1998 constanter
1722 1942 1983 1998 ascendit
2033 1958 2097 1997 ac
2155 1945 2503 2013 perpetuum
2551 1941 2664 1997 sibi
2708 1942 3194 1998 commentarium
3234 1945 3420 2012 parat.
3475 1943 3636 2006 Quod

218 2030 378 2085 enim
413 2046 597 2101 supra
627 2029 806 2084 etiam
842 2029 1030 2100 attigi,
1063 2031 1339 2086 doctrinae
1371 2031 1566 2087 omnis
1614 2030 1744 2087 laus
1794 2031 1852 2085 in
1903 2031 2119 2085 artium
2169 2029 2463 2086 methodis
2514 2035 2689 2102 atque
2732 2030 2793 2086 in
2845 2047 2910 2086 eo
2941 2031 3206 2095 vertitur,
3239 2030 3419 2099 quod,
3451 2031 3635 2098 quead

217 2122 340 2176 ﬁeri
373 2123 595 2192 potest,
638 2119 923 2190 quidquid
957 2121 1026 2175 ad
1060 2121 1329 2176 eamdem
1358 2137 1480 2176 rem
1507 2120 1781 2194 pertinet,
1807 2119 2122 2188 contrahit,
2147 2126 2202 2176 et
2239 2136 2308 2176 ex
2333 2119 2515 2176 variis
2556 2121 2839 2176 membris
2872 2136 3053 2176 unum
3096 2135 3309 2189 corpus
3341 2118 3634 2190 integrum

213 2210 540 2280 componit.
580 2208 656 2263 Eo
691 2208 958 2264 absoluto
984 2207 1251 2266 lectionis
1272 2209 1524 2265 varietas
1556 2207 1808 2281 singulis
1831 2208 2097 2280 partibus
2127 2207 2291 2263 addit
2315 2213 2663 2264 ornamenta
2705 2213 2762 2264 et
2810 2210 3262 2282 amplitudinem
3316 2209 3633 2282 quamdam

215 2298 518 2354 conciliat.
555 2298 775 2364 Quodsi
811 2297 933 2352 haec
965 2297 1292 2354 similitudo
1324 2298 1522 2354 minus
1552 2298 1755 2370 placet,
1789 2297 1964 2354 homo
1995 2296 2292 2354 studiosus
2322 2296 2588 2369 diligenti
2621 2298 3010 2371 patrifamilias
3036 2303 3411 2371 comparetur
3441 2323 3456 2366 ;
3508 2301 3632 2371 qui,

214 2395 273 2445 ut
299 2388 405 2444 ille
440 2405 718 2458 agrorum
753 2403 993 2444 suorum
1027 2393 1344 2460 proventus
1374 2392 1432 2444 et
1459 2388 1782 2444 domestica
1811 2387 2206 2444 instrumenta
2235 2387 2294 2442 in
2326 2386 2551 2444 horreis
2582 2397 2636 2444 et
2665 2390 2839 2445 certis
2869 2390 3219 2461 quibusdam
3271 2388 3434 2446 cellis
3462 2405 3633 2462 repo-

213 2481 314 2545 nit,
356 2484 424 2535 ut
459 2495 601 2535 cum
636 2495 782 2534 usus
812 2479 1093 2550 postulat,
1125 2478 1325 2535 statim
1359 2479 1430 2534 ad
1465 2494 1709 2535 manum
1739 2478 1878 2545 sint,
1908 2479 1989 2533 ita
2019 2479 2166 2550 ipse,
2193 2479 2479 2550 quidquid
2501 2479 2588 2534 vel
2619 2481 2966 2552 cogitatione
2993 2474 3082 2536 vel
3115 2479 3362 2536 lectione
3409 2479 3496 2535 vel
3530 2497 3630 2536 au-

215 2571 433 2626 ditione
468 2586 577 2642 per
607 2585 782 2625 omne
809 2573 1044 2640 tempus
1074 2569 1258 2624 sitatis
1292 2568 1505 2641 (neque
1535 2568 1695 2624 enim
1728 2568 1849 2624 ulla
1877 2567 2174 2640 sapientiae
2206 2567 2400 2623 studio
2430 2572 2587 2624 meta
2617 2570 2967 2641 praeﬁgenda
2995 2570 3105 2642 est)
3131 2576 3478 2625 consecutus
3510 2571 3629 2626 fue-

215 2661 302 2730 rit,
336 2661 552 2717 statim
587 2660 645 2714 in
679 2659 810 2715 illas
842 2659 1055 2714 artium
1089 2659 1330 2726 classes,
1363 2659 1410 2714 si
1443 2675 1560 2714 non
1587 2657 1738 2729 style
1771 2664 1870 2714 aut
1901 2657 2147 2728 calamo,
2181 2657 2389 2714 saltem
2423 2659 2618 2714 animo
2649 2663 2706 2716 et
2735 2660 3133 2716 recordatione
3164 2662 3424 2730 reponat,
3458 2662 3515 2714 et
3554 2661 3622 2714 ad

215 2749 447 2822 regulas
479 2747 619 2803 illas
646 2765 680 2802 a
709 2747 1070 2804 doctissimis
1100 2747 1442 2805 hominibus
1472 2749 1716 2804 traditas
1746 2749 1962 2819 exigat,
1996 2747 2112 2804 acri
2137 2747 2362 2818 judicio
2393 2764 2624 2820 semper
2651 2748 3016 2819 interposito,
3064 2764 3136 2804 ne
3178 2751 3332 2818 quod
3374 2748 3624 2820 quisque

214 2840 421 2896 dixerit
455 2843 560 2895 aut
592 2838 892 2910 scripserit
922 2846 1020 2894 aut
1048 2838 1163 2910 ipsi
1191 2839 1366 2895 etiam
1399 2839 1458 2894 in
1493 2842 1750 2896 mentem
1777 2838 2023 2908 venerit,
2057 2836 2357 2893 oraculum
2388 2853 2517 2894 esse
2546 2841 2707 2910 putet
2738 2838 2896 2911 (nam
2930 2837 3154 2894 homini
3195 2838 3366 2894 docto
3395 2838 3621 2910 turpis-

211 2930 426 2985 simum
463 2925 664 2995 fuerit,
698 2929 765 2981 ut
785 2925 966 2983 Graci
993 2926 1290 3001 eleganter
1314 2929 1539 3000 dicunt,
1569 2922 1815 2982 ἀϐασανίς

2018 2922 2376 3000 αραδέχεσθαι
2402 2926 2502 2994 τὴν
2533 2927 2713 2981 πίστιν
2755 2933 2856 2997 τῆς
2907 2924 3188 2998 ἀληθείας,
3222 2927 3332 2984 hoc
3381 2931 3474 2983 est
3505 2927 3622 3000 opi-

208 3021 410 3076 niones
439 3018 768 3074 consectari
803 3019 1076 3090 nudaque
1107 3021 1452 3077 auctoritate
1483 3019 1639 3093 niti),
1669 3021 1769 3076 sed
1801 3023 2030 3075 tantum
2063 3017 2272 3090 cuique
2323 3018 2680 3075 credendum
2721 3033 2851 3075 esse
2905 3023 3141 3089 statuat,
3191 3022 3480 3089 quantum
3523 3023 3625 3075 aut

209 3109 394 3166 ﬁrmis
429 3108 772 3164 rationibus
805 3112 908 3163 aut
955 3109 1359 3180 probabilibus
1406 3110 1760 3182 conjecturis
1837 3109 2187 3182 persuadere
2259 3108 2468 3180 possit,
2542 3108 2602 3165 in
2678 3111 2899 3167 caeteris
2974 3124 3282 3166 assensum
3357 3108 3626 3165 cohibeat

207 3204 256 3255 et
329 3199 661 3264 sustineat,
738 3199 922 3253 donec
995 3198 1192 3271 ipsum
1268 3204 1505 3272 tempus
1580 3199 1924 3272 scrupulum
2000 3197 2325 3256 sustulerit.
2400 3199 2511 3255 Sed
2587 3214 2658 3255 ne
2734 3198 3018 3256 memoria
3089 3197 3290 3271 lapsus
3365 3213 3493 3254 esse
3567 3201 3625 3254 et

202 3291 266 3346 ab
297 3289 584 3346 instituto
616 3303 735 3343 non
768 3291 925 3343 certo
957 3288 1198 3345 consilio
1229 3289 1534 3347 deﬂexisse
1575 3291 1677 3346 sed
1753 3306 1857 3362 per
1931 3287 2281 3346 oblivionem
2355 3289 2654 3346 aberrasse
2701 3289 2920 3359 videar,
2955 3289 3024 3345 ad
3057 3287 3393 3346 Choniatem
3424 3288 3618 3354 redeo,

202 3398 372 3453 quem
407 3380 621 3436 ordine
654 3378 961 3449 aptissimo
991 3384 1048 3435 et
1078 3379 1352 3452 prudenti
1381 3385 1483 3438 tuo
1558 3379 1800 3437 consilio
1873 3381 2106 3436 Zonaras
2183 3380 2530 3452 adjunctum
2607 3395 2734 3437 esse
2777 3379 2914 3436 dixi.
2948 3380 3094 3435 Nam
3122 3395 3238 3451 quo
3269 3379 3326 3434 in
3361 3377 3488 3434 loco
3519 3376 3618 3433 ille

201 3469 462 3526 Annales
494 3485 639 3524 suos
672 3466 881 3534 finivit,
915 3467 973 3522 in
1004 3467 1188 3525 Alexii
1236 3469 1516 3526 Comneni
1564 3469 1833 3526 videlicet
1875 3469 2062 3539 obitu,
2090 3485 2156 3526 eo
2207 3469 2266 3525 in
2307 3469 2433 3526 loco
2466 3468 2559 3524 hic
2587 3487 2757 3526 suam
2789 3469 3096 3526 historiam
3129 3469 3488 3539 auspicatur,
3523 3483 3615 3522 res

203 3563 532 3616 memoratu
569 3558 802 3628 dignas,
837 3573 962 3628 quae
995 3556 1055 3613 in
1087 3558 1403 3631 Byzantina
1425 3559 1670 3632 imperio
1701 3575 1987 3615 annorum
2021 3559 2246 3615 circiter
2275 3560 2344 3614 86
2373 3559 2562 3631 spatio
2609 3560 2964 3628 acciderunt,
3017 3559 3376 3630 complexus.
3419 3560 3609 3628 Atque

204 3651 434 3707 utinam
469 3649 628 3705 alius
660 3649 892 3704 Graecus
927 3648 1266 3715 exstitisset,
1300 3650 1400 3721 qui
1433 3649 1504 3705 ab
1537 3649 1644 3704 hoc
1678 3653 1914 3706 auctore
1944 3656 1996 3704 et
2027 3647 2413 3722 Chalcondyle
2445 3649 2835 3720 praetermissa
2867 3649 2990 3720 pari
3020 3649 3296 3705 facundia
3326 3662 3607 3718 prosecu-

199 3747 291 3798 tus
320 3749 498 3796 esset.
530 3739 720 3810 Major
749 3739 904 3794 enim
937 3743 1025 3795 est
1053 3739 1344 3796 Choniataa
1378 3740 1542 3810 copia
1573 3748 1626 3794 et
1655 3738 1960 3811 diligentia
1989 3738 2276 3816 lectioque
2297 3739 2615 3810 jucundior
2645 3755 2819 3810 quam
2866 3739 3097 3793 Zonaras
3132 3753 3146 3791 :
3181 3737 3273 3791 eui
3328 3752 3442 3791 una
3473 3735 3603 3789 bre-

187 3831 335 3887 vitas
369 3829 708 3887 necessario
742 3832 1036 3900 proposita
1059 3829 1190 3898 fuit,
1226 3830 1380 3900 quod
1409 3828 1627 3901 alioqui
1658 3845 1806 3900 opus
1854 3830 1912 3883 in
1968 3830 2322 3884 immensum
2368 3827 2753 3896 excrevisset;
2799 3827 2973 3898 idque
3025 3825 3113 3881 vel
3144 3842 3212 3880 ex
3241 3842 3306 3881 eo
3338 3828 3604 3896 apparet,

192 3921 347 3993 quod
368 3920 616 3976 heroina
643 3918 1233 3974 eruditissima.Anna
1254 3918 1587 3984 Caesarissa,
1611 3918 1982 3989 imperatoris
2005 3917 2185 3973 Alexii
2211 3918 2428 3983 filia,de
2450 3918 2625 3972 rebus
2651 3917 2830 3990 gestis
2849 3916 3030 3987 patris
3061 3916 3149 3970 sui
3176 3915 3356 3970 libros
3378 3917 3447 3969 2O
3468 3916 3604 3972 scri-

185 4013 324 4083 psit,
357 4010 461 4082 qui
495 4010 691 4064 adhuc
723 4009 782 4064 in
814 4011 1164 4081 Augustanaa
1209 4009 1290 4064 rei
1345 4007 1585 4080 publica;
1635 4008 1991 4064 bibliotheca
2035 4012 2283 4076 exstant,
2330 4023 2462 4062 cum
2512 4009 2763 4062 Zonaras
2801 4005 2980 4059 vitam
3015 4003 3172 4058 illius
3206 4004 3406 4073 paucis
3445 4005 3600 4061 foliis

182 4097 620 4174 perstrinxerit.
653 4097 727 4154 Ut
757 4103 954 4154 autem
989 4098 1243 4154 brevitas
1275 4098 1618 4154 memoriam
1651 4099 1838 4168 juvat,
1889 4097 1968 4153 ita
2012 4097 2258 4157 fusiores
2290 4097 2653 4152 narrationes
2685 4096 2816 4168 plus
2852 4092 3254 4150 delectationis
3283 4093 3517 4159 habent,
3542 4095 3601 4150 in

183 4207 401 4262 magna
434 4187 757 4260 praesertim
788 4187 1066 4244 varietate
1098 4203 1297 4244 rerum
1329 4192 1386 4243 et
1425 4188 1640 4244 subitis
1667 4188 1910 4243 fortuna:
1945 4187 2535 4254 commutationibus;
2594 4202 2720 4258 quae
2774 4201 2886 4240 non
2937 4183 3139 4238 multis
3199 4183 3370 4238 annis
3420 4183 3602 4254 pluri-

177 4298 312 4349 mae,
347 4294 557 4350 eaeque
585 4275 886 4332 mirabiles
919 4291 985 4333 ac
1015 4276 1208 4349 potius
1232 4277 1616 4348 miserabiles,
1651 4280 1856 4349 praeter
1885 4275 2380 4348 exspectationem
2411 4275 2664 4346 Graecos,
2699 4289 2843 4347 quos
2873 4272 2967 4329 hic
3013 4271 3264 4344 scriptor
3311 4273 3603 4329 Romano-

177 4387 313 4426 rum
343 4366 750 4441 appellatione
782 4367 1075 4436 honestat,
1111 4372 1546 4439 oppresserunt,
1579 4374 1873 4424 crescente
1921 4366 1978 4421 in
2030 4366 2155 4421 dies
2200 4365 2505 4421 Persarum
2552 4366 2674 4422 sive
2703 4365 3028 4420 Turcorum
3062 4363 3219 4435 (nam
3255 4365 3606 4420 recentiores

174 4457 529 4530 promiscue
561 4454 658 4509 his
689 4454 988 4511 vocabulis
1019 4455 1294 4526 utuntur)
1319 4455 1613 4526 potentia;
1648 4471 1899 4528 quorum
1932 4453 2325 4527 grassationes
2356 4458 2413 4510 et
2442 4453 2906 4511 Christianorum
2941 4453 3272 4526 principum
3316 4453 3600 4510 desidiam

172 4564 241 4603 ac
277 4545 734 4620 perversitatem
766 4549 930 4600 tanta
961 4545 1180 4602 doloris
1213 4545 1532 4602 acerbitate
1563 4546 1871 4603 Choniates
1903 4545 2116 4617 saepius
2149 4543 2436 4616 deplorat,
2469 4548 2532 4600 ut
2561 4561 2694 4601 eum
2729 4545 2800 4601 ab
2828 4544 3103 4601 omnibus
3137 4544 3234 4616 qui
3271 4544 3602 4614 reipublicae

167 4642 410 4708 partem
445 4634 713 4705 aliquam
746 4634 1064 4706 attingunt,
1097 4634 1318 4690 nostris
1351 4636 1711 4707 temporibus
1742 4635 1851 4706 legi
1887 4650 2258 4705 summepere
2304 4635 2591 4706 expediat,
2625 4635 2676 4691 si
2730 4637 2876 4692 forte
2929 4637 3358 4693 Germanorum
3391 4635 3596 4708 animi,

167 4740 438 4798 quorum
471 4723 757 4779 fortitudo
787 4728 846 4778 et
872 4723 1056 4795 pietas
1087 4725 1146 4779 in
1179 4724 1578 4796 recuperanda
1608 4722 1774 4796 Syria
1803 4727 1862 4778 et
1891 4729 2044 4780 terra
2073 4725 2274 4778 sancta
2304 4721 2582 4780 laudibus
2613 4724 2862 4796 egregiis
2908 4724 3020 4781 hoc
3065 4725 3283 4796 scripto
3333 4729 3595 4790 ornatur,

162 4813 541 4871 clarissimis
572 4811 857 4884 exemplis
897 4813 1146 4869 Conradi
1191 4817 1247 4869 et
1277 4813 1553 4869 Frideriei
1601 4813 2018 4885 imperatorum
2064 4811 2276 4867 saltem
2325 4813 2397 4868 ad
2443 4815 2722 4869 tuendam
2765 4814 3039 4884 patriam,
3088 4813 3197 4868 hoc
3247 4816 3335 4868 est
3376 4811 3596 4867 vicinas

159 4902 555 4968 Pannonias,
590 4901 936 4957 excitentur.
959 4901 1126 4958 Nunc
1158 4901 1312 4958 enim
1346 4918 1461 4958 non
1494 4902 1566 4958 de
1595 4901 1767 4958 laude
1799 4905 1856 4957 et
1885 4899 2066 4972 gloria
2096 4900 2500 4969 laborandum,
2534 4901 2637 4958 sed
2668 4903 2737 4956 de
2769 4902 2884 4958 aris
2929 4905 2984 4957 et
3035 4902 3177 4958 focis
3218 4901 3597 4973 pugnandum

161 5010 302 5051 esse
335 4995 623 5065 opparet,
655 5007 769 5063 quo
791 4989 987 5048 minus
1019 4991 1142 5059 ﬂat,
1177 4991 1340 5048 nulla
1369 5008 1462 5048 res
1491 5007 1656 5063 aeque
1684 4991 1743 5046 in
1777 5007 1952 5047 causa
1981 4993 2070 5045 est
2098 4995 2273 5062 atque
2315 4991 2731 5048 dissensiones.
2783 4991 3032 5061 Graecos,
3066 4995 3274 5064 praeter
3321 4989 3599 5044 intestina

157 5083 334 5141 bella
363 5099 440 5139 ex
472 5081 798 5137 ambitione
830 5082 949 5136 fere
977 5084 1123 5148 orta,
1155 5080 1521 5152 voluptatum
1554 5081 1814 5136 studium
1850 5083 1906 5136 et
1927 5080 2134 5152 ignava
2153 5082 2491 5137 monarchia
2514 5081 2760 5152 perdidit
2789 5081 2992 5137 :nobis
3015 5079 3319 5136 temeraria
3343 5077 3595 5132 bellandi

167 5173 495 5247 cupiditas
528 5178 584 5225 et
615 5169 842 5226 discors
876 5185 944 5226 ac
973 5169 1236 5241 inquieta
1265 5169 1598 5242 polyarchia
1629 5170 1682 5224 id
1720 5170 1978 5225 minatur
2007 5171 2162 5242 quod
2196 5171 2349 5226 absit
2378 5175 2443 5226 ut
2483 5171 2884 5240 experiamur:
2933 5174 2989 5224 et
3038 5168 3203 5222 facile
3251 5181 3599 5234 caveremus,

169 5265 296 5319 nisi
332 5261 508 5317 fatali
543 5261 798 5332 quadam
830 5259 1090 5316 siderum
1131 5260 1517 5332 impressione
1548 5259 1764 5315 animis
1794 5264 1967 5330 atque
2013 5259 2256 5315 auribus
2308 5276 2340 5313 a
2394 5259 2556 5314 sanis
2600 5256 2862 5314 consiliis
2907 5255 3166 5328 plerique
3198 5253 3598 5309 abhorrerent.

169 5353 518 5408 lmminuta
551 5349 786 5421 quidem
815 5353 926 5416 est,
959 5354 1016 5405 et
1044 5349 1220 5405 veluti
1255 5348 1386 5404 laata
1436 5364 1601 5420 seges
1653 5348 1800 5403 tristi
1853 5347 1987 5403 lolio
2034 5353 2328 5418 corrupta,
2379 5353 2544 5401 vetus
2594 5351 2804 5402 nostrai
2850 5344 3039 5416 gentis
3069 5342 3412 5414 integritas;
3446 5343 3595 5412 quod

168 5446 529 5498 exterarum
562 5437 868 5494 nationum
900 5438 1151 5509 quodam
1184 5437 1348 5508 quasi
1380 5437 1648 5508 contagio
1679 5435 1960 5491 accidisse
1990 5435 2242 5502 videtur,
2273 5449 2520 5504 quarum
2556 5433 2706 5488 mala
2737 5449 2870 5488 cum
2905 5433 3140 5488 nostrisr
3166 5431 3598 5501 conjunximus,

165 5547 311 5588 cum
351 5528 905 5603 peregrinationum
951 5526 1002 5582 is
1053 5527 1190 5582 ﬂuis
1241 5542 1370 5582 esse
1415 5526 1642 5593 debeat,
1693 5528 1759 5580 ut
1806 5524 2020 5579 innatis
2071 5530 2130 5579 et
2179 5523 2604 5579 consuetudine
2633 5523 2856 5579 inclitis
2888 5522 3044 5578 vitiis
3076 5521 3318 5592 abjectis
3351 5520 3598 5579 aliorum

168 5621 433 5678 virtutes
465 5618 854 5683 asciscamus,
887 5632 1204 5688 eorumque
1235 5617 1543 5686 prudentia
1574 5621 1630 5670 et
1662 5613 2029 5670 humanitate
2070 5615 2136 5668 ad
2172 5629 2342 5668 omne
2371 5629 2556 5684 genus
2588 5611 2764 5668 ofﬁcii
2796 5617 2852 5668 et
2880 5611 3072 5668 laudis
3104 5611 3461 5668 crudiamur.
3487 5615 3594 5669 Sed

175 5715 228 5769 si
262 5717 487 5767 cmtera
519 5714 880 5781 spectemus,
901 5723 1199 5778 nunquam
1222 5706 1532 5762 Germania
1552 5705 1708 5772 viris,
1733 5705 1934 5771 armis,
1960 5704 2196 5775 opibus,
2220 5703 2503 5771 consiliis,
2533 5704 2637 5759 fuit
2674 5703 3046 5772 instructior;
3076 5721 3220 5775 quas
3243 5720 3334 5759 res
3367 5707 3601 5775 proptrr

183 5801 558 5862 discordiam
591 5815 709 5854 non
742 5798 801 5853 in
834 5797 1092 5853 hostium
1127 5796 1540 5851 detrimentum
1569 5796 1664 5850 sed
1704 5796 1760 5849 in
1793 5794 1992 5865 patriae
2024 5793 2264 5849 exitium
2287 5795 2627 5851 detestanda
2658 5794 3100 5862 orudelitate,ne
3123 5794 3309 5849 dicam
3342 5794 3594 5858 insania,

180 5893 640 5952 convertimus:
676 5904 806 5960 qua
837 5887 1111 5960 cogitatio
1141 5901 1277 5941 cum
1304 5885 1364 5941 in
1396 5885 1575 5955 hujus
1627 5883 1876 5939 historiae
1927 5884 2401 5954 interpretatione
2454 5885 2701 5943 subinde
2744 5900 2936 5942 meum
2983 5884 3246 5941 animum
3291 5883 3510 5948 feriret,
3543 5887 3598 5935 et
