4062 6202
485 298 598 360 307
1714 298 1818 358 AD
1862 297 2180 360 NICETIE
2223 299 2660 361 HISTORIAM
3723 321 3822 382 308

487 435 644 490 haud
677 435 853 492 dubio
885 435 1234 492 cordatiores
1264 449 1499 506 quoque
1530 432 1773 489 lectores
1804 434 2254 490 exstimulatura
2283 435 2379 500 sit,
2411 451 2526 490 non
2560 441 2883 506 temperare
2916 433 3062 489 mihi
3096 435 3254 506 potui
3302 438 3437 509 quin
3475 441 3618 500 hunc
3644 447 3804 509 locum

492 541 665 595 quem
697 527 958 580 omnium
991 525 1204 580 animis
1236 531 1413 595 atque
1442 524 1630 578 oculis
1661 541 1892 594 semper
1916 524 2203 579 obversari
2240 523 2622 578 utilissimum
2660 524 2854 587 fuerit,
2888 524 3077 578 obiter
3108 526 3467 596 attingerem.
3490 531 3639 588 Nunc
3661 540 3720 592 de
3738 499 3824 598 hoc;

490 630 660 684 opere
691 616 996 670 dicendum
1025 621 1136 680 est,
1170 616 1322 686 quod
1354 615 1459 668 etsi
1494 614 1689 669 labore
1722 631 1835 669 non
1869 616 2052 669 multo
2086 616 2330 683 minore,
2382 614 2551 685 longe
2589 619 2786 668 tamen
2840 613 3043 682 majori
3089 630 3222 668 cum
3266 615 3548 688 voluptate
3590 630 3824 684 converti.

489 709 728 775 propter
759 703 1034 759 historias
1067 704 1210 758 mihi
1246 704 1492 760 antehac
1524 706 1640 760 fere
1671 705 1992 775 incognitas
2009 713 2061 760 et
2084 706 2318 776 planius
2349 721 2416 758 ac
2449 705 2638 759 fusius
2683 703 2961 759 orationis
3019 713 3244 775 genus:
3294 708 3350 760 in
3401 725 3506 779 quo
3535 715 3706 769 tamen
3733 718 3822 773 im-

489 795 777 850 modicam
808 794 1004 850 nescio
1037 796 1208 864 cujus
1243 794 1548 850 insolentis
1579 793 1876 866 elegantia
1907 795 2330 850 aii'ectationem
2366 811 2476 849 non
2508 810 2739 865 semper
2768 795 3124 864 sequendam
3155 794 3295 850 mihi
3327 796 3476 864 duxi,
3525 804 3664 870 quod
3692 807 3826 876 quid.

491 883 630 953 quid
663 886 792 954 ejus
818 885 1044 953 generis
1077 889 1187 954 est,
1222 901 1332 940 non
1368 884 1552 955 ipsius
1584 886 1840 940 auctoris
1872 885 2151 956 scriptum
2185 885 2278 939 sed
2317 885 2708 956 paraphrasta
2741 889 2797 938 et
2825 883 3020 938 amuli
3050 884 3293 956 alicujus
3324 898 3698 948 assumentum
3725 911 3826 951 esse

488 973 736 1030 videtur.
771 975 998 1032 Contuli
1025 976 1181 1031 enim
1214 976 1309 1030 hic
1340 992 1572 1047 quoque
1595 977 1742 1032 duos
1773 977 2002 1032 codices
2034 993 2162 1032 cum
2195 993 2261 1031 eo
2293 992 2462 1047 quem
2497 975 2824 1046 amplitudo
2856 984 2956 1030 tua
2985 975 3148 1048 Cpoli
3191 975 3261 1030 ab
3305 976 3608 1034 Alexandro
3635 982 3828 1038 Charto-

490 1063 731 1135 phylace
761 1064 1144 1136 comparavit,
1173 1069 1344 1135 atque
1375 1081 1612 1136 operam
1643 1065 1796 1134 dedi,
1834 1070 1898 1121 ut
1927 1082 1994 1121 ex
2025 1081 2091 1120 ea
2121 1065 2425 1120 collatione
2471 1081 2618 1135 opus
2669 1064 2778 1120 hoc
2825 1081 3000 1135 quam
3047 1065 3480 1136 integerrimum
3511 1069 3761 1136 ederetur,
3786 1080 3828 1128 et

489 1155 684 1210 Graca
716 1155 915 1210 itidem
946 1160 1010 1209 ut
1039 1155 1098 1209 in
1129 1156 1348 1218 Zonara
1379 1161 1576 1212 nostro
1609 1157 1825 1211 factum
1858 1161 1947 1212 est
1975 1173 2108 1212 cum
2141 1155 2362 1211 Latinis
2393 1156 2906 1226 conjungerentur.
2949 1155 3226 1218 Quamvis
3257 1155 3409 1210 enim
3443 1155 3612 1213 Graci
3645 1175 3828 1215 sermo-

492 1246 582 1300 nis
613 1245 835 1316 puritas
861 1251 921 1300 et
951 1247 1275 1316 proprietas
1301 1261 1435 1299 cum
1469 1250 1801 1301 exterarum
1834 1246 2134 1301 nationum
2167 1244 2534 1300 commerciis
2583 1249 2708 1298 tum
2760 1245 3079 1299 otiosorum
3131 1243 3436 1299 hominum
3480 1245 3694 1316 ineptiis
3727 1265 3828 1303 cor-

492 1342 666 1409 rupta
695 1341 804 1404 est,
839 1352 944 1391 nec
976 1336 1102 1391 ﬁeri
1135 1336 1340 1406 nequit
1371 1336 1428 1389 in
1463 1337 1568 1392 hoc
1595 1337 1945 1408 scriptorum
1969 1353 2179 1408 genere
2211 1341 2273 1392 ut
2306 1334 2639 1407 interpretis
2671 1351 2787 1389 non
2819 1334 3038 1389 indocti
3087 1350 3196 1390 nec
3246 1334 3510 1390 indiserti
3555 1336 3713 1391 oratio
3739 1338 3827 1408 ipsi

492 1425 712 1480 auctori
746 1424 1108 1494 praeferatur,
1141 1427 1336 1480 tamen
1369 1442 1474 1482 nec
1505 1443 1635 1482 eum
1668 1443 1773 1498 ego
1806 1443 1895 1483 me
1926 1427 2303 1498 interpretem
2337 1426 2595 1499 proﬁteri
2626 1425 2839 1493 ausim,
2871 1428 2929 1478 et
2964 1425 3160 1479 Graeca
3197 1423 3416 1496 lingua,
3465 1425 3828 1497 qualiscunque

490 1514 707 1580 adhuc,
742 1515 938 1571 nescio
970 1531 1144 1586 quem
1178 1515 1415 1586 genium
1449 1515 1659 1572 retinet
1688 1533 1755 1571 ac
1803 1517 2126 1572 ubertatem
2180 1516 2403 1572 Latinis
2452 1516 2882 1573 inimitabilem.
2932 1514 3292 1571 Testimonio
3343 1519 3477 1569 sunt
3519 1531 3700 1570 omnes
3735 1516 3826 1570 fere

493 1603 842 1676 disciplina,
884 1620 1129 1674 quarum
1169 1605 1265 1660 vix
1299 1604 1419 1660 ulla
1451 1609 1540 1660 est
1569 1606 1710 1677 quin
1744 1609 1801 1660 et
1829 1621 1859 1660 e
1891 1606 2090 1661 schola
2119 1609 2316 1660 Graca
2373 1623 2434 1660 se
2493 1605 2776 1676 prodiisse
2833 1604 2920 1660 vel
2979 1605 3107 1676 ipso
3164 1603 3403 1659 nomine
3453 1605 3696 1671 fateatur,
3724 1605 3828 1658 etsi

493 1695 722 1749 Gracas
751 1709 923 1749 voces
951 1694 1281 1762 sustuleris,
1317 1711 1467 1766 sape
1498 1696 1886 1751 Obmutescat.
1921 1697 2044 1760 Quo
2075 1696 2275 1751 minus
2303 1696 2342 1750 ii
2367 1695 2585 1751 ferendi
2617 1703 2757 1752 sunt
2785 1695 2887 1767 qui
2917 1695 3174 1750 Gracam
3207 1693 3468 1764 linguam
3501 1698 3561 1748 ut
3603 1709 3828 1764 superva-

491 1797 731 1836 caneam
757 1789 1166 1853 aspernantur.
1199 1782 1363 1845 Quod
1396 1785 1592 1854 utique
1624 1802 1738 1840 non
1775 1786 2050 1851 facerent,
2084 1785 2133 1838 si
2168 1800 2344 1855 quam
2379 1786 2545 1855 pauci
2578 1784 2776 1840 fideles
2807 1793 2861 1840 et
2887 1783 3041 1839 docti
3081 1785 3427 1854 interpretes
3455 1783 3570 1836 sint
3599 1782 3832 1852 intellige-

491 1875 639 1926 rent.
673 1869 821 1925 Aliis
851 1871 1016 1926 deest
1044 1871 1286 1926 alterius
1310 1874 1524 1939 utrius,
1560 1873 1692 1928 aliis
1723 1873 2032 1944 utriusque
2063 1871 2276 1944 linguae
2306 1875 2577 1944 cngnitio,
2613 1873 2744 1927 aliis
2777 1873 2923 1928 fides
2952 1880 3007 1928 et
3036 1870 3362 1942 diligentia,
3414 1869 3688 1926 nonnullis
3731 1868 3833 1922 uni-

487 1975 657 2015 versa
687 1960 826 2027 hac,
867 1977 982 2016 non
1011 1965 1131 2016 tam
1167 1962 1412 2017 fortasse
1443 1961 1667 2017 malitia
1687 1970 1741 2017 et
1770 1966 2104 2033 contemptu
2135 1961 2483 2032 iudiciorum
2527 1963 2677 2034 (qua
2709 1971 2966 2018 extrema
2992 1965 3148 2017 esset
3194 1961 3468 2027 amentia)
3520 1975 3676 2030 quam
3704 1958 3830 2013 cala-

490 2049 692 2103 mitate
721 2049 974 2119 quadam
1006 2054 1338 2120 temporum
1374 2056 1710 2106 nostrorum
1741 2058 1794 2106 et
1827 2051 2225 2122 prastantium
2259 2051 2627 2124 ingeniorum
2674 2051 2963 2123 neglectu,
3019 2051 3235 2122 quibus
3271 2051 3502 2105 fortuna
3545 2048 3829 2120 plerumque

489 2136 685 2192 minus
716 2137 860 2192 favet
893 2154 1067 2210 quam
1100 2139 1173 2194 iis
1205 2155 1444 2210 quorum
1476 2143 1664 2194 minor
1693 2145 1782 2194 est
1809 2140 2096 2196 industria
2125 2149 2179 2195 et
2209 2140 2472 2195 obtusior
2501 2141 2654 2195 acies
2686 2142 3036 2195 animorum.
3073 2142 3274 2210 Itaque
3313 2139 3551 2210 pedibus
3584 2138 3638 2192 in
3667 2152 3830 2191 eorum

486 2239 552 2280 eo
584 2226 931 2281 sententiam
964 2226 1058 2295 qui
1091 2226 1288 2283 Graca
1320 2243 1450 2284 cum
1487 2227 1708 2283 Latinis
1740 2228 2153 2299 conjungenda
2182 2243 2310 2283 esse
2341 2232 2604 2298 censent,
2647 2227 2932 2298 siquidem
2973 2227 3171 2283 Graca
3208 2228 3460 2283 seorsim
3505 2239 3691 2297 parum
3729 2239 3836 2278 vcn-

490 2311 696 2368 dibilia
720 2320 858 2368 sunt
889 2318 1056 2370 atate
1085 2324 1305 2384 nostra,
1335 2331 1461 2385 qua
1493 2320 1728 2386 propter
1755 2316 2134 2371 ambitionem
2161 2323 2215 2370 et
2245 2316 2545 2371 avaritiam
2597 2315 2851 2371 bellandi
2896 2315 3269 2386 cupiditatem
3325 2315 3396 2369 ad
3444 2314 3720 2384 pristinam
3744 2311 3841 2365 bar-

491 2401 706 2459 bariem
737 2419 944 2474 magno
974 2404 1200 2475 impetu
1230 2405 1370 2461 ruit.
1404 2404 1548 2460 Nam
1585 2405 1772 2460 Latini
1803 2412 1858 2460 et
1885 2406 2065 2462 Graci
2093 2405 2384 2462 sermonis
2414 2407 2762 2477 praprietate
2802 2415 2856 2462 et
2889 2407 3141 2478 puritate
3187 2405 3412 2461 amissa
3456 2409 3841 2472 contemptaque

483 2491 856 2564 philosophia
885 2499 940 2548 et
971 2492 1227 2563 politiori
1259 2493 1580 2549 litteratura
1610 2495 1894 2565 neglecta,
1956 2502 2020 2549 ut
2077 2510 2275 2550 coram
2327 2496 2648 2566 cernimus,
2707 2512 2824 2552 non
2856 2496 3172 2551 obscurum
3221 2499 3323 2550 est
3369 2494 3504 2565 quid
3542 2489 3838 2562 impendeat.

495 2582 774 2639 Praclare
803 2583 1005 2639 scribit
1039 2585 1344 2651 Isocrates,
1393 2599 1563 2656 quem
1608 2584 1666 2639 in
1722 2585 1829 2640 hac
1875 2589 2037 2656 parte
2086 2585 2451 2656 Aristoteles,
2495 2594 2552 2641 ut
2603 2586 2748 2641 mihi
2797 2587 3046 2650 videtur,
3082 2585 3308 2657 quippe
3347 2587 3482 2640 natu
3515 2581 3843 2655 grandiorem,

500 2671 809 2728 amulatus
838 2676 949 2741 est,
980 2679 1034 2728 et
1063 2689 1128 2728 eo
1160 2673 1438 2728 admirari
1469 2690 1584 2729 non
1615 2673 1760 2730 satis
1789 2690 2049 2745 possum,
2082 2673 2313 2730 virtutis
2343 2675 2612 2746 singulas
2663 2676 2721 2730 in
2776 2674 2966 2731 medio
3007 2675 3277 2730 binorum
3340 2674 3618 2736 vitiorum,
3645 2683 3842 2740 quorum

497 2763 746 2818 alterum
777 2763 922 2819 citra
951 2763 1205 2833 resistat,
1235 2763 1481 2822 alterum
1510 2763 1741 2836 longius
1771 2780 1947 2835 quam
1981 2781 2087 2836 par
2116 2765 2188 2820 sit
2220 2766 2642 2837 progrediatur,
2702 2781 2831 2821 esse
2899 2764 3227 2820 collocatas.
3285 2765 3355 2820 Et
3413 2771 3557 2818 recte
3587 2763 3720 2832 apud
3746 2756 3844 2813 Ovi-

494 2851 654 2907 dium
691 2852 954 2907 Dadalus
983 2854 1064 2908 ait
1093 2851 1232 2922 filio,
1261 2853 1441 2909 medio
1469 2855 1777 2908 tutissimus
1804 2855 1930 2908 ibis.
1963 2853 2122 2917 Quod
2154 2854 2378 2909 utinam
2415 2859 2530 2908 tam
2555 2872 2588 2909 a
2607 2854 2888 2925 theologis
2912 2853 3355 2925 jurisconsullis
3375 2862 3428 2908 et
3454 2851 3676 2906 medicis
3702 2861 3841 2918 quam

491 2941 564 2996 ab
597 2941 1014 2996 humaniorum
1047 2942 1371 2998 litterarum
1404 2942 1728 2998 cultoribus
1757 2944 2151 2999 observaretur
2185 2960 2198 3010 ;
2231 2959 2474 3013 quorum
2511 2945 2673 3000 alteri
2708 2960 2770 2999 se
2828 2945 3000 3000 rebus
3056 2943 3371 3012 inharere,
3414 2942 3570 2997 alteri
3621 2935 3843 2995 dictionis

489 3029 791 3102 elegantia
821 3045 884 3086 se
913 3031 1146 3088 studere
1179 3032 1525 3103 profitentur
1557 3049 1570 3086 :
1608 3031 1774 3104 quasi
1803 3048 1936 3088 vero
1972 3037 2073 3088 aut
2101 3032 2386 3089 vocabula
2415 3043 2648 3105 prapler
2677 3032 3123 3104 explicationem
3156 3047 3360 3088 rerum
3387 3047 3501 3087 non
3530 3029 3636 3085 sint
3681 3027 3842 3080 inven-

489 3122 568 3184 ta,
601 3123 702 3175 aut
731 3135 942 3191 corpus
973 3120 1292 3192 egregium,
1340 3120 1447 3177 hoc
1496 3125 1586 3178 est
1635 3119 1958 3194 praclaras,
2008 3121 2340 3192 cujusmodi
2392 3123 2448 3176 in
2497 3121 2847 3178 sublimibus
2900 3120 3014 3176 illis
3045 3121 3382 3191 disciplinis
3409 3121 3728 3184 tractantur,
3754 3129 3843 3168 non

495 3208 718 3263 munda
748 3212 807 3264 et
834 3213 1035 3264 ornata
1058 3209 1261 3277 vestis,
1293 3207 1402 3264 hoc
1433 3214 1524 3265 est
1549 3225 1692 3281 pura
1721 3214 1778 3264 et
1803 3207 2003 3264 limata
2031 3210 2234 3265 deceat
2263 3211 2469 3266 oratio.
2503 3209 2801 3282 Duplicem
2853 3210 3107 3282 profecto
3156 3207 3399 3265 laudem
3450 3211 3737 3268 merentur,
3763 3199 3844 3272 qui

493 3313 586 3354 res
619 3298 891 3370 optimas,
920 3297 966 3353 si
998 3313 1113 3353 non
1145 3296 1398 3370 eleganti
1429 3305 1483 3354 et
1513 3297 1840 3367 splendido,
1873 3302 1930 3353 at
1957 3315 2100 3370 puro
2131 3310 2186 3352 et
2219 3299 2431 3354 diserto
2463 3315 2733 3354 sermone
2760 3305 3111 3371 proponunt.
3161 3297 3516 3368 Cujusmodi
3564 3296 3704 3350 viros
3743 3305 3844 3346 nos-

494 3393 582 3442 tra
611 3393 748 3442 atas
779 3385 977 3457 plures
1008 3402 1140 3443 cum
1172 3387 1386 3459 insigni
1418 3387 1605 3460 gloria
1633 3387 1772 3442 tulit
1799 3403 1976 3458 quam
2010 3388 2316 3460 posteritas
2363 3387 2633 3444 habitura
2679 3388 2925 3453 videtur,
2962 3388 3071 3442 nisi
3119 3386 3302 3444 aliam
3353 3387 3624 3442 rationem
3665 3380 3845 3436 studio-

494 3490 623 3529 rum
665 3474 973 3530 inierimus
1009 3490 1022 3529 :
1056 3477 1153 3530 sed
1187 3475 1325 3546 quid
1357 3491 1462 3547 ego
1493 3491 1800 3532 censuram
1832 3475 1891 3531 in
1924 3492 1984 3531 re
2016 3475 2248 3546 publica
2279 3476 2561 3532 litteraria
2621 3477 2765 3532 mihi
2815 3493 3009 3546 sumo,
3043 3493 3174 3532 cum
3221 3477 3344 3547 ipsi
3391 3475 3529 3530 mihi
3567 3467 3847 3526 diversissi-

495 3577 723 3617 morum
753 3562 1123 3632 ingeniorum
1152 3578 1397 3618 censura
1425 3563 1503 3620 sit
1535 3564 1834 3620 subeunda
1855 3563 1882 3618 ?
1911 3564 2087 3620 Movit
2118 3579 2210 3620 me
2239 3569 2435 3620 tamen
2462 3565 2661 3634 justus
2693 3566 2932 3620 fortasse
2983 3566 3146 3620 dolor
3190 3564 3247 3618 in
3317 3564 3468 3620 hanc
3497 3559 3848 3618 confusionem

490 3651 933 3724 gymnasiorum
974 3651 1317 3719 intuentem,
1351 3653 1458 3708 etsi
1492 3653 1616 3710 hac
1645 3669 1749 3710 nec
1779 3654 2059 3724 temporis
2088 3669 2194 3708 nec
2223 3652 2334 3709 loci
2363 3654 2534 3724 hujus
2565 3670 2694 3710 esse
2743 3655 3070 3710 videantur.
3122 3653 3317 3717 Quare
3366 3652 3592 3710 veniam
3642 3652 3773 3719 peto,
3811 3640 3850 3697 si

490 3758 605 3813 qua
637 3741 831 3796 minus
862 3742 932 3798 ad
967 3741 1302 3798 institutum
1336 3743 1687 3814 pertinentia
1720 3743 2003 3800 inculcavi
2033 3759 2046 3810 ;
2080 3751 2134 3798 et
2164 3743 2406 3799 debetur
2436 3743 2556 3798 hac
2589 3743 2969 3814 pbiIOSOphia
2998 3743 3254 3810 libertas,
3311 3759 3441 3815 qua
3479 3741 3606 3813 quia
3635 3739 3736 3792 fere
3760 3749 3846 3787 cs:-

489 3833 629 3888 teris
670 3841 1038 3888 externarum
1075 3848 1268 3888 rerum
1302 3833 1812 3889 csmmoditatibus
1853 3842 1907 3889 et
1937 3833 2300 3888 ornamentis
2329 3838 2506 3903 caret,
2541 3833 2744 3888 saltem
2774 3832 3142 3904 cogitationis
3171 3837 3356 3904 atque
3386 3828 3651 3887 orationis
3683 3825 3843 3878 vincu-

493 3923 560 3977 lis
590 3921 901 3977 laxioribus
933 3922 1296 3993 astringitur.
1331 3923 1456 3987 Quo
1489 3923 1722 3980 nomine
1752 3923 2016 3978 Socrates
2045 3939 2106 3977 se
2139 3923 2374 3976 meliore
2405 3923 2734 3977 conditione
2764 3937 2891 3977 esse
2922 3938 3101 3992 quam
3148 3932 3440 3986 oratores,
3491 3918 3585 3989 qui
3629 3915 3691 3970 ad
3725 3907 3850 3966 laudi

492 4028 609 4066 non
641 4013 809 4080 duco,
845 4017 906 4066 ut
935 4011 986 4067 si
1017 4027 1127 4082 qua
1157 4011 1330 4084 culpa
1359 4013 1444 4066 vel
1479 4013 1587 4067 hac
1615 4011 2158 4068 commemoratione
2188 4011 2274 4066 vel
2315 4011 2712 4066 conversionis
2754 4011 3298 4082 procrastinatione,
3360 4008 3613 4080 longiore
3655 4000 3850 4074 quidem

493 4117 668 4172 quam
701 4103 821 4172 ipse
852 4108 1136 4171 putaram,
1170 4101 1482 4157 commissa
1513 4110 1616 4168 est,
1648 4104 1774 4174 ejus
1808 4101 1946 4156 mihi
1986 4101 2232 4174 gratiam
2268 4100 2392 4156 ﬁeri
2424 4102 2656 4172 cupiam
2684 4118 2697 4168 ;
2733 4100 3055 4173 prasertim
3087 4116 3219 4156 eum
3247 4099 3450 4173 exigui
3475 4093 3729 4166 temporis
3751 4105 3855 4144 mo-

497 4207 579 4256 ra,
613 4191 801 4246 omnis
831 4206 1038 4262 expers
1068 4191 1442 4255 incommodi,
1469 4208 1582 4246 non
1617 4192 2000 4246 cessationem
2037 4191 2134 4245 sed
2169 4189 2339 4244 ﬁdem
2391 4194 2446 4244 et
2490 4189 2848 4261 diligentiam
2909 4206 3096 4245 meam
3142 4194 3391 4261 arguat;
3444 4203 3570 4259 qua
3610 4182 3709 4238 nisi
3738 4175 3856 4233 mihi

492 4280 607 4334 otio
637 4285 694 4334 et
723 4280 1046 4335 commodis
1077 4282 1221 4335 meis
1254 4281 1548 4352 antiquior
1573 4281 1801 4349 fuisset,
1836 4281 1942 4335 hoc
1972 4279 2167 4334 labore
2199 4278 2382 4333 multo
2414 4279 2588 4334 citius
2625 4278 2858 4347 defungi
2895 4279 3234 4346 potuissem.
3281 4279 3396 4333 Sed
3445 4284 3538 4332 sat
3565 4280 3696 4338 sato,
3725 4269 3764 4323 si
3789 4268 3858 4352 sat

491 4368 658 4435 bene,
693 4376 750 4422 ul
785 4369 1018 4424 dicitur.
1053 4369 1209 4432 Quod
1243 4351 1435 4439 ipsum
1469 4372 1638 4426 etiam
1669 4371 1869 4425 sedulo
1893 4385 1982 4426 me
2009 4374 2282 4424 conatum
2316 4384 2446 4423 esse
2475 4384 2602 4422 cum
2638 4385 2757 4423 rem
2788 4369 2974 4438 ipsam
3008 4373 3354 4424 testaturam
3400 4366 3704 4428 conﬁdam,
3736 4351 3858 4412 nihil

491 4457 562 4512 de
601 4474 693 4514 mo
722 4459 845 4530 ipso
873 4460 1107 4530 addam,
1141 4461 1292 4530 quod
1325 4462 1593 4533 quamvis
1615 4461 1869 4534 amplius
1899 4461 2119 4532 aliquid
2152 4459 2574 4530 prastitissem,
2610 4465 2806 4516 tamen
2837 4459 3201 4515 liberalitatis
3233 4475 3377 4531 erga
3411 4473 3504 4513 me
3536 4464 3638 4511 tua
3669 4458 3713 4507 et
3750 4459 3859 4515 erga

491 4547 792 4603 studiosos
824 4547 1112 4616 homines,
1145 4567 1395 4621 quorum
1426 4551 1747 4606 commodis
1779 4556 1877 4606 tuo
1908 4557 2140 4621 sumptu
2172 4548 2445 4617 consulis,
2478 4553 2699 4620 partem
2732 4549 2822 4605 vix
2851 4550 3118 4620 exiguam
3167 4549 3400 4605 viderer
3441 4551 3744 4602 assecutus.
3776 4536 3863 4590 Au-

491 4639 674 4706 gusta
703 4636 1151 4706 Vindelicorum,
1180 4654 1235 4693 v1
1267 4638 1349 4695 Id.
1381 4639 1565 4710 April.
1600 4655 1754 4696 anno
1785 4639 1973 4696 MDLV
1987 4640 2060 4695 Il.
