4062 6202
341 326 463 391 319

353 492 656 501 ——————

353 509 632 518 .______————.

1674 320 1984 382 NICETIE
2024 316 2452 381 CHONIATIE

601 665 1500 839 NIKHTA
1653 663 1993 836 ΤΟ

2105 663 2128 702 ’
2279 658 3503 834 ΧΩΝΙΑΤΟΥ

3647 315 3776 376 320

1657 985 2436 1117 ΙΣΤΟΡΙΑ.

343 1419 1157 1626 NICET/E
1341 1411 2459 1592 CHONIATE
2615 1415 3755 1595 HISTORIA.

417 1882 469 1938 1.
507 1881 749 1939 Utiliter
777 1882 1031 1938 inventae
1060 1888 1198 1937 sunt
1228 1879 1500 1946 historiis,
1551 1893 1743 1951 neque
1782 1893 1991 1950 parvas

2193 1883 2325 1938 ιι
2356 1884 2442 1956 [Ρ.
2473 1881 2552 1952 2],
2582 1882 2661 1936 Α“.
2693 1879 2764 1938 Αἱ
2793 1877 3024 1952 ίστορίαι
3074 1875 3131 1933 δὲ
3185 1877 3289 1954 ἄρα
3334 1876 3669 1957 κοινωφελές
3717 1886 3773 1943 τι

349 1973 423 2028 iis
473 1973 570 2043 qui
634 1971 808 2027 rebus
867 1969 1209 2026 melioribus
1264 1969 1504 2025 student
1559 1967 2002 2024 commoditates

341 2061 744 2133 suppeditant,
806 2063 930 2115 tum
987 2059 1296 2115 vetustatis
1355 2058 1639 2114 memoria
1669 2057 2000 2128 repetenda,

343 2155 474 2206 tum
527 2150 780 2222 ingeniis
836 2149 1140 2205 hominum
1200 2147 1584 2220 explicandis,
1641 2151 1768 2202 tum
1825 2145 2002 2202 variis

345 2256 549 2297 eorum
580 2238 889 2296 conatibus
920 2239 992 2294 ob
1025 2237 1221 2293 oculos
1282 2237 1584 2309 ponendis,
1631 2236 1848 2307 quibus
1883 2235 2004 2291 ani-

348 2345 580 2385 morum
635 2327 981 2398 magnitudo
1035 2331 1093 2382 et
1139 2326 1463 2382 honestatis
1520 2341 1687 2382 amor
1741 2325 1813 2379 ab
1872 2325 2000 2396 ipsa

349 2425 558 2474 natura
588 2416 700 2472 fuit
725 2416 962 2472 insitus.
1021 2416 1152 2471 Jam
1211 2415 1350 2485 quia
1408 2414 1546 2470 vitia
1596 2411 2000 2485 perstringunt

347 2511 406 2562 et
435 2504 744 2578 praeclaras
775 2504 1034 2560 actiones
1066 2502 1377 2570 celebrant,
1420 2503 1829 2558 moderatiores
1882 2501 1998 2574 ple-

343 2610 594 2666 rumque
653 2594 912 2650 reddunt
969 2598 1027 2648 et
1083 2591 1348 2648 meliores
1397 2590 1686 2660 homines,
1745 2596 1863 2646 tam
1924 2591 1996 2646 ad

334 2682 481 2739 vitia
513 2699 693 2754 quam
755 2683 827 2738 ad
876 2683 1154 2737 virtutem
1205 2697 1541 2753 propensos,
1596 2680 1668 2735 iis
1716 2681 1998 2736 duntaxat

340 2772 622 2844 exceptis,
675 2771 773 2843 qui
822 2771 1168 2842 turpissima
1215 2769 1558 2826 educatione
1605 2769 1860 2841 corrupti
1931 2786 1995 2824 ac

337 2863 497 2919 mala
516 2862 940 2919 consuetudine
961 2861 1261 2933 depravati
1289 2859 1515 2916 nullam
1546 2860 1777 2916 virtutis
1818 2858 1993 2915 ratio-

344 2968 475 3008 nem
509 2953 746 3020 habent,
780 2969 898 3023 qua
940 2950 1088 3006 nihil
1111 2954 1199 3006 est
1246 2949 1306 3005 in
1336 2951 1513 3006 rebus
1544 2949 1816 3006 humanis
1847 2966 1991 3021 pra:-

341 3039 561 3096 clarius
595 3044 696 3096 aut
729 3039 915 3112 magis
983 3039 1388 3110 expetendum.
1443 3038 1528 3093 Ad
1585 3037 1706 3094 haec
1759 3038 1800 3093 ii
1846 3055 1994 3109 quos

342 3129 710 3184 monimenta
768 3127 1148 3184 historiarum
1202 3127 1686 3198 complectuntur,
1727 3127 1992 3203 quamvis

341 3217 615 3273 mortales
647 3224 700 3272 et
731 3215 964 3315 obnoaii
1122 3215 1255 3272 fatis
1304 3216 1425 3315 iam
1483 3216 1622 3272 olim
1653 3215 1779 3272 vites
1822 3217 1990 3288 quasi
2027 3250 2068 3315 Β

337 3321 587 3378 pensum
619 3305 995 3372 absolverint,
1045 3303 1499 3360 immortalitatis
1557 3305 1987 3377 quodammodo

339 3395 492 3450 ﬁunt
522 3399 846 3467 compotes.
891 3395 1036 3450 Nam
1085 3398 1258 3467 prout
1302 3394 1545 3466 turpiter
1589 3399 1692 3450 aut
1748 3395 1990 3452 boncste

337 3485 628 3552 vixerunt,
663 3484 746 3540 ita
779 3483 927 3540 male
974 3488 1072 3540 aut
1125 3484 1270 3541 bene
1321 3483 1571 3540 audiunt
1603 3503 1618 3554 ;
1661 3501 1725 3540 ac
1756 3485 1987 3540 animus

341 3573 581 3646 quidem
614 3575 672 3628 in
703 3573 896 3629 locum
929 3589 1102 3628 suum
1135 3573 1274 3644 abit,
1299 3577 1355 3628 et
1383 3588 1595 3645 corpus
1642 3574 1701 3630 in
1743 3575 1990 3646 primor-

335 3663 435 3718 dia
467 3679 496 3717 θ
528 3662 742 3734 quibus
769 3661 1156 3733 compositum
1193 3662 1297 3717 fuit
1328 3661 1636 3718 resolvitur
1667 3679 1680 3719 :
1714 3668 1851 3719 actas
1883 3681 1988 3718 ati-

341 3755 460 3806 tem
492 3751 624 3806 vitae
654 3749 823 3820 ratio,
857 3750 976 3806 sive
998 3755 1199 3806 sancta
1223 3751 1482 3820 etjusta,
1517 3749 1638 3807 sive
1684 3751 1905 3808 nefaria
1934 3757 1990 3808 et

334 3840 574 3909 injuria,
637 3839 949 3911 obitusque
1006 3839 1126 3895 sive
1185 3839 1318 3894 felix
1387 3839 1508 3895 sive
1587 3841 1986 3912 calamitosus,

339 3928 498 3985 clara
553 3929 813 3985 historiae
844 3945 980 3985 voce
1011 3927 1371 4000 praedicatur,
1404 3929 1788 3995 Quamobrem
1828 3931 1990 3987 haud

339 4019 444 4074 abs
477 4034 537 4075 re
568 4018 716 4074 liber
762 4017 1078 4074 viventium
1131 4018 1522 4089 appellabitur
1572 4018 1840 4087 historia,
1895 4038 1986 4077 re.

341 4123 598 4180 rumque
627 4111 924 4180 gestarum
982 4107 1295 4179 descriptio
1353 4108 1509 4163 tuba
1565 4107 1822 4181 clangor,
1874 4127 1989 4182 quo

339 4197 456 4268 jam
492 4197 630 4252 olim
664 4197 880 4253 mortui
910 4196 1068 4253 velut
1097 4213 1127 4253 e
1157 4197 1442 4269 sepulcris
1493 4198 1720 4254 excitati
1770 4199 1830 4254 in
1876 4215 1991 4256 me-

339 4287 505 4342 dium
563 4287 986 4358 producuntur.
1045 4290 1236 4359 Atque
1293 4287 1410 4343 ham
1486 4288 1557 4344 de
1616 4287 1986 4345 historiarum

337 4375 591 4430 utilitate
649 4376 899 4432 breviter
954 4393 1296 4449 percurrere
1350 4376 1528 4433 volui.
1589 4375 1788 4449 Neque
1852 4394 1987 4435 vero

339 4463 655 4535 quisquam
686 4465 829 4522 adeo
884 4481 1083 4523 vecors
1140 4469 1252 4534 est,
1309 4467 1452 4537 quin
1509 4481 1640 4523 eam
1671 4466 1988 4527 lectoribus

2117 1981 2312 2050 χρῆμα
2364 1975 2444 2044 τῷ
2506 1969 2609 2046 βίῳ
2675 1968 3016 2048 ἐφεύρηνται,
3071 1964 3222 2042 εἷ’περ
3285 1964 3345 2022 ἐκ
3399 1967 3608 2022 τούτων
3670 1961 3778 2021 οὒκ

2077 2123 2080 2126 ,
2114 2065 2278 2141 ὄλίγα
2307 2057 2418 2117 ἔστι
2460 2058 2737 2133 ξυλλέγειν
2798 2058 2863 2112 τὰ
2925 2055 3125 2132 βελτίω
3155 2061 3271 2118 τοῖς
3305 2053 3634 2133 ᾑρημένοις.
3674 2056 3776 2112 Εἰ.-

2113 2152 2256 2210 δυῖαι
2316 2153 2422 2230 γὰρ
2473 2150 2541 2205 τὰ
2595 2148 2802 2226 ἄρχαῖα
2860 2145 2949 2201 καὶ
3018 2141 3113 2217 ἔθη
3173 2146 3329 2201 αὗται
3389 2143 3775 2219 διατρανοῦσιν

2109 2243 2413 2319 ἀνθρώπεια
2465 2239 2555 2294 καὶ
2607 2237 2969 2310 πολυπειρίαν
3030 2235 3392 2302 ὑποτιθέασιν,
3435 2236 3632 2290 ὁπόσοι
3694 2238 3779 2313 (1)

2107 2338 2215 2388 τῶν
2248 2331 2549 2406 ἀνθρώπων
2613 2325 3105 2401 μεγαλογνώμτινες
3160 2326 3250 2379 καὶ
3288 2329 3384 2379 τοῦ
3443 2324 3621 2379 καλοῦ
3669 2322 3772 2378 αἶρ-

2105 2423 2337 2500 τόφυτον
2369 2417 2654 2495 τρέφοντες
2708 2410 2904 2488 ἔρωτα·
2953 2412 3046 2468 καὶ
3093 2413 3255 2468 κακία
3304 2411 3362 2468 δὲ
3411 2414 3539 2488 παρ’
3570 2413 3775 2473 αὐταῖς

2106 2499 2525 2584 κωμῳδουμένη
2567 2505 2656 2559 καὶ
2720 2502 3091 2578 ἀγαθοπραξία
3139 2499 3458 2579 ἐξαιρομένη
3511 2501 3776 2576 μετρίους

2107 2599 2182 2663 ὡς
2227 2599 2294 2654 τὰ
2341 2595 2530 2652 πολλὰ
2574 2596 2663 2650 καὶ
2715 2590 3054 2657 ἐπιδιδόντας
3098 2591 3224 2654 τοὺς
3268 2595 3392 2666 παρ’
3425 2592 3653 2668 ἑκάτερα
3682 2613 3774 2646 τι-

2107 2686 2571 2763 Θὲασιρἐοντας,
2618 2685 2736 2738 ὅσοι
2795 2683 2932 2744 τὲως
2993 2681 3098 2758 οὐχ
3157 2682 3245 2736 ὑπ’
3305 2681 3598 2756 αἰσχίστης
3634 2702 3769 2736 συν-

2105 2777 2293 2848 ηθείας
2347 2775 2438 2830 καὶ
2492 2771 2838 2850 φαυλοτάτης
2905 2766 3062 2844 ἕξεως
3129 2770 3539 2846 ἇνεπιστρέφως
3569 2767 3770 2844 ἔχουσι

2099 2869 2201 2920 τοῦ
2260 2862 2638 2937 πολυεράστου
2679 2862 2969 2936 χρήματος
3029 2857 3243 2934 ἀρετῆς·
3301 2857 3417 2913 ἐπεὶ
3469 2859 3560 2912 καὶ
3615 2858 3766 2921 ἀθα-

2101 2952 2288 3015 νάτοις
2320 2951 2526 3007 ἕοίκασι
2581 2946 2848 3020 δήπουθεν
2906 2947 3096 3019 θνητοὶ
3150 2947 3241 3002 καὶ
3300 2947 3554 3022 ἐπίκηροι
3595 2967 3770 3024 γεγοο

2100 3042 2250 3105 νότες
2302 3041 2393 3097 καὶ
2449 3039 2618 3096 πάλαι
2683 3039 2747 3094 τὸ
2796 3041 2890 3112 ζῇν
2947 3035 3374 3107 ἐκτοξεύσαντες,
3423 3036 3583 3098 ὅσους
3623 3057 3774 3110 παρ-

2103 3129 2325 3203 ειλήφει
2399 3131 2460 3184 τὸ
2537 3127 2792 3200 ἷστορεῖν.
2870 3126 3078 3199 Ὀρθῶς
3151 3124 3255 3201 γὰρ
3328 3127 3363 3196 ἢ
3438 3123 3762 3180 τούναντίον

2099 3218 2325 3296 φαύλως
2387 3213 2717 3293 βεϐιωκότες
2773 3214 2830 3270 εὖ
2889 3236 2949 3270 τε
3005 3213 3095 3269 καὶ
3153 3213 3398 3289 αἰσχρῶς
3440 3213 3765 3272 ἀκούουσιν.

2099 3311 2202 3368 Καὶ
2250 3313 2348 3364 τοῦ
2398 3308 2492 3381 μὲν
2547 3307 2602 3368 ἐς
2656 3303 2788 3377 ᾅδου
2848 3299 3078 3379 βέϐηκεν
3124 3305 3159 3373 ἡ
3209 3305 3363 3382 ψυχή
3399 3305 3495 3377 (2),
3527 3304 3668 3378 πρὸς
3705 3301 3766 3359 δὲ

2097 3399 2165 3456 τὰ
2213 3396 2264 3469 ἐξ
2317 3399 2390 3452 ὦν
2441 3396 2697 3472 ἡρμόσθη
2760 3395 2820 3449 τὸ
2877 3398 3037 3467 σῶμα
3093 3390 3550 3468 ἐπολινδρόμησε·
3602 3392 3671 3446 τὰ
3703 3390 3765 3448 δὲ

2098 3494 2225 3564 παρ’
2284 3484 2452 3542 αὐτοῦ
2513 3481 2844 3562 βεϐιωμένα.
2915 3477 3012 3538 κᾶν
3067 3482 3189 3538 ὅσια
3245 3482 3331 3553 ε’ἰη
3389 3481 3485 3536 κᾶν
3546 3478 3760 3553 δίκαια,

2098 3573 2195 3632 κᾶν
2229 3575 2455 3648 ἀθέμιτα
2511 3574 2606 3630 κᾶν
2667 3569 2987 3652 ἐφύϐριστα,
3042 3571 3137 3627 κᾶν
3200 3567 3333 3628 ἐϐίω
3381 3570 3757 3644 εὐδαιμόνως,

2099 3665 2193 3721 κᾶν
2261 3669 2624 3739 κακοπραγῶν
2692 3662 3076 3737 ἂνεχρέμψατο
3141 3663 3240 3731 τήν
3304 3662 3488 3736 ψυχὴν
3553 3665 3648 3734 {3),
3717 3664 3753 3731 ἡ

2098 3755 2313 3831 ἱστορία
2374 3752 2707 3829 διαπρυσίως
2787 3753 2907 3826 βοᾷ.
2984 3752 3144 3806 Ὥστε
3217 3752 3337 3814 καθ’
3389 3746 3572 3824 ἔτερόν
3625 3771 3757 3805 τινα

2096 3844 2297 3920 τρόπον
2348 3843 2438 3897 καὶ
2493 3841 2659 3919 λόγον
2708 3840 2798 3895 καὶ
2880 3835 3077 3915 βίϐλος
3157 3840 3372 3908 ζώντων
3432 3841 3466 3908 ἡ
3529 3840 3758 3913 ἱστορία

2101 3934 2451 4009 λεχθήσεται,
2506 3933 2596 3986 καὶ
2646 3929 2876 4005 σάλπιγξ
2924 3929 3247 4004 περίτρανος
3293 3928 3360 3983 τὰ
3405 3927 3756 4008 γραφόμενα,

2100 4022 2226 4085 τοὺς
2258 4022 2431 4076 πάλαι
2455 4023 2748 4084 τεθνεῶτας
2796 4020 2913 4073 οἷον
2963 4022 3070 4073 τῶν
3132 4017 3393 4092 σημάτων
3423 4017 3760 4088 ἐξανιστῶσα

2101 4113 2188 4168 καὶ
2225 4112 2313 4167 ὑπ’
2345 4109 2468 4184 ὃψιν
2529 4110 2740 4164 τιθεῖσα
2789 4113 2905 4170 τοῖς
2950 4107 3332 4183 βουλομένοις.
3365 4106 3539 4165 ’Λλλὰ
3564 4105 3762 4164 τοιάδε

2107 4203 2199 4276 μὲν
2229 4203 2264 4271 ἡ
2299 4198 2526 4276 ἱστορία,
2589 4199 2664 4262 ὡς
2719 4195 3078 4272 ἐπιτρέχοντοὶ
3137 4218 3204 4270 με
3258 4198 3449 4267 εἰπεῖν,
3481 4196 3666 4259 αὐτοῖς
3698 4195 3761 4252 δὲ

2100 4296 2216 4352 τοῖς
2299 4289 2537 4344 ἐπιοῦσιν
2632 4285 2894 4360 οὐμενοῦν
2988 4284 3248 4359 οὐδαμῶς
3329 4305 3590 4361 χαρεσσα.
3661 4289 3757 4357 Μὴ

2105 4379 2252 4434 οὑτω
2303 4379 2494 4452 μανείη
2525 4397 2608 4438 τις
2657 4376 2732 4438 ὡς
2781 4372 2932 4445 ἣδιον
2979 4376 3231 4453 ἡγεῖσθαί
3276 4397 3330 4430 τι
3379 4372 3564 4448 ἕτερον
3597 4374 3759 4430 ἱστο-

2103 4468 2243 4544 ρίας·
2276 4468 2310 4523 ἆ
2340 4469 2445 4544 γὰρ
2496 4467 2548 4522 οἱ
2605 4464 2890 4528 πολυετεῖς
2947 4468 3056 4520 τῶν
3108 4465 3408 4542 ἀνθρώπων
3448 4464 3538 4521 καὶ
3567 4467 3761 4530 Τιθω-

1730 4618 1895 4681 Hier.
1927 4621 2142 4682 Wolﬁi
2169 4626 2359 4682 notae.

411 4777 489 4849 (1)
521 4769 916 4852 Πολυπειρίαν-
961 4770 1304 4852 ὑποτιθέασιν
1363 4773 1577 4830 ὁπόσοι.
1612 4779 1991 4852 _Ambiguum

2105 4797 2205 4837 nec
2221 4780 2293 4836 ab
2335 4778 3088 4852 usitataloquendiratione
3125 4779 3435 4837 abhorrere
3476 4781 3756 4838 videban-

340 4843 682 4914 est,'utrum
709 4843 970 4918 historiae
1003 4843 1400 4918 multiplicem
1435 4843 1846 4918 experientiam
1895 4869 1992 4909 eo-

341 4937 469 4976 rum
503 4920 602 4992 qui
632 4916 864 4996 magnis
920 4915 1194 4996 ingenjis'
1232 4917 1456 4996 praediti
1508 4915 1694 4996 atque
1751 4923 1823 4996 ab
1865 4923 1995 4996 ipsa

343 4987 548 5049 natura
607 4992 674 5046 ad
734 4987 915 5046 decus
972 4993 1028 5045 et
1084 4987 1448 5044 honestatem
1481 4987 1827 5048 conformati
1855 4987 1996 5051 sunt

341 5069 692 5136 proponant,
725 5079 800 5117 an
832 5077 963 5116 vero
998 5059 1263 5136 homines
1297 5061 1583 5136 ingeniosi
1624 5064 1908 5121 duntaxat
1939 5072 1996 5122 et

341 5132 572 5192 virtutis
606 5137 872 5208 amantes
901 5132 1357 5208 varia_exempl_a
1406 5133 1486 5188 rei
1537 5135 1682 5190 bene
1732 5139 1994 5208 gerendae

344 5225 411 5265 ex
441 5207 697 5265 historiis
746 5209 940 5279 petere
997 5202 1601 5279 eolqantﬁlncertum
1663 5202 1818 5263 enim
1882 5215 1994 5279 est,

348 5286 541 5352 utrum
593 5272 842 5352 post_":g‘)
905 5272 1247 5352 ὑποτιθέασιν
1304 5275 1862 5352 subintelligendum
1923 5272 1997 5339 sit

347 5347 556 5426 ἒκείνων
593 5347 669 5426 an
718 5347 963 5409 ἐκείνοις.
1012 5349 1280 5426 Fortasse
1324 5349 1588 5426 scriptori
1638 5351 1996 5426 Thucydidis

345 5423 582 5495 salebras
617 5423 986 5495 placuerunt,
1021 5420 1115 5491 qui
1149 5420 1384 5495 oracula
1437 5423 1632 5494 potius
1689 5420 1860 5495 quain
1913 5425 1999 5480 hi-

346 5494 586 5549 storiam
617 5491 990 5549 scribendam
1025 5491 1301 5552 suscepit.

414 5564 638 5662 @313?
676 5561 892 5662 ,ιέῖθηεές
945 5558 1996 5662 iis):prima-W:__Imiet19

347 5630 645 5710 Idomerica
676 5630 885 5710 magis,
945 5630 1099 5707 ψυχή
1132 5630 1203 5687 ’δ’
1259 5630 1478 5710 erasae:
1525 5630 1758 5709 βέϐἠκε,
1819 5657 1996 5710 quam

347 5707 690 5762 Christiana.
757 5705 1125 5775 Quare’eg'o,
1185 5705 1416 5763 evitatis
1494 5705 1777 5776 quantum
1834 5705 2000 5767 licuit

347 5778 677 5835 istiusmodi
703 5778 958 5849 ineptiis,
992 5779 1226 5847 reposui
1255 5793 1322 5831 ea
1353 5792 1479 5846 quae
1513 5796 1620 5838 nec
1653 5799 1685 5838 a
1726 5779 1998 5854 religione

2097 4858 2225 4920 tur;
2245 4851 2558 4908 consilium
2582 4851 2774 4908 meum
2799 4851 2986 4908 doctis
3009 4856 3066 4908 et
3089 4852 3357 4908 candidis
3391 4853 3544 4908 haud
3576 4854 3762 4910 dubie

2099 4925 2463 5051 probabitur.
2499 4925 2556 4981 Si
2592 4924 2690 4996 qui
2724 4927 2916 4979 autem
2951 4923 3263 4979 semidocti
3319 4928 3378 4980 et
3424 4925 3760 4996 scrupulosi

2146 4996 2528 5051 omunciones
2557 4996 2645 5051 vel
2694 4995 3114 5051 negligentiam
3162 4995 3252 5050 vel
3313 4994 3605 5051 licentiam
3671 4999 3756 5051 vel

2146 4996 2528 5052 omunciones
2557 4994 2645 5051 vel
2694 4995 3114 5066 negligentiam
3162 4995 3252 5066 vel
3313 4994 3605 5066 licentiam
3671 4999 3756 5054 vel

2104 5067 2401 5142 inscitiam
2445 5083 2631 5142 meam
2678 5064 3332 5142 εοοξιξεῐιουηιητούτοις
3380 5064 3490 5140 ἐγὼ
3537 5066 3759 5142 χαίρειν

2101 5139 2192 5192 καὶ
2229 5137 2494 5214 ἐρῥῶσθαι
2528 5137 2737 5214 φρᾴσω.
2771 5139 2969 5214 Neque
2998 5139 3166 5214 enim
3210 5147 3366 5194 tanta
3409 5137 3501 5194 res
3540 5137 3668 5210 'ést',
3703 5148 3763 5198 et

2103 5229 2137 5268 a
2168 5209 2378 5267 natura
2403 5209 2705 5284 etstudiis
2754 5212 2901 5284 meis
2960 5209 3218 5284 alienum
3273 5215 3361 5284 ut”
3395 5209 3761 5284 quemquam

2103 5283 2336 5354 cupiam
2367 5279 2576 5336 κλαίειν
2609 5279 2700 5335 καὶ
2723 5280 3011 5356 οἱμῴζειν)
3063 5280 3206 5356 illud
3257 5279 3562 5356 vellet—misi
3593 5279 3761 5356 'quid

2105 5352 2359 5426 optando
2392 5352 2796 5426 proﬁceretur,
2826 5355 2884 5408 in
2945 5352 3236 5426 plerisque
3292 5353 3607 5426 lectoribus
3629 5352 3764 5414 _aut

2103 5424 2304 5532 miqus
2333 5424 2462 5483 esse
2492 5426 2838 5496 arrogantiae
2865 5424 2964 5481 aut
2996 5424 3156 5496 plus
3183 5425 3526 5482 eruditionis
3577 5431 3635 5482 et
3663 5429 3763 5485 in-

2107 5498 2365 5554 dustrizs.

2177 5570 2251 5643 (ἒξ)
2279 5569 2705 5643 ’Δνεχρὲμψατο
2742 5567 3078 5643 τὴνῌῲυχήν.
3120 5567 3425 5643 Excreavit
3457 5571 3710 5643 animum
3746 5591 3761 5642 ;

2105 5639 2464 5697 ut'Zonaras'
2485 5639 2633 5714 serpe
2664 5639 2981 5713 ἐξηρεύξατο
3011 5643 3307 5708 cruciavit,
3331 5641 3430 5696 sed
3454 5642 3523 5697 de
3554 5639 3762 5715 impiis

2105 5712 2220 5768 fere
2251 5717 2501 5768 tantum.

2127 5729 2220 5768 6P6
2251 5729 2501 5769 tantum.
