  <div class='ocr_page' id='page_1' title='image "/cluster/home/n/w/nwhite01/storage/ocr_20150623/139/hvd.32044023361710/166.png"; bbox 0 0 4062 6202; ppageno 0'>
   <div class='ocr_carea' id='block_1_1' title="bbox 224 380 338 439">
    <p class='ocr_par' dir='ltr' id='par_1_1' title="bbox 224 380 338 439">
     <span class='ocr_line' id='line_1_1' title="bbox 224 380 338 439; baseline 0.009 -2"><span class='ocrx_word' id='word_1_1' title='bbox 224 380 338 439; x_wconf 74' lang='grc' dir='ltr'><strong>3Ξ1</strong></span> 
     </span>
    </p>
   </div>
   <div class='ocr_carea' id='block_1_2' title="bbox 1758 378 2139 450">
    <p class='ocr_par' dir='ltr' id='par_1_2' title="bbox 1758 378 2139 450">
     <span class='ocr_line' id='line_1_2' title="bbox 1758 378 2139 450; baseline 0.005 -12"><span class='ocrx_word' id='word_1_2' title='bbox 1758 378 2139 450; x_wconf 79' lang='lat' dir='ltr'><strong>HISTORIA.</strong></span> 
     </span>
    </p>
   </div>
   <div class='ocr_carea' id='block_1_3' title="bbox 3531 389 3651 448">
    <p class='ocr_par' dir='ltr' id='par_1_3' title="bbox 3531 389 3651 448">
     <span class='ocr_line' id='line_1_3' title="bbox 3531 389 3651 448; baseline 0 0"><span class='ocrx_word' id='word_1_3' title='bbox 3531 389 3651 448; x_wconf 77' lang='grc'><strong>322</strong></span> 
     </span>
    </p>
   </div>
   <div class='ocr_carea' id='block_1_4' title="bbox 222 507 1900 590">
    <p class='ocr_par' dir='ltr' id='par_1_4' title="bbox 222 507 1887 586">
     <span class='ocr_line' id='line_1_4' title="bbox 222 507 1887 586; baseline 0.001 -22"><span class='ocrx_word' id='word_1_4' title='bbox 222 532 318 565; x_wconf 87' lang='grc' dir='ltr'><strong>νου</strong></span> <span class='ocrx_word' id='word_1_5' title='bbox 348 507 678 583; x_wconf 72' lang='grc' dir='ltr'><strong>παλαίτεροι</strong></span> <span class='ocrx_word' id='word_1_6' title='bbox 725 509 815 563; x_wconf 85' lang='grc' dir='ltr'><strong>καὶ</strong></span> <span class='ocrx_word' id='word_1_7' title='bbox 875 507 1204 583; x_wconf 84' lang='grc' dir='ltr'>τρικόρωνοι</span> <span class='ocrx_word' id='word_1_8' title='bbox 1263 511 1370 582; x_wconf 73' lang='grc'>(4),</span> <span class='ocrx_word' id='word_1_9' title='bbox 1425 509 1476 564; x_wconf 76' lang='grc' dir='ltr'><strong>εἶ’</strong></span> <span class='ocrx_word' id='word_1_10' title='bbox 1524 514 1606 583; x_wconf 80' lang='grc' dir='ltr'><strong>τῷ</strong></span> <span class='ocrx_word' id='word_1_11' title='bbox 1658 509 1761 586; x_wconf 80' lang='grc' dir='ltr'><strong>βίῳ</strong></span> <span class='ocrx_word' id='word_1_12' title='bbox 1807 509 1887 566; x_wconf 82' lang='grc' dir='ltr'>ἔτι</span> 
     </span>
    </p>
   </div>
   <div class='ocr_carea' id='block_1_5' title="bbox 2011 507 3653 590">
    <p class='ocr_par' dir='ltr' id='par_1_5' title="bbox 2011 514 3653 590">
     <span class='ocr_line' id='line_1_5' title="bbox 2011 514 3653 590; baseline 0.004 -20"><span class='ocrx_word' id='word_1_13' title='bbox 2011 530 2164 585; x_wconf 73' lang='lat' dir='ltr'><strong>eque</strong></span> <span class='ocrx_word' id='word_1_14' title='bbox 2187 514 2517 586; x_wconf 78' lang='lat' dir='ltr'><strong>jucundam</strong></span> <span class='ocrx_word' id='word_1_15' title='bbox 2546 531 2612 572; x_wconf 89' lang='lat' dir='ltr'><strong>ao</strong></span> <span class='ocrx_word' id='word_1_16' title='bbox 2655 516 3014 574; x_wconf 77' lang='lat' dir='ltr'><strong>fructuosam</strong></span> <span class='ocrx_word' id='word_1_17' title='bbox 3067 535 3194 575; x_wconf 84' lang='lat' dir='ltr'><strong>esse</strong></span> <span class='ocrx_word' id='word_1_18' title='bbox 3230 519 3476 590; x_wconf 87' lang='lat' dir='ltr'><strong>judicet.</strong></span> <span class='ocrx_word' id='word_1_19' title='bbox 3508 520 3653 578; x_wconf 87' lang='lat' dir='ltr'><strong>Nam</strong></span> 
     </span>
    </p>
   </div>
   <div class='ocr_carea' id='block_1_6' title="bbox 223 595 1888 678">
    <p class='ocr_par' dir='ltr' id='par_1_6' title="bbox 223 595 1888 678">
     <span class='ocr_line' id='line_1_6' title="bbox 223 595 1888 678; baseline 0 -23"><span class='ocrx_word' id='word_1_20' title='bbox 223 605 520 675; x_wconf 78' lang='grc' dir='ltr'>περιῆσαν,</span> <span class='ocrx_word' id='word_1_21' title='bbox 580 595 778 673; x_wconf 70' lang='grc' dir='ltr'>ᾔδεσαν</span> <span class='ocrx_word' id='word_1_22' title='bbox 821 595 883 652; x_wconf 70' lang='grc' dir='ltr'>ἄν</span> <span class='ocrx_word' id='word_1_23' title='bbox 930 597 1020 652; x_wconf 84' lang='grc' dir='ltr'><strong>καὶ</strong></span> <span class='ocrx_word' id='word_1_24' title='bbox 1074 597 1368 673; x_wconf 75' lang='grc' dir='ltr'><strong>ἐξηγοῦντο</strong></span> <span class='ocrx_word' id='word_1_25' title='bbox 1427 605 1542 661; x_wconf 88' lang='grc' dir='ltr'>τοῖς</span> <span class='ocrx_word' id='word_1_26' title='bbox 1588 599 1888 678; x_wconf 81' lang='grc' dir='ltr'>φιλακροά-</span> 
     </span>
    </p>
   </div>
   <div class='ocr_carea' id='block_1_7' title="bbox 229 686 1889 763">
    <p class='ocr_par' dir='ltr' id='par_1_7' title="bbox 229 686 1889 763">
     <span class='ocr_line' id='line_1_7' title="bbox 229 686 1889 763; baseline 0.001 -20"><span class='ocrx_word' id='word_1_27' title='bbox 229 710 388 763; x_wconf 83' lang='grc' dir='ltr'>μοσι,</span> <span class='ocrx_word' id='word_1_28' title='bbox 450 688 520 742; x_wconf 81' lang='grc' dir='ltr'><strong>τὰ</strong></span> <span class='ocrx_word' id='word_1_29' title='bbox 573 693 678 758; x_wconf 85' lang='grc' dir='ltr'><strong>τῆς</strong></span> <span class='ocrx_word' id='word_1_30' title='bbox 740 689 970 762; x_wconf 79' lang='grc' dir='ltr'><strong>μνήμης</strong></span> <span class='ocrx_word' id='word_1_31' title='bbox 1033 686 1428 762; x_wconf 77' lang='grc' dir='ltr'>ἐμπυρεύοντες</span> <span class='ocrx_word' id='word_1_32' title='bbox 1484 688 1575 744; x_wconf 83' lang='grc' dir='ltr'><strong>καὶ</strong></span> <span class='ocrx_word' id='word_1_33' title='bbox 1630 689 1726 752; x_wconf 75' lang='grc' dir='ltr'><strong>τὰς</strong></span> <span class='ocrx_word' id='word_1_34' title='bbox 1780 693 1889 745; x_wconf 87' lang='grc' dir='ltr'><strong>τῶν</strong></span> 
     </span>
    </p>
   </div>
   <div class='ocr_carea' id='block_1_8' title="bbox 222 774 1889 852">
    <p class='ocr_par' dir='ltr' id='par_1_8' title="bbox 222 774 1889 852">
     <span class='ocr_line' id='line_1_8' title="bbox 222 774 1889 852; baseline -0.001 -18"><span class='ocrx_word' id='word_1_35' title='bbox 222 779 477 852; x_wconf 66' lang='grc' dir='ltr'>πράξεων</span> <span class='ocrx_word' id='word_1_36' title='bbox 539 778 745 850; x_wconf 76' lang='grc' dir='ltr'>ῥυσσὰς</span> <span class='ocrx_word' id='word_1_37' title='bbox 814 774 1247 840; x_wconf 79' lang='grc' dir='ltr'>ἀνασκάλλοντες</span> <span class='ocrx_word' id='word_1_38' title='bbox 1313 782 1407 850; x_wconf 83' lang='grc'>(5),</span> <span class='ocrx_word' id='word_1_39' title='bbox 1484 782 1653 834; x_wconf 74' lang='grc' dir='ltr'>ταῦτα</span> <span class='ocrx_word' id='word_1_40' title='bbox 1711 777 1889 849; x_wconf 74' lang='grc' dir='ltr'>δήπου</span> 
     </span>
    </p>
   </div>
   <div class='ocr_carea' id='block_1_9' title="bbox 221 864 1891 946">
    <p class='ocr_par' dir='ltr' id='par_1_9' title="bbox 221 864 1891 946">
     <span class='ocr_line' id='line_1_9' title="bbox 221 864 1891 946; baseline 0 -23"><span class='ocrx_word' id='word_1_41' title='bbox 221 869 461 942; x_wconf 78' lang='grc' dir='ltr'>προθείη</span> <span class='ocrx_word' id='word_1_42' title='bbox 521 867 613 922; x_wconf 86' lang='grc' dir='ltr'><strong>καὶ</strong></span> <span class='ocrx_word' id='word_1_43' title='bbox 677 867 706 920; x_wconf 80' lang='grc' dir='ltr'>ὁ</span> <span class='ocrx_word' id='word_1_44' title='bbox 748 864 1044 946; x_wconf 76' lang='grc' dir='ltr'>φιλία-τωρ,</span> <span class='ocrx_word' id='word_1_45' title='bbox 1101 867 1196 922; x_wconf 76' lang='grc' dir='ltr'>κᾶν</span> <span class='ocrx_word' id='word_1_46' title='bbox 1261 865 1475 922; x_wconf 81' lang='grc' dir='ltr'><strong>οὐδέπω</strong></span> <span class='ocrx_word' id='word_1_47' title='bbox 1533 867 1891 943; x_wconf 84' lang='grc' dir='ltr'>παρηλλάχει</span> 
     </span>
    </p>
   </div>
   <div class='ocr_carea' id='block_1_10' title="bbox 219 953 1890 1031">
    <p class='ocr_par' dir='ltr' id='par_1_10' title="bbox 219 953 1890 1031">
     <span class='ocr_line' id='line_1_10' title="bbox 219 953 1890 1031; baseline -0.001 -19"><span class='ocrx_word' id='word_1_48' title='bbox 219 959 314 1012; x_wconf 78' lang='grc' dir='ltr'><strong>τὸν</strong></span> <span class='ocrx_word' id='word_1_49' title='bbox 363 955 622 1031; x_wconf 83' lang='grc' dir='ltr'>μείρακα.</span> <span class='ocrx_word' id='word_1_50' title='bbox 670 955 772 1011; x_wconf 69' lang='grc' dir='ltr'>Διὰ</span> <span class='ocrx_word' id='word_1_51' title='bbox 821 957 970 1011; x_wconf 79' lang='grc' dir='ltr'>τοῦτ’</span> <span class='ocrx_word' id='word_1_52' title='bbox 1013 955 1108 1010; x_wconf 83' lang='grc' dir='ltr'>οὖν</span> <span class='ocrx_word' id='word_1_53' title='bbox 1153 957 1241 1010; x_wconf 88' lang='grc' dir='ltr'><strong>καὶ</strong></span> <span class='ocrx_word' id='word_1_54' title='bbox 1298 953 1458 1019; x_wconf 77' lang='grc' dir='ltr'>αὐτὸς</span> <span class='ocrx_word' id='word_1_55' title='bbox 1503 956 1570 1012; x_wconf 81' lang='grc' dir='ltr'><strong>τὰ</strong></span> <span class='ocrx_word' id='word_1_56' title='bbox 1617 962 1734 1020; x_wconf 91' lang='grc' dir='ltr'>τοῖς</span> <span class='ocrx_word' id='word_1_57' title='bbox 1773 958 1890 1012; x_wconf 87' lang='grc' dir='ltr'>κατ’</span> 
     </span>
    </p>
   </div>
   <div class='ocr_carea' id='block_1_11' title="bbox 226 1042 1888 1125">
    <p class='ocr_par' dir='ltr' id='par_1_11' title="bbox 226 1042 1888 1125">
     <span class='ocr_line' id='line_1_11' title="bbox 226 1042 1888 1125; baseline -0.001 -23"><span class='ocrx_word' id='word_1_58' title='bbox 226 1047 324 1120; x_wconf 66' lang='grc' dir='ltr'><strong>ἐμὲ</strong></span> <span class='ocrx_word' id='word_1_59' title='bbox 393 1045 632 1121; x_wconf 77' lang='grc' dir='ltr'>χρόνοις</span> <span class='ocrx_word' id='word_1_60' title='bbox 694 1042 1026 1120; x_wconf 72' lang='grc' dir='ltr'><strong>γεγενημένα</strong></span> <span class='ocrx_word' id='word_1_61' title='bbox 1091 1044 1184 1100; x_wconf 81' lang='grc' dir='ltr'>καί</span> <span class='ocrx_word' id='word_1_62' title='bbox 1251 1044 1441 1101; x_wconf 83' lang='grc' dir='ltr'>ἀνόπιν</span> <span class='ocrx_word' id='word_1_63' title='bbox 1524 1042 1604 1100; x_wconf 77' lang='grc' dir='ltr'>ἔτι</span> <span class='ocrx_word' id='word_1_64' title='bbox 1684 1045 1888 1125; x_wconf 83' lang='grc' dir='ltr'>βραχὺ,</span> 
     </span>
    </p>
   </div>
   <div class='ocr_carea' id='block_1_12' title="bbox 231 1130 1889 1209">
    <p class='ocr_par' dir='ltr' id='par_1_12' title="bbox 231 1130 1889 1209">
     <span class='ocr_line' id='line_1_12' title="bbox 231 1130 1889 1209; baseline 0.001 -20"><span class='ocrx_word' id='word_1_65' title='bbox 231 1137 466 1209; x_wconf 70' lang='grc' dir='ltr'>μνήμης</span> <span class='ocrx_word' id='word_1_66' title='bbox 513 1133 609 1190; x_wconf 80' lang='grc' dir='ltr'><strong>καὶ</strong></span> <span class='ocrx_word' id='word_1_67' title='bbox 665 1130 982 1209; x_wconf 68' lang='grc' dir='ltr'>διηγήσεως</span> <span class='ocrx_word' id='word_1_68' title='bbox 1033 1131 1154 1204; x_wconf 75' lang='grc' dir='ltr'>ἄξια</span> <span class='ocrx_word' id='word_1_69' title='bbox 1213 1132 1341 1190; x_wconf 77' lang='grc' dir='ltr'>ὄντα</span> <span class='ocrx_word' id='word_1_70' title='bbox 1393 1136 1484 1190; x_wconf 84' lang='grc' dir='ltr'><strong>καὶ</strong></span> <span class='ocrx_word' id='word_1_71' title='bbox 1542 1139 1776 1191; x_wconf 79' lang='grc' dir='ltr'>τοσαῦτα</span> <span class='ocrx_word' id='word_1_72' title='bbox 1825 1135 1889 1190; x_wconf 85' lang='grc' dir='ltr'>τὸ</span> 
     </span>
    </p>
   </div>
   <div class='ocr_carea' id='block_1_13' title="bbox 225 1218 1888 1301">
    <p class='ocr_par' dir='ltr' id='par_1_13' title="bbox 225 1218 1888 1301">
     <span class='ocr_line' id='line_1_13' title="bbox 225 1218 1888 1301; baseline -0.001 -22"><span class='ocrx_word' id='word_1_73' title='bbox 225 1224 453 1294; x_wconf 76' lang='grc' dir='ltr'>πλῆθος</span> <span class='ocrx_word' id='word_1_74' title='bbox 500 1221 598 1278; x_wconf 84' lang='grc' dir='ltr'><strong>καὶ</strong></span> <span class='ocrx_word' id='word_1_75' title='bbox 654 1226 884 1278; x_wconf 77' lang='grc' dir='ltr'>τοιαῦτα</span> <span class='ocrx_word' id='word_1_76' title='bbox 945 1223 1009 1277; x_wconf 85' lang='grc' dir='ltr'>τὸ</span> <span class='ocrx_word' id='word_1_77' title='bbox 1075 1221 1330 1298; x_wconf 74' lang='grc' dir='ltr'>μέγεθος,</span> <span class='ocrx_word' id='word_1_78' title='bbox 1399 1223 1499 1280; x_wconf 80' lang='grc' dir='ltr'>οὐκ</span> <span class='ocrx_word' id='word_1_79' title='bbox 1553 1218 1721 1301; x_wconf 74' lang='grc' dir='ltr'>ἔγνων</span> <span class='ocrx_word' id='word_1_80' title='bbox 1780 1221 1888 1279; x_wconf 82' lang='grc' dir='ltr'>δεῖν</span> 
     </span>
    </p>
   </div>
   <div class='ocr_carea' id='block_1_14' title="bbox 226 1310 1892 1388">
    <p class='ocr_par' dir='ltr' id='par_1_14' title="bbox 226 1310 1892 1388">
     <span class='ocr_line' id='line_1_14' title="bbox 226 1310 1892 1388; baseline -0.001 -19"><span class='ocrx_word' id='word_1_81' title='bbox 226 1317 354 1388; x_wconf 76' lang='grc' dir='ltr'>σιγῇ</span> <span class='ocrx_word' id='word_1_82' title='bbox 395 1317 700 1386; x_wconf 79' lang='grc' dir='ltr'>παρελθεῖν</span> <span class='ocrx_word' id='word_1_83' title='bbox 757 1313 844 1384; x_wconf 84' lang='grc' dir='ltr'><strong>[Ρ.</strong></span> <span class='ocrx_word' id='word_1_84' title='bbox 903 1314 980 1384; x_wconf 87' lang='grc'><strong>3].</strong></span> <span class='ocrx_word' id='word_1_85' title='bbox 1035 1312 1247 1370; x_wconf 78' lang='grc' dir='ltr'>Οὐκοῦν</span> <span class='ocrx_word' id='word_1_86' title='bbox 1291 1311 1383 1369; x_wconf 83' lang='grc' dir='ltr'>καί</span> <span class='ocrx_word' id='word_1_87' title='bbox 1433 1311 1522 1368; x_wconf 79' lang='grc' dir='ltr'><strong>διὰ</strong></span> <span class='ocrx_word' id='word_1_88' title='bbox 1566 1310 1731 1383; x_wconf 85' lang='grc' dir='ltr'>τῆσδέ</span> <span class='ocrx_word' id='word_1_89' title='bbox 1783 1333 1892 1388; x_wconf 88' lang='grc' dir='ltr'><strong>μου</strong></span> 
     </span>
    </p>
   </div>
   <div class='ocr_carea' id='block_1_15' title="bbox 227 1397 1892 1479">
    <p class='ocr_par' dir='ltr' id='par_1_15' title="bbox 227 1397 1892 1479">
     <span class='ocr_line' id='line_1_15' title="bbox 227 1397 1892 1479; baseline 0.004 -24"><span class='ocrx_word' id='word_1_90' title='bbox 227 1411 330 1473; x_wconf 84' lang='grc' dir='ltr'>τῆς</span> <span class='ocrx_word' id='word_1_91' title='bbox 401 1403 722 1479; x_wconf 74' lang='grc' dir='ltr'>ξυγγραφῆς</span> <span class='ocrx_word' id='word_1_92' title='bbox 798 1397 944 1470; x_wconf 82' lang='grc' dir='ltr'>δῆλα</span> <span class='ocrx_word' id='word_1_93' title='bbox 997 1405 1168 1456; x_wconf 76' lang='grc' dir='ltr'>ταῦτα</span> <span class='ocrx_word' id='word_1_94' title='bbox 1216 1406 1336 1466; x_wconf 89' lang='grc' dir='ltr'>τοῖς</span> <span class='ocrx_word' id='word_1_95' title='bbox 1391 1399 1577 1458; x_wconf 78' lang='grc' dir='ltr'>ἔπειτα</span> <span class='ocrx_word' id='word_1_96' title='bbox 1631 1404 1892 1461; x_wconf 85' lang='grc' dir='ltr'>καθιστῶ.</span> 
     </span>
    </p>
   </div>
   <div class='ocr_carea' id='block_1_16' title="bbox 227 1485 1894 1568">
    <p class='ocr_par' dir='ltr' id='par_1_16' title="bbox 227 1485 1894 1568">
     <span class='ocr_line' id='line_1_16' title="bbox 227 1485 1894 1568; baseline 0 -19"><span class='ocrx_word' id='word_1_97' title='bbox 227 1489 466 1558; x_wconf 80' lang='grc' dir='ltr'>Ἐπειδῆ</span> <span class='ocrx_word' id='word_1_98' title='bbox 511 1488 592 1558; x_wconf 71' lang='grc' dir='ltr'>δὲ,</span> <span class='ocrx_word' id='word_1_99' title='bbox 634 1490 710 1552; x_wconf 83' lang='grc' dir='ltr'><strong>ὡς</strong></span> <span class='ocrx_word' id='word_1_100' title='bbox 761 1489 854 1544; x_wconf 83' lang='grc' dir='ltr'><strong>καὶ</strong></span> <span class='ocrx_word' id='word_1_101' title='bbox 904 1485 1068 1546; x_wconf 76' lang='grc' dir='ltr'>ἄλλοι</span> <span class='ocrx_word' id='word_1_102' title='bbox 1119 1512 1180 1547; x_wconf 90' lang='grc' dir='ltr'><strong>τε</strong></span> <span class='ocrx_word' id='word_1_103' title='bbox 1226 1487 1523 1566; x_wconf 73' lang='grc' dir='ltr'>ξυμϐαλεῖν</span> <span class='ocrx_word' id='word_1_104' title='bbox 1569 1487 1760 1568; x_wconf 73' lang='grc' dir='ltr'>ἔχουσι</span> <span class='ocrx_word' id='word_1_105' title='bbox 1819 1494 1894 1568; x_wconf 84' lang='grc'><strong>(6)</strong></span> 
     </span>
    </p>
   </div>
   <div class='ocr_carea' id='block_1_17' title="bbox 228 1576 1895 1654">
    <p class='ocr_par' dir='ltr' id='par_1_17' title="bbox 228 1576 1895 1654">
     <span class='ocr_line' id='line_1_17' title="bbox 228 1576 1895 1654; baseline 0.001 -20"><span class='ocrx_word' id='word_1_106' title='bbox 228 1581 322 1635; x_wconf 79' lang='grc' dir='ltr'><strong>καὶ</strong></span> <span class='ocrx_word' id='word_1_107' title='bbox 355 1580 524 1643; x_wconf 76' lang='grc' dir='ltr'>αὐτὸς</span> <span class='ocrx_word' id='word_1_108' title='bbox 554 1576 614 1634; x_wconf 68' lang='grc' dir='ltr'>δὲ</span> <span class='ocrx_word' id='word_1_109' title='bbox 653 1583 892 1654; x_wconf 76' lang='grc' dir='ltr'>συνορῶν</span> <span class='ocrx_word' id='word_1_110' title='bbox 921 1578 1028 1654; x_wconf 84' lang='grc' dir='ltr'><strong>οὐχ</strong></span> <span class='ocrx_word' id='word_1_111' title='bbox 1072 1580 1270 1650; x_wconf 80' lang='grc' dir='ltr'>ἣκιστά</span> <span class='ocrx_word' id='word_1_112' title='bbox 1308 1579 1447 1654; x_wconf 85' lang='grc' dir='ltr'>εἶμι,</span> <span class='ocrx_word' id='word_1_113' title='bbox 1492 1580 1560 1636; x_wconf 73' lang='grc' dir='ltr'><strong>τὰ</strong></span> <span class='ocrx_word' id='word_1_114' title='bbox 1603 1585 1702 1637; x_wconf 76' lang='grc' dir='ltr'><strong>τοῦ</strong></span> <span class='ocrx_word' id='word_1_115' title='bbox 1749 1579 1895 1636; x_wconf 72' lang='grc' dir='ltr'>ἱστο-</span> 
     </span>
    </p>
   </div>
   <div class='ocr_carea' id='block_1_18' title="bbox 230 1666 1897 1747">
    <p class='ocr_par' dir='ltr' id='par_1_18' title="bbox 230 1666 1897 1747">
     <span class='ocr_line' id='line_1_18' title="bbox 230 1666 1897 1747; baseline -0.001 -21"><span class='ocrx_word' id='word_1_116' title='bbox 230 1677 340 1746; x_wconf 79' lang='grc' dir='ltr'>ρεῖν</span> <span class='ocrx_word' id='word_1_117' title='bbox 372 1671 440 1725; x_wconf 86' lang='grc' dir='ltr'>τὸ</span> <span class='ocrx_word' id='word_1_118' title='bbox 491 1676 597 1738; x_wconf 81' lang='grc' dir='ltr'><strong>τῆς</strong></span> <span class='ocrx_word' id='word_1_119' title='bbox 656 1666 969 1742; x_wconf 76' lang='grc' dir='ltr'>διηγήσεως</span> <span class='ocrx_word' id='word_1_120' title='bbox 1027 1669 1224 1747; x_wconf 78' lang='grc' dir='ltr'>ὀσαφὶς</span> <span class='ocrx_word' id='word_1_121' title='bbox 1279 1669 1370 1724; x_wconf 87' lang='grc' dir='ltr'><strong>καὶ</strong></span> <span class='ocrx_word' id='word_1_122' title='bbox 1426 1666 1748 1745; x_wconf 81' lang='grc' dir='ltr'>περιϐολαῖς</span> <span class='ocrx_word' id='word_1_123' title='bbox 1806 1669 1897 1726; x_wconf 86' lang='grc' dir='ltr'><strong>καὶ</strong></span> 
     </span>
    </p>
   </div>
   <div class='ocr_carea' id='block_1_19' title="bbox 226 1755 1896 1835">
    <p class='ocr_par' dir='ltr' id='par_1_19' title="bbox 226 1755 1896 1835">
     <span class='ocr_line' id='line_1_19' title="bbox 226 1755 1896 1835; baseline -0.001 -19"><span class='ocrx_word' id='word_1_124' title='bbox 226 1758 518 1835; x_wconf 79' lang='grc' dir='ltr'>περιόδοις</span> <span class='ocrx_word' id='word_1_125' title='bbox 560 1755 1002 1833; x_wconf 74' lang='grc' dir='ltr'>ἑπεστραμμὲνον</span> <span class='ocrx_word' id='word_1_126' title='bbox 1061 1759 1137 1820; x_wconf 72' lang='grc' dir='ltr'><strong>ὡς</strong></span> <span class='ocrx_word' id='word_1_127' title='bbox 1190 1761 1265 1832; x_wconf 78' lang='grc' dir='ltr'>μή</span> <span class='ocrx_word' id='word_1_128' title='bbox 1321 1758 1550 1831; x_wconf 77' lang='grc' dir='ltr'>συνᾷδον</span> <span class='ocrx_word' id='word_1_129' title='bbox 1599 1760 1784 1824; x_wconf 82' lang='grc' dir='ltr'>αὐτοῖς</span> <span class='ocrx_word' id='word_1_130' title='bbox 1832 1760 1896 1815; x_wconf 81' lang='grc' dir='ltr'><strong>οὐ</strong></span> 
     </span>
    </p>
   </div>
   <div class='ocr_carea' id='block_1_20' title="bbox 227 1844 1898 1927">
    <p class='ocr_par' dir='ltr' id='par_1_20' title="bbox 227 1844 1898 1927">
     <span class='ocr_line' id='line_1_20' title="bbox 227 1844 1898 1927; baseline -0.001 -23"><span class='ocrx_word' id='word_1_131' title='bbox 227 1848 577 1924; x_wconf 80' lang='grc' dir='ltr'>προσίενται,</span> <span class='ocrx_word' id='word_1_132' title='bbox 619 1847 844 1926; x_wconf 77' lang='grc' dir='ltr'>φιλοῦσι</span> <span class='ocrx_word' id='word_1_133' title='bbox 888 1844 946 1901; x_wconf 73' lang='grc' dir='ltr'>δὶ</span> <span class='ocrx_word' id='word_1_134' title='bbox 991 1847 1055 1902; x_wconf 88' lang='grc' dir='ltr'>τὸ</span> <span class='ocrx_word' id='word_1_135' title='bbox 1104 1849 1263 1927; x_wconf 72' lang='grc' dir='ltr'>σαφὲς</span> <span class='ocrx_word' id='word_1_136' title='bbox 1318 1849 1392 1910; x_wconf 85' lang='grc' dir='ltr'><strong>ὡς</strong></span> <span class='ocrx_word' id='word_1_137' title='bbox 1442 1849 1506 1903; x_wconf 82' lang='grc' dir='ltr'>οὗ</span> <span class='ocrx_word' id='word_1_138' title='bbox 1557 1850 1718 1923; x_wconf 85' lang='grc' dir='ltr'>μόνον</span> <span class='ocrx_word' id='word_1_139' title='bbox 1762 1847 1898 1905; x_wconf 80' lang='grc' dir='ltr'>κατὰ</span> 
     </span>
    </p>
   </div>
   <div class='ocr_carea' id='block_1_21' title="bbox 229 1933 1893 2016">
    <p class='ocr_par' dir='ltr' id='par_1_21' title="bbox 229 1933 1893 2016">
     <span class='ocr_line' id='line_1_21' title="bbox 229 1933 1893 2016; baseline -0.002 -21"><span class='ocrx_word' id='word_1_140' title='bbox 229 1940 329 1995; x_wconf 82' lang='grc' dir='ltr'>τὸν</span> <span class='ocrx_word' id='word_1_141' title='bbox 390 1937 616 1993; x_wconf 74' lang='grc' dir='ltr'>εἷπόντα</span> <span class='ocrx_word' id='word_1_142' title='bbox 659 1937 854 2010; x_wconf 83' lang='grc' dir='ltr'>σοφὸν,</span> <span class='ocrx_word' id='word_1_143' title='bbox 907 1934 1054 1992; x_wconf 83' lang='grc' dir='ltr'>ἀλλᾶ</span> <span class='ocrx_word' id='word_1_144' title='bbox 1099 1937 1190 1991; x_wconf 88' lang='grc' dir='ltr'><strong>καὶ</strong></span> <span class='ocrx_word' id='word_1_145' title='bbox 1240 1933 1532 2012; x_wconf 71' lang='grc' dir='ltr'>συμϐαῖνόν</span> <span class='ocrx_word' id='word_1_146' title='bbox 1585 1959 1732 2016; x_wconf 90' lang='grc' dir='ltr'>σφισι</span> <span class='ocrx_word' id='word_1_147' title='bbox 1786 1938 1893 2012; x_wconf 79' lang='grc' dir='ltr'><strong>μά-</strong></span> 
     </span>
    </p>
   </div>
   <div class='ocr_carea' id='block_1_22' title="bbox 232 2024 1896 2100">
    <p class='ocr_par' dir='ltr' id='par_1_22' title="bbox 232 2024 1896 2100">
     <span class='ocr_line' id='line_1_22' title="bbox 232 2024 1896 2100; baseline -0.001 -17"><span class='ocrx_word' id='word_1_148' title='bbox 232 2028 431 2096; x_wconf 85' lang='grc' dir='ltr'>λιστα,</span> <span class='ocrx_word' id='word_1_149' title='bbox 500 2024 623 2082; x_wconf 67' lang='grc' dir='ltr'>οὐδὲ</span> <span class='ocrx_word' id='word_1_150' title='bbox 709 2026 909 2081; x_wconf 78' lang='grc' dir='ltr'>τούτου</span> <span class='ocrx_word' id='word_1_151' title='bbox 981 2029 1208 2100; x_wconf 84' lang='grc' dir='ltr'>πάμπαν</span> <span class='ocrx_word' id='word_1_152' title='bbox 1284 2025 1475 2098; x_wconf 78' lang='grc' dir='ltr'>ἔξωθεν</span> <span class='ocrx_word' id='word_1_153' title='bbox 1549 2033 1648 2083; x_wconf 81' lang='grc' dir='ltr'><strong>τοῦ</strong></span> <span class='ocrx_word' id='word_1_154' title='bbox 1723 2028 1896 2084; x_wconf 77' lang='grc' dir='ltr'>καλοῦ</span> 
     </span>
    </p>
   </div>
   <div class='ocr_carea' id='block_1_23' title="bbox 232 2113 1896 2195">
    <p class='ocr_par' dir='ltr' id='par_1_23' title="bbox 232 2113 1896 2195">
     <span class='ocr_line' id='line_1_23' title="bbox 232 2113 1896 2195; baseline -0.001 -23"><span class='ocrx_word' id='word_1_155' title='bbox 232 2117 495 2172; x_wconf 70' lang='grc' dir='ltr'>πίπτοντ’</span> <span class='ocrx_word' id='word_1_156' title='bbox 523 2114 586 2170; x_wconf 76' lang='grc' dir='ltr'>ἄν</span> <span class='ocrx_word' id='word_1_157' title='bbox 647 2113 780 2190; x_wconf 75' lang='grc' dir='ltr'>εὕρῃ</span> <span class='ocrx_word' id='word_1_158' title='bbox 825 2136 907 2177; x_wconf 91' lang='grc' dir='ltr'><strong>τις</strong></span> <span class='ocrx_word' id='word_1_159' title='bbox 963 2116 1031 2171; x_wconf 83' lang='grc' dir='ltr'><strong>τὰ</strong></span> <span class='ocrx_word' id='word_1_160' title='bbox 1077 2117 1415 2195; x_wconf 77' lang='grc' dir='ltr'>γραφόμενα,</span> <span class='ocrx_word' id='word_1_161' title='bbox 1462 2119 1556 2173; x_wconf 81' lang='grc' dir='ltr'>οἶα</span> <span class='ocrx_word' id='word_1_162' title='bbox 1596 2117 1685 2172; x_wconf 80' lang='grc' dir='ltr'><strong>καὶ</strong></span> <span class='ocrx_word' id='word_1_163' title='bbox 1733 2119 1896 2190; x_wconf 75' lang='grc' dir='ltr'>ἡμῶν</span> 
     </span>
    </p>
   </div>
   <div class='ocr_carea' id='block_1_24' title="bbox 249 2202 1896 2284">
    <p class='ocr_par' dir='ltr' id='par_1_24' title="bbox 249 2202 1896 2284">
     <span class='ocr_line' id='line_1_24' title="bbox 249 2202 1896 2284; baseline 0 -24"><span class='ocrx_word' id='word_1_164' title='bbox 249 2209 331 2280; x_wconf 81' lang='grc' dir='ltr'>μὴ</span> <span class='ocrx_word' id='word_1_165' title='bbox 399 2207 467 2260; x_wconf 85' lang='grc' dir='ltr'>τὸ</span> <span class='ocrx_word' id='word_1_166' title='bbox 523 2205 819 2278; x_wconf 86' lang='grc' dir='ltr'>κομπηρὸν</span> <span class='ocrx_word' id='word_1_167' title='bbox 876 2204 967 2259; x_wconf 87' lang='grc' dir='ltr'>καὶ</span> <span class='ocrx_word' id='word_1_168' title='bbox 1025 2202 1322 2284; x_wconf 74' lang='grc' dir='ltr'>δυσφραδὶς</span> <span class='ocrx_word' id='word_1_169' title='bbox 1371 2205 1462 2261; x_wconf 80' lang='grc' dir='ltr'><strong>καὶ</strong></span> <span class='ocrx_word' id='word_1_170' title='bbox 1518 2203 1896 2282; x_wconf 85' lang='grc' dir='ltr'>κρημνώδεσιν</span> 
     </span>
    </p>
   </div>
   <div class='ocr_carea' id='block_1_25' title="bbox 232 2293 1898 2372">
    <p class='ocr_par' dir='ltr' id='par_1_25' title="bbox 232 2293 1898 2372">
     <span class='ocr_line' id='line_1_25' title="bbox 232 2293 1898 2372; baseline 0 -22"><span class='ocrx_word' id='word_1_171' title='bbox 232 2294 759 2368; x_wconf 69' lang='grc' dir='ltr'>ἀποδιειλημμὲνον</span> <span class='ocrx_word' id='word_1_172' title='bbox 820 2293 1020 2363; x_wconf 76' lang='grc' dir='ltr'>λέξεσιν</span> <span class='ocrx_word' id='word_1_173' title='bbox 1075 2295 1150 2358; x_wconf 81' lang='grc' dir='ltr'>ὡς</span> <span class='ocrx_word' id='word_1_174' title='bbox 1208 2295 1406 2352; x_wconf 79' lang='grc' dir='ltr'>ἐπίπαν</span> <span class='ocrx_word' id='word_1_175' title='bbox 1481 2295 1898 2372; x_wconf 81' lang='grc' dir='ltr'>ἀσπασαμένων,</span> 
     </span>
    </p>
   </div>
   <div class='ocr_carea' id='block_1_26' title="bbox 233 2382 1898 2462">
    <p class='ocr_par' dir='ltr' id='par_1_26' title="bbox 233 2382 1898 2462">
     <span class='ocr_line' id='line_1_26' title="bbox 233 2382 1898 2462; baseline 0 -23"><span class='ocrx_word' id='word_1_176' title='bbox 233 2385 403 2440; x_wconf 77' lang='grc' dir='ltr'>εἶκαὶ</span> <span class='ocrx_word' id='word_1_177' title='bbox 474 2383 768 2462; x_wconf 75' lang='grc' dir='ltr'>χαίνοντὲς</span> <span class='ocrx_word' id='word_1_178' title='bbox 828 2382 960 2438; x_wconf 78' lang='grc' dir='ltr'>εἰσιν</span> <span class='ocrx_word' id='word_1_179' title='bbox 1017 2383 1094 2446; x_wconf 83' lang='grc' dir='ltr'><strong>εἰς</strong></span> <span class='ocrx_word' id='word_1_180' title='bbox 1148 2389 1310 2440; x_wconf 82' lang='grc' dir='ltr'>τοῦτο</span> <span class='ocrx_word' id='word_1_181' title='bbox 1366 2383 1594 2456; x_wconf 85' lang='grc' dir='ltr'>πολλοὶ,</span> <span class='ocrx_word' id='word_1_182' title='bbox 1649 2384 1746 2441; x_wconf 70' lang='grc' dir='ltr'>εἴτ’</span> <span class='ocrx_word' id='word_1_183' title='bbox 1805 2383 1898 2440; x_wconf 77' lang='grc' dir='ltr'>οὖν</span> 
     </span>
    </p>
   </div>
   <div class='ocr_carea' id='block_1_27' title="bbox 233 2471 1901 2547">
    <p class='ocr_par' dir='ltr' id='par_1_27' title="bbox 233 2471 1901 2547">
     <span class='ocr_line' id='line_1_27' title="bbox 233 2471 1901 2547; baseline 0 -19"><span class='ocrx_word' id='word_1_184' title='bbox 233 2474 613 2547; x_wconf 67' lang='grc' dir='ltr'>ἀληθέστερον</span> <span class='ocrx_word' id='word_1_185' title='bbox 677 2473 845 2527; x_wconf 73' lang='grc' dir='ltr'>εἶπεῖν</span> <span class='ocrx_word' id='word_1_186' title='bbox 899 2471 1244 2536; x_wconf 78' lang='grc' dir='ltr'>ἐκλείποντες</span> <span class='ocrx_word' id='word_1_187' title='bbox 1301 2475 1368 2530; x_wconf 83' lang='grc' dir='ltr'><strong>τὰ</strong></span> <span class='ocrx_word' id='word_1_188' title='bbox 1433 2479 1540 2530; x_wconf 89' lang='grc' dir='ltr'><strong>τῶν</strong></span> <span class='ocrx_word' id='word_1_189' title='bbox 1596 2475 1770 2531; x_wconf 83' lang='grc' dir='ltr'>πάλαι</span> <span class='ocrx_word' id='word_1_190' title='bbox 1809 2474 1901 2530; x_wconf 83' lang='grc' dir='ltr'><strong>καὶ</strong></span> 
     </span>
    </p>
   </div>
   <div class='ocr_carea' id='block_1_28' title="bbox 230 2560 1904 2640">
    <p class='ocr_par' dir='ltr' id='par_1_28' title="bbox 230 2560 1904 2640">
     <span class='ocr_line' id='line_1_28' title="bbox 230 2560 1904 2640; baseline 0.002 -25"><span class='ocrx_word' id='word_1_191' title='bbox 230 2565 482 2637; x_wconf 73' lang='grc' dir='ltr'>σήμερον</span> <span class='ocrx_word' id='word_1_192' title='bbox 523 2561 618 2618; x_wconf 81' lang='grc' dir='ltr'><strong>καὶ</strong></span> <span class='ocrx_word' id='word_1_193' title='bbox 657 2563 758 2617; x_wconf 85' lang='grc' dir='ltr'>’ὀσα</span> <span class='ocrx_word' id='word_1_194' title='bbox 801 2582 856 2617; x_wconf 89' lang='grc' dir='ltr'><strong>τι</strong></span> <span class='ocrx_word' id='word_1_195' title='bbox 887 2562 979 2616; x_wconf 82' lang='grc' dir='ltr'><strong>καὶ</strong></span> <span class='ocrx_word' id='word_1_196' title='bbox 1029 2560 1404 2637; x_wconf 78' lang='grc' dir='ltr'>ἐπιτυήδευμα</span> <span class='ocrx_word' id='word_1_197' title='bbox 1451 2563 1904 2640; x_wconf 78' lang='grc' dir='ltr'>προύργιαίτατον</span> 
     </span>
    </p>
   </div>
   <div class='ocr_carea' id='block_1_29' title="bbox 234 2647 1906 2726">
    <p class='ocr_par' dir='ltr' id='par_1_29' title="bbox 234 2647 1906 2726">
     <span class='ocr_line' id='line_1_29' title="bbox 234 2647 1906 2726; baseline 0.001 -20"><span class='ocrx_word' id='word_1_198' title='bbox 234 2652 613 2723; x_wconf 81' lang='grc' dir='ltr'>ἐξησκηκότες</span> <span class='ocrx_word' id='word_1_199' title='bbox 682 2647 774 2706; x_wconf 80' lang='grc' dir='ltr'><strong>διὰ</strong></span> <span class='ocrx_word' id='word_1_200' title='bbox 825 2656 1057 2726; x_wconf 81' lang='grc' dir='ltr'>μακροῦ,</span> <span class='ocrx_word' id='word_1_201' title='bbox 1116 2650 1177 2707; x_wconf 66' lang='grc' dir='ltr'>ἐκ</span> <span class='ocrx_word' id='word_1_202' title='bbox 1226 2657 1325 2708; x_wconf 73' lang='grc' dir='ltr'><strong>τοῦ</strong></span> <span class='ocrx_word' id='word_1_203' title='bbox 1389 2651 1644 2716; x_wconf 87' lang='grc' dir='ltr'>πλείονος</span> <span class='ocrx_word' id='word_1_204' title='bbox 1703 2650 1761 2708; x_wconf 74' lang='grc' dir='ltr'>δὲ</span> <span class='ocrx_word' id='word_1_205' title='bbox 1811 2653 1906 2708; x_wconf 74' lang='grc' dir='ltr'>κᾶν</span> 
     </span>
    </p>
   </div>
   <div class='ocr_carea' id='block_1_30' title="bbox 233 2739 1903 2820">
    <p class='ocr_par' dir='ltr' id='par_1_30' title="bbox 233 2739 1903 2820">
     <span class='ocr_line' id='line_1_30' title="bbox 233 2739 1903 2820; baseline 0 -23"><span class='ocrx_word' id='word_1_206' title='bbox 233 2742 426 2814; x_wconf 75' lang='grc' dir='ltr'>τούτῳ</span> <span class='ocrx_word' id='word_1_207' title='bbox 477 2739 610 2815; x_wconf 79' lang='grc' dir='ltr'>δρᾷν</span> <span class='ocrx_word' id='word_1_208' title='bbox 666 2744 739 2815; x_wconf 76' lang='grc' dir='ltr'><strong>τῇ</strong></span> <span class='ocrx_word' id='word_1_209' title='bbox 798 2740 1012 2816; x_wconf 75' lang='grc' dir='ltr'>ἱστορίᾳ</span> <span class='ocrx_word' id='word_1_210' title='bbox 1064 2739 1417 2817; x_wconf 76' lang='grc' dir='ltr'>προθεμένων</span> <span class='ocrx_word' id='word_1_211' title='bbox 1473 2742 1541 2800; x_wconf 77' lang='grc' dir='ltr'><strong>τὰ</strong></span> <span class='ocrx_word' id='word_1_212' title='bbox 1595 2744 1903 2820; x_wconf 89' lang='grc' dir='ltr'>πρόσφορα,</span> 
     </span>
    </p>
   </div>
   <div class='ocr_carea' id='block_1_31' title="bbox 236 2826 1904 2908">
    <p class='ocr_par' dir='ltr' id='par_1_31' title="bbox 236 2826 1904 2908">
     <span class='ocr_line' id='line_1_31' title="bbox 236 2826 1904 2908; baseline 0 -22"><span class='ocrx_word' id='word_1_213' title='bbox 236 2829 380 2907; x_wconf 80' lang='grc' dir='ltr'>μηδ’</span> <span class='ocrx_word' id='word_1_214' title='bbox 439 2826 816 2906; x_wconf 76' lang='grc' dir='ltr'>ὑπερϐἀθμιον</span> <span class='ocrx_word' id='word_1_215' title='bbox 857 2828 1000 2886; x_wconf 80' lang='grc' dir='ltr'>πόδα</span> <span class='ocrx_word' id='word_1_216' title='bbox 1042 2832 1235 2888; x_wconf 80' lang='grc' dir='ltr'>τείνειν</span> <span class='ocrx_word' id='word_1_217' title='bbox 1289 2834 1654 2908; x_wconf 79' lang='grc' dir='ltr'>ἠγαπηκότων</span> <span class='ocrx_word' id='word_1_218' title='bbox 1687 2833 1722 2903; x_wconf 71' lang='grc' dir='ltr'><strong>ἢ</strong></span> <span class='ocrx_word' id='word_1_219' title='bbox 1755 2831 1904 2896; x_wconf 78' lang='grc' dir='ltr'>ὅλως</span> 
     </span>
    </p>
   </div>
   <div class='ocr_carea' id='block_1_32' title="bbox 229 2919 1906 3000">
    <p class='ocr_par' dir='ltr' id='par_1_32' title="bbox 229 2919 1906 3000">
     <span class='ocr_line' id='line_1_32' title="bbox 229 2919 1906 3000; baseline -0.001 -22"><span class='ocrx_word' id='word_1_220' title='bbox 229 2922 370 2985; x_wconf 70' lang='grc' dir='ltr'>τοὺς</span> <span class='ocrx_word' id='word_1_221' title='bbox 420 2921 619 2991; x_wconf 78' lang='grc' dir='ltr'>ἄξονας</span> <span class='ocrx_word' id='word_1_222' title='bbox 677 2919 846 2991; x_wconf 79' lang='grc' dir='ltr'>αὐτῆς</span> <span class='ocrx_word' id='word_1_223' title='bbox 905 2921 1327 2996; x_wconf 81' lang='grc' dir='ltr'>ὑπεράλλεσθαι.</span> <span class='ocrx_word' id='word_1_224' title='bbox 1381 2923 1539 2996; x_wconf 72' lang='grc' dir='ltr'>Ὑπὲρ</span> <span class='ocrx_word' id='word_1_225' title='bbox 1606 2923 1709 3000; x_wconf 78' lang='grc' dir='ltr'>γὰρ</span> <span class='ocrx_word' id='word_1_226' title='bbox 1766 2921 1906 2978; x_wconf 74' lang='grc' dir='ltr'>ἅπαν</span> 
     </span>
    </p>
   </div>
   <div class='ocr_carea' id='block_1_33' title="bbox 231 3007 1909 3089">
    <p class='ocr_par' dir='ltr' id='par_1_33' title="bbox 231 3007 1909 3089">
     <span class='ocr_line' id='line_1_33' title="bbox 231 3007 1909 3089; baseline 0 -22"><span class='ocrx_word' id='word_1_227' title='bbox 231 3007 430 3085; x_wconf 77' lang='grc' dir='ltr'>ἕτερον</span> <span class='ocrx_word' id='word_1_228' title='bbox 461 3012 526 3066; x_wconf 84' lang='grc' dir='ltr'>τὸ</span> <span class='ocrx_word' id='word_1_229' title='bbox 557 3011 634 3084; x_wconf 81' lang='grc' dir='ltr'>μὴ</span> <span class='ocrx_word' id='word_1_230' title='bbox 665 3012 767 3082; x_wconf 66' lang='grc' dir='ltr'>τήν</span> <span class='ocrx_word' id='word_1_231' title='bbox 799 3010 994 3089; x_wconf 79' lang='grc' dir='ltr'>φράσιν</span> <span class='ocrx_word' id='word_1_232' title='bbox 1043 3013 1270 3083; x_wconf 78' lang='grc' dir='ltr'>ἁπλοῦν,</span> <span class='ocrx_word' id='word_1_233' title='bbox 1316 3012 1391 3076; x_wconf 84' lang='grc' dir='ltr'>ὡς</span> <span class='ocrx_word' id='word_1_234' title='bbox 1430 3008 1546 3086; x_wconf 74' lang='grc' dir='ltr'><strong>ἔχω</strong></span> <span class='ocrx_word' id='word_1_235' title='bbox 1597 3013 1785 3084; x_wconf 78' lang='grc' dir='ltr'>εἰπὼν,</span> <span class='ocrx_word' id='word_1_236' title='bbox 1817 3011 1909 3067; x_wconf 84' lang='grc' dir='ltr'><strong>καὶ</strong></span> 
     </span>
    </p>
   </div>
   <div class='ocr_carea' id='block_1_34' title="bbox 231 3097 1910 3180">
    <p class='ocr_par' dir='ltr' id='par_1_34' title="bbox 231 3097 1910 3180">
     <span class='ocr_line' id='line_1_34' title="bbox 231 3097 1910 3180; baseline 0 -23"><span class='ocrx_word' id='word_1_237' title='bbox 231 3103 559 3180; x_wconf 81' lang='grc' dir='ltr'>πρόχειρον</span> <span class='ocrx_word' id='word_1_238' title='bbox 610 3100 690 3163; x_wconf 76' lang='grc' dir='ltr'>εἷς</span> <span class='ocrx_word' id='word_1_239' title='bbox 763 3097 1072 3175; x_wconf 76' lang='grc' dir='ltr'>κατάληψιν</span> <span class='ocrx_word' id='word_1_240' title='bbox 1148 3101 1285 3177; x_wconf 76' lang='grc' dir='ltr'>αὐτῇ</span> <span class='ocrx_word' id='word_1_241' title='bbox 1361 3097 1746 3174; x_wconf 69' lang='grc' dir='ltr'>διαϐέϐληται,</span> <span class='ocrx_word' id='word_1_242' title='bbox 1820 3101 1910 3158; x_wconf 82' lang='grc' dir='ltr'><strong>καὶ</strong></span> 
     </span>
    </p>
   </div>
   <div class='ocr_carea' id='block_1_35' title="bbox 227 3186 1907 3272">
    <p class='ocr_par' dir='ltr' id='par_1_35' title="bbox 227 3186 1907 3272">
     <span class='ocr_line' id='line_1_35' title="bbox 227 3186 1907 3272; baseline 0.001 -26"><span class='ocrx_word' id='word_1_243' title='bbox 227 3193 513 3268; x_wconf 75' lang='grc' dir='ltr'>ἧγαπήϐη</span> <span class='ocrx_word' id='word_1_244' title='bbox 570 3187 777 3268; x_wconf 70' lang='grc' dir='ltr'>σφόδρα</span> <span class='ocrx_word' id='word_1_245' title='bbox 831 3191 894 3245; x_wconf 85' lang='grc' dir='ltr'>τὸ</span> <span class='ocrx_word' id='word_1_246' title='bbox 941 3189 1190 3266; x_wconf 79' lang='grc' dir='ltr'>ἄκομψον</span> <span class='ocrx_word' id='word_1_247' title='bbox 1237 3190 1327 3247; x_wconf 83' lang='grc' dir='ltr'><strong>καὶ</strong></span> <span class='ocrx_word' id='word_1_248' title='bbox 1382 3191 1456 3254; x_wconf 84' lang='grc' dir='ltr'>ὡς</span> <span class='ocrx_word' id='word_1_249' title='bbox 1511 3186 1643 3267; x_wconf 76' lang='grc' dir='ltr'>ἕχον</span> <span class='ocrx_word' id='word_1_250' title='bbox 1695 3193 1907 3272; x_wconf 75' lang='grc' dir='ltr'>φύσεως</span> 
     </span>
    </p>
   </div>
   <div class='ocr_carea' id='block_1_36' title="bbox 229 3276 1902 3358">
    <p class='ocr_par' dir='ltr' id='par_1_36' title="bbox 229 3276 1902 3358">
     <span class='ocr_line' id='line_1_36' title="bbox 229 3276 1902 3358; baseline -0.001 -21"><span class='ocrx_word' id='word_1_251' title='bbox 229 3279 641 3356; x_wconf 62' lang='grc' dir='ltr'>διηγούμενον,</span> <span class='ocrx_word' id='word_1_252' title='bbox 681 3280 773 3334; x_wconf 80' lang='grc' dir='ltr'>καὶ</span> <span class='ocrx_word' id='word_1_253' title='bbox 823 3276 1120 3352; x_wconf 87' lang='grc' dir='ltr'>δαιμονίως</span> <span class='ocrx_word' id='word_1_254' title='bbox 1166 3281 1228 3336; x_wconf 76' lang='grc' dir='ltr'><strong>τὸ</strong></span> <span class='ocrx_word' id='word_1_255' title='bbox 1277 3279 1551 3353; x_wconf 71' lang='grc' dir='ltr'>εὔληπτον</span> <span class='ocrx_word' id='word_1_256' title='bbox 1603 3281 1902 3358; x_wconf 81' lang='grc' dir='ltr'>περιπτύσ-</span> 
     </span>
    </p>
   </div>
   <div class='ocr_carea' id='block_1_37' title="bbox 228 3367 1898 3445">
    <p class='ocr_par' dir='ltr' id='par_1_37' title="bbox 228 3367 1898 3445">
     <span class='ocr_line' id='line_1_37' title="bbox 228 3367 1898 3445; baseline -0.001 -16"><span class='ocrx_word' id='word_1_257' title='bbox 228 3393 414 3429; x_wconf 80' lang='grc' dir='ltr'>σεται.</span> <span class='ocrx_word' id='word_1_258' title='bbox 493 3369 672 3431; x_wconf 73' lang='grc' dir='ltr'>Τέλος</span> <span class='ocrx_word' id='word_1_259' title='bbox 742 3367 845 3445; x_wconf 77' lang='grc' dir='ltr'><strong>γὰρ</strong></span> <span class='ocrx_word' id='word_1_260' title='bbox 931 3371 1348 3444; x_wconf 86' lang='grc' dir='ltr'>σκοπιμώτατον</span> <span class='ocrx_word' id='word_1_261' title='bbox 1444 3371 1544 3441; x_wconf 81' lang='grc' dir='ltr'><strong>τήν</strong></span> <span class='ocrx_word' id='word_1_262' title='bbox 1639 3369 1898 3441; x_wconf 78' lang='grc' dir='ltr'>ἀλήθειαν</span> 
     </span>
    </p>
   </div>
   <div class='ocr_carea' id='block_1_38' title="bbox 229 3457 1903 3538">
    <p class='ocr_par' dir='ltr' id='par_1_38' title="bbox 229 3457 1903 3538">
     <span class='ocr_line' id='line_1_38' title="bbox 229 3457 1903 3538; baseline 0 -20"><span class='ocrx_word' id='word_1_263' title='bbox 229 3461 478 3538; x_wconf 73' lang='grc' dir='ltr'>ἔχουσα,</span> <span class='ocrx_word' id='word_1_264' title='bbox 539 3459 631 3514; x_wconf 81' lang='grc' dir='ltr'><strong>καὶ</strong></span> <span class='ocrx_word' id='word_1_265' title='bbox 687 3457 788 3525; x_wconf 72' lang='grc' dir='ltr'><strong>τῆς</strong></span> <span class='ocrx_word' id='word_1_266' title='bbox 844 3479 903 3514; x_wconf 86' lang='grc' dir='ltr'><strong>τε</strong></span> <span class='ocrx_word' id='word_1_267' title='bbox 958 3458 1261 3536; x_wconf 75' lang='grc' dir='ltr'>ῥητορικῆς</span> <span class='ocrx_word' id='word_1_268' title='bbox 1302 3457 1611 3531; x_wconf 87' lang='grc' dir='ltr'>δεινότητος</span> <span class='ocrx_word' id='word_1_269' title='bbox 1658 3462 1746 3516; x_wconf 82' lang='grc' dir='ltr'><strong>καὶ</strong></span> <span class='ocrx_word' id='word_1_270' title='bbox 1801 3467 1903 3531; x_wconf 82' lang='grc' dir='ltr'><strong>τῆς</strong></span> 
     </span>
    </p>
   </div>
   <div class='ocr_carea' id='block_1_39' title="bbox 223 3547 1902 3626">
    <p class='ocr_par' dir='ltr' id='par_1_39' title="bbox 223 3547 1902 3626">
     <span class='ocr_line' id='line_1_39' title="bbox 223 3547 1902 3626; baseline -0.001 -19"><span class='ocrx_word' id='word_1_271' title='bbox 223 3556 551 3623; x_wconf 76' lang='grc' dir='ltr'>ποιητικῆς</span> <span class='ocrx_word' id='word_1_272' title='bbox 616 3547 944 3624; x_wconf 87' lang='grc' dir='ltr'>λογοποιίας</span> <span class='ocrx_word' id='word_1_273' title='bbox 1026 3548 1313 3623; x_wconf 78' lang='grc' dir='ltr'>ἀφεστῶσα</span> <span class='ocrx_word' id='word_1_274' title='bbox 1377 3551 1513 3606; x_wconf 84' lang='grc' dir='ltr'>κατὰ</span> <span class='ocrx_word' id='word_1_275' title='bbox 1588 3547 1902 3626; x_wconf 85' lang='grc' dir='ltr'>διάμετρον,</span> 
     </span>
    </p>
   </div>
   <div class='ocr_carea' id='block_1_40' title="bbox 227 3635 1904 3714">
    <p class='ocr_par' dir='ltr' id='par_1_40' title="bbox 227 3635 1904 3714">
     <span class='ocr_line' id='line_1_40' title="bbox 227 3635 1904 3714; baseline -0.001 -18"><span class='ocrx_word' id='word_1_276' title='bbox 227 3641 335 3696; x_wconf 72' lang='grc' dir='ltr'><strong>καὶ</strong></span> <span class='ocrx_word' id='word_1_277' title='bbox 410 3640 481 3694; x_wconf 78' lang='grc' dir='ltr'>τὰ</span> <span class='ocrx_word' id='word_1_278' title='bbox 555 3638 771 3693; x_wconf 74' lang='grc' dir='ltr'>τούτων</span> <span class='ocrx_word' id='word_1_279' title='bbox 845 3635 1126 3702; x_wconf 84' lang='grc' dir='ltr'>διωθεῖται</span> <span class='ocrx_word' id='word_1_280' title='bbox 1215 3639 1705 3714; x_wconf 76' lang='grc' dir='ltr'>χαρακτηριστικὰ.</span> <span class='ocrx_word' id='word_1_281' title='bbox 1801 3639 1904 3696; x_wconf 80' lang='grc' dir='ltr'><strong>Καὶ</strong></span> 
     </span>
    </p>
   </div>
   <div class='ocr_carea' id='block_1_41' title="bbox 228 3726 1905 3804">
    <p class='ocr_par' dir='ltr' id='par_1_41' title="bbox 228 3726 1905 3804">
     <span class='ocr_line' id='line_1_41' title="bbox 228 3726 1905 3804; baseline -0.001 -19"><span class='ocrx_word' id='word_1_282' title='bbox 228 3728 437 3791; x_wconf 73' lang='grc' dir='ltr'>ἄλλως</span> <span class='ocrx_word' id='word_1_283' title='bbox 468 3726 528 3783; x_wconf 69' lang='grc' dir='ltr'>δὲ</span> <span class='ocrx_word' id='word_1_284' title='bbox 555 3727 656 3782; x_wconf 76' lang='grc' dir='ltr'>κᾶν</span> <span class='ocrx_word' id='word_1_285' title='bbox 689 3727 751 3782; x_wconf 83' lang='grc' dir='ltr'>οὐ</span> <span class='ocrx_word' id='word_1_286' title='bbox 801 3727 979 3803; x_wconf 80' lang='grc' dir='ltr'>βραχὺ</span> <span class='ocrx_word' id='word_1_287' title='bbox 1024 3728 1088 3784; x_wconf 86' lang='grc' dir='ltr'><strong>τὸ</strong></span> <span class='ocrx_word' id='word_1_288' title='bbox 1145 3729 1340 3803; x_wconf 82' lang='grc' dir='ltr'>σεμνὸν</span> <span class='ocrx_word' id='word_1_289' title='bbox 1371 3731 1407 3799; x_wconf 78' lang='grc' dir='ltr'><strong>ἡ</strong></span> <span class='ocrx_word' id='word_1_290' title='bbox 1440 3729 1653 3804; x_wconf 75' lang='grc' dir='ltr'>ἱστορία</span> <span class='ocrx_word' id='word_1_291' title='bbox 1699 3730 1788 3784; x_wconf 82' lang='grc' dir='ltr'><strong>καὶ</strong></span> <span class='ocrx_word' id='word_1_292' title='bbox 1842 3729 1905 3784; x_wconf 87' lang='grc' dir='ltr'>τὸ</span> 
     </span>
    </p>
   </div>
   <div class='ocr_carea' id='block_1_42' title="bbox 229 3815 1905 3894">
    <p class='ocr_par' dir='ltr' id='par_1_42' title="bbox 229 3815 1905 3894">
     <span class='ocr_line' id='line_1_42' title="bbox 229 3815 1905 3894; baseline -0.001 -18"><span class='ocrx_word' id='word_1_293' title='bbox 229 3819 536 3894; x_wconf 70' lang='grc' dir='ltr'>αἰδέσιμον</span> <span class='ocrx_word' id='word_1_294' title='bbox 593 3817 942 3893; x_wconf 73' lang='grc' dir='ltr'>ἐπισύρηται,</span> <span class='ocrx_word' id='word_1_295' title='bbox 1020 3815 1196 3893; x_wconf 82' lang='grc' dir='ltr'>ἐρῶσα</span> <span class='ocrx_word' id='word_1_296' title='bbox 1259 3816 1304 3875; x_wconf 88' lang='grc' dir='ltr'>δ’</span> <span class='ocrx_word' id='word_1_297' title='bbox 1374 3820 1526 3892; x_wconf 81' lang='grc' dir='ltr'>ὅμως</span> <span class='ocrx_word' id='word_1_298' title='bbox 1583 3824 1905 3894; x_wconf 81' lang='grc' dir='ltr'>προκεῖσθαι</span> 
     </span>
    </p>
   </div>
   <div class='ocr_carea' id='block_1_43' title="bbox 232 3901 1907 3983">
    <p class='ocr_par' dir='ltr' id='par_1_43' title="bbox 232 3901 1907 3983">
     <span class='ocr_line' id='line_1_43' title="bbox 232 3901 1907 3983; baseline -0.002 -19"><span class='ocrx_word' id='word_1_299' title='bbox 232 3904 581 3964; x_wconf 57' lang='lat' dir='ltr'><strong>mum-ﬂet</strong></span> <span class='ocrx_word' id='word_1_300' title='bbox 637 3926 697 3960; x_wconf 92' lang='grc' dir='ltr'><strong>τε</strong></span> <span class='ocrx_word' id='word_1_301' title='bbox 752 3905 844 3960; x_wconf 81' lang='grc' dir='ltr'><strong>καὶ</strong></span> <span class='ocrx_word' id='word_1_302' title='bbox 902 3901 1185 3981; x_wconf 83' lang='grc' dir='ltr'>σιδηρεῦσι</span> <span class='ocrx_word' id='word_1_303' title='bbox 1239 3905 1332 3961; x_wconf 84' lang='grc' dir='ltr'><strong>καὶ</strong></span> <span class='ocrx_word' id='word_1_304' title='bbox 1384 3903 1605 3976; x_wconf 82' lang='grc' dir='ltr'>πολλῆς</span> <span class='ocrx_word' id='word_1_305' title='bbox 1675 3906 1907 3983; x_wconf 71' lang='grc' dir='ltr'>γέμουσι</span> 
     </span>
    </p>
   </div>
   <div class='ocr_carea' id='block_1_44' title="bbox 231 3991 1908 4070">
    <p class='ocr_par' dir='ltr' id='par_1_44' title="bbox 231 3991 1908 4070">
     <span class='ocr_line' id='line_1_44' title="bbox 231 3991 1908 4070; baseline -0.003 -15"><span class='ocrx_word' id='word_1_306' title='bbox 231 4005 350 4067; x_wconf 76' lang='grc' dir='ltr'><strong>τῆς</strong></span> <span class='ocrx_word' id='word_1_307' title='bbox 379 3991 633 4065; x_wconf 78' lang='grc' dir='ltr'>ἀσϐόλης</span> <span class='ocrx_word' id='word_1_308' title='bbox 662 3995 754 4050; x_wconf 80' lang='grc' dir='ltr'>καὶ</span> <span class='ocrx_word' id='word_1_309' title='bbox 805 3996 1044 4066; x_wconf 77' lang='grc' dir='ltr'>συνήθης</span> <span class='ocrx_word' id='word_1_310' title='bbox 1094 3995 1232 4050; x_wconf 84' lang='grc' dir='ltr'>εἶναι</span> <span class='ocrx_word' id='word_1_311' title='bbox 1278 4001 1397 4058; x_wconf 88' lang='grc' dir='ltr'>τοῖς</span> <span class='ocrx_word' id='word_1_312' title='bbox 1445 3995 1582 4070; x_wconf 84' lang='grc' dir='ltr'>πρὸς</span> <span class='ocrx_word' id='word_1_313' title='bbox 1635 3993 1782 4050; x_wconf 81' lang='grc' dir='ltr'>ὅπλα</span> <span class='ocrx_word' id='word_1_314' title='bbox 1817 3995 1908 4051; x_wconf 81' lang='grc' dir='ltr'><strong>καὶ</strong></span> 
     </span>
    </p>
   </div>
   <div class='ocr_carea' id='block_1_45' title="bbox 229 4082 1911 4163">
    <p class='ocr_par' dir='ltr' id='par_1_45' title="bbox 229 4082 1911 4163">
     <span class='ocr_line' id='line_1_45' title="bbox 229 4082 1911 4163; baseline -0.004 -17"><span class='ocrx_word' id='word_1_315' title='bbox 229 4092 415 4163; x_wconf 74' lang='grc' dir='ltr'>Ἀρεα</span> <span class='ocrx_word' id='word_1_316' title='bbox 453 4086 750 4162; x_wconf 74' lang='grc' dir='ltr'>βλέπουσι,</span> <span class='ocrx_word' id='word_1_317' title='bbox 803 4082 946 4158; x_wconf 71' lang='grc' dir='ltr'>μηδὲ</span> <span class='ocrx_word' id='word_1_318' title='bbox 1011 4086 1220 4163; x_wconf 79' lang='grc' dir='ltr'>γυναιξὶ</span> <span class='ocrx_word' id='word_1_319' title='bbox 1271 4087 1557 4163; x_wconf 75' lang='grc' dir='ltr'>χερνήτισι</span> <span class='ocrx_word' id='word_1_320' title='bbox 1617 4083 1911 4141; x_wconf 84' lang='grc' dir='ltr'>δυσκολαί-</span> 
     </span>
    </p>
   </div>
   <div class='ocr_carea' id='block_1_46' title="bbox 231 4173 1912 4251">
    <p class='ocr_par' dir='ltr' id='par_1_46' title="bbox 231 4173 1912 4251">
     <span class='ocr_line' id='line_1_46' title="bbox 231 4173 1912 4251; baseline -0.001 -19"><span class='ocrx_word' id='word_1_321' title='bbox 231 4197 414 4232; x_wconf 76' lang='grc' dir='ltr'>νουσα</span> <span class='ocrx_word' id='word_1_322' title='bbox 447 4173 853 4246; x_wconf 73' lang='grc' dir='ltr'>διαξαινοῦσαις</span> <span class='ocrx_word' id='word_1_323' title='bbox 904 4175 971 4229; x_wconf 85' lang='grc' dir='ltr'><strong>τὰ</strong></span> <span class='ocrx_word' id='word_1_324' title='bbox 1028 4175 1146 4230; x_wconf 85' lang='grc' dir='ltr'>κατ’</span> <span class='ocrx_word' id='word_1_325' title='bbox 1201 4175 1394 4247; x_wconf 79' lang='grc' dir='ltr'>αὐτὴν,</span> <span class='ocrx_word' id='word_1_326' title='bbox 1450 4179 1569 4237; x_wconf 88' lang='grc' dir='ltr'>ταῖς</span> <span class='ocrx_word' id='word_1_327' title='bbox 1628 4174 1912 4251; x_wconf 77' lang='grc' dir='ltr'>χαριεστέ-</span> 
     </span>
    </p>
   </div>
   <div class='ocr_carea' id='block_1_47' title="bbox 234 4261 1910 4342">
    <p class='ocr_par' dir='ltr' id='par_1_47' title="bbox 234 4261 1910 4342">
     <span class='ocr_line' id='line_1_47' title="bbox 234 4261 1910 4342; baseline 0.001 -24"><span class='ocrx_word' id='word_1_328' title='bbox 234 4285 369 4341; x_wconf 65' lang='lat' dir='ltr'><strong>par:</strong></span> <span class='ocrx_word' id='word_1_329' title='bbox 410 4264 599 4340; x_wconf 77' lang='grc' dir='ltr'>χαίρει</span> <span class='ocrx_word' id='word_1_330' title='bbox 634 4267 743 4319; x_wconf 86' lang='grc' dir='ltr'><strong>τῶν</strong></span> <span class='ocrx_word' id='word_1_331' title='bbox 785 4261 1056 4342; x_wconf 86' lang='grc' dir='ltr'>φράσεων,</span> <span class='ocrx_word' id='word_1_332' title='bbox 1103 4263 1194 4318; x_wconf 85' lang='grc' dir='ltr'><strong>καὶ</strong></span> <span class='ocrx_word' id='word_1_333' title='bbox 1242 4263 1304 4319; x_wconf 89' lang='grc' dir='ltr'>τὸ</span> <span class='ocrx_word' id='word_1_334' title='bbox 1353 4267 1520 4342; x_wconf 82' lang='grc' dir='ltr'>φᾶρος</span> <span class='ocrx_word' id='word_1_335' title='bbox 1556 4268 1662 4318; x_wconf 89' lang='grc' dir='ltr'><strong>τῶν</strong></span> <span class='ocrx_word' id='word_1_336' title='bbox 1713 4263 1910 4334; x_wconf 76' lang='grc' dir='ltr'>λέξεων</span> 
     </span>
    </p>
   </div>
   <div class='ocr_carea' id='block_1_48' title="bbox 228 4352 1909 4430">
    <p class='ocr_par' dir='ltr' id='par_1_48' title="bbox 228 4352 1909 4430">
     <span class='ocr_line' id='line_1_48' title="bbox 228 4352 1909 4430; baseline -0.001 -20"><span class='ocrx_word' id='word_1_337' title='bbox 228 4354 544 4430; x_wconf 77' lang='grc' dir='ltr'>εἱλικρινὲς</span> <span class='ocrx_word' id='word_1_338' title='bbox 593 4353 686 4408; x_wconf 82' lang='grc' dir='ltr'><strong>καὶ</strong></span> <span class='ocrx_word' id='word_1_339' title='bbox 741 4353 1024 4428; x_wconf 70' lang='grc' dir='ltr'>ἀπέριττον</span> <span class='ocrx_word' id='word_1_340' title='bbox 1075 4356 1410 4424; x_wconf 79' lang='grc' dir='ltr'>περικεῖσθαι</span> <span class='ocrx_word' id='word_1_341' title='bbox 1459 4352 1632 4424; x_wconf 81' lang='grc' dir='ltr'>φιλεῖ,</span> <span class='ocrx_word' id='word_1_342' title='bbox 1683 4353 1744 4409; x_wconf 75' lang='grc' dir='ltr'>οὐ</span> <span class='ocrx_word' id='word_1_343' title='bbox 1802 4355 1909 4427; x_wconf 68' lang='grc' dir='ltr'>μὴν</span> 
     </span>
    </p>
   </div>
   <div class='ocr_carea' id='block_1_49' title="bbox 231 4442 1912 4520">
    <p class='ocr_par' dir='ltr' id='par_1_49' title="bbox 231 4442 1912 4520">
     <span class='ocr_line' id='line_1_49' title="bbox 231 4442 1912 4520; baseline -0.002 -19"><span class='ocrx_word' id='word_1_344' title='bbox 231 4443 708 4520; x_wconf 75' lang='grc' dir='ltr'>κεκομψευμένον</span> <span class='ocrx_word' id='word_1_345' title='bbox 774 4443 868 4498; x_wconf 85' lang='grc' dir='ltr'><strong>καὶ</strong></span> <span class='ocrx_word' id='word_1_346' title='bbox 916 4442 1162 4516; x_wconf 80' lang='grc' dir='ltr'>ἔξαλλον·</span> <span class='ocrx_word' id='word_1_347' title='bbox 1207 4444 1297 4498; x_wconf 86' lang='grc' dir='ltr'><strong>καὶ</strong></span> <span class='ocrx_word' id='word_1_348' title='bbox 1329 4446 1364 4513; x_wconf 81' lang='grc' dir='ltr'><strong>ἡ</strong></span> <span class='ocrx_word' id='word_1_349' title='bbox 1403 4443 1496 4517; x_wconf 77' lang='grc' dir='ltr'>μὶν</span> <span class='ocrx_word' id='word_1_350' title='bbox 1551 4443 1786 4518; x_wconf 78' lang='grc' dir='ltr'>ἱστορία,</span> <span class='ocrx_word' id='word_1_351' title='bbox 1836 4444 1912 4506; x_wconf 81' lang='grc' dir='ltr'>ὡς</span> 
     </span>
    </p>
   </div>
   <div class='ocr_carea' id='block_1_50' title="bbox 235 4531 1914 4613">
    <p class='ocr_par' dir='ltr' id='par_1_50' title="bbox 235 4531 1914 4613">
     <span class='ocr_line' id='line_1_50' title="bbox 235 4531 1914 4613; baseline -0.002 -21"><span class='ocrx_word' id='word_1_352' title='bbox 235 4531 320 4592; x_wconf 81' lang='grc' dir='ltr'>ἔνι</span> <span class='ocrx_word' id='word_1_353' title='bbox 406 4533 676 4609; x_wconf 82' lang='grc' dir='ltr'>μάλιστα,</span> <span class='ocrx_word' id='word_1_354' title='bbox 758 4534 894 4606; x_wconf 83' lang='grc' dir='ltr'>μετὰ</span> <span class='ocrx_word' id='word_1_355' title='bbox 966 4537 1064 4589; x_wconf 78' lang='grc' dir='ltr'><strong>τοῦ</strong></span> <span class='ocrx_word' id='word_1_356' title='bbox 1139 4534 1343 4613; x_wconf 74' lang='grc' dir='ltr'>σαφοῦς</span> <span class='ocrx_word' id='word_1_357' title='bbox 1416 4533 1508 4588; x_wconf 85' lang='grc' dir='ltr'><strong>καὶ</strong></span> <span class='ocrx_word' id='word_1_358' title='bbox 1585 4532 1662 4595; x_wconf 75' lang='grc' dir='ltr'><strong>εἷς</strong></span> <span class='ocrx_word' id='word_1_359' title='bbox 1722 4531 1914 4588; x_wconf 60' lang='lat' dir='ltr'><strong>tiri-ro-</strong></span> 
     </span>
    </p>
   </div>
   <div class='ocr_carea' id='block_1_51' title="bbox 2001 604 3653 679">
    <p class='ocr_par' dir='ltr' id='par_1_51' title="bbox 2001 604 3653 679">
     <span class='ocr_line' id='line_1_51' title="bbox 2001 604 3653 679; baseline 0.004 -21"><span class='ocrx_word' id='word_1_360' title='bbox 2001 619 2128 673; x_wconf 69' lang='lat' dir='ltr'><strong>quae</strong></span> <span class='ocrx_word' id='word_1_361' title='bbox 2159 604 2435 676; x_wconf 74' lang='lat' dir='ltr'><strong>decrepiti</strong></span> <span class='ocrx_word' id='word_1_362' title='bbox 2467 622 2658 673; x_wconf 90' lang='lat' dir='ltr'><strong>senes,</strong></span> <span class='ocrx_word' id='word_1_363' title='bbox 2690 611 2864 678; x_wconf 88' lang='lat' dir='ltr'><strong>atque</strong></span> <span class='ocrx_word' id='word_1_364' title='bbox 2893 607 2933 662; x_wconf 90' lang='lat' dir='ltr'>ii</span> <span class='ocrx_word' id='word_1_365' title='bbox 2975 608 3097 679; x_wconf 88' lang='lat' dir='ltr'><strong>qui,</strong></span> <span class='ocrx_word' id='word_1_366' title='bbox 3149 608 3194 664; x_wconf 92' lang='lat' dir='ltr'><strong>si</strong></span> <span class='ocrx_word' id='word_1_367' title='bbox 3243 608 3435 665; x_wconf 89' lang='lat' dir='ltr'><strong>adhuc</strong></span> <span class='ocrx_word' id='word_1_368' title='bbox 3475 609 3536 665; x_wconf 91' lang='lat' dir='ltr'><strong>in</strong></span> <span class='ocrx_word' id='word_1_369' title='bbox 3565 611 3653 666; x_wconf 88' lang='lat' dir='ltr'><strong>vi-</strong></span> 
     </span>
    </p>
   </div>
   <div class='ocr_carea' id='block_1_52' title="bbox 1997 691 3649 770">
    <p class='ocr_par' dir='ltr' id='par_1_52' title="bbox 1997 691 3649 770">
     <span class='ocr_line' id='line_1_52' title="bbox 1997 691 3649 770; baseline 0.005 -23"><span class='ocrx_word' id='word_1_370' title='bbox 1997 691 2087 747; x_wconf 91' lang='lat' dir='ltr'><strong>vis</strong></span> <span class='ocrx_word' id='word_1_371' title='bbox 2115 697 2332 762; x_wconf 87' lang='lat' dir='ltr'><strong>essent,</strong></span> <span class='ocrx_word' id='word_1_372' title='bbox 2383 693 2702 751; x_wconf 74' lang='lat' dir='ltr'><strong>Tithonum</strong></span> <span class='ocrx_word' id='word_1_373' title='bbox 2752 695 2976 752; x_wconf 86' lang='lat' dir='ltr'><strong>multus</strong></span> <span class='ocrx_word' id='word_1_374' title='bbox 3025 697 3287 754; x_wconf 66' lang='lat' dir='ltr'><strong>aetatibus</strong></span> <span class='ocrx_word' id='word_1_375' title='bbox 3329 698 3649 770; x_wconf 81' lang='lat' dir='ltr'><strong>vincerent,</strong></span> 
     </span>
    </p>
   </div>
   <div class='ocr_carea' id='block_1_53' title="bbox 2001 781 3655 858">
    <p class='ocr_par' dir='ltr' id='par_1_53' title="bbox 2001 781 3655 858">
     <span class='ocr_line' id='line_1_53' title="bbox 2001 781 3655 858; baseline 0.004 -21"><span class='ocrx_word' id='word_1_376' title='bbox 2001 781 2060 837; x_wconf 92' lang='lat' dir='ltr'><strong>in</strong></span> <span class='ocrx_word' id='word_1_377' title='bbox 2092 785 2240 838; x_wconf 75' lang='lat' dir='ltr'><strong>cmtu</strong></span> <span class='ocrx_word' id='word_1_378' title='bbox 2273 782 2611 840; x_wconf 90' lang='lat' dir='ltr'><strong>auditorum</strong></span> <span class='ocrx_word' id='word_1_379' title='bbox 2643 799 2712 840; x_wconf 88' lang='lat' dir='ltr'><strong>ex</strong></span> <span class='ocrx_word' id='word_1_380' title='bbox 2739 785 3030 842; x_wconf 72' lang='lat' dir='ltr'><strong>memoriae</strong></span> <span class='ocrx_word' id='word_1_381' title='bbox 3060 786 3337 844; x_wconf 82' lang='lat' dir='ltr'><strong>thesauro</strong></span> <span class='ocrx_word' id='word_1_382' title='bbox 3387 789 3655 858; x_wconf 87' lang='lat' dir='ltr'><strong>deprom-</strong></span> 
     </span>
    </p>
   </div>
   <div class='ocr_carea' id='block_1_54' title="bbox 2001 873 3652 945">
    <p class='ocr_par' dir='ltr' id='par_1_54' title="bbox 2001 873 3652 945">
     <span class='ocr_line' id='line_1_54' title="bbox 2001 873 3652 945; baseline 0.005 -20"><span class='ocrx_word' id='word_1_383' title='bbox 2001 875 2102 943; x_wconf 90' lang='lat' dir='ltr'><strong>pta</strong></span> <span class='ocrx_word' id='word_1_384' title='bbox 2131 873 2190 926; x_wconf 91' lang='lat' dir='ltr'><strong>in</strong></span> <span class='ocrx_word' id='word_1_385' title='bbox 2251 873 2503 930; x_wconf 90' lang='lat' dir='ltr'><strong>medium</strong></span> <span class='ocrx_word' id='word_1_386' title='bbox 2561 875 2854 945; x_wconf 78' lang='lat' dir='ltr'><strong>afferrent,</strong></span> <span class='ocrx_word' id='word_1_387' title='bbox 2900 875 3103 932; x_wconf 90' lang='lat' dir='ltr'><strong>eadem</strong></span> <span class='ocrx_word' id='word_1_388' title='bbox 3165 876 3252 932; x_wconf 86' lang='lat' dir='ltr'><strong>vel</strong></span> <span class='ocrx_word' id='word_1_389' title='bbox 3311 877 3652 934; x_wconf 88' lang='lat' dir='ltr'><strong>adolescens</strong></span> 
     </span>
    </p>
   </div>
   <div class='ocr_carea' id='block_1_55' title="bbox 1999 961 3653 1038">
    <p class='ocr_par' dir='ltr' id='par_1_55' title="bbox 1999 961 3653 1038">
     <span class='ocr_line' id='line_1_55' title="bbox 1999 961 3653 1038; baseline 0.005 -23"><span class='ocrx_word' id='word_1_390' title='bbox 1999 961 2264 1017; x_wconf 87' lang='lat' dir='ltr'><strong>eruditus</strong></span> <span class='ocrx_word' id='word_1_391' title='bbox 2294 962 2509 1019; x_wconf 86' lang='lat' dir='ltr'><strong>referre</strong></span> <span class='ocrx_word' id='word_1_392' title='bbox 2565 968 2761 1036; x_wconf 87' lang='lat' dir='ltr'><strong>queat.</strong></span> <span class='ocrx_word' id='word_1_393' title='bbox 2817 965 2921 1020; x_wconf 84' lang='lat' dir='ltr'><strong>His</strong></span> <span class='ocrx_word' id='word_1_394' title='bbox 2973 964 3155 1036; x_wconf 80' lang='lat' dir='ltr'><strong>igitur</strong></span> <span class='ocrx_word' id='word_1_395' title='bbox 3210 966 3282 1021; x_wconf 90' lang='lat' dir='ltr'><strong>de</strong></span> <span class='ocrx_word' id='word_1_396' title='bbox 3322 966 3519 1023; x_wconf 90' lang='lat' dir='ltr'><strong>causis</strong></span> <span class='ocrx_word' id='word_1_397' title='bbox 3549 983 3653 1038; x_wconf 86' lang='lat' dir='ltr'><strong>ego</strong></span> 
     </span>
    </p>
   </div>
   <div class='ocr_carea' id='block_1_56' title="bbox 1999 1050 3657 1125">
    <p class='ocr_par' dir='ltr' id='par_1_56' title="bbox 1999 1050 3657 1125">
     <span class='ocr_line' id='line_1_56' title="bbox 1999 1050 3657 1125; baseline 0.004 -19"><span class='ocrx_word' id='word_1_398' title='bbox 1999 1050 2176 1106; x_wconf 87' lang='lat' dir='ltr'><strong>etiam</strong></span> <span class='ocrx_word' id='word_1_399' title='bbox 2209 1065 2276 1107; x_wconf 88' lang='lat' dir='ltr'><strong>ea</strong></span> <span class='ocrx_word' id='word_1_400' title='bbox 2305 1067 2432 1123; x_wconf 72' lang='lat' dir='ltr'><strong>quin</strong></span> <span class='ocrx_word' id='word_1_401' title='bbox 2467 1067 2598 1107; x_wconf 90' lang='lat' dir='ltr'><strong>mea</strong></span> <span class='ocrx_word' id='word_1_402' title='bbox 2627 1060 2791 1109; x_wconf 66' lang='lat' dir='ltr'><strong>(etate</strong></span> <span class='ocrx_word' id='word_1_403' title='bbox 2819 1062 2873 1109; x_wconf 84' lang='lat' dir='ltr'><strong>et</strong></span> <span class='ocrx_word' id='word_1_404' title='bbox 2901 1054 3073 1125; x_wconf 86' lang='lat' dir='ltr'><strong>paulo</strong></span> <span class='ocrx_word' id='word_1_405' title='bbox 3095 1070 3275 1125; x_wconf 81' lang='lat' dir='ltr'><strong>supra</strong></span> <span class='ocrx_word' id='word_1_406' title='bbox 3299 1072 3488 1111; x_wconf 88' lang='lat' dir='ltr'><strong>meam</strong></span> <span class='ocrx_word' id='word_1_407' title='bbox 3521 1064 3657 1113; x_wconf 80' lang='lat' dir='ltr'><strong>aeta-</strong></span> 
     </span>
    </p>
   </div>
   <div class='ocr_carea' id='block_1_57' title="bbox 1998 1141 3654 1216">
    <p class='ocr_par' dir='ltr' id='par_1_57' title="bbox 1998 1141 3654 1216">
     <span class='ocr_line' id='line_1_57' title="bbox 1998 1141 3654 1216; baseline 0.004 -20"><span class='ocrx_word' id='word_1_408' title='bbox 1998 1144 2119 1196; x_wconf 91' lang='lat' dir='ltr'><strong>tem</strong></span> <span class='ocrx_word' id='word_1_409' title='bbox 2152 1145 2476 1198; x_wconf 87' lang='lat' dir='ltr'><strong>memoratu</strong></span> <span class='ocrx_word' id='word_1_410' title='bbox 2508 1141 2689 1214; x_wconf 87' lang='lat' dir='ltr'><strong>digna</strong></span> <span class='ocrx_word' id='word_1_411' title='bbox 2719 1147 2884 1214; x_wconf 87' lang='lat' dir='ltr'><strong>gesta</strong></span> <span class='ocrx_word' id='word_1_412' title='bbox 2915 1146 3074 1213; x_wconf 89' lang='lat' dir='ltr'><strong>sunt,</strong></span> <span class='ocrx_word' id='word_1_413' title='bbox 3105 1159 3231 1214; x_wconf 81' lang='lat' dir='ltr'><strong>quae</strong></span> <span class='ocrx_word' id='word_1_414' title='bbox 3263 1143 3496 1215; x_wconf 86' lang='lat' dir='ltr'><strong>quidem</strong></span> <span class='ocrx_word' id='word_1_415' title='bbox 3529 1144 3654 1216; x_wconf 87' lang='lat' dir='ltr'><strong>plu-</strong></span> 
     </span>
    </p>
   </div>
   <div class='ocr_carea' id='block_1_58' title="bbox 2000 1228 3654 1304">
    <p class='ocr_par' dir='ltr' id='par_1_58' title="bbox 2000 1228 3654 1304">
     <span class='ocr_line' id='line_1_58' title="bbox 2000 1228 3654 1304; baseline 0.004 -20"><span class='ocrx_word' id='word_1_416' title='bbox 2000 1228 2147 1286; x_wconf 89' lang='lat' dir='ltr'><strong>rima</strong></span> <span class='ocrx_word' id='word_1_417' title='bbox 2181 1235 2239 1286; x_wconf 90' lang='lat' dir='ltr'><strong>et</strong></span> <span class='ocrx_word' id='word_1_418' title='bbox 2270 1230 2529 1287; x_wconf 89' lang='lat' dir='ltr'><strong>maxima</strong></span> <span class='ocrx_word' id='word_1_419' title='bbox 2561 1231 2742 1298; x_wconf 80' lang='lat' dir='ltr'><strong>fuere,</strong></span> <span class='ocrx_word' id='word_1_420' title='bbox 2793 1248 2910 1288; x_wconf 89' lang='lat' dir='ltr'><strong>non</strong></span> <span class='ocrx_word' id='word_1_421' title='bbox 2969 1233 3371 1304; x_wconf 65' lang='lat' dir='ltr'><strong>pretereunda</strong></span> <span class='ocrx_word' id='word_1_422' title='bbox 3422 1232 3654 1290; x_wconf 86' lang='lat' dir='ltr'><strong>silentio</strong></span> 
     </span>
    </p>
   </div>
   <div class='ocr_carea' id='block_1_59' title="bbox 2001 1323 3650 1396">
    <p class='ocr_par' dir='ltr' id='par_1_59' title="bbox 2001 1323 3650 1396">
     <span class='ocr_line' id='line_1_59' title="bbox 2001 1323 3650 1396; baseline 0.002 -20"><span class='ocrx_word' id='word_1_423' title='bbox 2001 1335 2132 1376; x_wconf 90' lang='lat' dir='ltr'><strong>esse</strong></span> <span class='ocrx_word' id='word_1_424' title='bbox 2179 1325 2342 1377; x_wconf 88' lang='lat' dir='ltr'><strong>ratus</strong></span> <span class='ocrx_word' id='word_1_425' title='bbox 2376 1323 2447 1377; x_wconf 90' lang='lat' dir='ltr'><strong>ad</strong></span> <span class='ocrx_word' id='word_1_426' title='bbox 2501 1326 2866 1392; x_wconf 82' lang='lat' dir='ltr'><strong>posterorum</strong></span> <span class='ocrx_word' id='word_1_427' title='bbox 2926 1323 3268 1379; x_wconf 87' lang='lat' dir='ltr'><strong>memoriam</strong></span> <span class='ocrx_word' id='word_1_428' title='bbox 3327 1340 3650 1396; x_wconf 86' lang='lat' dir='ltr'><strong>propagare</strong></span> 
     </span>
    </p>
   </div>
   <div class='ocr_carea' id='block_1_60' title="bbox 2003 1408 3648 1482">
    <p class='ocr_par' dir='ltr' id='par_1_60' title="bbox 2003 1408 3648 1482">
     <span class='ocr_line' id='line_1_60' title="bbox 2003 1408 3648 1482; baseline 0.002 -19"><span class='ocrx_word' id='word_1_429' title='bbox 2003 1408 2225 1465; x_wconf 83' lang='lat' dir='ltr'><strong>studui.</strong></span> <span class='ocrx_word' id='word_1_430' title='bbox 2257 1410 2400 1465; x_wconf 87' lang='lat' dir='ltr'><strong>Cum</strong></span> <span class='ocrx_word' id='word_1_431' title='bbox 2450 1414 2646 1466; x_wconf 86' lang='lat' dir='ltr'><strong>autem</strong></span> <span class='ocrx_word' id='word_1_432' title='bbox 2691 1426 2892 1466; x_wconf 92' lang='lat' dir='ltr'><strong>eorum</strong></span> <span class='ocrx_word' id='word_1_433' title='bbox 2931 1409 3171 1482; x_wconf 90' lang='lat' dir='ltr'><strong>judiciis</strong></span> <span class='ocrx_word' id='word_1_434' title='bbox 3219 1411 3507 1467; x_wconf 89' lang='lat' dir='ltr'><strong>assentiar</strong></span> <span class='ocrx_word' id='word_1_435' title='bbox 3549 1411 3648 1480; x_wconf 86' lang='lat' dir='ltr'><strong>qui</strong></span> 
     </span>
    </p>
   </div>
   <div class='ocr_carea' id='block_1_61' title="bbox 2004 1495 3660 1571">
    <p class='ocr_par' dir='ltr' id='par_1_61' title="bbox 2004 1495 3660 1571">
     <span class='ocr_line' id='line_1_61' title="bbox 2004 1495 3660 1571; baseline 0.001 -20"><span class='ocrx_word' id='word_1_436' title='bbox 2004 1495 2419 1554; x_wconf 89' lang='lat' dir='ltr'><strong>obscuritatem</strong></span> <span class='ocrx_word' id='word_1_437' title='bbox 2460 1504 2515 1554; x_wconf 89' lang='lat' dir='ltr'><strong>et</strong></span> <span class='ocrx_word' id='word_1_438' title='bbox 2563 1497 2970 1570; x_wconf 86' lang='lat' dir='ltr'><strong>perplexarum</strong></span> <span class='ocrx_word' id='word_1_439' title='bbox 3019 1499 3390 1571; x_wconf 88' lang='lat' dir='ltr'><strong>periodorum</strong></span> <span class='ocrx_word' id='word_1_440' title='bbox 3423 1498 3660 1570; x_wconf 82' lang='lat' dir='ltr'><strong>prolixi-</strong></span> 
     </span>
    </p>
   </div>
   <div class='ocr_carea' id='block_1_62' title="bbox 2005 1586 3655 1660">
    <p class='ocr_par' dir='ltr' id='par_1_62' title="bbox 2005 1586 3655 1660">
     <span class='ocr_line' id='line_1_62' title="bbox 2005 1586 3655 1660; baseline 0 -19"><span class='ocrx_word' id='word_1_441' title='bbox 2005 1589 2183 1642; x_wconf 92' lang='lat' dir='ltr'><strong>tatem</strong></span> <span class='ocrx_word' id='word_1_442' title='bbox 2213 1587 2263 1642; x_wconf 73' lang='grc' dir='ltr'><strong>θ</strong></span> <span class='ocrx_word' id='word_1_443' title='bbox 2292 1586 2552 1644; x_wconf 71' lang='lat' dir='ltr'><strong>historiae</strong></span> <span class='ocrx_word' id='word_1_444' title='bbox 2584 1586 2836 1644; x_wconf 89' lang='lat' dir='ltr'><strong>alienam</strong></span> <span class='ocrx_word' id='word_1_445' title='bbox 2895 1603 3024 1645; x_wconf 88' lang='lat' dir='ltr'><strong>esse</strong></span> <span class='ocrx_word' id='word_1_446' title='bbox 3071 1595 3308 1644; x_wconf 87' lang='lat' dir='ltr'><strong>censent</strong></span> <span class='ocrx_word' id='word_1_447' title='bbox 3336 1592 3393 1643; x_wconf 90' lang='lat' dir='ltr'><strong>et</strong></span> <span class='ocrx_word' id='word_1_448' title='bbox 3421 1587 3655 1660; x_wconf 90' lang='lat' dir='ltr'><strong>perspi-</strong></span> 
     </span>
    </p>
   </div>
   <div class='ocr_carea' id='block_1_63' title="bbox 2007 1675 3656 1750">
    <p class='ocr_par' dir='ltr' id='par_1_63' title="bbox 2007 1675 3656 1750">
     <span class='ocr_line' id='line_1_63' title="bbox 2007 1675 3656 1750; baseline 0 -19"><span class='ocrx_word' id='word_1_449' title='bbox 2007 1675 2278 1732; x_wconf 88' lang='lat' dir='ltr'><strong>cuitatem</strong></span> <span class='ocrx_word' id='word_1_450' title='bbox 2309 1677 2561 1732; x_wconf 80' lang='lat' dir='ltr'><strong>maxime</strong></span> <span class='ocrx_word' id='word_1_451' title='bbox 2589 1681 2815 1749; x_wconf 82' lang='lat' dir='ltr'><strong>gratam</strong></span> <span class='ocrx_word' id='word_1_452' title='bbox 2845 1682 2904 1734; x_wconf 90' lang='lat' dir='ltr'><strong>et</strong></span> <span class='ocrx_word' id='word_1_453' title='bbox 2931 1684 3150 1750; x_wconf 83' lang='lat' dir='ltr'><strong>aptam,</strong></span> <span class='ocrx_word' id='word_1_454' title='bbox 3199 1677 3471 1748; x_wconf 86' lang='lat' dir='ltr'><strong>equidem</strong></span> <span class='ocrx_word' id='word_1_455' title='bbox 3517 1675 3656 1732; x_wconf 75' lang='lat' dir='ltr'><strong>huic</strong></span> 
     </span>
    </p>
   </div>
   <div class='ocr_carea' id='block_1_64' title="bbox 2007 1765 3656 1838">
    <p class='ocr_par' dir='ltr' id='par_1_64' title="bbox 2007 1765 3656 1838">
     <span class='ocr_line' id='line_1_64' title="bbox 2007 1765 3656 1838; baseline 0.001 -17"><span class='ocrx_word' id='word_1_456' title='bbox 2007 1780 2237 1838; x_wconf 91' lang='lat' dir='ltr'><strong>quoque</strong></span> <span class='ocrx_word' id='word_1_457' title='bbox 2263 1766 2467 1822; x_wconf 84' lang='lat' dir='ltr'><strong>virtuti</strong></span> <span class='ocrx_word' id='word_1_458' title='bbox 2498 1783 2737 1838; x_wconf 85' lang='lat' dir='ltr'><strong>operam</strong></span> <span class='ocrx_word' id='word_1_459' title='bbox 2795 1767 2950 1838; x_wconf 87' lang='lat' dir='ltr'><strong>dedi,</strong></span> <span class='ocrx_word' id='word_1_460' title='bbox 2997 1766 3228 1823; x_wconf 89' lang='lat' dir='ltr'><strong>evitatis</strong></span> <span class='ocrx_word' id='word_1_461' title='bbox 3281 1766 3472 1822; x_wconf 88' lang='lat' dir='ltr'><strong>verbis</strong></span> <span class='ocrx_word' id='word_1_462' title='bbox 3516 1765 3656 1822; x_wconf 71' lang='lat' dir='ltr'><strong>affe-</strong></span> 
     </span>
    </p>
   </div>
   <div class='ocr_carea' id='block_1_65' title="bbox 1925 1855 3653 1946">
    <p class='ocr_par' dir='ltr' id='par_1_65' title="bbox 1925 1855 3653 1946">
     <span class='ocr_line' id='line_1_65' title="bbox 1925 1855 3653 1946; baseline 0 -34"><span class='ocrx_word' id='word_1_463' title='bbox 1925 1881 1973 1946; x_wconf 82' lang='grc' dir='ltr'><strong>Β</strong></span> <span class='ocrx_word' id='word_1_464' title='bbox 2007 1855 2179 1946; x_wconf 80' lang='lat' dir='ltr'><strong>etatis</strong></span> <span class='ocrx_word' id='word_1_465' title='bbox 2211 1857 2477 1913; x_wconf 86' lang='lat' dir='ltr'><strong>obscuris</strong></span> <span class='ocrx_word' id='word_1_466' title='bbox 2530 1857 2914 1946; x_wconf 83' lang='lat' dir='ltr'><strong>confragosis,</strong></span> <span class='ocrx_word' id='word_1_467' title='bbox 2975 1857 3083 1912; x_wconf 90' lang='lat' dir='ltr'><strong>etsi</strong></span> <span class='ocrx_word' id='word_1_468' title='bbox 3138 1856 3348 1929; x_wconf 87' lang='lat' dir='ltr'><strong>vulgus</strong></span> <span class='ocrx_word' id='word_1_469' title='bbox 3392 1855 3462 1946; x_wconf 83' lang='lat' dir='ltr'><strong>iis</strong></span> <span class='ocrx_word' id='word_1_470' title='bbox 3489 1856 3653 1946; x_wconf 87' lang='lat' dir='ltr'><strong>avide</strong></span> 
     </span>
    </p>
   </div>
   <div class='ocr_carea' id='block_1_66' title="bbox 2002 1944 3656 2016">
    <p class='ocr_par' dir='ltr' id='par_1_66' title="bbox 2002 1944 3656 2016">
     <span class='ocr_line' id='line_1_66' title="bbox 2002 1944 3656 2016; baseline 0.001 -17"><span class='ocrx_word' id='word_1_471' title='bbox 2002 1944 2230 2000; x_wconf 86' lang='lat' dir='ltr'><strong>inhiare</strong></span> <span class='ocrx_word' id='word_1_472' title='bbox 2289 1961 2404 2001; x_wconf 89' lang='lat' dir='ltr'><strong>non</strong></span> <span class='ocrx_word' id='word_1_473' title='bbox 2455 1947 2680 2016; x_wconf 90' lang='lat' dir='ltr'><strong>ignoro,</strong></span> <span class='ocrx_word' id='word_1_474' title='bbox 2734 1945 3050 2016; x_wconf 90' lang='lat' dir='ltr'><strong>relictaque</strong></span> <span class='ocrx_word' id='word_1_475' title='bbox 3116 1949 3174 2000; x_wconf 88' lang='lat' dir='ltr'><strong>et</strong></span> <span class='ocrx_word' id='word_1_476' title='bbox 3223 1945 3542 2016; x_wconf 88' lang='lat' dir='ltr'><strong>superioris</strong></span> <span class='ocrx_word' id='word_1_477' title='bbox 3600 1947 3656 2000; x_wconf 88' lang='lat' dir='ltr'><strong>et</strong></span> 
     </span>
    </p>
   </div>
   <div class='ocr_carea' id='block_1_67' title="bbox 2001 2032 3654 2089">
    <p class='ocr_par' dir='ltr' id='par_1_67' title="bbox 2001 2032 3654 2089">
     <span class='ocr_line' id='line_1_67' title="bbox 2001 2032 3654 2089; baseline -0.001 0"><span class='ocrx_word' id='word_1_478' title='bbox 2001 2038 2215 2089; x_wconf 65' lang='lat' dir='ltr'><strong>nostra:</strong></span> <span class='ocrx_word' id='word_1_479' title='bbox 2246 2033 2432 2088; x_wconf 65' lang='lat' dir='ltr'><strong>etatis</strong></span> <span class='ocrx_word' id='word_1_480' title='bbox 2484 2033 2913 2089; x_wconf 89' lang='lat' dir='ltr'><strong>consuetudine</strong></span> <span class='ocrx_word' id='word_1_481' title='bbox 2973 2049 3207 2088; x_wconf 89' lang='lat' dir='ltr'><strong>summo</strong></span> <span class='ocrx_word' id='word_1_482' title='bbox 3257 2033 3450 2088; x_wconf 85' lang='lat' dir='ltr'><strong>studio</strong></span> <span class='ocrx_word' id='word_1_483' title='bbox 3489 2032 3548 2087; x_wconf 90' lang='lat' dir='ltr'><strong>in</strong></span> <span class='ocrx_word' id='word_1_484' title='bbox 3581 2033 3654 2087; x_wconf 87' lang='lat' dir='ltr'><strong>iis</strong></span> 
     </span>
    </p>
   </div>
   <div class='ocr_carea' id='block_1_68' title="bbox 2000 2120 3658 2194">
    <p class='ocr_par' dir='ltr' id='par_1_68' title="bbox 2000 2120 3658 2194">
     <span class='ocr_line' id='line_1_68' title="bbox 2000 2120 3658 2194; baseline -0.001 -16"><span class='ocrx_word' id='word_1_485' title='bbox 2000 2122 2324 2179; x_wconf 85' lang='lat' dir='ltr'><strong>elaborare.</strong></span> <span class='ocrx_word' id='word_1_486' title='bbox 2361 2120 2478 2178; x_wconf 90' lang='lat' dir='ltr'><strong>Nos</strong></span> <span class='ocrx_word' id='word_1_487' title='bbox 2529 2137 2667 2177; x_wconf 87' lang='lat' dir='ltr'><strong>vero</strong></span> <span class='ocrx_word' id='word_1_488' title='bbox 2694 2120 2867 2194; x_wconf 90' lang='lat' dir='ltr'><strong>longo</strong></span> <span class='ocrx_word' id='word_1_489' title='bbox 2897 2124 3158 2194; x_wconf 89' lang='lat' dir='ltr'><strong>tempore</strong></span> <span class='ocrx_word' id='word_1_490' title='bbox 3205 2121 3264 2176; x_wconf 90' lang='lat' dir='ltr'><strong>in</strong></span> <span class='ocrx_word' id='word_1_491' title='bbox 3313 2121 3371 2176; x_wconf 88' lang='lat' dir='ltr'><strong>id</strong></span> <span class='ocrx_word' id='word_1_492' title='bbox 3421 2136 3658 2191; x_wconf 86' lang='lat' dir='ltr'><strong>operam</strong></span> 
     </span>
    </p>
   </div>
   <div class='ocr_carea' id='block_1_69' title="bbox 2004 2210 3658 2284">
    <p class='ocr_par' dir='ltr' id='par_1_69' title="bbox 2004 2210 3658 2284">
     <span class='ocr_line' id='line_1_69' title="bbox 2004 2210 3658 2284; baseline -0.001 -16"><span class='ocrx_word' id='word_1_493' title='bbox 2004 2211 2294 2282; x_wconf 81' lang='lat' dir='ltr'><strong>dedimus,</strong></span> <span class='ocrx_word' id='word_1_494' title='bbox 2330 2221 2394 2268; x_wconf 93' lang='lat' dir='ltr'><strong>ut</strong></span> <span class='ocrx_word' id='word_1_495' title='bbox 2423 2212 2676 2269; x_wconf 85' lang='lat' dir='ltr'><strong>dictione</strong></span> <span class='ocrx_word' id='word_1_496' title='bbox 2705 2211 2844 2268; x_wconf 90' lang='lat' dir='ltr'><strong>huic</strong></span> <span class='ocrx_word' id='word_1_497' title='bbox 2867 2212 3252 2284; x_wconf 89' lang='lat' dir='ltr'><strong>scriptionum</strong></span> <span class='ocrx_word' id='word_1_498' title='bbox 3291 2210 3490 2283; x_wconf 87' lang='lat' dir='ltr'><strong>generi</strong></span> <span class='ocrx_word' id='word_1_499' title='bbox 3523 2227 3658 2268; x_wconf 85' lang='lat' dir='ltr'><strong>con-</strong></span> 
     </span>
    </p>
   </div>
   <div class='ocr_carea' id='block_1_70' title="bbox 2004 2301 3658 2373">
    <p class='ocr_par' dir='ltr' id='par_1_70' title="bbox 2004 2301 3658 2373">
     <span class='ocr_line' id='line_1_70' title="bbox 2004 2301 3658 2373; baseline -0.001 -15"><span class='ocrx_word' id='word_1_500' title='bbox 2004 2302 2272 2360; x_wconf 87' lang='lat' dir='ltr'><strong>veniente</strong></span> <span class='ocrx_word' id='word_1_501' title='bbox 2312 2302 2578 2358; x_wconf 87' lang='lat' dir='ltr'><strong>adhibita</strong></span> <span class='ocrx_word' id='word_1_502' title='bbox 2619 2319 2737 2358; x_wconf 89' lang='lat' dir='ltr'><strong>non</strong></span> <span class='ocrx_word' id='word_1_503' title='bbox 2785 2305 2948 2360; x_wconf 87' lang='lat' dir='ltr'><strong>extra</strong></span> <span class='ocrx_word' id='word_1_504' title='bbox 2991 2301 3209 2357; x_wconf 86' lang='lat' dir='ltr'><strong>limites</strong></span> <span class='ocrx_word' id='word_1_505' title='bbox 3250 2317 3658 2373; x_wconf 87' lang='lat' dir='ltr'><strong>evagaremur.</strong></span> 
     </span>
    </p>
   </div>
   <div class='ocr_carea' id='block_1_71' title="bbox 2008 2391 3660 2463">
    <p class='ocr_par' dir='ltr' id='par_1_71' title="bbox 2008 2391 3660 2463">
     <span class='ocr_line' id='line_1_71' title="bbox 2008 2391 3660 2463; baseline -0.001 -17"><span class='ocrx_word' id='word_1_506' title='bbox 2008 2391 2303 2463; x_wconf 89' lang='lat' dir='ltr'><strong>Quidquid</strong></span> <span class='ocrx_word' id='word_1_507' title='bbox 2331 2391 2510 2463; x_wconf 72' lang='lat' dir='ltr'><strong>enim,</strong></span> <span class='ocrx_word' id='word_1_508' title='bbox 2567 2395 2632 2447; x_wconf 92' lang='lat' dir='ltr'><strong>ut</strong></span> <span class='ocrx_word' id='word_1_509' title='bbox 2678 2391 2821 2460; x_wconf 85' lang='lat' dir='ltr'><strong>dixi,</strong></span> <span class='ocrx_word' id='word_1_510' title='bbox 2862 2407 2976 2447; x_wconf 89' lang='lat' dir='ltr'><strong>non</strong></span> <span class='ocrx_word' id='word_1_511' title='bbox 3037 2394 3304 2461; x_wconf 89' lang='lat' dir='ltr'><strong>apertum</strong></span> <span class='ocrx_word' id='word_1_512' title='bbox 3357 2397 3444 2446; x_wconf 91' lang='lat' dir='ltr'><strong>est</strong></span> <span class='ocrx_word' id='word_1_513' title='bbox 3484 2395 3660 2462; x_wconf 85' lang='lat' dir='ltr'><strong>atque</strong></span> 
     </span>
    </p>
   </div>
   <div class='ocr_carea' id='block_1_72' title="bbox 2007 2479 3659 2553">
    <p class='ocr_par' dir='ltr' id='par_1_72' title="bbox 2007 2479 3659 2553">
     <span class='ocr_line' id='line_1_72' title="bbox 2007 2479 3659 2553; baseline -0.001 -18"><span class='ocrx_word' id='word_1_514' title='bbox 2007 2480 2068 2536; x_wconf 90' lang='lat' dir='ltr'><strong>in</strong></span> <span class='ocrx_word' id='word_1_515' title='bbox 2100 2485 2375 2553; x_wconf 90' lang='lat' dir='ltr'><strong>promptu</strong></span> <span class='ocrx_word' id='word_1_516' title='bbox 2407 2481 2694 2553; x_wconf 87' lang='lat' dir='ltr'><strong>positum,</strong></span> <span class='ocrx_word' id='word_1_517' title='bbox 2723 2480 2972 2536; x_wconf 85' lang='lat' dir='ltr'><strong>historia</strong></span> <span class='ocrx_word' id='word_1_518' title='bbox 3020 2479 3395 2536; x_wconf 85' lang='lat' dir='ltr'><strong>abominetur</strong></span> <span class='ocrx_word' id='word_1_519' title='bbox 3428 2496 3442 2536; x_wconf 90' lang='lat'><strong>:</strong></span> <span class='ocrx_word' id='word_1_520' title='bbox 3486 2479 3659 2550; x_wconf 90' lang='lat' dir='ltr'><strong>quid-</strong></span> 
     </span>
    </p>
   </div>
   <div class='ocr_carea' id='block_1_73' title="bbox 2011 2567 3660 2640">
    <p class='ocr_par' dir='ltr' id='par_1_73' title="bbox 2011 2567 3660 2640">
     <span class='ocr_line' id='line_1_73' title="bbox 2011 2567 3660 2640; baseline 0 -18"><span class='ocrx_word' id='word_1_521' title='bbox 2011 2567 2155 2640; x_wconf 89' lang='lat' dir='ltr'><strong>quid</strong></span> <span class='ocrx_word' id='word_1_522' title='bbox 2187 2567 2437 2639; x_wconf 84' lang='lat' dir='ltr'><strong>simplex</strong></span> <span class='ocrx_word' id='word_1_523' title='bbox 2465 2575 2522 2624; x_wconf 89' lang='lat' dir='ltr'><strong>et</strong></span> <span class='ocrx_word' id='word_1_524' title='bbox 2563 2567 2829 2624; x_wconf 88' lang='lat' dir='ltr'><strong>naturale</strong></span> <span class='ocrx_word' id='word_1_525' title='bbox 2871 2571 2960 2623; x_wconf 91' lang='lat' dir='ltr'><strong>est</strong></span> <span class='ocrx_word' id='word_1_526' title='bbox 3003 2571 3061 2623; x_wconf 89' lang='lat' dir='ltr'><strong>et</strong></span> <span class='ocrx_word' id='word_1_527' title='bbox 3108 2567 3507 2639; x_wconf 82' lang='lat' dir='ltr'><strong>intelligentiae</strong></span> <span class='ocrx_word' id='word_1_528' title='bbox 3559 2567 3660 2622; x_wconf 88' lang='lat' dir='ltr'><strong>ob-</strong></span> 
     </span>
    </p>
   </div>
   <div class='ocr_carea' id='block_1_74' title="bbox 2009 2654 3658 2722">
    <p class='ocr_par' dir='ltr' id='par_1_74' title="bbox 2009 2654 3658 2722">
     <span class='ocr_line' id='line_1_74' title="bbox 2009 2654 3658 2722; baseline 0 -11"><span class='ocrx_word' id='word_1_529' title='bbox 2009 2655 2188 2722; x_wconf 85' lang='lat' dir='ltr'><strong>vium,</strong></span> <span class='ocrx_word' id='word_1_530' title='bbox 2219 2655 2469 2711; x_wconf 87' lang='lat' dir='ltr'><strong>libenter</strong></span> <span class='ocrx_word' id='word_1_531' title='bbox 2517 2655 2794 2712; x_wconf 88' lang='lat' dir='ltr'><strong>admittit.</strong></span> <span class='ocrx_word' id='word_1_532' title='bbox 2856 2654 3005 2712; x_wconf 90' lang='lat' dir='ltr'><strong>Nam</strong></span> <span class='ocrx_word' id='word_1_533' title='bbox 3050 2671 3182 2711; x_wconf 92' lang='lat' dir='ltr'><strong>cum</strong></span> <span class='ocrx_word' id='word_1_534' title='bbox 3231 2656 3303 2711; x_wconf 92' lang='lat' dir='ltr'><strong>ad</strong></span> <span class='ocrx_word' id='word_1_535' title='bbox 3353 2654 3658 2711; x_wconf 84' lang='lat' dir='ltr'><strong>veritatem</strong></span> 
     </span>
    </p>
   </div>
   <div class='ocr_carea' id='block_1_75' title="bbox 2012 2743 3658 2817">
    <p class='ocr_par' dir='ltr' id='par_1_75' title="bbox 2012 2743 3658 2817">
     <span class='ocr_line' id='line_1_75' title="bbox 2012 2743 3658 2817; baseline 0.001 -17"><span class='ocrx_word' id='word_1_536' title='bbox 2012 2748 2298 2817; x_wconf 83' lang='lat' dir='ltr'><strong>tanquom</strong></span> <span class='ocrx_word' id='word_1_537' title='bbox 2332 2745 2568 2801; x_wconf 89' lang='lat' dir='ltr'><strong>unicum</strong></span> <span class='ocrx_word' id='word_1_538' title='bbox 2591 2761 2838 2817; x_wconf 91' lang='lat' dir='ltr'><strong>scopum</strong></span> <span class='ocrx_word' id='word_1_539' title='bbox 2887 2743 3164 2813; x_wconf 89' lang='lat' dir='ltr'><strong>collimet,</strong></span> <span class='ocrx_word' id='word_1_540' title='bbox 3197 2749 3369 2816; x_wconf 90' lang='lat' dir='ltr'><strong>atque</strong></span> <span class='ocrx_word' id='word_1_541' title='bbox 3417 2745 3488 2800; x_wconf 85' lang='lat' dir='ltr'><strong>ab</strong></span> <span class='ocrx_word' id='word_1_542' title='bbox 3529 2761 3658 2801; x_wconf 88' lang='lat' dir='ltr'><strong>ora-</strong></span> 
     </span>
    </p>
   </div>
   <div class='ocr_carea' id='block_1_76' title="bbox 2013 2833 3662 2906">
    <p class='ocr_par' dir='ltr' id='par_1_76' title="bbox 2013 2833 3662 2906">
     <span class='ocr_line' id='line_1_76' title="bbox 2013 2833 3662 2906; baseline 0 -16"><span class='ocrx_word' id='word_1_543' title='bbox 2013 2834 2164 2891; x_wconf 90' lang='lat' dir='ltr'><strong>toria</strong></span> <span class='ocrx_word' id='word_1_544' title='bbox 2193 2833 2512 2890; x_wconf 88' lang='lat' dir='ltr'><strong>calliditate</strong></span> <span class='ocrx_word' id='word_1_545' title='bbox 2533 2838 2593 2890; x_wconf 89' lang='lat' dir='ltr'><strong>et</strong></span> <span class='ocrx_word' id='word_1_546' title='bbox 2621 2833 2864 2906; x_wconf 86' lang='lat' dir='ltr'><strong>poeticis</strong></span> <span class='ocrx_word' id='word_1_547' title='bbox 2910 2833 3123 2890; x_wconf 83' lang='lat' dir='ltr'><strong>fabulis</strong></span> <span class='ocrx_word' id='word_1_548' title='bbox 3171 2849 3348 2904; x_wconf 87' lang='lat' dir='ltr'><strong>quam</strong></span> <span class='ocrx_word' id='word_1_549' title='bbox 3397 2834 3662 2890; x_wconf 89' lang='lat' dir='ltr'><strong>remotis-</strong></span> 
     </span>
    </p>
   </div>
   <div class='ocr_carea' id='block_1_77' title="bbox 2015 2923 3662 2996">
    <p class='ocr_par' dir='ltr' id='par_1_77' title="bbox 2015 2923 3662 2996">
     <span class='ocr_line' id='line_1_77' title="bbox 2015 2923 3662 2996; baseline -0.002 -14"><span class='ocrx_word' id='word_1_550' title='bbox 2015 2925 2167 2982; x_wconf 90' lang='lat' dir='ltr'><strong>sima</strong></span> <span class='ocrx_word' id='word_1_551' title='bbox 2199 2925 2298 2996; x_wconf 90' lang='lat' dir='ltr'><strong>sit,</strong></span> <span class='ocrx_word' id='word_1_552' title='bbox 2329 2924 2500 2981; x_wconf 85' lang='lat' dir='ltr'><strong>etiam</strong></span> <span class='ocrx_word' id='word_1_553' title='bbox 2557 2941 2592 2981; x_wconf 88' lang='lat' dir='ltr'><strong>a</strong></span> <span class='ocrx_word' id='word_1_554' title='bbox 2654 2925 2844 2982; x_wconf 77' lang='lat' dir='ltr'><strong>forma</strong></span> <span class='ocrx_word' id='word_1_555' title='bbox 2891 2924 3120 2981; x_wconf 89' lang='lat' dir='ltr'><strong>dicendi</strong></span> <span class='ocrx_word' id='word_1_556' title='bbox 3167 2924 3241 2980; x_wconf 90' lang='lat' dir='ltr'><strong>iis</strong></span> <span class='ocrx_word' id='word_1_557' title='bbox 3289 2923 3662 2980; x_wconf 81' lang='lat' dir='ltr'><strong>facultatibus</strong></span> 
     </span>
    </p>
   </div>
   <div class='ocr_carea' id='block_1_78' title="bbox 2017 3013 3662 3088">
    <p class='ocr_par' dir='ltr' id='par_1_78' title="bbox 2017 3013 3662 3088">
     <span class='ocr_line' id='line_1_78' title="bbox 2017 3013 3662 3088; baseline -0.003 -16"><span class='ocrx_word' id='word_1_558' title='bbox 2017 3015 2252 3088; x_wconf 87' lang='lat' dir='ltr'><strong>propria</strong></span> <span class='ocrx_word' id='word_1_559' title='bbox 2281 3015 2576 3072; x_wconf 89' lang='lat' dir='ltr'><strong>abhorret.</strong></span> <span class='ocrx_word' id='word_1_560' title='bbox 2626 3015 2902 3080; x_wconf 80' lang='lat' dir='ltr'><strong>Quamvis</strong></span> <span class='ocrx_word' id='word_1_561' title='bbox 2959 3019 3154 3072; x_wconf 84' lang='lat' dir='ltr'><strong>autem</strong></span> <span class='ocrx_word' id='word_1_562' title='bbox 3198 3013 3453 3070; x_wconf 88' lang='lat' dir='ltr'><strong>multum</strong></span> <span class='ocrx_word' id='word_1_563' title='bbox 3482 3014 3662 3085; x_wconf 79' lang='lat' dir='ltr'><strong>gravi-</strong></span> 
     </span>
    </p>
   </div>
   <div class='ocr_carea' id='block_1_79' title="bbox 2018 3102 3662 3169">
    <p class='ocr_par' dir='ltr' id='par_1_79' title="bbox 2018 3102 3662 3169">
     <span class='ocr_line' id='line_1_79' title="bbox 2018 3102 3662 3169; baseline -0.002 -9"><span class='ocrx_word' id='word_1_564' title='bbox 2018 3103 2155 3160; x_wconf 87' lang='lat' dir='ltr'><strong>tatis</strong></span> <span class='ocrx_word' id='word_1_565' title='bbox 2199 3107 2258 3160; x_wconf 86' lang='lat' dir='ltr'><strong>et</strong></span> <span class='ocrx_word' id='word_1_566' title='bbox 2312 3102 2644 3160; x_wconf 82' lang='lat' dir='ltr'><strong>reverentiae</strong></span> <span class='ocrx_word' id='word_1_567' title='bbox 2695 3103 3001 3160; x_wconf 87' lang='lat' dir='ltr'><strong>historiam</strong></span> <span class='ocrx_word' id='word_1_568' title='bbox 3074 3103 3404 3169; x_wconf 90' lang='lat' dir='ltr'><strong>comitetur,</strong></span> <span class='ocrx_word' id='word_1_569' title='bbox 3464 3104 3662 3157; x_wconf 87' lang='lat' dir='ltr'><strong>tamen</strong></span> 
     </span>
    </p>
   </div>
   <div class='ocr_carea' id='block_1_80' title="bbox 2019 3190 3666 3266">
    <p class='ocr_par' dir='ltr' id='par_1_80' title="bbox 2019 3190 3666 3266">
     <span class='ocr_line' id='line_1_80' title="bbox 2019 3190 3666 3266; baseline -0.003 -17"><span class='ocrx_word' id='word_1_570' title='bbox 2019 3196 2160 3266; x_wconf 88' lang='lat' dir='ltr'><strong>quia</strong></span> <span class='ocrx_word' id='word_1_571' title='bbox 2177 3191 2262 3249; x_wconf 91' lang='lat' dir='ltr'><strong>vel</strong></span> <span class='ocrx_word' id='word_1_572' title='bbox 2293 3192 2623 3266; x_wconf 81' lang='lat' dir='ltr'><strong>opificibus,</strong></span> <span class='ocrx_word' id='word_1_573' title='bbox 2644 3193 2934 3249; x_wconf 90' lang='lat' dir='ltr'><strong>militibus</strong></span> <span class='ocrx_word' id='word_1_574' title='bbox 2972 3195 3029 3248; x_wconf 91' lang='lat' dir='ltr'><strong>et</strong></span> <span class='ocrx_word' id='word_1_575' title='bbox 3068 3190 3428 3249; x_wconf 90' lang='lat' dir='ltr'><strong>mulierculis</strong></span> <span class='ocrx_word' id='word_1_576' title='bbox 3462 3191 3666 3257; x_wconf 85' lang='lat' dir='ltr'><strong>etiam,</strong></span> 
     </span>
    </p>
   </div>
   <div class='ocr_carea' id='block_1_81' title="bbox 2017 3281 3664 3355">
    <p class='ocr_par' dir='ltr' id='par_1_81' title="bbox 2017 3281 3664 3355">
     <span class='ocr_line' id='line_1_81' title="bbox 2017 3281 3664 3355; baseline -0.002 -17"><span class='ocrx_word' id='word_1_577' title='bbox 2017 3288 2155 3340; x_wconf 89' lang='lat' dir='ltr'><strong>nota</strong></span> <span class='ocrx_word' id='word_1_578' title='bbox 2185 3299 2315 3339; x_wconf 89' lang='lat' dir='ltr'><strong>esse</strong></span> <span class='ocrx_word' id='word_1_579' title='bbox 2345 3283 2526 3355; x_wconf 90' lang='lat' dir='ltr'><strong>cupit,</strong></span> <span class='ocrx_word' id='word_1_580' title='bbox 2552 3281 2824 3338; x_wconf 76' lang='lat' dir='ltr'><strong>formulis</strong></span> <span class='ocrx_word' id='word_1_581' title='bbox 2845 3281 3299 3354; x_wconf 86' lang='lat' dir='ltr'><strong>elegantioribus</strong></span> <span class='ocrx_word' id='word_1_582' title='bbox 3321 3281 3664 3350; x_wconf 89' lang='lat' dir='ltr'><strong>delectatur,</strong></span> 
     </span>
    </p>
   </div>
   <div class='ocr_carea' id='block_1_82' title="bbox 2006 3369 3661 3444">
    <p class='ocr_par' dir='ltr' id='par_1_82' title="bbox 2006 3369 3661 3444">
     <span class='ocr_line' id='line_1_82' title="bbox 2006 3369 3661 3444; baseline -0.003 -15"><span class='ocrx_word' id='word_1_583' title='bbox 2006 3377 2344 3444; x_wconf 88' lang='lat' dir='ltr'><strong>vestemque</strong></span> <span class='ocrx_word' id='word_1_584' title='bbox 2361 3376 2521 3428; x_wconf 88' lang='lat' dir='ltr'><strong>amat</strong></span> <span class='ocrx_word' id='word_1_585' title='bbox 2544 3387 2661 3429; x_wconf 89' lang='lat' dir='ltr'><strong>non</strong></span> <span class='ocrx_word' id='word_1_586' title='bbox 2685 3386 2827 3428; x_wconf 89' lang='lat' dir='ltr'><strong>sane</strong></span> <span class='ocrx_word' id='word_1_587' title='bbox 2844 3371 3203 3428; x_wconf 81' lang='lat' dir='ltr'><strong>luxuriosam</strong></span> <span class='ocrx_word' id='word_1_588' title='bbox 3247 3376 3304 3426; x_wconf 89' lang='lat' dir='ltr'><strong>et</strong></span> <span class='ocrx_word' id='word_1_589' title='bbox 3351 3369 3661 3438; x_wconf 80' lang='lat' dir='ltr'><strong>exoticam,</strong></span> 
     </span>
    </p>
   </div>
   <div class='ocr_carea' id='block_1_83' title="bbox 2009 3459 3665 3532">
    <p class='ocr_par' dir='ltr' id='par_1_83' title="bbox 2009 3459 3665 3532">
     <span class='ocr_line' id='line_1_83' title="bbox 2009 3459 3665 3532; baseline -0.004 -14"><span class='ocrx_word' id='word_1_590' title='bbox 2009 3462 2110 3518; x_wconf 91' lang='lat' dir='ltr'><strong>sed</strong></span> <span class='ocrx_word' id='word_1_591' title='bbox 2144 3461 2475 3532; x_wconf 88' lang='lat' dir='ltr'><strong>simplicem</strong></span> <span class='ocrx_word' id='word_1_592' title='bbox 2505 3465 2562 3516; x_wconf 90' lang='lat' dir='ltr'><strong>et</strong></span> <span class='ocrx_word' id='word_1_593' title='bbox 2613 3461 2942 3516; x_wconf 90' lang='lat' dir='ltr'><strong>mundam:</strong></span> <span class='ocrx_word' id='word_1_594' title='bbox 2994 3476 3100 3516; x_wconf 89' lang='lat' dir='ltr'><strong>nec</strong></span> <span class='ocrx_word' id='word_1_595' title='bbox 3145 3459 3560 3531; x_wconf 87' lang='lat' dir='ltr'><strong>perspicuitate</strong></span> <span class='ocrx_word' id='word_1_596' title='bbox 3606 3460 3665 3513; x_wconf 91' lang='lat' dir='ltr'><strong>et</strong></span> 
     </span>
    </p>
   </div>
   <div class='ocr_carea' id='block_1_84' title="bbox 2009 3546 3662 3623">
    <p class='ocr_par' dir='ltr' id='par_1_84' title="bbox 2009 3546 3662 3623">
     <span class='ocr_line' id='line_1_84' title="bbox 2009 3546 3662 3623; baseline -0.002 -17"><span class='ocrx_word' id='word_1_597' title='bbox 2009 3551 2290 3608; x_wconf 89' lang='lat' dir='ltr'><strong>brevitate</strong></span> <span class='ocrx_word' id='word_1_598' title='bbox 2333 3549 2657 3623; x_wconf 88' lang='lat' dir='ltr'><strong>quidquam</strong></span> <span class='ocrx_word' id='word_1_599' title='bbox 2721 3549 2898 3605; x_wconf 91' lang='lat' dir='ltr'><strong>habet</strong></span> <span class='ocrx_word' id='word_1_600' title='bbox 2952 3548 3278 3619; x_wconf 88' lang='lat' dir='ltr'><strong>antiquius.</strong></span> <span class='ocrx_word' id='word_1_601' title='bbox 3311 3547 3540 3613; x_wconf 87' lang='lat' dir='ltr'><strong>Quibus</strong></span> <span class='ocrx_word' id='word_1_602' title='bbox 3589 3546 3662 3602; x_wconf 88' lang='lat' dir='ltr'><strong>de</strong></span> 
     </span>
    </p>
   </div>
   <div class='ocr_carea' id='block_1_85' title="bbox 2009 3635 3663 3709">
    <p class='ocr_par' dir='ltr' id='par_1_85' title="bbox 2009 3635 3663 3709">
     <span class='ocr_line' id='line_1_85' title="bbox 2009 3635 3663 3709; baseline -0.004 -14"><span class='ocrx_word' id='word_1_603' title='bbox 2009 3639 2198 3696; x_wconf 85' lang='lat' dir='ltr'><strong>causis</strong></span> <span class='ocrx_word' id='word_1_604' title='bbox 2242 3640 2473 3696; x_wconf 89' lang='lat' dir='ltr'><strong>veniam</strong></span> <span class='ocrx_word' id='word_1_605' title='bbox 2529 3657 2563 3695; x_wconf 91' lang='lat' dir='ltr'><strong>a</strong></span> <span class='ocrx_word' id='word_1_606' title='bbox 2609 3638 2925 3696; x_wconf 88' lang='lat' dir='ltr'><strong>lectoribus</strong></span> <span class='ocrx_word' id='word_1_607' title='bbox 2969 3638 3344 3709; x_wconf 89' lang='lat' dir='ltr'><strong>impetratam</strong></span> <span class='ocrx_word' id='word_1_608' title='bbox 3396 3637 3435 3690; x_wconf 77' lang='grc' dir='ltr'><strong>’τ</strong></span> <span class='ocrx_word' id='word_1_609' title='bbox 3487 3635 3663 3706; x_wconf 87' lang='lat' dir='ltr'><strong>cupi-</strong></span> 
     </span>
    </p>
   </div>
   <div class='ocr_carea' id='block_1_86' title="bbox 2011 3724 3662 3801">
    <p class='ocr_par' dir='ltr' id='par_1_86' title="bbox 2011 3724 3662 3801">
     <span class='ocr_line' id='line_1_86' title="bbox 2011 3724 3662 3801; baseline -0.003 -16"><span class='ocrx_word' id='word_1_610' title='bbox 2011 3746 2168 3796; x_wconf 90' lang='lat' dir='ltr'><strong>mus,</strong></span> <span class='ocrx_word' id='word_1_611' title='bbox 2216 3729 2266 3785; x_wconf 81' lang='lat' dir='ltr'><strong>si</strong></span> <span class='ocrx_word' id='word_1_612' title='bbox 2313 3728 2373 3784; x_wconf 92' lang='lat' dir='ltr'><strong>in</strong></span> <span class='ocrx_word' id='word_1_613' title='bbox 2422 3745 2594 3801; x_wconf 89' lang='lat' dir='ltr'><strong>opere</strong></span> <span class='ocrx_word' id='word_1_614' title='bbox 2668 3733 2868 3784; x_wconf 87' lang='lat' dir='ltr'><strong>nostro</strong></span> <span class='ocrx_word' id='word_1_615' title='bbox 2943 3733 3182 3783; x_wconf 88' lang='lat' dir='ltr'><strong>ornatus</strong></span> <span class='ocrx_word' id='word_1_616' title='bbox 3213 3724 3662 3792; x_wconf 88' lang='lat' dir='ltr'><strong>desiderabitur,</strong></span> 
     </span>
    </p>
   </div>
   <div class='ocr_carea' id='block_1_87' title="bbox 2012 3812 3661 3892">
    <p class='ocr_par' dir='ltr' id='par_1_87' title="bbox 2012 3812 3661 3892">
     <span class='ocr_line' id='line_1_87' title="bbox 2012 3812 3661 3892; baseline -0.004 -18"><span class='ocrx_word' id='word_1_617' title='bbox 2012 3819 2335 3892; x_wconf 57' lang='lat' dir='ltr'><strong>praesertim</strong></span> <span class='ocrx_word' id='word_1_618' title='bbox 2367 3834 2495 3874; x_wconf 91' lang='lat' dir='ltr'><strong>cum</strong></span> <span class='ocrx_word' id='word_1_619' title='bbox 2529 3821 2939 3889; x_wconf 88' lang='lat' dir='ltr'><strong>argumentum</strong></span> <span class='ocrx_word' id='word_1_620' title='bbox 2998 3815 3107 3871; x_wconf 90' lang='lat' dir='ltr'><strong>hoc</strong></span> <span class='ocrx_word' id='word_1_621' title='bbox 3163 3831 3279 3870; x_wconf 90' lang='lat' dir='ltr'><strong>non</strong></span> <span class='ocrx_word' id='word_1_622' title='bbox 3328 3812 3585 3886; x_wconf 90' lang='lat' dir='ltr'><strong>primum</strong></span> <span class='ocrx_word' id='word_1_623' title='bbox 3627 3829 3661 3868; x_wconf 93' lang='lat' dir='ltr'><strong>a</strong></span> 
     </span>
    </p>
   </div>
   <div class='ocr_carea' id='block_1_88' title="bbox 2013 3903 3664 3978">
    <p class='ocr_par' dir='ltr' id='par_1_88' title="bbox 2013 3903 3664 3978">
     <span class='ocr_line' id='line_1_88' title="bbox 2013 3903 3664 3978; baseline -0.003 -14"><span class='ocrx_word' id='word_1_624' title='bbox 2013 3909 2182 3965; x_wconf 90' lang='lat' dir='ltr'><strong>nobis</strong></span> <span class='ocrx_word' id='word_1_625' title='bbox 2202 3912 2501 3963; x_wconf 88' lang='lat' dir='ltr'><strong>tractetur.</strong></span> <span class='ocrx_word' id='word_1_626' title='bbox 2552 3908 2715 3974; x_wconf 87' lang='lat' dir='ltr'><strong>Quod</strong></span> <span class='ocrx_word' id='word_1_627' title='bbox 2772 3906 3014 3978; x_wconf 89' lang='lat' dir='ltr'><strong>perinde</strong></span> <span class='ocrx_word' id='word_1_628' title='bbox 3062 3913 3147 3960; x_wconf 85' lang='lat' dir='ltr'><strong>est</strong></span> <span class='ocrx_word' id='word_1_629' title='bbox 3195 3921 3262 3959; x_wconf 87' lang='lat' dir='ltr'><strong>ac</strong></span> <span class='ocrx_word' id='word_1_630' title='bbox 3296 3904 3346 3959; x_wconf 92' lang='lat' dir='ltr'><strong>si</strong></span> <span class='ocrx_word' id='word_1_631' title='bbox 3375 3903 3526 3958; x_wconf 88' lang='lat' dir='ltr'><strong>viam</strong></span> <span class='ocrx_word' id='word_1_632' title='bbox 3562 3905 3664 3959; x_wconf 79' lang='lat' dir='ltr'><strong>de-</strong></span> 
     </span>
    </p>
   </div>
   <div class='ocr_carea' id='block_1_89' title="bbox 2013 3991 3664 4066">
    <p class='ocr_par' dir='ltr' id='par_1_89' title="bbox 2013 3991 3664 4066">
     <span class='ocr_line' id='line_1_89' title="bbox 2013 3991 3664 4066; baseline -0.004 -13"><span class='ocrx_word' id='word_1_633' title='bbox 2013 4001 2230 4054; x_wconf 88' lang='lat' dir='ltr'><strong>sertam</strong></span> <span class='ocrx_word' id='word_1_634' title='bbox 2265 4013 2331 4053; x_wconf 90' lang='lat' dir='ltr'><strong>ac</strong></span> <span class='ocrx_word' id='word_1_635' title='bbox 2357 3995 2597 4052; x_wconf 86' lang='lat' dir='ltr'><strong>minime</strong></span> <span class='ocrx_word' id='word_1_636' title='bbox 2627 3995 2824 4052; x_wconf 88' lang='lat' dir='ltr'><strong>tritam</strong></span> <span class='ocrx_word' id='word_1_637' title='bbox 2870 3995 3348 4066; x_wconf 89' lang='lat' dir='ltr'><strong>ingrederemur;</strong></span> <span class='ocrx_word' id='word_1_638' title='bbox 3399 3996 3455 4046; x_wconf 89' lang='lat' dir='ltr'><strong>et</strong></span> <span class='ocrx_word' id='word_1_639' title='bbox 3491 3991 3664 4064; x_wconf 90' lang='lat' dir='ltr'><strong>longe</strong></span> 
     </span>
    </p>
   </div>
   <div class='ocr_carea' id='block_1_90' title="bbox 2013 4081 3668 4157">
    <p class='ocr_par' dir='ltr' id='par_1_90' title="bbox 2013 4081 3668 4157">
     <span class='ocr_line' id='line_1_90' title="bbox 2013 4081 3668 4157; baseline -0.004 -14"><span class='ocrx_word' id='word_1_640' title='bbox 2013 4085 2314 4143; x_wconf 84' lang='lat' dir='ltr'><strong>difﬁcilius</strong></span> <span class='ocrx_word' id='word_1_641' title='bbox 2345 4101 2523 4157; x_wconf 84' lang='lat' dir='ltr'><strong>quam</strong></span> <span class='ocrx_word' id='word_1_642' title='bbox 2570 4083 2815 4140; x_wconf 89' lang='lat' dir='ltr'><strong>aliorum</strong></span> <span class='ocrx_word' id='word_1_643' title='bbox 2860 4083 3108 4154; x_wconf 85' lang='lat' dir='ltr'><strong>vestigia</strong></span> <span class='ocrx_word' id='word_1_644' title='bbox 3167 4081 3437 4154; x_wconf 89' lang='lat' dir='ltr'><strong>persequi</strong></span> <span class='ocrx_word' id='word_1_645' title='bbox 3472 4083 3528 4136; x_wconf 90' lang='lat' dir='ltr'><strong>et</strong></span> <span class='ocrx_word' id='word_1_646' title='bbox 3573 4081 3668 4136; x_wconf 88' lang='lat' dir='ltr'><strong>via</strong></span> 
     </span>
    </p>
   </div>
   <div class='ocr_carea' id='block_1_91' title="bbox 2016 4166 3668 4248">
    <p class='ocr_par' dir='ltr' id='par_1_91' title="bbox 2016 4166 3668 4248">
     <span class='ocr_line' id='line_1_91' title="bbox 2016 4166 3668 4248; baseline -0.005 -16"><span class='ocrx_word' id='word_1_647' title='bbox 2016 4176 2167 4248; x_wconf 89' lang='lat' dir='ltr'><strong>regia</strong></span> <span class='ocrx_word' id='word_1_648' title='bbox 2199 4175 2487 4231; x_wconf 84' lang='lat' dir='ltr'><strong>incedere.</strong></span> <span class='ocrx_word' id='word_1_649' title='bbox 2539 4171 2906 4244; x_wconf 78' lang='lat' dir='ltr'><strong>Auspicabor</strong></span> <span class='ocrx_word' id='word_1_650' title='bbox 2979 4174 3175 4227; x_wconf 84' lang='lat' dir='ltr'><strong>autem</strong></span> <span class='ocrx_word' id='word_1_651' title='bbox 3225 4170 3297 4225; x_wconf 89' lang='lat' dir='ltr'><strong>ab</strong></span> <span class='ocrx_word' id='word_1_652' title='bbox 3374 4167 3444 4223; x_wconf 89' lang='lat' dir='ltr'><strong>iis</strong></span> <span class='ocrx_word' id='word_1_653' title='bbox 3491 4166 3668 4224; x_wconf 87' lang='lat' dir='ltr'><strong>rebus</strong></span> 
     </span>
    </p>
   </div>
   <div class='ocr_carea' id='block_1_92' title="bbox 2016 4257 3669 4338">
    <p class='ocr_par' dir='ltr' id='par_1_92' title="bbox 2016 4257 3669 4338">
     <span class='ocr_line' id='line_1_92' title="bbox 2016 4257 3669 4338; baseline -0.005 -17"><span class='ocrx_word' id='word_1_654' title='bbox 2016 4283 2139 4338; x_wconf 70' lang='lat' dir='ltr'><strong>quas</strong></span> <span class='ocrx_word' id='word_1_655' title='bbox 2215 4269 2347 4337; x_wconf 88' lang='lat' dir='ltr'><strong>post</strong></span> <span class='ocrx_word' id='word_1_656' title='bbox 2401 4261 2587 4319; x_wconf 83' lang='lat' dir='ltr'><strong>Alexii</strong></span> <span class='ocrx_word' id='word_1_657' title='bbox 2664 4260 2837 4333; x_wconf 89' lang='lat' dir='ltr'><strong>primi</strong></span> <span class='ocrx_word' id='word_1_658' title='bbox 2912 4275 2982 4315; x_wconf 86' lang='lat' dir='ltr'><strong>ex</strong></span> <span class='ocrx_word' id='word_1_659' title='bbox 3055 4259 3372 4316; x_wconf 90' lang='lat' dir='ltr'><strong>Comnenia</strong></span> <span class='ocrx_word' id='word_1_660' title='bbox 3447 4257 3669 4313; x_wconf 84' lang='lat' dir='ltr'><strong>familia</strong></span> 
     </span>
    </p>
   </div>
   <div class='ocr_carea' id='block_1_93' title="bbox 2015 4346 3669 4428">
    <p class='ocr_par' dir='ltr' id='par_1_93' title="bbox 2015 4346 3669 4428">
     <span class='ocr_line' id='line_1_93' title="bbox 2015 4346 3669 4428; baseline -0.004 -17"><span class='ocrx_word' id='word_1_661' title='bbox 2015 4354 2388 4428; x_wconf 90' lang='lat' dir='ltr'><strong>imperatoris</strong></span> <span class='ocrx_word' id='word_1_662' title='bbox 2416 4353 2638 4409; x_wconf 87' lang='lat' dir='ltr'><strong>obitum</strong></span> <span class='ocrx_word' id='word_1_663' title='bbox 2666 4349 3026 4416; x_wconf 87' lang='lat' dir='ltr'><strong>acciderunt,</strong></span> <span class='ocrx_word' id='word_1_664' title='bbox 3058 4349 3216 4404; x_wconf 86' lang='lat' dir='ltr'><strong>ultra</strong></span> <span class='ocrx_word' id='word_1_665' title='bbox 3245 4364 3371 4420; x_wconf 83' lang='lat' dir='ltr'><strong>quae</strong></span> <span class='ocrx_word' id='word_1_666' title='bbox 3404 4346 3669 4420; x_wconf 88' lang='lat' dir='ltr'><strong>superio-</strong></span> 
     </span>
    </p>
   </div>
   <div class='ocr_carea' id='block_1_94' title="bbox 2019 4437 3668 4512">
    <p class='ocr_par' dir='ltr' id='par_1_94' title="bbox 2019 4437 3668 4512">
     <span class='ocr_line' id='line_1_94' title="bbox 2019 4437 3668 4512; baseline -0.005 -11"><span class='ocrx_word' id='word_1_667' title='bbox 2019 4447 2100 4501; x_wconf 89' lang='lat' dir='ltr'><strong>ris</strong></span> <span class='ocrx_word' id='word_1_668' title='bbox 2129 4444 2314 4501; x_wconf 72' lang='lat' dir='ltr'><strong>aetatis</strong></span> <span class='ocrx_word' id='word_1_669' title='bbox 2339 4441 2603 4499; x_wconf 84' lang='lat' dir='ltr'><strong>historici</strong></span> <span class='ocrx_word' id='word_1_670' title='bbox 2635 4456 2750 4498; x_wconf 87' lang='lat' dir='ltr'><strong>non</strong></span> <span class='ocrx_word' id='word_1_671' title='bbox 2802 4443 2942 4497; x_wconf 87' lang='lat' dir='ltr'><strong>sunt</strong></span> <span class='ocrx_word' id='word_1_672' title='bbox 2987 4437 3298 4512; x_wconf 87' lang='lat' dir='ltr'><strong>progressi,</strong></span> <span class='ocrx_word' id='word_1_673' title='bbox 3332 4442 3398 4493; x_wconf 88' lang='lat' dir='ltr'><strong>ut</strong></span> <span class='ocrx_word' id='word_1_674' title='bbox 3448 4453 3516 4493; x_wconf 91' lang='lat' dir='ltr'><strong>ea</strong></span> <span class='ocrx_word' id='word_1_675' title='bbox 3542 4453 3668 4509; x_wconf 69' lang='lat' dir='ltr'><strong>quin</strong></span> 
     </span>
    </p>
   </div>
   <div class='ocr_carea' id='block_1_95' title="bbox 2021 4526 3672 4602">
    <p class='ocr_par' dir='ltr' id='par_1_95' title="bbox 2021 4526 3672 4602">
     <span class='ocr_line' id='line_1_95' title="bbox 2021 4526 3672 4602; baseline -0.004 -12"><span class='ocrx_word' id='word_1_676' title='bbox 2021 4551 2054 4590; x_wconf 91' lang='lat' dir='ltr'><strong>a</strong></span> <span class='ocrx_word' id='word_1_677' title='bbox 2086 4533 2256 4591; x_wconf 89' lang='lat' dir='ltr'><strong>nobis</strong></span> <span class='ocrx_word' id='word_1_678' title='bbox 2305 4531 2592 4602; x_wconf 88' lang='lat' dir='ltr'><strong>dicentur,</strong></span> <span class='ocrx_word' id='word_1_679' title='bbox 2651 4546 2785 4586; x_wconf 89' lang='lat' dir='ltr'><strong>cum</strong></span> <span class='ocrx_word' id='word_1_680' title='bbox 2834 4529 3070 4584; x_wconf 91' lang='lat' dir='ltr'><strong>illorum</strong></span> <span class='ocrx_word' id='word_1_681' title='bbox 3120 4527 3296 4584; x_wconf 88' lang='lat' dir='ltr'><strong>dictis</strong></span> <span class='ocrx_word' id='word_1_682' title='bbox 3340 4526 3672 4584; x_wconf 68' lang='lat' dir='ltr'><strong>cohaereant</strong></span> 
     </span>
    </p>
   </div>
   <div class='ocr_carea' id='block_1_96' title="bbox 238 4610 1900 4701">
    <p class='ocr_par' dir='ltr' id='par_1_96' title="bbox 238 4610 1900 4701">
     <span class='ocr_line' id='line_1_96' title="bbox 238 4610 1900 4701; baseline -0.002 -20"><span class='ocrx_word' id='word_1_683' title='bbox 238 4646 344 4698; x_wconf 81' lang='grc' dir='ltr'><strong>μον</strong></span> <span class='ocrx_word' id='word_1_684' title='bbox 414 4622 979 4701; x_wconf 74' lang='grc' dir='ltr'>ἐπιτροχασθήσεται·</span> <span class='ocrx_word' id='word_1_685' title='bbox 1071 4623 1099 4678; x_wconf 82' lang='grc' dir='ltr'>ὁ</span> <span class='ocrx_word' id='word_1_686' title='bbox 1167 4610 1230 4678; x_wconf 62' lang='grc' dir='ltr'>δέ</span> <span class='ocrx_word' id='word_1_687' title='bbox 1291 4621 1457 4697; x_wconf 91' lang='grc' dir='ltr'>λόγος</span> <span class='ocrx_word' id='word_1_688' title='bbox 1543 4622 1900 4700; x_wconf 71' lang='grc' dir='ltr'>εὐγνωμονῶν</span> 
     </span>
    </p>
   </div>
   <div class='ocr_carea' id='block_1_97' title="bbox 2011 4610 3667 4701">
    <p class='ocr_par' dir='ltr' id='par_1_97' title="bbox 2017 4615 3667 4691">
     <span class='ocr_line' id='line_1_97' title="bbox 2017 4615 3667 4691; baseline -0.005 -12"><span class='ocrx_word' id='word_1_689' title='bbox 2017 4626 2198 4679; x_wconf 87' lang='lat' dir='ltr'><strong>instar</strong></span> <span class='ocrx_word' id='word_1_690' title='bbox 2243 4621 2419 4678; x_wconf 85' lang='lat' dir='ltr'><strong>fontis</strong></span> <span class='ocrx_word' id='word_1_691' title='bbox 2474 4620 2650 4676; x_wconf 88' lang='lat' dir='ltr'><strong>unius</strong></span> <span class='ocrx_word' id='word_1_692' title='bbox 2709 4619 2770 4675; x_wconf 90' lang='lat' dir='ltr'><strong>in</strong></span> <span class='ocrx_word' id='word_1_693' title='bbox 2840 4617 3040 4691; x_wconf 87' lang='lat' dir='ltr'><strong>plures</strong></span> <span class='ocrx_word' id='word_1_694' title='bbox 3085 4615 3321 4674; x_wconf 88' lang='lat' dir='ltr'><strong>canales</strong></span> <span class='ocrx_word' id='word_1_695' title='bbox 3369 4615 3667 4672; x_wconf 88' lang='lat' dir='ltr'><strong>distributi</strong></span> 
     </span>
    </p>
   </div>
   <div class='ocr_carea' id='block_1_98' title="bbox 233 4711 1901 4789">
    <p class='ocr_par' dir='ltr' id='par_1_98' title="bbox 233 4711 1901 4789">
     <span class='ocr_line' id='line_1_98' title="bbox 233 4711 1901 4789; baseline -0.002 -19"><span class='ocrx_word' id='word_1_696' title='bbox 233 4715 570 4789; x_wconf 86' lang='grc' dir='ltr'>συγγνώμην</span> <span class='ocrx_word' id='word_1_697' title='bbox 629 4711 860 4768; x_wconf 72' lang='grc' dir='ltr'>αἷτεῖται</span> <span class='ocrx_word' id='word_1_698' title='bbox 918 4713 1044 4789; x_wconf 86' lang='grc' dir='ltr'>παρ’</span> <span class='ocrx_word' id='word_1_699' title='bbox 1103 4713 1184 4777; x_wconf 79' lang='grc' dir='ltr'>οἷς</span> <span class='ocrx_word' id='word_1_700' title='bbox 1238 4711 1314 4777; x_wconf 76' lang='grc' dir='ltr'><strong>εἰς</strong></span> <span class='ocrx_word' id='word_1_701' title='bbox 1373 4717 1563 4788; x_wconf 84' lang='grc' dir='ltr'>χεῖρας</span> <span class='ocrx_word' id='word_1_702' title='bbox 1637 4716 1901 4785; x_wconf 85' lang='grc' dir='ltr'>πεσεῖται,</span> 
     </span>
    </p>
   </div>
   <div class='ocr_carea' id='block_1_99' title="bbox 233 4797 1902 4881">
    <p class='ocr_par' dir='ltr' id='par_1_99' title="bbox 233 4797 1902 4881">
     <span class='ocr_line' id='line_1_99' title="bbox 233 4797 1902 4881; baseline -0.001 -23"><span class='ocrx_word' id='word_1_703' title='bbox 233 4804 282 4858; x_wconf 77' lang='grc' dir='ltr'>εἷ</span> <span class='ocrx_word' id='word_1_704' title='bbox 317 4806 396 4877; x_wconf 80' lang='grc' dir='ltr'>μὴ</span> <span class='ocrx_word' id='word_1_705' title='bbox 449 4802 797 4881; x_wconf 76' lang='grc' dir='ltr'>φιλοτίμως,</span> <span class='ocrx_word' id='word_1_706' title='bbox 831 4799 900 4857; x_wconf 88' lang='grc' dir='ltr'><strong>δι’</strong></span> <span class='ocrx_word' id='word_1_707' title='bbox 941 4801 975 4857; x_wconf 74' lang='grc' dir='ltr'>ἃ</span> <span class='ocrx_word' id='word_1_708' title='bbox 1017 4800 1251 4878; x_wconf 80' lang='grc' dir='ltr'>εἷ’ρηται,</span> <span class='ocrx_word' id='word_1_709' title='bbox 1300 4801 1391 4858; x_wconf 80' lang='grc' dir='ltr'><strong>καὶ</strong></span> <span class='ocrx_word' id='word_1_710' title='bbox 1441 4797 1623 4879; x_wconf 82' lang='grc' dir='ltr'>ἁϐρῶς</span> <span class='ocrx_word' id='word_1_711' title='bbox 1675 4799 1902 4858; x_wconf 78' lang='grc' dir='ltr'>ἐκπεπό-</span> 
     </span>
    </p>
   </div>
   <div class='ocr_carea' id='block_1_100' title="bbox 232 4890 1901 4970">
    <p class='ocr_par' dir='ltr' id='par_1_100' title="bbox 232 4890 1901 4970">
     <span class='ocr_line' id='line_1_100' title="bbox 232 4890 1901 4970; baseline 0.002 -24"><span class='ocrx_word' id='word_1_712' title='bbox 232 4914 419 4965; x_wconf 86' lang='grc' dir='ltr'>νηται,</span> <span class='ocrx_word' id='word_1_713' title='bbox 457 4892 580 4950; x_wconf 78' lang='grc' dir='ltr'>ἐπεὶ</span> <span class='ocrx_word' id='word_1_714' title='bbox 612 4893 704 4948; x_wconf 85' lang='grc' dir='ltr'>καὶ</span> <span class='ocrx_word' id='word_1_715' title='bbox 747 4890 937 4957; x_wconf 82' lang='grc' dir='ltr'>ἄλλως</span> <span class='ocrx_word' id='word_1_716' title='bbox 986 4896 1080 4951; x_wconf 73' lang='grc' dir='ltr'><strong>νῦν</strong></span> <span class='ocrx_word' id='word_1_717' title='bbox 1132 4893 1369 4970; x_wconf 85' lang='grc' dir='ltr'>πρώτως</span> <span class='ocrx_word' id='word_1_718' title='bbox 1405 4895 1572 4969; x_wconf 81' lang='grc' dir='ltr'>ἡμεῖς</span> <span class='ocrx_word' id='word_1_719' title='bbox 1615 4899 1718 4965; x_wconf 83' lang='grc' dir='ltr'><strong>τῆς</strong></span> <span class='ocrx_word' id='word_1_720' title='bbox 1764 4893 1901 4950; x_wconf 86' lang='grc' dir='ltr'>ὑπο-</span> 
     </span>
    </p>
   </div>
   <div class='ocr_carea' id='block_1_101' title="bbox 2015 4705 3664 4781">
    <p class='ocr_par' dir='ltr' id='par_1_101' title="bbox 2015 4705 3664 4781">
     <span class='ocr_line' id='line_1_101' title="bbox 2015 4705 3664 4781; baseline -0.006 -11"><span class='ocrx_word' id='word_1_721' title='bbox 2015 4719 2114 4770; x_wconf 85' lang='lat' dir='ltr'><strong>aut</strong></span> <span class='ocrx_word' id='word_1_722' title='bbox 2142 4711 2497 4768; x_wconf 89' lang='lat' dir='ltr'><strong>annulorum</strong></span> <span class='ocrx_word' id='word_1_723' title='bbox 2525 4709 2700 4781; x_wconf 88' lang='lat' dir='ltr'><strong>longa</strong></span> <span class='ocrx_word' id='word_1_724' title='bbox 2730 4708 2878 4765; x_wconf 86' lang='lat' dir='ltr'><strong>serie</strong></span> <span class='ocrx_word' id='word_1_725' title='bbox 2900 4708 3050 4764; x_wconf 90' lang='lat' dir='ltr'><strong>inter</strong></span> <span class='ocrx_word' id='word_1_726' title='bbox 3071 4723 3200 4765; x_wconf 91' lang='lat' dir='ltr'><strong>sese</strong></span> <span class='ocrx_word' id='word_1_727' title='bbox 3223 4705 3664 4764; x_wconf 76' lang='lat' dir='ltr'><strong>cohaerentium.</strong></span> 
     </span>
    </p>
   </div>
   <div class='ocr_carea' id='block_1_102' title="bbox 2011 4795 3671 4874">
    <p class='ocr_par' dir='ltr' id='par_1_102' title="bbox 2011 4795 3671 4874">
     <span class='ocr_line' id='line_1_102' title="bbox 2011 4795 3671 4874; baseline -0.007 -14"><span class='ocrx_word' id='word_1_728' title='bbox 2011 4805 2092 4860; x_wconf 88' lang='lat' dir='ltr'><strong>Ac</strong></span> <span class='ocrx_word' id='word_1_729' title='bbox 2121 4800 2365 4874; x_wconf 85' lang='lat' dir='ltr'><strong>Jopnnis</strong></span> <span class='ocrx_word' id='word_1_730' title='bbox 2394 4798 2768 4873; x_wconf 88' lang='lat' dir='ltr'><strong>imperatoris</strong></span> <span class='ocrx_word' id='word_1_731' title='bbox 2809 4797 3012 4870; x_wconf 88' lang='lat' dir='ltr'><strong>vitam,</strong></span> <span class='ocrx_word' id='word_1_732' title='bbox 3065 4797 3167 4870; x_wconf 88' lang='lat' dir='ltr'><strong>qui</strong></span> <span class='ocrx_word' id='word_1_733' title='bbox 3216 4795 3495 4854; x_wconf 88' lang='lat' dir='ltr'><strong>successit</strong></span> <span class='ocrx_word' id='word_1_734' title='bbox 3543 4795 3671 4850; x_wconf 83' lang='lat' dir='ltr'><strong>Alo-</strong></span> 
     </span>
    </p>
   </div>
   <div class='ocr_carea' id='block_1_103' title="bbox 2011 4891 3667 4965">
    <p class='ocr_par' dir='ltr' id='par_1_103' title="bbox 2011 4891 3667 4965">
     <span class='ocr_line' id='line_1_103' title="bbox 2011 4891 3667 4965; baseline -0.007 -15"><span class='ocrx_word' id='word_1_735' title='bbox 2011 4893 2128 4965; x_wconf 89' lang='lat' dir='ltr'><strong>xio,</strong></span> <span class='ocrx_word' id='word_1_736' title='bbox 2160 4893 2412 4950; x_wconf 85' lang='lat' dir='ltr'><strong>breviter</strong></span> <span class='ocrx_word' id='word_1_737' title='bbox 2434 4891 2897 4965; x_wconf 89' lang='lat' dir='ltr'><strong>perstringemus</strong></span> <span class='ocrx_word' id='word_1_738' title='bbox 2927 4908 2942 4960; x_wconf 86' lang='lat'><strong>;</strong></span> <span class='ocrx_word' id='word_1_739' title='bbox 2993 4902 3184 4960; x_wconf 89' lang='lat' dir='ltr'><strong>neque</strong></span> <span class='ocrx_word' id='word_1_740' title='bbox 3244 4902 3442 4945; x_wconf 88' lang='lat' dir='ltr'><strong>earum</strong></span> <span class='ocrx_word' id='word_1_741' title='bbox 3473 4900 3667 4940; x_wconf 87' lang='lat' dir='ltr'><strong>rerum</strong></span> 
     </span>
    </p>
   </div>
   <div class='ocr_carea' id='block_1_104' title="bbox 1627 5134 2300 5198">
    <p class='ocr_par' dir='ltr' id='par_1_104' title="bbox 1627 5134 2300 5198">
     <span class='ocr_line' id='line_1_104' title="bbox 1627 5134 2300 5198; baseline -0.006 0"><span class='ocrx_word' id='word_1_742' title='bbox 1627 5135 1800 5198; x_wconf 87' lang='lat' dir='ltr'><strong>Hier.</strong></span> <span class='ocrx_word' id='word_1_743' title='bbox 1849 5134 2064 5197; x_wconf 85' lang='lat' dir='ltr'><strong>Wolﬁi</strong></span> <span class='ocrx_word' id='word_1_744' title='bbox 2108 5138 2300 5197; x_wconf 73' lang='lat' dir='ltr'><strong>notae.</strong></span> 
     </span>
    </p>
   </div>
   <div class='ocr_carea' id='block_1_105' title="bbox 316 5381 1902 5457">
    <p class='ocr_par' dir='ltr' id='par_1_105' title="bbox 316 5381 1902 5457">
     <span class='ocr_line' id='line_1_105' title="bbox 316 5381 1902 5457; baseline -0.003 -16"><span class='ocrx_word' id='word_1_745' title='bbox 316 5385 382 5456; x_wconf 72' lang='grc'>(4)</span> <span class='ocrx_word' id='word_1_746' title='bbox 413 5381 800 5457; x_wconf 76' lang='grc' dir='ltr'>Τρικόρωνοι.</span> <span class='ocrx_word' id='word_1_747' title='bbox 834 5382 940 5447; x_wconf 91' lang='lat' dir='ltr'><strong>Qui</strong></span> <span class='ocrx_word' id='word_1_748' title='bbox 971 5382 1149 5457; x_wconf 77' lang='lat' dir='ltr'><strong>trium</strong></span> <span class='ocrx_word' id='word_1_749' title='bbox 1201 5382 1499 5440; x_wconf 89' lang='lat' dir='ltr'><strong>cornicum</strong></span> <span class='ocrx_word' id='word_1_750' title='bbox 1535 5382 1902 5457; x_wconf 68' lang='lat' dir='ltr'><strong>_aatatem__vi-</strong></span> 
     </span>
    </p>
   </div>
   <div class='ocr_carea' id='block_1_106' title="bbox 237 5454 1906 5527">
    <p class='ocr_par' dir='ltr' id='par_1_106' title="bbox 237 5454 1906 5527">
     <span class='ocr_line' id='line_1_106' title="bbox 237 5454 1906 5527; baseline 0.001 -19"><span class='ocrx_word' id='word_1_751' title='bbox 237 5454 475 5513; x_wconf 56' lang='lat' dir='ltr'><strong>xerunt.</strong></span> <span class='ocrx_word' id='word_1_752' title='bbox 502 5457 543 5511; x_wconf 93' lang='lat' dir='ltr'><strong>i.</strong></span> <span class='ocrx_word' id='word_1_753' title='bbox 574 5454 628 5511; x_wconf 69' lang='lat' dir='ltr'><strong>e.</strong></span> <span class='ocrx_word' id='word_1_754' title='bbox 664 5455 772 5509; x_wconf 92' lang='lat'>300</span> <span class='ocrx_word' id='word_1_755' title='bbox 803 5471 1010 5511; x_wconf 88' lang='lat' dir='ltr'><strong>annos.</strong></span> <span class='ocrx_word' id='word_1_756' title='bbox 1059 5455 1270 5511; x_wconf 85' lang='lat' dir='ltr'><strong>Notum</strong></span> <span class='ocrx_word' id='word_1_757' title='bbox 1310 5460 1400 5511; x_wconf 88' lang='lat' dir='ltr'><strong>est</strong></span> <span class='ocrx_word' id='word_1_758' title='bbox 1449 5455 1588 5527; x_wconf 91' lang='lat' dir='ltr'><strong>quid</strong></span> <span class='ocrx_word' id='word_1_759' title='bbox 1623 5454 1906 5527; x_wconf 83' lang='lat' dir='ltr'><strong>Virgilius</strong></span> 
     </span>
    </p>
   </div>
   <div class='ocr_carea' id='block_1_107' title="bbox 239 5527 1904 5597">
    <p class='ocr_par' dir='ltr' id='par_1_107' title="bbox 239 5527 1904 5597">
     <span class='ocr_line' id='line_1_107' title="bbox 239 5527 1904 5597; baseline 0.001 -18"><span class='ocrx_word' id='word_1_760' title='bbox 239 5543 312 5580; x_wconf 74' lang='lat' dir='ltr'><strong>ex</strong></span> <span class='ocrx_word' id='word_1_761' title='bbox 341 5527 578 5584; x_wconf 86' lang='lat' dir='ltr'><strong>Hesiodi</strong></span> <span class='ocrx_word' id='word_1_762' title='bbox 615 5527 993 5597; x_wconf 36' lang='lat' dir='ltr'><strong>auctoritate.</strong></span> <span class='ocrx_word' id='word_1_763' title='bbox 1019 5527 1090 5582; x_wconf 91' lang='lat' dir='ltr'><strong>de</strong></span> <span class='ocrx_word' id='word_1_764' title='bbox 1141 5528 1392 5583; x_wconf 89' lang='lat' dir='ltr'><strong>cornicis</strong></span> <span class='ocrx_word' id='word_1_765' title='bbox 1440 5544 1557 5583; x_wconf 66' lang='lat' dir='ltr'><strong>aevo</strong></span> <span class='ocrx_word' id='word_1_766' title='bbox 1594 5527 1904 5596; x_wconf 81' lang='lat' dir='ltr'><strong>fabuletur,</strong></span> 
     </span>
    </p>
   </div>
   <div class='ocr_carea' id='block_1_108' title="bbox 241 5599 682 5656">
    <p class='ocr_par' dir='ltr' id='par_1_108' title="bbox 241 5599 682 5656">
     <span class='ocr_line' id='line_1_108' title="bbox 241 5599 682 5656; baseline 0 -3"><span class='ocrx_word' id='word_1_767' title='bbox 241 5600 340 5653; x_wconf 87' lang='lat' dir='ltr'><strong>his</strong></span> <span class='ocrx_word' id='word_1_768' title='bbox 364 5599 641 5656; x_wconf 85' lang='lat' dir='ltr'><strong>versibus</strong></span> <span class='ocrx_word' id='word_1_769' title='bbox 667 5615 682 5654; x_wconf 88' lang='lat'>:</span> 
     </span>
    </p>
   </div>
   <div class='ocr_carea' id='block_1_109' title="bbox 318 5687 1754 5759">
    <p class='ocr_par' dir='ltr' id='par_1_109' title="bbox 318 5687 1754 5759">
     <span class='ocr_line' id='line_1_109' title="bbox 318 5687 1754 5759; baseline 0.002 -18"><span class='ocrx_word' id='word_1_770' title='bbox 318 5687 407 5743; x_wconf 70' lang='lat' dir='ltr'><strong>Ter</strong></span> <span class='ocrx_word' id='word_1_771' title='bbox 436 5689 601 5744; x_wconf 75' lang='lat' dir='ltr'><strong>binos</strong></span> <span class='ocrx_word' id='word_1_772' title='bbox 628 5687 917 5759; x_wconf 72' lang='lat' dir='ltr'><strong>deciesque</strong></span> <span class='ocrx_word' id='word_1_773' title='bbox 939 5703 1135 5744; x_wconf 81' lang='lat' dir='ltr'><strong>novem</strong></span> <span class='ocrx_word' id='word_1_774' title='bbox 1163 5689 1447 5759; x_wconf 72' lang='lat' dir='ltr'><strong>superein</strong></span> <span class='ocrx_word' id='word_1_775' title='bbox 1469 5689 1527 5744; x_wconf 80' lang='lat' dir='ltr'><strong>in</strong></span> <span class='ocrx_word' id='word_1_776' title='bbox 1558 5702 1754 5756; x_wconf 72' lang='lat' dir='ltr'><strong>annos,</strong></span> 
     </span>
    </p>
   </div>
   <div class='ocr_carea' id='block_1_110' title="bbox 313 5759 1748 5833">
    <p class='ocr_par' dir='ltr' id='par_1_110' title="bbox 313 5759 1748 5833">
     <span class='ocr_line' id='line_1_110' title="bbox 313 5759 1748 5833; baseline -0.001 -17"><span class='ocrx_word' id='word_1_777' title='bbox 313 5759 463 5833; x_wconf 59' lang='lat' dir='ltr'><strong>[asta</strong></span> <span class='ocrx_word' id='word_1_778' title='bbox 494 5767 884 5833; x_wconf 72' lang='lat' dir='ltr'><strong>senescenlum</strong></span> <span class='ocrx_word' id='word_1_779' title='bbox 912 5776 1043 5831; x_wconf 76' lang='lat' dir='ltr'><strong>quos</strong></span> <span class='ocrx_word' id='word_1_780' title='bbox 1072 5761 1276 5833; x_wconf 76' lang='lat' dir='ltr'><strong>implet</strong></span> <span class='ocrx_word' id='word_1_781' title='bbox 1304 5762 1417 5816; x_wconf 77' lang='lat' dir='ltr'><strong>vita</strong></span> <span class='ocrx_word' id='word_1_782' title='bbox 1445 5761 1697 5833; x_wconf 78' lang='lat' dir='ltr'><strong>virorum</strong></span> <span class='ocrx_word' id='word_1_783' title='bbox 1723 5773 1748 5824; x_wconf 63' lang='grc' dir='ltr'><strong>ε</strong></span> 
     </span>
    </p>
   </div>
   <div class='ocr_carea' id='block_1_111' title="bbox 312 5830 1664 5906">
    <p class='ocr_par' dir='ltr' id='par_1_111' title="bbox 312 5830 1664 5906">
     <span class='ocr_line' id='line_1_111' title="bbox 312 5830 1664 5906; baseline 0.002 -18"><span class='ocrx_word' id='word_1_784' title='bbox 312 5830 414 5891; x_wconf 72' lang='lat' dir='ltr'><strong>llo:</strong></span> <span class='ocrx_word' id='word_1_785' title='bbox 451 5832 648 5890; x_wconf 74' lang='lat' dir='ltr'><strong>novies</strong></span> <span class='ocrx_word' id='word_1_786' title='bbox 673 5830 1164 5906; x_wconf 34' lang='lat' dir='ltr'><strong>superat’vivando&#39;</strong></span> <span class='ocrx_word' id='word_1_787' title='bbox 1187 5833 1417 5906; x_wconf 84' lang='lat' dir='ltr'><strong>garrula</strong></span> <span class='ocrx_word' id='word_1_788' title='bbox 1446 5832 1664 5891; x_wconf 78' lang='lat' dir='ltr'><strong>cornix.</strong></span> 
     </span>
    </p>
   </div>
   <div class='ocr_carea' id='block_1_112' title="bbox 2087 5365 3665 5454">
    <p class='ocr_par' dir='ltr' id='par_1_112' title="bbox 2087 5365 3665 5454">
     <span class='ocr_line' id='line_1_112' title="bbox 2087 5365 3665 5454; baseline -0.004 -25"><span class='ocrx_word' id='word_1_789' title='bbox 2087 5379 2166 5454; x_wconf 84' lang='lat'><strong>(5)</strong></span> <span class='ocrx_word' id='word_1_790' title='bbox 2223 5374 2332 5438; x_wconf 78' lang='grc' dir='ltr'>Τὰς</span> <span class='ocrx_word' id='word_1_791' title='bbox 2398 5392 2508 5427; x_wconf 88' lang='grc' dir='ltr'><strong>των</strong></span> <span class='ocrx_word' id='word_1_792' title='bbox 2590 5370 2869 5454; x_wconf 48' lang='grc' dir='ltr'>πράξεων-</span> <span class='ocrx_word' id='word_1_793' title='bbox 2914 5368 3122 5454; x_wconf 43' lang='grc' dir='ltr'>,ῥυσσᾶς</span> <span class='ocrx_word' id='word_1_794' title='bbox 3171 5365 3665 5454; x_wconf 55' lang='grc' dir='ltr'>Λάνασκάλλοντες.</span> 
     </span>
    </p>
   </div>
   <div class='ocr_carea' id='block_1_113' title="bbox 2017 5442 3671 5519">
    <p class='ocr_par' dir='ltr' id='par_1_113' title="bbox 2017 5442 3671 5519">
     <span class='ocr_line' id='line_1_113' title="bbox 2017 5442 3671 5519; baseline -0.005 -11"><span class='ocrx_word' id='word_1_795' title='bbox 2017 5442 2217 5511; x_wconf 62' lang='grc' dir='ltr'><strong>Καὶ-ατη</strong></span> <span class='ocrx_word' id='word_1_796' title='bbox 2243 5451 2522 5519; x_wconf 68' lang='lat' dir='ltr'><strong>gestarum</strong></span> <span class='ocrx_word' id='word_1_797' title='bbox 2547 5442 2722 5519; x_wconf 65' lang='lat' dir='ltr'><strong>rugas</strong></span> <span class='ocrx_word' id='word_1_798' title='bbox 2771 5442 3121 5516; x_wconf 72' lang='lat' dir='ltr'><strong>refodienles.</strong></span> <span class='ocrx_word' id='word_1_799' title='bbox 3166 5443 3308 5508; x_wconf 88' lang='lat' dir='ltr'><strong>Quis</strong></span> <span class='ocrx_word' id='word_1_800' title='bbox 3366 5444 3509 5498; x_wconf 88' lang='lat' dir='ltr'><strong>istas</strong></span> <span class='ocrx_word' id='word_1_801' title='bbox 3560 5443 3671 5500; x_wconf 86' lang='lat' dir='ltr'><strong>ele-</strong></span> 
     </span>
    </p>
   </div>
   <div class='ocr_carea' id='block_1_114' title="bbox 2015 5515 2727 5599">
    <p class='ocr_par' dir='ltr' id='par_1_114' title="bbox 2015 5515 2727 5599">
     <span class='ocr_line' id='line_1_114' title="bbox 2015 5515 2727 5599; baseline -0.02 -17"><span class='ocrx_word' id='word_1_802' title='bbox 2015 5515 2261 5599; x_wconf 56' lang='lat' dir='ltr'><strong>gantias:</strong></span> <span class='ocrx_word' id='word_1_803' title='bbox 2285 5515 2682 5599; x_wconf 54' lang='lat' dir='ltr'><strong>nopdqspupt</strong></span> <span class='ocrx_word' id='word_1_804' title='bbox 2699 5515 2727 5570; x_wconf 71' lang='lat'><strong>‘2</strong></span> 
     </span>
    </p>
   </div>
   <div class='ocr_carea' id='block_1_115' title="bbox 2087 5579 3673 5671">
    <p class='ocr_par' dir='ltr' id='par_1_115' title="bbox 2087 5579 3673 5671">
     <span class='ocr_line' id='line_1_115' title="bbox 2087 5579 3673 5671; baseline 0 -28"><span class='ocrx_word' id='word_1_805' title='bbox 2202 5584 2438 5671; x_wconf 43' lang='grc' dir='ltr'>Ἐπειδὴ.</span> <span class='ocrx_word' id='word_1_806' title='bbox 2483 5579 2699 5671; x_wconf 32' lang='lat' dir='ltr'><strong>dandis</strong></span> <span class='ocrx_word' id='word_1_807' title='bbox 2736 5584 2825 5638; x_wconf 80' lang='grc' dir='ltr'><strong>καὶ</strong></span> <span class='ocrx_word' id='word_1_808' title='bbox 2883 5581 3050 5671; x_wconf 70' lang='grc' dir='ltr'>ἄλλοι</span> <span class='ocrx_word' id='word_1_809' title='bbox 3106 5579 3400 5671; x_wconf 74' lang='grc' dir='ltr'>ξυμϐαλεῖν</span> <span class='ocrx_word' id='word_1_810' title='bbox 3455 5579 3673 5671; x_wconf 69' lang='grc' dir='ltr'>ἔχουσι.</span> 
     </span>
    </p>
   </div>
   <div class='ocr_carea' id='block_1_116' title="bbox 2015 5656 3675 5730">
    <p class='ocr_par' dir='ltr' id='par_1_116' title="bbox 2015 5656 3675 5730">
     <span class='ocr_line' id='line_1_116' title="bbox 2015 5656 3675 5730; baseline -0.008 -2"><span class='ocrx_word' id='word_1_811' title='bbox 2015 5656 2243 5728; x_wconf 70' lang='grc' dir='ltr'>Ριοιῖχε</span> <span class='ocrx_word' id='word_1_812' title='bbox 2273 5666 2331 5718; x_wconf 84' lang='lat' dir='ltr'><strong>et</strong></span> <span class='ocrx_word' id='word_1_813' title='bbox 2360 5656 2805 5716; x_wconf 88' lang='lat' dir='ltr'><strong>intricatissima</strong></span> <span class='ocrx_word' id='word_1_814' title='bbox 2857 5657 3152 5730; x_wconf 86' lang='lat' dir='ltr'><strong>periodus,</strong></span> <span class='ocrx_word' id='word_1_815' title='bbox 3175 5656 3216 5714; x_wconf 74' lang='grc' dir='ltr'><strong>ὀ</strong></span> <span class='ocrx_word' id='word_1_816' title='bbox 3272 5656 3675 5729; x_wconf 54' lang='lat' dir='ltr'><strong>quibus&#39;saie-</strong></span> 
     </span>
    </p>
   </div>
   <div class='ocr_carea' id='block_1_117' title="bbox 2017 5729 3678 5813">
    <p class='ocr_par' dir='ltr' id='par_1_117' title="bbox 2017 5729 3678 5813">
     <span class='ocr_line' id='line_1_117' title="bbox 2017 5729 3678 5813; baseline -0.01 -11"><span class='ocrx_word' id='word_1_817' title='bbox 2017 5743 2138 5801; x_wconf 88' lang='lat' dir='ltr'><strong>bris</strong></span> <span class='ocrx_word' id='word_1_818' title='bbox 2170 5753 2262 5794; x_wconf 91' lang='lat' dir='ltr'><strong>me</strong></span> <span class='ocrx_word' id='word_1_819' title='bbox 2291 5732 2385 5813; x_wconf 67' lang='lat' dir='ltr'><strong>vix</strong></span> <span class='ocrx_word' id='word_1_820' title='bbox 2415 5730 2656 5813; x_wconf 84' lang='lat' dir='ltr'><strong>quidem</strong></span> <span class='ocrx_word' id='word_1_821' title='bbox 2681 5729 2790 5813; x_wconf 73' lang='lat' dir='ltr'><strong>sed</strong></span> <span class='ocrx_word' id='word_1_822' title='bbox 2848 5729 3113 5813; x_wconf 88' lang='lat' dir='ltr'><strong>expedivi</strong></span> <span class='ocrx_word' id='word_1_823' title='bbox 3163 5733 3384 5804; x_wconf 88' lang='lat' dir='ltr'><strong>tamen,</strong></span> <span class='ocrx_word' id='word_1_824' title='bbox 3417 5735 3484 5788; x_wconf 90' lang='lat' dir='ltr'><strong>ut</strong></span> <span class='ocrx_word' id='word_1_825' title='bbox 3518 5729 3678 5787; x_wconf 87' lang='lat' dir='ltr'><strong>arbi-</strong></span> 
     </span>
    </p>
   </div>
   <div class='ocr_carea' id='block_1_118' title="bbox 2014 5800 2960 5875">
    <p class='ocr_par' dir='ltr' id='par_1_118' title="bbox 2014 5800 2960 5875">
     <span class='ocr_line' id='line_1_118' title="bbox 2014 5800 2960 5875; baseline -0.014 1"><span class='ocrx_word' id='word_1_826' title='bbox 2014 5800 2136 5875; x_wconf 78' lang='lat' dir='ltr'><strong>tror</strong></span> <span class='ocrx_word' id='word_1_827' title='bbox 2166 5826 2181 5870; x_wconf 90' lang='lat'><strong>:</strong></span> <span class='ocrx_word' id='word_1_828' title='bbox 2213 5800 2466 5867; x_wconf 81' lang='lat' dir='ltr'><strong>multum</strong></span> <span class='ocrx_word' id='word_1_829' title='bbox 2496 5806 2652 5862; x_wconf 88' lang='lat' dir='ltr'><strong>certe</strong></span> <span class='ocrx_word' id='word_1_830' title='bbox 2681 5800 2960 5863; x_wconf 85' lang='lat' dir='ltr'><strong>laboravi.</strong></span> 
     </span>
    </p>
   </div>
  </div>
