4068 6196
365 377 482 436 323

1683 359 2007 437 ΝῙΟΕΤΛΕ,
2031 359 2458 421 ΟΗΟΝΙΑΤΛΞ

3662 359 3792 420 324-

365 500 908 564 commemorationi
938 495 1158 554 diutius
1209 490 1660 546 immorabimur
1708 507 1857 561 quas
1903 492 2004 563 ipsi

2131 490 2326 555 θέσεως
2385 488 2736 562 ἐπιϐαίνομεν
2801 487 2993 560 τῆσδε,
3061 488 3152 544 οἶά
3213 510 3337 544 τινα
3421 489 3641 564 ἐρήμην
3701 493 3797 546 καὶ

366 614 480 652 non
511 596 786 656 vidimus,
821 590 920 644 sed
953 588 1023 642 ab
1053 585 1124 639 iis
1156 582 1492 653 accepimus
1548 580 1649 652 qui
1699 597 1834 636 eum
1863 583 2018 636 vide-

2132 575 2325 648 ἂστιϐἧ
2387 577 2576 633 διιέναι
2633 577 3008 655 ἐγχειροῦντες
3063 576 3210 646 ὁδὸν,
3273 577 3303 632 ὅ
3359 579 3448 632 καὶ
3529 576 3798 654 δύσεργόν

365 689 508 740 runt
543 692 595 738 et
624 683 683 736 in
715 676 1112 749 expeditiones
1164 671 1418 726 comitati
1475 677 1632 725 sunt.
1685 669 1749 724 In
1793 670 2004 726 caeteri:

2130 666 2243 724 ἐστι
2311 669 2402 722 καὶ
2458 668 2657 741 πολλῷ
2715 668 3098 743 ὑπερκείμενον
3156 671 3254 723 τοῦ
3329 664 3536 741 ἴχνεσιν
3594 667 3798 742 ἐτέρων

374 778 566 828 autem
601 769 840 823 uberius
873 763 1257 820 tractabimus
1287 759 1507 816 omnia.
1534 761 1640 814 Sed
1662 759 1782 828 jam
1807 758 1877 814 ad
1896 775 2014 816 rem

364 861 551 931 ipsam
589 857 958 918 accedamus,
992 852 1130 908 hinc
1161 854 1396 920 sumpto
1427 848 1685 903 exordio.

2129 755 2558 831 προωδευκότων
2607 757 2957 835 ἐφομαρτεῖν,
2990 755 3026 825 ἤ
3058 760 3187 832 γοῦν
3237 756 3312 817 ὡς
3359 753 3449 810 διὰ
3498 755 3654 819 λείας
3704 757 3799 812 καὶ

2134 845 2428 921 βασιλικῆς
2464 845 2702 922 βαδίζειν
2732 844 2886 918 ὁδοῦ,
2919 845 3065 919 λέγω
3115 843 3182 914 δὴ
3234 851 3337 914 τῆς
3389 845 3586 917 ἐτέρων
3641 847 3801 902 ἱστο-

364 947 502 1021 ρίας,
555 945 875 1018 εὐθυπόρως
920 961 980 995 τε
1029 937 1120 993 καί
1168 936 1449 998 ἀπλανῶς.
1500 936 1676 1010 ’Λρχή
1722 933 1779 990 δέ
1827 956 1922 1008 μοι
1959 940 2057 991 τοῦ
2107 934 2284 1009 λέγειν
2337 934 2436 990 ὅσα
2483 936 2618 1009 μετὰ
2662 935 2726 1021 to
2766 936 2941 1021 Δπέρας
2991 933 3144 998 εὐθὺς
3187 941 3287 1002 τῆς
3342 940 3490 1004 ζωῆς
3539 937 3656 1008 ἅμα
3704 938 3800 991 καὶ

369 1019 470 1102 τῆς
547 1032 730 1106 ἀρχῆς
805 1035 902 1086 τοῦ
977 1027 1038 1084 ἐκ
1110 1029 1421 1096 Κομνηνῶν
1497 1021 1749 1098 ἄρξαντο)
1825 1025 2058 1098 πρώτως
2135 1022 2378 1092 Ἀλεξίου
2417 1028 2495 1097 (7)
2573 1019 2939 1097 συμϐέϐηκεν,
3018 1021 3132 1078 ἐπεὶ
3206 1024 3295 1077 καὶ
3348 1021 3400 1082 ἐς
3467 1021 3624 1078 τόνδε
3703 1026 3799 1080 τὸν

360 1123 564 1177 ἄνακτα
627 1121 690 1175 τὸ
760 1116 936 1195 λέγειν
1010 1114 1438 1190 συνεπεράναντο
1507 1113 1703 1168 ὁπόσοι
1759 1118 1868 1168 τῶν
1925 1113 2032 1186 πρὸ
2091 1114 2253 1186 ἡμῶν
2310 1117 2380 1187 τῇ
2444 1117 2728 1188 συγγραφῆ
2787 1111 3088 1188 προδήλως
3149 1107 3439 1182 ἐπέϐαλον,
3475 1110 3547 1165 τίν’
3589 1115 3696 1168 εἷεν
3734 1115 3805 1168 τὰ

361 1211 714 1287 ῥηθησόμενα
754 1210 877 1283 παρ’
919 1209 1080 1278 ἡμῶν
1143 1211 1352 1278 συναφῇ
1409 1223 1528 1264 πως
1586 1207 1704 1263 τοῖς
1755 1203 1846 1256 ὑπ’
1901 1201 2119 1256 ἐκείνων
2182 1199 2452 1276 λεχθεῖσι,
2511 1203 2602 1256 καὶ
2656 1203 2684 1256 ὁ
2748 1201 2916 1278 λόγος
2976 1202 3120 1257 οὕτω
3177 1199 3613 1274 διαπλεκόμενος
3668 1202 3807 1277 τρό-

359 1321 462 1354 πον
502 1299 628 1354 τινὰ
668 1297 820 1370 ὀλκῷ
861 1296 1134 1365 εἷκάζοιτο
1212 1293 1480 1366 ῥεύματος
1559 1291 1617 1345 ἐκ
1693 1296 1821 1362 μιᾶς
1897 1297 2083 1365 πηγῆς
2157 1288 2452 1359 ἐκδιδόντι,
2526 1289 2563 1361 ἤ
2639 1295 2770 1366 γοῦν
2839 1293 2903 1346 τὸ
2975 1294 3085 1345 τῶν
3138 1289 3340 1364 κρίκων
3380 1288 3793 1360 ἀλληλένδετον

382 1391 760 1465 ὑποκρίνοιτο,
797 1391 867 1461 τῇ
906 1391 1014 1441 νῶν
1073 1385 1154 1440 ἀεὶ
1221 1387 1508 1456 προσεχῶν
1571 1380 1770 1458 ἐφάψει
1829 1381 2138 1455 προϊόντων
2206 1381 2260 1444 ἐς
2327 1382 2576 1456 ἄπειρον.
2644 1383 2732 1438 Ἐν
2797 1379 3194 1460 κεφαλαιώδεσι
3262 1379 3310 1435 δ’
3377 1381 3669 1454 ἐπιτομαῖς
3737 1383 3810 1437 τὰ

368 1478 510 1534 κατὰ
563 1479 656 1533 τὸν
714 1474 1086 1548 αὐτοκράτορα
1141 1472 1397 1534 Ἰωάννην
1449 1469 1512 1524 τὸ
1571 1469 1804 1542 ἱστορεῖν
1861 1466 2207 1546 διηγήσεται,
2265 1470 2327 1531 ὃς
2409 1469 2633 1543 Ἀλεξίῳ
2717 1467 2978 1544 διάδοχος
3053 1471 3336 1547 γεγένηται
3415 1476 3518 1538 τῆς
3589 1469 3802 1545 ἀρχῆς,

361 1565 477 1622 οὐδ’
505 1563 835 1641 ἐμϐραδυνεῖ
890 1569 1013 1626 ταῖς
1061 1561 1180 1616 κατ’
1248 1559 1408 1614 αὐτὸν
1467 1557 1825 1635 ἀφηγήσεσιν,
1885 1560 1972 1630 [Ρ.
2031 1559 2108 1630 4.]
2169 1556 2350 1633 ὥσπερ
2408 1557 2460 1614 ἐν
2532 1565 2651 1620 τοῖς
2707 1559 2895 1638 ἐφεξῆς
2950 1559 3228 1635 ἐργάσεται
3286 1557 3498 1634 λόγοις,
3557 1562 3650 1613 οἷα
3708 1561 3803 1614 καὶ

364 1659 526 1729 ἡμῶν
560 1656 636 1728 μὴ
667 1655 734 1708 τὰ
776 1658 893 1716 τοῖς
949 1649 1256 1728 ὀφθαλμοῖς
1316 1646 1404 1702 ἐπὶ
1470 1644 1614 1718 τῷδε
1667 1644 2095 1721 παρειλημμένα
2152 1646 2636 1724 συγγραφομένων,
2695 1648 2976 1712 κάντεῦθεν
3032 1645 3161 1720 μηδ’
3220 1645 3498 1718 ἀποτάδην
3546 1646 3804 1722 ἐχόντων

365 1750 536 1802 ταῦτα
566 1742 831 1814 διεξιέναι,
867 1740 993 1796 ἀλλ’
1024 1742 1159 1814 ἅπερ
1204 1739 1280 1800 εἰς
1337 1738 1504 1806 ἀκοὴν
1566 1737 1734 1791 ὠτίου
1793 1734 2098 1814 εῗλήφαμεν
2158 1735 2218 1790 ἐκ
2271 1741 2378 1791 τῶν
2439 1737 2559 1791 ὅσοι
2615 1742 2724 1792 τῶν
2783 1739 2900 1802 καθ’
2955 1740 3106 1811 ἡμᾶς
3156 1738 3250 1792 τὸν
3305 1735 3536 1813 βασιλέα
3565 1752 3806 1806 τουτονὶ

364 1835 646 1890 ἐθεάσαντο
703 1831 793 1887 καὶ
852 1833 1238 1904 συνωμάρτουν
1297 1827 1489 1900 ἐκείνῳ
1545 1825 1684 1902 πρός
1739 1825 2007 1888 ἐναντίους
2069 1830 2342 1902 χωροῦντι
2394 1827 2484 1880 καὶ
2558 1827 2655 1904 τὰς
2731 1829 2915 1906 μάχας
2993 1825 3450 1898 συνετολύπεσον,
3524 1828 3797 1900 ’Ἄμεινον

361 1921 406 1978 δ’
439 1922 678 1985 ἐντεῦθεν
713 1922 995 1995 ἄρξασθαι.

433 2013 504 2068 ll.
537 2011 772 2067 Alexius
831 2015 1166 2065 Comnenus
1225 2008 1544 2080 imperator
1593 2005 1744 2061 ﬁlios
1794 2011 1911 2060 tres
1955 2009 2004 2060 et

2192 2004 2270 2062 B'.
2330 2008 2418 2076 Τῷ
2465 2003 2652 2060 ἄνακτι
2710 2003 2942 2079 ’Δλεξίῳ
2997 2010 3076 2077 τῷ
3126 2010 3404 2078 Κομνηνῷ
3460 2005 3572 2060 υἱοὶ
3629 2012 3808 2080 τρεῖς

361 2105 610 2172 quatuor
636 2099 787 2154 filias
813 2097 1038 2156 habuit.
1100 2097 1148 2153 8
1200 2097 1352 2152 Inter
1406 2096 1616 2151 fratres
1663 2099 1804 2151 natu
1836 2093 2015 2150 maxi-

362 2207 492 2246 mus
521 2189 777 2244 Joannes
809 2187 922 2243 fuit
954 2204 967 2256 ;
1003 2191 1170 2242 Anna
1217 2201 1352 2241 vero
1403 2183 1790 2256 primsgenita
1848 2183 2016 2239 Nice-

361 2281 546 2353 phoro
577 2279 844 2352 Bryenio,
871 2277 1184 2334 Cresarissa
1219 2274 1528 2348 appellata,
1581 2275 1804 2347 nupsit.
1845 2273 2018 2329 Joan-

362 2386 495 2425 nem
557 2373 720 2440 pater
777 2367 1030 2423 maxime
1087 2364 1311 2434 dilexit,
1371 2363 1640 2434 datisque
1705 2361 2014 2435 purpureis

361 2458 572 2516 calceis
603 2456 849 2529 imperio
902 2454 1209 2512 destinavit
1255 2458 1314 2510 et
1355 2453 1763 2525 imperatorem
1813 2449 2012 2523 appel-

2127 2091 2220 2146 καὶ
2289 2094 2574 2169 θυγατέρες
2640 2093 2894 2168 τέσσαρες
2957 2096 3298 2171 ἐγεγένηντο.
3377 2098 3477 2152 Ἠν
3562 2092 3623 2150 δὲ
3678 2101 3804 2150 τῶν

2132 2181 2226 2253 μὲν
2295 2179 2506 2255 ἀνδρῶν
2567 2182 2594 2236 ὁ
2651 2183 2901 2254 Ἰωάννης
2960 2183 3098 2239 κατᾶ
3153 2185 3356 2260 γένεσιν
3416 2182 3809 2261 προφερέστε-

2129 2288 2244 2344 ρος,
2293 2271 2648 2344 πρωτογενῆς
2708 2267 2755 2324 δ’
2819 2270 3066 2326 ἁπάντων
3134 2276 3242 2326 τῶν
3316 2270 3368 2342 ἐξ
3436 2272 3638 2348 ὀσφύος
3697 2276 3783 2344 τῷ

2126 2356 2354 2430 Ἀλεξίῳ
2427 2361 2462 2428 ἡ
2540 2360 2784 2435 θυγάτηρ
2857 2363 3019 2417 Ἀννα
3091 2365 3428 2436 καθεωρᾶτο,
3502 2361 3630 2429 ἣτις
3697 2361 3780 2422 εἰς

2127 2443 2294 2521 λέχος
2341 2451 2420 2519 τῷ
2461 2449 2704 2521 Βρυενίῳ
2743 2450 3043 2528 Νικηφόρῳ
3090 2452 3427 2520 συνέζευγτο,
3475 2451 3782 2523 τιμηθεῖσα

359 2548 600 2605 landum
643 2548 885 2604 curavit.
936 2551 1100 2602 Irene
1148 2561 1278 2600 vero
1333 2547 1522 2598 mater
1560 2548 1616 2598 et
1667 2541 2004 2614 imperati-ix

2126 2535 2476 2609 Καισάρισσα.
2511 2538 2566 2591 Ὀ
2626 2536 2881 2612 βασιλεὺς
2926 2539 3105 2595 τοίνυν
3153 2540 3244 2594 καὶ
3290 2539 3479 2601 τοκεὺς
3528 2537 3782 2610 Ἀλέξιπ

361 2643 564 2693 contra
595 2636 740 2691 nihil
770 2642 952 2693 Annae
986 2634 1116 2690 ﬁliae
1147 2632 1465 2701 deferebat,
1498 2647 1688 2702 neque
1725 2631 2010 2687 Joannem

364 2728 519 2799 apud
576 2726 835 2782 Alexium
896 2724 1176 2781 maritum
1226 2727 1288 2780 ut
1333 2721 1710 2778 temerarium
1759 2727 1814 2776 et
1871 2719 2008 2775 luxu

359 2817 648 2889 perditum
682 2815 937 2872 etlevem
972 2831 1037 2870 ac
1089 2814 1258 2884 plane
1305 2813 1611 2869 vecordem
1661 2809 2010 2866 calumniari

357 2922 473 2962 non
507 2904 841 2970 desistebat,
875 2919 1063 2976 neque
1095 2903 1420 2974 quidquam
1443 2901 1696 2956 habebat
1712 2899 2008 2970 antiquius

353 3011 529 3065 quam
562 3002 625 3049 ut
655 2996 1068 3066 imperatorem
1125 2993 1197 3046 ad
1257 2989 1606 3046 mutandam
1666 2989 1737 3045 de
1783 2991 2009 3044 Joanne

355 3083 708 3140 sententiam
743 3081 1140 3154 compelleret.
1182 3079 1512 3150 Aliquando
1587 3079 1762 3133 etiam
1840 3078 2006 3150 Brye-

356 3173 520 3228 nium
556 3189 658 3244 per
686 3171 1048 3228 occasionem
1080 3169 1329 3225 summis
1359 3167 1636 3224 laudibus
1679 3166 2009 3224 celebrabat

352 3266 417 3316 ut
490 3264 547 3316 et
619 3259 1168 3332 eloquentissimum
1245 3261 1302 3313 et
1364 3255 1538 3312 rebus
1589 3256 1859 3328 gerendis
1901 3273 2004 3328 ap-

2127 2623 2364 2697 μάλιστα
2394 2629 2499 2680 τῶν
2549 2624 2736 2682 ἄλλων
2777 2625 2989 2683 παίδων
3030 2633 3110 2701 τῷ
3161 2629 3381 2702 Ἰωάννῃ
3431 2629 3780 2703 προσέκειτο.

2123 2712 2351 2786 Ἀμέλει
2408 2734 2498 2770 τοι
2563 2716 2654 2771 καὶ
2718 2721 2910 2773 τοῦτον
2979 2717 3260 2790 ἐπικρίνας
3327 2725 3428 2786 τῆς
3493 2717 3787 2794 βασιλείας

2123 2798 2383 2878 διάδοχον
2412 2803 2762 2879 καταλείψειν
2795 2805 3026 2882 ἐρυθροῦ
3066 2809 3126 2863 τέ
3173 2808 3227 2860 οἱ
3274 2803 3504 2862 πεδίλου
3557 2804 3787 2880 μετεδε-

2122 2889 2286 2947 δώκει
2343 2895 2432 2947 καὶ
2489 2893 2717 2968 βασιλέα
2762 2891 3013 2950 ἐδεδώκει
3099 2895 3537 2972 ἅναγορεύεσθαι.
3594 2897 3653 2952 Ἦ
3720 2893 3784 2951 δὶ

2123 2985 2308 3056 μήτηρ
2357 2983 2443 3036 καὶ
2509 2981 2728 3056 βασιλῖς
2786 2984 2994 3058 Εἰρήνη
3045 2989 3114 3059 τῇ
3167 2986 3394 3060 θυγατρὶ
3448 2987 3610 3060 Ἀννῃ
3669 2987 3780 3054 τὴν

2117 3074 2289 3125 πᾶσαν
2321 3068 2382 3125 ἐκ
2426 3073 2523 3125 τοῦ
2579 3067 2818 3126 ἐναντίου
2862 3073 3203 3147 χαριζομένη
3264 3073 3439 3147 ῥοπὴν
3489 3073 3589 3128 οὐκ
3634 3074 3777 3128 ἀνίει

2117 3162 2266 3236 παρᾶ
2311 3165 2390 3232 τῷ
2457 3159 2779 3236 συλλέκτρῳ
2833 3162 3060 3236 ’Δλεείῳ
3115 3163 3207 3219 τὸν
3278 3164 3535 3231 Ἰωάννην
3592 3160 3778 3219 ἐνδια-

2118 3243 2422 3320 ϐάλΛουσα,
2474 3256 2719 3323 προπετῆ
2777 3253 2967 3305 τοῦτον
3022 3249 3400 3324 ἀποκαλοῦσα,
3458 3253 3548 3306 καὶ
3605 3253 3773 3329 ὑγρὸν

350 3349 673 3417 tissimum,
751 3353 808 3404 et
881 3348 1228 3404 liberalibus
1302 3345 1556 3413 artibus,
1587 3363 1714 3418 quae
1739 3345 2002 3402 animum

2117 3345 2204 3400 τὸν
2242 3345 2361 3420 βίον
2417 3344 2847 3416 ἐπιτωθάζουσα,
2913 3345 3316 3425 παλίνστροφόν
3400 3369 3458 3404 τε
3512 3349 3574 3404 τὸ
3627 3349 3771 3416 ἦθος

349 3441 419 3496 ad
454 3414 727 3495 virtutem
758 3439 1079 3494 informant
1118 3442 1175 3493 et
1203 3439 1270 3494 ad
1307 3414 1624 3510 imperium
1649 3437 1757 3492 rite
1786 3453 2001 3509 geren-

2117 3434 2205 3489 καὶ
2240 3414 2470 3508 μηδαμῆ
2533 3414 2703 3506 μηδὲν
2757 3435 2907 3509 ὑγιὲς
2955 3414 3175 3515 ἔχοντα’,
3225 3414 3317 3492 καὶ
3365 3439 3622 3511 τιθεμένη
3654 3414 3776 3494 -διᾶ

351 3529 493 3584 dum
522 3532 578 3584 et
609 3528 893 3584 tuendum
937 3527 1192 3582 maximo
1245 3527 1584 3597 adjumento
1635 3525 1773 3596 sint,
1805 3526 2005 3582 erudi-

351 3623 498 3673 tum.
575 3617 810 3674 Alsxius
882 3632 1017 3673 vero
1095 3632 1229 3672 cum
1305 3615 1430 3672 hinc
1506 3615 1755 3671 materni
1830 3615 2001 3672 aﬂ‘ee-

351 3713 443 3761 tus
476 3707 629 3761 haud
669 3707 910 3778 ignarus
938 3705 1184 3769 audiret.
1219 3704 1366 3760 alias
1415 3721 1479 3760 se
1515 3703 1880 3776 gravioribus
1911 3721 2006 3761 ne-

357 3793 532 3866 gotiis
571 3801 914 3864 occupatum
948 3791 1123 3848 verba
1154 3790 1253 3848 illa
1284 3807 1523 3861 prorsus
1544 3808 1658 3847 non
1691 3807 1891 3847 curare
1921 3791 2004 3846 si-

351 3882 636 3950 mulabat,
671 3881 819 3938 alias
853 3888 1086 3953 tempus
1130 3882 1202 3936 ad
1251 3880 1694 3936 deliberandum
1732 3886 2004 3951 sumptu-

351 3989 480 4028 rum
517 3989 700 4042 neque
732 3972 1069 4044 petitionem
1101 3971 1230 4041 ejus
1264 3969 1661 4041 neglecturum
1691 3986 1819 4026 esse
1850 3972 2004 4026 afﬁr-

347 4062 567 4117 mabat.
598 4062 788 4118 Semel
845 4077 978 4116 vero
1031 4067 1356 4132 temperare
1411 4060 1458 4114 9
1519 4060 1630 4115 sibi
1670 4076 1784 4114 non
1813 4060 2003 4130 potuit

347 4151 491 4222 quin
524 4168 653 4206 eam
686 4151 768 4206 ita
800 4149 1231 4221 alloqueretur:
1264 4173 1292 4201 «
1344 4150 1388 4205 Ο
1437 4149 1650 4205 mulier
1697 4155 1756 4205 et
1783 4148 1915 4205 lecti
1947 4155 2003 4204 et

347 4241 579 4310 imperii
622 4240 736 4296 mei
796 4241 1108 4313 particeps,
1171 4255 1283 4294 non
1341 4239 1574 4296 tandem
1629 4255 1698 4294 ea
1755 4239 2002 4294 suadere

348 4328 487 4381 mihi
519 4329 748 4384 desines
782 4346 908 4401 qua:
934 4328 1069 4384 filim
1101 4335 1212 4384 tum
1244 4333 1404 4400 grata
1436 4332 1596 4398 sunt,
1630 4334 1683 4383 el
1705 4327 1901 4384 conari
1936 4331 2001 4382 ut

349 4417 488 4470 ordo
523 4416 896 4474 laudabiliter
945 4418 1254 4475 institutus
1287 4417 1596 4474 turbetur?
1624 4418 1775 4488 quod
1809 4417 1856 4473 si
1887 4434 1999 4474 nu-

348 4503 523 4558 minis
550 4503 800 4576 alicujus
830 4506 916 4562 ira
972 4508 1194 4579 percita
1268 4523 1351 4573 es,
1383 4507 1455 4562 ad
1529 4523 1733 4563 sanam
1811 4508 1996 4564 redito

345 4595 737 4663 mentem;ac
783 4595 978 4664 potius
1030 4612 1260 4651 mecum
1314 4596 1680 4652 considerato
1727 4613 1797 4652 an
1845 4595 1998 4652 ullus

339 4697 601 4752 unquam
633 4699 702 4738 ex
733 4684 1139 4755 superioribus
1185 4685 1574 4740 Romanorum
1624 4685 1995 4758 imperatori-

2112 3525 2314 3586 παντὸς
2361 3523 2632 3600 ἀσχολίας
2681 3525 2860 3596 πάσης
2909 3525 3180 3601 ἀνώτερον
3242 3524 3569 3601 σπούδασμα
3613 3527 3774 3592 ὅπως

2116 3614 2402 3686 μετάθοιτο
2455 3615 2555 3682 τήν
2609 3614 2840 3688 γνώμην
2897 3615 2926 3669 ὁ
2999 3615 3254 3690 βασιλεὺς
3336 3615 3404 3685 ἢν
3481 3617 3630 3692 εἶχεν
3693 3616 3764 3672 ἐπ

2112 3700 2258 3773 αύτῷ
2299 3703 2708 3776 κυρωσάμενος.
2762 3703 3026 3778 Ἐνιαχοῦ
3075 3701 3134 3759 δὲ
3181 3704 3272 3760 καὶ
3330 3702 3499 3780 λόγου
3549 3706 3778 3782 πρόφα-

2113 3812 2193 3845 σιν
2265 3792 2357 3845 τὸν
2435 3792 2684 3865 Βρυένιον
2762 3795 3212 3870 παρεισφέρουσα,
3270 3795 3553 3857 παντοίοις
3603 3795 3772 3852 αὐτὸν

2111 3880 2355 3942 ἐπαίνοις
2387 3878 2708 3954 κατέστεφεν
2767 3881 2858 3937 ἃτε
2899 3882 3067 3938 εἰπεῖν
3124 3883 3458 3939 ἐκανώτατον
3515 3883 3608 3938 καὶ
3668 3885 3777 3941 οὐκ

2109 3967 2368 4024 ἐλάττονα
2422 3966 2832 4044 διαπράξασθαι,
2890 3972 2982 4026 καὶ
3042 3973 3384 4044 μαθημάτων
3444 3973 3772 4050 ἐλευθερίων

2113 4057 2522 4137 μεταλαχόντα,
2585 4060 2866 4135 ῥυθμίζειν
2914 4061 2978 4116 τὸ
3035 4062 3169 4132 ἦθος
3215 4059 3437 4118 εἰδότων
3483 4065 3574 4118 καὶ
3626 4066 3769 4139 πρὸς

2113 4145 2394 4220 βασιλείαν
2473 4143 2860 4218 ἀδιαλώϐητον
2934 4149 2996 4204 οὐ
3068 4148 3279 4224 βραχέα
3353 4154 3766 4226 συναιρομένων

2107 4241 2225 4298 τοῖς
2255 4234 2446 4311 ἄρχειν
2502 4235 2825 4310 μέλλουσιν.
2877 4239 2932 4292 '0
2983 4236 3028 4294 δ’
3073 4238 3313 4312 Ἀλέξιος
3361 4246 3528 4297 ταῦτα
3577 4242 3767 4298 ἐνωτι-

2109 4329 2338 4400 ζόμενος
2385 4326 2476 4383 καὶ
2536 4328 2596 4382 τὸ
2655 4334 2910 4405 μητρῷον
2967 4329 3193 4409 φίλτρον
3249 4331 3629 4407 ἐπιστάμενος,
3688 4338 3772 4404 πῆ

2111 4418 2205 4491 μὲν
2257 4415 2452 4479 ἄλλοις
2503 4417 2562 4473 ἐκ
2617 4423 2716 4474 τοῦ
2783 4416 2980 4496 σχεδὸν
3037 4421 3419 4499 κατεπείγουσι
3479 4427 3770 4499 πράγμασι

2107 4508 2422 4581 χαρίζεσθαι
2479 4508 2571 4564 τὸν
2628 4512 2753 4563 νοῦν
2819 4507 3204 4584 πλαττόμενος
3274 4509 3400 4568 οὐδὲ
3465 4515 3767 4589 προσέχειν

2108 4596 2256 4659 ὅλως
2287 4603 2404 4659 τοῖς
2439 4598 2759 4671 λεγομένοις
2788 4606 3199 4674 προσεποιεῖτο,
3249 4608 3326 4672 πῆ
3373 4599 3418 4656 δ’
3469 4600 3522 4662 ἐς
3573 4601 3770 4678 σκέψιν

2108 4683 2366 4740 ἀπολύων
2394 4687 2462 4741 τὰ
2510 4686 2873 4762 εἷσηγούμενα
2925 4690 3001 4762 μή
3060 4689 3120 4744 ἅν
3174 4691 3274 4760 τήν
3333 4689 3548 4762 αἳτησιν
3588 4691 3768 4763 αὐτῆς

339 4771 475 4841 bus,
511 4787 642 4828 cum
675 4772 864 4828 filium
900 4773 1146 4845 imperio
1175 4773 1450 4830 idoneum
1480 4773 1739 4843 haberet,
1785 4791 1852 4830 eo
1903 4791 2000 4831 ne-

2117 4771 2558 4850 παραϐλέψασθαι
2610 4775 2941 4852 ἰσχυρίζετο.
2991 4778 3195 4836 Ἐνίοτε
3251 4775 3308 4834 δὲ
3365 4779 3455 4835 καὶ
3510 4783 3767 4838 τοιοῦτόν

335 4862 525 4934 glecto
581 4879 859 4936 generum
922 4863 1274 4936 praetulerit:
1322 4880 1387 4918 ac
1431 4867 1495 4919 ut
1537 4861 1850 4934 aliquando
1881 4863 1996 4920 tale

340 4953 641 5025 quippiam
718 4953 1016 5022 acciderit,
1071 4955 1226 5025 quod
1287 4970 1416 5009 raro
1468 4954 1686 5009 factum
1736 4957 1844 5022 est,
1896 4971 1997 5026 pro

339 5041 466 5114 lege
497 5043 833 5100 habendum
897 5061 1010 5100 non
1073 5044 1226 5099 erit:
1276 5060 1310 5098 a
1360 5058 1452 5097 me
1504 5042 1848 5112 praesertim,
1899 5041 1998 5113 qui

338 5145 468 5187 cum
521 5149 765 5204 regnum
821 5133 974 5188 haud
1026 5131 1397 5188 laudabiliter
1444 5130 1544 5186 sed
1593 5131 1847 5186 caedibus
1897 5149 1995 5186 co-

334 5229 646 5292 gnatorum
692 5227 750 5278 et
810 5223 1142 5280 rationibus
1199 5221 1270 5278 ab
1321 5220 1608 5276 institutis
1641 5219 1993 5277 Christiano~

2110 4886 2163 4919 τι
2203 4865 2582 4938 παθηνάμενος
2639 4865 2872 4942 εἶ’ρηκεν·
2936 4893 2962 4920 ‹‹
3024 4869 3092 4923 Ὦ
3149 4867 3324 4944 γύναι,
3382 4872 3608 4926 κοινωνέ
3665 4892 3765 4946 μοι

2110 4953 2314 5029 λέχους
2345 4957 2434 5010 καὶ
2472 4955 2772 5030 βασιλείας,
2801 4956 2861 5012 οὐ
2901 4958 2969 5013 τὰ
3017 4959 3152 5033 πρὸς
3202 4959 3365 5036 χάριν
3413 4961 3598 5036 παύσῃ
3656 4970 3763 5032 τῆς

2110 5051 2209 5114 σῆς
2276 5044 2635 5119 ὑποτιθεμένη
2709 5069 2802 5120 μοι
2873 5047 3158 5122 θυγατρὸς,
3222 5049 3486 5122 ἁρμονίαν
3550 5071 3610 5104 τε
3667 5053 3759 5106 καὶ

2107 5133 2254 5203 τάξιν
2311 5133 2666 5209 ἐπιχειροῦσα
2717 5133 2865 5190 λύειν
2925 5134 3227 5207 ἐπαινετὴν,
3291 5137 3365 5197 ὡς
3424 5135 3571 5211 ἐίπερ
3631 5149 3763 5201 θεο-

2109 5216 2370 5287 ϐλαϐείας
2419 5225 2814 5299 μετέσχηκας;
2867 5223 3040 5280 ΒάΛλ’
3101 5223 3156 5290 ἐς
3211 5225 3389 5302 τύχην
3434 5226 3671 5303 ἀγαθήν·
3725 5229 3764 5299 ἢ

1708 5428 1878 5489 Hier.
1913 5429 2121 5490 Wolﬂi
2157 5435 2345 5491 notae.

406 5648 484 5720 (7)
514 5648 812 5721 Ἅρξαντος
861 5646 1094 5720 πρώτως
1141 5645 1404 5717 Ἀλεξίου.
1455 5644 1714 5721 Respicit
1761 5646 1831 5700 ad
1879 5663 1987 5702 sua

2117 5646 2366 5721 .ioticum
2396 5649 2738 5721 imperavit;
2773 5653 2869 5710 cui
2912 5653 3333 5712 Constantinus
3380 5654 3578 5714 Ducas
3610 5673 3760 5715 suc-

332 5716 711 5791 potiSsimum
744 5716 1030 5789 tempora,
1065 5726 1127 5774 ut
1159 5716 1410 5774 arbitror
1443 5716 1623 5791 :__na_m
1653 5716 1988 5791 longeAante
2097 5719 2394 5791 cessit,.ut
2421 5716 2595 5780 rei‘ert
2623 5716 2901 5784 Zonaras.

326 5787 599 5848 Alexium
630 5787 890 5847 Isaacius
921 5793 1252 5847 Comnenus
1282 5794 1414 5862 post
1451 5787 1795 5845 Michaelem
1826 5788 1984 5846 Stra-
