4068 6196
193 354 309 414 325

1726 357 2124 424 HISTORIA.

3491 373 3614 434 326

194 489 408 564 μᾶλλον
470 487 631 565 δεῦρο
689 493 850 566 κοινῇ
903 487 1448 563 συνδιασκεψώμεθα,
1508 488 1596 544 καὶ
1650 492 1857 565 γνωσό-

1986 513 2099 552 ιιιω
2133 496 2341 555 alienis
2372 499 2728 569 occuparim,
2761 501 2867 558 toti
2901 501 3163 558 Romano
3195 501 3440 576 imperio
3470 509 3620 564 risui

192 582 328 655 μεθα
387 579 475 644 τίς
543 580 593 652 ἒξ
664 581 914 635 ὁπάντων
1003 585 1114 636 τῶν
1182 579 1369 653 πρώην
1434 577 1500 634 τά
1563 579 1853 652 Ῥωμαίων

193 677 452 743 σκῆπτρα
518 669 967 748 παρειληφότων,
1036 669 1152 723 υἱὸν
1235 661 1380 742 ἔχων
1440 667 1704 742 ἁρμόδιον
1781 669 1858 732 εἰς

197 759 404 833 ἀρχὴν,
465 756 660 814 τοῦτον
726 760 820 831 μὲν
870 754 1280 834 παρεϐλέψατο,
1339 752 1586 834 γαμϐρὸν
1643 755 1699 812 δὲ
1728 757 1859 821 ἀνθ-

194 847 416 914 εἶλετο;
467 847 534 904 Εἰ
585 845 643 902 δέ
699 868 834 902 ποτε
888 849 980 902 καὶ
1037 844 1248 902 τοιόνδε
1298 867 1349 901 τι
1400 841 1762 918 ξυμϐέϐηκεν,
1795 847 1859 901 οὐ

192 936 385 1009 νόμον,
419 937 466 991 ὧ
495 937 679 1012 γύναι,
737 938 800 992 τὸ
851 939 1074 993 σπάνιον
1125 935 1472 1011 ἡγησόμεθα.
1516 938 1600 1009 [Ρ.
1635 938 1713 1009 5.]
1745 937 1862 992 Ἐπ’

196 1032 317 1106 ἐμοὶ
353 1029 415 1087 δὲ
464 1033 558 1088 καὶ
620 1032 770 1107 μάλα
826 1034 1066 1110 καπυρὸν
1106 1031 1355 1109 γελάσειε
1384 1034 1446 1087 τὸ
1478 1033 1862 1107 Πανρώμαιον,

196 1125 282 1178 καὶ
344 1127 462 1178 τῶν
520 1131 732 1202 φρενῶν
789 1124 1032 1199 κριθείην
1091 1123 1405 1193 ἀποπεσὼν,
1455 1123 1500 1177 εἰ
1557 1124 1655 1192 τήν
1710 1123 1864 1198 βασις

199 1213 349 1268 λείαν
384 1212 492 1268 οὐκ
521 1211 818 1276 ἒπαινετῶς
853 1212 1102 1292 εἲληφὼς
1153 1210 1281 1266 ἀλλ’
1330 1212 1552 1284 α’ἰμασιν
1587 1213 1864 1288 ὁμογενῶν

197 1302 285 1357 καὶ
355 1301 620 1375 μεθόδοις
705 1307 1110 1377 Χριστιανικῶν
1167 1301 1552 1376 ἀφισταμέναις
1627 1304 1865 1374 θεσμῶν,

199 1390 401 1460 δεῆσαν
442 1393 648 1463 ταύτης
704 1391 975 1469 ἀφεικέναι
1034 1389 1316 1466 διάδοχον,
1353 1392 1416 1446 τὸ
1455 1392 1548 1463 μὲν
1581 1390 1631 1461 ἐξ
1664 1391 1869 1468 ὀσφύος

199 1480 672 1554 ἆποπεμψαίμην,
728 1483 821 1536 τὸν
877 1478 938 1535 δὲ
995 1477 1276 1536 Μακεδόνα
1352 1479 1774 1551 εἰσοικισαίμην,
1836 1505 1864 1532 υ

201 1580 294 1633 τὸν
349 1579 613 1653 Βρυένιον
675 1579 822 1633 οὕτω
891 1579 1088 1654 λέγων,
1158 1576 1274 1632 ἐπεὶ
1320 1575 1490 1646 καὶέξ
1525 1573 1868 1651 Ὀρεστιάδος

202 1667 462 1744 ὥρμητο·
531 1669 633 1741 μία
690 1665 737 1722 δ’
796 1667 930 1739 αὕτη
989 1671 1096 1721 τῶν
1155 1663 1491 1738 εὐδαιμόνων
1535 1665 1623 1721 καὶ
1679 1665 1868 1740 κρατί-

205 1777 346 1812 στων
415 1759 571 1833 παρᾶ
624 1752 930 1815 Μακεδόσιν
986 1754 1226 1815 πόλεων.
1281 1757 1520 1812 Τοιαῦτα
1578 1755 1714 1830 πρὸς
1768 1756 1868 1825 τήν

1968 586 2079 640 slm
2115 587 2345 642 futurus
2379 595 2436 644 et
2466 606 2569 660 pro
2601 591 2808 646 insano
2841 591 3168 662 habendus,
3215 593 3260 647 si
3307 595 3365 648 in
3407 596 3623 652 delibe-

1970 676 2192 731 ratione
2223 679 2633 748 successionis,
2662 695 2937 751 germano
2971 681 3087 737 lilio
3137 684 3461 754 repudiato,
3496 685 3618 741 Ma-

1971 763 2248 818 cedonem
2289 763 2348 819 in
2378 763 2522 820 solio
2555 765 2856 823 collocaro.
2903 789 2929 816 ι)
2977 767 3071 823 Sic
3121 775 3314 823 autem
3361 771 3621 841 appella-

1971 851 2070 906 bat
2102 852 2409 924 Bryenium
2464 853 2761 910 Orestiade
2811 856 2977 912 beata
3019 861 3076 911 et
3133 860 3623 928 praestantissima

1973 942 2116 997 urbe
2172 942 2520 1000 Macedonia
2575 945 2914 1000 oriundum.
2975 946 3199 1010 Quibus
3256 949 3444 1004 verbis
3487 966 3620 1004 cum

1973 1029 2150 1086 [rents
2173 1032 2513 1102 petitionem
2541 1033 2798 1105 graviter
2829 1035 3157 1104 refutasset,
3188 1041 3381 1092 tamen
3415 1039 3624 1093 deinde

1973 1134 2107 1175 eum
2141 1136 2254 1191 prae
2303 1137 2366 1176 se
2417 1122 2603 1177 ferens
2660 1122 2760 1193 qui
2817 1122 3272 1197 haudquaquam
3331 1133 3623 1198 negasset,

1977 1209 2282 1267 mulierem
2319 1218 2597 1284 perpetua
2630 1213 3066 1270 deliberationis
3109 1215 3481 1274 simulatione
3512 1218 3628 1272 dif-

1977 1298 2214 1368 ferebat,
2249 1302 2464 1373 quippe
2490 1301 2689 1370 homo,
2731 1303 2780 1358 si
2828 1303 3142 1375 quisquam
3195 1306 3368 1378 alius,
3416 1307 3625 1364 occulti

1978 1387 2182 1452 animi,
2217 1390 2318 1461 qui
2368 1391 2716 1461 sapientiam
2769 1391 2827 1448 in
2885 1392 3314 1450 dissimulando
3375 1397 3623 1467 positam

1979 1481 2142 1549 ratus
2173 1493 2303 1533 raro
2331 1478 2667 1544 admodum,
2697 1479 2836 1551 quid
2873 1481 3128 1538 facturus
3159 1484 3261 1538 10
3301 1489 3474 1549 esset,
3508 1501 3624 1556 pra)

1980 1581 2041 1620 se
2075 1565 2268 1621 ferret.
2302 1568 2565 1624 Instante
2600 1574 2794 1625 autem
2823 1570 2983 1626 obitu
3017 1587 3148 1626 cum
3182 1571 3239 1626 in
3273 1572 3624 1644 splendidis-

1981 1654 2147 1709 simis
2186 1657 2504 1728 Manganiaa
2565 1659 2734 1731 regite
2792 1659 3333 1718 substructionibus
3391 1663 3628 1717 decum-

1981 1741 2165 1810 beret,
2197 1748 2453 1803 Joannes
2483 1752 2539 1803 et
2569 1749 2696 1820 ejus
2725 1749 2807 1805 rei
2836 1753 2892 1805 et
2937 1751 3178 1806 materni
3231 1751 3346 1807 odii
3387 1768 3630 1823 gnarus,

206 1845 538 1920 βασίλισσαν
597 1845 837 1920 Εἰρήνην
902 1840 1178 1920 ἐμϐριθῶς
1222 1846 1250 1899 ὁ
1301 1843 1549 1914 Ἀλέξιος
1609 1845 1865 1922 φάμενος,

1986 1848 2111 1903 quae
2142 1833 2448 1906 imperium
2492 1837 2550 1891 in
2584 1853 2840 1893 sororem
2874 1839 3134 1894 conferre
3179 1839 3477 1908 niteretur,
3530 1857 3631 1896 ne-

198 1945 364 2017 ’ὅμως
431 1947 518 2000 καὶ
579 1943 746 1999 πάλιν
809 1945 900 2000 τὸν
963 1942 1236 2018 μηδαμῶς
1277 1944 1573 2000 ἆπειπόντα
1630 1944 1867 2018 ὐποκρι-

200 2035 469 2107 νόμενος,
535 2032 692 2111 διῆγε
750 2036 850 2105 την
901 2041 1133 2110 γυναῖκα
1188 2037 1568 2108 σκηπτόμενος
1633 2034 1714 2090 ἀεὶ
1781 2037 1872 2090 τὸν

199 2125 602 2196 σκεπτόμενοψ
663 2125 730 2192 ἦν
799 2123 926 2198 γὰρ,
985 2123 1030 2178 εί
1088 2124 1178 2178 καὶ
1225 2144 1311 2186 τις
1352 2121 1550 2193 ἄλλος,
1583 2123 1871 2198 κρυψίνους

201 2213 229 2267 ὁ
263 2214 409 2287 ἀνὴρ
470 2213 655 2282 οὗτος,
711 2214 801 2266 καὶ
863 2211 1032 2289 σοφὸν
1063 2211 1372 2288 ἡγούμενος
1429 2213 1508 2268 ἀεὶ
1559 2213 1622 2268 τὸ
1653 2213 1871 2289 περίερ-

198 2323 325 2378 γον,
399 2301 544 2374 μηδέ
608 2302 676 2357 τὰ
740 2300 928 2356 πολλᾶ
1002 2300 1377 2378 ὲξάγγελτικὸς
1447 2305 1543 2356 τοῦ
1609 2303 1872 2373 ποιητέου

199 2399 582 2473 δεικνύμενος.
643 2401 994 2475 Ἐγγίζοντος
1052 2398 1109 2454 δέ
1180 2400 1232 2454 οἱ
1293 2403 1390 2455 τοῦ
1445 2402 1715 2474 τέρματος
1773 2407 1874 2469 τῆς

193 2497 351 2560 ζωῆς
392 2491 423 2545 ὁ
482 2491 580 2562 μὲν
630 2487 805 2544 ἔκειτο
855 2491 1032 2544 πνέων
1079 2490 1147 2544 τὰ
1197 2488 1414 2544 λοίσθια
1463 2488 1517 2545 ἐν
1575 2495 1693 2552 τοῖς
1739 2491 1874 2544 κατὰ

187 2581 293 2647 τήν
348 2580 530 2652 μονὴν
586 2583 695 2633 τῶν
751 2578 1055 2653 Μαγγάνων
1116 2576 1532 2653 λαμπροτάτοις
1565 2575 1872 2652 οἰκοδομή-

197 2690 392 2742 μασιν,
457 2669 485 2721 ὁ
548 2664 607 2722 δὲ
666 2673 792 2728 παῖς
857 2668 1113 2737 Ἰωάννης
1173 2668 1266 2722 τὸν
1323 2668 1527 2742 πατέρα
1593 2669 1734 2742 ὁρῶν
1803 2673 1870 2742 τῇ

189 2754 436 2831 τελευτῇ
501 2756 905 2827 πλησιάζοντα,
957 2755 1045 2810 καὶ
1093 2758 1192 2825 τήν
1255 2759 1464 2831 μητέρα
1520 2754 1678 2819 εἰδὼς
1733 2757 1872 2812 ἀπο-

194 2856 540 2929 στέργουσαν
610 2856 699 2909 καὶ
755 2853 827 2928 τῇ
885 2851 1094 2931 ἀδελφῇ
1153 2856 1252 2922 τήν
1316 2854 1595 2928 βασιλείαν
1652 2856 1874 2929 μνωμέ-

192 2969 329 3014 νην,
381 2947 672 2999 κοινοῦται
719 2945 781 2998 τὸ
830 2943 1087 3012 ποιητέον
1136 2948 1253 3006 τοῖς
1300 2941 1360 2998 ἐκ
1406 2950 1506 3014 τῆς
1563 2945 1871 3019 συγγενείας

195 3035 399 3106 ὲκείνῳ
432 3031 574 3106 φίλα
604 3032 916 3110 φρονουσιν,
966 3029 1039 3086 ὦν
1071 3033 1138 3087 τὰ
1185 3033 1446 3107 κράτιστα
1473 3033 1542 3103 ἦν
1574 3033 1601 3088 ὁ
1634 3031 1874 3114 ἆδκλφὸς

193 3126 509 3185 Ἰσαάκιος.
575 3123 679 3179 Καὶ
733 3120 798 3192 δὴ
861 3119 1044 3186 λαθὼν
1097 3123 1200 3192 τὴν
1261 3123 1470 3198 μητέρα
1526 3123 1717 3178 εἲσεισι
1783 3125 1875 3178 τὸν

195 3227 451 3279 κοιτῶνα
519 3223 613 3277 τὸν
677 3220 962 3295 πατρικὸν,
1031 3221 1122 3275 καὶ
1185 3222 1510 3296 προσπεσὼν
1578 3221 1653 3284 ὠς
1722 3219 1954 3291 sit)st

194 3315 504 3389 Θρηνησων
563 3312 865 3388 ὑφαιρεῖται
922 3310 1094 3384 λάθρα
1148 3319 1247 3380 τῆς
1300 3311 1502 3367 ἐκεῖνου
1553 3314 1740 3388 χειρὸς
1782 3313 1874 3367 τὸν

200 3408 605 3480 σῳραγιστῆρα
637 3401 950 3457 δακτύλιον.
983 3400 1104 3458 Εἰσὶ
1147 3398 1194 3454 δ’
1242 3401 1294 3456 οἳ
1347 3403 1483 3457 κατὰ
1523 3405 1747 3477 γνώμην
1781 3407 1878 3457 τοῦ

197 3495 420 3566 πατρὸς
481 3489 644 3545 αὐτόν
705 3511 832 3569 φασι
890 3488 1015 3545 τόδε
1071 3489 1452 3561 πεποιηκέναι,
1515 3492 1588 3553 ὡς
1660 3489 1880 3548 δίδωσιν

198 3591 413 3645 ἐννοεῖν
471 3589 540 3644 τὰ
589 3588 725 3661 μετὰ
777 3587 960 3663 βραχὺ
1013 3585 1387 3662 ῥηθησόμενα.
1442 3588 1648 3645 Αὐτίκα
1703 3590 1881 3645 τοίνυν

198 3682 224 3734 ὁ
297 3680 560 3747 Ἰωάννης
613 3676 744 3737 τοὺς
802 3676 1125 3750 συνίστορας
1172 3677 1452 3750 ἡθροικὼς
1498 3679 1589 3732 καὶ
1635 3681 1696 3734 τὸ
1744 3700 1880 3755 πρα-

200 3774 345 3848 χθὲν
402 3767 702 3846 ἡγγελκὼς
744 3767 831 3823 ἐπὶ
883 3766 1118 3838 κέλητος
1186 3769 1302 3841 μεθ’
1377 3767 1564 3824 ὅπλων
1617 3770 1755 3845 πρὸς
1817 3772 1881 3825 τὸ

207 3863 480 3934 μέγιστον
541 3858 768 3933 ἀρχεῖον
846 3855 1157 3931 ἐξώρμησε,
1215 3858 1335 3912 κατ’
1394 3855 1563 3928 αὐτὴν
1615 3861 1714 3928 τήν
1770 3864 1882 3914 τῶν

205 3959 526 4034 Μαγγάνων
564 3956 743 4029 μονὴν
790 3955 880 4010 καὶ
940 3956 1034 4018 τὰς
1079 3954 1270 4031 ἀγυιὰς
1301 3955 1509 4028 ὁμοίως
1539 3962 1638 4025 τῆς
1669 3954 1886 4020 πόλεως

205 4050 324 4105 ὑπὸ
360 4046 612 4118 πλήθους
676 4049 774 4100 τοῦ
838 4045 1151 4122 σύμφρονος
1210 4045 1296 4098 καὶ
1359 4049 1466 4100 τῶν
1523 4046 1659 4100 κατὰ
1691 4047 1881 4122 φήμην

205 4145 329 4195 τῶν
386 4135 685 4212 δρωμένων
744 4134 1184 4209 συναλιζομένων
1243 4134 1564 4190 ἆστυπόλων
1629 4134 1885 4210 βασιλεὺς

209 4229 577 4301 αὖτοκράτωρ
637 4225 1140 4304 ἀνευφημούμενος.
1200 4230 1261 4280 Ἢ
1324 4223 1542 4300 βασιλὶς
1589 4221 1644 4279 δὲ
1675 4225 1884 4300 Εἰρήνη

205 4320 312 4373 καὶ
345 4320 533 4391 μήτηρ
561 4321 663 4370 τοῦ
694 4316 948 4372 Ἰωάννου
1008 4317 1086 4385 (8)
1150 4314 1287 4389 πρὸς
1347 4318 1454 4368 τῶν
1488 4312 1630 4368 οὕτω
1660 4317 1886 4389 γινομέ-

209 4438 325 4471 νων
387 4408 803 4488 ἒκθαμϐηθεῖσα
865 4411 1120 4466 στείλασα
1184 4410 1555 4483 μετεπέμπετο
1605 4412 1694 4466 τὸν
1748 4412 1887 4481 υἱὸν,

209 4506 303 4561 καὶ
364 4504 605 4578 παρῄνει
663 4505 772 4556 τῶν
832 4500 882 4554 έν
943 4499 1134 4578 χερσὶν
1196 4501 1554 4574 ἂποσχέσθαι.
1613 4501 1703 4564 Ὠς
1750 4498 1796 4554 δ’
1825 4501 1890 4570 ἧν

1981 1921 2206 1992 gotium
2241 1939 2374 1978 cum
2424 1924 2687 1997 cognatis
2745 1926 2835 1981 sui
2886 1927 3167 1983 studiosis
3217 1929 3631 1998 communicat,

1983 2025 2228 2080 quorum
2259 2011 2531 2084 princeps
2563 2014 2876 2070 eratfrater
2906 2015 3165 2071 Isaacius
3199 2034 3212 2072 :
3245 2022 3303 2072 et
3332 2017 3481 2072 clam
3512 2033 3631 2072 ma-

1981 2104 2067 2154 tre
2121 2109 2422 2170 paternum
2482 2101 2820 2158 cubiculum
2869 2103 3190 2176 ingressus,
3237 2110 3292 2160 et
3343 2110 3626 2177 tanquam

1982 2189 2255 2246 morbum
2287 2191 2415 2261 ejus
2447 2191 2746 2263 deplorare
2771 2191 2961 2261 vellet,
2985 2199 3311 2264 prostratus
3344 2195 3629 2252 annulum

1984 2277 2055 2332 de
2084 2294 2259 2334 manu
2291 2279 2420 2350 ejus
2451 2280 2715 2353 surripit.
2741 2281 2893 2337 Sunt
2922 2286 3118 2338 tamen
3150 2284 3252 2354 qui
3292 2284 3348 2339 id
3396 2300 3530 2340 eum
3561 2286 3630 2341 de

1982 2370 2274 2424 sententia
2323 2371 2512 2442 patris
2562 2372 2772 2428 fecisse
2825 2373 3166 2442 afﬂrment;
3221 2373 3396 2446 idque
3444 2391 3510 2431 ex
3563 2375 3636 2431 iis

1983 2474 2113 2529 quas
2145 2475 2279 2514 mox
2304 2468 2625 2531 sequentur
2673 2461 2741 2517 ﬁt
2785 2461 3105 2534 probabile.
3155 2463 3298 2518 Cum
3351 2468 3545 2519 autem
3575 2463 3634 2519 in

1982 2551 2131 2602 ccetu
2166 2564 2410 2604 suorum
2462 2566 2584 2606 rem
2635 2555 2861 2622 gestam
2913 2553 3296 2623 exposuisset,
3337 2569 3514 2624 eques
3561 2553 3634 2609 ad

1985 2636 2282 2693 maximam
2313 2638 2530 2710 regiam
2559 2639 2909 2711 properavit,
2943 2641 3123 2697 armis
3153 2641 3424 2713 stipatus,
3458 2647 3636 2713 atque

1983 2725 2041 2780 in
2075 2725 2201 2797 ipso
2233 2726 2544 2799 Manganio
2579 2729 2935 2784 monasterio
2985 2735 3041 2785 et
3092 2729 3252 2786 urbis
3299 2731 3636 2804 regionibus

1983 2831 2016 2870 a
2050 2815 2426 2871 multitudine
2457 2816 2546 2872 sui
2577 2817 2860 2887 studiosa,
2893 2821 2950 2874 et
2979 2817 3053 2874 iis
3090 2819 3188 2890 qui
3236 2820 3392 2876 fama
3431 2821 3510 2876 rei
3551 2837 3641 2876 ex-

1984 2904 2081 2960 citi
2114 2905 2172 2960 in
2207 2905 2344 2962 urbe
2379 2908 2781 2976 versabantur,
2837 2909 3154 2980 imperator
3197 2909 3484 2965 salutatus
3528 2917 3637 2966 est.

1983 2994 2206 3059 Quibus
2229 2995 2404 3052 rebus
2434 2995 2600 3052 Irene
2629 2997 2828 3052 territa
2863 2997 3053 3052 filium
3103 2999 3332 3054 monuit
3380 3007 3441 3054 ut
3490 3015 3640 3071 cmp-

1983 3082 2060 3139 tis
2091 3083 2418 3141 desisteret-
2451 3086 2560 3141 Sed
2595 3101 2730 3142 cum
2760 3085 2810 3142 is
2844 3100 3075 3142 summo
3129 3087 3324 3142 studio
3374 3103 3494 3144 rem
3538 3105 3638 3144 ur-

1983 3177 2144 3244 geret
2175 3189 2366 3246 neque
2408 3175 2602 3231 verbis
2678 3174 2884 3230 matris
2935 3174 3255 3247 quidquam
3293 3182 3642 3245 moveretur,

1989 3263 2338 3332 Bryennium
2369 3263 2638 3321 hortatur
2669 3269 2735 3320 ut
2780 3281 2840 3321 se
2889 3265 3172 3335 adjutrice
3225 3281 3470 3337 regnum
3504 3267 3646 3323 atie-

1988 3355 2122 3407 ctet.
2169 3357 2240 3408 Ut
2287 3369 2420 3409 vero
2478 3369 2549 3410 ne
2599 3353 2684 3410 sic
2731 3353 2970 3426 quidem
3026 3371 3117 3410 res
3166 3355 3535 3425 procedebat,
3569 3356 3640 3410 ad

1990 3441 2267 3498 maritum
2315 3443 2533 3500 accedit
2583 3443 2642 3499 in
2695 3442 2846 3499 lecto
2896 3442 3336 3499 decu’mbentem
3377 3453 3431 3499 et
3479 3446 3639 3500 tenui

1989 3531 2203 3602 spiritu
2235 3533 2414 3588 vitam
2464 3532 2658 3590 adhuc
2703 3550 2817 3604 praa
2869 3549 2932 3588 se
2982 3533 3283 3602 ferentem,
3315 3539 3371 3588 et
3415 3532 3640 3604 corpori

1991 3622 2118 3692 ejus
2149 3622 2500 3678 incumbens
2530 3622 2682 3678 clare
2711 3622 3078 3691 vociferatur,
3130 3622 3408 3694 lacrymis
3456 3623 3647 3676 instar

1992 3709 2166 3764 fontis
2208 3709 2682 3777 exuberantibus,
2735 3709 2921 3764 filium
2973 3711 3067 3764 11
3125 3709 3250 3779 ipso
3309 3709 3498 3764 adhuc
3543 3724 3647 3763 su-

1993 3798 2233 3869 perstite
2283 3816 2371 3855 res
2430 3815 2610 3854 novas
2671 3797 3002 3854 molientem
3056 3813 3299 3867 regnum
3351 3798 3642 3854 affectare.

1996 3887 2095 3943 llle
2124 3903 2260 3943 vero
2290 3887 2655 3959 gravioribus
2703 3887 2876 3942 rebus
2927 3895 3260 3958 occupatus,
3321 3887 3542 3942 scilicet
3580 3887 3640 3942 in

1993 3977 2124 4030 vita;
2147 3977 2390 4044 exitu,et
2409 3975 2855 4048 peregrinationi
2886 3975 3132 4046 jamjam
3175 3976 3418 4030 instanti
3452 3977 3644 4031 inten-

1997 4074 2109 4133 tus,
2142 4065 2328 4122 oculis
2360 4067 2430 4121 ad
2465 4065 2705 4137 angelos
2737 4065 3068 4120 animorum
3114 4065 3290 4121 duces
3329 4066 3648 4134 conversis,

1997 4155 2236 4211 nihilad
2270 4173 2336 4212 ea
2368 4155 2693 4229 respondit.
2736 4153 2841 4210 llla
2896 4170 3030 4210 vero
3083 4155 3274 4211 acrius
3320 4161 3558 4226 urgente
3589 4159 3648 4210 et

1997 4245 2103 4300 filii
2126 4246 2276 4301 facta
2304 4246 2599 4315 aegerrime
2629 4245 2870 4314 ferente,
2898 4259 3024 4300 cum
3074 4243 3280 4316 exiguo
3332 4250 3648 4314 coactoque

1998 4338 2137 4406 risu,
2171 4337 2445 4393 manibus
2496 4337 2553 4391 in
2613 4333 2820 4390 cmlum
2874 4333 3146 4400 sublatis,
3179 4336 3301 4390 sive
3345 4351 3411 4388 eo
3443 4335 3649 4390 nuntio

2000 4426 2320 4482 delectatus
2350 4431 2406 4481 et
2449 4426 2563 4482 Deo
2607 4424 2822 4496 gratias
2889 4439 3068 4495 agens
3129 4424 3250 4479 sive
3303 4423 3652 4479 delictorum

1997 4515 2224 4572 veniam
2258 4532 2291 4571 a
2321 4515 2435 4570 Deo
2467 4513 2759 4585 ﬂagitans,
2807 4511 2976 4567 vultu
3029 4529 3229 4583 parum
3275 4511 3492 4567 blando
3522 4527 3648 4567 eam

216 4593 352 4655 ὅλος
380 4597 492 4647 τῶν
531 4589 832 4666 δρωμένων
867 4591 894 4643 ὁ
927 4590 1186 4659 Ἰωάννης
1245 4589 1334 4644 καὶ
1391 4591 1506 4644 κατ’
1539 4586 1730 4644 οὐδένα
1759 4589 1874 4664 τρό-

1995 4604 2300 4676 castigavit
2345 4604 2495 4673 quod
2541 4601 2768 4674 imperii
2821 4600 3252 4656 contentionem
3301 4601 3357 4656 in
3392 4603 3651 4656 discessu

220 4705 326 4737 123v
385 4689 489 4750 τῆς
555 4679 766 4753 μητρὸς
823 4677 1195 4756 ἐπεστρέφετο,
1254 4678 1344 4733 τὸν
1399 4677 1682 4752 Βρυέννιον
1730 4678 1880 4754 ἑπιρ-

222 4774 487 4845 ῥώννυσιν
547 4767 826 4832 ἐπιθέσθαι
884 4771 952 4842 τῇ
1015 4765 1268 4842 βασιλείᾳ
1325 4767 1740 4844 συναρηγοῦσης
1790 4767 1886 4822 αὖ-

215 4880 340 4941 τῆς.
373 4873 463 4933 Ὠς
499 4869 547 4925 δ’
582 4867 699 4924 οὐδ’
746 4869 887 4924 οὕτω
943 4870 1010 4924 τά
1066 4870 1201 4922 κατά
1259 4869 1444 4942 σκέψιν
1479 4869 1621 4942 ἑώρα
1654 4863 1884 4942 προϐαί-

216 4982 403 5027 νοντα,
436 4960 691 5034 πρόσεισι
726 4962 804 5030 τῷ
860 4955 1015 5032 ἀνδρὶ
1077 4956 1165 5012 ἐπὶ
1223 4956 1417 5027 κλίνης
1451 4955 1766 5031 ἒῤῥιμμένῳ
1795 4956 1884 5012 καὶ

223 5052 516 5127 βραχείαις
577 5049 880 5112 ἀναπνοαῖς
933 5049 1024 5104 τὸν
1088 5045 1264 5117 ζῶντα
1309 5047 1882 5122 ὑποσημαίνοντι,καὶ

2005 4694 2184 4751 animi
2211 4710 2245 4748 a
2275 4708 2512 4765 corpore
2545 4695 2819 4747 moveret.
2845 4690 3052 4746 Mulier
3091 4691 3288 4761 itaque
3330 4689 3486 4745 haud
3539 4691 3649 4745 du-

1997 4785 2084 4841 bie
2105 4783 2376 4838 maritum
2402 4781 2473 4837 iis
2503 4797 2630 4853 qua:
2667 4779 2926 4836 audisset
2953 4778 3306 4834 delectatum
3345 4795 3471 4834 esse
3504 4784 3647 4842 rata,

1994 4880 2060 4929 ut
2085 4874 2206 4944 jam
2225 4872 2382 4927 omni
2405 4873 2683 4927 frustrata
2713 4885 2816 4941 spe
2837 4868 2928 4939 dej
2941 4873 3179 4938 ectaque
3208 4867 3501 4938 prioribus
3517 4881 3650 4920 con-

1995 4963 2304 5033 siliis,cum
2331 4977 2542 5033 magno
2566 4959 2789 5032 gemitu
2815 4957 2957 5012 dixit
2981 4973 3038 5012 :«
3056 4955 3099 5012 Ο
3119 4955 3344 5022 marite,
3373 4959 3429 5009 et
3449 4953 3648 5007 vivens

1995 5052 2266 5108 omnibus
2286 5049 2436 5107 dolis
2470 5050 2799 5105 instructus
2826 5043 3014 5113 fuisti,
3043 5043 3197 5099 aliud
3247 5043 3435 5096 dicere
3483 5039 3646 5096 aliud

1610 5287 1777 5349 Hier.
1811 5286 2023 5348 Wolfii
2053 5293 2240 5347 notas.

304 5516 483 5592 (SHB
538 5508 766 5592 βασὲλῖς
824 5504 881 5563 δὲ
935 5509 1147 5592 statim
1200 5505 1311 5592 καὶ.
1351 5507 1536 5580 μήτηρ
1571 5506 1878 5592 fimi“?-

223 5581 549 5644 Cb‘oniates'
604 5581 857 5638 nimium
900 5581 1204 5647 sollicitus,
1259 5583 1320 5634 ut
1350 5583 1609 5649 apparet,
1646 5596 1714 5635 ne
1755 5581 1884 5651 quis

225 5675 389 5714 error
408 5674 478 5713 ex
499 5653 759 5728 propriis
780 5653 1110 5728 nominibus
1133 5651 1654 5728 exsistat,ep_itheta
1675 5669 1882 5728 super-

225 5722 745 5798 vacanea'adjicit.
780 5725 978 5798 Irenen
1011 5739 1138 5798 esse
1179 5722 1605 5798 imperatricem
1633 5729 1684 5798 et
1717 5722 1891 5778 Joan-

219 5801 326 5861 nis
359 5793 612 5859 matrem'
633 5797 780 5856 satis
811 5795 1223 5863 intelleximus,
1243 5793 1432 5869 neque
1459 5793 1785 5868 periculum
1807 5798 1894 5851 est

1991 5523 2062 5563 ne
2098 5523 2252 5561 nunc
2281 5504 2391 5559 alia
2423 5506 2584 5560 Irene
2619 5501 2993 5574 intelligatur.
3027 5502 3213 5566 Quare
3233 5501 3350 5574 ibas
3383 5505 3437 5557 et
3477 5500 3644 5556 simi-

1992 5581 2077 5634 les
2099 5575 2516 5650 περισσολογίας
2549 5573 2955 5650 οωιιιθνοίῃοη
2987 5573 3431 5650 dubitavinem
3465 5575 3643 5650 etiam

1995 5646 2184 5705 leciin
2218 5646 2645 5720 supervacanea
2666 5646 3045 5720 propriorum
3087 5646 3391 5720 nominum
3442 5647 3642 5720 repeti-

1998 5722 2153 5778 tione
2185 5717 2712 5791 aut'proirelativis
2769 5717 3216 5791 pronominibus
3263 5717 3648 5776 collocatione

2001 5793 2253 5852 molesta
2279 5790 2336 5850 et
2364 5790 2585 5851 odiosa.
