4068 6196
284 354 406 413 329

359 493 431 542 I".
497 492 750 563 Ἡμερῶν
800 486 858 543 δὲ
912 493 1121 563 συχνῶν
1179 487 1580 565 διαγενομένων
1636 489 1736 557 τὴν
1769 487 1844 549 είς
1876 486 1945 542 τὰ
1976 503 2029 568 Α

285 580 491 655 ἀρχεῖα
519 575 760 652 πάροδόν
800 599 856 633 τε
903 578 993 632 καὶ
1047 572 1230 648 ἔξοδον
1271 578 1439 647 ἀνῆκε
1489 582 1570 650 τῷ
1622 575 1946 653 βουλομένῳ

278 667 473 735 παντὶ,
503 671 617 721 τῶν
646 688 705 721 τε
747 672 944 722 κοινῶν
1002 669 1337 743 πραγμάτων
1390 667 1659 746 ἐφήπτετο
1709 668 1945 739 καθάπερ

278 760 497 827 ἡρεῖτο,
532 757 608 817 ὡς
638 755 749 827 ἤδη
783 756 838 811 ἐν
877 759 958 829 τῷ
998 756 1233 831 ἀσφαλεῖ
1268 756 1559 821 καθεστώς.
1617 755 1799 812 Ἀλλὰ
1856 757 1945 809 καὶ

277 853 400 910 τοῖς
436 848 710 923 ἐκγένους
767 849 855 903 καὶ
919 846 1245 911 οἷκειώσεως
1312 847 1460 920 αὖτῷ
1522 840 1943 923 προσεγγίξουσι

276 939 417 992 κατᾶ
445 938 510 991 τὸ
571 935 840 1011 ἀνάλογον
895 936 1081 999 αὐτοῖς
1139 938 1585 1012 προσφερόμενος
1644 932 1943 1011 ἁρμοδίους

278 1028 497 1099 ἑκάστῳ
554 1028 791 1100 ἀπένεμε
862 1029 1049 1100 τιμάς·
1129 1032 1211 1099 τῷ
1267 1049 1328 1104 γε
1389 1036 1496 1100 μὴν
1559 1026 1810 1098 Ἰσαακίῳ
1863 1030 1944 1098 τῷ

275 1119 602 1190 κασιγνήτῳ
680 1118 1071 1190 προστετηκὼς
1156 1118 1411 1195 συμφυὴς
1491 1115 1581 1171 καὶ
1665 1111 1942 1188 ὁμὸπνους

276 1204 559 1260 ἐδείκνυτο
597 1252 611 1273 ,
667 1207 762 1260 καὶ
850 1207 926 1267 ὡς
984 1207 1239 1285 φιλοῦντι
1331 1208 1427 1278 μὶν
1492 1207 1626 1279 ὑπὲρ
1682 1225 1939 1275 απαντας,

280 1292 525 1364 μάλιστα
583 1290 629 1347 δ’
690 1294 767 1354 ὡς
826 1294 895 1347 τὰ
948 1294 1186 1362 πάνταῆ
1220 1293 1285 1347 τὰ
1345 1292 1524 1348 πλείω
1582 1292 1937 1367 εἷσενέγκαντι

274 1382 414 1456 πρὸς
473 1384 575 1450 τὴν
636 1377 887 1437 ἐπίϐασιν
945 1390 1045 1452 τῆς
1099 1383 1303 1458 ἀρχῆς’
1365 1383 1447 1455 [Ρ.
1480 1386 1538 1455 7]
1595 1386 1786 1436 τοῦτον
1834 1381 1937 1456 γάρ

274 1471 686 1543 καθισταμένης
744 1465 824 1526 ἔτι
906 1478 1007 1541 τῆς
1079 1470 1359 1545 βασιλείας
1417 1469 1680 1543 καθέδρας
1734 1491 1793 1525 τε
1847 1469 1937 1524 καὶ

272 1559 553 1631 τραπέζης
585 1558 637 1629 ἐξ
684 1559 810 1613 ἲσου
863 1560 1124 1614 κοινωνὸν
1182 1554 1588 1633 παρελάμϐανε,
1646 1560 1736 1613 καὶ
1779 1579 1935 1631 μετε-

274 1646 437 1702 δίδου
495 1653 598 1713 τῆς
686 1647 1059 1722 ἀναρρήσεως,
1129 1649 1293 1703 ὁποία
1351 1648 1653 1723 ἐπιπρεπῆς
1710 1652 1790 1719 τῷ
1840 1647 1937 1703 τοῦ

274 1733 785 1812 σεῦαστοκρᾶτορος
844 1739 960 1810 (14)
1016 1737 1328 1810 ἀξιώματι,
1379 1738 1425 1809 ᾧ
1482 1740 1617 1811 πρὸς
1675 1742 1773 1791 τοῦ
1829 1757 1938 1791 πα-

268 1826 403 1901 τρὸς
468 1824 716 1895 Ἀλεξίου
771 1827 1035 1898 τετίμητο
1091 1826 1394 1887 Ἰσαάκιος.
1456 1826 1559 1882 Καὶ
1619 1824 1936 1904 φροντιστὰς

276 1915 340 1971 δὲ
398 1923 509 1971 τῶν
564 1914 850 1987 δημοσίων
909 1916 1248 1991 πραγμάτων
1308 1912 1690 1989 προῦϐἀλλετο
1738 1913 1797 1970 ἐκ
1824 1919 1932 1969 τῶν

276 2004 404 2057 καθ’
436 2004 574 2077 αἶμᾶ
605 2004 656 2057 οἱ
688 2004 1156 2078 προσεγγιζόντων
1188 2004 1281 2057 τὸν
1341 2002 1633 2075 Κομνηνὸν
1660 2001 1930 2072 Ἰωάννην,

273 2091 337 2145 ὅν
372 2091 464 2146 καί
494 2096 574 2163 τῷ
612 2095 711 2146 τοῦ
769 2092 1269 2165 παράκοιμωμένου
1298 2091 1588 2164 τετίμηκεν
1637 2091 1930 2162 ἀξιώματι,

270 2180 367 2235 καὶ
424 2181 522 2236 τὸν
571 2180 890 2251 Ταρωνίτην
978 2181 1280 2256 Γρηγόριον
1340 2182 1470 2235 ὅντα
1526 2175 1929 2251 πρωτοϐεστιά-

253 2291 403 2346 ριον.
440 2268 605 2327 Ἀλλ’
628 2270 657 2324 ὁ
690 2271 809 2342 μὲν,
842 2270 925 2324 ’ὁτι
964 2272 1039 2343 μή
1073 2274 1153 2341 τῷ
1184 2268 1437 2342 δακτύλῳ
1465 2269 1528 2323 τὸ
1576 2273 1681 2322 πᾶν
1716 2266 1926 2323 διεπέτ-

258 2381 405 2428 τευε,
440 2354 681 2433 σοϐαρὰν
731 2359 1050 2434 προφαίνων
1102 2359 1269 2433 ὀφρὺν
1339 2358 1430 2413 καὶ
1490 2354 1928 2435 φρονηματώδης

261 2450 343 2509 ὡς
374 2445 441 2503 οὔ
490 2468 578 2503 τις
632 2447 805 2510 ἄλλος
860 2446 1232 2521 δεικνύμενος,
1289 2449 1383 2503 τὸν
1438 2449 1758 2522 φροντιστὴν
1818 2450 1925 2500 τῶν

258 2542 466 2592 κοινῶν
525 2536 929 2614 ἀπεφορτίσατο
994 2538 1210 2612 τάχιον·
1273 2537 1301 2591 ὁ
1359 2534 1417 2590 δὲ
1478 2536 1776 2608 Γοηγόριος
1829 2542 1929 2603 τῆς

262 2626 645 2701 προκειμένης
704 2626 994 2705 ἐχόμενος,
1056 2623 1198 2699 μηδὲ
1267 2627 1447 2700 μακρά
1505 2619 1664 2699 βιϐἁς
1724 2623 1926 2700 ἢγοῦν

266 2716 527 2771 ἐκτείνων
579 2713 749 2777 πόδας
806 2711 1243 2791 ὕπερδαθμίους,
1307 2715 1687 2788 μονιμωτέρας
1736 2712 1929 2791 ἰσχύος

268 2803 603 2882 μετείληχε.
674 2804 1025 2878 Παρεζεύχθη
1085 2801 1129 2858 δ’
1187 2802 1240 2866 ἐς
1304 2803 1521 2876 ὕστερον
1579 2802 1783 2857 τουτωί
1836 2800 1926 2856 καί

256 2917 348 2957 τις
392 2895 699 2969 Γρηγόριος
745 2888 954 2969 ἔτερος,
1012 2896 1058 2967 ᾧ
1118 2894 1448 2969 Καματηρὸς
1506 2895 1539 2963 ἠ
1602 2892 1915 2963 ἐπίκλησις.

255 2986 326 3041 Ὀ
356 2981 403 3036 δ’
443 2984 584 3055 ἀνὴρ
618 2982 777 3043 οὗτος
834 2981 1136 3056 ἐλλόγιμος
1196 2983 1311 3055 μὲν,
1373 2983 1435 3037 τὸ
1494 2979 1551 3036 δὲ
1610 2981 1767 3057 γένος
1828 2979 1927 3035 οὐκ

254 3072 545 3147 εὐπρεπὴς
600 3069 714 3126 οὐδ’
772 3069 965 3127 ἐπίπαν
1030 3072 1337 3148 εὐπάρυφος
1370 3114 1385 3139 ,
1441 3075 1522 3143 τῷ
1591 3070 1808 3144 βασιλεῖ
1866 3067 1923 3124 δὲ

252 3160 645 3240 προσληφθεὶς
689 3161 916 3233 Ἀλεξίῳ
945 3161 1035 3215 καὶ
1084 3166 1200 3222 τοῖς
1262 3160 1917 3234 ὑπογραμματευομὲνοις

1818 353 2215 415 HISTORIA.

3590 376 3710 438 330

2131 491 2225 543 IlI.
2264 490 2478 547 Diebus
2509 494 2917 567 compluribus
2942 499 3158 571 elapsis
3202 504 3429 561 aditum
3475 514 3533 563 et
3588 514 3709 567 exi-

2058 583 2185 633 tum
2216 579 2421 650 palatii
2452 583 2637 637 cuivis
2670 586 2770 641 13
2795 586 3045 643 liberum
3080 590 3239 657 fecit,
3292 600 3350 650 et
3392 599 3711 670 rempubli-

2057 682 2186 719 cam
2230 682 2335 721 suo
2385 668 2672 725 arbitratu
2719 672 3137 732 administrare
3187 682 3358 753 coepit
3420 691 3486 739 ut
3524 668 3707 747 rebus

2050 753 2177 824 jam
2210 756 2268 810 in
2300 762 2422 811 tuto
2454 758 3061 829 collocatis.Cognatis
3090 773 3146 821 et
3176 769 3570 831 familiaribus
3600 796 3706 849 pro

2057 842 2341 914 dignitate
2376 847 2662 918 cujusque
2696 850 2980 907 honorem
3004 854 3231 926 habuit,
3270 860 3556 918 lsaacium
3597 842 3705 923 ira-

2054 936 2205 986 trem
2233 938 2394 988 tanto
2424 951 2625 991 amore
2649 951 3107 1009 prosequens,ut
3127 962 3160 999 a
3182 947 3367 1003 latere
3390 950 3518 1019 ejus
3545 969 3702 1010 nun-

2055 1038 2231 1090 quam
2246 1023 2551 1079 discedere
2574 1026 2900 1099 eodemque
2923 1032 3133 1101 spiritu
3156 1035 3238 1088 uti
3264 1035 3574 1107 videretur,
3585 1049 3702 1098 tum

2053 1113 2211 1181 quod
2250 1113 2322 1168 ab
2356 1131 2422 1168 eo
2455 1132 2829 1188 summopere
2852 1120 3359 1193 diligebatur,tum
3392 1132 3549 1199 quod
3573 1136 3701 1204 ejus

2051 1199 2359 1265 unius,aut
2380 1209 2540 1256 certe
2554 1205 2853 1276 praacipuo
2872 1209 3343 1282 studio,regnum
3359 1199 3694 1290 occuparat.

2051 1290 2230 1361 Cujus
2249 1291 2416 1346 initio
2440 1296 2637 1348 statim
2656 1298 2782 1365 pari
2798 1299 2945 1353 sella
2966 1301 3292 1374 eademque
3315 1317 3606 1369 mensa.et
3628 1328 3698 1367 ea

2049 1379 2515 1448 proclamatione
2529 1400 2662 1438 eum
2677 1385 2949 1457 dignatus
2963 1395 3052 1444 est
3065 1392 3254 1460 qualis
3273 1398 3695 1455 sehastocrato-

2049 1468 2131 1521 ris
2153 1468 2437 1525 honorem
2468 1472 2919 1546 decebat,quem
2945 1494 2980 1532 a
3009 1486 3174 1549 patre
3200 1484 3406 1541 Alexio
3442 1490 3694 1545 lsaacius

2048 1564 2375 1628 acceperat.
2409 1561 2770 1632 Reipublicae
2801 1582 3002 1621 curam
3055 1574 3319 1638 cognatis
3350 1579 3689 1645 mandabat,

2046 1647 2255 1701 Joanni
2288 1649 2794 1722 Comneno,quem
2838 1657 3234 1714 accubitorem
3269 1663 3428 1735 legit,
3461 1672 3521 1720 et
3549 1670 3691 1721 Gre-

2046 1736 2209 1806 gorio
2241 1738 2531 1793 Taronitre
2562 1744 3030 1811 protovestiario.
3071 1750 3282 1804 Verum
3314 1752 3481 1817 alter,
3531 1757 3689 1825 quod

2047 1823 2418 1881 intolerabile
2459 1830 2838 1899 supercilium
2862 1835 3187 1904 attollebat,
3213 1840 3322 1894 nisi
3355 1842 3534 1914 digito
3551 1823 3690 1899 ver-

2044 1919 2193 1967 teret
2224 1916 2447 1975 omnia.
2482 1922 2541 1970 et
2571 1917 2787 1984 insigni
2848 1926 3182 1994 arrogantia
3229 1929 3509 1997 praaditus
3563 1940 3687 1989 erat

2041 2002 2156 2056 cito
2186 2018 2221 2056 a
2250 2003 2592 2074 reipublicaa
2640 2006 3055 2076 gubernaculis
3088 2019 3176 2067 est
3206 2022 3438 2072 amotus
3474 2036 3487 2071 :
3544 2021 3687 2075 Gre-

2041 2093 2240 2163 gorius
2297 2112 2430 2149 vero
2481 2097 2731 2168 negotiis
2780 2100 3055 2170 gerendis
3106 2103 3389 2174 intentus,
3422 2113 3478 2161 et
3533 2110 3690 2165 intra

2039 2183 2304 2237 muneris
2330 2184 2419 2238 sui
2443 2184 2663 2240 limites
2688 2187 2951 2243 modeste
2976 2207 3035 2245 se
3060 2192 3688 2266 continenspotestate

2038 2268 2410 2326 diuturniore
2434 2288 2578 2328 usus
2609 2280 2716 2329 est.
2740 2275 2884 2330 Huic
2916 2285 3121 2348 postea
3150 2282 3377 2355 collega
3408 2283 3578 2341 datus
3598 2295 3692 2341 est

2037 2358 2189 2413 alter
2263 2361 2594 2431 Gregorius,
2675 2365 3018 2423 Camaterus
3110 2379 3523 2442 cognomento,
3598 2378 3686 2431 vir

2038 2449 2304 2521 egregius
2336 2450 2438 2506 ille
2470 2452 2733 2522 quidem,
2766 2454 2869 2509 sed
2897 2457 3145 2513 obscuro
3206 2466 3383 2531 atque
3437 2463 3682 2533 ignobili

2038 2538 2141 2591 14
2170 2553 2385 2609 genere
2419 2544 2666 2596 ortus.Is
2682 2543 2755 2598 ab
2780 2544 2982 2599 Alexio
3009 2546 3068 2601 in
3106 2548 3431 2603 scribarum
3468 2568 3683 2608 nume-

2035 2641 2166 2678 rum
2199 2626 2449 2683 allectus
2480 2631 2810 2700 provincias
2842 2636 3213 2705 peragrabat,
3247 2643 3306 2691 et
3333 2654 3405 2692 ex
3445 2640 3686 2696 ordina-

2035 2714 2195 2768 tione
2227 2716 2583 2773 tributorum
2611 2735 2855 2792 magnas
2878 2740 3019 2793 opes
3039 2724 3289 2796 adeptus
3307 2727 3682 2798 imperatoris

2035 2803 2385 2860 affinitatem
2443 2809 2740 2880 expetivit,
2795 2812 3090 2884 ductaque
3142 2823 3389 2888 cognata
3421 2820 3676 2890 quadam

2036 2893 2164 2963 ejus
2195 2894 2494 2965 logotheta
2516 2904 2880 2955 secretorum
2903 2902 3244 2975 designatus
3272 2906 3676 2964 est.C:eterum

2032 2984 2285 3037 Joannes
2318 2986 2612 3053 Axuchus,
2636 2989 2876 3045 natione
2911 2992 3326 3052 Persa.omnes
3347 2997 3501 3067 apud
3520 2999 3678 3053 hunc

2034 3072 2453 3143 imperatorem
2516 3078 2863 3140 auctoritate
2931 3083 3212 3147 anteibat,
3259 3086 3359 3155 qui
3412 3087 3679 3159 principe

2033 3161 2178 3216 urbe
2212 3161 2498 3234 Bithynia:
2548 3164 2742 3221 Nicaaa
2772 3169 3006 3224 Persico
3039 3171 3347 3229 dominatu
3406 3174 3673 3243 liberata,

247 3248 590 3326 ηταλεγεῖς
654 3250 719 3304 τά
803 3249 1070 3324 ἐπαρχίας
1155 3249 1508 3326 ἀμφεποτᾶτο
1543 3294 1557 3319 ,
1643 3251 1746 3303 κάκ
1818 3253 1915 3303 τοῦ

2040 3266 2163 3304 sum
2187 3251 2549 3308 Baimundus
2562 3254 2622 3307 in
2645 3255 3019 3313 Palaestinam
3035 3263 3678 3336 contenderet,capitur

249 3342 479 3394 τάσσειν
505 3338 708 3412 φόρους
763 3339 985 3400 ταῦταις
1046 3338 1286 3394 πλοῦτον
1338 3333 1714 3401 named;an
1752 3339 1917 3412 βαθὺν

250 3429 483 3502 ἠράσθη
513 3430 652 3482 κατά
679 3425 852 3497 κῆδος
893 3426 1111 3502 βασιλεῖ
1168 3429 1519 3505 συναφθῆναι.
1579 3428 1786 3484 Οὐκοῦν
1828 3428 1917 3480 καὶ

254 3518 646 3593 προσπλακεῖς
709 3521 807 3590 μιᾷ
863 3521 972 3571 τῶν
1029 3515 1235 3572 ἐκείνου
1294 3520 1564 3593 συγγενῶν
1623 3514 1918 3589 λογοθέτης

254 3613 371 3665 τῶν
405 3608 675 3681 πκρὲτων
705 3600 1112 3680 προύὸἐϐλητο.
1175 3608 1363 3683 Ἰσχυε
1421 3603 1466 3659 δ’
1526 3604 1661 3679 ὑπὲρ
1718 3604 1917 3666 πάντας

252 3697 416 3772 παγά
447 3695 593 3767 τῷδε
648 3700 727 3766 τῷ
785 3693 1004 3769 βασιλεῖ
1057 3693 1291 3755 καῖ’τὰς
1336 3695 1557 3768 πρώτας
1614 3691 1916 3766 ἐκαρποῦτο

248 3788 429 3860 τιμὰς
479 3788 508 3840 ὁ
569 3786 836 3859 Ἀξοῦχος
895 3785 1168 3856 Ἰωάννης,
1228 3786 1330 3840 Ἦν
1390 3782 1435 3839 δ’
1489 3781 1646 3844 οὗτος
1708 3783 1915 3856 Πέρσης

252 3878 327 3932 τὸ
383 3876 567 3949 γένος,
620 3882 722 3943 τῆς
790 3873 848 3928 δὲ
908 3879 1149 3938 Βιθυνῶν
1223 3874 1649 3949 προκαθημένης
1702 3872 1918 3935 πόλεως

254 3968 494 4025 Νικαίας
536 3969 639 4029 τῆς
668 3969 774 4019 τῶν
836 3965 1057 4038 Περσῶν
1116 3960 1424 4017 δυναστείας
1482 3960 1916 4036 ἀπαλλαγείσης,

248 4054 353 4110 ὅτε
383 4049 735 4126 Βαϊμοῦνδος
764 4059 867 4121 τῆς
926 4051 978 4111 ἐς
1038 4051 1368 4121 Παλαιστίνη
1431 4053 1658 4125 πορείας
1711 4049 1915 4125 εἷ’χετο,

248 4144 547 4218 συνέχεται
578 4142 672 4196 καὶ
732 4140 1030 4203 αὖτὸς’καὶ
1066 4146 1143 4213 τῷ
1192 4139 1409 4214 βασιλεῖ
1463 4137 1693 4212 Ἀλεξίῳ
1742 4136 1918 4213 δῶρον

244 4235 583 4308 παρέχεται.
628 4228 789 4299 Ἧλιξ
861 4228 907 4283 δ’
965 4228 1039 4284 ὥν
1091 4230 1308 4303 Ἰωάννῃ
1365 4234 1444 4301 τῷ
1505 4228 1721 4305 βασιλεῖ
1777 4250 1917 4303 συμ-

244 4324 506 4398 παίστωρ
565 4322 715 4394 αὖτῷ
773 4321 1174 4395 προσείληπτο,
1221 4324 1309 4376 καὶ
1357 4326 1466 4376 τῶν
1528 4319 1774 4376 οἴκιδίων
1824 4320 1915 4375 καὶ

2030 3344 2088 3392 et
2114 3339 2260 3409 ipse,
2292 3346 2348 3394 et
2371 3341 2573 3397 Alexio
2606 3342 2762 3399 dono
2784 3344 2976 3411 datus,
3011 3364 3144 3403 cum
3183 3352 3393 3407 Joanni
3426 3355 3670 3423 aequalis

2030 3433 2205 3495 esset,
2239 3429 2301 3482 in
2359 3430 2713 3487 collusorem
2774 3434 2902 3504 ejus
2959 3437 3178 3493 ascitus
3239 3440 3347 3494 fuit
3401 3448 3456 3496 et
3518 3443 3673 3498 inter

2029 3515 2387 3572 domesticos
2415 3524 2473 3572 et
2510 3520 2907 3579 cubicularios
2966 3526 3353 3583 charissimus
3413 3530 3668 3587 habitus.

2028 3608 2108 3660 Eo
2138 3624 2274 3662 vero
2306 3625 2504 3664 rerum
2548 3610 2733 3681 potito
2793 3630 2965 3668 omne
3024 3616 3329 3686 dignitatis
3378 3618 3676 3691 fastigium

2029 3712 2464 3769 supergressus,
2491 3700 2807 3771 magnique
2828 3702 3138 3759 domestici
3160 3705 3384 3761 honore
3407 3713 3674 3775 ornatus,

2030 3802 2098 3841 eo
2130 3788 2418 3857 processit
2450 3794 2512 3842 ut
2543 3789 2715 3843 multi
2765 3790 3209 3847 honoratissimi
3254 3794 3359 3848 viri
3389 3811 3459 3850 ex
3514 3797 3677 3868 regia

2030 3878 2384 3947 stirpe,'casu
2405 3877 2636 3933 obviam
2660 3879 2817 3947 facti,
2834 3882 3006 3951 equis
3028 3882 3452 3939 des-sendereni
3503 3887 3673 3957 eique

2028 3966 2319 4020 honorem
2350 3966 2850 4023 haberentErant
2877 3975 3076 4025 autem
3100 3972 3152 4025 ei
3176 3972 3299 4027 viro
3325 3990 3536 4029 manus
3554 3992 3674 4029 non

2028 4054 2102 4108 ad
2123 4053 2342 4108 bellum
2362 4055 2652 4111 duntaxat
2666 4057 3045 4121 eruditae,sed
3062 4060 3201 4116 etad
3219 4060 3523 4117 beneﬂcen
3535 4064 3677 4119 tiam

2029 4142 2311 4213 expedita:
2330 4148 2388 4199 et
2405 4147 2886 4216 promptannde
2904 4148 3121 4204 factum
3136 4155 3202 4205 ut
3220 4151 3453 4217 generis
3468 4151 3678 4208 obscu-

2028 4233 2262 4287 ritatem
2284 4249 2572 4305 generosa
2590 4234 2817 4291 indoles
2857 4243 2913 4291 et
2934 4237 3259 4294 liberalitas
3280 4240 3401 4295 fere
3424 4241 3666 4314 obtege-

2028 4327 2366 4393 rent,atque
2392 4324 2699 4379 Axuchum
2719 4326 2962 4381 charum
3006 4328 3323 4384 redderent
3364 4331 3665 4388 omnibus.

245 4417 572 4489 προκοιτῶν
626 4415 740 4484 (15)
789 4412 818 4465 ὁ
874 4408 1336 4489 προσφιλέστατος
1418 4411 1676 4483 κρίνεται.
1756 4409 1906 4466 Ἐπεὶ
1992 4405 2037 4462 δ’
2121 4403 2287 4479 ἐπέϐη
2338 4416 2439 4477 τῆς
2499 4410 2798 4484 βασιλείας,
2858 4417 3027 4468 πᾶσαν
3085 4412 3384 4489 ὐπερανέϐη
3436 4413 3675 4494 πρεσϐυ-

1078 4500 1245 4575 μέγας
1323 4499 1578 4571 τιμηθεὶς

246 4502 340 4576 τέρ
348 4514 413 4556 αν
472 4496 991 4574 παραδυνάστευσιν,

1673 4495 1734 4552 δο
1744 4498 2018 4571 μέστικὸς,

252 4590 544 4665 βασίλειον
608 4583 920 4643 ἀποϐαίνειι
992 4586 1087 4643 to?)
1148 4585 1315 4642 ἵππου
1381 4588 1472 4642 καὶ
1538 4587 1717 4659 τούτῳ
1775 4586 2065 4658 ἀπονέμειν
2122 4588 2233 4659 (16)

2114 4496 2187 4558 ὠς
2273 4500 2363 4552 καὶ
2450 4498 2704 4559 πολλοὺς
2802 4506 2911 4557 τῶν
2995 4502 3255 4577 ἐριτίμων
3328 4506 3462 4561 κατὰ
3518 4528 3677 4581 γενος

2319 4587 2686 4660 προσκύνησιν
2775 4591 2912 4645 κατὰ
2979 4592 3271 4669 συγκυρίαν
3305 4596 3665 4666 ὑπαντιάζον-

244 4699 364 4740 τας.
414 4682 590 4733 ,Ησαν
646 4673 706 4731 δὲ
754 4680 833 4749 τῷ
887 4673 1041 4751 ἀνδρὶ
1099 4674 1278 4748 τούτῳ
1337 4675 1398 4730 οὐ
1461 4673 1627 4749 μόνον
1686 4678 1869 4750 χεῖρες
1928 4670 2302 4749 δεδιδαγμέναι
2377 4677 2512 4750 πρὸς
2564 4675 2830 4750 πόλεμον,
2890 4677 3037 4736 ἀλλά
3093 4683 3179 4737 καὶ
3240 4684 3374 4758 πρὸς
3425 4683 3667 4738 εὐποιίαν

1633 4801 1800 4862 Hier.
1846 4798 2058 4860 Wolﬁi
2102 4807 2292 4861 notae.

318 4940 431 5010 (14)
473 4930 1027 5011 Σεόαιστοκρᾶτορος.
1062 4938 1232 5011 Hunc
1262 4936 1908 5011 Augustimperatorem

2040 4950 2154 4987 eum
2188 4936 2299 5011 qui_
2319 4936 2410 4990 vel
2444 4942 2580 4993 ante
2610 4939 2944 4995 cubiculum
2995 4942 3084 4995 vel
3115 4947 3250 4997 ante
3273 4940 3462 4996 cubile
3491 4941 3667 4994 mini-

249 5008 495 5067 fortaSse
524 5010 731 5066 dicere
766 5008 987 5064 liceret.
1024 5008 1195 5063 Malui
1232 5013 1431 5062 tamen
1457 5008 1714 5062 retinere
1749 5009 1908 5061 Grai-

252 5100 404 5151 cum,
446 5089 516 5138 ut
579 5087 640 5136 et
682 5081 743 5134 in
794 5080 923 5135 aliis
978 5072 1475 5151 πρωτοϐεστιάριος
1525 5096 1558 5133 a
1619 5079 1909 5133 thesauris

250 5154 426 5211 fuisse
460 5153 747 5208 videtur:
781 5168 919 5207 nam
987 5156 1248 5205 vetustus
1306 5151 1489 5222 code);
1552 5152 1907 5222 Augustanaa

252 5225 660 5289 bibliothecas,
702 5221 803 5295 ubi
832 5222 1066 5295 reliqui
1090 5223 1311 5278 habent
1344 5218 1627 5295 βασιλικὸν
1650 5218 1904 5295 Ῑταμιεῖον

251 5296 289 5363 ἦ
319 5297 609 5371 χρῦσῶνα,
660 5293 831 5375 ponit
888 5292 1215 5375 βεστιᾴριον.
1280 5292 1784 5375 Παρακοιμώμεννίν
1817 5293 1909 5375 vel

255 5365 692 5424 cubicularium
734 5365 823 5420 vel
861 5365 1260 5451 accubitorem
1322 5372 1567 5451 vertere‘
1606 5365 1814 5436 possis.
1850 5365 1905 5451 Si

255 5453 820 5509 paracaemomenon
853 5436 1038 5503 dicas,
1079 5437 1279 5492 nescio
1311 5436 1608 5507 quomodo
1642 5452 1816 5491 aures
1844 5436 1906 5489 τὸ

254 5507 572 5566 καχὸσωνον
607 5513 978 5564 aversantur.

325 5574 433 5663 (l5)
480 5578 839 5663 _ﬂpoxoltuw.
930 5579 1366 5663 Cubicularium
1427 5579 1904 5663 vertiugenerali

260 5651 566 5721 vocabulo,
600 5658 843 5723 propter
906 5670 1247 5725 κακοφωνιαν
1279 5653 1549 5708 Procoati.
1603 5651 1907 5722 Significat

492 5772 765 5833 ΡΔΤιιοι..
815 5772 921 5832 Gs.
970 5769 1288 5832 CXXXIX.

2018 5012 2182 5089 Strat.
2272 5009 2511 5097 Byzanti
2582 5011 2792 5097 palatii
2842 5011 3164 5097 dignitates
3215 5018 3292 5097 et‘
3331 5011 3663 5097 ministeria

2017 5079 2215 5153 omnia
2248 5097 2368 5134 non
2404 5081 2547 5153 satis
2584 5079 2877 5153 intelligi,
2907 5079 3085 5138 etiam
3118 5084 3166 5137 is
3219 5083 3436 5137 fatetur
3466 5084 3567 5153 qui
3593 5082 3659 5135 τὰ

2017 5149 2242 5234 δφφίκια
2270 5148 2683 5234 τοῦ-,παλατί-ου
2742 5148 3092 5234 ἀέθογξρξὶιξ
3154 5148 3660 5234 (ιᾳθζιιηίὼέιξυω

2014 5222 2133 5286 uha
2164 5239 2295 5277 cum
2329 5222 2460 5294 aliis
2487 5222 2557 5275 ad
2591 5225 2848 5278 Grmcam
2880 5222 3186 5277 historiam
3212 5223 3659 5294 intelligendam

2015 5292 2259 5377 utilibus
2290 5293 2507 5377 nobilis
2539 5300 2599 5377 et
2624 5294 2964 5377 ingeniosus
2996 5294 3345 5377 adolescens
3386 5292 3661 5377 ‘R‘aphael

2018 5364 2293 5435 saylerus
2321 5363 2662 5435 aliquando,
2700 5363 2813 5435 uti”
2827 5381 3019 5435 spero,
3052 5366 3123 5435 in
3144 5365 3338 5421 lucem
3368 5363 3554 5422 dabit.

2115 5437 2197 5505 16)
2253 5430 2591 5488 Ἀποϐαίνειν
2645 5437 2741 5487 τοῦ
2795 5430 2989 5507 ἐπ-που,
3043 5434 3134 5487 καὶ
3203 5437 3383 5507 τούτῳ
3465 5436 3664 5492 ἀπονέ-

2019 5506 2160 5582 μεῑν.
2189 5507 2361 5582 _Hunc
2392 5506 2991 5582 honoremomnidus
3034 5508 3236 5563 Turcis
3268 5527 3303 5565 a
3330 5506 3665 5567 Christiano

2016 5577 2287 5654 quolibet
2309 5577 2652 5654 necessario
2684 5577 3022 5634 habendum
3055 5596 3185 5636 esse
3205 5582 3410 5637 scribit
3434 5584 3666 5639 Bartho-

2017 5647 2264 5711 lbmeeus
2297 5647 2746 5721 Georgievicius.

3360 5778 3428 5835 11
