4068 6196
357 345 472 405 331

1658 333 1966 396 NICETII
2007 331 2436 394 CHONIATIE

3655 341 3780 401 332

353 479 458 528 τῶν
487 471 760 546 δεομένων
785 469 949 542 ὁξεὶαί
980 489 1118 530 τινες
1151 467 1240 523 καὶ
1298 468 1605 539 εὐκίνητοι.
1637 467 1817 540 ’Δπὰρ
1873 463 1938 543 τὸ
1989 461 2192 538 εὐγενὲς
2232 469 2333 532 τῆς
2385 463 2617 536 γνώμης
2674 464 2764 519 καὶ
2825 463 3132 540 ἐλευθέριον
3192 468 3256 523 τὸ
3305 469 3381 541 μή
3439 465 3568 544 ἕχον
3628 469 3780 526 οὕτω

350 567 449 618 τοῦ
479 563 659 638 γένους
686 562 751 616 τὰ
783 557 968 615 πολλὰ
997 559 1326 627 συνεσκίαζε,
1359 557 1448 612 καὶ
1476 556 1726 620 ποθεινόν
1758 554 1904 624 παρὰ
1926 557 2054 607 πᾶστ
2089 551 2180 606 τὸν
2209 552 2468 627 ’Ᾱξουχον
2505 553 2878 629 ἀπειργάζετο.

421 654 714 708 Craterum
747 667 903 706 anno
934 650 1200 705 nondum
1230 655 1436 704 exacto
1469 666 1537 705 ex
1567 647 1791 704 invidia
1819 650 1878 702 et
1906 645 1997 699 in-
2034 649 2082 710 Α

349 743 690 816 dignatione
739 745 1124 812 cognatorum
1175 741 1270 796 I5
1333 739 1710 811 imperatoris
1741 737 1999 804 insidias

350 835 705 900 comparatis
755 834 914 894 sunt,
968 841 1218 898 quarum
1269 829 1418 883 ratio
1469 829 1792 899 ignoratur.
1855 825 2002 882 Illud

349 922 603 986 constat,
639 934 740 972 eos
773 917 1044 988 improba
1102 917 1542 988 conspiratione
1589 917 1738 971 inita
1783 921 1840 970 et
1887 915 2001 970 fide

347 1007 605 1062 invicem
641 1006 780 1061 data
809 1006 882 1061 ad
905 1005 1222 1077 Bryenium
1255 1023 1462 1062 omnes
1492 1005 1802 1070 defecisse,
1829 1005 2001 1075 eique

347 1111 600 1168 regnum
631 1095 912 1151 detulisse
935 1101 998 1150 ut
1029 1101 1088 1150 et
1113 1095 1458 1150 liberalibus
1507 1095 1836 1165 disciplinis
1876 1110 2004 1148 eru-

348 1186 472 1241 dito
497 1191 556 1241 et
581 1186 742 1258 regia
772 1185 964 1240 forma
1012 1185 1330 1255 conspicuo
1381 1188 1439 1239 et
1493 1184 1568 1238 ob
1625 1183 2003 1254 imperatoris

349 1276 708 1332 afﬁnitatem
735 1273 1128 1347 praeferendo.
1181 1276 1348 1340 Nam,
1383 1279 1448 1328 ut
1483 1290 1665 1345 supra
1721 1272 2000 1339 diximus,

353 1369 589 1422 Annam
661 1365 1059 1434 Caesarissam,
1129 1374 1392 1419 sororem
1483 1363 1882 1433 imperatoris,
1943 1363 2004 1416 in

357 1454 742 1510 matrimonio
775 1453 1049 1520 habebat,
1084 1453 1353 1508 omnium
1395 1451 1849 1522 disciplinarum
1898 1465 2003 1520 paa

359 1544 514 1598 renti
546 1542 938 1613 philosophiae
963 1540 1226 1596 deditam
1249 1546 1308 1596 et
1324 1541 1602 1594 omnibus
1623 1540 1849 1594 artibus
1871 1555 2006 1594 eru-

361 1631 658 1686 ditam.Ac
679 1631 1100 1701 imperatorem
1125 1630 1188 1684 in
1203 1631 1461 1700 equestri
1481 1630 1636 1684 circo
1654 1627 1980 1699 Philopatio
1993 1671 2005 1693 ,

359 1723 462 1793 qui
512 1737 722 1792 parum
767 1737 803 1776 a
851 1721 1115 1776 terrestri
1171 1725 1340 1790 porta
1387 1719 1585 1786 distat,
1617 1719 1798 1774 armis
1827 1724 2007 1773 noctu

359 1813 820 1884 oppressissent,
873 1812 1002 1883 jam
1063 1817 1198 1868 ante
1230 1809 1640 1882 largitionibus
1688 1817 1872 1884 portas
1905 1824 2008 1868 cu-

359 1902 526 1958 stode
559 1908 836 1973 corrupto
866 1919 878 1956 :
911 1902 1027 1957 nisi
1057 1901 1290 1973 Bryenii
1337 1897 1540 1956 innata
1591 1901 1884 1969 socordia,
1949 1906 2008 1956 et

2185 639 2344 699 Ἀλλ⁹
2379 640 2534 698 οὔπω
2573 641 2820 708 ἐνιαυτὸς
2878 641 3118 720 ἀκριϐῶς
3175 653 3254 718 τῷ
3315 647 3534 721 βασιλεῖ
3595 647 3782 724 διεγὶ-

2111 751 2255 802 νετο,
2287 730 2376 786 καὶ
2409 734 2695 788 καττύεται
2716 733 2896 807 τούτῳ
2923 735 3067 811 παρᾶ
3120 741 3227 791 τῶν
3287 735 3348 792 ἐκ.
3405 739 3593 814 γένους
3653 739 3784 794 ἐπι-

2113 814 2317 888 ϐουλή,
2375 822 2490 874 καθ’
2547 818 2606 877 ὅν
2666 821 2766 878 οὒκ
2821 820 2937 900 ἔχει
2997 845 3082 888 τις
3139 825 3338 899 τρόπον
3403 827 3596 898 εἰπεῖν,
3655 831 3786 885 κατ’

2112 907 2277 962 αὐτοῦ
2311 910 2778 984 βαρυμηνιώντων
2819 914 2906 968 καὶ
2969 909 3128 987 ὄμμα
3188 915 3241 969 οἱ
3298 915 3772 993 ἑπιῤῥιπτούντων

2114 995 2400 1070 βάσχανον.
2463 997 2692 1072 ’Λμέλει
2745 1022 2832 1056 τοι
2887 1003 2979 1056 καὶ
3033 1001 3351 1078 σύστρεμμα
3410 1008 3771 1076 τεκτήναντες

2109 1088 2350 1160 πονηρὸν
2403 1089 2493 1142 καὶ
2547 1090 2755 1152 πίστεις
2815 1089 2992 1156 δόντες
3049 1091 3324 1163 ἀλλήλοις
3374 1099 3456 1166 τῷ
3517 1098 3771 1170 Βρυνείῳ

2109 1175 2301 1237 πέντες
2361 1178 2758 1252 προστίθενται,
2816 1183 2905 1236 καὶ
2969 1187 3366 1257 παραχωροῦσι
3421 1184 3604 1257 τούτῳ
3663 1193 3772 1254 τῆς

2115 1263 2394 1340 βασιλείας
2477 1267 2550 1329 ὡς
2628 1267 2864 1343 λογικῶν
2945 1269 3168 1349 μετόχῳ
3252 1269 3586 1328 παιδεύσεων
3676 1276 3776 1329 καὶ

2111 1353 2262 1418 εἶδος
2292 1359 2605 1435 τυραννικόν
2665 1359 3016 1435 προφαίνοντι
3063 1363 3154 1416 καὶ
3211 1363 3348 1418 κατὰ
3404 1362 3574 1433 κῆδος
3627 1387 3774 1439 προ-

2113 1445 2415 1523 φερεστέρῳ
2473 1447 2781 1522 βασιλικόν·
2861 1451 2936 1513 ὡς
2997 1451 3100 1528 γὰρ
3160 1455 3460 1530 φθάσαντες
3520 1455 3774 1529 εἴπομεν,

2115 1538 2184 1607 τῇ
2219 1537 2313 1591 τοῦ
2345 1536 2612 1610 βασιλέως
2642 1535 2855 1616 ἀδελφῇ
2913 1539 2980 1613 τῇ
3041 1543 3377 1618 Καισαρίσσῃ
3447 1547 3615 1619 ’Ἀννῃ
3648 1567 3777 1600 συν-

2116 1625 2355 1694 έζευκτο,
2385 1627 2502 1694 ἣτις
2538 1624 2604 1693 δὴ
2634 1635 2732 1696 τῆς
2765 1633 2872 1683 τῶν
2924 1627 3242 1703 ἐπιστημῶν
3302 1636 3491 1686 πασῶν
3552 1633 3773 1708 ἐπόχου

2116 1711 2440 1794 φιλοσοφίας
2499 1718 2606 1789 (17)
2692 1714 2966 1773 ἐδείκνυτο
3029 1717 3255 1792 μέλημα
3309 1723 3424 1794 (18)
3481 1721 3573 1778 καὶ
3629 1723 3776 1797 πρὸς

2114 1807 2286 1856 πᾶσαν
2318 1801 2644 1878 ἐρῥῦθμιστο
2699 1805 2954 1879 μάθησιν.
2987 1807 3146 1885 Τάχα
3211 1806 3254 1863 δ’
3316 1807 3378 1864 ἃν
3431 1811 3523 1865 καὶ
3570 1813 3770 1874 νυκτὸς

2116 1888 2368 1955 ἐπέθεντο
2402 1895 2516 1963 μεθ’
2549 1895 2633 1966 [Ρ.
2674 1895 2728 1967 8]
2759 1893 2948 1950 ὅπλων
3001 1901 3110 1950 τῶν
3171 1893 3488 1976 φονόυργῶν
3537 1898 3770 1968 αὐλιζο-

358 1991 668 2046 remissior
697 1991 954 2056 animus,
988 2005 1166 2060 quam
1193 1989 1357 2061 regni
1401 1989 1696 2044 affectatio
1727 1989 2002 2060 postulet,

2120 1981 2266 2054 μένῳ
2294 1985 2372 2052 τῷ
2407 1981 2620 2055 βασιλεῖ
2649 1983 2787 2038 κατὰ
2839 1984 2903 2038 τὸ
2965 1985 3158 2059 μικρὸν
3215 1985 3411 2042 ἄποθεν
3469 1994 3579 2043 τῶν
3632 2009 3772 2064 χερ-

362 2167 668 2239 oblitoque
721 2167 983 2235 fmderis,
1065 2173 1190 2222 tum
1273 2167 1720 2238 conjuratorum
1801 2167 2010 2222 ardore

361 2259 674 2314 exstincto.
713 2258 838 2322 Quo
895 2262 1160 2326 tempore
1212 2259 1385 2311 Anna
1440 2257 1754 2312 Cmsarissa
1811 2255 2008 2311 mariti

365 2347 659 2420 ignaviam
685 2347 1168 2418 pertwsaﬁraque
1188 2347 1434 2417 percita,
1459 2346 1663 2416 inique
1694 2361 1896 2400 secum
1917 2347 2009 2417 agi

367 2436 672 2506 dixisse,et
702 2441 978 2492 naturam
999 2435 1250 2494 multum
1273 2450 1580 2491 accusasse
1601 2435 1808 2502 fertur,
1833 2435 2010 2504 idque

361 2526 557 2581 verbis
601 2525 1086 2581 obscenioribus:
1147 2525 1304 2594 quod
1353 2540 1414 2579 se
1463 2524 1798 2590 mulierem,
1835 2526 2008 2594 Brye-

362 2613 532 2668 nium
562 2614 754 2670 virum
786 2613 1214 2668 fecisset.Mane
1236 2613 1564 2684 conjuratis
1594 2613 2006 2684 deprehensis,

360 2720 538 2759 nemo
573 2720 776 2760 eorum
807 2703 1115 2760 mutilatas
1146 2707 1248 2758 aut
1303 2703 1500 2775 flagris
1551 2715 1736 2758 caasus
1759 2708 1869 2766 est,
1905 2699 2008 2758 sed

357 2809 567 2849 omnes
622 2793 852 2850 multati
899 2793 1073 2850 bonis
1105 2809 1117 2848 :
1162 2808 1292 2863 qum
1325 2798 1525 2848 tamen
1556 2792 1875 2864 aliquando
1906 2789 2008 2847 ιθ

357 2889 495 2954 post
519 2883 789 2955 plerique
811 2881 1549 2952 receperunt,imperatore
1571 2881 2002 2936 humanitatem

353 2970 426 3025 ab
476 2971 606 3041 ipsa
666 2969 1096 3042 conjurationis
1162 2968 1428 3040 principe
1478 2971 1648 3024 Anna
1693 2969 2006 3024 Caesarissa

355 3060 681 3131 auspicato.
715 3059 894 3130 Cujus
924 3058 1009 3112 rei
1039 3058 1166 3112 haec
1211 3057 1324 3111 fuit
1373 3057 1625 3115 occasio.
1679 3059 2008 3128 Imperator

356 3162 492 3205 cum
523 3149 718 3204 omnis
733 3148 966 3220 generis
998 3163 1160 3218 opes,
1187 3145 1595 3218 aurimrgehti,
1629 3153 1686 3200 et
1709 3147 2004 3202 variarum

355 3239 609 3296 vestium
639 3240 702 3293 in
733 3254 854 3294 una
887 3237 1063 3292 domo
1091 3235 1400 3307 congestas
1431 3240 1746 3306 spectaret,
1779 3237 2004 3290 natura:

356 3327 629 3384 ordinem
675 3329 976 3382 inversum
1017 3342 1146 3380 esse
1196 3329 1461 3394 questus,
1519 3322 1677 3395 quod
1725 3331 2005 3398 cognatos

354 3417 576 3484 hostes,
629 3416 857 3472 alienos
913 3413 1137 3469 amicos
1182 3413 1488 3468 habuisset
1532 3430 1544 3466 :
1613 3413 1792 3469 etiam
1856 3427 1999 3487 opes

355 3507 430 3564 ad
501 3507 724 3562 amicos
797 3504 1049 3560 transire
1107 3507 1380 3574 oportere
1441 3501 1611 3570 dixit,
1678 3510 1737 3560 et
1795 3507 1999 3560 omnia

355 3611 639 3668 magnum
691 3595 1085 3651 domesticum
1141 3593 1410 3664 accipere
1471 3593 1670 3664 jussit.
1744 3596 1800 3651 Is
1863 3609 1999 3650 vero

355 3701 603 3741 summa)
653 3683 1036 3757 imperatoris
1086 3681 1516 3737 munificentia;
1563 3684 1767 3752 gratiis
1829 3685 1996 3752 sctis,

352 3781 412 3830 et
441 3775 678 3829 dicendi
709 3790 842 3846 qum
873 3772 1050 3828 vellet
1079 3776 1369 3842 potestate
1400 3771 1584 3842 petita
1617 3778 1796 3845 atque
1839 3787 2002 3829 acce-

350 3869 453 3934 pta
481 3879 495 3917 :
523 3884 552 3914 ‹‹
575 3863 695 3919 Etsi
727 3870 830 3919 tua
852 3875 1020 3920 soror
1041 3859 1646 3932 (inquit),imperator,
1679 3863 1999 3918 violentum

353 3957 414 4008 et
442 3951 886 4023 iniquissimum
909 3955 1141 4012 facinus
1170 3969 1334 4023 ausa,
1359 3955 1556 4027 reipsa
1586 3953 1999 4025 cognationem

353 4041 648 4112 abjuravit
678 4061 690 4098 :
727 4048 924 4098 tamen
955 4061 1076 4100 non
1108 4049 1172 4099 ut
1219 4046 1519 4112 affectum,
1551 4043 1634 4099 ita
1673 4043 1852 4097 etiam
1905 4059 2005 4113 ap-

353 4130 737 4203 pellationem
780 4132 1110 4188 naturalem
1141 4133 1376 4198 amisit;
1411 4148 1545 4188 cum
1578 4131 1756 4204 igitur
1810 4129 2003 4185 adhuc

353 4219 497 4274 boni
528 4220 903 4292 imperatoris
929 4238 1096 4276 soror
1139 4227 1394 4288 maneat,
1421 4221 1792 4287 charitatem,
1827 4234 2004 4289 quam

353 4325 514 4364 nunc
546 4310 849 4366 dementia
879 4310 1155 4381 perdidit,
1183 4317 1413 4365 natura;
1444 4311 1649 4381 adjuta
1704 4309 2003 4380 suffragio,

353 4397 703 4468 paenitentia
731 4399 1127 4469 recuperabit.
1161 4401 1342 4454 Parce
1393 4399 1572 4471 igitur
1625 4397 1836 4466 sorori,
1900 4393 2007 4452 do-

352 4485 542 4549 mine,
577 4502 708 4556 quas
771 4491 933 4541 tuam
995 4486 1368 4558 majestatem
1420 4487 1692 4543 violavit:
1752 4502 2003 4558 eamque

247 2136 254 2146 ‘
359 2080 598 2134 irritum
634 2096 769 2134 eum
792 2081 1070 2134 conatum
1100 2079 1488 2145 fecisset,tum
1513 2079 1640 2149 ipso
1666 2079 2002 2149 quiescente

2119 2069 2286 2126 σαίων
2344 2071 2533 2126 πυλῶν
2586 2071 2900 2144 ἱππήλατον
2954 2073 3318 2143 Φιλοπάτιον,
3363 2074 3564 2154 δώροις
3622 2100 3771 2156 προ-

2121 2158 2520 2237 διαφθείραντες
2551 2159 2738 2237 ἀδροῖς
2768 2163 2860 2217 τὸν
2905 2162 2993 2219 ἐπὶ
3048 2169 3156 2219 τῶν
3222 2163 3445 2221 εἰσόδων
3503 2175 3604 2238 τῆς
3671 2169 3776 2224 πό-

2121 2249 2285 2320 λεως,
2317 2249 2362 2304 εἷ
2399 2252 2474 2323 μή
2507 2251 2569 2305 τὸ
2601 2251 2793 2315 εἰωθὸς
2825 2251 3144 2328 ὐπόνωθρον
3201 2255 3290 2310 καὶ
3351 2253 3599 2332 χαλαρὸν
3631 2261 3776 2332 πρὸς

2126 2339 2404 2413 βασιλείας
2478 2338 2717 2395 ἐπίθεσιν
2794 2348 2894 2412 τῆς
2985 2342 3356 2420 ἐγχειρήσεως
3414 2347 3617 2402 ἱπαυσε
3669 2349 3771 2402 τὸν

2129 2429 2432 2504 Βρυέννιον,
2467 2431 2627 2486 αὐτόν
2657 2452 2716 2486 τε
2761 2432 2939 2506 μένειν
2981 2437 3116 2490 κατᾶ
3173 2436 3362 2514 χώραν
3427 2433 3777 2512 παραϐιὰσαν

2117 2523 2224 2574 τῶν
2280 2519 2554 2590 ξυνθηκῶν
2617 2521 2938 2595 λαθόμενον,
2995 2524 3086 2578 καὶ
3134 2520 3462 2582 κατασϐέσαν
3517 2529 3582 2582 τὸ
3641 2539 3770 2602 θερ-

2123 2609 2222 2682 μὸν
2258 2612 2367 2663 τῶν
2397 2608 2760 2674 συνελθόντων
2790 2611 3066 2690 φρόνημα,
3108 2609 3198 2669 ὅτε
3251 2615 3342 2670 καὶ
3397 2615 3607 2692 λέγεται
3661 2619 3770 2686 τὴν

2117 2698 2475 2775 Καισάρισσαν
2542 2699 2724 2756 Ἄνναν
2807 2702 2943 2775 πρὸς
3016 2704 3078 2758 τὸ
3152 2707 3355 2778 χαῦνον
3406 2709 3502 2760 τοῦ
3557 2706 3770 2778 ταύτης

2117 2785 2310 2864 ἀνδρὸς
2367 2785 2820 2864 δυσχεραίνουσαν
2891 2791 2967 2854 ὡς
3050 2793 3364 2867 πάσχουσαν
3433 2791 3580 2850 δεινὰ
3643 2793 3772 2850 δια-

2116 2878 2485 2952 πρίεσθαικαὶ
2547 2880 2647 2948 τήν
2708 2880 2864 2957 φύσιν
2913 2880 2980 2935 τὰ
3037 2881 3224 2938 πολλὰ
3279 2885 3392 2956 (19)
3450 2883 3767 2962 ἐπιμέμφε-

2116 2978 2260 3036 σθαι,
2311 2967 2398 3022 im”
2451 2967 2628 3022 αἶ’τίαν
2693 2970 2925 3024 τιθεῖσαν
3015 2968 3142 3044 οὐχὶ
3233 2973 3428 3048 μικρὰν
3485 2973 3564 3034 ὡς
3617 2974 3766 3048 αὐτῇ

2119 3057 2212 3128 μὶν
2243 3054 2624 3112 ἐνδιασχοῦσαν
2666 3059 2778 3132 (20)
2829 3059 2891 3112 τὸ
2945 3056 3142 3133 ἄρθρον
3197 3061 3288 3115 καὶ
3345 3059 3769 3138 έγκοιλάνασαν,

2114 3152 2190 3220 τῷ
2240 3143 2297 3201 δὲ
2328 3148 2566 3222 Βρυενίῳ
2617 3148 2678 3201 τὸ
2739 3148 2930 3222 μόριον
3019 3149 3375 3206 ἀποτείνασαν
3429 3153 3522 3207 καὶ
3601 3175 3768 3232 σφαι-

2115 3237 2378 3310 ρώσασαν.
2437 3237 2806 3310 Φωραθὲντων
2865 3235 2915 3291 δ’
2976 3237 3187 3314 ἡμέρας
3257 3245 3367 3296 τῶν
3427 3249 3777 3315 συνωμοτῶν

2114 3321 2327 3386 οὐδένες
2371 3327 2465 3398 μὶν
2493 3323 2670 3380 αὐτῶν
2701 3325 2752 3395 ἐξ
2793 3327 2856 3380 τὸ
2907 3329 3070 3400 σῶμα
3109 3325 3529 3406 διελωβήθησαν
3560 3332 3596 3402 ἢ
3629 3337 3773 3388 καθ-

2113 3410 2504 3485 υπεϐλήθησαν
2569 3415 2804 3488 μάστιξι,
2889 3421 2998 3472 τῶν
3077 3414 3136 3472 δὲ
3193 3418 3392 3474 οὐσιῶν
3451 3417 3774 3497 ἐστέρηνται

2107 3504 2500 3576 ἁπαξάπαντες.
2556 3503 2702 3559 Μετὰ
2758 3501 2815 3560 δέ
2869 3525 2991 3560 τινα
3046 3507 3233 3582 καιρὸν
3293 3509 3382 3564 καὶ
3440 3508 3600 3566 αὗται
3646 3519 3777 3577 τοῖς

2109 3590 2354 3647 πλείοσιν
2387 3591 2562 3646 αὐτῶν
2609 3589 2973 3676 ἀπεδόθησαν,
3020 3593 3070 3666 ἐξ
3129 3594 3298 3665 αὐτῆς
3354 3605 3456 3668 τῆς
3509 3620 3769 3676 πρωτερ-

2107 3678 2328 3754 γάτιδος
2381 3685 2482 3749 τῆς
2569 3675 2870 3751 ἐπιϐουλῆς
2963 3687 3158 3756 Ἂννης
3230 3693 3330 3754 τῆς
3389 3675 3768 3764 Καισαρίσσής

2107 3775 2204 3824 τοῦ
2236 3769 2508 3844 βασιλέως
2563 3769 2865 3845 ἀρξαμένου
2923 3772 3484 3848 φιλανθρωπεύεσθαι.
3544 3779 3761 3854 Ἀρχὴν

2109 3855 2156 3912 δ’
2187 3858 2314 3934 ἔσχε
2351 3855 2566 3912 τοιάνδε
2610 3859 2672 3914 τὸ
2730 3857 2931 3915 οὖτωσὶ
2983 3863 3222 3936 γεγονός.
3280 3866 3395 3933 Τὴν
3451 3865 3506 3921 ἐν
3568 3875 3769 3942 χρυσῷ

2107 3947 2196 4002 καὶ
2245 3947 2462 4023 ἆργόρῳ
2533 3947 2622 4002 καὶ
2707 3947 3222 4024 πλούτῳαντοδαπῷ
3311 3953 3402 4008 καὶ
3477 3956 3768 4020 ποικίλοις

2112 4037 2408 4108 ἐσθήμασιν
2435 4035 2619 4091 οὐσίαν
2680 4044 2778 4105 τῆς
2836 4040 3205 4114 Καισαρίσσης
3261 4045 3382 4106 καθ’
3435 4040 3531 4100 ἕνα
3585 4043 3768 4118 δόμον

2113 4123 2520 4200 συνειλεγμένην
2568 4126 2596 4180 ὁ
2631 4123 2890 4200 βακιλεὺς
2945 4129 3202 4200 Ἰωάννης
3261 4129 3480 4196 ἐπιστὰς
3545 4133 3763 4206 ἐθεᾶτο,

2111 4215 2194 4270 ναὶ
2229 4215 2338 4288 μὴν
2387 4214 2476 4268 καὶ
2543 4214 2710 4269 εἰπὼν
2771 4216 2846 4276 ὡς
2903 4240 2932 4269 ‹‹
2990 4217 3052 4273 Ἢ
3111 4218 3257 4290 τάξις
3317 4218 3398 4276 ἐπ’
3457 4220 3586 4295 ἐμοί
3643 4245 3772 4290 πως

2112 4305 2502 4376 ἀντέστραπται
2535 4323 2548 4336 ·
2633 4305 2697 4360 τὸ
2793 4305 2886 4376 μὲν
2967 4304 3070 4381 γὰρ
3153 4318 3404 4384 συγγενὲς
3485 4310 3769 4386 πολέμιον

2113 4391 2358 4467 εὕρηται,
2388 4393 2450 4447 τὸ
2483 4389 2531 4447 δ’
2561 4391 2856 4466 ἀλλότριον
2887 4392 3094 4472 φίλιον
3144 4396 3235 4451 καὶ
3267 4395 3356 4452 διὰ
3385 4404 3546 4456 τοῦτο
3579 4404 3772 4477 χρεῶν

2113 4482 2203 4538 καὶ
2230 4483 2301 4538 τὰ
2327 4486 2424 4537 τοῦ
2455 4479 2697 4537 πλούτου
2727 4482 2865 4556 πρὸς
2905 4483 3033 4545 τοὺς
3095 4483 3388 4560 φιλοῦντας
3447 4491 3766 4568 μπαρῥυῆ-

352 4572 724 4629 humanitate
755 4575 1037 4646 castigato
1067 4591 1198 4646 quas
1229 4575 1447 4630 illustri
1473 4577 1739 4647 qonitate
1788 4593 1894 4632 sua
1933 4593 1994 4631 se

2117 4591 2213 4642 ραι,
2275 4594 2303 4622 ››
2398 4571 2572 4625 πάντα
2636 4569 2922 4648 εἰληφέναι
2979 4573 3070 4626 τὸν
3127 4573 3297 4651 μέγαν
3364 4560 3766 4656 προσετετάχει

1707 4728 1875 4802 Hier,
1925 4725 2163 4788 Wolfiii
2209 4731 2394 4786 notas.

422 4862 536 4934 (i7)
592 4865 719 4934 Ti;
757 4861 874 4934 τῶν
919 4857 1238 4934 ἐπιστημῶν
1294 4863 1480 4912 πασῶν
1539 4857 1755 4934 ἐπόχπυ
1828 4857 1988 4934 φιλοῖ

350 4923 560 5010 σοῲίαξ.
594 4923 962 5010 Philosophiae
992 4923 1243 5010 omnibus
1268 4935 1521 5010 scientiis
1569 4923 1881 5010 insidentis,
1932 4932 1992 4986 id

352 5005 442 5063 est
487 5005 936 5078 complectentis
994 5007 1122 5078 aut,
1159 5007 1319 5059 certe
1362 5005 1730 5078 superantis
1784 5019 1992 5078 omnes

350 5075 648 5144 scientias,
702 5077 971 5133 omnium
1019 5077 1232 5132 artium
1285 5075 1570 5147 principis
1631 5082 1688 5130 et
1749 5075 1988 5146 reginae.

349 5149 713 5206 Eruditionis
745 5149 925 5220 hujus
956 5150 1144 5204 Anna}
1176 5147 1445 5220 meminit
1469 5147 1646 5220 etiam
1693 5148 1944 5220 Zonaras
1977 5160 1991 5211 ς

351 5225 410 5276 et
437 5222 784 5277 Wilbelmus
827 5217 1158 5293 Xylander,
1200 5219 1896 5293 doctissimusjuvenis,
1931 5217 1992 5293 in

349 5293 703 5364 Augustam!)
733 5293 820 5348 rei
852 5288 1103 5364 publica:
1131 5292 1350 5364 Graeca:
1384 5288 1740 5364 bibliotheca
1789 5288 1992 5364 viginti

347 5360 529 5416 libros
560 5361 633 5419 de
662 5360 1047 5435 robus—gestis
1081 5363 1274 5417 Alexis
1305 5361 1588 5435 Comneni
1614 5360 1792 5435 hujus
1808 5360 1992 5435 Annae

347 5435 588 5504 nomine
605 5440 835 5490 exstare
849 5432 994 5489 mihi
1013 5435 1307 5500 dixit,sive
1332 5432 1415 5487 illi
1438 5433 1510 5487 ab
1532 5433 1660 5503 ipsa
1693 5433 1994 5504 sivejussu

351 5503 478 5576 eius
510 5506 711 5576 scripti
745 5510 900 5559 sunt.
933 5507 1078 5560 Nam
1102 5505 1338 5573 regibus
1370 5508 1427 5557 et
1477 5503 1847 5576 principibus
1876 5518 1994 5559 non

346 5573 593 5647 difficile
625 5573 715 5630 est
745 5591 872 5647 esse
905 5577 1162 5643 disertis,
1198 5576 1298 5646 qui
1329 5573 1492 5646 quod
1512 5593 1617 5647 per
1659 5573 1806 5631 alios
1837 5575 1993 5631 fece-

345 5645 490 5712 rint,
512 5661 619 5716 per
637 5662 698 5701 se
750 5646 960 5701 fecisse
991 5645 1287 5714 videntur,
1333 5645 1396 5700 ut
1420 5645 1834 5716 jurisconsnlti
1885 5654 1998 5704 sta-

2103 4864 2164 4914 tu
2175 4866 2304 4916 unt.

2177 4925 2637 5010 (1β)ςΕδείιινυτο
2683 4925 2938 5010 (μέλημα.
3001 4935 3064 4990 Id
3117 4943 3213 5010 est
3256 4936 3600 5010 ἐπεμελεῖτο,
3637 4945 3768 5001 stu-

2103 4999 2441 5086 diesissima
2465 5008 2612 5084 erat,
2645 4999 2909 5086 studium
2943 5020 3060 5086 pra-9
3100 5023 3162 5062 se
3191 4999 3600 5086 ferebatLNisi
3629 4999 3770 5086 quis

2101 5075 2326 5158 passive
2355 5074 2622 5158 accipere
2653 5075 2843 5158 malit,
2879 5099 2906 5126 ‹‹
2936 5074 3183 5136 alumna
3200 5089 3327 5138 erat
3346 5074 3768 5158 philosophiae,

2099 5155 2278 5200 sensa
2308 5145 2515 5200 eodem
2550 5146 2870 5204 residente.

2173 5219 2286 5297 ([9]
2318 5215 2394 5297 Ἰζᾶ
2447 5213 2634 5297 πολλὰ
2684 5217 3015 5297 pterwnque
3064 5222 3375 5297 signiﬁcat.
3410 5228 3608 5284 Malim
3668 5227 3769 5286 hic

2099 5285 2286 5342 πολλὰ
2317 5289 2447 5344 sine
2489 5285 2762 5345 articulo.

2171 5362 2282 5442 (20)
2305 5358 2466 5442 Attici)
2505 5359 2599 5442 μὲν
2632 5357 2873 5436 ἐνδιασχ.
2902 5381 2932 5442 _«
2953 5357 3264 5442 Qucd‘sibi
3298 5360 3635 5427 membrum
3672 5375 3772 5429 ih-

2103 5432 2470 5508 trovertisset
2491 5439 2550 5488 et
2577 5432 2935 5494 excavas's'et.
2963 5436 3213 5508 Bryenio
3235 5445 3373 5496 vero
3395 5445 3774 5501 extendisset

2105 5512 2162 5557 et
2191 5503 2596 5560 rotundasset.
2628 5528 2654 5552 »
2703 5507 2965 5562 Nimium
3021 5503 3256 5566 videtnr
3301 5513 3396 5569 hic
3427 5519 3678 5573 Φυσικῶς
3715 5525 3776 5573 et

2103 5555 2608 5660 mansa;
2637 5555 3770 5704 ριίείξέδῇίιιςί·“ιῑ‹;ξίνςῖ“ῥιξίῑξιέῖ;ῑ›ῑιεῑ·ξ

2106 5644 2326 5704 alioqui
2367 5651 2426 5702 et
2455 5647 2763 5704 ambitioni
2791 5657 2850 5704 et
2903 5663 3096 5704 meum
3125 5663 3248 5704 smn
3280 5666 3651 5704 Imnnrnsnnt

2106 5644 2326 5718 alioqui
2367 5651 2426 5702 et
2455 5644 2763 5706 ambitioni
2791 5657 2850 5708 et
2874 5644 3096 5724 linguas
3125 5663 3248 5711 Sua;
3279 5644 3654 5730 imperasset
