4068 6196
337 336 459 396 33":

1865 299 2265 398 uls'roiuA.

3630 338 3748 398 338

336 466 731 544 συρῥήγνυται.
779 463 982 521 Γίνεται
1030 464 1212 520 τοίνυν
1263 461 1528 542 φρικαλέα
1575 485 1661 528 τις
1710 461 1960 538 συμϐολή

2106 471 2162 522 et
2193 467 2518 538 imperator
2545 467 2872 523 amicorum
2905 471 2964 522 et
2992 467 3316 523 satellitum
3347 467 3624 540 praesidio
3657 485 3753 523 se-

335 558 431 610 καὶ
495 554 1055 630 καταπληκτικωτέρα
1140 560 1248 610 τῶν
1333 555 1556 609 πώποτε
1641 554 1800 629 μάχη
1867 575 1989 609 συν-

341 645 578 700 ίσταται·
657 643 717 698 οἵ
793 665 852 699 τε
934 645 1038 720 γὰρ
1141 643 1344 698 Σκύθαι
1419 643 1674 718 γενναίως
1749 642 1991 714 ἐδέξαντο

334 735 397 790 τὲ
469 737 745 809 ἡμέτερον
811 733 1115 809 στράτευμα
1183 737 1254 806 τῇ
1320 736 1428 787 τῶν
1501 729 1674 786 ’ίππον
1743 729 1994 787 ἐπελάσει

335 823 426 878 καὶ
454 827 524 896 τῇ
554 827 664 878 τῶν
724 824 1070 896 τοξευμάτων
1127 821 1380 898 έπαςρέσει
1435 822 1526 876 καὶ
1583 827 1702 883 ταῖς
1751 821 1904 895 βοαῖς
1937 821 1988 876 ἐν

330 915 456 973 ταῖς
487 904 756 982 ἐμϐολαῖς
814 904 1263 964 δυσαντίϐλεπτοι
1321 905 1682 981 δεικνύμενοι,
1733 910 1820 963 καὶ
1851 909 1989 964 Ῥω.

332 1006 493 1074 μαῖοι
525 1002 767 1073 καθάπαξ
818 999 869 1054 ἐν
900 1005 979 1072 τῷ
1035 1001 1198 1075 ἀγῶνι
1253 998 1536 1074 γενόμενοι
1590 999 1664 1059 ὡς
1721 1000 1987 1070 ήττήσον·

325 1112 416 1152 τες
477 1092 514 1160 ἦ
575 1090 901 1163 θαηούμενοι
959 1085 1254 1163 προῦθεντο
1319 1091 1606 1164 μάχεσθαι.
1667 1088 1770 1144 Καὶ
1829 1088 1992 1153 αὐτὸς

327 1179 385 1236 δὲ
443 1178 711 1254 βασιλεὺς
764 1179 892 1242 τοὺς
948 1178 1192 1252 ἑταίρους
1241 1176 1386 1252 ἔχων
1449 1179 1564 1250 μεθ’
1621 1179 1836 1245 ἑαυτοῦ,
1895 1180 1984 1232 καὶ

322 1270 453 1324 ὅσον
517 1269 645 1343 περὶ
692 1269 793 1336 τὴν
850 1273 948 1323 τοῦ
1008 1269 1262 1339 σώματος
1320 1265 1567 1343 φυλακὴν
1629 1266 1983 1337 ἀποτέτακτο,

320 1357 406 1414 ἀεί
476 1379 596 1420 πως
666 1351 955 1426 ἐπεϐοήθει
1027 1361 1144 1418 τοῖς
1213 1355 1478 1428 κάμνουσι
1547 1355 1778 1429 μέρεσιν.
1843 1355 1986 1412 Αὐτὸ

327 1447 518 1519 μέντοι
546 1449 610 1502 τὸ
639 1447 904 1500 Σκυθικὸν
959 1446 1093 1500 κατὰ
1145 1441 1302 1499 τόνδε
1339 1446 1431 1500 τὸν
1463 1443 1706 1517 πόλεμον
1733 1445 1984 1500 τοιοῦτόν

322 1559 374 1592 τι
436 1535 872 1610 ἐκακοτέχνησεν
927 1535 986 1589 ἐκ
1038 1537 1412 1608 προσκεψεως,
1471 1533 1804 1608 ποριζούσης
1833 1535 1983 1607 αὐτῷ

517 1625 756 1698 ἀνάγκης
832 1623 899 1678 τὰ
975 1621 1186 1678 δέοντα.
1292 1625 1594 1698 Συναγαγὸν
1669 1620 1736 1691 δὴ
1805 1629 1977 1678 πᾶσαν

319 1633 386 1692 τῆ
397 1647 423 1686 ς

323 1716 536 1785 άμάξαν
609 1714 684 1774 εἰς
744 1720 943 1788 σχῆμα
1007 1713 1290 1789 περιφερὲς
1347 1711 1511 1773 αὐτας
1559 1709 1852 1782 διατίθησι,
1885 1712 1975 1767 καὶ

2097 563 2232 630 plus
2261 559 2556 614 laboranti
2591 558 2841 614 subinde
2873 559 3024 630 parti
3059 575 3232 630 opem
3262 559 3507 615 ferebat.
3532 559 3748 614 Verum

2098 649 2327 721 Scythae
2358 649 2419 704 in
2467 650 2578 704 hoc
2625 649 2926 717 conflictu,
2979 648 3108 720 ipsa
3147 649 3499 705 necessitate
3535 649 3751 703 artium

2095 739 2378 811 magistra
2409 739 2624 799 edocti.
2672 755 2798 794 rem
2847 737 3192 811 hujusmodi
3236 743 3377 793 sunt
3403 739 3746 794 commenti-

2096 830 2311 884 Omnes
2333 844 2542 882 currus
2572 828 2632 882 in
2668 827 2874 882 orbem
2906 827 3369 898 conjunxerunt,
3401 827 3594 896 iisque
3628 845 3747 882 non

2095 919 2303 991 exigua
2335 935 2574 974 suarum
2607 919 2912 989 copiarum
2941 924 3107 990 parte
3149 917 3426 990 imposita
3453 934 3559 989 pro
3589 917 3742 972 vallo

2095 1014 2234 1062 sunt
2265 1007 2396 1074 usi;
2439 1025 2506 1063 ac
2561 1007 2778 1062 mullos
2833 1007 3110 1079 obliquos
3159 1007 3373 1074 aditus,
3406 1006 3739 1078 platearum

2093 1096 2303 1159 instar,
2336 1096 2397 1150 in
2455 1097 2528 1150 iis
2577 1096 2971 1166 reliquerunt.
3017 1096 3160 1151 Cum
3195 1096 3372 1168 igitur
3400 1111 3435 1150 a
3461 1095 3739 1150 Romanis

2093 1185 2474 1257 urgebantur,
2506 1185 2684 1257 tergis
2717 1185 2977 1240 obversis
3031 1186 3188 1240 intra
3219 1201 3427 1240 currus
3457 1189 3740 1254 tanquam

2091 1275 2382 1330 munitam
2413 1291 2610 1330 arcem
2665 1275 2828 1328 nullo
2887 1275 3035 1346 fugai
3085 1274 3462 1330 incommodo
3495 1291 3554 1328 se
3586 1274 3738 1328 reci-

2089 1364 2350 1434 piebant.
2383 1363 2522 1418 lude
2555 1364 2918 1434 recuperatis
2966 1364 3206 1431 viribus,
3241 1369 3524 1434 tanquam
3556 1362 3741 1434 portis

2089 1457 2468 1524 erumpentes
2500 1452 2677 1506 fortia
2707 1452 2972 1507 facinora
3005 1452 3276 1507 edebant.
3308 1454 3508 1523 Neque
3541 1467 3610 1506 ea
3641 1467 3735 1505 res

2087 1541 2246 1597 aliud
2268 1547 2395 1596 erat
2413 1558 2590 1612 quam
2611 1542 2894 1596 mmnium
2914 1543 3433 1614 oppugnatioqum
3455 1542 3514 1594 in
3541 1539 3737 1594 media

2085 1629 2330 1700 planitie
2363 1630 2589 1700 Scythze
2616 1646 2685 1684 ex
2707 1635 2974 1701 tempore
3000 1628 3531 1684 struxerant.Unde
3553 1627 3732 1683 ﬁebat

2082 1724 2148 1775 ut
2202 1719 2448 1774 Romani
2502 1718 2700 1774 labore
2755 1719 2920 1774 irrito
2977 1721 3384 1789 fatigarentur.
3421 1721 3564 1774 Tum
3599 1735 3730 1774 vero

316 1804 532 1858 τίὗτιυν
568 1799 765 1856 ἄνωθεν
828 1804 1114 1872 στήσαντες
1177 1807 1369 1874 μοῖραν
1432 1801 1530 1856 οὐκ
1561 1799 1757 1877 ὀλίγην
1787 1801 1848 1856 ἐκ
1877 1807 1960 1856 τοῐ

400 1898 426 1905 -
733 1890 746 1905 ,
990 1891 1014 1905 ..
1212 1889 1225 1905 .
1481 1890 1492 1905 ,
1693 1889 1706 1905 ς
1871 1896 1894 1905 -

2079 1811 2336 1864 Joannes
2367 1808 2697 1878 prudentia)
2749 1825 2870 1862 suae
2923 1808 3225 1879 specimen
3256 1808 3506 1862 edebat:
3541 1823 3733 1878 neque

317 1898 471 1970 στοῶν
528 1890 928 1967 στρατεύματος
985 1891 1084 1944 ὅσα
1139 1889 1227 1944 καὶ
1277 1890 1638 1968 χαρακώματι
1681 1889 1970 1966 ἀπεχρῶν-

315 1985 382 2038 τό
411 1988 494 2056 τῷ
524 1985 907 2058 μηχανήματι,
938 1983 1028 2036 καὶ
1060 1980 1274 2044 πολλὰς
1323 1979 1393 2036 δι’
1443 1982 1622 2037 αὐτῶν
1654 1981 1968 2057 ἐγκαρσίους

308 2071 591 2148 παρόδους
680 2073 1181 2146 ῥυποτομήσαντες,
1259 2072 1578 2146 βιαζόμενοι
1656 2073 1750 2144 μὲν
1863 2073 1965 2127 ὐπὸ

305 2163 604 2236 Ῥωμαίων
657 2163 750 2216 καὶ
809 2162 876 2216 τὰ
933 2166 1078 2216 νῶτα
1135 2161 1272 2235 πρὸς
1327 2161 1426 2227 τὴν
1476 2162 1622 2230 τάξιν
1651 2167 1758 2216 τῶν
1791 2182 1964 2234 προσ-

307 2255 478 2308 ώπων
517 2251 891 2323 μετατιθέντες
923 2249 1105 2323 ὥσπερ
1151 2255 1341 2328 τεῖχος
1397 2249 1595 2325 ἐχυρὸν
1627 2250 1722 2312 τὰς
1754 2251 1962 2322 ἁμάξας

303 2341 617 2415 εἷσὲτρεχον
674 2339 762 2394 καὶ
823 2337 1087 2393 διετίθουν
1149 2338 1292 2393 οὕτω
1347 2339 1448 2406 τήν
1505 2341 1678 2413 φυγὴν
1729 2338 1864 2412 πρὸς
1896 2339 1958 2393 τὸ

303 2429 386 2494 εὖ,
421 2429 524 2482 εἶτ’
582 2429 734 2492 αὖθις
793 2427 988 2482 ἐκεῖθεν
1047 2431 1162 2499 μετ’
1215 2426 1421 2501 ἀνοχὴν
1480 2427 1609 2481 ὡσεὶ
1649 2424 1739 2481 διὰ
1767 2425 1956 2482 πυλῶν

302 2515 750 2590 άνακλινομένων
825 2515 1171 2578 ἐκπίπτοντες
1244 2509 1370 2591 ἔργα
1446 2515 1632 2590 χειρὸς
1706 2512 1955 2589 ἀνδρείας

299 2603 600 2661 ἐδείκνυον.
660 2607 762 2662 Καὶ
818 2606 889 2674 ἧν
943 2604 1007 2659 τὸ
1065 2605 1350 2678 γινόμενον
1406 2604 1568 2658 τοῦτο
1614 2603 1954 2679 τειχομαχία

299 2716 384 2756 τις
447 2690 684 2768 ἀκριϐὴς
750 2692 802 2748 ἒν
877 2695 1026 2766 μέσῳ
1082 2690 1296 2748 πεδιάδι
1366 2690 1744 2768 σχεδιασθεῖσα
1807 2694 1953 2768 παρὰ

297 2785 548 2852 Σκυθῶν,
604 2784 681 2844 ὡς
739 2777 1052 2856 συμϐαίνειν
1099 2783 1159 2838 ἐκ
1211 2778 1371 2837 τοῦδε
1422 2782 1490 2835 τὰ
1547 2781 1833 2853 Ῥωμαίων
1867 2783 1950 2836 ἐπ’

293 2871 615 2934 ἀτελέστοις
680 2878 894 2946 μογεῖν.
955 2874 1054 2928 Ἦν
1102 2872 1194 2926 οὗν
1252 2875 1550 2941 τηνικαῦτα
1579 2873 1668 2925 τὸν
1703 2871 1950 2940 Ἰωάννην

294 2962 431 3034 όρᾷν
469 2962 637 3038 σοφόν
668 2983 720 3016 τι
777 2968 972 3037 χρῆμα
1026 2966 1143 3024 τοῖς
1203 2961 1290 3015 ὑπ’
1342 2959 1505 3016 αὐτὸν
1533 2962 1945 3032 καθιστάμενον,

293 3054 361 3108 οὐ
395 3052 506 3126 γάρ
530 3052 727 3127 ἀγαθὸς
769 3052 939 3124 μόναν
990 3051 1080 3105 καὶ
1138 3049 1394 3112 ποικίλος
1419 3051 1482 3105 τὸ
1512 3051 1643 3118 ἦθος
1674 3046 1944 3105 ἐδείκνυτο

289 3138 642 3214 σύμϐουλος,
673 3140 820 3196 ἀλλὰ
875 3141 966 3196 καὶ
1023 3145 1240 3215 πρῶτος
1287 3145 1522 3214 παρεῖχε
1549 3139 1742 3214 πέρατι
1773 3139 1946 3195 ὁπόσα

289 3237 624 3306 στρατηγοῖς
685 3231 774 3285 καὶ
829 3230 1101 3306 τάγμασιν
1165 3228 1460 3284 ὑπετίθετο.
1515 3229 1592 3286 Τὸ
1638 3225 1695 3282 δὲ
1727 3225 1791 3294 δὴ
1824 3248 1945 3282 γαι-
1986 3203 2026 3269 C

285 3321 382 3374 νὸν
449 3320 538 3375 καῖ
609 3318 828 3388 πολλὴν
892 3318 1076 3391 ἐκείνῳ
1147 3322 1450 3391 μαρτυροῦν
1503 3319 1602 3385 τήν
1653 3311 1944 3388 εὐσέϐειαν,

287 3409 458 3464 ὁπότε
527 3413 656 3466 τῶν.
765 3407 1040 3480 Ρωμαίων
1099 3408 1151 3462 οἱ
1210 3405 1480 3484 φάλαγγες
1541 3404 1770 3479 ἔκαμνον
1826 3405 1942 3462 ἐπι-

297 3496 593 3574 ῧρεθόντων
661 3505 770 3554 τῶν
825 3495 1111 3571 πολεμίων
1158 3497 1248 3552 καὶ
1308 3497 1730 3570 συμπιπτόντων
1779 3515 1948 3571 παρα-

305 3583 639 3662 ϐολώτερον,
668 3589 770 3656 τήν
814 3593 917 3655 τῆς
977 3588 1330 3662 Θεομήτορος
1390 3584 1566 3639 εἰκόνα
1595 3590 1948 3658 παρεστῶσαν

297 3673 470 3756 ἔχων,
507 3678 623 3748 μετ’
683 3677 938 3751 οἰμωγῆς
994 3671 1310 3749 ἐμϐλέπων,
1374 3673 1630 3736 ἐλεεινοῖς
1660 3678 1778 3738 τοῖς
1802 3677 1950 3748 σχή-

301 3787 434 3836 μασι
482 3766 782 3841 θερμότερα
839 3769 945 3820 τῶν
1009 3763 1312 3840 ἐναγωνίων
1371 3761 1616 3838 ἱδρώτων
1669 3757 1949 3818 κατέλειϐε

297 3853 525 3928 δάκρυα.
587 3855 685 3910 Καὶ
744 3855 808 3923 ἦν
879 3853 1075 3908 οὔκουν
1127 3852 1203 3914 εἰς
1259 3851 1411 3906 κενὸν
1490 3848 1949 3926 διαπραττόμενος

301 3943 525 4010 οὒτωσῖ,
593 3941 720 3998 ἀλλ’
785 3940 846 3998 ἐκ
909 3945 1006 3996 τοῦ
1076 3941 1224 4013 μάλα
1292 3940 1484 3994 αὐτίκα
1529 3942 1626 4008 τήν
1679 3941 1728 4012 ἐξ
1777 3941 1951 4015 ὕψους

2082 1900 2241 1952 enim
2273 1896 2522 1951 consilio
2557 1897 2840 1950 duntaxat
2871 1903 2928 1950 et
2959 1897 3180 1966 ingenii
3211 1896 3452 1951 solertia
3484 1896 3733 1961 valebat,

2078 1986 2180 2040 sed
2213 1986 2441 2056 primus
2474 1985 2650 2039 etiam
2711 1999 2780 2038 ea
2837 2001 2968 2052 quas
3027 1985 3277 2038 ducibus
3309 1990 3369 2038 et
3397 1983 3730 2054 legionibus

2077 2074 2399 2130 mandabat
2453 2074 2910 2144 exsequebatur.
2971 2073 3121 2128 lllud
3177 2080 3376 2129 autem
3434 2073 3728 2145 insignem

2074 2165 2254 2220 etiam
2287 2165 2566 2236 pietatem
2613 2163 2742 2235 ejus
2802 2167 3069 2218 testatur.
3106 2165 3248 2218 Nam
3281 2179 3415 2218 cum
3446 2164 3724 2218 Romamn

2073 2254 2174 2310 22
2202 2252 2526 2325 phalanges
2557 2250 2908 2323 urgentibus
2957 2251 3230 2307 hostibus
3262 2257 3321 2307 et
3349 2251 3634 2308 audacius
3661 2268 3723 2307 se

2071 2341 2462 2398 inferentibus
2493 2340 2852 2408 laborarent,
2903 2341 3220 2413 imaginem
3281 2343 3382 2397 Dei
3413 2343 3725 2398 Genitricis

2069 2447 2205 2486 cum
2235 2431 2457 2504 gemitu
2489 2436 2548 2484 et
2576 2429 3020 2485 miserabilibus
3062 2430 3326 2502 gestibus
3371 2431 3610 2485 intuens
3636 2431 3721 2485 la-

2067 2537 2300 2592 crymas
2359 2517 2590 2574 bellicis
2653 2519 2970 2574 sudoribus
3028 2518 3344 2574 calidiores
3393 2519 3764 2574 fundebat}.

2065 2625 2258 2680 neque
2293 2608 2350 2662 id
2379 2608 2618 2664 frustra.
2651 2607 2861 2662 Statim
2915 2608 3076 2662 enim
3116 2607 3339 2662 cmlesti
3373 2607 3589 2663 robore
3621 2625 3720 2663 ar-

2063 2704 2256 2754 matus
2285 2698 2614 2768 Scythicam
2645 2697 2832 2752 aciem
2884 2697 3178 2770 profligat,
3212 2698 3715 2769 quemadmodum

2059 2788 2203 2842 olim
2234 2789 2461 2858 Moyses
2511 2786 2854 2842 extensione
2917 2803 3202 2842 manuum
3257 2787 3714 2844 Amalechiticas

2061 2883 2286 2932 turmas
2309 2875 2633 2946 dissipavit.
2666 2875 2998 2945 Assumptis
3043 2875 3222 2946 igitur
3250 2876 3579 2948 armigeris,
3613 2862 3714 2947 qui

2057 2965 2276 3048 clypeis
2334 2964 2604 3036 oblongis
2665 2969 2722 3018 et
2777 2963 3253 3034 prominentibus
3312 2965 3496 3037 galeis
3528 2967 3717 3021 instar
3783 2957 3792 2966 ’

2056 3055 2209 3110 muri
2244 3052 2724 3126 inexpugnabilis
2758 3053 3131 3122 muniuntur,
3156 3069 3291 3108 cum
3323 3054 3552 3125 Scythis
3577 3071 3714 3110 con-

2055 3142 2340 3215 greditur.
2374 3142 2482 3207 Qui
2525 3157 2658 3196 eum
2692 3141 2983 3196 dissoluta
3013 3140 3115 3197 illa
3143 3159 3425 3198 curruum
3457 3143 3608 3197 serie
3641 3144 3716 3199 ad

2058 3249 2270 3288 manus
2302 3231 2590 3298 venirent,
2625 3230 2684 3284 in
2717 3235 2948 3301 turpem
2971 3231 3121 3284 versi
3155 3230 3354 3302 fugam
3375 3247 3410 3286 a
3431 3231 3712 3288 Romanis

2057 3321 2332 3376 alacriter
2361 3318 2854 3392 persequentibus
2875 3336 3087 3392 magno
3119 3336 3367 3375 numero
3400 3320 3712 3376 caaduntur

2059 3409 2399 3464 Hamaxobii
2435 3408 2558 3475 illi;
2591 3407 2918 3478 castrisque
2950 3408 3199 3479 direptis
3243 3409 3710 3468 innumerabiles

2057 3499 2393 3569 capiuntur.
2427 3497 2540 3553 Sed
2571 3503 2628 3552 et
2659 3497 2976 3569 transfugae
3011 3497 3307 3552 desiderio
3340 3500 3706 3569 captivorum

2057 3588 2433 3660 popularium
2493 3586 2893 3654 confluebant,
2953 3587 3099 3642 adeo
3152 3592 3217 3640 ut
3264 3589 3326 3642 in
3356 3589 3708 3644 occidentali

2059 3678 2314 3750 quadam
2344 3675 2645 3747 provincia
2665 3677 2931 3730 Romana
2951 3675 3083 3747 pagi
3106 3676 3178 3729 ab
3203 3675 3286 3730 eis
3311 3676 3711 3732 conderentur

2059 3783 2314 3838 quorum
2371 3765 2564 3820 adhuc
2619 3762 2889 3832 reliquias
2947 3771 3306 3834 supersunt;
3365 3781 3475 3820 nec
3533 3767 3706 3836 pauci

2058 3856 2118 3910 in
2151 3853 2447 3908 sociorum
2501 3852 2774 3906 cohortes
2805 3851 3188 3920 referrentur,
3223 3858 3282 3907 et
3313 3853 3503 3924 major
3533 3854 3707 3910 turba

2059 3943 2131 3998 ab
2162 3943 2424 3996 exercitu
2455 3946 2626 4010 capta
2657 3939 3026 3994 venderetur.

300 4031 745 4106 θωρακιζόμενος
777 4029 1002 4103 δύναμιν
1035 4031 1131 4091 τὰς
1166 4029 1433 4091 Σκυθικὰς
1477 4028 1726 4091 ἐκυθικὰς
1775 4025 2072 4104 ἔτροποῦτο
2129 4022 2508 4105 παρεμϐολὰς,
2567 4026 2643 4087 ὡς
2701 4030 2942 4095 Μωϋσῆς
2975 4026 3238 4102 πρότερον
3269 4032 3338 4102 τῇ
3366 4034 3473 4082 τῶν
3498 4035 3701 4104 χειρῶν

299 4121 508 4177 ἐκτάσει
564 4121 662 4184 τὰς
715 4116 1149 4194 Ἀμαληκίτιδας
1203 4117 1332 4182 ’ἰλας
1390 4117 1678 4173 ἐνέκλινεν.
1737 4113 2058 4174 Ἀναλαϐὼν
2115 4116 2170 4174 δὲ
2226 4117 2316 4174 καὶ
2373 4115 2500 4179 τοὺς
2561 4117 2919 4182 ὑπασπιστὰς,
2971 4117 3023 4171 οἳ
3083 4121 3440 4190 περιμήκεσιν
3514 4120 3703 4174 ἀσπίσι

297 4215 385 4265 καί
417 4211 647 4282 πὲλυξιν
697 4209 1078 4284 έτεροστόμοις
1300 4209 1644 4288 φράγνυνται,
1704 4208 1833 4262 ὡσεὶ
1887 4213 2076 4282 τεῖχος
2132 4208 2404 4284 ἅρῥηκτον
2459 4211 2577 4270 τοῖς
2623 4205 2857 4269 Σκύθαις
2913 4201 3432 4280 ἀντιπροϐἀλλεται.
3473 4207 3700 4282 Ἀμέλει

295 4300 378 4355 καί
446 4301 536 4355 ὑπ’
605 4301 783 4356 αὐτῶν
847 4297 1194 4362 διαλυθέντος
1257 4301 1352 4352 τοῦ
1421 4317 1480 4352 εκ
1543 4301 1651 4350 τῶν
1719 4297 1937 4368 ἁμαξῶν
2007 4296 2298 4371 ἐρύματος,
2355 4295 2448 4350 καὶ
2516 4295 2592 4356 εἲς
2646 4299 2838 4369 χεῖρας
2893 4293 3039 4350 οὕτω
3092 4300 3194 4351 τοῦ
3258 4295 3510 4369 πολέμου
3577 4319 3703 4351 συν-

287 4391 628 4464 ερχομένου,
689 4391 894 4465 γίνεται
949 4393 1059 4442 τῶν
1120 4386 1370 4442 ἐναντίων
1442 4386 1620 4460 τροπή
1697 4386 1788 4440 καὶ
1866 4386 2010 4459 φυγὴ
2086 4385 2288 4454 ἀκλεὴς
2354 4383 2445 4439 καὶ
2519 4382 2809 4455 Ῥωμαίων
2879 4383 3144 4458 εὐθαρσὴς
3208 4383 3479 4454 ἐπιὸίωξι.
3549 4385 3700 4441 Κατὰ

285 4477 623 4554 χιλιοστύας
676 4479 858 4532 τοίνυν
920 4477 1106 4533 πίπτει
1167 4477 1228 4531 τὸ
1286 4471 1605 4550 ἀμαξόϐιον,
1665 4474 1756 4530 καὶ
1817 4472 2198 4548 διαρπάξονται
2259 4474 2517 4548 χάρακες·
2575 4472 2637 4526 τὸ
2697 4469 2754 4526 δὲ
2807 4469 3118 4546 culleo-0‘37
3198 4469 3546 4546 δορυάλωτον
3605 4474 3697 4528 καὶ

283 4567 532 4641 ἀριθμοῦ
597 4571 843 4641 κρεῖττον
903 4567 1116 4642 ὁρᾶται,
1187 4564 1370 4638 ὥσπερ
1433 4563 1525 4618 καὶ
1591 4562 1654 4618 τὸ
1710 4563 1976 4638 προσρυὶν
2044 4560 2359 4635 αὐτόμολον
2427 4565 2506 4632 τῷ
2571 4561 2726 4632 πόθῳ
2791 4565 2899 4616 τῶν
2968 4561 3353 4638 ζωγρηθέντων
3396 4563 3696 4638 ὁμογενῶν,

283 4657 360 4718 ὡς
422 4654 484 4710 ἐκ
547 4655 750 4710 τούτου
815 4654 906 4710 καί
971 4655 1165 4728 κώμας
1224 4659 1628 4720 συνεικισοῆναι
1685 4651 1802 4705 καθ’
1859 4651 2106 4724 έσπέριόν
2163 4669 2284 4703 τινα
2335 4648 2488 4717 λῆξιν
2533 4649 2870 4721 Ῥωμαϊκὴν,
2926 4649 2998 4702 ὧν
3058 4649 3148 4704 καὶ
3189 4650 3352 4705 εἰσέτι
3387 4651 3553 4726 μικρά
3581 4672 3698 4706 τινα

283 4745 686 4822 έμπυρεύματα
742 4746 1028 4814 σώζονται,
1080 4743 1179 4798 οὐκ
1238 4741 1458 4819 ὀλίγους
1489 4738 1546 4796 δὲ
1583 4740 1673 4794 καὶ
1724 4739 1801 4800 εἷς
1857 4739 2043 4815 πείρας
2100 4737 2466 4814 καταλεγῆναι
2508 4739 2887 4814 συμμαχικὰς,
2921 4735 3258 4808 ἀποδοθῆναι
3289 4737 3464 4795 δὲκαὶ
3500 4742 3696 4814 μοίρας

1836 4297 1858 4322 ν

281 4834 542 4897 πλείονας
576 4833 1016 4909 συνειλημμένας
1051 4834 1154 4890 ὑπὸ
1184 4840 1283 4903 τῆς
1316 4835 1589 4906 στρατιᾶς.

1678 4989 1836 5046 Hier.
1892 4987 2078 5043 Wolfii
2133 4992 2310 5042 notae.

349 5153 460 5224 (2'2)
497 5148 765 5224 _ﬂé).u£w_
821 5147 1226 5224 ἑτεροστόμοις.
1297 5147 1573 5224 S_uidas:_
1620 5145 1937 5224 Ἑτερόστο-

289 5217 382 5294 μυξ
414 5217 642 5301 ᾀάλαγξ
677 5217 946 5301 καλεῖταί,
1003 5217 1125 5301 ἥτις
1149 5219 1465 5301 .πορεύεται
1522 5217 1585 5271 τὸ
1639 5217 1936 5293 μξνιδγοῦ.

289 5289 440 5366 μενον
501 5289 690 5366 ἥμισυ
755 5289 962 5366 ἔχουσα
992 5291 1064 5366 ’έν
1110 5291 1376 5366 εὐωνύμῳ
1421 5289 1750 5366 παραγωγῇ,
1804 5289 1939 5366 του-

284 5359 420 5420 iam
476 5359 618 5437 τούς
655 5359 929 5437 ἡγεμόνα-ς
957 5436 962 5437 γ
989 5363 1040 5433 ἐξ
1097 5359 1402 5434 εὐωνύμου,
1459 5359 1677 5437 τούξδέ
1705 5359 1941 5434 ’ἡμίσεος

282 5433 840 5512 τουςᾲὴγεμόναςηέν
891 5433 1038 5506 δεξιᾷ
1093 5433 1829 5512 παραγωγῇηρυίέ-ᾶμιθω
1863 5441 1941 5496 sit

288 5503 650 5584 ἑτερόστομος
683 5507 872 5584 πέλυξ.
905 5503 1200 5584 nus-quam
1248 5503 1525 5584 inve-nio:
1556 5505 1634 5561 Τὸ
1663 5503 1844 5584 ἓτερος
1877 5513 1938 5568 in

293 5577 726 5654 compositione
757 5577 1108 5652 plerumque
1137 5579 1430 5650 signiﬁcat
1451 5577 1704 5635 alterum
1733 5577 1939 5640 dunta-

2047 5145 2148 5195 xat
2170 5157 2238 5212 ex
2257 5138 2510 5212 duobus,
2531 5145 2595 5192 ut
2616 5134 3018 5212 ἑτερόφθαλμος
3039 5135 3328 5212 coclitem.
3353 5137 3469 5212 Ego
3490 5153 3696 5212 vocem

2047 5229 2166 5266 non
2217 5209 2583 5264 intellectum
2634 5205 2712 5262 iis
2755 5205 3260 5278 interpretandam
3291 5205 3562 5277 relinquo
3595 5211 3696 5280 qui

2048 5287 2412 5337 armaturam
2445 5285 2504 5333 et
2533 5280 2803 5334 vestitam
2843 5286 3104 5332 veterum
3163 5282 3340 5346 atque
3397 5280 3696 5338 exoticum

2049 5352 2420 5422 intelligunt;
2454 5351 2516 5404 in
2548 5367 2664 5419 quo
2687 5365 2902 5420 genere
2933 5348 3336 5419 phi1050phari
3367 5350 3512 5404 mihi
3545 5354 3694 5408 adeo

2049 5457 2169 5496 non
2201 5438 2386 5504 licuit,
2419 5438 2537 5492 imo
2569 5454 2762 5508 neque
2791 5436 2982 5502 libuit,
3009 5441 3073 5491 ut
3094 5438 3383 5493 nostratia
3411 5439 3504 5494 vix
3536 5458 3694 5500 asse-

2049 5527 2216 5582 quar.
