4068 6196
359 350 483 411 339

1674 339 1991 404 NICETIE
2031 343 2461 406 ΟΗΟΝΙΑΤΛΕ

3676 335 3806 402 340

438 487 503 540 ν.
537 485 654 540 Hac
683 483 756 538 de
788 479 1017 552 Scythis
1049 482 1215 548 parta
1246 473 1510 543 victoria,
1535 479 1594 530 et
1619 474 1840 530 illustri
1863 474 2008 534 edit:

2205 477 2278 535 Εἴ.
2338 475 2617 547 Τοιαύτην
2673 473 2826 540 νίκὴν
2904 475 3172 550 περιφανῆ
3258 467 3396 524 κατὰ
3480 473 3710 534 Σκυθῶν
3771 469 3802 522 ὁ

371 574 660 642 facinore,
695 572 795 628 28
824 571 1082 624 Joannes
1141 570 1275 620 vota
1335 565 1451 620 Deo
1507 563 1828 634 persolvit;
1870 563 2026 633 quod

369 663 588 719 festum
621 659 1061 716 Patzinacarum
1118 658 1326 708 nostro
1385 659 1651 723 tempore
1690 651 1929 713 dicitur,
1962 652 2024 708 in

373 753 462 807 rei
480 755 656 823 gestae
673 750 1128 803 monumentum
1151 748 1209 796 et
1227 741 1374 814 grati
1393 741 1576 799 animi
1595 741 2020 804 testimonium.

375 842 504 895 Non
532 837 720 894 multo
750 839 886 906 post
919 833 1094 888 etiam
1149 837 1356 886 contra
1401 829 1711 896 Triballos,
1744 845 1892 899 quos
1923 830 2023 887 alii

374 926 603 981 Servios
633 925 858 990 dicunt,
885 921 1176 978 maleﬁcio
1207 935 1328 976 non
1357 918 1727 974 abstinentes
1758 923 1816 976 et
1845 917 2022 972 ίιΡᾶί-

371 1017 586 1086 fragos,
633 1011 1074 1084 expeditionem
1132 1007 1524 1073 denuntiavit,
1560 1006 1755 1061 ethos
1786 1022 2021 1077 quoque

371 1105 653 1161 barbaros
682 1103 808 1158 acie
841 1103 1020 1156 victos
1056 1099 1129 1155 ad
1161 1115 1368 1170 pacem
1401 1097 1632 1168 coegit;
1665 1096 1765 1165 qui
1796 1095 2020 1166 alioqui

373 1196 552 1250 etiam
581 1210 788 1264 parum
847 1195 1121 1262 potentes
1179 1187 1431 1264 subinde
1491 1186 1696 1242 vicinis
1753 1186 2021 1256 imperiis

368 1284 655 1349 subsunt;
687 1281 1013 1349 abactaque
1045 1276 1181 1331 inde
1210 1275 1410 1346 praeda
1439 1275 1732 1330 immensa
1761 1279 1819 1328 et
1859 1274 2018 1328 locu-

363 1373 584 1444 pletato
613 1370 898 1437 exercitu,
960 1366 1250 1436 captivam
1307 1363 1543 1419 turbam
1599 1363 1661 1424 in
1718 1363 2020 1426 Orientem

365 1460 697 1516 traductam
729 1459 790 1513 in
843 1453 1282 1512 Nicomediensi
1335 1452 1641 1524 provincia
1700 1451 2020 1509 uberrimis

366 1551 521 1620 agris
552 1546 866 1619 assignatis
899 1543 1225 1600 collocavit.
1260 1543 1344 1596 Ita
1384 1541 1595 1611 captivi
1646 1539 1848 1612 populi
1880 1557 2018 1612 par-

367 1645 490 1694 tem
520 1639 581 1692 in
614 1638 874 1709 legiones
905 1634 1127 1700 retulit,
1162 1639 1389 1703 partem
1451 1631 1823 1688 tributariam
1854 1630 2012 1685 fecit.

2134 565 2396 636 Ἰωάννης
2449 563 2720 638 ἀράμενος
2779 560 2866 614 καὶ
2931 567 3184 633 μέγιστον
3243 559 3447 628 στήσας
3525 557 3798 632 τρόπαιον

2133 655 2226 718 τάς
2259 653 2426 728 εὐχὰς
2456 657 2534 723 τῷ
2565 656 2682 723 Θεῷ
2740 646 3066 718 ἀποδίδωσι,
3123 650 3220 717 τήν
3279 651 3388 702 τῶν
3438 648 3804 716 Πατζινάκων

2136 740 2442 818 λεγομένην
2493 740 2545 804 ἐς
2590 743 2739 813 ἡμᾶς
2797 737 3019 805 τελετὴν
3077 737 3155 798 εἷς
3211 737 3604 813 ἀναμηστήρια
3659 738 3801 791 ἁπο-

2134 831 2292 899 τάξας
2358 834 2466 884 τῶν
2532 827 2932 903 πεπραγμένων
2995 827 3084 880 καὶ
3152 826 3512 908 χαριστήρια.
3578 825 3801 900 Μικρὸν

2135 917 2192 973 δὲ
2249 920 2468 994 ὕστερον
2521 917 2610 974 καὶ
2668 918 2806 974 κατὰ
2861 919 2957 970 τοῦ
3023 920 3130 973 τῶν
3201 908 3538 989 Τριϐαλλῶν
3607 910 3803 976 ἔθνους

2137 1005 2302 1072 (εἷ’ποι
2333 1005 2403 1061 δι’
2451 1008 2510 1062 ἂν
2568 1027 2651 1068 τις
2695 1001 2876 1080 ἕτερος
2935 998 3179 1079 Σέρϐων)
3234 1007 3673 1078 κακουργοῦντος
3705 1003 3802 1058 καὶ

2131 1097 2228 1160 τᾶς
2302 1095 2536 1158 σπονδάς
2613 1095 2953 1174 συγχέοντος
3027 1093 3306 1167 στρατείαν
3380 1091 3628 1168 ἐκήρυξε,
3705 1093 3800 1148 καὶ

2133 1181 2420 1257 συμϐολῆς
2488 1185 2784 1258 γενομένης
2872 1183 3008 1238 κατᾶ
3092 1183 3289 1256 κράτος
3387 1185 3633 1252 ἡττήσας
3703 1183 3800 1238 καὶ

2127 1279 2291 1330 τοῦτο
2339 1273 2402 1329 τὸ
2464 1268 2738 1348 βάρϐαρον
2798 1274 2936 1346 πρὸς
2992 1267 3224 1334 σπονδὰς
3283 1271 3622 1346 ὑπηγάγετο,
3661 1273 3804 1344 μηδ’

2128 1362 2318 1424 ἄλλως
2351 1359 2693 1434 δεικνύμενον
2727 1361 3058 1437 ἀξιόμαχον,
3107 1362 3202 1414 οἶα
3229 1361 3649 1425 καθυποκύπτον
3707 1363 3796 1434 [Ρ.

2132 1453 2218 1524 12]
2252 1450 2335 1506 ἀεὶ
2381 1457 2501 1513 ταῖς
2550 1448 2610 1506 ἐκ
2663 1450 2921 1526 γειτόνων
2974 1449 3196 1526 ἀρχαῖς.
3260 1448 3363 1506 Καὶ
3407 1449 3553 1504 λείαν
3590 1448 3801 1504 ἐκεῖθεν

2126 1539 2323 1602 ἐλάσας
2362 1539 2424 1595 οὗ
2484 1541 2831 1612 σταθμητὴν,
2887 1539 2978 1594 καὶ
3037 1537 3311 1594 πλείστων
3375 1537 3660 1617 ὠφελειῶν
3692 1538 3802 1612 ἐμ-

2128 1630 2348 1700 πλήσας
2378 1628 2442 1684 τὸ
2474 1631 2806 1702 στράτευμα,
2860 1627 2937 1688 εἰς
2986 1629 3084 1698 την
3131 1621 3204 1681 ἕω
3264 1623 3570 1696 διαϐιϐάζει
3599 1628 3665 1682 τὸ
3695 1627 3798 1682 τοῦ

367 1725 618 1795 πλήθους
670 1722 1056 1796 αἰχμάλωτον,
1113 1720 1203 1774 καὶ
1259 1719 1395 1774 κατᾶ
1450 1719 1548 1786 τήν
1609 1715 1964 1790 Νικομήδους
2020 1718 2288 1793 ἐπαρχίαν
2343 1718 2608 1786 ἀποτάξας
2676 1717 2826 1790 αὐτῷ
2892 1717 3212 1786 κατοίκησιν
3289 1716 3381 1770 καί
3449 1723 3552 1792 γῆν
3631 1713 3797 1790 διαρ-

367 1817 637 1884 κεστάτην
698 1809 1112 1884 ἀποδασάμενος
1173 1809 1235 1864 τὸ
1306 1809 1399 1880 μὲν
1463 1811 1560 1861 τοῦ
1626 1803 1966 1881 δορυκτήτου
2041 1805 2151 1862 λεὼ
2215 1812 2332 1869 τοῖς
2401 1807 2790 1880 στρατεύμασιν
2852 1804 3192 1884 ἐγκατέμιξε,
3241 1805 3304 1860 τὸ
3335 1802 3394 1860 δε
3429 1812 3679 1878 παρῆκεν
3715 1805 3796 1869 εἷς

368 1903 692 1982 δασμοφόρη
703 1924 809 1957 σιν.

435 2029 703 2100 Suscepit
731 2028 828 2082 hic
859 2027 1182 2096 imperator
1211 2024 1386 2092 ﬁlios,
1422 2040 1677 2094 quorum
1710 2028 1853 2078 natu
1886 2040 2013 2078 ma-
2046 2031 2092 2097 Β

357 2118 518 2174 xime
561 2117 765 2172 Alexio
822 2131 1100 2186 purpuraa
1151 2113 1251 2182 jus
1309 2117 1368 2165 et
1424 2128 1754 2183 purpureos
1785 2111 2014 2166 calceos

358 2207 554 2276 dedit;
591 2213 650 2262 et
679 2223 814 2262 cum
837 2222 870 2259 a
893 2204 1110 2276 populo
1138 2205 1401 2257 Romano
1434 2202 1758 2273 imperator
1788 2201 2011 2256 salutu-

355 2303 540 2363 retur,
560 2313 680 2350 una
706 2310 908 2350 secum
931 2291 1287 2365 proclamari
1312 2306 1522 2361 passus
1553 2291 2009 2344 est.Proximum

356 2386 430 2440 ab
460 2385 572 2440 hoc
605 2383 1033 2448 Andronicum,
1069 2388 1124 2435 et
1154 2379 1440 2434 lsaacium
1475 2379 1734 2448 tertium,
1769 2395 1836 2434 ac
1868 2385 2010 2433 natu

361 2474 677 2530 minimum
736 2471 1067 2528 Manuelem
1127 2468 1655 2525 sebastocratorica
1725 2467 2010 2541 dignitate

365 2565 614 2620 ornavit.
648 2563 828 2618 Aiunt
859 2579 994 2617 eum
1043 2562 1104 2616 in
1156 2561 1381 2616 somnis
1409 2558 1626 2613 vidisse
1659 2557 1848 2612 ﬁlium
1881 2557 2010 2612 Ale-

361 2657 529 2710 xium
559 2669 766 2708 recens
797 2656 1142 2708 coronatum
1163 2650 1320 2704 leoni
1339 2647 1616 2716 insidere,
1644 2664 1820 2717 quem
1842 2647 2011 2702 auri-

368 2743 478 2798 bus
509 2743 876 2798 habenarum
902 2742 1002 2796 24
1025 2741 1148 2796 vice
1177 2739 1606 2800 moderaretur,
1630 2753 1764 2792 cum
1789 2737 2010 2807 alioqui

361 2833 511 2888 nihil
529 2831 773 2886 haberet
783 2830 857 2884 ad
875 2828 1231 2885 domandam
1247 2827 1456 2882 bellum
1476 2826 2008 2881 accommodatum.

363 2921 545 2994 Cujus
575 2922 680 2978 visi
715 2921 840 2976 haec
891 2919 1242 2993 signiﬁcatio
1301 2925 1446 2987 erat,
1477 2935 1728 2990 puerum
1757 2917 2008 2989 imperio

360 3013 527 3067 titulo
559 3017 730 3067 tenus
763 3016 820 3064 et
848 3010 1091 3065 nomine
1119 3009 1342 3080 absque
1375 3025 1437 3064 re
1468 3008 1818 3082 potiturum,
1851 3007 2011 3080 regia

357 3117 490 3156 vero
520 3103 812 3172 potestate
862 3097 1135 3151 orbatum
1195 3096 1307 3162 iri;
1365 3095 1425 3149 id
1483 3095 1638 3165 quod
1666 3093 1843 3166 paulo
1875 3099 2012 3166 post

354 3187 591 3253 accidit,
634 3205 703 3242 eo
733 3191 924 3241 morte
955 3185 1208 3240 sublato.

352 3275 522 3352 ψιλοῦ
587 3274 678 3329 καὶ
743 3279 960 3350 γυμνῆς
1026 3271 1366 3348 πραγμάτων
1438 3271 1808 3344 ἀνακηρύξεως

354 3351 708 3419 άποπεσεῖται
783 3361 1226 3437 κυριαρχήσεως,
1303 3357 1333 3411 ὅ
1405 3357 1495 3411 καὶ
1575 3362 1756 3432 μικρῷ
1832 3351 2170 3430 συμϐέϐηκεν

355 3449 658 3506 ἐστείλατο.

1905 3267 2255 3340 ἐπιτευξεῖται
2347 3275 2447 3338 τῆς

2194 2021 2293 2075 Καὶ
2361 2023 2541 2096 πατὴρ
2609 2018 2899 2096 δ’άῤῥένων
2957 2017 3164 2075 παίδων
3224 2021 3252 2075 ὁ
3311 2019 3570 2095 βασιλεὺς
3624 2021 3793 2082 οὗτος

2124 2111 2304 2190 φανείς
2361 2115 2441 2182 τῷ
2501 2111 2596 2183 μέν
2649 2113 2947 2184 προήκοντι
3033 2109 3169 2164 κατᾶ
3235 2109 3442 2186 γένεσιν
3509 2107 3793 2181 (Ἁλέξιος

2116 2196 2258 2272 τῷδε
2285 2200 2348 2254 τὸ
2389 2198 2588 2271 ὄνομα)
2628 2195 2964 2275 πορφυρίδος
3023 2195 3315 2271 μετέδωκε,
3375 2195 3468 2252 καὶ
3527 2195 3796 2259 πεδίλοις

2119 2289 2366 2364 ἐρυθροῖς
2397 2287 2714 2342 ὑποδεῖσθαι
2763 2285 2997 2367 διαφῆκε
3043 2287 3110 2342 τὰ
3163 2286 3334 2360 ἄρθρα
3371 2291 3468 2340 τοῦ
3499 2287 3792 2360 σώματος,

2117 2377 2206 2432 καὶ
2246 2378 2704 2455 συνευφημεῖσοαί
2754 2377 2806 2432 οἱ
2863 2383 3146 2452 παρεῖχεν,
3208 2375 3442 2445 ὁπηνίκα
3485 2376 3784 2448 Ῥωμαίων

2118 2467 2472 2542 αὖτοκρατωρ
2531 2467 2732 2528 ἐκεῖνος
2793 2467 2897 2521 ὑπὸ
2953 2472 3060 2521 τῶν
3114 2460 3540 2542 συνειλεγμένων
3591 2463 3790 2540 ὄχλων

2118 2555 2493 2630 ἀνηγορεύετο·
2555 2556 2647 2611 τὸν
2708 2553 2763 2610 δὲ
2827 2558 2943 2628 μετ’
3009 2555 3173 2610 αὐτὸν
3220 2551 3572 2630 Ἀνδρόνικον
3606 2557 3790 2610 Ἰσαά-

2117 2644 2321 2700 κιόντε
2362 2645 2452 2699 τὸν
2483 2643 2570 2698 ἐπὶ
2627 2641 2768 2716 τῷδε
2825 2643 2917 2701 καὶ
2973 2645 3068 2700 τὸν
3123 2643 3315 2718 ἑφεξῆς
3367 2644 3628 2718 τέταρτον
3665 2647 3791 2701 Μα-

2117 2733 2292 2800 νουὴλ
2359 2728 2946 2808 σεϐαστακρατορικαῖς
3012 2733 3281 2807 ὑπεξαίρει
3345 2739 3560 2806 τιμαῖς.
3632 2734 3784 2788 Φασὶ

2120 2819 2178 2876 δὲ
2224 2823 2300 2884 ὼς
2356 2825 2473 2876 κατ’
2523 2821 2654 2896 ὄναρ
2707 2823 2734 2878 ὁ
2777 2819 3037 2896 βασιλεὺς
3096 2821 3350 2885 θεάσαιτο
3383 2823 3474 2877 τὸν
3507 2831 3786 2897 νεοστεφῆ

2118 2912 2233 2966 υἱὸν
2263 2911 2354 2966 τὸν
2396 2909 2640 2981 Ἀλέειον
2705 2911 2882 2985 θηρίῳ
2942 2905 3149 2986 ἔποχον
3210 2909 3411 2981 λέοντι,
3460 2911 3552 2966 καὶ
3580 2915 3785 2967 τοῦτον

2118 3001 2176 3055 ἐκ
2204 3007 2312 3056 τῶν
2343 2999 2498 3056 ὢτων
2560 3004 2808 3076 ἡνιοχεῖν
2865 2999 3100 3074 μηδενὸς
3149 3002 3334 3074 ἑτέρου
3397 2997 3626 3063 ὑπόντος
3662 3001 3786 3057 ἑπι-

2115 3087 2334 3160 τηδείου
2391 3091 2530 3164 πρὸς
2587 3088 2918 3166 διεξαγωγὴν
2972 3089 3068 3144 τοῦ
3130 3090 3321 3163 θηρός.
3353 3092 3453 3146 Ἦν
3484 3087 3541 3144 δὲ
3641 3090 3781 3165 σύγ-

2116 3200 2292 3254 κρισις
2346 3184 2443 3233 τοῦ
2501 3177 2855 3252 ἷνδάλματος,
2890 3179 2964 3242 ὡς
3029 3179 3198 3253 μέχρι
3256 3180 3346 3234 καὶ
3378 3181 3785 3255 προσρήματος

2545 3267 2824 3343 βασιλείας
2899 3270 2926 3322 ὁ
2996 3273 3149 3336 παῖς,
3217 3276 3318 3338 τῆς
3386 3266 3445 3323 δὲ
3514 3269 3776 3342 μείζονος

2275 3355 2520 3430 ὕστερον·
2625 3355 2836 3428 θανάτῳ
2910 3356 3016 3432 γὰρ
3115 3357 3216 3426 τὴν
3315 3354 3366 3426 ἒξ
3470 3357 3780 3431 ἀνθρώπων

423 3598 540 3653 Sub
561 3601 826 3653 mstatem
848 3593 1049 3650 Hunni
1066 3597 1342 3664 superato
1361 3594 1509 3651 Istro
1529 3597 1587 3648 et
1604 3591 2005 3648 Branitzobam

2191 3587 2324 3663 Περὶ
2382 3585 2440 3644 δὲ
2494 3588 2698 3663 θέρειον
2751 3587 2895 3665 ὥραν
2947 3588 3044 3643 τὸν
3107 3590 3316 3663 Ἴστρον
3375 3583 3660 3650 διαϐάντες
3722 3590 3780 3644 οἱ

351 3692 674 3754 vastarunt,
705 3691 764 3741 et
805 3683 1100 3740 mmnibus
1157 3682 1370 3740 dirutis
1421 3699 1562 3739 saxa
1617 3682 2001 3753 Zeugminum

351 3775 805 3839 transtulerunt,
856 3777 916 3828 et
965 3770 1267 3827 Sardicam
1325 3770 1676 3842 spoliarunt,
1717 3777 1914 3841 spreto
1947 3776 2005 3826 et

348 3870 522 3936 rupto
553 3863 794 3919 foedere.
827 3859 1015 3931 Hujus
1061 3859 1478 3914 controversiae
1519 3857 1751 3914 occulta
1780 3862 1840 3912 et
1866 3875 2004 3914 vera

348 3969 528 4010 causa
569 3953 701 4022 fuit,
755 3949 914 4022 quod
970 3949 1254 4004 Almuzen
1315 3946 1594 4018 Stephani
1652 3948 2002 4005 Hunnorum

339 4043 628 4116 principis
658 4042 902 4096 fratrem
933 4039 1006 4094 ad
1031 4055 1094 4093 se
1118 4037 1432 4108 profugum
1465 4036 1789 4108 imperator
1813 4037 2002 4100 liben—

338 4133 570 4188 tissime
601 4133 965 4201 susceperat.
999 4127 1061 4181 Id
1083 4141 1220 4180 vero
1241 4125 1683 4196 prmtexebatur
1712 4133 1770 4182 et
1803 4127 1999 4198 palam

338 4220 756 4292 objiciebatur,
780 4216 940 4289 quod
963 4214 1379 4271 Branitzobani
1403 4215 1751 4270 Hunnorum
1777 4231 2001 4270 merca-

344 4317 504 4366 tores
534 4310 860 4382 spoliarent
905 4312 965 4363 et
1014 4305 1272 4377 pessime
1304 4309 1646 4360 tractarent.
1680 4304 1846 4368 Quod
1874 4321 2000 4360 ma-

343 4401 470 4454 lum
493 4415 627 4454 cum
658 4401 875 4470 praeter
905 4395 1410 4466 exspectationem
1441 4394 1782 4465 ingruisset,
1811 4395 2004 4466 impe-

345 4493 508 4543 rator
540 4485 818 4557 prudenti
841 4484 1090 4539 consilio
1111 4482 1506 4554 Philippopoli
1533 4500 1593 4538 se
1618 4483 2004 4552 tenuit,Hun-

352 4578 448 4634 nis
479 4576 615 4631 inde
663 4575 870 4648 pulsis.
929 4573 1276 4628 Succedenti
1332 4589 1468 4628 vero
1509 4578 1775 4645 tempore
1806 4573 1880 4628 ad
1911 4574 2002 4627 in-

351 4665 738 4722 structionem
790 4678 1033 4718 suorum
1091 4667 1152 4717 et
1213 4661 1499 4717 ultionem
1560 4663 1820 4718 hostium
1857 4679 2002 4720 usus

348 4756 552 4828 copias
573 4754 762 4824 coegit
783 4757 841 4807 et
860 4766 1037 4806 naves
1059 4749 1364 4821 expeditos
1385 4753 1778 4822 comparavit;
1810 4753 2000 4822 iisque

349 4862 458 4920 per
489 4847 741 4900 Pontum
771 4841 833 4896 in
871 4843 1088 4895 Istrum
1127 4839 1408 4908 trajectis,
1441 4845 1600 4894 terra
1628 4847 1686 4896 et
1714 4857 1868 4912 aqua
1896 4841 2002 4896 ad-

342 4935 638 4992 versarios
669 4937 761 4989 est
787 4929 1050 4986 adortus.
1091 4927 1293 4982 Fluvio
1346 4927 1576 4981 triremi
1622 4929 2004 4998 imperatoria

2109 3677 2303 3736 Οὗννοι
2366 3681 2465 3749 τήν
2532 3698 2592 3733 τε
2647 3673 3014 3752 Βρανίτζοϐαν
3071 3676 3459 3754 ἐξεπόρθησαν,
3523 3679 3780 3753 κατερεί-

2109 3770 2306 3840 ψαντες
2373 3768 2439 3821 τὰ
2498 3768 2659 3843 τείχη
2729 3767 2816 3825 καὶ
2884 3768 3012 3829 τοὺς
3079 3767 3262 3829 λίθους
3308 3771 3771 3842 μετενεγκάμενοι

2110 3857 2185 3918 εἰς
2223 3858 2285 3912 τὸ
2318 3857 2629 3936 Ζεύγμινον,
2687 3859 2778 3912 καὶ
2834 3861 2934 3928 τήν
2993 3856 3268 3932 Σαρδικήν
3322 3856 3634 3929 ἐληίσαντο,
3669 3861 3774 3920 τὰς

2109 3945 2197 4002 ἐπὶ
2251 3945 2411 4020 φιλίᾳ
2460 3952 2528 4021 τῇ
2586 3948 2848 4022 πρότερον
2900 3946 3202 4023 ὁμολογίας
3258 3947 3681 4022 ἆποσεισάμενοί
3713 3971 3777 4004 τε

2107 4035 2198 4090 καὶ
2265 4033 2624 4109 διαξάναντες.
2692 4038 2790 4093 Ἠν
2861 4034 2919 4091 δὲ
2979 4039 3015 4106 ἡ
3087 4037 3182 4108 μὲν
3247 4033 3555 4112 ἐνδόμυχος
3615 4039 3778 4093 αἰτία

2108 4128 2336 4197 ταυτησὶ
2378 4133 2479 4196 τῆς
2529 4123 2791 4202 διαφορᾶς
2843 4127 2906 4181 τὸ
2957 4127 3050 4182 τὸν
3084 4127 3398 4200 Ἀλμούζην
3435 4129 3578 4202 παρᾶ
3611 4129 3778 4203 βασι-

2111 4215 2208 4273 λέα
2257 4215 2433 4272 ἐλθεῖν
2500 4217 2590 4270 καὶ
2657 4213 3068 4292 προσδεχθῆναι
3126 4217 3251 4291 παρ’
3311 4215 3481 4271 αὐτοῦ
3537 4217 3777 4290 ἀσμενέ-

2110 4327 2296 4377 στατα,
2327 4305 2652 4379 κασίγνητον
2709 4305 2840 4361 ὅντα
2891 4306 3190 4382 Στεφάνουο
3248 4311 3348 4361 τοῦ
3395 4311 3503 4361 τῶν
3541 4305 3773 4363 Οῧννων

2109 4396 2504 4470 κητάρχοντος,
2536 4397 2571 4465 ἡ
2605 4392 2652 4448 δ’
2684 4395 3044 4470 εὐπρόσωπός
3091 4416 3150 4450 τε
3207 4393 3320 4468 ἅμα
3358 4396 3447 4450 καὶ
3479 4393 3778 4473 πρόδῄλος

2111 4485 2334 4560 ἀφορμή
2393 4486 2456 4539 τὸ
2511 4483 2640 4546 τοὺς
2695 4484 2988 4558 οἰκήτορας
3043 4479 3415 4559 Βρανιτζόϐης
3445 4483 3773 4560 λῃστρικῶς

2111 4573 2438 4637 ἐπιτίθεσθαι
2494 4578 2608 4639 τοῖς
2671 4568 3118 4648 μαραϐάλλουσιν
3177 4572 3338 4628 ἐκεῖθι
3387 4571 3614 4638 Οὕννοις
3645 4580 3774 4632 κατ’

2112 4663 2378 4736 ἐμπορίαν
2423 4662 2515 4716 καὶ
2574 4661 2702 4735 δρᾷν
2759 4661 2842 4717 ἐπ’
2893 4662 3082 4730 αὐτοῖς
3135 4663 3202 4720 τὰ
3259 4663 3526 4738 χείριστα.
3557 4666 3688 4724 "At:
3720 4665 3773 4722 δ’

2111 4750 2437 4826 ἂπροόπτως
2503 4755 2600 4806 τοῦ
2664 4755 2834 4806 κακοῦ
2895 4747 3055 4806 τοῦδε
3145 4752 3570 4826 ξυνενεχθέντος,
3636 4754 3768 4811 τότε

2116 4843 2208 4914 μὲν
2275 4845 2343 4915 τῇ
2402 4840 2539 4896 κατὰ
2603 4843 2702 4912 τήν
2757 4839 3210 4898 Φιλιππούπολιν
3249 4838 3483 4915 ἐνδημίᾳ
3535 4845 3604 4898 τά
3659 4853 3769 4916 τῆς

2111 4929 2452 5004 προμηθείας
2511 4928 2766 5007 βασιλεὺς
2832 4928 3220 5002 ἐπεμέτρησεν,
3273 4927 3512 4993 Οὕννους
3569 4932 3774 4990 ἐκεῖθεν

342 5027 613 5098 trajecta,
647 5023 744 5080 25
775 5027 832 5077 et
863 5018 1129 5075 exercitu
1159 5017 1220 5071 in
1261 5017 1505 5072 adversa
1548 5018 1679 5089 ripa
1709 5017 1998 5089 exposito,

2117 4987 2449 5092 μετανάστας
2511 4987 2763 5092 θέμενοςί
2817 5023 2896 5090 τῷ
2932 4987 3000 5074 ’δ’
3036 4987 3274 5074 ’ἐπιόντι
3359 4987 3536 5096 καιρῷ

339 5115 650 5172 colluviem
681 5111 1073 5168 barbarorum
1099 5106 1360 5180 equestri
1384 5122 1580 5182 pugna
1601 5113 1659 5161 et
1689 5107 1996 5164 hastarum

337 5207 462 5262 acie
493 5203 868 5278 proﬂigavit;
903 5206 962 5256 et
1017 5199 1078 5254 in
1132 5196 1333 5259 hostili
1380 5213 1520 5270 agro
1549 5197 1776 5270 majore
1811 5215 1990 5269 quam

2117 5203 2461 5278 χρησάμενος
2527 5203 2622 5264 τὰς
2699 5198 2958 5280 δυνάμεις

333 5294 498 5367 prius
527 5309 793 5366 unquam
824 5288 1138 5347 tolerantia
1163 5293 1584 5352 commoratus,
1613 5287 1952 5344 Francocho
1971 5322 1983 5330 -

330 5385 420 5439 rio
452 5385 672 5455 potitus
717 5388 827 5448 est,
875 5378 1245 5436 fertilissima
1273 5383 1446 5432 terra
1479 5377 1762 5433 Hunnicaa
1791 5384 1979 5450 parte,

329 5487 461 5542 quae
491 5471 730 5526 declivis
788 5471 847 5524 in
905 5473 1176 5540 patentes
1234 5483 1474 5538 campos
1525 5467 1683 5522 intra
1711 5468 1889 5523 Saum
1921 5474 1978 5524 et

324 5561 539 5615 Istrum
563 5559 770 5613 ﬂuvios
792 5557 1146 5613 extenditur.
1171 5558 1241 5610 Et
1259 5555 1643 5628 leguminum
1672 5556 1972 5612 deditione

325 5647 778 5720 cepit,etipsum
803 5647 1122 5700 Chramum
1144 5660 1452 5716 aggressus
1483 5647 1743 5702 maxima
1769 5647 1970 5717 prmda

2107 5111 2450 5184 παρασκευὴν
2505 5114 2613 5164 τῶν
2671 5108 2882 5164 οἰκείων
2935 5108 3029 5163 καὶ
3086 5107 3292 5180 ἄμυναν
3338 5114 3446 5165 τῶν
3479 5110 3776 5187 πολεμίων

3053 5203 3376 5277 συνήθροισε
3439 5204 3532 5258 καὶ
3628 5213 3771 5275 νῆας

2096 5290 2530 5366 ταχυναντούσας
2589 5291 2878 5364 ἡτοίμασε,
2939 5291 3028 5344 καὶ
3085 5289 3284 5353 ταύτας
3314 5289 3369 5353 ές
3395 5293 3488 5347 τὸν
3542 5299 3766 5372 Ἴστρον

2096 5377 2186 5435 διὰ
2248 5386 2345 5436 τοῦ
2404 5381 2606 5439 Πόντου
2675 5378 3084 5441 κατακολπίσας
3167 5377 3389 5455 ὑδραῖος
3453 5382 3597 5455 ὁμοῦ
3670 5385 3766 5440 καὶ

2093 5475 2353 5544 χερσαῖος
2403 5476 2521 5534 τοῖς
2570 5467 2894 5533 ἀντιπάλοις
2949 5468 3252 5546 ἐφίσταται.
3302 5468 3544 5526 Διελθὼν
3578 5469 3637 5527 δὲ
3661 5475 3763 5530 τὸν

2084 5557 2336 5628 ποταμὸν
2401 5556 2538 5630 μετᾶ
2595 5563 2695 5626 τῆς
2764 5552 3132 5634 στρατηγίδος
3195 5557 3478 5632 τριήρους,
3527 5559 3762 5615 καὶτὸν

2077 5644 2307 5720 στρατὸν
2367 5645 2850 5717 καταστησάμανος
2911 5643 2964 5706 ές
3029 5643 3093 5698 τὸ
3169 5644 3356 5718 πέραν,
3425 5646 3761 5724 ἱππομαχίᾳ
