4034 6202
460 359 578 420 343

457 498 558 561 τῆς
587 491 937 564 Θεομήτορος
986 485 1168 542 είκὸνα
1223 486 1403 558 τούτῳ
1456 480 1854 553 ἐπανεϐίϐασεν,
1923 483 2003 561 ἐφ’
2068 483 2104 558 ᾖ

1764 356 1821 414 Ν
1829 353 2082 416 ΙΟΕΤιΕ
2121 354 2538 419 ΟΗΟΝΙΑΤιΕ

3695 367 3794 430 3M

2173 485 2262 540 καὶ
2321 487 2388 556 ἦν
2454 491 2707 563 γεγηθὼς
2772 494 2862 546 καὶ
2927 494 3025 562 τήν
3090 493 3272 567 ψυχήν
3337 493 3582 550 ἐκλείπων
3639 497 3803 568 αότὴν,

459 582 548 637 καὶ
599 581 693 642 τὰς
749 579 901 640 νίκας
976 577 1050 639 ὡς
1109 573 1554 652 συστρατηγέτιδι
1615 577 1820 652 ἀμάχῳ
1875 575 2332 652 ἐπιγραφόμενος,
2389 579 2478 633 καὶ
2538 577 2667 643 δοὺς
2721 578 2868 656 ἄγειν
2927 581 2994 636 τὰ
3057 579 3259 656 χαλινὰ
3309 581 3428 644 τοὺς
3483 585 3596 659 παρ’
3648 584 3805 659 ἐκείνῳ

463 668 793 743 δυναμένους
855 665 921 721 τά
991 664 1234 740 μέγιστα,
1296 665 1385 720 καὶ
1476 669 1595 726 τοῖς
1684 664 1744 719 ἐκ
1845 663 2034 740 γένοὺς

2128 663 2428 740 ἐγγίζουσιν

2530 669 2953 741 ἂμφιπονεῖσθαι
3019 671 3080 724 τὸ
3141 671 3283 745 ἅρμα
3345 668 3539 740 ἐνδοὺς,
3599 680 3806 748 προῆγεν

463 758 620 818 αὐτὸς
649 755 932 830 σταυρικὸν
966 759 1196 828 σημεῖον
1228 755 1608 829 χειριζόμενος
1635 754 1726 809 καὶ
1775 753 1902 808 ποσὶ
1933 755 2032 822 τήν
2089 753 2310 827 πορείαν
2369 759 2726 831 ποιούμενος·
2786 759 2876 815 καὶ
2932 760 3024 815 τὸν
3070 761 3133 814 ’sr.
3169 766 3266 828 τῆς
3319 764 3410 814 τοῦ
3465 765 3587 814 Θεοῦ
3641 765 3809 840 Σοφῖας

461 843 958 918 παρωννδμοῦμενον
986 843 1108 897 ναὸν
1129 841 1334 911 εἰσιὼν,
1367 842 1457 897 καὶ
1513 845 1614 912 τήν
1655 840 1744 896 ἐπὶ
1774 847 1895 903 τοῖς
1954 841 2414 915 κατωρθωμένοις
2461 845 2902 924 ἀνθομολὸγησιν
2928 849 3114 923 Κυρίῳ
3137 853 3217 920 τῷ
3273 851 3386 918 Θεῷ
3439 847 3708 922 ἀπονείμας
3728 855 3807 904 τοῦ

462 933 574 990 λεὼ
601 933 798 996 παντὸς
837 932 1101 1003 ἐπώπιον,
1161 937 1239 1004 τῷ
1285 932 1495 1007 ἆρχείῳ
1553 930 1726 993 οὕτως
1759 925 2087 1004 παρέϐαλεν.

534 1026 627 1080 21
669 1027 758 1081 Vl.
790 1025 935 1081 Cum
957 1042 1078 1080 non
1099 1025 1321 1079 diutius
1343 1023 1552 1080 fuisset
1571 1023 1732 1078 domi
1755 1039 1933 1094 quam
1964 1027 2031 1077 ut
2051 1027 2110 1078 et

2305 1027 2364 1093 ζ’.
2397 1026 2470 1081 Γ)ιῖ
2501 1027 2715 1084 πολλοῦ
2742 1025 2799 1084 δὲ
2830 1025 3182 1092 διαλιπόντος
3211 1032 3418 1103 καιροῦ,
3446 1027 3565 1084 ἀλλ’
3593 1029 3714 1084 ὥστε
3735 1029 3809 1084 καὶ

463 1114 590 1184 ipse
622 1130 656 1168 a
686 1113 940 1169 subditis
972 1120 1318 1168 cerneretur
1340 1118 1397 1168 et
1417 1112 1666 1167 theatris
1697 1111 2112 1180 oblectaretur,

466 1206 524 1254 et
554 1199 775 1256 milites
807 1207 942 1272 post
990 1201 1334 1256 diuturnam
1382 1199 1661 1255 militiam
1692 1199 1847 1254 lares
1875 1197 2114 1252 tandem

465 1307 604 1344 suos
637 1291 966 1346 salutarent
987 1295 1046 1344 et
1070 1307 1256 1360 equos
1285 1294 1625 1344 recrearent
1657 1295 1716 1343 et
1745 1289 1945 1343 hastas
1977 1304 2112 1342 exa-

465 1387 731 1449 cuerent,
763 1381 958 1437 denuo
1017 1387 1224 1435 contra
1281 1381 1692 1435 Castamonem
1735 1379 1934 1434 movit.
1971 1380 2116 1432 Nam

464 1470 877 1526 Tanismanius
909 1469 1378 1534 Persarmenius,
1432 1469 1534 1538 qui
1591 1467 1961 1538 Cappadocia
1993 1474 2116 1522 tum

465 1560 820 1631 potiebatur,
851 1560 1057 1616 urbem
1121 1575 1256 1614 cum
1297 1558 1622 1629 majoribus
1652 1558 1838 1630 copiis
1878 1557 2120 1612 adortus

465 1652 856 1718 expugnarat,
879 1653 938 1701 et
968 1646 1368 1718 praesidiarios
1391 1646 1609 1700 milites
1635 1645 1979 1700 trucidarat.
2003 1646 2116 1698 Im-

467 1737 705 1801 perator
725 1748 794 1785 eo
818 1731 1116 1802 profectus
1139 1730 1590 1786 Tanismanium
1623 1735 1923 1785 mortuum
1955 1729 2120 1784 inve-

467 1821 576 1885 nit,
607 1826 664 1874 et
695 1820 1133 1876 Muchumetum
1164 1820 1482 1892 quemdam
1531 1819 1664 1874 urbi
1714 1835 1992 1890 praeesse,
2026 1805 2120 1873 cui

468 1925 603 1963 eum
635 1909 818 1963 Iconii
866 1909 1117 1980 praeside
1172 1910 1396 1963 Masuto
1427 1908 1757 1963 inimicitias
1788 1907 2120 1962 intercede-

469 1997 632 2052 bant.
655 1997 854 2068 ltaque
871 1997 958 2051 rei
976 2013 1098 2052 sua;
1117 1996 1490 2052 stabiliendae
1513 1997 1887 2052 occasionem
1913 2001 2122 2052 nactus

472 2102 608 2141 eum
641 2086 864 2140 Masuto
897 2101 1103 2155 pacem
1134 2086 1680 2157 fecit,acceptisque
1700 2085 1772 2141 ab
1797 2102 1864 2141 eo
1888 2085 2123 2141 auxiliis

474 2174 915 2228 Muchumetum
947 2174 1191 2229 invadit.
1223 2175 1332 2240 Qui
1384 2191 1518 2230 eum
1549 2191 1612 2229 se
1643 2174 1873 2230 duobus
1900 2175 2125 2229 exerci-

475 2263 634 2317 tibus
665 2262 953 2334 imparem
1005 2264 1130 2318 fore
1186 2270 1477 2330 cerneret,
1536 2281 1671 2319 cum
1718 2263 1990 2336 populari
2018 2280 2124 2319 suo

477 2354 700 2408 Masuto
727 2352 798 2408 de
858 2353 1338 2408 reconciliatione
1396 2354 1533 2425 agit,
1569 2369 1819 2423 eamque
1847 2353 2127 2423 impetrat

479 2457 614 2495 cum
645 2441 779 2496 aliis
808 2442 1294 2509 rationibus,tum
1326 2459 1397 2497 ea
1424 2442 1800 2513 potissimum
1831 2441 1990 2512 quod
2017 2441 2129 2496 ista

480 2547 616 2588 cum
647 2531 778 2586 aliis
807 2533 1160 2597 rationibus,
1185 2538 1308 2588 tum
1331 2550 1400 2588 ea
1423 2533 1798 2604 potissimum
1830 2533 1989 2603 quod
2021 2532 2129 2586 ista

480 2619 554 2674 ad
586 2621 882 2676 Romanos
909 2621 1239 2676 defectione
1297 2639 1424 2676 rem
1472 2621 1768 2676 Persicam
1800 2621 2128 2677 afﬂicturus

481 2715 650 2777 esset,
685 2710 801 2764 nisi
833 2711 894 2764 in
923 2711 1172 2782 gratiam
1195 2710 1480 2765 redirent.
1514 2711 1598 2766 lta
1630 2711 1851 2766 Masuto
1883 2727 2128 2782 persua-

477 2799 577 2856 det
607 2806 672 2854 ut
701 2801 980 2856 societate
1004 2801 1380 2872 imperaloris
1403 2800 1714 2872 repudiata
1745 2817 1945 2855 secum
1978 2801 2128 2854 face-

477 2893 585 2945 ret.
618 2890 741 2955 Quo
771 2890 948 2962 paulo
979 2897 1113 2961 post
1141 2892 1318 2958 facto,
1353 2891 1571 2946 sultani
1612 2890 1846 2946 auxiliis
1877 2891 2126 2945 Persicis

474 2985 652 3033 noctu
682 2977 985 3050 digressis,
1018 2997 1228 3051 parum
1275 2981 1560 3035 successit
1611 2979 1891 3035 Romanis
1923 2996 1992 3033 ea
2025 2979 2123 3035 28

476 3067 792 3138 expeditio.
825 3069 1044 3124 Castris
1073 3069 1254 3140 igitur
1285 3069 1345 3122 in
1396 3069 1454 3122 id
1487 3069 1773 3140 oppidum
1821 3068 2124 3123 translatis

475 3157 633 3227 quod
664 3157 790 3228 ipse
835 3159 908 3212 ad
955 3157 1339 3228 Rhyndacum
1379 3157 1623 3212 fluvium
1655 3163 1968 3224 struxerat,
2002 3159 2121 3212 Mu-

473 3245 817 3301 chumetum
851 3248 1076 3318 majore
1110 3248 1335 3318 impetu
1367 3246 1632 3312 adortus,
1656 3247 2008 3302 Castamone
2038 3263 2125 3299 re-

471 3340 772 3406 cuperata,
815 3351 891 3390 ne
949 3337 1177 3408 Gangra
1233 3335 1476 3406 quidem
1535 3334 1842 3400 abstinuit,
1901 3351 2022 3389 una
2053 3351 2122 3388 ex

476 3423 749 3478 maximis
780 3431 838 3479 et
867 3423 1287 3480 illustrissimis
1326 3425 1498 3478 Ponti
1540 3423 1804 3491 urbibus,
1838 3439 1970 3494 qua:
2001 3441 2123 3478 non

475 3511 559 3566 ita
589 3512 818 3583 pridem
848 3530 882 3568 a
914 3514 1105 3568 Persis
1137 3513 1380 3569 subacta
1409 3513 1621 3568 fuerat.
1655 3513 1741 3567 Ibi
1773 3529 1908 3568 cum
1956 3529 2123 3568 more

477 3598 616 3654 belli
648 3600 988 3656 suburbana
1030 3601 1231 3656 omnia
1282 3601 1626 3672 subegisset,
1679 3601 1871 3672 ipsam
1915 3601 2123 3655 urbem

473 3690 753 3760 operibus
779 3691 982 3758 cinxit,
1009 3707 1142 3746 cum
1173 3695 1367 3746 autem
1397 3693 1590 3746 Persea
1623 3690 1725 3762 qui
1750 3691 1910 3745 intus
1933 3695 2120 3756 erant,

471 3776 606 3834 elati
638 3779 1224 3851 animis,imperatori
1248 3779 1411 3834 urbis
1434 3779 1598 3834 aditu
1632 3796 1712 3834 nu
1746 3779 1820 3834 da
1848 3779 2119 3850 pactione

469 3866 770 3936 cederent,
803 3868 1020 3924 milites
1042 3885 1172 3924 eam
1194 3884 1417 3924 corona
1440 3867 1813 3923 circumdant
1836 3885 1850 3934 ;
1884 3868 2120 3936 moenia,

471 3972 589 4028 qua
653 3957 980 4030 oppugnari
1049 3963 1346 4028 poterant,
1396 3956 1681 4012 arietibus
1744 3959 2124 4011 continenter

469 4047 847 4117 percutiunt;
879 4047 982 4102 sed
1031 4064 1166 4102 cum
1197 4063 1266 4102 ea
1312 4063 1374 4102 re
1409 4046 1482 4102 ob
1535 4047 2118 4118 propugnaculorum

468 4135 650 4190 robur
679 4141 737 4190 et
791 4135 1052 4191 hostium
1114 4137 1506 4207 pertinaciam
1564 4153 1773 4208 parum
1807 4136 2122 4208 proliceret

468 4225 812 4297 imperator,
845 4227 1081 4282 omissis
1111 4226 1422 4294 maenibus,
1457 4242 1596 4282 saxa
1625 4227 1684 4280 in
1716 4227 1896 4292 mdes,
1929 4242 2060 4296 quas
2089 4242 2118 4279 ο

375 4355 384 4362 .
469 4314 720 4370 collibus
777 4315 836 4368 in
879 4316 1094 4386 quibus
1124 4321 1319 4370 castra
1349 4321 1520 4370 erant
1576 4309 2117 4385 conspiciebantur,

462 4401 718 4472 jaculari
749 4401 1026 4457 instituit.
1081 4403 1190 4466 Qui
1249 4403 1430 4474 igitur
1478 4403 1772 4457 machinis
1801 4408 2118 4473 prmerant,

471 4488 698 4558 lapides
723 4489 1008 4544 rotundos
1038 4497 1096 4544 et
1125 4490 1278 4545 leves
1300 4491 1372 4546 ob
1403 4498 1705 4563 patentem
1738 4496 2118 4562 prospectum

473 4592 650 4647 quam
703 4576 1048 4649 longissime
1103 4579 1488 4648 ejaculantes,
1522 4585 1586 4635 ut
1636 4579 1898 4646 volitare,
1933 4596 2055 4636 non
2087 4597 2117 4635 e

472 4665 764 4720 machinis
807 4667 1000 4721 excuti
1056 4667 1414 4737 viderentur,
1477 4667 1684 4723 domos
1716 4667 2107 4736 quassabant;

471 4770 600 4826 quaa
627 4756 796 4810 tectis
825 4754 1144 4811 confractis
1175 4763 1484 4828 prostratm
1527 4755 1887 4811 habitatores
1918 4756 2119 4827 oppri-

470 4844 730 4900 mebant.
764 4845 848 4900 Ita
879 4861 1071 4916 neque
1102 4863 1208 4916 per
1236 4845 1394 4899 vicos
1439 4845 1690 4898 transire
1743 4849 1934 4898 tutum
1968 4851 2116 4910 erat,

469 4940 528 4989 et
556 4934 715 4991 domi
748 4952 808 4990 se
841 4934 1146 4990 continere
1181 4932 1593 5005 periculosius.
1628 4933 1726 4985 His
1753 4933 1851 4987 20
1876 4933 1947 4986 de
1979 4949 2114 4986 cau-

465 5025 546 5079 sis
577 5024 756 5096 igitur
783 5023 1112 5080 obsidionis
1145 5022 1380 5092 pertmsi
1413 5022 1661 5082 cives.ac
1696 5020 1784 5073 vel
1819 5021 1878 5074 in
1910 5021 2118 5090 primis

2225 1114 2381 1169 αὐτὸν
2414 1114 2714 1194 ἐποφθῆναι
2757 1124 2874 1181 τοῖς
2906 1119 3170 1188 ὑπηκόοις
3225 1117 3312 1174 καὶ
3368 1118 3600 1193 θεάτροις
3646 1115 3812 1192 διαχο-

2225 1205 2402 1275 θῆναι,
2436 1213 2750 1282 προσειπεῖν
2810 1204 2867 1262 δὲ
2930 1209 3021 1263 καὶ
3077 1209 3169 1263 τὸν
3217 1207 3544 1282 στρατιώτην
3597 1208 3658 1262 τά
3693 1205 3813 1262 οἴκοι

2227 1295 2450 1368 χρόνίον
2478 1296 2568 1350 καὶ
2603 1293 2954 1352 διαναπαῦσαι
2986 1298 3077 1353 τὸν
3123 1294 3296 1352 ’ίππδν
3352 1296 3439 1350 καὶ
3494 1296 3586 1364 τὴν
3632 1294 3814 1370 λόγχην

2226 1383 2562 1454 ἀκέσασθαι,
2645 1386 2799 1450 αὖθις
2881 1387 3015 1441 κατᾶ
3081 1386 3423 1460 Κασταμόνος
3501 1383 3811 1459 ἐστράτευσεν.

2228 1478 2289 1531 '0
2310 1475 2411 1550 γὰρ
2454 1477 2549 1529 τὸν
2601 1476 2787 1550 καιρὸν
2847 1473 3050 1530 ἐκεῖνον
3095 1483 3195 1545 τῆς
3248 1471 3613 1533 Καππαδοκῶν
3663 1475 3818 1547 χώρας

2227 1567 2441 1636 κρατῶν
2504 1564 2902 1639 Περσαρμένιος
2951 1565 3276 1639 Ταῖσμάνιος
3339 1565 3453 1637 μεθ’
3505 1563 3682 1637 ἰσχύος
3722 1563 3819 1634 μεί-

2233 1656 2385 1720 ζονος
2418 1651 2583 1708 ἔπιὼν
2632 1653 2974 1730 τειχομαχίᾳ
3023 1656 3122 1723 τὴν
3175 1653 3338 1709 πόλιν
3371 1652 3481 1707 εἷλε
3502 1650 3588 1706 καί
3613 1649 3684 1722 τῷ
3709 1651 3820 1728 ξίφει

2227 1742 2364 1794 κατὰ
2423 1743 2506 1814 [Ρ.
2571 1744 2660 1816 14]
2715 1747 2824 1797 τῶν
2878 1741 3135 1820 φυλάκων
3194 1741 3482 1814 Ῥωμαίων
3539 1739 3818 1814 ἐχώρησεν.

2228 1829 2289 1885 Ὁ
2351 1829 2605 1904 βασιλεὺς
2654 1831 2831 1887 τοίνυν
2910 1831 3078 1895 ἐκεῖςε
3139 1830 3566 1906 παραγενόμενος
3617 1828 3698 1883 τὸν
3747 1826 3822 1900 μὶν

2229 1919 2557 1992 Ταϊσμάνιον
2605 1920 2657 1990 ἐξ
2740 1919 3038 1995 ἀνθρώπων
3095 1920 3216 1996 εὗρε
3273 1919 3654 1997 γεγενημένον,
3697 1919 3824 1972 Μου-

2231 2008 2442 2082 χούμετ
2477 2006 2536 2062 δέ
2564 2029 2686 2064 τινα
2739 2011 2835 2078 νήν
2895 2007 3225 2084 Κασταμόνα
3277 2007 3548 2078 διέποντα,
3602 2003 3822 2078 διάφορον

2231 2101 2308 2167 τῷ
2338 2099 2436 2166 τῆς
2471 2101 2699 2156 Ἰκονίου
2739 2099 2957 2164 πόλεως
3013 2101 3257 2180 ἀρχηγῷ
3313 2096 3549 2155 Μασούτ.
3591 2093 3828 2172 Συμφόρῳ

2233 2199 2361 2268 γοῦν
2392 2201 2472 2268 τῷ
2499 2203 2674 2271 καιρῷ
2702 2199 2840 2270 πρὸς
2880 2199 3128 2272 σύναρσιν
3187 2203 3296 2253 τῶν
3354 2197 3470 2259 καθ’
3528 2193 3676 2248 αὐτὸν
3717 2209 3830 2260 πρα-

2233 2305 2460 2359 γματων
2490 2288 2518 2341 ὁ
2553 2285 2810 2362 βασιλεὺς
2843 2289 3137 2362 χρώμενος
3183 2283 3468 2342 σπένδεται
3514 2288 3588 2353 τῷ
3634 2277 3832 2345 Haecin,

2234 2374 2320 2428 καὶ
2357 2374 2678 2450 συμμαχίαν
2727 2374 2974 2453 εἰληφὼς
3026 2375 3225 2439 ἐκεῖθεν
3285 2370 3459 2429 ἔπεισι
3511 2369 3586 2442 τῷ
3615 2365 3833 2440 Μουχοῦ·

2240 2485 2338 2536 μετ
2372 2506 2386 2521 .
2447 2469 2507 2522 Ὀ
2567 2463 2622 2520 δὲ
2668 2466 2805 2540 πρὸς
2864 2466 3210 2539 ἀμφίστομον
3297 2465 3602 2538 στράτευμα
3679 2455 3836 2511 οὔκουν

2235 2553 2421 2608 ἑαυτὸν
2478 2551 2637 2615 εἰδὼς
2688 2553 2991 2630 ἀξιόμαχον
3052 2556 3235 2609 ὕπεισι
3295 2553 3388 2608 τὸν
3446 2546 3710 2627 ὁμόφυλον
3745 2549 3836 2598 Μα-

2235 2642 2384 2711 σοὺτ,
2414 2645 2503 2698 καί
2533 2643 2835 2706 καταλόσας
2888 2645 2987 2712 τήν
3030 2638 3230 2719 ἔχθραν
3295 2641 3492 2704 ἄλλοις
3535 2659 3592 2692 τε
3640 2631 3840 2693 πολλοῖς

2235 2731 2316 2792 οἷς
2349 2730 2536 2804 ἐκείνῳ
2565 2729 2656 2788 διὰ
2711 2733 3052 2807 γραμμάτων
3113 2731 3402 2804 ἐσήμανεν,
3462 2726 3603 2782 ἀλλά
3657 2721 3717 2791 δὴ
3767 2719 3836 2775 καὶ

2233 2828 2310 2895 τῷ
2368 2823 2538 2879 εἰπεῖν
2592 2827 2666 2887 ὡς
2724 2823 3012 2900 προσρυεὶς
3057 2828 3136 2887 τῷ
3197 2821 3422 2898 βασιλεῖ
3476 2815 3762 2891 Ῥωμαίων,
3802 2807 3837 2864 εί

2236 2915 2312 2986 μή
2343 2914 2734 2990 καταλλαγεῖεν
2783 2915 2960 2984 αὐτοὶ,
2989 2918 3172 2977 κακῶς
3206 2912 3457 2978 διάθοιτο
3511 2910 3577 2963 τὰ
3629 2906 3833 2978 Περσῶν,

2231 3011 2402 3066 πείθει
2457 3013 2548 3067 τὸν
2609 3015 2840 3070 Ἰκονιέα
2891 3016 3110 3068 Μασοὺτ
3164 3011 3509 3086 ἀποσχέσθαι
3569 3007 3656 3080 μὲν
3711 3003 3837 3077 βιοῖ’

2234 3102 2394 3168 λέως,
2427 3101 2609 3175 ἐκείνῳ
2661 3100 2718 3157 δὲ
2767 3102 3068 3178 προσρέψαι
3124 3102 3216 3155 καὶ
3289 3099 3454 3155 λῦσαι
3510 3097 3604 3164 τήν
3661 3107 3841 3178 συμμέ-

2234 3192 2463 3264 μαχίαν.
2517 3190 2597 3246 Οὗ
2655 3194 2786 3264 μετὰ
2859 3193 3038 3267 βραχὺ
3115 3185 3452 3262 συμϐάντος,
3528 3182 3614 3240 καί
3679 3177 3837 3234 νυκτὸς

2230 3280 2541 3355 οῖχομὲνων
2607 3285 2714 3334 τῶν
2761 3279 2841 3354 τῷ
2901 3281 3117 3356 βασιλεῖ
3171 3280 3323 3354 παρᾶ
3367 3281 3466 3333 τοῦ
3507 3272 3722 3330 σουλτᾶν
3767 3267 3839 3356 ἐκ·

2229 3371 2583 3450 πεμφθέντων
2645 3369 2944 3444 ἐπικούρων
3006 3372 3250 3445 Περσῶν,
3331 3367 3435 3422 οὐκ
3506 3360 3658 3419 εῦοδα
3701 3352 3844 3450 τὸέκ

2229 3457 2388 3514 τοῦδε
2472 3459 2769 3532 Ῥωμαίοις
2837 3460 2902 3514 τά
2969 3463 3067 3528 τῆς
3153 3459 3531 3531 προκειμένης
3607 3443 3846 3532 στρατείας

2227 3549 2500 3626 γεγόνασιν
2537 3593 2550 3606 .
2621 3550 2781 3612 ’Όθεν
2839 3549 3258 3628 ἀναχασάμενος
3347 3545 3546 3601 ἐκεῖθεν
3599 3540 3682 3594 καὶ
3729 3531 3840 3589 κατὰ

2228 3640 2291 3693 τὸ
2347 3637 2597 3710 πόλισμα
2653 3635 3253 3713 στρατοπεδευσάμενος
3311 3636 3342 3690 ’ὀ
3404 3632 3529 3708 περὶ
3582 3630 3668 3685 τὸν
3717 3627 3844 3713 Ῥυνς

2153 3748 2195 3814 C
2232 3724 2393 3782 δακὸν
2425 3728 2670 3800 ποταμὸν
2732 3727 2893 3787 αὐτὸς
2950 3723 3222 3799 ἐδείματο,
3270 3725 3339 3780 αὖ
3373 3723 3540 3779 πάλιν
3592 3724 3684 3786 τῆς
3733 3707 3842 3767 κατᾶ

2229 3821 2326 3871 τοῦ
2374 3817 2706 3891 Μουχούμετ
2757 3815 3115 3888 ἀκμαιότερον
3165 3817 3380 3888 ἥψατο,
3438 3811 3530 3866 καὶ
3583 3802 3844 3877 Ῥωμαίοις

2230 3905 2709 3978 ἐπανασωσάμενος
2796 3903 3120 3976 Κασταμόνα
3206 3901 3338 3958 οὐδὲ
3435 3908 3534 3970 τῆς
3643 3895 3845 3966 Γάγγροις

2227 4004 2515 4079 ἀπέσχετο.
2571 4005 2685 4061 Μία
2743 4001 2800 4058 δέ
2852 4002 2992 4058 ἐστιν
3061 4000 3194 4073 αὕτη
3255 4007 3372 4057 τῶν
3434 3999 3731 4076 περιφανῐιν
3776 3983 3848 4042 διπῖ

2231 4097 2501 4168 μεγίστων
2554 4097 2829 4150 Ποντικῶν
2888 4091 3126 4162 πόλεων,
3177 4092 3340 4146 οὔπω
3402 4091 3596 4164 πρώην
3653 4081 3845 4168 Πέρσαις

2226 4183 2667 4256 καθυποκύψασα.
2725 4181 2907 4256 Ταύτῃ
2993 4200 3077 4236 τοι
3135 4181 3225 4235 καὶ
3307 4182 3470 4254 νόμῳ
3529 4172 3762 4245 πολέμου
3793 4163 3846 4218 τὰ

2227 4273 2348 4346 περὶ
2401 4274 2498 4340 τήν
2586 4271 2751 4326 πόλιν
2834 4272 3037 4342 ταύτην
3107 4271 3540 4344 ὑπαγαγόμενος
3591 4263 3846 4339 πρότερον,

2226 4361 2410 4416 ἔπειτα
2434 4359 2514 4416 ἐπ’
2548 4362 2714 4429 αὐτὴν
2765 4363 2979 4439 χάρακα
3036 4354 3216 4415 ἔϐαλε.
3279 4362 3396 4416 Τοῦ
3457 4355 3505 4412 δ’
3556 4353 3694 4412 ἐντὸς
3744 4351 3850 4439 “FP‘

2226 4455 2379 4505 σικοῦ
2410 4448 2580 4523 μηδὲν
2642 4451 2857 4524 μέτριον
2909 4454 3236 4527 φρονοῦντος
3296 4451 3332 4519 ἢ
3391 4449 3516 4502 καθ’
3573 4437 3848 4518 ὁμολογίπν

2225 4569 2282 4604 τε
2311 4549 2398 4603 καὶ
2433 4546 2666 4611 σπονδάς
2721 4553 2801 4620 τῷ
2850 4546 3067 4622 βασιλεῖ
3124 4550 3556 4623 συγχωροῦντος
3610 4542 3702 4606 τήν
3756 4531 3846 4588 εῗετ·

2225 4637 2371 4708 οδον,
2401 4640 2463 4694 τὸ
2493 4643 2682 4714 τεῖχος
2715 4639 2742 4692 ὁ
2773 4638 3000 4712 στρατὸς
3055 4632 3413 4712 περιϐάλλει,
3469 4635 3584 4691 εἶτα
3617 4643 3848 4714 τειχομφ

2222 4730 2372 4805 χίαις
2421 4711 2788 4803 χρησάμενος,
2848 4727 2988 4800 ἧπερ
3046 4711 3135 4795 ἦν
3173 4724 3463 4800 ἐπίμαχος
3497 4725 3526 4778 ὀ
3558 4711 3848 4794 περίϐολος,

2223 4831 2466 4906 συνεχῶς
2496 4822 2685 4880 ἔτυπτε
2742 4830 2954 4882 τοῦτον.
3019 4825 3111 4894 Μὴ
3165 4828 3613 4902 προχωροῦντος
3670 4815 3722 4870 δὲ
3769 4812 3850 4911 τοῦ

2223 4897 2389 4991 ἔργοῦ
2415 4913 2504 4970 διὰ
2530 4917 2628 4983 τήν
2674 4919 2782 4968 τῶν
2841 4911 3114 4984 ἐπάλξεων
3154 4913 3480 4988 ὀχυρότητα
3537 4908 3628 4964 καὶ
3670 4905 3727 4957 τὸ
3777 4897 3849 4996 ἐπί

2220 5007 2363 5060 πολὺ
2413 5002 2663 5076 ἔκθδμως
2713 5003 2983 5076 μάχεσθαι
3041 5000 3169 5063 τοὺς
3229 5000 3474 5067 ἐνόντας,
3532 4994 3749 5074 βάλλειν
3783 4994 3854 5076 ,τά

465 5085 818 5171 Τξιῐιῆηιεηὶἰ
876 5112 1041 5167 obitu
1101 5112 1342 5182 Gangraa
1399 5110 1692 5181 praesidiis
1723 5111 2108 5178 consternati,

2227 5094 2377 5168 τείχη
2436 5093 2622 5167 παρεὶς
2682 5093 2819 5146 κατά
2864 5095 2971 5146 τῶν
3029 5091 3218 5145 οἰκιῶν
3275 5090 3510 5164 ἐγνώκει
3565 5085 3851 5157 διασφενὸνο

465 5203 814 5274 semetipsos
845 5207 903 5255 et
951 5200 1160 5256 urbem
1212 5199 1554 5270 imperatori
1601 5197 1975 5254 dediderunt.
2009 5199 2114 5262 Qui

467 5289 786 5360 ingressus,
839 5289 1161 5361 multisque
1221 5289 1414 5344 Persis
1474 5288 1764 5354 abductis,
1799 5294 1857 5341 et
1887 5287 2118 5342 duobus

466 5377 729 5433 millibus
759 5381 1160 5435 Romanorum
1184 5379 1244 5432 in
1259 5376 1406 5432 urbe
1428 5377 1754 5444 collocatis,
1779 5378 2116 5447 Byzantium

470 5466 801 5519 revertitur.
835 5466 946 5520 Sed
968 5484 1076 5522 nec
1100 5469 1251 5522 hanc
1277 5465 1479 5521 urbem
1507 5468 1754 5522 Romani
1778 5465 1878 5520 diu
1913 5470 2116 5520 tenue—

471 5557 644 5616 runt;
679 5569 816 5606 nam
879 5557 1066 5609 Persas
1107 5557 1279 5627 longe
1315 5556 1637 5627 majoribus
1689 5563 1744 5610 et
1775 5555 2118 5610 fortioribus

473 5637 658 5710 copiis
689 5643 903 5695 reversi
936 5659 1064 5698 eam
1096 5653 1154 5698 et
1183 5645 1462 5713 operibus
1483 5651 1540 5698 et
1563 5645 1716 5699 fame
1739 5644 2117 5708 domuerunt,

475 5730 831 5800 imperatore
851 5729 984 5783 aliis
1002 5730 1175 5786 rebus
1196 5732 1471 5802 gravibus
1487 5741 1770 5803 occupato
1791 5740 1848 5788 et
1868 5734 2116 5797 intento,

2227 5189 2319 5254 νᾷν
2375 5181 2502 5242 τοὺς
2562 5179 2750 5243 λίθους
2788 5223 2801 5247 ,
2855 5179 3306 5254 προφαινομένων
3393 5178 3455 5233 ἐκ
3513 5181 3623 5232 τῶν
3681 5170 3851 5240 ἔξωθεν

2224 5271 2480 5326 κολωνὼν
2542 5270 2621 5348 ἐφ’
2678 5267 2750 5322 ὧν
2797 5271 3062 5341 Ῥωμαῖοι
3124 5265 3764 5342 κατεστρατοπεδεύοντο.
3801 5255 3854 5307 Οἱ

2230 5393 2322 5444 μεν
2379 5369 2470 5423 οὖν
2510 5368 2596 5422 ἐπὶ
2648 5371 2755 5420 τῶν
2808 5371 3069 5440 μηχανῶν
3129 5365 3315 5430 λίθους
3380 5364 3729 5442 στργγῦλους
3781 5355 3859 5412 καὶ

2226 5459 2458 5534 κούφους
2493 5455 2581 5511 διὰ
2635 5456 2696 5510 τὸ
2745 5455 3065 5510 εὐσύνοπτον
3118 5453 3171 5516 ἐς
3227 5459 3308 5510 δτι
3355 5455 3702 5530 ποριέωτατω
3755 5446 3860 5502 δια-

2227 5548 2452 5622 φιέντες,
2499 5546 2576 5606 ὡς
2639 5542 2816 5599 δοκεῖν
2877 5544 3133 5599 ’ἰπτασθαι
3183 5546 3439 5610 τούτους,
3505 5543 3568 5598 οὗ
3631 5543 3733 5615 μὴν
3769 5534 3859 5592 ἀπὸ

2229 5637 2649 5711 μηχανημάτων
2696 5633 2893 5704 ἳεσθαι,
2941 5634 3066 5696 τοὺς
3125 5633 3327 5709 δόμους
3377 5635 3682 5688 κατέσειονο
3741 5631 3790 5683 οἳ
3821 5625 3863 5679 δ’

2228 5727 2313 5781 ἐπὶ
2369 5725 2500 5799 γόνυ
2547 5722 2862 5796 κλινόμενοι
2919 5723 3008 5777 καὶ
3056 5723 3183 5786 τοὺς
3231 5721 3470 5799 ὀρόφους
3523 5719 3860 5792 διαλυόμενοι
