4014 6204
468 341 579 400 351

469 472 558 527 καὶ
615 470 957 548 καταγέλων.
1027 473 1083 525 '0
1168 474 1273 548 γὰρ
1359 473 1812 550 σφενδονούμενος

1772 340 2078 402 ΝΙΟΕΤᾸΞ
2118 340 2545 403 ΟΗΟΝΙΑΤΑΞ

3756 343 3879 405 352

1899 470 1958 526 ἐκ
2039 477 2146 526 τῶν
2227 466 2425 536 ἔσωθεν
2507 472 2708 550 μύδρος
2768 474 2813 530 εἷ
2872 475 2961 530 καὶ
3017 477 3082 545 ἦν
3135 476 3377 551 ἆντήρης
3435 475 3524 530 καὶ
3581 478 3722 551 πρὸς
3779 477 3878 540 τὰς

469 561 689 633 πληγάς
746 559 1048 631 ἀνένδοτος,
1105 561 1232 618 ἀλλ’
1302 563 1393 618 οὗν
1461 563 1849 639 έπεγχρίπτων
1907 566 1989 633 τῷ
2051 565 2206 633 μανῷ
2261 563 2353 616 καὶ
2410 561 2690 620 πλαδῶντι
2749 562 2981 638 διακένῳ
3036 586 3094 620 τε
3151 565 3240 620 καὶ
3272 566 3450 639 γηΐνῳ
3470 566 3558 620 καὶ
3589 563 3873 646 σομφώδει

470 645 829 723 προϐλήματι
887 647 1158 725 ἄπρακτος
1214 653 1550 722 ἠκοντίζετοο
1614 654 1732 732 εἶχε
1793 651 1886 725 μὲν
1942 651 2045 725 γάρ
2104 649 2392 724 ὑποχαλᾷν
2448 653 2511 708 τὸ
2573 650 3326 728 βαλλόμενον,σϐεννύμενος
3357 652 3402 708 δ’
3433 654 3524 708 οὖν
3555 655 3710 729 ὅμως
3743 652 3873 730 ἕδρα

474 738 624 794 οὐδὲν
659 739 730 794 ὦν
764 739 917 796 ἕνεκα
973 738 1242 820 διηφίετο.
1301 744 1458 800 Ὅθεν
1529 743 1664 799 κατὰ
1725 739 1912 798 πολλὰ
1973 739 2109 815 μέρη
2173 737 2558 818 διαρῥαγέντος
2614 749 2712 798 τοῦ
2764 739 3064 819 περιϐόλου
3114 751 3212 814 τῆς
3265 743 3480 806 πόλεως
3529 740 3766 823 εὐέφοδα
3806 743 3876 799 τὰ

469 829 619 887 ἔνδον
672 832 897 907 γίνεται,
955 835 1046 888 καὶ
1103 839 1182 907 τῷ
1239 837 1427 910 τρόπῳ
1479 835 1657 907 τούτῳ
1716 831 2066 889 ὑποκλίνεται
2122 829 2341 904 βασιλεῖ
2386 834 2446 888 τὸ
2499 834 2626 908 πρὶν
2688 833 2897 897 ἀναιδὲς
2961 835 3050 891 καὶ
3088 835 3291 910 βρέμον
3339 839 3459 897 τοῖς
3490 835 3689 896 ὅπλοις
3731 833 3874 910 μέγα

469 919 762 996 πολέμιον,
823 923 912 978 καί
963 925 1064 992 τὴν
1122 924 1285 980 πόλιν
1344 919 1682 1001 Ἀναϐάρζαν
1741 922 1944 1000 ἀνάγκῃ
1998 919 2210 989 μᾶλλον
2260 921 2295 990 ἢ
2350 923 2536 998 γνώλῃ
2566 924 2714 998 αὐτῷ
2744 922 3139 1000 παραδίδωσιν,
3173 925 3272 980 οὐκ
3303 923 3364 980 ἐκ
3389 927 3488 980 τοῦ
3519 931 3874 998 παραχρῆπα

473 1008 548 1079 δὲ,
610 1009 755 1067 ἀλλᾶ
809 1013 943 1086 μετᾶ
1000 1018 1186 1085 πεῖραν
1252 1011 1503 1089 δευτέραν
1561 1016 1649 1068 καὶ
1710 1015 1812 1082 τήν
1871 1009 2146 1073 πολλάκις
2197 1009 2465 1081 ἀντίταξιν
2491 1014 2580 1069 καὲ
2611 1016 2710 1084 τήν
2741 1014 2881 1070 ἑκτὸ
2921 1016 3190 1090 προσεχὲς
3218 1014 3400 1089 ’ὲτερον
3428 1020 3618 1092 τεῖχος
3649 1014 3881 1089 ἀναχώ-

474 1121 628 1173 ρησιν
687 1100 777 1155 καὶ
843 1103 944 1170 τήν
1003 1103 1156 1164 αὖθις
1213 1103 1272 1158 ἐκ
1328 1101 1506 1169 τοῦδε,
1565 1104 1805 1176 καθάπερ
1864 1101 1968 1155 ἀπὸ
2024 1103 2122 1153 τοῦ
2176 1099 2419 1172 πρώτου,
2481 1103 2596 1175 μεθ’
2653 1101 2882 1176 α’ίματος
2941 1099 3221 1178 ἔκκρουτίν
3267 1125 3328 1160 τε
3364 1107 3454 1158 καὶ
3487 1102 3880 1160 ἀποσάλευσιν.

543 1193 645 1248 80
668 1192 1235 1264 Circumjacentibus
1276 1195 1534 1250 castellis
1582 1194 1788 1249 eodem
1849 1191 2108 1248 tractatis

2294 1189 2533 1264 Ὁμοίως
2587 1189 2645 1246 δὲ
2699 1193 2789 1247 καὶ
2846 1194 2912 1248 τὰ
2969 1193 3120 1269 πέριξ
3181 1191 3409 1263 ταυτ”ησὶ
3462 1199 3563 1260 τῆς
3649 1191 3888 1256 πόλεως

473 1281 649 1336 modo
682 1283 742 1336 in
760 1282 1136 1354 leesyriam
1161 1284 1280 1338 abit
1309 1301 1322 1349 ;
1348 1284 1882 1356 etpulcherrimam
1909 1281 2117 1336 urbem

473 1371 846 1426 Antiochiam
873 1372 1194 1443 ingressus,
1229 1390 1406 1444 quam
1441 1373 1652 1429 ﬂuvius
1689 1377 1934 1427 Orontes
1982 1387 2117 1442 per—

474 1459 603 1514 ﬂuit
635 1465 693 1514 et
731 1466 938 1514 ventus
970 1462 1257 1516 Favonius
1285 1462 1515 1534 perflat,
1542 1461 1773 1533 supinis
1796 1461 2120 1516 manibusa

474 1549 739 1619 principe
779 1550 1110 1604 liaimundo
1160 1556 1213 1604 et
1258 1552 1419 1606 omni
1474 1551 1689 1606 civium
1738 1551 2118 1606 multitudine

476 1637 814 1707 suscipitur.
839 1637 1052 1692 Diebus
1085 1638 1353 1708 pluribus
1385 1640 1446 1693 in
1499 1639 1646 1694 urbe
1694 1644 2116 1705 commoratus,

475 1725 739 1795 initaquc
771 1743 902 1780 cum
953 1727 1222 1798 principe
1265 1728 1596 1784 Raimundo
1646 1734 1704 1782 et
1756 1728 2117 1799 Tripolitano

473 1832 599 1869 rom
613 1815 688 1868 ite
703 1815 1317 1878 amicitia,Antiochiaa
1333 1818 1617 1872 ﬁnitimas
1638 1818 2120 1890 Syrophmnissas

473 1905 807 1975 urbrs,qum
832 1905 903 1959 ab
923 1906 1204 1973 Agarenis
1237 1913 1602 1974 tenerentur,
1624 1907 1857 1980 aggredi
1892 1907 2115 1962 statuit.

472 1995 775 2049 Profectus
825 1996 1005 2066 igitur
1045 1995 1118 2050 ad
1182 1996 1542 2068 Euphratem
1587 1996 1832 2052 ﬂuvium
1886 1996 1984 2051 ubi
2044 1997 2116 2051 ad

475 2084 758 2154 oppidum
793 2083 952 2154 quod
971 2083 1042 2138 ab
1075 2085 1287 2140 incolis
1310 2085 1442 2140 Piza
1469 2091 1709 2141 vocatur
1729 2085 2114 2158 pervenisset,

475 2179 532 2227 et
548 2173 746 2227 hostes
769 2173 828 2226 in
843 2173 1120 2228 conﬂictu
1143 2175 1462 2230 fortissime
1479 2191 1541 2230 se
1561 2177 2117 2248 gessissent,Roma-

475 2278 550 2315 na
577 2261 748 2332 legio,
774 2278 905 2332 qua:
929 2262 1380 2334 impressionem
1413 2265 1653 2326 fecerat,
1677 2263 1902 2318 recedit
1940 2264 2121 2318 hosti-

471 2349 581 2405 bus
621 2350 1014 2422 aliquousque
1060 2353 1575 2423 persequentibus,
1625 2360 1690 2407 ut
1721 2369 1972 2424 quorum
2004 2353 2114 2406 im-

473 2458 703 2497 manem
725 2441 1252 2513 incredibilemque
1275 2443 1559 2514 impetum
1579 2445 1731 2498 ferre
1754 2460 1873 2498 non
1897 2449 2112 2514 posset.

2226 1281 2459 1358 φρούρια
2512 1280 2786 1353 μετελθὼν
2843 1280 2897 1343 ἐς
2950 1283 3053 1350 τήν
3122 1280 3319 1352 κοίλην
3383 1280 3580 1354 Συρίαν
3673 1280 3886 1351 ἄπεισι,

2223 1369 2314 1424 καὶ
2366 1371 2466 1438 τήν
2523 1369 2860 1426 καλλίπολιν
2921 1373 3260 1447 Ἀντιόχειαν
3316 1371 3517 1440 εἰσιὼν,
3565 1373 3631 1441 ἢν
3682 1368 3881 1426 δίεισιν

2223 1460 2480 1535 Ὀρόντης
2529 1462 2614 1516 καὶ
2660 1455 2989 1536 περιϐομϐεῖ
3069 1457 3303 1536 Ζέφυρος
3381 1453 3594 1526 ἄνεμος,
3657 1454 3884 1516 ὑπτίαις

2225 1550 2384 1629 χερσί
2437 1551 2583 1626 παρᾶ
2633 1572 2692 1606 τε
2746 1555 2843 1607 τοῦ
2899 1549 3195 1623 πρίγκιπος
3253 1541 3612 1618 Ῥαϊμούνδου
3648 1542 3883 1598 καὶτοῦ

2225 1638 2471 1710 πλήθους
2524 1641 2722 1700 παντὸς
2776 1644 2884 1694 τῶν
2943 1636 3259 1708 ἀστυνόμων
3315 1631 3700 1708 προσδέχεται.
3752 1633 3881 1708 Ἐφ’

2224 1730 2432 1791 ἱκαναῖς
2463 1727 2509 1784 δ’
2539 1729 2771 1804 ἡμέραις
2827 1731 2896 1801 τῇ
2928 1725 3089 1782 πόλει
3145 1721 3504 1798 ἐνδιατρίψας,
3537 1723 3627 1777 καί
3686 1719 3875 1789 λίζιον

2225 1819 2398 1892 ἑαυτῷ
2450 1821 2557 1891 (29)
2613 1818 2705 1874 τὸν
2759 1817 3028 1892 πρίγκιπα
3086 1811 3283 1883 δείξας,
3337 1813 3428 1866 σὺν
3468 1812 3616 1883 αὖτῷ
3667 1808 3725 1864 δὲ
3788 1812 3884 1865 καὶ

2222 1908 2313 1962 τὸν
2373 1907 2690 1982 Τριπόλειυς
2743 1907 2985 1979 κύμητα,
3042 1899 3177 1979 ἔγνω
3231 1897 3560 1976 προσϐαλεῖν
3593 1906 3711 1962 ταῖς
3741 1900 3880 1974 περὶ

2222 1999 2324 2066 τήν
2382 1997 2672 2072 Ἀντίόχου
2731 1993 3042 2069 ἱδρυμέναις
3081 1991 3172 2048 καὶ
3229 1993 3356 2067 παρ’
3395 1992 3715 2066 Ἀγαρηνῶν
3747 2008 3883 2042 κατ-

2225 2085 2515 2160 εχομέναις
2572 2084 3020 2164 Συροφοινίσσαις
3089 2079 3303 2136 πόλεσι.
3365 2079 3562 2136 Τοίνυν
3647 2078 3740 2132 καὶ
3801 2082 3890 2148 τῷ

2221 2179 2456 2247 ποταμῷ
2537 2173 2900 2248 προσεγγίσας
2986 2171 3240 2248 Εὐφράτῃ
3325 2169 3627 2244 ἀφικνεῖται
3681 2163 3762 2230 ε’ἱς
3829 2187 3888 2221 τι

2220 2260 2515 2340 πολίχνιον
2573 2261 2863 2338 ἐγχωρίως
2914 2259 3417 2332 Πιζὰκαλούμενον,
3446 2253 3572 2312 ἓνθα
3601 2255 3692 2310 καὶ
3723 2253 3884 2340 πσλ-

2222 2349 2326 2420 λὴν
2363 2338 2767 2423 ἐνδειξαμένων
2825 2353 2931 2404 τῶν
2987 2346 3272 2420 πολεμίων
3330 2345 3455 2421 περὶ
3508 2346 3608 2413 τήν
3659 2338 3890 2414 συμϐο-

2223 2437 2326 2506 λήν
2385 2440 2742 2513 γενναιότητα
2801 2437 3084 2492 ὑπονοστεῖ
3139 2437 3204 2492 τὸ
3259 2434 3590 2507 Ῥωμαϊκὸν,
3648 2431 3742 2487 καὶ
3779 2432 3889 2504 μέ-

468 2531 650 2586 Paulo
696 2547 828 2586 vero
871 2538 1022 2603 post,
1073 2548 1204 2586 cum
1257 2533 1382 2604 ipse
1440 2532 1762 2604 imperator
1817 2549 1951 2587 cum
2009 2549 2108 2587 sua

2225 2531 2316 2603 Xpt
2393 2529 2539 2589 τινὸς
2608 2525 2931 2595 καταδίωξις
3007 2526 3222 2602 γένεται
3324 2525 3521 2598 μέρους
3576 2527 3674 2578 τοῦ
3734 2542 3884 2594 προ-

2247 2618 2314 2630 -.
2629 2618 2643 2630 .
2718 2617 2732 2630 .
2935 2621 2958 2630 -
3048 2613 3070 2630 ,.
3426 2611 3440 2630 ς
3594 2612 3643 2630 η.

466 2621 756 2692 phalange
787 2637 849 2675 se
880 2621 1256 2689 ostendisset,
1297 2621 1466 2676 multi
1495 2622 1695 2676 hostes
1725 2622 2110 2686 adoriuntur;

467 2710 566 2779 qui
597 2712 996 2764 Romanorum
1047 2711 1386 2766 incursione
1437 2712 1654 2766 turbati
1701 2711 1852 2765 intra
1895 2711 2110 2766 mmuia

470 2799 922 2872 compelluntur,
944 2817 1137 2870 neque
1183 2800 1442 2872 amplius
1483 2817 1797 2856 excurrere
1839 2802 2108 2856 decreve-

469 2893 625 2943 runt.
649 2889 910 2944 Habebat
931 2889 987 2942 id
1019 2889 1302 2960 oppidum
1333 2875 1570 2945 murum
1607 2890 1904 2962 duplicem
1932 2907 2110 2961 quem

466 2977 606 3032 alibi
639 2979 797 3034 fossa
827 2979 1120 3048 profunda
1147 2979 1440 3050 cingebat,
1475 2979 1616 3034 alibi
1660 2982 1852 3034 vivum
1906 2997 2109 3036 saxum

464 3067 790 3121 muniebat.
827 3066 1021 3120 Multis
1051 3084 1186 3121 vero
1211 3069 1475 3123 turribus
1499 3071 1594 3124 37
1623 3086 1898 3124 saxorum
1932 3087 2104 3142 grau-

461 3154 599 3208 dine
631 3155 965 3226 prostratis,
997 3156 1396 3226 Agarenornm
1424 3157 1654 3212 feroces
1677 3163 1735 3211 et
1757 3157 1892 3212 elati
1923 3159 2107 3213 animi

457 3241 937 3296 concideruntut
955 3243 1252 3313 supplices
1269 3245 1446 3298 vitam
1477 3245 1548 3299 ab
1571 3246 1927 3316 imperatore
1946 3253 2105 3317 pete-

459 3335 887 3399 rent,eamque
938 3330 1216 3385 omnibus
1260 3331 1470 3402 opibus
1527 3339 1981 3389 commutarent.
2027 3335 2106 3390 Ex

461 3419 592 3486 hoc,
625 3424 790 3489 parte
820 3419 1122 3488 copiarum
1155 3427 1363 3475 contra
1384 3421 1557 3475 urbes
1589 3427 1648 3476 et
1675 3421 1921 3477 castella
1950 3423 2109 3478 ultra

459 3507 818 3578 Euphratem
851 3507 1136 3581 ablegata,
1180 3509 1393 3564 multas
1441 3510 1752 3565 manubias
1793 3512 2002 3582 coegit,
2050 3518 2107 3566 et

461 3597 653 3651 Pizam
684 3596 984 3652 Edesseno
1016 3598 1217 3652 comiti
1243 3597 1518 3654 donavit:
1546 3601 1943 3671 Bempezoque
1961 3617 2106 3671 prte-

461 3686 636 3740 terito
668 3689 733 3740 ut
765 3692 1104 3756 expugnatu
1133 3685 1311 3751 facili,
1345 3704 1478 3742 cum
1512 3688 1569 3741 in
1606 3687 1809 3743 acclivi
1859 3689 2104 3759 planitie

458 3775 636 3829 situm
681 3781 858 3840 esset,
913 3781 1117 3830 contra
1173 3775 1494 3846 Chapelum
1545 3783 1602 3831 et
1646 3778 1977 3849 Pherepum
2014 3784 2103 3833 est

457 3864 777 3936 profectus,
811 3864 1085 3935 precibus
1117 3865 1467 3920 Antiocheni
1518 3866 1826 3938 principis,
1859 3868 1958 3937 qui
1982 3883 2102 3923 una

461 3932 771 4018 militabat,
798 3932 1110 4026 impulsus.
1135 3954 1280 4008 Cum
1299 3953 1372 4008 ad
1389 3932 2098 4026 Chapelumaccessisset,
2139 3932 2182 3995 (ἶ

464 4058 593 4113 qum
623 4042 766 4096 olim
817 4043 1091 4098 Berrhma
1133 4042 1291 4098 dicta
1337 4043 1471 4110 fuit,
1517 4044 1676 4099 videt
1720 4045 1926 4100 urbem
1974 4063 2102 4102 esse

458 4132 833 4203 frequentem
865 4137 924 4186 et
945 4133 1175 4204 magnis
1197 4131 1449 4187 militum
1467 4133 1760 4204 praesidiis
1779 4135 2098 4203 munitam;

462 4222 560 4292 qui
588 4221 658 4275 ad
686 4221 943 4291 primum
967 4223 1364 4276 Romanorum
1385 4229 1766 4294 conspectum
1811 4223 2100 4294 impetum

462 4310 523 4365 in
555 4310 966 4380 imperatorios
997 4311 1505 4381 faciunt.victique
1539 4313 1757 4367 muenia
1788 4318 2098 4383 repetunt;

459 4415 568 4454 nec
597 4398 782 4454 semel
810 4399 1114 4462 duntaxat,
1141 4400 1242 4454 sed
1271 4401 1483 4456 iterum
1528 4401 1626 4457 88
1664 4407 1840 4472 atque
1883 4404 2100 4458 iterum

461 4487 910 4542 excursionibus
941 4489 1110 4544 factis
1142 4507 1450 4560 nunquam
1493 4490 1756 4545 vicerunt
1790 4507 1803 4545 :
1845 4492 2103 4562 impera-

461 4577 570 4632 tori
602 4593 738 4631 vero
770 4577 975 4632 urbem
1017 4578 1406 4634 circumeunti
1459 4587 1517 4635 et
1563 4580 1894 4652 speculanti
1946 4582 2099 4637 clam

463 4667 771 4721 tormentis
819 4665 1082 4722 insidiati
1120 4668 1493 4724 aberrarunt.
1537 4669 1644 4734 Qui
1693 4685 1828 4724 cum
1859 4671 1918 4724 in
1961 4687 2104 4742 prae-

460 4755 650 4810 sentia
667 4755 816 4810 nihil
834 4755 1068 4811 efﬁcere
1086 4763 1433 4828 posset,tum
1451 4757 1525 4812 ob
1556 4757 1720 4812 urbis
1742 4758 2104 4814 munitiones

463 4849 520 4898 et
550 4849 855 4914 equestres
886 4843 944 4898 iu
979 4861 1049 4898 ea
1077 4843 1500 4916 pedestresque
1531 4845 1755 4915 copias.
1789 4851 1910 4900 tum
1945 4846 2103 4916 quod

462 4938 831 4988 commeatus
866 4932 1018 5003 ignis
1050 4938 1108 4987 et
1153 4949 1321 5003 aquae
1353 4933 1602 5004 penuria
1633 4932 1902 4989 laborare
1956 4935 2104 4989 inci-

461 5022 679 5094 piebat,
715 5022 851 5077 inde
899 5020 1168 5088 discedit,
1221 5026 1280 5076 et
1327 5021 1594 5092 Pherepo
1643 5021 1834 5092 primo
1878 5023 2106 5094 impetu

2222 2618 2513 2679 ελάσαντος
2575 2618 2651 2690 μή
2708 2617 2984 2695 ἀντισχεῖν
3046 2613 3272 2690 ἔχοντος
3334 2611 3471 2686 πρὸς
3535 2612 3710 2674 πάθος
3770 2633 3880 2684 μα-

2230 2709 2367 2762 νικὸν
2424 2706 2512 2762 καὶ
2564 2706 2733 2784 φοράν
2805 2703 3120 2778 παράλογον
3198 2707 3303 2757 τῶν
3386 2701 3666 2759 ἒναντίων.
3740 2701 3884 2756 Μετ’

2222 2795 2284 2851 οὐ
2317 2793 2463 2850 πολὺ
2497 2792 2552 2849 δὲ
2612 2793 2878 2870 ἐγγυτέρω
2930 2796 3028 2847 τοῦ
3061 2788 3340 2867 βασιλέως
3391 2790 3647 2863 φανέντος
3680 2788 3744 2844 ἐκ
3773 2791 3888 2853 τῆς

2219 2884 2342 2956 περὶ
2373 2884 2537 2939 αὐτον
2594 2881 2875 2960 φάλαγγος
2905 2881 3098 2938 συχνοὶ
3135 2880 3252 2942 τοὶς
3295 2877 3615 2942 ἀντιπάλοις
3663 2879 3884 2952 συρρή-

2217 2996 2428 3049 γνυνται
2465 2992 2478 3004 ’
2530 2975 2582 3028 οἳ
2615 2971 2671 3028 δὲ
2721 2973 2797 3045 μή
2844 2971 3147 3046 ἐνεγκόντες
3185 2972 3282 3038 τήν
3315 2970 3433 3024 κατ’
3461 2970 3638 3024 αὐτῶν
3672 2968 3888 3026 ἐπέλα-

2219 3085 2300 3119 σιν
2330 3068 2438 3119 τῶν
2473 3061 2760 3136 Ῥωμαίων
2821 3060 3197 3136 συγκλείονται
3248 3058 3378 3114 εἷ’σω
3417 3063 3514 3114 τοῦ
3549 3064 3884 3134 τειχισμοῦ,

2216 3153 2306 3208 καὶ
2360 3153 2539 3208 οὐκέτι
2597 3150 2945 3226 ἐπεκτρέχειν
2998 3147 3311 3223 προέθεντοο
3362 3150 3565 3223 Τεῖχος
3627 3148 3722 3218 μὲν
3782 3149 3887 3204 οὗν

2215 3243 2304 3298 καὶ
2335 3244 2651 3316 περίτειχος
2710 3241 2850 3305 ὑπῆν
2910 3241 2990 3312 τῷ
3043 3236 3370 3310 πολίσματι,
3421 3238 3511 3291 καὶ
3547 3237 3743 3311 βαθεῖα
3773 3239 3886 3291 τά-

2216 3352 2350 3408 φρος
2407 3331 2460 3386 έν
2523 3330 2673 3407 μέρει
2728 3333 2890 3386 τοῦτο
2945 3329 3330 3402 περιεζώννυε,
3359 3326 3449 3380 καὶ
3509 3323 3665 3388 λίθος
3699 3327 3879 3382 αὐτο-

2215 3422 2355 3498 φυῆς
2411 3419 2631 3494 ἐνιαχοῦ
2687 3419 3050 3496 κατεφράγνυε
3107 3437 3120 3450 ο
3175 3413 3362 3472 πολλὰ
3413 3411 3470 3469 δὲ
3496 3419 3605 3470 τῶν
3637 3433 3878 3490 πυργω-

2217 3513 2401 3582 μάτων
2461 3506 2727 3565 ὑπενδότα
2763 3509 2882 3570 ταῖς
2936 3513 3045 3563 τῶν
3111 3505 3280 3569 λίθων
3337 3505 3520 3582 νιφάσι
3575 3503 3664 3558 καὶ
3727 3506 3876 3577 πρὸς

2212 3607 2316 3673 γῆν
2368 3598 2801 3674 καταρῥεύσαντα
2853 3601 2960 3652 τῶν
3021 3597 3082 3651 ἐκ
3135 3602 3236 3664 τῆς
3294 3600 3471 3669 ’Ἅγαρ
3524 3593 3748 3649 καθεῖλε
3806 3594 3878 3648 τὸ

2211 3681 2485 3764 φρόνημα.
2558 3687 2826 3742 Ἐντεῦθεν
2895 3685 2948 3738 οἱ
3028 3681 3331 3754 τολμητίαι
3424 3680 3514 3736 καὶ
3591 3686 3883 3756 φυσῶντες

2212 3774 2442 3850 ἄμετρα,
2488 3773 2564 3835 εἷς
2617 3773 2822 3829 δειλίαν
2875 3771 3174 3844 αιθεμένων
3231 3771 3422 3832 αὐτοῖς
3475 3791 3587 3824 των
3641 3769 3882 3842 ὀχυρω-

2217 3865 2424 3937 μάνων,
2485 3863 2617 3936 ὑπέρ
2671 3883 2731 3917 τε
2780 3869 2881 3930 τῆς
2938 3861 3139 3915 οἰκείαι
3186 3854 3540 3914 ἀντιϐολοῦσι
3595 3862 3748 3928 ζωῆς
3777 3861 3879 3914 καὶ

2211 3956 2319 4006 τῶν
2382 3951 2610 4006 ἐνόντων
2667 3950 2879 4004 πάντων
2935 3947 3102 4015 αὐτὴν
3172 3945 3560 4015 ἀλλάσσονται,
3653 3943 3890 4019 βασιλεῖ

2209 4041 2306 4103 τὰς
2336 4047 2526 4115 χεῖρας
2581 4039 2977 4114 προτείναντες.
3013 4039 3108 4093 Ἐκ
3165 4033 3222 4090 δὲ
3271 4034 3467 4090 τούτου
3518 4039 3720 4107 μοῖραν
3755 4031 3888 4089 δια-

2213 4132 2330 4207 φεὲς
2389 4129 2791 4205 στρατεύματος
2847 4127 2986 4182 κατὰ
3028 4129 3138 4181 τῶν
3198 4124 3444 4179 ἐπέκεινα
3497 4127 3603 4178 τοῦ
3648 4124 3886 4201 Εὐφρα-

2209 4241 2306 4275 του
2363 4219 2578 4274 πόλεων
2648 4220 2733 4273 καὶ
2797 4219 3074 4294 φρουρίων
3145 4214 3362 4283 πλῆθος
3435 4213 3696 4287 λαφύρων
3759 4235 3892 4268 συν-

2212 4312 2377 4382 έλεξε,
2435 4309 2526 4362 καὶ
2584 4307 2644 4362 τό
2706 4308 2841 4376 Πιζὰ
2906 4311 2984 4376 τῷ
3011 4311 3111 4372 τῆς
3171 4300 3425 4372 Ἐδέσσης
3479 4300 3886 4376 δωρησάμενος

2209 4401 2440 4471 κόμητι,
2500 4397 2562 4452 τὸ
2615 4395 2864 4468 Βέμπετζ
2935 4391 3290 4467 παραλλάξας
3352 4392 3426 4446 ὡς
3506 4391 3892 4468 εὐκαταγώνιο

2212 4510 2334 4544 στον
2421 4489 2602 4564 κριθὲν
2686 4484 2817 4540 κάπί
2897 4479 3087 4538 πεδίου
3170 4481 3420 4552 κείμενον
3495 4481 3887 4550 ὑπτιέζοντος,

2209 4580 2348 4634 κατὰ
2403 4581 2500 4632 τοῦ
2566 4573 2758 4632 Χάλεπ
2808 4573 2901 4628 καὶ
2953 4575 3050 4626 τοῦ
3109 4569 3289 4644 Φέρεπ
3347 4568 3660 4642 ὲξώπμησε,
3705 4572 3886 4626 τουτο

2212 4665 2581 4738 αίτησαμένου
2610 4667 2707 4718 τοῦ
2726 4668 2826 4731 τῆς
2889 4658 3237 4733 Ἀντιοχείαὸ
3285 4658 3604 4733 πρίγκιπος,
3635 4656 3756 4712 ἐπεὶ
3784 4660 3888 4712 καὶ

2213 4756 2376 4818 οὗτος
2423 4758 2502 4825 τῷ
2553 4751 2769 4828 βασιλεῖ
2827 4749 3248 4822 συνεσιράτευεν.
3331 4746 3616 4813 Ἐπιστάς,
3677 4743 3737 4800 δὲ
3797 4752 3893 4819 τῷ

2213 4843 2402 4902 Χάλεπ
2433 4842 2516 4916 (τὸ
2567 4839 2760 4896 δ’ἐστὶν
2819 4841 2854 4907 ἠ
2912 4837 3084 4892 πάλαι
3144 4833 3412 4911 λεγομένη
3475 4833 3727 4910 Βέῤῥοια)
3775 4836 3894 4909 ὁρᾷ

2212 4931 2646 5006 πολυάνθρωπον
2692 4927 2858 4984 πόλιν
2915 4927 3006 4980 καὶ
3071 4926 3363 5001 στέγουσαν
3417 4920 3572 4978 ὶνδον
3610 4921 3892 4979 πλεῖστον

2215 5024 2338 5079 ὅσον
2401 5020 2709 5086 ὁπλιὸικὸν,
2763 5015 2817 5072 οἵ
2870 5016 2960 5072 καὶ
3017 5015 3244 5086 ἐξιόντες
3298 5017 3395 5069 τοῦ
3468 5013 3690 5090 τείχους
3761 5011 3894 5087 ἅμα.

463 5119 633 5184 capto
661 5117 720 5168 et
750 5111 951 5167 comiti
981 5111 1218 5166 cuidam
1251 5111 1635 5166 Antiochense
1685 5111 1849 5167 urbis
1887 5113 2105 5170 donato

2221 5116 2305 5183 θεᾳ
2361 5109 2649 5182 Ῥωμαίων
2709 5103 3116 5179 συμπλέκονται
3173 5103 3308 5174 μετὰ
3360 5101 3543 5175 ῥύμης
3593 5107 3714 5164 τοῖς
3749 5105 3892 5175 περὶ

461 5203 535 5256 ad
565 5202 744 5258 aliam
774 5201 982 5257 urbem
1017 5201 1248 5266 transit,
1278 5200 1643 5273 Caphardam
1676 5203 1936 5272 nomine,
1970 5221 2102 5276 qua:

2210 5204 2302 5259 τὸν
2341 5199 2571 5276 βασιλέα
2629 5193 3010 5271 στρατεύμασι.
3070 5192 3149 5250 Τὸ
3205 5189 3261 5246 δὲ
3311 5197 3475 5266 ῇττον
3529 5191 3900 5265 ἁπενελάμε-

1830 5333 2007 5398 lIier.
2047 5333 2263 5400 Wolfii
2303 5339 2505 5396 notas.

565 5473 652 5544 29)
684 5469 785 5526 Καὶ
818 5471 970 5540 λίζον
1021 5470 1216 5544 ὲαυτῷ.
1260 5474 1536 5528 Vetustus
1580 5475 1941 5544 iAugustanaa
1991 5474 2107 5530 rei-

470 5541 722 5617 publicaa
743 5544 940 5617 codex,
957 5544 1054 5599 hic
1084 5541 1267 5617 alium
1291 5544 1563 5617 ordinem
1579 5541 2108 5617 habet.transposi-

471 5611 548 5665 tis
580 5612 784 5682 utique
815 5615 1044 5686 paginis
1091 5616 1337 5686 aliquot.
1371 5617 1482 5670 Pro
1542 5612 1713 5683 δείξας
1765 5611 2110 5671 Ιιιώθίὲαυ-

2218 5475 2316 5526 τοῦ
2376 5469 2632 5538 ποιήσας,
2693 5467 2964 5538 Voxtpro
3022 5460 3436 5538 lizzovposita
3468 5463 3550 5538 ob
3593 5467 3900 5525 evanidos

2223 5531 2597 5599 characteres
2628 5538 2738 5609 legi
2771 5531 2889 5610 don
2918 5541 3129 5606 potest.
3164 5531 3348 5600 Αίζιος
3380 5533 3524 5604 quid
3585 5537 3685 5603 sit,
3749 5540 3900 5610 ipse

2225 5620 2431 5670 auctor
2460 5612 2573 5668 alio
2604 5607 2733 5667 loco
2765 5607 3044 5664 declarat.
