4034 6202
163 375 270 436 353
1692 364 2086 426 HISTORIA.
3468 378 3585 438 3:54

153 525 231 559 νοι
261 503 357 558 τὸν
396 494 703 573 περίϐολον
770 495 1085 570 ὑπεισῄσαν.
1143 496 1267 570 Οὐχ
1326 494 1463 563 ἅπαξ
1523 490 1601 562 δὲ,
1680 490 1826 547 ama

1949 496 2206 552 naximm
2240 500 2559 569 provinciaa
2592 503 2867 576 imperat,
2900 511 2958 561 et
3007 508 3212 563 multis
3242 509 3302 563 in
3334 508 3589 564 circuitu

158 592 289 647 κατὰ
325 590 395 645 τὸ
450 587 625 643 πάλιν
691 584 784 641 καὶ
843 582 1012 640 πάλιν
1069 582 1377 658 έπεκρομὰς
1435 582 1652 654 θέμενοι
1701 581 1820 635 κατ’

1949 585 2194 641 :astellis
2227 588 2591 660 dominatur,
2616 594 2896 650 firmitate
2923 597 3206 652 mmnium
3246 599 3515 671 insignis.

164 678 417 751 ούδεμίαν
447 678 515 731 τὸ
544 676 746 750 κράτος
777 674 1004 748 ἤραντο·
1041 670 1213 727 ἐνίοτε
1237 669 1294 726 δὲ
1324 670 1413 724 καὶ
1444 669 1592 742 αύτῴ
1622 666 1840 743 βασιλεῖ
1872 671 2139 738 περιιόντι
2194 676 2294 743 τὴν
2351 676 2513 733 πόλιν
2566 681 2657 734 καὶ
2709 687 3144 737 κατασκοπΟὖντι
3186 685 3247 738 τὸ
3295 666 3480 761 τεῖῖχος
3523 686 3595 743 δι’

163 763 444 839 ὶκηϐόλων
510 763 689 840 λάθρα
747 758 1252 828 ἐπιϐουλεύσαντες,
1310 761 1402 815 καὶ
1468 766 1567 829 τῆς
1628 758 1937 832 προθέσεως
1993 761 2196 833 ταύτης
2254 763 2519 834 ἐξέπεσον.
2582 767 2747 826 Οὐδὲν
2812 769 2870 825 δέ
2898 793 2949 826 τι
3003 769 3215 846 δράσειν
3244 772 3293 843 ἐξ
3328 758 3590 850 ὓπογυίου

166 857 485 930 δυνάμενος,
519 855 611 908 καὶ
646 851 738 907 διὰ
794 853 895 920 τὴν
949 850 1263 929 ὀχυρότητα
1316 850 1412 923 μὲν
1463 847 1693 919 ταυτησὶ
1748 854 1849 917 τῆς
1903 847 2118 911 πόλεως
2177 854 2264 907 καὶ
2325 854 2423 922 τὴν
2460 850 2605 911 ἔνδον
2653 858 2741 912 καὶ
2775 857 3010 914 εὕοπλον
3043 861 3132 914 καὶ
3164 858 3389 916 εὔιππον
3421 847 3590 939 στρα-

162 950 297 1014 τιὲν,
330 944 443 1022 οὐχ
474 945 645 1012 ἦττον
680 939 739 996 δὲ
767 941 860 995 καὶ
898 942 962 994 τὸ
1009 941 1281 995 ἐπιΛιπεῖν
1340 940 1408 992 τὰ
1454 934 1645 1013 ἐφόδια
1702 938 1793 991 καὶ
1847 938 1948 1006 τὴν
2007 941 2177 1012 πυρὸς
2237 942 2378 1015 ὁμοῦ
2427 947 2515 998 καὶ
2568 943 2762 1009 ὕδατος
2811 949 3188 1019 ὑποσπάνισιν,
3232 949 3430 1006 ἐκεῖθεν
3465 955 3589 1025 μεθ.

166 1035 391 1099 ἐσθίεται,
420 1033 532 1089 Καὶ
562 1032 627 1085 τὸ
658 1028 923 1105 Φέρεπέξ
956 1026 1151 1105 ἐφόδου
1208 1025 1716 1101 παραστησάμενος,
1774 1025 1863 1080 καὶ
1917 1030 2079 1080 τοῦτο
2135 1029 2341 1102 κόμητί
2400 1052 2504 1087 τινι
2565 1042 2666 1103 τῆς
2729 1037 3061 1116 Ἀντιοχέων
3110 1039 3589 1113 ἀποχαρισάμενος

164 1123 397 1189 πόλεως,
429 1122 573 1196 πρὸς
606 1120 789 1194 ἑτέραν
822 1117 986 1172 πόλιν
1042 1122 1358 1203 μεταχωρεῖ
1399 1115 1536 1170 κατᾶ
1592 1115 1784 1203 φράσιν
1844 1112 2121 1203 ἐγχώριον
2179 1119 2439 1197 Καφαρδά
2472 1121 2803 1197 λεγομένην,
2837 1112 3111 1203 Μεγίστης
3144 1124 3199 1181 δὲ
3230 1112 3419 1202 χώρας
3448 1128 3581 1199 αὓτη

165 1207 578 1283 προκαθέζεται,
611 1204 863 1279 καὶπερὶ
921 1203 1091 1272 αὐτὴν
1152 1202 1315 1281 αὐχεῖ
1372 1202 1766 1257 καθυπείκοντα
1823 1202 1925 1255 οὐκ
1981 1199 2250 1277 ἐλαχιστα
2308 1207 2562 1280 φρούρια,
2594 1199 3181 1288 στερρότητι-ταχέως
3214 1199 3591 1287 έὸμξτάζουσα,

232 1300 313 1354 Il'.
344 1295 511 1353 Δλλὰ
563 1294 657 1348 καὶ
707 1294 912 1362 ταύτην
973 1289 1062 1346 διὰ
1118 1289 1357 1367 βραχέος
1416 1290 1829 1365 χειρωσάμενος

171 1381 481 1461 μεταϐαίνει
537 1384 680 1457 πρὸς
737 1383 804 1436 τα
878 1380 1222 1455 πορῥώτερα,
1293 1379 1382 1435 καὶ
1432 1386 1532 1448 τῆς
1577 1379 1714 1453 πρὸς
1767 1379 1827 1432 τὸ

173 1479 335 1549 Σέζερ
409 1473 637 1548 πορείας
714 1470 1022 1543 ἁπτόμενος
1098 1466 1511 1543 στρατοπεδεύει
1586 1468 1709 1542 περὶ
1766 1470 1828 1522 τὸ

169 1569 401 1639 ἰστριον
459 1561 651 1635 (πόλις
707 1557 768 1614 δὲ
824 1558 914 1614 καὶ
972 1563 1132 1614 τοῦτο
1189 1565 1289 1627 τῆς
1325 1558 1495 1630 μέσης
1522 1562 1629 1612 τῶν
1661 1577 1827 1611 ποτα-

169 1660 307 1727 μῶν)
360 1650 563 1716 ἄποθεν
630 1654 817 1724 μικρῷ
876 1653 972 1703 τοῦ
1031 1648 1192 1721 Σέζερ
1252 1646 1500 1721 κείμενον
1562 1646 1651 1700 καὶ
1710 1651 1827 1705 τοῖς

165 1750 295 1799 πὶσι
351 1738 855 1812 κατεσκευασμένον
932 1738 1139 1813 ἄριστα.
1212 1734 1374 1794 Ὀδοῦ
1430 1733 1486 1791 δὲ
1563 1736 1829 1810 πάρεργον

2015 1293 2154 1347 VIII.
2178 1295 2289 1349 Sed
2311 1297 2420 1352 hac
2447 1315 2681 1370 quoque
2704 1301 2859 1357 brevi
2885 1311 3217 1375 expugnata
3234 1306 3484 1361 ulterius
3508 1308 3595 1360 in-

1940 1382 2133 1435 tendit
2153 1383 2285 1449 iter,
2312 1386 2567 1442 Sezerim
2597 1390 2804 1445 urbem
2829 1408 3032 1447 versus
3059 1410 3072 1458 ;
3096 1401 3405 1465 castraque
3424 1394 3598 1464 juxta

1941 1470 2181 1526 Istrium
2232 1476 2399 1544 ponit
2459 1479 2897 1549 Mesopotamia)
2930 1482 3158 1551 urbem,
3188 1500 3222 1537 a
3252 1483 3441 1539 Sezeri
3474 1501 3595 1539 non

1942 1559 2194 1615 multum
2209 1562 2479 1620 dissitam
2497 1571 2553 1620 et
2567 1568 2742 1622 rebus
2756 1570 3033 1625 omnibus
3048 1571 3567 1627 instructissimam
3579 1614 3591 1628 .

1938 1650 2061 1713 Qua
2091 1650 2282 1705 obiter
2328 1660 2500 1725 capta
2550 1662 2607 1709 et
2652 1658 2942 1713 militibus
2973 1659 3309 1731 diripienda
3341 1661 3497 1728 data,
3531 1677 3597 1715 ac

1940 1737 2229 1808 Scythicis
2249 1743 2627 1812 potissimum
2649 1745 3042 1818 legionibus,a
3060 1748 3274 1818 quibus
3301 1765 3595 1821 expugna—

165 1834 255 1890 καὶ
310 1832 513 1887 τούτου
574 1828 968 1908 διαφθαρέντος
1023 1828 1113 1881 καὶ
1186 1826 1321 1899 πρὸς
1397 1828 1652 1903 ἁρπαγὴν
1712 1824 1828 1880 δια-

1949 1831 1998 1880 ta
2044 1826 2256 1897 fuerat,
2312 1831 2450 1887 inde
2513 1834 2766 1889 Sezerim
2817 1837 3155 1908 aggreditur
3213 1837 3384 1909 cujus
3442 1839 3595 1893 cives

169 1922 424 1998 οεθὲντος
468 1925 589 1979 τοῖς
637 1917 1024 1992 στρατιώταις,
1075 1916 1163 1970 καὶ
1201 1914 1410 1971 τούτων
1448 1914 1686 1988 μάλιστα
1716 1921 1835 1975 τοῖς

170 2011 237 2067 ἐκ
265 2009 582 2084 καταλόγων
627 2012 739 2062 τῶν
805 2009 1085 2069 Σκυθικῶν
1117 2005 1201 2083 ὑφ’
1242 2005 1315 2059 ὧν
1373 2005 1634 2072 ἑάλωκεν,
1699 2002 1837 2059 ἐκεῖ·

170 2113 261 2165 θεν
314 2097 624 2159 ἀπαναστὰς
676 2096 756 2167 τῷ
817 2094 980 2167 Σέζερ
1039 2094 1340 2167 πρόσεισιν.
1395 2093 1463 2150 Οἱ
1523 2090 1569 2147 δ’
1636 2092 1694 2148 ἐκ
1741 2097 1835 2147 τοῦ

172 2194 361 2251 ἄστεος
392 2184 583 2257 τοῦδε,
641 2186 732 2240 καὶ
790 2189 899 2239 τῶν
958 2182 1253 2258 ἂγχούρων
1311 2187 1598 2257 σατραπῶν
1641 2181 1835 2237 συνελ-

174 2279 402 2348 θόντων,
458 2274 754 2335 πλείστους
812 2274 973 2335 ὅσους
1027 2271 1158 2331 τοὺς
1218 2268 1605 2333 ὁπλιτεύοντας
1666 2293 1837 2326 συνει-

176 2372 433 2443 λόχασιν,
493 2367 619 2420 ὅθεν
676 2363 766 2419 καὶ
822 2364 962 2438 πρὸς
1015 2360 1108 2417 ἕνα
1160 2362 1524 2433 συνασπισμὸν
1568 2361 1837 2423 συνιόντες

170 2459 261 2513 καὶ
332 2454 660 2531 ὁμαιχμίαν
728 2452 1122 2527 κρατυνάμενοι
1200 2450 1328 2525 μίαν
1412 2453 1835 2525 προσυπήντων,

166 2550 258 2602 τὸν
315 2546 497 2601 ἐκεῖσε
555 2542 978 2617 περικλώμενον
1027 2541 1274 2612 ποταμὸν
1329 2534 1636 2604 διαϐάντες,
1690 2538 1837 2596 ἀλλὰ

166 2637 255 2690 καὶ
287 2633 524 2710 δοράτια
584 2632 643 2687 ἐκ
695 2629 962 2703 καλάμων
1019 2626 1394 2704 κραδαίνοντες
1446 2635 1566 2691 ταῖς
1605 2634 1700 2683 τοῦ
1736 2630 1837 2705 βας

169 2724 368 2787 τελέως
438 2720 853 2796 συμπλέκονται
938 2717 1227 2797 φάλαγξιν,
1310 2719 1505 2781 ’ἱπποις
1565 2717 1839 2773 ὠκύποσιν

166 2814 573 2890 ἐποχούμενοι.
642 2812 746 2868 Καὶ
815 2808 1123 2886 συρῥήξεως
1206 2808 1503 2883 γενομένης
1563 2806 1834 2870 πολλάκις

168 2905 269 2971 τήν
302 2904 470 2972 νίκης
532 2903 564 2956 ὁ
624 2897 881 2976 βασιλεὺς
936 2898 1283 2975 ἀποφέρεται,
1342 2898 1430 2952 καὶ
1490 2899 1542 2952 οἱ
1601 2899 1693 2972 μὲν
1728 2903 1837 2953 τῶν

172 2992 471 3064 πολεμίων
547 2990 683 3045 κατὰ
757 2993 855 3044 τοῦ
928 2984 1121 3049 ὓδατος
1194 2986 1589 3059 ἀκοντίζονται,
1665 2989 1717 3041 οἱ
1793 2984 1840 3041 δ’

174 3083 543 3157 ἐμπείρονται
601 3076 844 3154 δόρασιν,
906 3073 1159 3149 οὐδαμῶς
1221 3074 1628 3150 ἐπαρκεσάντων
1690 3078 1836 3157 σφίσι

1943 1926 2102 1984 (nam
2137 1925 2193 1972 et
2242 1920 2476 1974 ﬁnitimi
2526 1929 2775 1994 satrapae
2826 1926 3032 1981 eodem
3078 1932 3357 1996 tanquam
3391 1927 3463 1981 ad
3496 1927 3593 1981 89

1942 2022 2259 2062 commune
2284 2009 2629 2065 incendium
2655 2013 3142 2083 restinguendum
3166 2015 3593 2085 confluxerant)

1940 2093 2228 2165 plurimos
2260 2098 2483 2153 milites
2514 2108 2851 2173 coegerunt,
2879 2108 2937 2157 et
2964 2103 3110 2157 inita
3140 2104 3419 2158 societate
3451 2121 3590 2159 con-

1941 2182 2252 2255 ductisque
2269 2186 2329 2240 in
2348 2204 2530 2242 unum
2547 2190 2732 2260 copiis
2751 2197 3147 2261 superatoque
3167 2192 3590 2263 praeterﬂuenti

1942 2274 2334 2347 amnejacula
2364 2278 2696 2334 arundinea
2723 2280 3040 2347 vibrantes,
3067 2287 3125 2336 et
3148 2281 3315 2352 equis
3345 2282 3593 2337 velocis-

1943 2364 2112 2419 simis
2143 2365 2495 2435 insidentes,
2531 2369 2943 2441 imperatorias
2974 2371 3297 2443 phalanges
3328 2372 3483 2426 ultro
3516 2371 3594 2427 la-

1942 2461 2202 2523 cessunt,
2236 2472 2303 2511 ac
2334 2459 2549 2529 saapius
2581 2461 2837 2532 aggressi
2870 2466 3104 2515 nostros
3136 2462 3469 2528 vincuntur,
3495 2461 3591 2515 alii

1941 2542 2002 2596 in
2034 2542 2258 2600 ﬂumen
2288 2548 2662 2619 praecipitati,
2722 2549 2819 2604 alii
2880 2550 3063 2605 hastis
3121 2551 3406 2617 transﬁxi,
3440 2550 3590 2605 nihil

1940 2631 2127 2703 adjuti
2159 2634 2486 2690 vibratione
2518 2638 3159 2709 arundinum,quarum
3186 2639 3469 2693 auxilium
3506 2640 3593 2693 in-

1942 2722 2203 2786 ﬁrmum,
2230 2729 2407 2780 tenue
2438 2743 2506 2781 ac
2536 2726 2714 2797 plane
2736 2729 3090 2784 arundinem
3113 2728 3588 2799 experiebantur.

1942 2811 2163 2867 Dehinc
2194 2812 2351 2868 intra
2380 2815 2736 2871 munitiones
2760 2818 2978 2873 reversi
3002 2835 3119 2873 non
3142 2818 3398 2890 amplius
3425 2835 3589 2890 egre-

1941 2899 2276 2966 diebantur,
2311 2903 2414 2958 sed
2452 2920 2517 2958 ex
2553 2907 2762 2961 terreis
2808 2907 2975 2962 tectis
3007 2924 3067 2961 se
3102 2907 3483 2962 ostendentes
3524 2924 3593 2961 ac

1939 2989 2194 3045 multum
2226 2990 2363 3047 inde
2387 2992 2515 3064 opis
2546 2994 2834 3051 habentes
2865 3002 3069 3052 contra
3101 2999 3396 3053 Romanos
3426 2998 3586 3051 fcre-

1939 3079 2175 3151 bantur,
2205 3081 2639 3155 direptionibus
2672 3091 2730 3141 et
2758 3087 3185 3142 vastationibus
3225 3103 3499 3159 agrorum
3533 3090 3594 3141 et

171 3178 281 3226 τῦιδ
345 3171 707 3241 ἐνσειομένων
763 3165 1027 3234 δονάκων,
1082 3164 1210 3221 ἀλλ’
1266 3166 1456 3234 ἀσθενῆ
1500 3166 1587 3221 καὶ
1622 3165 1827 3237 λεπτὴν

1949 3170 2326 3226 ﬁnitimorum
2350 3173 2713 3230 castellorum
2730 3175 3267 3249 expugnationibus
3284 3176 3592 3247 neglectis.

176 3258 499 3335 ἐπικουρῖαν
543 3257 654 3329 καί,
710 3257 773 3311 τὸ
830 3254 963 3310 ὅλον
1021 3255 1212 3322 εἰπεῖν,
1251 3255 1564 3328 καλαμίνην
1598 3277 1845 3335 παρεχο-

178 3352 357 3421 μένων
392 3350 611 3408 αὐτοῖς.
646 3348 922 3404 Ἐντεῦθεν
983 3344 1058 3409 εἷς
1112 3346 1174 3399 τὸ
1229 3351 1417 3420 τεῖχος
1445 3346 1844 3424 ἀναχωρήσειν-

173 3462 265 3503 τες
314 3440 501 3495 οὐκέτι
561 3434 845 3509 ἐπεξόδους
901 3434 1236 3510 εἰργάζοντο,
1300 3434 1360 3489 ἐκ
1417 3431 1473 3489 δὲ
1501 3440 1608 3491 τῶν
1640 3440 1843 3507 γηῖνων

449 3527 883 3604 προφαινόμενοι
931 3524 1021 3578 καὶ
1070 3521 1290 3591 πολλὴν
1331 3523 1566 3580 ἐντεῦθεν
1594 3529 1694 3596 τὴν
1724 3529 1847 3583 σύν-

180 3640 331 3693 span
392 3612 618 3692 ἔχοντες
674 3614 969 3688 Ῥωμαίοις
1030 3614 1409 3691 ἀντεφέροντο,
1478 3615 1577 3683 τὴν
1639 3617 1843 3672 ἑαυτῶν

180 3707 372 3783 χώραν
428 3707 640 3766 ἀνέντες
699 3704 776 3766 εἷς
834 3705 897 3759 τὸ
958 3700 1131 3764 ἀδεῶς
1190 3701 1565 3777 έκπορθεῖσθαι
1595 3706 1682 3759 καὶ
1718 3704 1846 3776 ληΐ-

182 3799 361 3865 ζεσθαι
416 3795 507 3849 καὶ
570 3794 885 3869 χειροῦσθαι
918 3792 987 3847 τὰ
1015 3790 1268 3870 φρούρια.
1320 3789 1475 3845 Οὕτω
1524 3791 1582 3847 δέ
1636 3794 1845 3849 τούτων

182 3885 568 3961 πραττόντων,
646 3884 675 3937 ὁ
747 3879 1003 3956 βασιλεὺς
1081 3881 1177 3942 τὰς
1261 3881 1346 3953 [Ρ.
1409 3883 1498 3954 20]
1567 3882 1848 3960 φάλαγγας

185 3973 597 4050 διηπρινηκὼς
626 3973 718 4027 καὶ
764 3970 901 4027 κατὰ
931 3970 1085 4048 γένος
1130 3969 1219 4025 καὶ
1279 3970 1504 4047 φατρίας
1547 3968 1845 4047 διῃρηκὼς,

186 4065 260 4125 ὡς
292 4064 446 4143 ρῦλα
474 4063 671 4141 φύλοις
706 4062 1012 4137 ἀρήγωσιν,
1068 4059 1145 4120 εἰς
1197 4058 1320 4131 μίαν
1373 4064 1566 4134 μοῖραν
1601 4063 1693 4116 τὸν
1727 4064 1851 4120 Μα-

186 4151 379 4207 uadi:
409 4152 744 4220 καθίστησιν,
806 4148 987 4223 ἑτέραν
1026 4148 1094 4201 τὸ
1139 4151 1250 4201 τῶν
1311 4146 1607 4220 ἐκλεκτῶν,
1670 4149 1849 4222 ἄλλην

186 4243 249 4296 τὸ
288 4241 580 4311 Σκυθικὸν,
632 4237 715 4294 ’έτι
774 4236 833 4293 δὲ
888 4238 952 4293 τὸ
991 4235 1052 4292 ἐκ
1104 4232 1367 4313 Περσίδος
1399 4239 1725 4312 ὁρμώμενον
1757 4226 1847 4296 κοιἰ

190 4337 599 4409 προσχωρῆσαν
637 4326 937 4401 Ῥωμαίοις
991 4325 1128 4381 κατὰ
1182 4323 1465 4398 πολέμους
1522 4327 1651 4390 τοὺς
1711 4330 1849 4403 πρό..

192 4440 371 4495 τερον.
434 4418 537 4476 Καὶ
594 4423 676 4491 τῷ
744 4418 939 4491 ἀμιγεῖ
1006 4415 1095 4470 καὶ
1170 4413 1480 4492 πολυμερεῖ
1542 4415 1684 4489 τῷδε
1738 4422 1845 4473 τῶν

194 4508 630 4583 στρατευμάτων,
693 4504 987 4584 διαςνόρους
1044 4504 1461 4581 προφαινόντων
1533 4506 1627 4568 τὰς
1687 4506 1848 4563 ὁπλί-
1878 4547 1925 4612 D

197 4619 321 4665 αις,
380 4593 541 4676 φόϐῳ
590 4596 806 4653 πλείονι
866 4595 1073 4673 ληφθὲν
1130 4593 1192 4649 τὸ
1252 4593 1520 4667 πολέμιον
1574 4602 1674 4664 τῆς
1709 4593 1841 4671 ἄγαν

196 4687 479 4749 ἐκτάσεως
551 4686 867 4763 καθυφίησι,
951 4682 1040 4738 καὶ
1118 4684 1206 4737 τὸν
1300 4682 1453 4745 ἐκτὸς
1540 4684 1841 4758 προέμενον

198 4779 477 4856 τειχισμὸν
505 4779 644 4849 πρὸς
677 4771 971 4851 περίϐολον
1005 4774 1098 4828 τὸν
1154 4768 1303 4826 ἔνδον
1349 4771 1681 4845 μεθίσταται.
1718 4776 1842 4832 Ἐπὶ

202 4866 430 4929 πολλαῖς
485 4865 582 4922 οὖν
640 4866 873 4940 ἡμέραις
939 4864 1262 4942 ἀγχέμαχοι
1323 4858 1629 4919 συνέϐαινον
1704 4886 1843 4937 συμ-

205 4954 393 5010 πλοκαὶ
444 4956 535 5011 καὶ
594 4960 775 5029 πεῖραι
832 4954 925 5008 καὶ
1005 4950 1299 5028 διαμάχαι,
1351 4953 1441 5006 καί
1504 4955 1842 5029 μονομαχίαι

204 5047 302 5097 tiu
350 5045 610 5113 ἀρίστων,
668 5044 760 5098 καὶ
816 5042 1112 5117 περιφυγαὶ
1160 5041 1248 5095 καὶ
1313 5039 1702 5117 ὑποχωρήσεις
1750 5045 1840 5099 καὶ

206 5130 539 5204 κταδιὼξεις
592 5132 646 5206 ἐξ
706 5131 996 5203 ἑκατέρων.
1077 5127 1239 5185 ’Λλλ’
1294 5127 1375 5184 ἀεὶ
1433 5130 1498 5185 τὰ
1556 5132 1652 5203 μὲν
1712 5134 1844 5189 Ῥω-

212 5222 367 5291 μαίων
423 5221 839 5298 ὶπικρατέστερα
899 5219 1267 5297 κατεφαίνετο,
1322 5219 1385 5273 τὸ
1471 5216 1517 5273 δ’
1602 5219 1840 5278 ἐναντίον

211 5311 293 5363 κᾶν
347 5309 562 5367 ἔπιπτεν
623 5313 729 5367 ἀπὸ
784 5309 974 5385 ξίφους
1042 5306 1338 5374 πλειόνως,
1401 5307 1498 5362 κᾶν
1559 5307 1617 5365 ἐκ
1671 5312 1841 5384 τόξων

214 5399 277 5457 εἷς
330 5399 547 5463 θάνατον
601 5400 866 5467 ὕπνωττε,
925 5398 1020 5453 γᾶν
1078 5404 1194 5461 τοῖς
1264 5397 1322 5452 ἐκ
1368 5403 1637 5475 μηχανῶν
1667 5399 1841 5464 λίθοις

216 5486 279 5545 3k
332 5491 463 5563 μέρη
523 5488 760 5565 διῄρητο
818 5489 909 5543 καὶ
969 5488 1105 5562 πρὸς
1164 5493 1265 5561 γῆν
1318 5486 1385 5541 τὰ
1440 5486 1601 5561 τείχη
1656 5490 1841 5545 καὶτὰ

216 5576 399 5631 ταύτην
427 5580 716 5655 καθῃρεῖτο
777 5578 1047 5651 θωράκια,
1106 5575 1261 5649 ὅμως
1320 5572 1507 5648 ἔμενεν
1558 5570 1636 5631 ἔτι
1676 5579 1841 5653 ἀκρά-

218 5661 388 5722 iam?
444 5665 497 5730 ἔς
557 5668 932 5744 μυριοπληθὶς
991 5664 1417 5741 ἀριθμούμενον,
1454 5663 1643 5731 ἄλλως
1670 5672 1840 5723 τεκαὶ

1947 3262 2082 3324 Qum
2106 3277 2240 3315 eum
2263 3262 2347 3316 illi
2369 3262 2651 3334 facerent,
2684 3265 3007 3337 imperator
3035 3266 3355 3337 phalanges
3382 3282 3592 3320 recen-

1947 3355 2038 3403 set
2084 3355 2141 3404 et
2193 3367 2299 3422 pro
2356 3352 2701 3409 nationibus
2760 3360 2817 3409 et
2872 3353 3143 3409 tribubus
3176 3354 3496 3423 distribuit,
3533 3358 3599 3409 ut

1948 3437 2167 3509 quique
2198 3440 2323 3495 suis
2353 3441 2737 3512 popularibus
2782 3449 3213 3499 succurrerent.
3248 3444 3598 3499 Macedones

1949 3527 2009 3580 in
2036 3543 2220 3582 unum
2252 3528 2500 3585 classem
2543 3532 2741 3598 refert,
2793 3549 2894 3587 eos
2952 3533 3053 3605 qui
3088 3532 3289 3587 selecti
3322 3534 3601 3588 dicuntur

1951 3615 2012 3670 in
2042 3616 2310 3688 alteram,
2344 3619 2586 3690 Scythas
2646 3622 2708 3675 in
2768 3622 3023 3686 tertiam,
3062 3621 3391 3690 eodemque
3424 3619 3601 3675 modo

1949 3706 2287 3779 Persas,qui
2303 3710 2708 3780 superioribus
2722 3710 2893 3766 bellis
2912 3710 3190 3766 Romanis
3203 3714 3601 3763 accesserant.

1951 3795 2161 3850 Hostes
2176 3802 2374 3852 autem
2399 3798 2509 3853 hac
2527 3799 2905 3854 distinctione
2930 3805 2989 3854 et
3009 3799 3288 3854 varietate
3308 3797 3603 3869 legionem

1953 3889 2010 3938 et
2034 3884 2371 3940 diversitate
2388 3903 2681 3941 armorum
2716 3888 3035 3951 territi,-IO
3061 3887 3309 3941 remissa
3340 3886 3599 3959 pertina-

1951 3973 2044 4028 cia
2066 3978 2124 4028 et
2152 3974 2445 4029 mmnibus
2468 3975 2857 4030 exterioribus
2881 3975 3123 4040 relictis,
3151 3974 3210 4029 in
3233 3974 3517 4029 interiora
3543 3990 3604 4029 se

1952 4061 2285 4117 conferunt.
2317 4062 2510 4117 Multis
2541 4079 2677 4135 ergo
2730 4063 2940 4119 diebus
2989 4064 3262 4119 cominus
3290 4070 3605 4136 pugnatur,

1953 4150 2105 4205 nihil
2137 4167 2255 4206 non
2288 4156 2570 4221 tentatur,
2593 4153 2770 4208 etiam
2797 4152 3116 4226 singularia
3145 4153 3603 4207 fortissimorum

1954 4242 2285 4298 certamina
2310 4242 2498 4298 ﬁunt:
2532 4259 2691 4298 nunc
2725 4243 2785 4298 in
2818 4243 3025 4299 urbem
3048 4243 3521 4315 refugiturnunc
3546 4246 3604 4298 in

1956 4336 2149 4386 eastra
2178 4331 2497 4401 receditur,
2523 4332 2607 4388 sic
2638 4338 2829 4389 tamen
2860 4340 2925 4389 ut
2954 4332 3200 4389 Romani
3235 4349 3470 4403 semper
3499 4350 3607 4389 au-

1954 4421 2216 4491 periores
2248 4426 2466 4477 essent.
2501 4422 2706 4478 Hostes
2755 4429 2954 4479 autem
3013 4423 3121 4479 etsi
3181 4422 3380 4494 plures
3411 4422 3607 4495 gladio

1956 4508 2501 4583 cadebant,sagittis
2523 4512 3427 4579 conﬁciebantur,machinarum
3454 4512 3610 4567 saxis

1954 4597 2463 4669 discerpebantur,
2496 4602 2713 4658 muenia
2745 4618 3070 4674 eorumque
3102 4603 3425 4675 pinnacula
3455 4608 3606 4658 ster-

1955 4686 2476 4755 nebantur,tamen
2498 4690 2665 4746 clade
2698 4691 2759 4747 in
2789 4697 2954 4747 tanta
2982 4691 3364 4747 multitudine
3394 4706 3603 4763 parum

1954 4775 2274 4847 conspicua
2296 4776 2525 4834 immoti
2544 4780 3287 4854 perstiterunt.praasertim
3308 4796 3442 4835 cum
3465 4780 3603 4845 vita,

1952 4864 2150 4932 liberi,
2171 4882 2405 4937 uxores,
2429 4885 2658 4942 magna:
2690 4877 2748 4927 et
2776 4872 2951 4928 variae
2981 4888 3122 4943 opes
3156 4875 3488 4943 agerentur.
3526 4871 3605 4921 Ac

1950 4954 2202 5011 forsitan
2228 4963 2396 5029 capta
2428 4964 2585 5015 esset
2631 4960 2757 5016 haec
2800 4978 3036 5033 quoque
3067 4960 3208 5015 urbs
3238 4965 3295 5012 et
3326 4954 3603 5011 omnibus

1954 5044 2164 5115 opibus
2226 5047 2467 5115 nudata,
2530 5050 2808 5105 Romanis
2867 5051 2995 5121 ejus
3054 5046 3282 5103 excidio
3350 5042 3600 5115 gloriam

1954 5136 2248 5206 insignem
2307 5138 2564 5210 adeptis,
2614 5140 2845 5195 adversi
2931 5138 3123 5194 nuntii
3182 5137 3599 5204 imperatorem

1953 5224 2043 5280 vel
2093 5225 2342 5280 invitum
2400 5228 2536 5282 inde
2596 5228 3043 5282 abstraxissent.
3088 5222 3407 5278 Ferebatur
3437 5221 3597 5275 enim

1953 5316 2169 5370 Edessa
2199 5332 2233 5369 a
2264 5316 2456 5370 Persis
2487 5317 2876 5371 circumsessa
2904 5316 2964 5368 in
2996 5312 3208 5369 excidii
3240 5310 3599 5365 atrocissimi

1951 5404 2215 5476 periculo
2240 5405 2477 5468 versari,
2502 5405 2613 5459 nisi
2639 5405 2961 5475 imperator
2984 5402 3174 5474 primo
3200 5415 3433 5471 quoque
3460 5405 3602 5455 tem-

1953 5509 2093 5564 pore
2135 5506 2305 5561 opem
2366 5492 2565 5547 ferret.
2601 5492 2781 5563 Igitur
2839 5491 3183 5546 muneribus
3214 5487 3603 5561 amplissimis

1953 5582 2211 5653 acceptis
2233 5598 2363 5652 quae
2388 5582 2634 5655 materia
2648 5583 2904 5637 omnium
2922 5582 3351 5654 pretiosissima
3370 5587 3606 5638 consta-

1955 5675 2117 5735 bant,
2152 5677 2209 5727 et
2232 5672 2403 5743 equis
2428 5671 2819 5744 generosis,et
2838 5678 2897 5728 et
2919 5672 3030 5729 tela
3050 5672 3236 5730 serica
3258 5690 3402 5730 auro
3419 5673 3605 5729 inter-
