4014 6204
447 295 564 360 359

1759 287 2064 349 NICETE
2105 286 2530 350 CHONIATIE

3735 295 3853 368 360.

447 438 881 510 frangerentur.
914 433 1057 485 Cum
1089 431 1287 482 autem
1319 424 1628 492 barbaros,
1661 425 1764 496 qui
1795 423 1857 480 in
1888 427 2064 480 Arms

2210 421 2310 478 οὐκ
2339 421 2523 478 εἷ’δότα
2552 424 2960 498 πλαττόμενος,
3007 423 3102 482 ἵνα
3161 427 3239 500 μὴ
3299 425 3523 502 λέγοιμι
3549 429 3640 484 τὸν
3674 429 3854 504 μηδα-

449 529 755 584 niacorum
791 518 1152 594 provinciam
1203 517 1560 586 irruperant,
1592 513 1817 580 ulcisci,
1852 519 1912 568 et
1938 515 2095 568 Con-

449 615 781 671 stantinum
804 609 1075 674 Gabram,
1103 606 1278 677 longo
1295 603 1424 675 jam
1447 610 1712 675 tempore
1737 604 2096 674 Trapezunte

446 704 772 777 potientem
830 715 898 754 ac
954 713 1060 768 pro
1117 700 1368 766 tyranno
1425 710 1488 748 se
1527 698 1851 765 gerentem,
1885 708 2094 764 capere

442 789 765 858 statuisset,
798 802 904 858 per
937 782 1380 856 Paphlagonum
1403 781 1732 836 convallem
1759 780 1872 835 iter
1894 781 2095 835 inten-

441 878 546 946 dit,
577 881 646 932 ut
673 875 1052 932 continenter
1081 889 1188 944 per
1217 871 1518 927 maritima
1552 870 1718 926 Ponti
1755 869 1884 924 loca
1914 871 2092 940 proti-

443 968 802 1023 cisceretur:
832 964 1011 1034 idque
1043 961 1272 1017 duabus
1302 960 1374 1015 de
1405 958 1695 1026 causis,ut
1714 966 1774 1012 et
1797 958 2093 1012 exercitus

442 1074 472 1111 e
505 1057 628 1113 suis
658 1053 976 1127 provinciis
1007 1056 1404 1108 commeatum
1446 1053 1694 1120 peteret,
1730 1053 1788 1102 et
1818 1048 1866 1103 si
1899 1063 2093 1119 pugna

443 1142 871 1202 committenda
900 1146 1074 1202 esset,
1107 1157 1177 1195 ea
1206 1138 1278 1193 ab
1309 1154 1431 1194 una
1461 1137 1747 1192 duntaxat
1781 1143 1946 1207 parte
1977 1137 2092 1190 im-

441 1236 699 1290 mineret
744 1250 852 1288 nec
900 1248 935 1286 a
983 1228 1488 1286 circumventione
1544 1226 1867 1297 quidquam
1930 1225 2089 1295 peri-

441 1324 554 1380 culi
581 1328 754 1380 esset.
790 1324 931 1376 Nam
964 1309 1502 1387 Muchumetus,qui
1536 1321 1659 1370 tum
1687 1316 1952 1370 Caesarea
1983 1330 2088 1385 po—

437 1413 716 1476 tiebatur,
751 1409 824 1464 de
855 1426 970 1480 quo
1002 1424 1181 1478 supra
1214 1405 1496 1474 diximus,
1556 1403 1831 1459 maximis
1881 1402 2093 1474 opibus

438 1501 702 1574 pollebat
731 1504 789 1552 et
819 1497 1025 1552 Iberia:
1077 1500 1307 1567 partem
1359 1493 1676 1564 subegerat
1705 1508 1772 1546 ac
1799 1489 2090 1546 nonnulla

437 1587 874 1660 Mesopotamiae
893 1586 1023 1641 loca
1036 1584 1136 1640 40
1153 1584 1212 1638 in
1229 1581 1589 1638 deditionem
1608 1581 1997 1652 acceperat.ls
2015 1579 2088 1634 ad

437 1683 728 1733 vetustam
750 1673 1167 1730 Arsacidarum
1186 1670 1770 1727 etTanismaniorum
1787 1674 2086 1724 recentem

2207 513 2325 584 μῶς
2385 511 2772 588 ἐμπαζόμενον
2849 515 3267 590 ὑποκριόμενος,
3327 515 3562 580 ἐκείνους
3616 521 3713 591 μὲν
3775 521 3853 576 ε’ἶα

2199 609 2546 680 κενοφωνεῖν,
2577 604 2739 667 αὐτὸς
2783 601 2840 659 δὲ
2885 611 2988 674 τῆς
3035 605 3340 681 προθέσεως
3395 606 3598 682 εἴχετο,
3659 609 3851 684 βούλε-

2203 701 2325 755 σθαι
2381 690 2556 766 λεγων
2634 687 2781 769 ἔχειν
2854 695 2985 756 τοὺς
3053 696 3386 770 στρατιώτας
3448 695 3851 762 συσπουδαστὰς

2201 779 2290 833 καὶ
2352 779 2628 854 μηδαμῶς
2687 788 2807 845 ταῖς
2863 784 3144 860 συνεχέσιν
3198 781 3484 858 ἐκδημίαις
3547 785 3850 842 ἀπαυῖοὖν-

2197 889 2296 932 τας
2349 869 2439 924 καὶ
2507 870 2928 934 ἀποκναίοντας.
2997 873 3332 945 Προθέμενος
3410 871 3465 928 δὲ
3569 877 3850 948 μετελθεῖν

2197 957 2324 1019 τοὺς
2392 960 2528 1013 κατά
2591 961 2652 1015 τὸ
2705 961 2843 1033 θέμα
2898 965 3008 1016 τῶν
3081 963 3453 1037 Ἀρμενιακῶν
3519 969 3854 1040 παρεισφθα-

2201 1045 2389 1120 ρόντας
2451 1043 2779 1124 βαρϐάρους,
2839 1049 2952 1123 ἃμα
3036 1047 3093 1105 δὲ
3148 1050 3238 1105 καὶ
3295 1055 3700 1108 Κωνσταντῖνον
3755 1055 3849 1109 τὸν

2199 1131 2406 1212 Γαϐρᾶν
2465 1145 2754 1215 κατασχεῖν
2816 1140 3012 1216 χρόνον
3063 1138 3170 1210 ἤδη
3237 1143 3435 1220 συχνὸν
3488 1144 3588 1212 την
3639 1147 3851 1218 Τραπε-

2200 1229 2396 1294 ζοῦντα
2451 1228 2928 1304 ὑποποιησάμενον
2989 1232 3078 1286 καὶ
3152 1229 3303 1300 ἤθεσι
3360 1240 3700 1308 τυραννικοῖς
3761 1236 3853 1291 αὖ-

2193 1315 2292 1383 τήν
2323 1313 2653 1394 διεξάγοντα,
2696 1317 2785 1374 διὰ
2822 1324 2922 1386 τῆς
2973 1322 3080 1375 τῶν
3133 1320 3504 1397 Παφλαγόνων
3533 1325 3855 1400 συναγκείας

2192 1405 2290 1471 τήν
2323 1407 2544 1479 πορείαν
2576 1408 2787 1478 τίθησιν
2848 1409 2928 1464 ἀεὶ
2983 1415 3089 1464 τῶν
3145 1413 3242 1464 τοῦ
3298 1411 3504 1465 Πόντου
3560 1411 3854 1485 παραλίων

2193 1492 2374 1546 τόπων
2428 1491 2664 1569 βαδίζειν
2735 1495 2978 1575 ἐχόμενα
3019 1495 3166 1552 δυοῖν
3222 1493 3398 1566 ἔνεκα,
3426 1503 3523 1553 τοῦ
3551 1501 3599 1554 τ’
3629 1499 3690 1555 ἐκ
3747 1501 3852 1566 τῆς

2195 1580 2396 1646 οἰκείας
2427 1584 2616 1659 χώρας
2670 1585 2768 1652 τὴν
2829 1587 3080 1660 στρατιάν
3141 1587 3193 1641 οἱ
3246 1587 3556 1662 πορίζεσθαι
3595 1589 3663 1643 τὰ
3705 1591 3856 1662 βιώ-

2194 1689 2349 1742 σιμα,
2408 1671 2498 1726 καὶ
2558 1671 2602 1726 εί
2663 1669 2842 1744 δεήσει
2901 1671 3159 1748 συῤῥῆξαι
3217 1674 3484 1749 πόλεμον,
3543 1678 3682 1732 κατᾶ
3715 1678 3853 1748 μίαν

439 1767 685 1838 stirpem
715 1781 900 1837 genus
931 1762 1246 1828 referebat,
1279 1761 1377 1831 qui
1419 1759 1784 1815 Tanismanii
1815 1759 2067 1813 homine:

2199 1764 2394 1832 μοῖραν
2436 1755 2582 1832 ἔχειν
2643 1760 2802 1816 αὑτὸν
2863 1761 3220 1835 ἐπικείμενον,
3273 1763 3398 1819 ἀλλ’
3431 1763 3528 1819 οὐκ
3576 1765 3628 1836 ἐξ
3659 1767 3856 1822 ἑκατέ-

434 1855 688 1910 audaces
723 1860 782 1909 et
809 1852 1077 1909 bellicosi
1099 1856 1288 1918 erant,
1313 1855 1594 1904 eteorum
1626 1849 1726 1918 qui
1747 1847 2078 1902 Orientales

432 1945 835 1999 Romanorum
865 1940 1045 1996 urbes
1074 1944 1354 2012 ceperant
1374 1937 1772 2009 potentissimi
1805 1937 1857 1991 ei
1889 1937 2083 2007 impu-

435 2031 792 2088 dentissimi.
817 2032 963 2086 Vere
985 2029 1160 2101 igitur
1181 2028 1308 2100 jam
1341 2031 1613 2096 exeunte,
1636 2027 1960 2097 imperator
1983 2026 2084 2080 Lo-

428 2121 604 2193 padio
623 2119 903 2186 discedit;
928 2124 986 2174 et
1007 2118 1168 2174 omni
1193 2117 1391 2171 asstivo
1412 2121 1675 2186 tempore
1692 2115 2080 2186 autumnique

428 2217 594 2283 parte
619 2209 1120 2283 temperatissima
1142 2208 1204 2261 in
1227 2223 1296 2261 eo
1320 2206 1531 2260 itinere
1555 2205 1946 2276 consumptis,
1971 2204 2079 2260 sub

425 2302 745 2358 hibernum
800 2299 1122 2355 solstitium
1155 2297 1214 2351 in
1257 2297 1406 2352 urbe
1435 2296 1679 2351 Pontica
1708 2294 1925 2360 Quinta
1955 2295 2077 2349 hic-

428 2392 628 2448 mavit.
660 2391 800 2446 Inde
857 2390 1136 2445 hostilem
1187 2403 1391 2460 agrum
1439 2402 1712 2458 agressus
1758 2384 1946 2440 multa
1983 2386 2077 2439 in—

429 2480 742 2536 commoda
771 2478 1052 2552 pertulit;
1103 2492 1243 2532 nam
1274 2481 1334 2530 et
1361 2479 1698 2530 commeatu
1728 2490 1878 2544 pene
1909 2473 2072 2528 omni

428 2569 746 2626 destitutus
777 2574 885 2632 est,
947 2574 1006 2623 et
1053 2567 1330 2638 jumenta
1387 2570 1508 2620 tam
1565 2562 1850 2618 bellicosa
1893 2579 2071 2633 quam

425 2661 675 2716 sarcinis
706 2659 980 2730 gerendis
1019 2661 1155 2729 apta
1199 2655 1468 2711 funditus
1525 2654 1850 2726 perierunt.
1905 2652 2070 2708 Unde

421 2751 624 2806 hostes
656 2749 872 2806 fiducia
919 2752 1222 2818 resumpta
1271 2746 1435 2817 (nam
1481 2744 1640 2800 fama
1669 2743 1818 2799 nihil
1851 2742 2071 2814 imper—

419 2841 766 2912 vestigatum
797 2844 899 2894 aut
918 2837 1211 2893 occultum
1235 2834 1400 2901 sinit)
1423 2833 1626 2889 multis
1648 2831 2066 2904 inexspectatis

418 2927 910 3000 impressionibus
971 2927 1268 2981 latronum
1328 2939 1491 2977 more
1554 2922 1896 2988 irruebant;
1953 2920 2062 2976 ali-

417 3019 652 3088 quando
685 3019 862 3072 etiam
893 3020 1096 3086 aperto
1123 3015 1300 3067 Marte
1326 3014 1626 3067 Romanos
1656 3011 2064 3083 aggredientes

2197 1867 2302 1919 ρων
2338 1853 2515 1923 μερῶν
2543 1851 2940 1926 περικείμενον,
2996 1853 3274 1916 κάντεῦθεν
3325 1854 3459 1928 πρὸς
3489 1853 3855 1930 περικύκλω-

2195 1958 2276 1991 σιν
2336 1937 2666 2008 ὲπιτήδειον.
2725 1942 2826 1996 Ἦν
2887 1941 2992 2018 γὰρ
3049 1943 3078 1996 ὁ
3135 1942 3236 2009 τῆς
3271 1945 3595 2017 Καισαρείας
3625 1947 3709 2018 [Ρ.
3749 1949 3850 2020 23]

2188 2025 2310 2081 τότε
2359 2033 2570 2100 κρατῶν
2629 2030 2988 2104 Μουχοῦμετ,
3049 2032 3170 2106 περὶ
3239 2029 3302 2085 οὗ
3359 2031 3526 2087 εἰπεῖν
3572 2029 3851 2111 ἔφθημεν,

2187 2115 2450 2187 πλείστην
2502 2115 2584 2172 ὅτι
2638 2114 3106 2193 περιϐεϐλημένος
3164 2120 3345 2196 ἰσχὺν,
3410 2122 3573 2197 μέρος
3627 2143 3690 2177 τε
3739 2130 3853 2190 τῆς

2189 2199 2428 2281 Ἰϐηρίας
2487 2206 2900 2282 ὑπαγαγόμενος
2959 2208 3048 2264 καὶ
3101 2204 3216 2264 ἔνια
3271 2217 3370 2278 τῆς
3418 2217 3526 2266 τῶν
3571 2217 3852 2284 ποταμῶν

2189 2293 2354 2367 μέσης
2412 2297 2920 2371 παραστησάμενος,
3002 2299 3064 2354 τὸ
3143 2301 3238 2372 μὲν
3313 2297 3510 2365 ἄνωθεν
3569 2300 3730 2376 γένος
3791 2301 3852 2364 ἐς

2183 2382 2308 2444 τοὺς
2338 2382 2656 2458 Ἀρσακίδαις
2700 2385 3180 2464 συναλειφόμενος,
3239 2388 3302 2442 τὸ
3361 2387 3416 2443 δὲ
3475 2391 3746 2465 προσεχὲς
3783 2389 3854 2446 ἐκ

2182 2474 2562 2546 Τανισμανίων
2603 2477 2995 2552 καταγόμενος*
3047 2479 3181 2548 ἦσαν
3231 2476 3276 2532 δ’
3326 2480 3481 2535 αὗτοι
3527 2479 3848 2553 τολμητίαι

2179 2563 2268 2617 καὶ
2329 2561 2606 2637 ἀνδρισταὶ
2657 2567 2746 2620 καὶ
2856 2573 2964 2622 τῶν
3052 2567 3477 2643 χειρωσαμένιυν
3534 2569 3626 2632 τᾶς
3691 2570 3846 2642 ἑῴας

2179 2650 2366 2714 πόλεις
2452 2652 2736 2725 Ῥωμαίων
2819 2655 2872 2708 οἱ
2951 2655 3190 2728 μάλιστα
3274 2658 3556 2732 κράτιστοί
3617 2677 3678 2713 τε
3737 2661 3846 2715 καὶ

2177 2738 2546 2796 ἆναιδέστατοι
2609 2746 2739 2816 (32).
2799 2745 2997 2817 Ἑαρος
3057 2747 3150 2818 μὲν
3213 2746 3309 2800 οὗν
3368 2745 3664 2822 ὑπολήγειν
3726 2748 3844 2823 ἆρ-

2173 2828 2422 2901 ξαμένου,
2480 2835 2577 2885 τοῦ
2636 2829 2910 2888 Λοπαδίου
2973 2833 3228 2909 βασιλεὺς
3289 2834 3672 2906 ἀπανίσταται,
3723 2840 3842 2908 τὴν

2174 2914 2230 2971 δὲ
2263 2919 2467 2994 θέρειον
2523 2924 2694 2974 πᾶσαν
2752 2921 2895 2995 ὥραν
2953 2923 3043 2976 καὶ
3101 2927 3198 2978 τοῦ
3263 2925 3589 2999 μετοπώρου
3637 2925 3704 2980 τὸ
3735 2927 3848 2982 εὖ-

2171 3007 2330 3080 κραὲς
2389 3007 2442 3061 ἐν
2499 3013 2568 3082 τῇ
2630 3006 2918 3084 ὁδοιπορίᾳ
2972 3009 3102 3085 τῇδε
3167 3013 3637 3088 κατατριψὰμενος
3696 3015 3846 3090 περὶ

413 3107 739 3178 phalanges
769 3120 976 3160 eorum
1015 3101 1240 3158 crebris
1297 3101 1672 3156 detrimentis
1701 3101 2056 3155 afﬁciebant.

2196 3097 2373 3169 ’ροπᾶς
2432 3095 2753 3168 ἐνηυλίσατο
2829 3099 3147 3174 χειμερίους
3228 3101 3386 3157 πόλει
3459 3107 3694 3177 Ποντικῇ
3757 3110 3846 3180 τῇ

2196 3191 2227 3208 '_
2272 3188 2332 3208 _,‘!
2391 3188 2471 3208 rn~
2609 3185 2630 3208 λ
2729 3187 2740 3206 1
2833 3187 2876 3208 δ’
2929 3187 2942 3204 9
3097 3187 3157 3208 εδ
3371 3185 3402 3208 ρ
3444 3189 3506 3208 \\
3591 3189 3606 3208 ν
3761 3191 3787 3208 ‘

408 3196 602 3250 Instar
625 3195 782 3250 enim
807 3193 1005 3248 densae
1027 3190 1204 3246 nubis
1227 3189 1421 3245 subito
1445 3190 2057 3260 irruentes,equorum

2196 3188 2358 3259 ἱιντῇ.
2391 3188 2475 3260 Τῇ
2533 3185 2778 3261 πολεμίᾳ
2831 3187 2876 3242 δ’
2924 3187 2984 3243 ἐκ
3028 3187 3187 3244 τοῦδε
3225 3185 3555 3265 προσϐαλὼν
3588 3189 3641 3246 ἐν
3676 3162 3847 3248 πο).ζ

407 3283 714 3338 velocitate
747 3282 902 3349 freti,
937 3298 967 3336 e
1000 3279 1196 3334 medio
1228 3277 1606 3345 recedebant,
1640 3277 1884 3349 perinde
1915 3295 1981 3333 ac
2012 3279 2060 3332 si

2196 3279 2285 3336 κοῖς
2359 3272 2782 3350 ἒδυσπράγησεν.
2857 3280 3010 3333 Ἔστι
3064 3279 3160 3352 μὶν
3206 3278 3306 3353 γὰρ
3380 3279 3470 3334 καὶ
3529 3278 3726 3346 ἄλλως
3797 3288 3842 3355 ἡ

406 3377 718 3428 ventorum
771 3370 915 3426 ﬂatu
970 3369 1406 3424 attollerentur.
1463 3369 1791 3438 Imperator
1821 3384 1955 3422 vero
1996 3373 2061 3422 ut

2196 3361 2546 3420 ἱάππαδοκῶν
2607 3367 2766 3442 χώρα
2823 3366 3122 3440 κρυμὼδης
3182 3374 3344 3435 πᾶσα,
3405 3369 3605 3426 καὶτὸ
3637 3373 3840 3445 κλίμα

410 3461 640 3518 cladem
671 3460 1006 3527 resarciret,
1049 3457 1270 3530 passim
1328 3457 1391 3511 in
1447 3455 1709 3511 exercitu
1740 3471 2058 3526 generosos

2196 3459 2323 3509 οὗτο
2375 3457 2634 3535 ψυχεινὸν
2695 3457 2786 3512 καὶ
2845 3455 3196 3532 δριμύτατον·
3252 3459 3372 3514 τότε
3433 3456 3489 3515 δὲ
3543 3461 3636 3516 καὶ
3689 3485 3838 3541 χει-

408 3570 596 3625 equos
625 3549 1046 3622 conquirebat;
1081 3549 1271 3619 iisque
1291 3548 1447 3602 inter
1469 3546 1891 3616 Romanos,qui
1923 3563 2058 3602 con-

2196 3546 2344 3606 ιῶνος
2406 3544 2796 3620 ἐπιγενομένου
2875 3546 3076 3618 ἀήθους
3165 3547 3534 3623 πολυτρόποις
3618 3559 3835 3614 κακοῖς

409 3649 500 3697 tos
525 3643 680 3697 ferre
703 3643 939 3703 norant,
975 3655 1041 3693 ac
1064 3636 1298 3692 Latinos
1330 3637 1425 3690 Δῖ
1460 3635 1836 3705 potissimum
1859 3635 1921 3689 in
1948 3637 2056 3690 cir-

2199 3632 2584 3706 ροσεπάλαισε.
2644 3634 2728 3692 Τὰ
2771 3655 2831 3690 τε
2887 3638 2990 3712 γὰρ
3055 3637 3192 3712 πρὸς
3253 3634 3460 3692 δίαιταν
3520 3635 3835 3709 ἐπιτήδεια

407 3732 792 3806 cumagendis
813 3731 1000 3786 hastis
1021 3730 1278 3794 dextros,
1303 3726 1850 3795 distributis,aciem
1879 3727 2054 3783 robu-

2196 3721 2351 3796 χεδὸν
2407 3723 2484 3786 εἰς
2537 3721 2697 3786 τέλος
2771 3723 3040 3794 ἓξέλιπον,
3101 3727 3190 3780 καὶ
3241 3731 3350 3782 τῶν
3412 3725 3565 3796 ζώων
3630 3728 3830 3786 ὁπόσα

404 3830 556 3879 stam
579 3819 850 3876 hostibus
869 3815 1350 3890 opponebatqui,
1375 3831 1510 3869 cum
1533 3813 1838 3869 hastarum
1869 3815 2051 3886 impe-

2196 3811 2455 3891 ιιευοφόρα
2507 3833 2565 3867 τε
2621 3813 2711 3868 καὶ
2768 3811 3199 3888 πολεμιστήρια,
3277 3812 3540 3893 διεφθάρη
3600 3821 3830 3874 παντὲ-

2151 3921 2303 3958 πασι.
2341 3901 2451 3957 Κὰκ
2487 3899 2650 3957 τοῦδε
2703 3903 2766 3957 τὸ
2825 3899 3129 3978 ἀλλόθρουν
3185 3901 3456 3968 πλειόνως
3489 3905 3825 3982 ἀναθαῤῥῆ-

2150 4010 2268 4058 σαν,
2357 3987 2472 4043 ἐπεὶ
2559 3989 2650 4044 καὶ
2729 3989 2998 4066 ἅφθεγκόν
3085 3990 3194 4046 ἐστι
3264 3996 3334 4066 τῇ
3401 3996 3558 4067 φήμῃ
3629 3991 3828 4066 μηδὲν

2146 4077 2554 4152 ἀνεξερεύνητόν
2619 4101 2677 4135 τε
2767 4080 2859 4134 καὶ
2920 4080 3317 4156 ἀνεξέλεγκτον,
3385 4080 3606 4161 ἐφόδοις
3675 4085 3833 4157 ἀχη-

2145 4166 2362 4239 ρύκτοις
2422 4167 2628 4242 ἐχρῆτο
2688 4174 2934 4244 συχναῖς,
2989 4170 3078 4224 καὶ
3165 4168 3491 4247 λῃστρικοῖς
3561 4171 3826 4240 ἐπιτιθέ-

2146 4275 2302 4328 μενον
2367 4254 2698 4329 κλέμμασιν,
2755 4256 2981 4332 ἐνιαχοῦ
3041 4257 3098 4314 δὲ
3165 4260 3256 4314 καὶ
3323 4259 3620 4336 προδήλως
3679 4261 3829 4320 δια-

2143 4344 2500 4416 μιλλώμενον
2565 4346 2700 4400 κατὰ
2770 4347 2959 4420 μάχην
3026 4345 3276 4418 ἐνώπιον,
3361 4349 3444 4405 ἀεὶ
3518 4351 3618 4412 τὰς
3687 4359 3823 4410 τῶν

2137 4430 2427 4504 Ῥωμαίων
2483 4431 2808 4505 ἐλυμαίνετο
2883 4434 3184 4514 φάλαγγας
3259 4439 3395 4492 κατᾶ
3467 4441 3565 4514 γὰρ
3637 4439 3826 4520 νέφος

2148 4523 2372 4596 συνεχὲς
2425 4522 2526 4590 τήν
2586 4521 2832 4578 σύστασιν
2909 4522 3260 4600 ἐφιστάμενον
3315 4527 3376 4582 ἐκ
3427 4533 3523 4584 τοῦ
3585 4529 3822 4606 αὐτίκα,

2146 4613 2214 4683 τῇ
2273 4607 2550 4682 ποδωκείᾳ
2605 4611 2867 4676 πεποιθὸς
2920 4617 3025 4667 τῶν
3079 4610 3286 4682 ἵππων,
3333 4623 3436 4686 τῆς
3483 4617 3836 4693 ὁμαιχμίας

2145 4698 2404 4776 ἀφίστατο
2462 4699 2537 4760 ὡς
2594 4697 2746 4775 εἷ’περ
2803 4699 3012 4774 ἀνέμων
3069 4709 3257 4765 πνοαῖς
3328 4704 3572 4780 ἐξῄρετο.
3633 4710 3844 4764 Βασι-

2148 4787 2273 4849 λεὺς
2307 4785 2384 4857 δὲ,
2415 4789 2476 4842 τὸ
2507 4792 2615 4844 τῶν
2644 4789 2853 4844 εἲππὼν
2914 4787 3217 4863 μεθοδεύειν
3249 4793 3532 4869 ἀτύχημα,
3565 4800 3840 4872 περιιὼν

2145 4876 2207 4931 τό
2269 4877 2574 4952 στράτευμα
2631 4879 2696 4934 τὰ
2755 4879 2940 4952 εὐγενῆ
2998 4885 3105 4936 τῶν
3163 4881 3468 4957 ὀχημάτων
3501 4891 3611 4960 (33)
3642 4890 3847 4945 (navi-

2147 4964 2290 5041 λεγε,
2375 4965 2464 5020 καὶ
2547 4971 2713 5022 ταῦτα
2795 4965 3070 5030 διαδιδοὺς
3151 4971 3241 5026 καὶ
3301 4973 3601 5047 Ῥωμαίοις
3677 4981 3850 5053 μὲν,

3225 5058 3249 5078 δ

2147 5055 2722 5135 ὀποσοικοντοφορεῐν
2771 5053 2989 5132 ᾔδεσαν,
3046 5066 3164 5122 τοῖς
3221 5058 3270 5116 δ’

403 3916 528 3968 tum
561 3910 714 3966 ferre
746 3926 866 3964 non
901 3911 1165 3979 possent,
1200 3905 1261 3958 in
1292 3904 1487 3976 fugam
1520 3903 1916 3959 vertebantur.
1950 3904 2048 3960 His

399 4001 580 4073 igitur
608 3999 858 4065 artibus,
889 4001 950 4052 et
984 3995 1126 4066 quia
1153 3993 1394 4065 plurimi
1424 3992 1654 4063 pedites
1685 3992 1897 4046 vexilla
1926 4010 2049 4048 sus-

401 4089 670 4144 tinebant
699 4087 773 4143 ad
805 4085 1092 4155 majorem
1141 4082 1436 4152 equitatus
1483 4082 1742 4151 speciem
1775 4081 2043 4152 praeben-

397 4178 531 4234 dam
544 4176 816 4250 ,repulsis
830 4172 1080 4230 Persicis
1095 4170 1770 4237 turmis,Neocmsaream
1787 4170 2044 4240 perrexit

386 4268 560 4338 juxta
590 4281 767 4337 quam
799 4264 978 4322 etiam
997 4263 1154 4316 inter
1181 4262 1391 4315 Persas
1423 4264 1480 4314 et
1509 4261 1804 4316 Romanos
1834 4258 2042 4314 crebro

393 4361 481 4410 est
510 4354 878 4418 dimicatum,
900 4355 959 4406 et
979 4349 1354 4421 imperatoris
1377 4347 1586 4418 junior
1605 4347 1763 4402 ﬁlius
1785 4347 2040 4416 Manuel,

391 4443 626 4497 hastam
655 4446 893 4511 gestans
924 4444 984 4494 et
1030 4443 1197 4510 patre
1247 4437 1435 4492 inscio
1466 4436 1640 4506 longe
1671 4451 2036 4507 progressus,

392 4508 849 4601 impressionem
884 4528 946 4581 in
977 4508 1173 4582 hostes
1202 4526 1381 4590 fecit;
1432 4525 1610 4594 idque
1644 4525 2038 4580 adolescentis
2069 4508 2114 4572 D

388 4619 620 4674 facinus
639 4617 764 4673 fere
787 4622 975 4672 totum
993 4615 1316 4670 exercitum
1335 4613 1410 4668 ad
1431 4613 1836 4669 dimicandum
1861 4631 2039 4685 supra

385 4709 540 4764 vires
599 4706 859 4778 impulit,
893 4704 1025 4760 aliis
1065 4703 1439 4758 simulatione
1493 4702 1774 4768 incitatis,
1808 4703 2038 4758 caeteris

387 4816 525 4855 vero
557 4795 836 4854 omnibus
865 4793 1224 4851 adolescenti
1278 4791 1698 4846 metuentibus.
1733 4797 1791 4847 et
1819 4791 1890 4846 ab
1924 4793 2032 4846 im-

384 4894 659 4962 peratore
691 4904 754 4942 se
785 4883 1104 4941 maximam
1126 4881 1370 4954 gratiam
1397 4880 1650 4936 inituros
1681 4881 1900 4950 ratis,si
1932 4898 2038 4937 sua

387 4996 567 5052 opera
595 4977 669 5034 ab
701 4975 865 5032 omni
916 4973 1177 5030 hostium
1225 4970 1451 5026 insultu
1483 4968 1922 5026 defenderetur.
1955 4973 2038 5024 Ac

387 5075 512 5126 tum
545 5073 715 5141 pater
754 5066 946 5122 ﬁlium
995 5062 1193 5136 palam
1235 5059 1513 5116 laudibus
1544 5062 1892 5131 prosecutus
1925 5064 2033 5114 est.

2196 5077 2343 5111 τοσοι
2372 5063 2722 5135 κοντοφορεῐν
2771 5059 2989 5132 ᾔδεσαν,
3046 5066 3164 5122 τοῖς
3221 5059 3270 5116 δ’
3321 5061 3518 5120 ἐκτῶν
3551 5068 3856 5130 Λατίνων

1803 5239 1942 5294 Hier
1977 5236 2172 5294 Wolfii
2206 5243 2381 5294 notae.

2220 5388 2328 5458 (33)
2363 5385 2717 5465 ’Oxn_;1.a't(ov_.
2747 5386 3037 5465 ’ᾼλλὸγων
3073 5393 3130 5447 Β.
3175 5394 3320 5450 Hinc
3352 5399 3666 5465 coniicias.
3719 5403 3814 5465 le
3837 5444 3890 5458 ι

2147 5459 2546 5546 ctor.‘nonde
2579 5460 2866 5518 vehiculis
2923 5459 3024 5519 aut
3079 5465 3350 5522 curribus
3407 5459 3544 5526 eum
3606 5459 3820 5546 loqu}

2148 5530 2250 5585 sed
2279 5529 2352 5586 de
2383 5531 2570 5602 equis.
3690 5529 3706 5546 '
3727 5529 3820 5539 ’ﬁ
3847 5530 3884 5556 ’

456 5399 571 5468 (32)
621 5393 1069 5468 Ἀᾲναιδὲοτατοιη
1105 5395 1226 5468 Nisi
1282 5393 1683 5468 prmcessisset
1741 5385 2037 5463 ἀνδρισταῖ,

382 5460 490 5554 pro
515 5460 917 5554 ⁵έῖιναιδὲστατοι
958 5467 1163 5554 malim
1205 5460 1409 5554 legere
1466 5460 1856 5554 ἀνδρειότατοι·
1892 5475 2035 5546 nam

382 5531 758 5610 ᾇναιδέστατοι
786 5555 906 5594 non
957 5539 1170 5610 placet.
1205 5531 1482 5610 vetustus
1531 5531 1714 5592 codex
1743 5551 1849 5607 pro
1881 5531 2033 5586 ἀναι-

387 5606 638 5666 δίστατοι
673 5624 874 5664 vocem
903 5606 1082 5664 habet
1111 5625 1244 5678 quae
1274 5607 1388 5679 legi
1420 5624 1542 5664 non
1572 5606 1786 5678 potest.
