4014 6204
458 323 580 401 363

1780 308 2105 397 NICETJE
2132 333 2549 399 CHONIATAE

3701 350 3798 413 3M

459 482 759 547 resumpto
783 473 858 531 ad
887 472 1345 563 Rhyndacenum
1376 470 1651 543 Oppidum
1701 469 2102 544 proﬁciscitur.

2225 470 2395 563 iévu-
2456 469 2511 563 αἳ
2564 464 2621 526 δέ
2670 472 2768 527 τοῦ
2838 470 2978 563 ἦρος
3044 470 3368 563 περιτροπαὶ
3421 477 3528 547 (34)
3574 478 3632 535 τὸ
3681 480 3807 563 ξίφος

460 568 670 624 Exacta
695 581 825 621 vero
853 568 1064 629 estate,
1097 579 1230 619 cum
1266 561 1509 617 hiberna
1555 564 1875 635 tempestas
1917 565 2114 619 vento-

460 673 590 711 rum
621 652 888 727 procellis
906 655 964 707 et
990 651 1199 721 frigore
1214 650 1460 708 saeviens
1481 650 1593 708 sub
1638 652 1731 708 dio
1779 667 1944 723 agere
1976 666 2108 724 pro-

458 744 705 813 hiberet,
747 741 1085 812 Byzantium
1149 741 1472 809 revertitur,
1530 740 1716 795 victus
1776 740 1909 813 gelu
1968 740 2112 795 nivi-

452 834 564 891 bus
588 837 871 904 tanquam
894 832 1185 904 lapidibus
1207 830 1641 904 etglacievetuti
1661 831 1841 886 hastis
1862 839 2106 886 armato.

449 916 597 979 Vere
624 927 816 980 autem
852 921 1225 987 adventante,
1260 919 1531 976 salutatis
1552 919 1782 975 filiabus
1804 920 2103 975 Heliadum

452 1012 639 1069 instar
695 1011 797 1070 δυ
844 1010 1141 1079 flentibus,
1204 1008 1511 1083 Phrygiam
1578 1014 1980 1080 pratervectus
2036 1006 2109 1063 ad

453 1101 840 1159 clarissimam
898 1101 1073 1157 Attali
1134 1100 1339 1155 urbem
1398 1099 1742 1155 commorari
1780 1098 2010 1163 statuit,
2043 1102 2110 1152 ut

454 1192 704 1248 finitima
726 1190 941 1263 oppida
959 1195 1016 1246 et
1040 1190 1367 1260 provincias
1402 1188 1619 1245 rectius
1667 1188 2055 1244 constitueret
2089 1204 2103 1254 ;

460 1297 704 1353 quarum
719 1278 1145 1349 nonnullaejam
1161 1294 1194 1334 a
1208 1277 1412 1334 Turcis
1425 1277 1675 1333 subactae
1689 1280 1892 1332 erant:
1920 1275 1975 1331 in
1993 1290 2107 1346 quo

458 1385 701 1426 numero
733 1369 911 1425 etiam
941 1370 1198 1438 Pusgusa
1228 1366 1398 1437 palus
1431 1365 1540 1421 fuit
1573 1381 1735 1436 ;qum
1767 1380 1899 1421 cum
1925 1366 2107 1420 instar

457 1459 638 1515 maris
672 1457 961 1514 latissime
983 1460 1192 1527 pateat,
1226 1454 1428 1512 multis
1452 1455 1509 1509 in
1539 1453 1681 1511 locis
1705 1470 1910 1526 parvas
1934 1453 2106 1508 habet

458 1547 706 1612 insulas,
739 1545 925 1602 firmis
957 1546 1215 1602 munitas
1246 1543 1558 1613 mmnibus,
1584 1560 1728 1614 quas
1758 1560 1822 1600 co
1850 1548 2106 1615 tempore

458 1635 768 1692 Christiani
824 1634 1060 1707 plurimi
1116 1634 1436 1702 tenebant;
1497 1633 1598 1704 qui
1648 1648 1780 1689 cum
1810 1632 2020 1688 lembis
2050 1635 2107 1687 et

462 1725 744 1783 naviculis
802 1725 1127 1781 Iconienses
1178 1724 1392 1780 Turcas
1441 1723 1687 1787 adirent,
1745 1738 1859 1778 non
1931 1722 2105 1777 modo

464 1816 774 1873 amicitiam
808 1832 936 1870 cum
966 1815 1052 1870 eis
1084 1815 1405 1881 firmarent,
1446 1814 1546 1868 sed
1602 1818 1660 1868 et
1696 1811 1981 1868 institutis
2009 1827 2104 1867 eo-
2134 1838 2181 1903 Β

461 1921 594 1960 rum
625 1903 919 1975 plerisque
949 1904 1279 1971 utebantur,
1300 1910 1353 1957 ct
1373 1918 1508 1959 cum
1547 1902 1631 1957 eis
1658 1905 1937 1974 tanquam
1971 1901 2104 1955 tini-

458 1995 622 2053 timis
663 1995 958 2066 conjuncti
993 1996 1287 2051 Romanos
1316 1998 1379 2050 ut
1428 1994 1625 2051 hostes
1671 1995 2101 2051 aversabantur.

458 2086 540 2140 Ita
564 2084 924 2142 consuetudo
953 2087 1211 2155 tempore
1235 2082 1576 2139 confirmata
1601 2082 1733 2155 plus
1785 2088 1841 2139 et
1883 2082 2107 2138 ratione

461 2180 515 2229 et
544 2173 825 2246 religione
855 2172 1022 2228 valet.
1073 2173 1253 2244 Igitur
1307 2172 1403 2228 alii
1456 2172 1791 2243 imperatori
1842 2176 1907 2228 ut
1954 2170 2104 2227 hosti

466 2262 914 2328 maledicebant,
944 2267 1002 2319 et
1030 2263 1160 2332 ejus
1188 2262 1380 2318 edicta
1410 2262 1827 2318 contumaciter
1855 2276 2103 2333 respue-

467 2352 629 2418 bant,
662 2352 895 2424 paludis
942 2350 1162 2408 ambitu
1219 2351 1386 2413 freti;
1438 2356 1496 2406 et
1543 2367 1671 2422 quas
1725 2366 1870 2406 sana
1916 2352 2108 2406 mente

467 2456 770 2513 nunquam
829 2440 1191 2511 cogitassent,
1250 2455 1319 2495 ea
1374 2454 1476 2510 per
1524 2438 1854 2496 vecordiam
1895 2438 2107 2495 animis

469 2530 784 2601 agitabant.
817 2532 957 2586 Cum
984 2545 1116 2585 vero
1134 2527 1341 2600 palude
1361 2545 1460 2585 eos
1481 2529 1681 2585 cedere
1719 2532 1784 2583 ut
1813 2527 2107 2583 Romano-

466 2635 600 2676 rum
621 2617 795 2675 veteri
816 2619 1204 2691 possessione,
1239 2624 1295 2674 et
1317 2618 1490 2689 plane
1511 2620 1580 2674 ad
1606 2618 1812 2673 Persas
1833 2616 2105 2685 transire,

468 2709 519 2766 si
547 2708 781 2776 vellent,
809 2709 1039 2780 juberel
1069 2708 1311 2780 (alioqui
1342 2715 1402 2765 et
1430 2709 1695 2780 ipsorum
1734 2716 1786 2765 et
1818 2706 2045 2781 paludis
2075 2724 2108 2764 a

462 2797 744 2855 Romanis
765 2796 1171 2853 alienationem
1190 2798 1286 2854 Μ
1334 2798 1577 2853 minime
1619 2798 1715 2851 diu
1743 2794 2105 2870 passurum),

468 2902 574 2943 nec
596 2886 791 2942 verbis
810 2886 1129 2958 quidquam
1163 2885 1485 2958 proliceret,
1505 2898 1573 2941 an
1604 2888 1737 2942 belli
1762 2890 2108 2959 apparatum

468 2990 782 3032 conversus
800 2976 1044 3031 navibus
1072 2974 1368 3031 fabricatis
1396 2979 1571 3047 atque
1597 2977 1750 3030 inter
1805 2990 1934 3030 sese
1974 2975 2110 3044 jun-

465 3065 577 3120 ctis
606 3062 906 3121 machinas
937 3062 1203 3134 imponit,
1237 3068 1296 3118 et
1326 3062 1555 3135 paludis
1612 3062 1967 3119 munitiones
2008 3078 2108 3134 ag-

2222 556 2373 636 εἶχον
2431 559 2585 626 αὖθις
2642 560 3079 637 περιζωσάμενον
3152 562 3242 618 καὶ
3297 566 3428 640 πρὸς
3470 568 3526 622 τὸ
3577 569 3685 643 περὶ
3734 556 3805 627 τὸν

2221 646 2508 707 Ῥυνδακὸν
2574 651 2821 725 ποταμὸν
2899 650 3194 730 ἀφιγμένον
3257 653 3512 728 πόλισμα.
3573 656 3711 714 Ἐπεὶ
3766 658 3814 716 δέ

2221 741 2256 808 ἡ
2342 740 2437 811 μὲν
2520 739 2727 811 ϐέρειος
2802 739 2918 817 ὥρα
2975 738 3367 817 παρεληλόθει,
3417 745 3443 798 δ
3516 742 3570 799 δὶ
3630 746 3810 825 χειμὼν

2227 826 2330 899 ἤδη
2376 832 2666 904 παρεισιὼν
2716 836 2833 892 τοῖς
2888 830 3255 906 α’θριάζουσιν
3307 829 3680 905 ἐδυσκέλαινεν,
3714 835 3814 892 ἀνέ-

2223 940 2338 992 μων
2403 914 2638 994 βόμϐοις
2696 915 3033 995 παραφοϐῶν
3087 922 3178 976 καὶ
3234 917 3541 997 ἀμϐλύτερα
3589 927 3709 999 πρὸς
3734 925 3815 981 ἆν-

2216 1006 2528 1063 τιπάλαισιν
2588 1009 2804 1086 ψύχους
2856 1009 3025 1075 τιθεὶς
3073 1011 3140 1067 τὰ
3199 1012 3442 1085 σώματα,
3488 1011 3729 1069 ἐπάνεισιν
3757 1014 3819 1078 είς

2214 1096 2278 1151 τὸ
2309 1098 2623 1169 Βυζάντιον,
2654 1102 2733 1172 τῷ
2781 1101 3031 1176 ψυχεινῷ
3061 1101 3148 1174 [Ρ.
3180 1103 3272 1176 25]
3320 1106 3415 1157 τοῦ
3460 1106 3640 1178 καιροῦ
3680 1103 3821 1159 ὑπεν-

2216 1181 2345 1247 δοῦς
2376 1186 2501 1240 ὡσεὶ
2552 1186 2639 1241 καὶ
2674 1186 2955 1266 χερμάδια
2999 1191 3093 1252 τὰς
3134 1188 3364 1270 νιφάδες
3405 1192 3489 1246 καὶ
3520 1189 3721 1267 δοράτια
3743 1191 3819 1256 τὰς

2213 1270 2525 1348 πηγυλίδας
2579 1270 3043 1352 προϐαλλομένῳ.
3102 1276 3449 1352 Ὑπομειδιᾷν
3480 1277 3525 1334 δ’
3553 1277 3821 1356 ἀρχομένου

2212 1367 2309 1417 τοῦ
2367 1359 2524 1438 ἔαρος
2578 1368 2685 1419 τῶν
2744 1366 3051 1443 ἀνακτόρων
3106 1366 3478 1424 ἀπανίσταται.
3512 1371 3595 1442 Τῷ
3646 1391 3718 1424 τοι
3742 1369 3813 1423 καί

2210 1450 2304 1513 τὰς
2334 1451 2385 1523 ἐξ
2425 1452 2627 1524 ὀσφύος
2696 1451 2860 1509 αῦτοῦ
2911 1455 3244 1529 προσειπὼν,
3306 1455 3407 1512 ὅσα
3460 1458 3549 1512 καὶ
3603 1456 3825 1523 Ἦλιάόας

2212 1536 2295 1593 ἐπ’
2326 1540 2474 1614 αὐτῷ
2505 1541 2748 1615 ἀφιείσας
2799 1541 3147 1618 ἠλεκτρῶδες
3193 1542 3449 1621 δάκρυον,
3478 1547 3575 1616 τὴν
3615 1548 3819 1622 Φρυγίαν

2213 1628 2524 1704 παρελθὼν,
2554 1633 2680 1701 τὴν⁴
2705 1629 2753 1687 δ’
2802 1632 3075 1689 Ἀττάλου
3128 1632 3530 1710 λαμπροτάτην
3562 1635 3711 1691 πόλιν
3745 1655 3829 1690 κα-

2209 1715 2489 1791 ταλαϐὼν,
2552 1717 2932 1797 χρονοτριϐεῖν
2991 1722 3164 1780 ἐκεῖσε
3228 1726 3517 1798 προέθετο,
3570 1726 3706 1787 ὅπως
3747 1727 3825 1787 τὰς

2211 1810 2361 1884 πέριξ
2392 1810 2595 1881 ταύτης
2626 1810 2818 1875 πόλεις
2844 1811 2935 1867 καῖ
2961 1813 3152 1888 χώρας
3202 1811 3423 1887 μᾶλλόν
3453 1834 3508 1869 τι
3547 1815 3675 1886 πρὸς
3701 1814 3757 1869 τὸ
3781 1813 3829 1868 εὖ

2215 1900 2528 1974 μετάθοιτο.
2558 1897 2701 1971 Ἤδη
2750 1900 2854 1976 γὰρ
2897 1904 2989 1955 καὶ
3036 1902 3246 1958 τούτων
3274 1901 3418 1959 ἓνιαι
3449 1909 3565 1965 τοῖς
3597 1904 3830 1978 Τούρκοις

2211 1987 2503 2061 ὑπέκυψαν,
2549 1987 2603 2043 ἐν
2650 1990 2735 2051 αἶς
2798 1991 2868 2060 ἧν
2925 1990 3016 2046 καὶ
3076 1993 3110 2061 ἡ
3167 1995 3269 2048 τοῦ
3304 1994 3628 2070 Πουσγούση
3655 1992 3830 2048 καλου-

2213 2077 2343 2150 μένη
2379 2075 2570 2150 λίμνη.
2606 2077 2755 2150 Αὕτη
2789 2078 2895 2154 γὰρ
2946 2079 3022 2143 εἰς
3073 2081 3255 2160 ἀχανῆ
3299 2083 3393 2138 καὶ
3441 2086 3637 2158 μικροῦ
3666 2081 3837 2138 Θαλασ·

2210 2167 2329 2220 σίαν
2362 2166 2520 2241 χύσιν
2574 2167 2920 2241 ἐκτεινομένη
2981 2168 3033 2225 ἐν
3079 2169 3323 2234 πολλοῖς
3389 2171 3612 2243 νησίὸας
3648 2171 3835 2246 ἀνίσχει

2209 2250 2683 2329 περιϐεϐλημένας
2749 2257 2987 2333 τείχεσιν
3042 2257 3323 2335 ίσχυροῖς.
3376 2263 3577 2341 ’ῼκουν
3626 2262 3713 2334 μὲν
3757 2258 3837 2313 οῦν

2207 2345 2407 2408 ταύτας
2433 2343 2692 2416 τηνικάδε
2734 2352 2932 2423 καιροῦ
2980 2352 3331 2421 Χριστιανῶν
3366 2349 3552 2426 ἐσμοὶ,
3586 2351 3635 2406 οἳ
3663 2348 3741 2404 καὶ
3768 2345 3842 2402 διὰ

2212 2428 2434 2507 λέμϐων
2465 2433 2557 2488 καὶ
2586 2433 2825 2491 ἀκατίων
2874 2442 2992 2500 τοῖς
3039 2437 3333 2494 Ἰκονιεῦσι
3383 2440 3656 2515 Τούρκοις
3696 2438 3857 2509 ἐπιμι-

2212 2523 2473 2599 γνύμενοι
2508 2524 2574 2579 οὗ
2607 2525 2771 2599 μόνον
2821 2527 2921 2595 τὴν
2966 2528 3104 2603 πρὸς
3152 2526 3458 2600 ἀλλήλους
3489 2529 3672 2605 φίλιαν
3701 2524 3854 2583 ἐντεῦ-

2213 2614 2297 2667 θεν
2327 2612 2638 2688 ἐκράτυναν,
2698 2613 2844 2672 ἀλλὰ
2902 2615 2994 2671 καὶ
3050 2622 3169 2679 τοῖς
3226 2616 3668 2693 ἐπιτηδεύμασιν
3708 2616 3857 2672 αὐτῶν

2210 2700 2263 2756 ἐν
2293 2701 2515 2757 πλείοσι
2549 2706 3016 2781 προσεσχήκασιν.
3068 2705 3302 2779 ’Λμέλει
3349 2708 3446 2763 καὶ
3480 2709 3557 2771 ὡς
3591 2709 3855 2781 ὁμοροῦσιν

2213 2789 2396 2853 αὐτοῖς
2425 2793 2841 2865 προστιθέμενοι
2872 2793 3185 2868 Ῥωμαίους
3232 2799 3314 2858 ὡς
3366 2797 3608 2877 ἐχθροὺς
3656 2789 3859 2850 ῦπεϐλὲ·

2212 2896 2401 2934 ποντο’
2471 2880 2614 2936 οὕτω
2684 2881 2873 2958 χρόνῳ
2949 2886 3245 2960 κρατυνθὲν
3332 2882 3463 2949 ἔθος
3532 2883 3722 2962 γένους
3784 2879 3862 2936 καὶ

2212 2973 2505 3047 θρησκείας
2580 2971 2722 3029 ἐστὶν
2796 2973 3175 3051 ἰσχυρότερον.
3257 2979 3430 3042 ’Ὅθεν
3509 2979 3597 3032 καὶ
3675 2976 3724 3031 οἱ
3780 2974 3861 3046 μὶν

2212 3060 2286 3122 ὡς
2362 3060 2659 3118 ἀντίπαλον
2717 3064 2812 3120 τὸν
2873 3064 3101 3140 βασιλέα
3159 3073 3355 3130 κακῶς
3437 3066 3690 3146 ἔφασκον,
3748 3060 3864 3138 μηδ’

462 3154 753 3224 greditur;
786 3170 932 3224 quas
958 3154 1064 3209 etsi
1095 3154 1463 3225 expugnavit,
1497 3161 1683 3208 tamen
1740 3151 1985 3208 Romani
2033 3166 2101 3206 eo

2217 3149 2484 3224 ὑποκύψαι
2533 3149 2681 3215 ὅλως
2726 3158 2843 3216 τοῖς
2889 3154 3055 3210 αὐτοῦ
3102 3156 3340 3229 θεσμοῖς
3392 3155 3864 3228 ἀπηυθαδιάζοντο,

462 3241 613 3299 bello
641 3242 923 3299 malorum
958 3246 1218 3313 eXpertes
1249 3257 1367 3299 non
1398 3242 1656 3309 fuerunt,
1689 3241 1786 3296 sed
1828 3257 2096 3297 nonnun-

464 3348 638 3406 quam
669 3350 737 3389 ea
764 3350 797 3389 a
825 3331 1014 3389 ventis
1073 3332 1306 3387 turbata
1361 3336 1418 3386 et
1466 3330 1737 3386 ﬂuctibus
1769 3332 2103 3395 tumefacta,

466 3422 664 3479 multae
696 3421 976 3479 oneraria:
1003 3420 1250 3491 abreptae
1281 3425 1339 3476 et
1366 3436 1579 3475 eversas
1605 3426 1858 3477 vectores
1901 3422 1960 3475 et
1986 3435 2105 3474 sar-

466 3512 632 3568 cinas
661 3512 1085 3568 demerserunt.

2209 3242 2289 3309 τῷ
2320 3239 2471 3313 ὑγρῷ
2524 3245 2797 3316 φυσῶντες
2852 3246 3092 3319 ζωστῆρι
3141 3251 3249 3313 τῆς
3316 3246 3556 3320 λίμνης,
3588 3244 3675 3300 καὶ
3714 3245 3744 3298 ἅ
3785 3240 3870 3296 οῦκ

2333 3326 2588 3399 ᾠήθησαν
2646 3334 2992 3407 φρονοῦντες,
3055 3335 3209 3397 ταῦθ’
3273 3335 3356 3397 ὡς
3416 3336 3870 3416 παραφρονοῦντες

2218 3414 2699 3491 διαπραττόμενοι.
2777 3420 2841 3477 Ὀ
2921 3416 2979 3476 δέ
3070 3422 3451 3494 μεθίστασθαι
3514 3414 3745 3501 παρῂνει
3793 3425 3883 3488 τῆς

2218 3505 2422 3580 λίμνης
2461 3505 2537 3569 ὡς
2596 3505 2836 3562 παλαιοῦ
2892 3509 3188 3583 Ῥωμαίων
3255 3517 3587 3587 κτήματος,
3618 3514 3706 3569 καὶ
3734 3511 3876 3566 καθα-

469 3602 577 3674 ρῶς
607 3603 957 3675 προσχωρεῖν
995 3603 1112 3660 τοῖς
1172 3596 1421 3674 Ηέρσαις,
1480 3597 1525 3651 εἱ
1586 3600 1742 3653 τοῦτο
1800 3594 2116 3672 βούλοιντο·
2180 3594 2227 3649 εἷ
2258 3593 2316 3649 δὲ
2351 3596 2425 3669 μὴ
2459 3595 2603 3651 οὓτω
2635 3593 2828 3671 δρῷεν,
2872 3596 2971 3653 οὐκ
3010 3601 3069 3652 ἂν
3110 3598 3471 3677 ἀνασχέσθαι
3505 3603 3658 3668 ὅλως
3685 3598 3882 3676 διισχυ-

465 3688 641 3763 ρίζετο
695 3686 894 3751 αὐτούς
950 3710 1007 3743 τε
1063 3688 1155 3743 καὶ
1212 3689 1312 3758 τὴν
1370 3685 1572 3759 λίμνην
1626 3685 1986 3756 ἀπεξενῶσθαι
2052 3683 2340 3758 Ῥωμαίων
2405 3685 2492 3739 ἐπὶ
2555 3685 2784 3760 μακρόν,
2846 3689 2933 3757 Μή
2982 3693 3453 3764 προχωρούντων
3487 3691 3547 3748 δὲ
3576 3697 3685 3747 τῶν
3717 3689 3880 3768 ῥημά·

460 3800 588 3849 των,
649 3772 817 3854 ἔργων
882 3778 1169 3852 πολεμίων
1224 3777 1450 3847 ἥπτετο·
1511 3776 1629 3841 ὅθεν
1690 3772 1917 3837 ἁλιάδας
1968 3773 2057 3829 καὶ
2113 3773 2309 3829 ἀκάτια
2362 3771 2651 3850 σχεδιάσας
2708 3774 2798 3830 καὶ
2861 3779 3068 3851 ζεῦγμα
3123 3775 3215 3834 διὰ
3268 3781 3504 3838 τούτων
3534 3781 3884 3860 ἐργασάμενος

454 3867 548 3929 τὰς
580 3865 863 3930 ἑλεπόλεις
895 3866 1185 3938 ἐπέστησεν
1216 3863 1436 3933 ἄνωθεν,
1468 3864 1559 3920 καὶ
1588 3869 1933 3938 προσεπῆγεν
1992 3858 2136 3918 οὕτω
2186 3866 2302 3923 τοῖς
2355 3860 2440 3915 ἐπὶ
2469 3869 2570 3931 τῆς
2602 3860 2805 3936 λίμνης
2838 3860 3124 3939 ἐρύμασιν.
3158 3867 3329 3924 Αὐτὰ
3368 3871 3476 3945 μὶν
3510 3858 3886 3940 οὗνὝέξελέσθαι

454 3968 671 4036 ἴσχυσε,
699 3956 847 4027 πλὴν
882 3956 1012 4036 οὐχὶ
1042 3956 1131 4012 καὶ
1162 3956 1429 4027 Ῥωμαῖοι
1456 3959 1637 4011 κακῶν
1666 3952 1950 4028 ἀπείρατοι
1990 3949 2365 4021 ὃιεξέπλευσαν
2409 3952 2502 4005 τὸν
2548 3952 2673 4007 τότε
2702 3950 2976 4026 πόλεμον,
3007 3951 3135 4008 ἀλλ’
3167 3954 3361 4013 ἐνίοτε
3391 3960 3503 4030 τὴν
3538 3958 3740 4035 λίμνην
3767 3954 3884 4012 ἀνέ-

462 4067 567 4118 μου
599 4043 1023 4118 διακυκήσαντος
1052 4044 1141 4102 καὶ
1174 4044 1249 4106 εἰς
1280 4038 1545 4122 φλοῖσϐον
1591 4042 1761 4113 αὐτὴν
1817 4039 2206 4111 ἆνοιδήσαντος

457 4133 892 4210 ἐπανατραπέντα
924 4132 1188 4210 διαφῆκαν
1216 4136 1296 4204 τῷ
1327 4133 1474 4204 suae
1503 4131 1594 4187 καὶ
1622 4136 1737 4194 τοῖς
1766 4132 2023 4205 κύμασιν.

529 4264 647 4319 Sub
674 4263 735 4318 id
764 4266 995 4332 tempus
1037 4258 1456 4330 primogenitae
1516 4259 1882 4331 imperatoris
1941 4258 2097 4313 filius
2129 4262 2175 4327 D

456 4354 715 4418 Alexius,
748 4350 840 4406 cui
863 4356 919 4405 et
941 4350 1183 4404 rubrum
1231 4346 1484 4403 cz‘zlccum
1546 4353 1602 4403 et
1649 4365 1965 4420 purpuram
2000 4348 2104 4403 im-

453 4438 802 4509 peratoriam
835 4441 1212 4503 concesserat,
1267 4437 1380 4491 vita
1435 4438 1674 4492 functus
1705 4442 1793 4491 est
1830 4452 1897 4490 ex
1931 4439 2101 4491 acuta

451 4527 616 4595 febri,
650 4543 777 4598 quae
826 4532 1000 4599 caput
1057 4529 1332 4598 tanquam
1390 4542 1580 4583 arcem
1628 4524 1960 4581 infestabat.
1993 4523 2097 4579 Cui

2261 4044 2370 4095 τῶν
2425 4037 2675 4096 ὁλκάδων
2724 4040 2935 4097 πολλαὶ
2966 4058 3420 4119 παρηνεχθησαν
3451 4050 3549 4106 ναὶ
3581 4051 3675 4104 τὸν
3706 4047 3889 4126 φόρτον

2277 4255 2364 4311 Ἑν
2391 4252 2448 4310 δὲ
2477 4260 2595 4319 τοῖς
2644 4262 2858 4333 καιροῖς
2915 4256 3097 4315 τοῖσδε
3148 4262 3246 4316 τὸν
3315 4263 3455 4338 βίον
3494 4262 3880 4341 μετήλλαξενὸ

2211 4341 2564 4435 πρωτότοκος
2614 4344 2732 4408 υἱὸς
2778 4350 2876 4401 τοῦ
2931 4347 3199 4424 βασιλέως
3256 4351 3562 4428 Ἀλέξιος,
3595 4356 3643 4429 ᾧ
3675 4354 3759 4410 καὶ
3793 4350 3892 4427 μετ’

2208 4432 2405 4489 ἐδωκεν
2458 4432 2622 4497 οὗτος
2670 4434 2897 4511 ἐρυθροῦ
2946 4436 3176 4495 πεδίλου
3227 4444 3336 4497 καὶ
3392 4444 3715 4523 φοινικίδος
3757 4446 3895 4519 βασι-

2208 4522 2390 4593 λικῆς.
2424 4527 2540 4581 Τῶν
2573 4523 2619 4579 δ’
2650 4525 2813 4596 ὀξέων
2861 4527 2927 4596 ἦν
2977 4527 3067 4583 καὶ
3117 4529 3193 4603 μὴ
3250 4522 3529 4607 χρονίων
3579 4536 3646 4591 τὸ
3676 4533 3896 4606 νόσημα,

451 4621 614 4673 θείοιο
639 4615 938 4688 proximus
969 4615 1358 4682 Andronicus,
1390 4631 1507 4671 non
1541 4614 1764 4671 diutius
1801 4618 2096 4686 superstes

2217 4611 2265 4665 τὸ
2312 4609 2371 4700 δέ
2399 4611 2543 4674 εἶδος
2594 4616 2822 4691 πυρετὸς
2873 4614 3169 4692 ἐπαιγίζων
3222 4620 3330 4676 καὶ
3380 4623 3469 4688 ὡς
3503 4622 3807 4700 ἀκροπόλει
3832 4623 3893 4693 τῇ

448 4721 625 4778 quam
658 4709 724 4763 ut
745 4706 940 4763 fratris
997 4705 1217 4763 obitum
1276 4704 1622 4778 deploraret,
1650 4708 1706 4760 et
1746 4704 1871 4776 ipse
1919 4704 2095 4760 rebus

443 4796 712 4854 humanis
743 4800 832 4853 est
860 4798 1185 4868 exemptus.

507 5056 600 5115 41.
640 5056 987 5130 Imperator,
1048 5064 1386 5125 quanquam
1432 5050 1615 5106 tantis
1661 5047 2086 5110 calamitatibus

2203 4699 2415 4780 κεφαλῇ
2455 4702 2784 4779 ἐπιθέμενος.
2854 4704 3033 4765 ’Δλλά
3096 4709 3186 4763 καὶ
3264 4713 3403 4784 μετ’
3479 4699 3653 4770 αὐτὸν
3688 4710 3893 4788 Ἀνδρόο

2202 4810 2371 4864 νικος,
2423 4793 2605 4869 βραχύ
2650 4815 2705 4850 τι
2743 4790 2992 4859 ἐπιϐιοὺς
3038 4797 3129 4852 καὶ
3187 4798 3333 4856 ὅσον
3410 4801 3766 4861 ἐπικωκῦσαι
3826 4804 3895 4872 τῷ

2198 4882 2516 4972 κασιγνήτῳ
2567 4881 2619 4955 ἐξ
2669 4883 2970 4960 ἀνθρώπων
3016 4885 3320 4965 ἀπάραντι,
3376 4895 3450 4949 τὸ
3506 4894 3696 4972 λαχὸν
3723 4891 3895 4949 κάκεῖ-

2196 4989 2285 5032 νος
2312 4968 2477 5046 μέρος
2501 4978 2601 5042 τῆς
2630 4976 2779 5043 ζωῆς
2810 4972 3125 5046 ἐξετόξευσε.

2274 5063 2357 5116 ια’.
2407 5059 2606 5136 Καίπερ
2656 5057 2714 5118 δὲ
2766 5070 3076 5142 συμφοραῖς
3120 5064 3414 5138 τηλίκαις
3450 5075 3559 5133 καὶ
3588 5073 3893 5131 καλλίστων

1778 5205 1964 5275 Hier.
2010 5210 2248 5281 Wolﬁi
2290 5223 2491 5283 notae.

504 5402 613 5471 (34)
644 5402 708 5455 Ai
741 5398 798 5453 δὲ
825 5402 923 5453 τοῦ
987 5399 1122 5473 ἦρος
1170 5392 1527 5473 asperserat;
1585 5392 1727 5447 Κατὰ
1784 5394 1874 5473 τὸν
1905 5396 2077 5451 Μὶέον

2191 5403 2267 5456 tis
2296 5402 2643 5486 ingreditur.
2678 5407 2823 5464 Tum
2855 5411 3007 5486 enim
3042 5412 3107 5468 fit
3137 5415 3206 5470 ab
3248 5417 3538 5482 hiberno
3589 5426 3808 5486 frigore
3837 5418 3902 5474 ad

438 5466 606 5538 μῆναί
631 5474 792 5525 Alius
819 5473 991 5526 codex
1020 5466 1259 5525 trauehat
1290 5468 1340 5521 αἱ
1372 5470 1464 5521 τοῦ
1496 5466 1629 5539 ἦρος
1660 5466 1880 5537 τροπαί,
1926 5474 2077 5536 quod

2225 5478 2343 5560 eris
2364 5466 2715 5560 Temperiem
2736 5484 3059 5560 conversio,
3093 5466 3630 5560 quanqtigiﬁ'Bo'é
3652 5466 3900 5552 '61}th

432 5558 537 5612 ego
563 5558 803 5614 vernum
828 5544 1240 5614 aequinoctium
1259 5543 1667 5614 interpretatus
1710 5558 1863 5595 Prdtlt
1887 5557 1900 5596 ε
1920 5545 2074 5613 quod

428 5621 538 5682 est,
568 5629 701 5672 cum
721 5613 805 5671 sol
838 5613 1038 5671 mense
1069 5614 1273 5670 Martio
1294 5613 1550 5683 primum
1594 5626 1875 5682 punctum
1920 5616 2078 5672 Arie-

2189 5547 2446 5632 nietian-a
2478 5550 2590 5631 sub
2619 5550 2906 5610 Kalendas
2938 5547 3125 5632 Maias
3150 5547 3906 5632 αιίτιὶιεῇᾇοῗέέωᾟὶωιο

2187 5619 2388 5677 minus
2419 5619 2705 5693 frigemus
2733 5640 2911 5697 quam
2945 5624 3045 5685 alii
3079 5619 3304 5690 mense
3338 5619 3723 5699 Fabi-nario.
