4014 6204
183 397 299 477 ess

1466 410 1814 476 JOANNES
1857 402 2310 474 OOMNENUS.

3480 416 3598 481 366

178 546 386 607 παίδων
413 541 861 625 ἀφιλοσοφήτοις
890 548 1003 620 (35)
1056 540 1363 610 ἀποϐολαῖς
1428 545 1834 624 κατακαμφθιῖς

1953 550 2009 602 et
2040 546 2570 618 pulcherrimorum
2603 546 2853 604 filiorum
2885 545 3152 607 luctuoso
3181 549 3419 610 interitu
3458 571 3596 613 con-

180 641 208 694 ό
238 635 490 716 βασιλεὺς
547 636 647 704 τήν
676 637 890 711 ψυχὴν,
927 636 1022 691 ἳνα
1062 636 1137 709 μὴ
1170 632 1389 711 λέγοιμι
1462 637 1550 691 καὶ
1603 633 1831 694 οῗωνοὺς

174 725 458 788 ἂπαισίους
547 732 649 795 τῆς
710 724 1034 800 ὑπερέκεινα
1104 725 1329 799 πορείας
1384 724 1513 782 τοὺς
1573 723 1830 784 ϐανάτους

172 820 276 872 τῶν
340 814 629 891 φιλτάτων
684 809 829 889 ἔχων
894 815 1005 889 πρὸ
1061 811 1386 890 ὀφθαλμῶν,
1455 813 1609 887 ὅμως
1668 808 1827 868 ὁῦδέν

178 929 232 963 τι
268 906 359 962 καὶ
426 904 672 960 πέπονθε
730 901 981 979 μαλακὸν
1035 902 1070 972 ἢ
1101 903 1379 981 καθυφῆκέ
1414 924 1466 958 τι
1503 902 1683 979 βραχὺ
1731 902 1831 970 τῆς

173 994 480 1069 προθέσεως
513 991 551 1063 ἤ
583 992 911 1066 παλίμπους
939 992 1199 1062 ἐπανῆκεν
1259 991 1336 1055 εἰς
1393 992 1455 1048 τὸ
1513 991 1830 1062 Βυζάντιον,

175 1081 323 1147 ἔτους
352 1081 467 1154 ἤδη
493 1080 716 1139 τελείου
750 1081 840 1137 ἐπὶ
862 1087 987 1144 τοῖς
1018 1080 1357 1155 ἠθλημένοις
1401 1080 1621 1143 τούτοις
1677 1100 1833 1157 παρι-

174 1174 461 1242 πξυκότος,
524 1170 658 1228 ἀλλ’
725 1170 780 1235 ἐς
836 1170 1105 1247 Ίσαυρίαν
1199 1171 1497 1251 ἀφιγμένος
1591 1171 1682 1225 καὶ
1766 1171 1833 1226 τὰ

177 1264 338 1319 ἐκεῖθι
398 1264 542 1337 πρὸς
570 1262 637 1317 τὸ
691 1259 813 1316 δέον
843 1262 1320 1335 καταστησάμενος
1376 1266 1477 1329 τῆς
1507 1259 1696 1314 ἆνόπιν
1741 1258 1837 1314 καὶ

178 1354 314 1426 πρὸς
348 1352 547 1428 Συρίαν
609 1348 742 1407 ὁδοῦ
817 1350 1023 1426 εἲχετο,
1081 1349 1415 1427 ἒφεπόμενον
1476 1346 1623 1425 ἔχων
1682 1348 1833 1420 αὐτῷ

182 1442 279 1496 τὸν
309 1443 661 1515 ὓστερότοκον
693 1436 864 1495 παῖδα
898 1439 992 1495 τόν
1025 1437 1316 1509 Μανουήὶ..
1358 1439 1460 1495 Ἦν
1526 1434 1583 1492 δὲ
1637 1439 1673 1507 ἡ
1736 1438 1831 1511 μὲν

177 1530 459 1606 πρόδηλος
496 1539 602 1603 τῆς
670 1534 953 1607 στρατείας
1012 1531 1240 1603 ταυτησὶ
1316 1531 1572 1609 πρόθεσις
1638 1532 1673 1600 ἡ
1732 1536 1832 1600 τῆς

174 1624 468 1696 Ἀρμενίας
496 1623 641 1697 πρὸς
672 1623 735 1677 τὸ
796 1626 1043 1697 κρεῖττον
1096 1622 1429 1696 μεθάρμοσις
1484 1620 1573 1675 καὶ
1622 1619 1697 1683 εἷς
1742 1620 1835 1696 βε-

175 1707 327 1767 ϐαίαν
350 1712 689 1768 κατάστασιν
718 1714 928 1788 συνοχή
959 1716 1066 1767 τῶν
1107 1711 1323 1768 πόλεων
1386 1709 1477 1765 καὶ
1532 1709 1830 1790 φρουρίων,

176 1802 251 1857 ὧν
305 1802 581 1877 ἐγκρατής
635 1801 900 1881 γεγένητο
956 1803 1094 1859 κατὰ
1168 1803 1268 1871 τήν
1320 1801 1587 1877 προτέραν
1667 1800 1831 1856 αὐτοῦ

1947 641 2264 704 sternatus,
2300 653 2370 692 ne
2401 638 2586 693 dicam
2612 638 2840 694 obitum
2872 637 3354 697 charissimorum
3387 660 3590 715 parum

1945 725 2309 796 suspicatum
2341 740 2509 783 omen
2543 726 2924 798 expeditionis
2954 726 3116 786 illius
3147 728 3346 795 fuisse,
3396 737 3593 791 tamen

1946 812 2128 869 nihilo
2162 814 2343 870 factus
2401 814 2632 871 mollior
2682 833 2870 889 neque
2913 818 2985 874 de
3016 817 3237 890 impetu
3270 819 3592 894 quidquam

1947 906 2175 962 remisit
2206 924 2395 980 neque
2426 909 2764 978 Byzantium
2800 910 2991 979 rediit,
3016 910 3243 984 integro
3263 914 3386 982 jam
3437 930 3593 971 anno

1945 995 2006 1052 in
2040 994 2334 1052 laboribus
2362 996 2480 1053 illis
2538 998 2819 1056 exhausto
2852 1015 2867 1056 :
2928 1000 3031 1057 sed
3087 1000 3145 1056 in
3179 1002 3281 1060 52
3315 1002 3592 1059 Isauriam

1948 1086 2262 1157 profectus,
2293 1103 2360 1143 ac
2392 1087 2687 1158 provincia
2746 1088 3033 1158 ordinata,
3093 1090 3201 1147 iter
3256 1091 3317 1147 in
3367 1091 3594 1166 Syriam

1944 1172 2217 1243 intendit,
2247 1175 2512 1233 Manuele
2543 1175 2662 1234 filio
2693 1181 2833 1233 natu
2867 1180 3116 1236 minimo
3158 1180 3491 1240 comitante.
3531 1180 3597 1238 Ei

1946 1267 2298 1339 expeditioni
2330 1271 2682 1342 prmtexebat
2710 1270 2856 1327 velle
2887 1288 2951 1327 se
2998 1272 3336 1329 Armeniam
3384 1275 3598 1331 rectius

1947 1360 2316 1429 constituere,
2343 1366 2402 1416 et
2431 1361 2646 1432 oppida
2692 1366 2749 1418 et
2800 1362 3038 1420 castella
3095 1365 3390 1437 superiore
3445 1365 3597 1422 bello

1947 1455 2112 1520 capta
2141 1450 2199 1504 in
2232 1449 2422 1505 ofﬁcio
2443 1457 2501 1505 et
2527 1451 2640 1507 fide
2663 1451 2959 1509 continere
2988 1469 3056 1509 ac
3104 1454 3354 1512 firmare.
3417 1458 3596 1512 Caete-

1950 1555 2077 1595 rum
2111 1555 2245 1595 vera
2272 1556 2449 1595 causa
2479 1545 2621 1609 erat,
2670 1557 2799 1613 quae
2854 1541 2916 1598 in
2975 1543 3290 1600 exercitum
3352 1544 3597 1602 minime

1949 1628 2425 1695 efi‘erebatur,sed
2456 1630 2708 1686 maxime
2743 1631 3253 1703 dissimulabatur,
3285 1634 3438 1706 quod
3471 1634 3593 1690 An-

1946 1716 2219 1774 tiochiam
2250 1734 2383 1773 cum
2415 1718 2577 1790 Cpoli
2631 1722 3004 1794 conjungere,
3071 1731 3241 1791 atque
3296 1722 3432 1779 inde
3465 1721 3596 1779 reli-

1946 1809 2110 1881 giosa
2139 1809 2267 1866 loca
2294 1810 2482 1866 visere
2512 1816 2568 1867 et
2590 1812 2760 1867 vitale
2782 1813 2988 1869 Christi
3011 1813 3349 1885 sepulcrum
3376 1814 3601 1888 magni-

174 1887 448 1947 ἀνάϐασιν·
483 1894 522 1961 ἡ
556 1889 605 1947 δ’
630 1892 934 1972 ἆνέκιρορος
965 1893 1100 1967 πρὸς
1131 1892 1193 1948 τὸ
1234 1893 1539 1967 στράτευμα
1594 1889 1832 1962 λαθραία

1953 1897 2075 1954 ficis
2105 1898 2276 1954 donis
2306 1915 2512 1955 ornare
2542 1916 2607 1955 ac
2637 1900 2918 1956 finitimos
2951 1902 3233 1957 Barbaros
3291 1887 3597 1974 profligare

177 2004 240 2038 τε
267 1984 354 2037 καῖ
386 1980 697 2063 ἒνόόμυχος
763 1982 854 2038 καὶ
907 1983 970 2037 ἐκ
1014 1980 1384 2057 περισκέψεως
1438 1980 1650 2052 κίνησις
1687 1980 1825 2051 αὕτη

171 2071 264 2139 ἧν.
301 2072 412 2129 ’Δεῖ
446 2069 519 2127 δι’
550 2067 759 2147 ἔρωτος
791 2073 915 2147 εἶχε
961 2071 1185 2145 συνάψαι
1249 2073 1351 2139 τὴν
1429 2069 1721 2145 Ἀντιόχου
1761 2073 1830 2143 τῇ

172 2161 614 2229 Κωνσταντίνου,
646 2163 752 2216 κάκ
780 2159 943 2216 τοῦδε
976 2165 1092 2224 τοῖς
1120 2155 1419 2225 θεοστιϐἑσι
1460 2159 1653 2222 τόποις
1713 2157 1831 2215 ἐπί-

171 2259 455 2321 σοιτῆσαι,
491 2251 589 2307 καὶ
621 2248 824 2325 δώροις
862 2251 956 2323 μὲν
984 2249 1307 2324 καταστέψαι
1337 2250 1427 2305 τὸν
1480 2254 1576 2306 τοῦ
1626 2247 1830 2324 Κυρίου

168 2342 329 2415 sigea
371 2338 469 2396 τὸν
505 2340 908 2417 ζωοπάροχον,
946 2340 1009 2394 τὸ
1036 2337 1093 2395 δὲ
1111 2337 1300 2412 κύκλῳ
1334 2333 1664 2415 βαρϐαρικὸν
1708 2338 1831 2393 ἀνα-

172 2437 421 2505 καθᾶραι.
502 2431 672 2488 Ὀθεν
749 2429 837 2483 καὶ
918 2434 1090 2484 πᾶσαν
1143 2429 1211 2499 ἦν
1284 2429 1483 2503 μετιὼν
1543 2428 1827 2504 μηχανὴν,

172 2520 216 2575 εἲ
243 2542 373 2582 πως
399 2520 726 2575 ὑπεκσταῖεν
757 2516 968 2581 ἑκόντες
1002 2517 1150 2591 αὐτῷ
1181 2519 1234 2573 οἱ
1285 2522 1508 2575 Λατῖνοι
1567 2524 1666 2588 τῆς
1730 2537 1830 2571 κυ-

172 2610 439 2687 ριαρχίας
492 2615 598 2679 τῆς
678 2605 922 2683 λογίμης
990 2607 1356 2684 ’Δντιοχείας,
1413 2604 1472 2677 ἤ,
1533 2609 1579 2662 εἰ
1675 2605 1827 2663 οὗτοι

167 2701 455 2764 πείθοιντο
494 2698 789 2771 (ἠπίστατο
820 2698 923 2776 γὰρ
946 2698 1046 2766 τήν
1095 2698 1387 2766 Λατινικήν
1453 2697 1686 2774 κόρυζαν
1736 2695 1827 2751 καὶ

165 2791 221 2846 τὸ
264 2796 377 2847 τοῦ
431 2791 793 2867 φρονήματος
848 2790 1026 2844 αὐτῶν
1082 2789 1487 2862 ἀταπείνωτον),
1545 2787 1596 2843 οἷ
1657 2784 1714 2842 δὲ
1769 2808 1828 2861 γε

166 2880 391 2945 Κίλικες
440 2880 538 2934 καὶ
616 2878 784 2953 Σύροι
862 2879 1223 2953 προσρέψαιεν
1314 2876 1522 2951 ἐκείνῳ.
1602 2876 1827 2954 Γράφων

162 2971 341 3026 τοίνυν
380 2971 533 3025 κατᾶ
564 2965 724 3039 τήνδε
749 2968 849 3037 τήν
868 2965 1060 3024 ἄνοδον
1107 2968 1198 3022 καὶ
1237 2968 1337 3036 τήν
1398 2967 1563 3023 αὐτοῦ
1618 2987 1826 3042 προση-

166 3061 381 3132 ini-1cm:
416 3064 540 3121 τοῖς
569 3058 943 3132 Ἀντιοχεῦσιν
974 3055 1150 3135 ἃφιξιν
1179 3053 1438 3130 οὐδαμῶς
1484 3055 1642 3124 ἀνίει,
1687 3053 1829 3111 ὥστε

164 3151 245 3204 καὶ
280 3152 479 3223 μήπω
504 3150 618 3202 τῶν
646 3145 813 3222 ὁρίων
871 3141 1063 3207 ἐπιϐὰς
1125 3152 1229 3216 τῆς
1286 3144 1485 3221 Συρίας
1536 3139 1825 3221 πρεσϐείαν

1946 1992 2222 2059 perpetuo
2253 1987 2544 2057 cupiebat.
2580 1990 2778 2059 Itaque
2826 1988 2973 2045 nihil
3026 1989 3375 2046 intentatum
3417 1989 3598 2046 relin-

1946 2077 2180 2147 quebat,
2214 2076 2260 2132 si
2292 2078 2582 2149 quomodo
2612 2076 2834 2133 Latinis
2901 2078 3256 2150 persuadere
3310 2082 3510 2151 posset
3538 2082 3600 2133 ut

1945 2164 2098 2221 ultro
2127 2166 2431 2222 dominatu
2490 2165 2719 2240 inclytae
2778 2166 3104 2223 Antiochia;
3161 2167 3454 2235 cederent,
3497 2171 3598 2223 aut

1944 2254 1991 2310 si
2024 2254 2063 2310 ii
2097 2254 2312 2311 nollent
2346 2256 2470 2327 (nec
2536 2256 2693 2313 enim
2753 2256 2973 2313 fastum
3016 2256 3288 2314 Latinum
3322 2262 3380 2314 et
3407 2257 3594 2330 praefi-

1943 2344 2147 2402 dentes
2205 2362 2406 2401 eorum
2465 2345 2694 2402 animos
2751 2345 3104 2419 ignorabat),
3164 2350 3225 2403 at
3277 2346 3484 2403 Cilices
3531 2349 3591 2403 et

1943 2433 2118 2507 Syros
2150 2434 2206 2490 in
2238 2452 2375 2490 suae
2433 2440 2623 2507 partes
2672 2436 3049 2505 pertraheret.
3109 2434 3225 2491 Nec
3291 2435 3349 2490 in
3392 2451 3458 2491 eo
3488 2433 3585 2489 iti-

1943 2538 2079 2577 nere
2101 2538 2359 2595 unquam
2391 2523 2616 2579 destitit
2637 2524 3016 2580 Antiochenis
3036 2525 3291 2580 scribere
3316 2529 3374 2581 et
3404 2540 3581 2580 suum

1941 2612 2256 2667 adventum
2305 2614 2719 2685 praenuntiam,
2778 2614 2922 2670 adeo
2975 2618 3039 2670 ut
3090 2614 3351 2669 nondum
3407 2611 3582 2685 Syria:

1941 2700 2090 2757 ﬁnes
2120 2700 2419 2772 ingressus
2450 2702 2796 2773 legationem
2823 2701 2959 2759 inde
3010 2703 3330 2769 attraxerit,
3363 2719 3480 2774 qua
3522 2701 3582 2757 in

1942 2789 2221 2861 optimam
2253 2806 2415 2861 spem
2449 2806 2643 2846 rerum
2705 2792 3033 2848 futurarum
3087 2791 3435 2864 erigebatur.
3470 2791 3582 2846 Sed

1941 2895 2075 2934 cum
2109 2896 2287 2951 prope
2319 2878 2516 2935 urbem
2551 2878 2822 2947 venisset,
2855 2880 3000 2937 alios
3047 2880 3327 2936 Italorum
3359 2880 3590 2935 animos

1941 2968 2245 3041 comperit,
2279 2984 2405 3024 cum
2428 2969 2716 3040 tamajam
2764 2978 2898 3026 ante
2932 2986 3178 3026 arcanas
3208 2969 3335 3041 ejus
3366 2976 3421 3025 et
3453 2966 3603 3025 taci-

1944 3062 2033 3113 tas
2062 3057 2529 3114 machinationes
2545 3057 2860 3129 vulgasset.
2890 3061 3033 3114 Cum
3068 3058 3248 3131 igitur
3277 3056 3605 3115 Antiochia:

1949 3145 2174 3203 aditum
2208 3164 2322 3203 non
2353 3147 2457 3205 53
2491 3147 2744 3218 facilem,
2780 3164 2885 3203 nec
2908 3146 3083 3203 talem
3123 3148 3356 3218 qualem
3404 3162 3611 3219 exspe-

164 3238 541 3318 ἒριυικῦσατο
570 3234 768 3300 ἐκεῖθεν
803 3234 952 3309 μάλα
1000 3235 1203 3311 ἀγαθὰς
1251 3234 1400 3306 αὖτῷ
1454 3235 1549 3297 τὰς
1606 3231 1830 3296 ἐλπίδας

1954 3240 2137 3292 ctarat
2166 3236 2474 3305 inveniret,
2534 3253 2642 3293 nec
2700 3236 3042 3307 nisijurato
3105 3235 3335 3308 ingredi
3386 3235 3609 3305 liceret,

171 3328 256 3384 ἐπὶ
286 3333 427 3389 τοῖς
458 3324 765 3400 μέλλουσιν
799 3319 1240 3380 ὑποϐάλλουσαν.
1276 3323 1426 3382 Ἐπεὶ
1480 3320 1537 3379 δὲ
1591 3326 1660 3397 τῇ
1718 3324 1843 3380 Ἀν-

167 3421 381 3493 ead-too
440 3416 846 3490 προσὴγτισεν,
897 3412 1160 3477 ἀλλοίους
1220 3412 1412 3489 εὕρατο
1477 3413 1571 3476 τὰς
1627 3412 1847 3491 γνώμας

166 3512 296 3570 τοὺς
330 3503 611 3572 Ἰταλοὺς,
642 3510 745 3573 τῆς
780 3504 976 3581 φήμης
1022 3501 1473 3582 προαγγειλάσης
1543 3501 1720 3558 ὁπόσα
1758 3501 1845 3558 ἔνο

173 3595 411 3676 ἒὸμοχα
435 3594 531 3649 καὶ
565 3598 672 3648 τῶν
705 3590 940 3669 χειλέων
977 3596 1074 3648 τοῦ
1132 3592 1399 3669 βασιλέως
1442 3593 1691 3668 ἁπρόϊτα.
1753 3593 1847 3662 Μὴ

172 3690 304 3761 τῶν
343 3679 547 3760 ῥᾳδίαν
608 3681 879 3757 εὑρίσκων
934 3681 1021 3737 καὶ
1081 3686 1149 3755 τῇ
1201 3682 1397 3759 γνώμῃ
1446 3677 1847 3755 συμϐαίνουσαν

172 3776 271 3842 civ
296 3775 356 3836 ἇς
406 3773 513 3841 τήν
572 3773 871 3848 Ἀντιόχου
928 3769 1193 3848 πάροδον,
1248 3770 1378 3829 ἀλλ’
1423 3770 1648 3847 ἓνορκον
1707 3772 1849 3844 ὁρῶν

172 3862 672 3943 συγχωρουμένην
729 3859 878 3932 αὐτῷ
943 3861 1043 3930 τῆν
1110 3859 1409 3916 εἲσὲλευσιν
1470 3862 1664 3917 καὶτὸ
1720 3858 1850 3915 ὅλον

176 3952 505 4024 matricum
566 3948 645 4011 οἷς
687 3946 937 4025 ὥρμαινε
993 3948 1132 4005 κατᾶ
1195 3951 1405 4025 ψυχὴν,
1473 3950 1564 4005 καὶ
1598 3949 1671 4011 ὡς
1702 3947 1855 4025 εἷ’περ

176 4040 559 4097 desiderata:
588 4040 736 4117 πρὸς
768 4041 981 4116 ἡμερας
1029 4039 1509 4113 ἐνσκηνωσάμενος
1538 4038 1629 4095 καὶ
1684 4058 1858 4115 προσ-

176 4133 444 4203 πονηθεὶς
480 4131 575 4186 καὶ
629 4130 889 4202 τιμηθεὶς
930 4131 999 4186 τά
1036 4126 1220 4185 είκότα
1277 4128 1441 4185 πάλιν
1496 4128 1853 4201 ἐξελεδσεται,

180 4220 362 4293 μηδὲν
394 4242 449 4275 τι
478 4240 619 4296 νεοχ
633 4219 821 4293 μώσας
853 4217 942 4274 ἐπὶ
973 4224 1093 4282 τοῖς
1148 4220 1266 4275 κατ’
1319 4220 1488 4287 αὐτῆν
1542 4219 1855 4295 πράγμασιν

181 4310 219 4379 ἦ
260 4332 314 4365 τι
368 4311 744 4384 μετακινήσας
810 4313 922 4365 τῶν
972 4310 1324 4374 καθεστώτων
1356 4309 1522 4385 ,ἰθῶν
1572 4308 1859 4386 ἀχθεσθεὶς

186 4398 271 4476 ἱέρ’
294 4401 381 4464 οἷς
412 4399 751 4471 ἐξηπάτητο,
781 4400 887 4467 τὴν
921 4398 1017 4472 μὲν
1039 4395 1250 4454 εἳσοδον
1303 4398 1372 4453 οὗ
1432 4395 1551 4453 ὃὲον
1617 4396 1863 4473 κέκρικεν

192 4485 603 4560 ιῖσςιὰζεσθαι,
634 4488 726 4543 τὸν
772 4488 908 4560 μετὰ
969 4491 1313 4561 Χριστιανῶν
1361 4485 1608 4563 πόλεμον
1664 4486 1864 4543 παντά-

1955 3325 2123 3397 longe
2153 3342 2353 3381 secum
2386 3342 2562 3397 quam
2599 3325 2795 3382 animo
2817 3326 3159 3391 destinarat,
3192 3341 3376 3398 eaque
3407 3325 3611 3382 condi-

1959 3413 2113 3470 tione
2144 3416 2203 3469 ut
2238 3414 2447 3471 diebus
2478 3415 2700 3487 aliquot
2738 3414 2819 3472 ibi
2850 3419 3246 3472 commoratus
3265 3420 3323 3470 et
3337 3415 3614 3471 adoratus

1959 3507 2135 3575 atque
2160 3503 2569 3571 honoratus,ul
2594 3507 2779 3575 decet,
2799 3504 3127 3562 discederet
3143 3505 3270 3562 sine
3292 3504 3409 3560 ulla
3440 3521 3613 3560 nova-

1958 3591 2117 3648 tione
2139 3598 2195 3649 et
2228 3596 2435 3665 recepti
2469 3598 2650 3650 moris
2709 3595 3050 3661 mutatione,
3080 3594 3258 3650 verba
3302 3592 3416 3649 sibi
3470 3591 3611 3648 data

1959 3698 2089 3738 esse
2120 3682 2366 3738 moleste
2391 3682 2658 3749 [οι-ρης,νὶ
2690 3681 3141 3756 ingrediendum
3176 3682 3361 3747 duxit,
3396 3681 3551 3753 quod
3579 3696 3615 3738 ο,

1961 3770 2110 3827 bello
2140 3771 2466 3828 Christiano
2518 3772 2928 3839 abhorrebat,-
2985 3772 3085 3828 sed
3145 3769 3505 3838 suburbana,
3549 3769 3610 3825 in

1962 3860 2021 3916 in
2054 3861 2265 3932 quibus
2323 3861 2748 3929 diversabatur,
2810 3860 3100 3917 militibus
3158 3858 3514 3932 populanda,
3557 3863 3617 3915 et

1964 3950 2279 4007 auferenda
2339 3950 2537 4005 omnia
2592 3966 2720 4021 quae
2782 3950 2997 4023 corripi
3054 3948 3325 4006 manibus
3382 3952 3623 4021 possent

1965 4039 2273 4096 concessit.
2308 4043 2387 4095 Ea
2444 4038 2833 4106 denuntiatio,
2892 4041 2985 4096 cui
3045 4038 3290 4113 penuria
3333 4051 3622 4095 commea-

1967 4134 2063 4185 tus
2094 4129 2542 4201 prtetexebatur,
2573 4129 2763 4185 effecit
2822 4136 2884 4184 ut
2936 4146 3044 4186 nec
3104 4129 3411 4184 fructilerte
3451 4128 3625 4184 arbo-

1968 4234 2062 4274 res
2092 4216 2385 4273 inviolatae
2416 4222 2739 4287 manerent,
2769 4218 2867 4273 sed
2910 4234 2990 4273 ere
3024 4233 3259 4291 quoque
3297 4218 3368 4273 ad
3423 4216 3622 4274 cibum

1970 4308 2342 4380 coquendum
2375 4306 2839 4363 succiderentur.
2898 4311 3017 4364 Hac
3077 4307 3301 4364 ratione
3358 4307 3452 4364 sui
3486 4323 3629 4363 con-

1975 4402 2266 4469 temptum
2325 4397 2761 4453 dissimulanter
2813 4396 2972 4454 ultus
3041 4399 3114 4455 ad
3173 4398 3321 4454 ﬁnes
3380 4395 3628 4454 Cilicum

1976 4485 2208 4543 deﬂexit
2240 4501 2254 4541 :
2297 4493 2351 4542 et
2382 4486 2442 4541 in
2474 4485 2843 4558 amplissima
2872 4486 3133 4544 convalle
3163 4488 3376 4544 castris
3403 4487 3632 4559 positis,

186 4600 357 4634 τισιν
419 4576 843 4652 ἔκτρεπόμενος,
912 4574 1337 4651 ἐναυλισάμενος
1388 4572 1447 4632 δὲ
1514 4580 1631 4639 τοῖς
1723 4597 1829 4653 προ

1974 4576 2032 4632 in
2064 4592 2181 4649 qua
2210 4575 2333 4632 bini
2361 4575 2608 4632 vertices
2640 4575 2934 4635 montium
2967 4576 3242 4635 altissimi
3290 4580 3636 4653 assurgunt,

192 4668 438 4729 αστείοις
465 4674 573 4736 τῆς
590 4663 811 4729 πολεως
844 4664 1043 4742 κείρειν
1064 4662 1318 4721 ἐνδίδωσι
1345 4670 1514 4721 ταῦτα
1540 4669 1609 4741 τῇ
1640 4670 1865 4742 στρατιᾷ

188 4758 287 4814 καὶ
330 4756 571 4836 ἐπάγειν
604 4752 747 4811 ἅπαν
777 4756 836 4812 τὸ
866 4760 986 4818 ταῖς
1054 4758 1245 4833 χερσὶν
1305 4755 1698 4835 εὐμετάφορὸν.
1759 4756 1862 4813 Καὶ

186 4846 261 4913 ἦν
291 4847 354 4902 tr.
382 4846 586 4903 τοῦτου
614 4850 715 4901 τοῦ
756 4843 1241 4923 παραγγᾶλματος,
1300 4845 1573 4925 πρόφασιν
1619 4847 1719 4916 τήν
1755 4850 1863 4901 τῶν

192 4936 513 5011 ἀναγκαίων
548 4934 906 4992 ὖποσπὰνισιν
938 4928 1189 5011 ἔχοντος,
1228 4931 1371 5010 μηδὲ
1420 4936 1489 4990 τὰ
1538 4934 1863 5015 καρποφόρα

194 5031 317 5080 τᾶν
349 5024 584 5100 δὲνόρων
612 5025 771 5097 ἀσινῆ
824 5026 1169 5101 παρεώμενα,
1226 5022 1373 5080 ἀλλὰ
1423 5024 1514 5080 καὶ
1566 5027 1733 5080 ταῦτα
1786 5027 1866 5097 τῷ

200 5118 344 5189 ερρὶ
373 5122 474 5185 τῆς
506 5113 722 5185 διαίτης
753 5110 1181 5188 παραδιδόμενα.
1223 5114 1372 5171 Κᾶπὶ
1428 5112 1647 5177 τούτοις
1705 5112 1863 5186 ὶκμεο

204 5208 425 5278 τρήσας
453 5200 776 5277 λεληθότως
804 5205 905 5275 τὴν
943 5203 1149 5277 ἄμυναν
1180 5204 1316 5279 πρὸς
1353 5204 1421 5259 τὰ
1465 5208 1573 5259 τῶν
1630 5201 1867 5260 Κιλίκων

208 5294 598 5368 παρενέκλινεν
630 5294 777 5372 ὅρια.
836 5295 929 5350 Ἐν
988 5290 1036 5348 δ’
1084 5291 1347 5369 εὔρυτύτῃ
1403 5289 1867 5367 στρατοπεδευσά-

1975 4681 2123 4737 quos
2153 4668 2466 4721 Corvorum
2499 4664 2673 4723 nidos
2728 4666 2920 4724 vocari
2979 4667 3319 4739 perhibent,
3361 4671 3638 4724 venatum

1969 4770 2244 4828 egressus
2276 4771 2416 4827 apro
2448 4754 2710 4812 solitario
2742 4755 3098 4813 venabulum
3132 4757 3191 4813 in
3226 4762 3447 4829 pectus
3492 4755 3639 4810 ade-

1970 4844 2074 4917 git.
2106 4844 2214 4909 Qui
2250 4861 2386 4901 cum
2417 4846 2602 4902 ictum
2637 4851 2902 4921 surgeret
2943 4853 3002 4905 et
3056 4852 3247 4906 totum
3298 4846 3517 4903 ferrum
3575 4842 3637 4899 in

1972 4935 2194 4992 viscera
2245 4936 2582 5009 recepisset,
2642 4954 2852 4993 manus
2910 4936 3282 5010 imperatoris
3340 4931 3640 4990 debilitata

1974 5029 2148 5098 atque
2205 5024 2429 5097 impetu
2492 5027 2624 5082 fera:
2685 5025 2896 5082 reﬂexa
2950 5026 3285 5098 pharetram
3341 5019 3635 5077 delatore

1974 5115 2206 5185 oblique
2238 5115 2341 5173 54
2372 5131 2718 5187 suspensam
2753 5121 2811 5173 et
2840 5116 3145 5171 venenatis
3198 5111 3330 5167 telis
3364 5109 3633 5166 refertam

1974 5205 2180 5262 evertit
2232 5219 2249 5271 ;
2338 5206 2767 5276 perstrictaque
2851 5220 2970 5258 una
3038 5201 3254 5273 sagitta
3311 5204 3447 5255 cute
3503 5214 3635 5271 quae

1976 5294 2127 5350 inter
2181 5296 2471 5348 extremos
2523 5292 2736 5362 digitos
2797 5294 2910 5356 est,
2966 5304 3188 5346 veneno
3246 5292 3516 5361 serpente
3570 5292 3630 5346 et

1610 5440 1781 5503 Hier.
1814 5437 2027 5502 Wolfii
2057 5445 2244 5498 nota.

312 5563 912 5645 ζξιῖ»)Ἀιριλςκειόςῖκιδτρεισἶ
939 5568 1088 5625 Puto
1134 5567 1241 5645 hic
1273 5565 1411 5645 Adici
1466 5566 1662 5645 potius
1720 5565 1879 5645 quod
1986 5567 2088 5645 aut
2118 5558 2504 5645 ineruditum,
2537 5561 2827 5645 sententia
2850 5576 2963 5618 non
3001 5560 3242 5645 patitur.
3301 5552 3494 5645 Quare
3547 5562 3643 5622 lu-

212 5632 609 5713 philosoptiia
636 5632 1066 5713 consolationes
1098 5632 1512 5713 vincatLquam
1538 5638 1714 5713 cujus
1736 5632 1879 5694 ratio
1988 5640 2259 5694 ctucsum
2284 5638 2387 5691 aut
2413 5634 2714 5693 funestum
2742 5632 3256 5709 interpretandum
3287 5636 3519 5697 censui.

212 5708 393 5770 Mai
422 5708 687 5788 usque“.
718 5712 1074 5772 Litterarum
1103 5715 1168 5772 et
1216 5708 1628 5787 philosophia
1650 5726 1877 5783 expers,
