4014 6204
435 361 550 424 361

1753 347 2072 413 ΝΙΟΕΤιΕ
2113 349 2536 422 ΟΗΟΝΙΛΤιΕ

435 493 800 549 discurrente
828 492 1002 558 atque
1027 500 1214 556 usque
1271 482 1342 538 ad
1400 480 1594 537 vitalia
1652 495 1976 554 progresso,
2024 484 2071 537 et

2198 499 2358 552 μενος
2383 479 2646 560 φάραγγι,
2685 479 2804 544 καθ’
2833 477 2899 550 ἤν
2922 475 3024 555 ὅρη
3057 477 3358 556 δικόρυμϐα
3383 482 3459 539 ἐπὶ
3510 484 3634 542 πολὺ
3676 495 3752 546 τοῦ

436 579 719 653 quidquid
752 579 1084 647 occuparat,
1118 571 1399 646 paulatim
1458 570 1900 643 stupefaciente,
1959 586 2072 626 non

436 671 616 725 multo
674 670 804 739 post
857 681 888 722 e
942 663 1067 720 vita
1121 661 1412 718 discessit.
1469 664 1685 718 Tamen
1747 660 1802 715 id
1861 659 2079 716 vulnus

431 757 716 830 principio
800 752 1129 826 neglectum
1208 751 1556 806 membranas
1635 749 1894 806 calcibus
1973 749 2078 804 de-

431 844 1044 918 tractaaimpositione,
1103 857 1280 912 quam
1338 839 1786 896 excoriationem
1846 843 2074 902 vocant,

432 935 754 992 medicatus
786 939 875 990 est
903 951 917 1002 ;
948 949 1064 1005 qua
1095 931 1332 1001 ancipiti
1367 929 1590 985 ratione
1611 928 1833 983 saniem
1865 942 2075 983 cruen-

430 1029 550 1080 tam
607 1023 869 1080 vulneris
926 1023 1240 1094 reprimere
1295 1021 1638 1076 conabatur.
1721 1015 1958 1088 Vesperi
2013 1015 2075 1072 in

431 1119 621 1172 castra
654 1129 920 1171 reversus
951 1119 1008 1169 et
1037 1115 1298 1168 coenatus
1330 1113 1556 1166 noctem
1573 1107 1718 1166 citra
1749 1105 2074 1162 molestiam

432 1204 640 1276 exegit.
685 1203 968 1258 Postridie
1017 1217 1147 1256 vero
1209 1203 1567 1256 tumescente
1623 1204 1680 1252 et
1738 1195 2076 1252 ardescente

429 1295 688 1364 vulnere,
722 1309 790 1349 ac
818 1293 1079 1348 cruciatu
1113 1293 1375 1363 urgente,
1411 1287 1648 1344 medicis
1705 1303 1906 1344 casum
1938 1301 2072 1341 eum

434 1383 689 1456 exponit.
723 1382 830 1446 Qui
861 1385 1090 1436 tumore
1124 1395 1331 1434 manus
1361 1377 1505 1445 viso,
1539 1381 1596 1432 et
1649 1375 2074 1432 medicamento

431 1488 548 1544 quo
571 1487 715 1528 usus
739 1474 865 1526 erat
886 1468 1232 1542 perquisito,
1255 1467 1312 1522 id
1336 1473 1620 1539 tanquam
1653 1471 1856 1522 contra
1886 1463 2072 1520 medi-

434 1577 560 1616 cam
597 1561 880 1616 rationem
915 1557 1243 1613 adhibitum
1276 1555 1655 1627 repudiarunt
1687 1572 1701 1622 ;
1743 1563 1916 1624 atque
1961 1549 2077 1607 alia

433 1649 777 1717 attulerunt,
811 1665 936 1721 quae
966 1649 1229 1703 ardorem
1262 1646 1430 1701 illum
1487 1644 1757 1701 lenirent.
1787 1641 1898 1698 Sed
1939 1657 2072 1698 cum

432 1738 506 1793 iis
536 1737 682 1793 nihil
717 1738 1084 1810 proficerent,
1118 1737 1188 1792 ad
1220 1737 1535 1791 sectionem
1568 1733 1830 1790 conversi
1879 1749 1952 1788 ne
1991 1731 2076 1786 sic

435 1828 577 1898 quid
633 1827 848 1882 afﬂicto
904 1827 1168 1882 membro
1225 1823 1447 1895 aliquid
1517 1823 1646 1896 Opis
1705 1821 2074 1888 attulerunt;

435 1931 570 1992 nam
605 1921 798 1971 tumor
827 1915 1077 1970 subinde
1133 1914 1477 1984 augebatur,
1537 1929 1570 1968 a
1627 1911 1808 1984 digito
1841 1911 1900 1966 in
1933 1909 2079 1982 digi-

433 2010 559 2059 tum
593 2018 782 2074 usque
835 2003 906 2058 ad
957 2003 1294 2074 juncturam
1362 2016 1570 2056 manus
1609 2006 1667 2056 et
1695 1998 1957 2056 cubitum
1989 1999 2080 2070 ip-

433 2108 686 2165 sumque
716 2091 1018 2149 brachium
1053 2095 1359 2164 pervagato
1390 2089 1564 2147 malo.
1597 2090 1920 2161 Imperator
1965 2089 2078 2161 igi-

431 2186 535 2238 tur
563 2197 721 2254 spem
755 2181 968 2238 salutis
993 2182 1208 2253 abjecit
1235 2201 1249 2239 :
1282 2184 1340 2236 et
1391 2179 1635 2238 medicis
1691 2178 2078 2236 aestuantibus

434 2285 682 2327 manum
713 2269 840 2341 ejus
871 2271 1050 2326 instar
1080 2269 1264 2326 virilis
1297 2268 1530 2324 femoris
1569 2268 1952 2324 tumefactum
1986 2282 2078 2322 re-

431 2375 624 2416 secare
653 2360 750 2417 55
786 2359 976 2414 visum
1007 2363 1115 2425 est,
1148 2375 1283 2414 cum
1315 2375 1389 2414 ne
1425 2357 1510 2413 sic
1565 2357 1803 2428 quidem
1862 2355 2077 2411 affectas

429 2447 617 2520 partis
651 2447 879 2504 sanatio
913 2451 1068 2504 certa
1098 2451 1270 2504 esset.
1302 2448 1370 2503 At
1401 2447 1740 2518 imperator,
1768 2443 1870 2517 qui
1924 2443 2076 2516 prio-

430 2553 553 2593 rem
587 2537 761 2594 etiam
796 2538 1110 2594 sectionem
1142 2537 1391 2592 universi
1456 2535 1592 2592 mali
1649 2552 1888 2592 causam
1949 2551 2076 2591 esse

428 2626 818 2700 perspiceret;
865 2626 1036 2682 dictis
1119 2643 1316 2682 eorum
1397 2642 1511 2683 non
1598 2625 1914 2691 annuebat,
1973 2623 2074 2680 sed

423 2721 673 2790 aegrotus
731 2715 1118 2772 decumbebat
1163 2721 1360 2787 spreta
1430 2714 1663 2786 ancipiti
1749 2713 2068 2786 curatione.

419 2807 610 2876 Atque
631 2805 1012 2862 celeberrimo
1036 2805 1479 2863 resurrectionis
1519 2803 1731 2862 Christi
1755 2804 1848 2860 die
1877 2803 2073 2860 divina

418 2895 690 2968 mysteria
721 2895 1022 2968 percepit;
1051 2899 1108 2950 et
1139 2895 1199 2950 in
1231 2910 1394 2950 omna
1444 2892 1588 2950 aula;
1634 2893 1854 2949 foribns
1900 2908 2070 2965 aper-

417 2983 761 3057 tis,quosvis
786 2983 1012 3058 ingredi
1046 2990 1101 3039 et
1125 2989 1318 3056 petere
1339 3001 1468 3056 quae
1497 2982 1710 3040 vellent
1757 2983 2018 3054 permisit
2051 2999 2065 3049 ;

416 3073 688 3144 idemque
700 3073 1050 3145 etpostridie
1065 3073 1284 3128 monitu
1298 3072 1544 3129 Joannis
1557 3071 1745 3144 magni
1762 3072 2067 3127 domestici

421 3163 574 3231 fecit,
608 3162 794 3236 epulis
825 3179 952 3235 quae
985 3163 1264 3235 appositae
1295 3167 1459 3218 erant
1513 3163 1670 3218 inter
1715 3178 1812 3218 eos
1843 3163 1941 3234 qui
1975 3179 2064 3218 as-

2109 1869 2158 1935 B

2187 569 2342 646 ἀέρος
2380 564 2684 641 ἀνέϐαινον,
2715 569 2852 646 ἆπερ
2896 566 3064 648 λόγος
3101 572 3245 646 αἱρεῖ
3293 574 3526 649 Κοράκων
3575 579 3752 644 vocatae

2185 657 2598 732 κικλήσκεσθαι,
2659 660 2734 722 είς
2789 661 3110 738 κυνηγέσιον
3170 657 3345 734 ἔξεισι.
3375 665 3474 721 Καὶ
3519 667 3597 720 συῒ
3622 686 3758 742 apos-

2187 751 2499 820 υπαντήσας
2539 747 2818 823 μοναδικῷ
2844 751 2944 820 τήν
2989 751 3085 824 μὲν
3114 750 3322 826 αἰχμήν
3359 757 3432 825 τῷ
3481 755 3656 830 στέρνῳ
3679 761 3754 812 τοῦ

2187 838 2382 908 θηρίου
2413 838 2674 909 ἐνήρεισεο
2706 836 2920 894 πλείονι
2975 837 3034 894 δὲ
3088 839 3315 914 ὠθισμῷ
3372 845 3461 897 τοῦ
3491 843 3604 908 συὸς
3647 863 3763 920 χρη.

2187 927 2422 1000 σαμένου
2474 929 2562 983 καὶ
2641 927 2771 984 ’ὀλον
2827 927 2920 983 τὸν
2986 925 3208 1001 σίδηρον
3291 927 3628 1004 εἶσδεξαμὲνου
3671 939 3762 998 τοῖς

2187 1013 2556 1094 σπλάγχνοις,
2588 1019 2624 1088 ἡ
2659 1017 2967 1094 κατέχουσα
3003 1017 3127 1095 χεὶρ
3165 1019 3228 1074 τὸ
3257 1017 3492 1076 ἀκόντιον
3537 1021 3772 1098 ῦπονιιριᾷ

2185 1126 2242 1160 τε
2271 1107 2360 1161 καὶ
2399 1103 2724 1162 ὑπενδίδωσι
2753 1107 2890 1184 πρὸς
2925 1107 2988 1162 τὸ
3017 1107 3156 1183 ἃγαν
3185 1115 3285 1178 τῆς
3310 1113 3403 1164 τοῦ
3446 1111 3606 1185 -θηρὸς
3633 1111 3772 1167 ἀντω-

2187 1197 2418 1265 θήσεως,
2447 1194 2731 1260 κάντεῦθεν
2769 1199 2866 1251 τοῦ
2924 1197 3011 1270 [Ρ.
3065 1200 3156 1270 27]
3213 1197 3390 1260 εὐθέος
3439 1206 3776 1275 παρενεχθεῖσα

2187 1282 2467 1358 ἐγγρίπτει
2495 1289 2574 1357 τῷ
2605 1291 2860 1363 γωρυτῷ,
2906 1286 2965 1349 ὅς
3026 1287 3174 1363 παρά
3229 1285 3458 1364 πλευρὸν
3515 1293 3600 1344 τοῦ
3649 1290 3775 1363 βασι-

2185 1372 2329 1436 λέως
2360 1373 2622 1448 ἐξήρτητο
2647 1373 2906 1452 πλάγιος,
2961 1375 3160 1453 στέγων
3209 1370 3402 1442 ἔσωθεν
3467 1373 3646 1434 ίοϐὁλα
3695 1379 3776 1454 βέ-

2188 1463 2379 1537 λεμνα.
2435 1466 2592 1530 Ὂθεν
2645 1472 2748 1536 τῆς
2805 1465 3070 1542 φαρέτρας
3128 1466 3513 1542 ἀνατραπείσης
3581 1469 3650 1532 εἶς
3693 1473 3780 1523 τῶν

2187 1551 2574 1628 διεκχυθέντων
2607 1555 2886 1631 ἂτράκτων
2914 1555 3150 1626 πλήττει
3179 1557 3273 1612 τὸν
3304 1555 3528 1632 βασιλέα
3566 1557 3685 1612 κατὰ
3729 1557 3778 1612 τὸ

2192 1647 2412 1716 μεσεῦον
2446 1639 2618 1717 δέρμα
2663 1649 2774 1698 τῶν
2833 1645 3072 1700 ὑστάτων
3127 1642 3412 1702 δακτύλων
3467 1653 3562 1716 τῆς
3610 1645 3786 1721 χειρός.

2188 1731 2299 1788 Ἀεὶ
2330 1730 2506 1788 τοίνυν
2544 1735 2639 1787 τοῦ
2669 1732 2959 1809 φαρμάκου
3007 1734 3313 1808 νεμομένου
3368 1734 3435 1790 τὰ
3491 1735 3661 1809 πρόσω
3715 1734 3788 1788 καὶ

2190 1816 2600 1900 διατρέχοντος,
2631 1821 2718 1876 καὶ
2747 1822 2871 1895 περὶ
2903 1821 3035 1878 αὐτὰ
3084 1823 3150 1880 τὰ
3198 1825 3390 1898 καίρια
3442 1822 3798 1895 ἐπενσκήπτον-

2188 1930 2300 1980 τος,
2360 1911 2452 1966 καὶ
2507 1911 2646 1966 κατᾶ
2705 1912 2898 1986 μικρὸν
2979 1913 3416 1988 ἂπονεκροῦντος
3507 1918 3660 1969 ταῦτα
3721 1912 3794 1967 καὶ

2187 1999 2594 2077 ἀποψύχοντος,
2683 2001 2816 2076 μετὰ
2876 2004 3070 2078 μικρὸν
3119 2006 3218 2059 τοῦ
3296 2003 3427 2080 βίου
3507 2004 3800 2078 μεθίσταται.

2161 2089 2325 2164 ,Τότε
2355 2087 2400 2144 δ’
2433 2090 2525 2144 οὗν
2557 2091 2585 2146 ὁ
2620 2089 2874 2166 βασιλεὺς
2915 2092 3044 2166 παρ’
3075 2088 3232 2148 οὐδὲν
3280 2091 3506 2166 θέμενος
3552 2095 3612 2149 τὸ
3665 2092 3802 2164 ξέσμα

2181 2183 2279 2233 τοῦ
2337 2177 2603 2256 δερματος
2653 2179 2854 2254 ὑμένος
2909 2179 3142 2252 ἠκέσατο
3195 2181 3495 2255 ἐπιθέματι
3548 2181 3611 2252 ἢν
3672 2201 3804 2256 eam

2183 2265 2430 2342 ἐκδορᾶν,
2479 2267 2541 2325 ἐκ
2592 2274 2690 2324 τοῦ
2736 2275 2846 2326 τῶν
2899 2268 3084 2327 ποδῶν
3139 2270 3516 2347 ἀποσυρέντος
3561 2271 3803 2342 καττύμα·

2181 2381 2273 2422 τος
2310 2362 2442 2434 (34),
2471 2358 2754 2439 σφαλερῶς
2797 2359 3035 2427 ἐντεῦθεν
3056 2365 3404 2436 πειρώμενος
3434 2363 3525 2418 τὸν
3575 2359 3807 2435 προῖόντι

2181 2449 2430 2524 ἐπισχεῖν
2459 2448 2695 2526 ὕφαιμον
2739 2449 2920 2525 ἲχιῖιρα
2956 2453 3054 2506 τοῦ
3108 2451 3459 2525 τραύματος.
3499 2447 3808 2512 Ἐπανελθὼν

2181 2536 2277 2592 οὗν
2309 2557 2444 2612 προς
2477 2539 2702 2612 ἑσπέραν
2733 2539 2824 2594 καὶ
2853 2538 3150 2614 ἀριστήσας
3181 2542 3287 2610 τήν
3343 2541 3442 2614 μὲν
3478 2538 3640 2595 νύκτα
3695 2535 3813 2612 μετὰ

2180 2627 2459 2701 ῥᾳστώνης
2485 2624 2752 2706 διήνεγκε·
2797 2629 2896 2700 τήν
2931 2626 2989 2684 δὲ
3023 2629 3158 2703 μετᾶ
3203 2631 3420 2702 ταύτην
3483 2631 3688 2704 ἡμέραν
3748 2623 3819 2680 οἷ·

2179 2713 2380 2772 δαίνειν
2402 2716 2490 2773 καὶ
2525 2715 2738 2794 σφῦζειν
2790 2717 3092 2792 ἀρξαμένου
3155 2724 3258 2774 τοῦ
3319 2720 3636 2794 τραύματος
3684 2733 3815 2789 περι-

2179 2802 2434 2870 ωδυνίαις
2463 2801 2750 2878 ἐϐάλλετο,
2779 2807 2870 2862 καὶ
2901 2807 3116 2880 τίθησιν
3146 2802 3432 2865 ἔκπυστον
3458 2815 3594 2879 ςτοῖς
3642 2807 3824 2878 ἰατροῖς

2173 2893 2237 2948 τὸ
2277 2889 2509 2968 συμϐάν.
2540 2894 2607 2953 Oi.
2639 2892 2696 2950 δὲ
2723 2896 2814 2952 τὸν
2845 2901 2946 2966 τῆς
2978 2897 3168 2972 χειρός
3203 2895 3382 2974 ὃγκον
3411 2894 3625 2958 ἰδόντες
3664 2893 3746 2950 καὶ
3769 2891 3823 2946 τὸ

2173 2985 2310 3058 πρὸς
2365 2979 2542 3040 ἄκεσιν
2599 2985 2749 3050 τεθὲν
2803 2986 3332 3062 περιεργασάμενοι,
3367 2983 3508 3043 αὒτὸ
3534 2987 3628 3061 μὶν
3660 2984 3726 3045 ὡς
3755 2982 3822 3056 μή

2171 3072 2307 3128 κατὰ
2361 3073 2594 3146 θεσμοὺς
2656 3075 2988 3148 νοσοκομίας
3059 3074 3441 3156 παραληφθὲν
3533 3074 3819 3149 ἄπήνεγκαν

2171 3168 2273 3230 τῆς
2330 3163 2533 3238 χειρὸς,
2601 3162 2910 3242 φαρμάκοις
2961 3160 3009 3218 δ’
3067 3161 3274 3230 ἄλλοις
3339 3165 3664 3242 ἐχρήσαντο
3740 3179 3822 3215 κα·

419 3251 626 3306 tabant
650 3235 988 3308 distributis
1021 3269 1036 3320 ;
1065 3252 1390 3323 semotique
1423 3250 1657 3306 arbitris
1707 3251 1777 3307 de
1831 3250 2060 3320 imperii

2181 3235 2466 3306 εαλεαίνειν
2515 3235 2836 3324 δυναμένοις
2887 3253 2956 3308 τὰ
2999 3257 3107 3308 τῶν
3165 3235 3522 3330 τραυμάτων
3576 3247 3829 3330 φλεγμαίο

417 3357 756 3398 successore
779 3341 1097 3397 deliberarc
1129 3341 1400 3397 instituit.
1465 3341 1764 3397 Enimvero
1819 3341 1968 3397 valle
2001 3343 2058 3396 in

423 3446 542 3501 qua
571 3435 767 3488 castra
799 3430 1052 3486 habebat
1079 3430 1300 3502 ingenti
1325 3428 1519 3502 pluvia
1555 3430 1864 3501 inundata,
1893 3430 2069 3487 etiam

419 3516 672 3576 lectulus
705 3521 833 3592 ejus
863 3519 1080 3592 impetu
1127 3519 1487 3576 decurrentis
1509 3536 1672 3591 aqua:
1694 3525 1784 3576 est
1811 3526 2066 3590 avectus,

417 3623 551 3664 cum
587 3609 735 3664 illud
771 3608 1096 3676 oraculum,
1133 3631 1160 3658 ‹‹
1209 3608 1392 3664 Cades
1433 3609 1671 3682 aquosis
1717 3610 2066 3681 improvisus

415 3697 477 3754 in
501 3699 665 3767 locis,
699 3722 728 3750 »
759 3700 1009 3758 subinde
1040 3701 1094 3755 in
1130 3717 1226 3756 ore
1257 3699 1513 3756 haberet.
1538 3701 1645 3767 Qui
1703 3716 1832 3758 vero
1889 3701 2068 3772 impe-

416 3790 672 3846 ratorum
711 3789 1116 3846 successiones
1156 3794 1210 3845 et
1256 3789 1606 3846 mutationes
1655 3789 2062 3861 pervestigant,

414 3879 553 3934 illud
580 3880 752 3936 etiam
778 3884 987 3937 eventu
1007 3880 1449 3953 comprobatum
1475 3895 1599 3936 esse
1614 3879 1881 3935 ferunt:«
1901 3878 2056 3936 Heu!

414 3969 598 4024 corvis
630 3985 760 4026 esca
791 3970 906 4025 eris
939 3969 1119 4025 miser
1148 3969 1456 4027 voracibus
1490 3967 1503 4022 !
1569 3990 1598 4018 »ι
1654 3966 1712 4024 Id
1755 3967 2057 4025 oraculum

413 4059 622 4130 partim
657 4060 728 4114 ad
764 4061 932 4131 nigra
961 4063 1018 4115 et
1058 4059 1365 4114 stridentia
1416 4059 1783 4126 ferramenta,
1843 4058 2060 4130 quibus

2167 3359 2343 3395 νοντα.
2411 3341 2562 3396 Ἐπεὶ
2621 3337 2669 3394 δ’
2726 3341 2804 3404 εἷς
2879 3337 3035 3396 οὐδὲν
3102 3341 3388 3416 ἀνύσιμον
3425 3333 3832 3398 ἀπετελεῦτατὶ

2175 3428 2628 3508 φαρμακεύματα,
2687 3430 2824 3506 πρὸς
2877 3431 3241 3509 χειρουργίαν
3312 3432 3374 3486 οἶ
3445 3424 3834 3496 ’Δσκληπιάδαι

2179 3521 2466 3596 βλέπουσι.
2499 3521 2818 3595 Τμηθέντος
2849 3520 2938 3577 οῦν
2969 3526 3068 3578 τοῦ
3117 3521 3484 3598 οἰδήματος,
3544 3519 3665 3579 οὐδ’
3711 3516 3841 3575 οὕτω

2172 3611 2479 3682 καταστολή
2511 3632 2594 3674 τις
2625 3611 2714 3666 καὶ
2746 3609 3091 3690 ὑποχάλασις
3120 3615 3225 3666 τοῦ
3279 3615 3624 3688 πάσχοντος
3677 3609 3852 3684 μέρους

2174 3699 2547 3778 ἐγί·ιετο,ἀλλ⁹
2578 3699 2692 3756 ὅτε
2743 3698 2904 3774 ὄγκος
2955 3699 3039 3754 ἀεὶ
3094 3698 3188 3754 ἐπὶ
3258 3707 3470 3775 μεῖζον
3532 3699 3724 3776 ᾔρετο,
3773 3691 3850 3750 tui

2171 3786 2424 3863 δακτύλῳ
2452 3809 2511 3845 τε
2540 3786 2812 3844 δάκτυλον
2840 3787 2931 3843 καὶ
2982 3788 3194 3862 καρπὸν
3262 3789 3363 3845 ἐπὶ
3425 3788 3699 3864 παλάμῃ,
3755 3783 3855 3841 εἶτα

2169 3884 2380 3954 πῆχυν,
2412 3877 2501 3934 ἐπὶ
2533 3875 2591 3933 δὲ
2619 3875 2797 3950 τούτῳ
2848 3877 3120 3954 βραχίονα
3176 3875 3504 3953 ἐπενέμετο
3550 3879 3616 3934 τὸ
3670 3874 3850 3940 δεινὸν,

2167 3965 2256 4021 καὶ
2319 3965 2571 4040 βασιλεὺς
2631 3969 2736 4021 τῶν
2805 3963 3198 4041 χρηστοτέρων
3266 3966 3542 4024 ἐλπίδων
3602 3969 3855 4041 ἀπήγετο.

2168 4055 2390 4128 Ἀμέλει
2420 4054 2510 4110 καὶ
2539 4059 2656 4118 τοῖς
2691 4055 2786 4128 μὶν
2827 4053 3034 4130 ἰατροῖς
3091 4056 3524 4133 ἠπορημένους
3586 4055 3856 4112 παντάπα-

412 4163 624 4204 manus
652 4148 781 4218 ejus
811 4156 943 4202 usta
983 4151 1157 4213 esset,
1219 4146 1430 4216 partim
1489 4145 1560 4200 ad
1603 4155 2057 4218 cognomentum

2181 4165 2250 4201 τιν
2310 4143 2487 4201 ἐδόκει
2552 4147 2652 4214 τήν
2709 4150 2870 4221 χεῖρα
2915 4149 3014 4201 τοῦ
3073 4146 3385 4222 βασιλέως
3472 4147 3772 4221 ἀποτεμεῖν
3814 4141 3863 4202 ἒς

413 4237 702 4290 montium
735 4236 1024 4307 pertinere
1043 4234 1466 4288 existimantes.

2181 4234 2344 4310 αηρόν
2375 4232 2620 4303 ἀνδρεῖον
2649 4232 2996 4310 ἀδρυνθεῖσαν
3046 4237 3114 4308 τῇ
3166 4234 3533 4313 φλεγμονῇ,
3577 4239 3700 4292 κατ’
3764 4235 3862 4304 άμε-

409 4324 675 4398 φήριστον
709 4319 891 4392 μέντοι
922 4319 1012 4374 καὶ
1089 4314 1210 4374 τὸτε
1279 4323 1380 4372 τοῦ
1454 4321 1759 4396 πάσχοντος
1839 4319 2040 4394 μέλους
2109 4319 2282 4380 ἴασιν.
2363 4324 2620 4397 βασιλεὺς
2665 4321 2722 4380 δὶ
2776 4324 2868 4378 καὶ
2912 4325 3011 4392 τὴν
3066 4324 3368 4402 προτέραν
3436 4328 3635 4402 τομὴν
3696 4322 3864 4382 αῗτίαν

411 4414 513 4464 τοῦ
545 4410 849 4482 ξύμπαντος
925 4411 1094 4463 κακοῦ
1168 4407 1539 4482 ξυνορώμενος
1595 4408 1711 4464 οὐδ’
1769 4409 1916 4474 ὃλως
1987 4417 2104 4475 τοῖς
2179 4409 2507 4490 λεγομένοις
2539 4411 2840 4484 ἐπένευσεν,
2888 4410 3017 4466 ἀλλ’
3044 4408 3232 4469 ἔκειτο
3279 4415 3565 4490 κάμνων,
3644 4416 3711 4470 τὸ
3779 4418 3870 4478 τῆς

409 4497 694 4574 θεραπείας
766 4493 1012 4573 παριδὼν
1089 4496 1418 4575 ἀμφίλογον.
1498 4499 1830 4570 Ἐπιστάσης
1907 4497 1962 4555 δὲ
2034 4507 2136 4571 τῆς
2211 4503 2564 4574 πανευσήμου
2619 4501 2829 4576 ἡμέρας
2868 4507 2969 4570 τῆς
3018 4504 3288 4574 Χριστοῦ
3355 4505 3730 4566 ἀναστάσεως
3777 4505 3875 4556 τῶν

407 4585 565 4664 θείων
642 4587 956 4662 μυστηρίων
1036 4585 1086 4641 ἐν
1167 4586 1367 4660 μεθέξει
1441 4586 1666 4662 γίνεται,
1741 4590 1833 4643 καὶ
1907 4590 2046 4665 πρὸς
2119 4591 2182 4646 τὸ
2258 4588 2473 4646 δεῖπνον
2549 4591 2829 4646 ἀναπεσὼν
2904 4589 3064 4661 ἀνῆκε
3136 4592 3260 4662 τήν
3291 4593 3561 4651 αὐλαίαν
3610 4597 3744 4650 πᾶσι
3771 4595 3879 4648 τοῖς

405 4677 628 4732 εἰσιέναι
681 4675 771 4732 καὶ
839 4674 1099 4747 δεηθῆναι
1158 4675 1397 4740 θέλουσι.
1465 4677 1565 4732 Καὶ
1637 4681 1707 4752 τῇ
1785 4679 1904 4751 ἑξῆς
1943 4680 2125 4756 ἡμέρα
2187 4680 2280 4736 τὸν
2336 4680 2494 4736 αὐτὸν
2565 4676 2992 4754 διαπραξάμενος
3022 4679 3243 4756 τρόπον
3308 4685 3604 4761 ὑποθήκῃ
3659 4686 3760 4738 τοῦ
3787 4699 3882 4756 με-

401 4763 582 4844 γάλου
632 4762 958 4840 δομεστίκου
1017 4766 1286 4837 Ἰωάννου,
1341 4765 1432 4820 καὶ
1521 4766 1590 4820 τὰ
1661 4769 2025 4841 παρατεθέντα
2103 4769 2370 4844 βρώματα
2425 4775 2544 4831 τοῖς
2617 4773 2924 4844 παρεστῶσι
2999 4766 3504 4846 διανειμάμενος,
3589 4776 3716 4830 καθ’
3765 4773 3884 4826 εαυ-

397 4857 491 4912 τὸν
521 4855 706 4913 ἔκτοτε
735 4853 946 4920 ίδιάσας
976 4856 1097 4932 περὶ
1150 4856 1246 4911 τοῦ
1277 4852 1546 4930 διαδόχου
1617 4863 1720 4926 τῆς
1797 4855 2078 4932 βασιλείας
2152 4859 2370 4933 ἐγνώκει
2446 4857 2992 4916 σκέπτεσθαι.⁹ὶ⁴ετοῦ
3067 4855 3124 4914 δὲ
3209 4863 3702 4941 κατενεχθέντος
3757 4863 3886 4940 ῥαγ-

400 4945 577 5018 δαίου,
635 4949 725 5004 καὶ
789 4955 890 5018 τῆς
949 4943 1208 5008 κοιλάδος
1266 4943 1604 5023 καταρῥῦτου
1633 4945 1890 5024 φηνείσης
1933 4946 2016 5020 ἐφ’
2063 4949 2130 5017 ἧς
2195 4948 2697 5024 ἐστρατοπεδεύετο,
2751 4951 2786 5021 ἢ
2839 4971 2899 5006 τε
2933 4948 3226 5025 βασιλέως
3293 4953 3491 5026 κλίνη
3558 4955 3886 5030 μετεφέρετο

399 5039 535 5111 πρὸς
563 5038 626 5094 τὸ
646 5041 943 5112 καθαρεῦον
985 5033 1180 5097 ὕδατος
1211 5034 1394 5109 μέρος,
1419 5036 1510 5090 καὶ
1585 5035 1748 5096 αὐτὸς
1824 5033 1911 5088 ἐπὶ
1986 5037 2256 5111 στόματος
2330 5039 2447 5116 εἶχε
2518 5040 2582 5095 τὸ
2654 5038 2856 5116 φάσγον
2928 5037 3130 5094 οὑτωσὶ
3221 5041 3710 5120 χρησμῲδημαο
3745 5038 3889 5096 «τό,

401 5147 532 5187 ποις
584 5124 630 5183 δ’
683 5125 736 5183 ἐν
791 5127 983 5206 ὑγροῖς
1039 5123 1130 5180 καὶ
1166 5127 1318 5214 ,παρ’
1381 5120 1578 5214 ἐλπίδα
1637 5125 1826 5199 πέσῃς,
1868 5149 1896 5177 ››
1929 5125 1992 5179 Οἱ
2023 5123 2080 5180 δὲ
2106 5127 2202 5190 τὰς
2232 5131 2340 5182 τῶν
2369 5127 2637 5204 βασιλέων
2669 5125 2932 5203 διαδοχὰς
2958 5129 3049 5182 καὶ
3075 5130 3449 5202 μεταθέσεις
3489 5136 3894 5214 φιλοχρινοῦν..

397 5235 486 5278 τες
516 5217 606 5270 καὶ
666 5221 828 5272 τοῦτο
886 5215 1054 5288 πέρας
1114 5213 1394 5295 εἰληφέναι
1454 5212 1666 5290 ἔλεγον,
1729 5239 1756 5267 ‹‹
1814 5216 1882 5270 Ὢ
1927 5219 2042 5277 πῶς
2092 5219 2294 5292 γενήσῃ
2331 5218 2528 5294 βρῶμα
2560 5215 2747 5274 δεινῶν
2777 5217 3026 5292 κοράκων
3061 5219 3073 5274 l
3111 5240 3140 5268 »
3185 5227 3284 5290 πῆ
3331 5223 3448 5296 μὲν
3484 5212 3547 5287 ἔς
3581 5225 3658 5280 τὰ
3693 5221 3902 5298 μέλανα

396 5305 485 5358 καὶ
519 5307 735 5373 σίζοντα
837 5302 1058 5378 σιδήρια
1115 5306 1177 5360 τὸ
1209 5303 1548 5383 παλαίφατον
1657 5308 1820 5362 τοῦτο
1853 5303 2040 5379 λόγιον
2118 5304 2322 5379 ἀφορᾷν
2375 5307 2806 5382 ἰσχυριζόμενοι,
2869 5304 2941 5362 δι’
2976 5307 3051 5361 ὧν
3084 5307 3112 5361 ὁ
3168 5313 3434 5387 καυτήρ
3490 5320 3572 5388 τῇ
3628 5315 3788 5396 χειρὶ
3812 5313 3906 5370 τοῦ

393 5389 670 5535 ξασὶλνέως
731 5392 1102 5466 ἐπενήνεκται,
1142 5401 1216 5466 πῆ
1279 5391 1324 5450 δ’
1384 5393 1436 5458 ές
1486 5395 1548 5450 τὸ
1603 5398 1710 5450 τῶν
1771 5395 1984 5470 βουνῶν
2033 5395 2397 5471 προσώνυμον
2444 5395 2525 5474 ἐφ’
2556 5395 2633 5459 ὦς
2662 5395 2861 5460 ἐκεῖνος
2891 5397 3334 5466 κατεσκηνώκει
3371 5404 3447 5458 τὸ
3485 5389 3908 5480 προεροίὸασμα

433 5499 502 5534 πο
549 5501 760 5535 υοντιις.

433 5499 760 5546 ποΛυοντες.

1767 5579 1935 5640 Hier.
1981 5577 2197 5640 Wolfii
2237 5585 2426 5643 notae.

471 5679 584 5756 (36)
608 5675 889 5752 Κάττυμα.
924 5681 1030 5740 Hic
1061 5697 1176 5738 non
1205 5687 1344 5755 puto
1374 5700 1478 5758 pro
1509 5683 1683 5744 soleis
1712 5685 2006 5757 usurpari,
2038 5684 2139 5744 sed
2167 5700 2274 5759 pro
2299 5691 2434 5747 cute
2461 5688 2595 5762 pedi
2623 5689 2906 5752 detracta.
