4068 6196
254 395 379 461 369

1545 391 1896 454 JOANNES
1940 392 2384 454 COMNENUS.

3540 362 3678 463 "3'10

336 531 445 606 αβ“·
502 524 907 597 Ἐκκλησιάσας
964 523 1012 580 δ’
1067 522 1256 580 ἔπειτα
1316 525 1380 579 τὸ
1426 524 1678 601 συγγενὶς
1707 523 1793 578 καὶ
1827 522 1885 603 φί

2102 525 2568 581 5612.Dein=le
2636 528 2959 584 convocatis
3016 532 3295 601 cognatis,
3353 532 3558 590 amicis
3597 538 3678 591 at-

254 621 380 677 λιον
428 618 521 673 καὶ
581 616 776 672 ὀπίσον
837 614 890 670 ἐν
924 614 1225 694 ὑπεροχαῖς
1263 633 1323 667 τε
1350 614 1440 668 καὶ
1479 612 1782 686 ἀξιώμασιν
1825 614 1915 682 ἦν,

248 710 339 765 καί
399 704 903 782 παραστησάμενος
987 703 1084 759 τὸν
1164 703 1491 779 ὑστερογενῆ
1576 700 1746 757 παῖδα
1829 702 1919 756 τὸν

254 795 553 867 Μανουήλ,
583 792 774 851 τοιάδε
804 788 995 865 ἔλεξεν·
1034 815 1063 845 α
1096 791 1209 851 Οὐκ
1262 790 1346 847 ἐπ’
1405 790 1585 847 ἐλπίσι
1648 792 1742 864 μὲν
1799 797 1917 851 ταῖς

247 886 588 965 ὀρωμέναις,
659 882 851 958 ἄνδρες
927 884 1222 956 Ῥωμαῖοι,
1314 881 1510 957 Συρίαν
1594 876 1915 948 κατὲλαϐον,

244 977 372 1033 ἀλλ’
418 975 591 1048 ᾤμην
632 974 742 1029 τῶν
775 971 1055 1049 προτέρων
1088 969 1440 1045 εὐκλεέστεροι
1489 965 1624 1047 ἔργα
1689 968 1918 1040 ἐνδείξα-

241 1067 390 1135 σθαι,
431 1065 526 1119 καὶ
561 1062 860 1125 λούσασθαι
898 1062 992 1135 μὲν
1019 1058 1335 1129 ἀδεέστερον
1397 1059 1448 1113 ἐν
1516 1060 1774 1137 Εὐφράτῃ
1825 1060 1915 1115 καὶ

233 1162 340 1212 τῶν
374 1154 584 1209 τοῦτου
638 1152 899 1226 ναμάτων
964 1151 1269 1223 πλησμίως
1329 1150 1648 1225 ἀρύσασθαι,
1710 1147 1915 1213 ἰδέσθαι

238 1244 296 1302 δὲ
326 1244 423 1300 καί
459 1240 709 1320 Τίγριδα
739 1241 986 1316 ποταμὸν
1007 1241 1099 1295 καὶ
1157 1236 1481 1312 διαθροῆσαι
1540 1243 1658 1301 τοῖς
1717 1238 1915 1303 ὅπλοις

237 1336 304 1391 τὸ
338 1333 766 1405 ἆνθιστάμενον,
795 1329 922 1386 ὅσον
953 1349 1013 1384 τε
1043 1329 1341 1404 προσρὲπει
1397 1331 1515 1391 τοῖς
1584 1326 1766 1401 Κίλιξι
1824 1330 1915 1384 καὶ

245 1424 382 1480 ὅσον
432 1427 551 1483 τοῖς
613 1420 676 1475 ἐκ
730 1426 832 1489 τῆς
888 1422 1065 1495 ’Ἅγαρ
1130 1415 1510 1492 προσνένευκε,
1594 1413 1914 1473 διαπτάσθαι

236 1511 301 1569 δὲ
334 1514 428 1568 καὶ
459 1511 535 1574 ὡς
597 1511 651 1565 οἱ
717 1508 967 1584 βασιλεῖς
1043 1511 1153 1562 τῶν
1212 1507 1466 1581 ὀρνίθων,
1527 1505 1572 1562 εἰ
1625 1506 1716 1562 καὶ
1780 1509 1917 1582 μέγα

231 1603 404 1659 τοῦτο
478 1600 654 1654 εἰπεῖν
698 1597 835 1669 ἔστι,
901 1597 1039 1671 πρὸς
1090 1594 1460 1667 Παλαιστίνην
1518 1595 1708 1665 αὖα-ἡν,
1772 1597 1914 1657 ὅπου

227 1694 294 1751 τὸ
347 1697 455 1761 τῆς
527 1687 803 1764 ἡμετέρας
866 1687 1077 1764 φύσεως
1132 1689 1337 1760 πτῶμα
1400 1687 1580 1742 πεσὼν
1627 1686 1913 1763 ἀνήγειρεν

229 1785 258 1837 ὁ
288 1780 563 1855 Χριστὸς,
596 1778 686 1834 ἐπὶ
713 1778 949 1834 σταυδοῦ
977 1777 1073 1838 τὰς
1107 1782 1300 1851 χεῖρας
1367 1775 1501 1838 διεὶς
1542 1775 1631 1831 καὶ
1692 1782 1912 1851 μικραῖς

2025 628 2132 685 que
2166 614 2551 686 magnatibus,
2595 617 2988 689 productoque
3044 618 3307 677 Manuele
3362 622 3482 678 ﬁlio
3531 630 3675 681 natu

2024 703 2290 770 mirimo,
2320 703 2658 775 hujusmodi
2689 707 3009 763 orationem
3042 706 3281 764 habuit:
3316 732 3340 761 α
3364 711 3491 767 Non
3512 715 3670 783 equi-

2024 793 2154 848 dem
2188 810 2253 847 ea
2293 809 2391 863 spe
2425 810 2594 863 quam
2646 794 2876 862 videtis,
2937 798 3199 867 quirites,
3257 800 3478 869 Syriam
3537 819 3670 861 sum

2023 883 2342 954 ingressus,
2369 883 2466 937 sed
2502 884 2766 939 virtutem
2796 886 3076 954 majorum
3117 903 3209 943 me
3265 899 3665 959 superaturum

2023 972 2385 1041 opinabanet
2417 974 2677 1026 securius
2712 991 2765 1027 in
2800 973 3089 1043 Euphrate
3154 976 3468 1034 levaturum
3510 984 3566 1036 et
3600 983 3670 1037 ad

2024 1061 2332 1115 satietatem
2354 1059 2551 1116 latices
2574 1065 2699 1131 ejus
2722 1062 3062 1118 hausturum
3115 1082 3257 1131 esse,
3295 1069 3672 1141 visurumque

2022 1150 2193 1205 etiam
2226 1150 2444 1221 Tigrim
2474 1149 2736 1217 ﬂuvium,
2770 1156 2826 1207 et
2853 1168 3053 1209 omnes
3082 1157 3442 1213 adversarios
3491 1161 3669 1216 armis

2022 1238 2490 1310 proﬂigaturum,
2524 1240 2858 1311 quicunque
2880 1258 3082 1298 vorsus
3112 1243 3373 1301 Ciliciam
3426 1253 3673 1319 vergunt

2023 1330 2079 1382 et
2106 1326 2175 1382 ad
2236 1328 2519 1397 Agarenos
2574 1328 2926 1396 defecerunt,
2986 1335 3162 1404 atque
3219 1334 3429 1405 aquilis
3487 1334 3671 1392 instar

2022 1416 2307 1488 (quamvis
2339 1416 2445 1472 hoc
2502 1431 2781 1489 magnum
2841 1420 3000 1477 dictu
3061 1421 3347 1491 videatur)
3377 1423 3437 1479 in
3476 1423 3669 1496 ipsam

2021 1505 2382 1562 Palaestinam
2416 1507 2930 1576 transvolaturum,
2964 1509 3061 1567 ubi
3092 1511 3361 1569 Christus
3419 1515 3671 1570 extensis

2020 1594 2079 1650 in
2103 1609 2272 1650 cruce
2303 1594 2572 1652 manibus
2602 1602 2821 1653 naturis
2854 1606 3061 1655 nostrae
3092 1600 3323 1656 ruinam
3392 1618 3499 1657 suo
3530 1619 3669 1657 casu

2020 1683 2218 1752 erexit,
2251 1687 2308 1741 et
2342 1685 2531 1754 parvis
2561 1686 2741 1757 guttis
2784 1690 2970 1743 totum
3006 1688 3294 1744 mundum
3366 1690 3571 1758 univit,
3604 1705 3672 1746 ac

2021 1777 2273 1829 montem
2299 1773 2527 1829 Domini
2558 1790 3033 1845 conscensurum,
3076 1782 3141 1833 ut
3189 1778 3677 1851 Psalmograpbus

228 1874 417 1949 ῥανίσι
476 1869 687 1944 κόσμον
763 1867 895 1923 ὅλον
968 1866 1043 1928 εἰς
1087 1862 1280 1922 ἕνωσιν
1339 1867 1582 1944 ἀγαγὼν,
1638 1862 1892 1937 άναϐῆνα

2020 1862 2243 1931 scribit,
2275 1870 2445 1935 atque
2465 1863 2525 1918 in
2549 1863 2670 1919 loco
2720 1866 2847 1933 ejus
2871 1872 3071 1921 sancto
3094 1872 3380 1924 staturum
3410 1885 3538 1924 esse
3569 1887 3584 1936 ;
3615 1873 3672 1924 et

234 1960 299 2017 εξ
327 1960 425 2016 καὶ
482 1959 559 2021 εἷς
586 1959 652 2013 τὸ
717 1958 847 2031 ’ὀρος
913 1954 1122 2030 Κυρίου
1169 1954 1304 2011 κατὰ
1357 1957 1448 2009 τὸν
1490 1953 1773 2029 ψαλλοντα
1801 1959 1888 2013 καὶ

228 2058 435 2120 στῆναι
465 2047 518 2103 ἐν
571 2048 729 2120 τόπῳ
780 2045 925 2123 ἁγίῳ
984 2043 1169 2115 αὑτοῦ,
1218 2043 1496 2117 μετελθεῖν
1554 2041 1611 2099 δὲ
1640 2045 1890 2119 πολέμου

221 2142 389 2211 νόμῳ
422 2137 600 2192 καὶτὸ
649 2135 841 2208 κύκλῳ
897 2133 1186 2206 πολέμιον,
1246 2132 1378 2208 ὅπερ
1436 2134 1511 2197 ὡς
1560 2140 1662 2204 τῆν
1715 2135 1887 2192 πάλαι

220 2222 470 2283 κιϐωτὸν
502 2226 557 2280 οἱ
589 2222 926 2300 ἀλλόφυλοι,
959 2224 1056 2293 τήν
1105 2226 1202 2277 τοῦ
1258 2223 1465 2297 Κυρίου
1522 2224 1681 2297 σορὸν
1749 2224 1888 2281 πολ-

220 2315 386 2376 λάκις
460 2313 586 2370 εἷλε
629 2310 986 2386 δορὺκτητον·
1053 2311 1203 2367 Ἐπεὶ
1263 2308 1320 2366 δὶ
1376 2312 1461 2376 οἷς
1514 2314 1742 2386 τρόποις
1825 2315 1888 2369 τὸ

218 2407 365 2460 θεῖον
410 2403 727 2473 ἐπίσταται,
763 2397 956 2455 οὔκουν
1008 2396 1250 2456 δέδεκται
1308 2400 1474 2473 πέρας
1529 2402 1595 2456 τὰ
1649 2400 1886 2475 προσδο-

214 2496 472 2568 κώμενα,
530 2492 855 2559 ἀντιστῆναι
910 2490 1003 2563 μὶν
1074 2487 1221 2550 ὅλως
1280 2489 1379 2545 οὐκ
1406 2486 1599 2565 ,ἕο-τιν,
1651 2490 1768 2547 οὐδ’
1800 2491 1887 2548 ἐπὶ

216 2589 338 2645 τοῖς
405 2580 722 2656 ὁρωμένοις
780 2579 963 2654 χρεὼν
1022 2579 1313 2636 ἀντειπεῖν.
1399 2579 1491 2635 Τίς
1574 2582 1680 2656 γὰρ
1755 2587 1888 2637 Θεοῦ

225 2672 556 2747 σοφώτερος
583 2688 599 2739 ;
630 2671 666 2739 ἢ
698 2689 781 2729 τις
816 2667 1186 2740 μετελεύσεται
1212 2672 1337 2723 νοῦν
1369 2671 1573 2744 Κυρίου
1601 2672 1691 2725 καί
1726 2692 1886 2743 μετα-

223 2761 518 2836 μείψειτά
565 2758 768 2814 τούτου
810 2756 1064 2832 κρίμανα,
1128 2756 1416 2835 ὑφελέσθαι
1475 2758 1511 2829 ἤ
1571 2763 1888 2835 προσθεῖναι

215 2852 447 2912 τούτοις
514 2845 883 2920 δεδυνημένος
918 2866 931 2916 ;
966 2846 1240 2922 Σφαλεραὶ
1286 2848 1379 2920 μὲν
1410 2850 1515 2923 γὰρ
1558 2851 1613 2904 αἱ
1663 2855 1772 2905 τῶν
1803 2850 1888 2905 ἀν.

223 2942 471 3016 θρώπων
506 2938 773 3001 ἐπίνοιαι,
796 2938 832 3006 ἡ
867 2933 923 2990 δὲ
951 2940 1048 2991 τοῦ
1079 2934 1281 3012 Κυρίου
1334 2936 1509 3011 βουλή
1566 2938 1888 3009 ἁνεπιποίη-

218 3033 316 3094 τὸς
346 3050 413 3084 τε
434 3029 532 3084 καὶ
589 3026 1009 3099 ἀμετάπτωτος.
1042 3026 1130 3082 Ἐν
1180 3023 1416 3089 πολλοῖς
1467 3025 1512 3082 δ’
1544 3026 1692 3090 ὅσοις
1723 3027 1890 3105 εὐχά-

223 3139 418 3193 ριστος
449 3114 606 3193 ἔχων
642 3113 950 3170 δείκνυσθαι
979 3119 1059 3187 τῷ
1085 3115 1150 3169 τὰ
1179 3117 1298 3170 κατ’
1349 3116 1447 3189 ἐμὲ
1504 3119 1890 3196 συμφερόντως

228 3208 698 3279 οἰκονομήσαντι,
760 3204 794 3258 ἂ
856 3204 944 3257 καὶ
1006 3203 1235 3277 ἀριθμὸν
1300 3204 1669 3280 ὑπερπέπαικε
1747 3207 1887 3279 σύμ-

216 3318 418 3367 ταντα,
450 3301 538 3367 τῷ
566 3293 708 3357 τέως
736 3293 1285 3369 ἀνθομολογούμενος
1315 3291 1397 3371 ἔφ’
1441 3298 1524 3358 οἷς
1592 3294 1891 3370 ἐμεγάλυνε

207 3392 310 3443 τοῦ
373 3391 617 3454 ποιῆσαι
679 3383 801 3458 μεθ’
856 3384 1019 3457 ἡμῶν
1071 3381 1228 3445 ἔλεος
1286 3382 1369 3439 ἐπ’
1429 3385 1719 3459 ἀκροαταῖς
1765 3388 1892 3461 ὑμῖν

208 3478 307 3543 καὶ
339 3479 454 3530 τῶν
491 3472 812 3546 λεγομενων
848 3468 1110 3545 εἷδήμοσι
1144 3469 1274 3528 τάδε
1304 3475 1472 3553 φημί.
1532 3477 1633 3532 Ἐκ
1688 3478 1894 3551 πατρὸς

220 3564 510 3644 βασιλέως
543 3557 699 3642 ἔφυν,
730 3561 916 3640 ἀρχῆς
947 3560 1250 3635 γεγένημαι
1279 3570 1380 3633 τῆς
1440 3563 1643 3619 ἐκείνου
1703 3562 1891 3622 διάδο-

216 3676 360 3733 χος,
398 3651 546 3708 οὖδὶν
574 3646 943 3724 ἀπεϐαλόμην
990 3651 1067 3706 ὧν
1119 3652 1196 3713 εἰς
1253 3655 1443 3728 χεῖράς
1506 3675 1601 3729 μοι
1653 3653 1885 3729 παραδέ.

208 3743 421 3801 δωκεν.
488 3744 551 3800 Εἰ
612 3740 671 3797 δὲ
699 3741 822 3797 κατ’
891 3739 1211 3815 εὐγνώμονα
1269 3743 1357 3797 καὶ
1402 3744 1586 3799 πισνὸν
1613 3744 1888 3821 ὑπηρέτην

212 3831 721 3908 ξπεξειργασάμηφ
761 3829 828 3884 τὸ
874 3829 1213 3904 παρασχεθέν
1275 3851 1368 3904 μοι
1414 3833 1590 3887 θεόθεν
1625 3839 1726 3903 τῆς
1788 3835 1886 3911 βα-

212 3921 436 3983 σιλείας
466 3920 756 3991 τάλαντον,
796 3916 993 3981 ἄλλοις
1024 3923 1244 3974 σκοπεῖν
1273 3920 1364 3975 καὶ
1413 3918 1588 3996 λέγειν
1658 3923 1884 4000 ἀφίημί·

213 4013 305 4069 καὶ
341 4009 515 4073 αὐτὸς
544 4007 602 4064 δὲ
635 4009 956 4083 ἃνεπαχθῶς
989 4004 1364 4083 διηγησαίμην
1400 4005 1479 4079 ἄν,
1514 4009 1617 4066 οὐκ
1668 4008 1885 4087 ἐναϐρυ-

209 4103 479 4177 νόμενος,
538 4094 690 4152 ἄλλα
746 4097 816 4150 τὰ
871 4097 995 4171 περὶ
1055 4095 1154 4169 ἐμὲ
1202 4098 1474 4171 θαυμάσια
1509 4103 1606 4155 τοῦ
1637 4105 1771 4157 Θεοῦ
1803 4100 1887 4158 δι-

217 4188 582 4262 ηκοῦμεκος.
628 4188 772 4248 Ἕως
809 4206 877 4260 με
904 4185 996 4241 καὶ
1066 4182 1244 4260 δυσμὴ
1290 4189 1605 4265 μαχόμενον
1664 4186 1884 4266 ἔϐλεψε,

208 4280 278 4334 τὰ
340 4278 485 4351 πρὸς
554 4272 725 4354 ἄμφω
769 4276 866 4338 τὰς
923 4274 1189 4353 ἠπείρους
1222 4280 1336 4350 (37)
1394 4277 1519 4351 ἔθνη
1570 4280 1880 4355 μετῆλθον.

221 4368 435 4439 Ὀλίγα
491 4370 619 4451 τοῖς
675 4364 998 4441 ἀνακτόροις
1054 4366 1404 4442 προσέμεινω
1447 4370 1475 4425 ὁ
1518 4370 1636 4445 βίος
1684 4369 1881 4451 σχεδὸν

217 4475 322 4529 μοι
389 4451 529 4515 ἃπας
581 4450 668 4505 ἐπὶ
718 4458 944 4523 σκηνῆς,
1002 4452 1092 4508 καὶ
1147 4455 1210 4509 τὸ
1267 4454 1561 4527 αἶθριάζειν
1618 4456 1701 4512 ὰεί
1750 4450 1883 4531 ίμοι

217 4537 727 4618 περιεσποὺδαστο.
771 4540 832 4597 Ἦ
865 4547 936 4616 γῆ
981 4539 1117 4614 αὕτη
1190 4542 1271 4617 ἐφ’
1316 4545 1384 4613 ἧς
1444 4548 1537 4599 νῦν
1586 4565 1876 4621 στρατοπε-

213 4606 518 4702 δευόμεθα,
580 4626 665 4691 δίς
724 4649 792 4702 με
1018 4606 1376 4708 προσέϐλεψε·
1446 4634 1537 4690 καὶ
1562 4606 1883 4711 ἤνιμακρὸς
1914 4606 1961 4672 D

204 4719 258 4791 ἐξ
291 4720 366 4775 οὗ
393 4719 604 4794 χρόνος
633 4717 951 4795 ἀφθαλμοῖς
983 4720 1084 4777 οὐκ
1112 4718 1263 4778 εἶδον
1294 4725 1547 4799 στρατιάν
1589 4725 1877 4798 Ῥωμαίων

202 4808 419 4885 Πέρσαι
471 4807 563 4861 καὶ
623 4802 882 4882 Ἄραϐες,
937 4810 1141 4882 ταύτην
1195 4805 1413 4887 ἔτρεσαν
1467 4810 1587 4888 ἄρτι
1638 4815 1718 4892 ἐφ’
1745 4816 1879 4892 ἠγε-

210 4900 344 4971 μόνι
393 4900 509 4967 Θεῷ
566 4896 661 4950 καὶ
711 4899 1108 4976 ὑποστρατήγῳ
1160 4903 1242 4975 [Ρ.
1278 4904 1372 4976 29]
1420 4899 1685 4976 ἰμοῖ,καί
1736 4904 1879 4959 πολ-

207 4986 331 5042 λῶν
387 4989 606 5048 πόλεων
665 4993 802 5064 ἡμῖν
836 4989 1217 5061 ὑπεξίστησαν,
1274 4988 1349 5046 ὧν
1402 4991 1457 5055 ἃς
1491 4989 1648 5067 δεῦρο
1696 4994 1877 5069 κύριοι

201 5082 649 5154 καθεστήκαμεν,
702 5077 759 5134 α²ί
804 5078 899 5134 καὶ
953 5083 1085 5149 ζῶσι
1133 5079 1272 5135 κατὰ
1298 5079 1366 5135 τὰ
1403 5082 1566 5155 ἡμῶν
1598 5083 1875 5158 προστάγο

209 5189 392 5242 ματα.
441 5171 547 5228 Καὶ
609 5168 730 5241 δοίη
783 5169 987 5245 Κύριος
1013 5170 1042 5225 ὁ
1093 5171 1223 5234 Θεὸς
1251 5169 1377 5243 ἐμοὶ
1412 5173 1522 5245 μὴν
1555 5172 1873 5250 ὑπερμογή·

206 5278 367 5314 inv-rt
431 5265 530 5316 τοῦ
570 5265 682 5317 τῶν
736 5263 1072 5336 Χριστιανῶν
1098 5260 1478 5337 πληρώματος
1506 5261 1716 5340 κλῆρον
1762 5262 1877 5321 ἐκεῖ

203 5348 308 5404 καὶ
346 5347 539 5421 μεὸίδα
588 5347 784 5423 ἀΐδιον,
825 5351 893 5420 ἢν
953 5351 1006 5408 οἱ
1035 5355 1225 5427 πραεῖς
1269 5351 1358 5407 καὶ
1390 5352 1670 5430 εὐάρεστοι
1724 5354 1875 5427 αὖτῷ

2009 1950 2206 2009 hostes
2238 1951 2338 2024 qui
2369 1951 2428 2005 in
2460 1951 2706 2007 circuitu
2735 1962 2870 2008 sunt
2894 1954 3028 2010 belli
3059 1956 3192 2026 jure
3230 1970 3665 2026 aggressurum,

2001 2042 2102 2111 qui
2129 2048 2191 2099 ut
2220 2040 2357 2099 olim
2391 2057 2582 2095 arcam
2606 2040 2858 2111 Barbari,
2893 2042 2973 2098 sic
2996 2042 3110 2114 ipsi
3130 2043 3391 2098 loculum
3423 2038 3657 2099 Domini

1999 2130 2285 2205 ’sepejam
2309 2132 2490 2187 armis
2520 2137 2896 2201 occuparunt.
2930 2132 3076 2199 Quia
3112 2148 3248 2188 vero
3305 2133 3654 2199 exspectatio

2001 2240 2129 2280 mea
2163 2238 2250 2277 me
2274 2221 2544 2276 frustrata
2583 2228 2668 2276 est
2723 2221 2859 2293 (qua
2915 2219 2989 2276 de
3042 2238 3217 2276 causa
3266 2222 3657 2292 Deusnovit),

2000 2313 2271 2368 resistere
2301 2310 2538 2368 omnino
2590 2310 2748 2366 baud
2805 2309 2963 2378 licet,
3006 2326 3109 2366 nec
3175 2310 3249 2368 iis
3298 2327 3425 2382 quae
3456 2326 3653 2368 coram

1999 2408 2318 2461 cernuntur
2347 2403 2643 2475 refragari.
2686 2403 2824 2467 Quis
2882 2402 3037 2459 enim
3094 2408 3184 2459 est
3241 2402 3358 2460 Deo
3418 2403 3661 2474 sapien-

2000 2496 2107 2551 tior
2130 2495 2158 2550 ?
2186 2499 2287 2551 aut
2317 2494 2446 2567 quis
2468 2494 2700 2549 Domini
2734 2491 2994 2550 animum
3038 2493 3377 2564 explorabit,
3411 2495 3655 2565 ejusque

1991 2584 2214 2657 judicia
2245 2583 2334 2639 vel
2366 2583 2630 2639 addendo
2661 2586 2750 2639 vel
2790 2583 3147 2640 detrahendo
3181 2582 3471 2639 mutabit?
3504 2584 3649 2641 Nam

1999 2673 2305 2729 hominum
2338 2672 2436 2729 57
2468 2672 2703 2744 quidem
2761 2672 3136 2743 cogitationes
3195 2671 3431 2728 lubricae
3491 2678 3650 2739 sunt,

2004 2761 2100 2817 Dei
2129 2777 2262 2817 vero
2294 2759 2605 2816 consilium
2639 2777 2751 2815 non
2787 2765 2876 2815 est
2916 2760 3142 2816 irritum
3192 2776 3297 2816 nec
3349 2761 3647 2819 mutabile.

1997 2850 2141 2907 Cum
2175 2854 2368 2905 autem
2402 2848 2586 2904 multa
2617 2847 2736 2904 sint
2767 2847 3043 2904 divinitus
3072 2849 3129 2903 in
3147 2865 3237 2904 me
3252 2848 3461 2905 collata
3480 2838 3652 2905 bene-

2000 2938 2131 2995 licia
2160 2955 2224 2994 ac
2258 2954 2498 2994 numero
2532 2952 2676 3009 pene
2727 2936 2888 2992 nullo
2934 2938 3350 3009 compiebendi
3409 2950 3653 3010 queant,

1997 3026 2367 3083 audientibus
2395 3026 2578 3095 vobis,
2612 3026 2939 3098 iisdemque
2960 3026 3490 3097 testibus,divinam
3515 3044 3653 3100 erga

2000 3134 2091 3175 me
2122 3117 2561 3175 beneﬁcentiam
2591 3124 2755 3189 grata
2775 3134 2914 3173 voce
2964 3117 3304 3187 praedicabo.
3348 3118 3509 3175 Patre
3538 3119 3651 3174 iiu-

2001 3214 2265 3281 peratore
2298 3214 2471 3264 natus
2501 3224 2650 3275 sum,
2684 3208 2769 3264 illi
2800 3208 2858 3263 in
2893 3208 3134 3279 imperio
3165 3210 3419 3265 successi
3456 3234 3470 3276 ς
3502 3208 3648 3264 nihil

2003 3315 2200 3355 eorum
2233 3315 2357 3370 qua
2416 3314 2747 3371 acceperam
2812 3298 3001 3354 amisi.
3030 3299 3115 3354 An
3176 3313 3307 3354 vero
3346 3298 3651 3369 prudentis

2003 3397 2057 3447 et
2086 3391 2275 3447 fidelis
2307 3390 2551 3446 ministri
2609 3391 2793 3446 instar
2849 3390 3129 3447 talentum
3176 3391 3338 3464 regni
3375 3390 3653 3445 divinitus

2003 3480 2145 3537 mihi
2185 3481 2471 3536 creditum
2533 3480 2811 3549 auxerim,
2868 3480 2998 3537 aliis
3057 3479 3543 3536 considerandum
3595 3484 3652 3535 et

2001 3572 2573 3625 commemorandum
2606 3569 2896 3640 relinquo,
2926 3568 3188 3639 quamvis
3237 3574 3297 3622 et
3328 3568 3451 3638 ipse
3504 3567 3648 3623 citra

2002 3658 2324 3714 molestiam
2346 3675 2407 3714 ea
2431 3658 2742 3729 pradicare
2766 3655 3284 3730 queam,nnllaque
3305 3672 3438 3711 cum
3461 3659 3650 3710 osten-

1999 3750 2237 3817 tatione,
2270 3748 2366 3804 sed
2401 3746 2810 3802 miraculorum
2844 3745 2947 3802 Dei
3002 3744 3401 3800 celebratione.
3443 3742 3644 3799 Oriens

1999 3841 2057 3893 et
2086 3838 2329 3893 Occasus
2361 3836 2514 3893 bella
2570 3852 2662 3892 me
2718 3843 3011 3907 gerentem
3078 3834 3350 3889 viderunt
3384 3857 3398 3901 ;
3438 3837 3643 3904 gentes

1998 3942 2119 3997 quis
2147 3926 2204 3981 in
2239 3931 2485 3996 utraque
2515 3926 2845 3980 continente
2868 3922 3285 3992 habitant,sum
3315 3937 3637 3993 aggressus.

1999 4015 2202 4071 Parum
2233 4014 2291 4069 in
2329 4012 2536 4085 palatto
2567 4012 2775 4080 mansi,
2808 4011 2984 4068 vitatu
3018 4027 3166 4084 pene
3194 4010 3255 4066 in
3294 4010 3643 4068 tabernacu-

1995 4103 2069 4160 lis
2098 4104 2258 4175 exegi
2295 4120 2309 4170 ;
2342 4118 2572 4171 semper
2603 4108 2660 4157 ut
2692 4101 2799 4156 sub
2820 4101 2917 4157 dio
2946 4117 3198 4172 agerem,
3230 4116 3464 4172 operam
3487 4100 3640 4157 dedi.

1994 4192 2189 4249 Tellus
2222 4194 2363 4260 haec,
2396 4192 2456 4246 in
2514 4208 2629 4263 qua
2685 4195 2876 4246 castra
2932 4191 3237 4259 habemus,
3273 4189 3360 4245 bis
3393 4204 3485 4245 me
3514 4191 3639 4260 jam

1995 4281 2236 4354 aspexit.
2296 4280 2539 4337 Multum
2595 4280 2873 4351 temporis
2921 4282 3322 4336 intercesserat
3402 4296 3469 4335 ex
3526 4296 3639 4350 quo

1995 4376 2182 4427 Persas
2212 4374 2269 4427 et
2300 4368 2515 4426 Arabes
2550 4370 2869 4425 Romanum
2938 4370 3257 4424 exercitum
3311 4384 3426 4424 non
3480 4368 3638 4424 vide-

1994 4466 2161 4518 rant:
2187 4460 2344 4516 hunc
2373 4458 2759 4514 formidarunt
2790 4462 2904 4514 Deo
2934 4459 3082 4513 duce
3111 4472 3318 4530 meque
3341 4457 3631 4525 ministro,

1995 4552 2279 4622 nobisque
2335 4548 2537 4604 multis
2593 4547 2835 4604 urbibus
2884 4552 3209 4617 cesserunt,
3265 4564 3406 4620 quas
3445 4548 3637 4603 adhuc

1989 4642 2322 4699 obtinemus
2352 4656 2598 4713 quisque
2619 4638 2832 4695 nostris
2860 4638 3163 4709 imperatis
3212 4643 3438 4711 parent.
3473 4638 3636 4694 Faxit

1989 4736 2143 4788 Deus
2166 4738 2230 4786 ut
2254 4746 2379 4801 ego,
2413 4731 2513 4803 qui
2543 4746 2646 4802 pro
2679 4728 3007 4785 Christiano
3042 4728 3253 4800 populo
3312 4745 3474 4784 arma
3524 4729 3634 4783 cir-

1988 4820 2381 4889 cumtuli,illic
2403 4826 2677 4876 aeternam
2700 4817 3095 4875 hssreditatem
3121 4818 3433 4889 adipiscar,
3458 4831 3631 4888 quam

1988 4911 2275 4967 mansueti
2315 4911 2652 4981 acceptique
2713 4909 2826 4964 Deo
2882 4915 3315 4978 consequentur
3356 4922 3371 4972 ;
3422 4904 3630 4958 vestris

1984 5010 2118 5055 vero
2176 4998 2278 5056 58
2339 4997 2609 5053 manibus
2666 4997 2843 5052 robur
2903 5004 2959 5050 et
3009 4995 3154 5050 vires
3208 4992 3377 5047 addat
3432 4996 3630 5045 contra

1986 5088 2233 5162 populos
2255 5089 2351 5160 qui
2370 5087 2537 5144 bellis
2560 5087 2819 5143 student.
2844 5087 3063 5157 quique
3084 5087 3512 5138 sacrosanctum
3533 5077 3627 5133 Dei

1987 5181 2166 5235 nostri
2194 5193 2403 5234 nomen
2439 5193 2551 5232 non
2584 5176 2872 5230 invocant.
2938 5175 2992 5227 id
3054 5177 3242 5227 autem
3306 5170 3420 5238 fiet,
3452 5168 3499 5223 si
3527 5182 3629 5223 vos

1984 5283 2288 5325 successus
2317 5283 2348 5320 ε
2379 5265 2576 5322 dextra
2612 5263 2891 5321 Altissimi
2941 5268 2996 5317 et
3053 5258 3273 5317 excelso
3323 5263 3450 5330 ejus
3494 5258 3625 5314 bra-

1984 5357 2116 5414 chio
2147 5356 2396 5429 pendere
2451 5353 2796 5422 statuoritis,
2834 5360 2889 5408 et
2954 5352 3072 5406 dux
3133 5348 3296 5406 vobis
3350 5346 3624 5406 divinitus

1504 5568 1507 5571 λ
1609 5482 1777 5545 Hier.
1811 5481 2030 5545 Wolﬂi
2061 5489 2249 5544 nota.

281 5608 848 5690 (37)Τὲςήπειρρυς.
882 5612 1082 5671 Asiam
1114 5617 1171 5671 et
1225 5613 1513 5688 Europam
1569 5615 1854 5690 intelligo.

2003 5617 2157 5689 gitur
2211 5619 2270 5672 et
2324 5615 2479 5689 apud
2530 5615 2843 5671 [socratam
2878 5612 3059 5670 semel
3090 5618 3262 5685 atque
3287 5613 3501 5671 iterum
3533 5610 3618 5688 ἃφ⁹

204 5677 444 5757 διά-τερα
471 5677 590 5753 τῆς⁷
605 5677 859 5759 ἠπείρου.
