4068 6196
398 350 516 425 8'11

1719 343 2027 406 NICETE
2069 343 2270 407 CHON
2281 345 2489 410 ΙΑΤΕ

3693 333 3816 398 372

403 482 715 558 contigerit
743 498 860 539 non
890 478 1257 537 truculentus
1278 493 1500 552 suoque
1528 493 1640 535 non
1695 478 2051 551 respondens

2164 475 2568 553 ἀπολήψονταιο
2646 477 2798 552 ὑμῶν
2859 474 2905 533 δ’
2959 476 3036 534 ﬁt:
3096 475 3430 551 κραταιώσαι
3491 474 3590 538 τὰς
3620 478 3821 555 χεῖρας

407 577 655 639 nomini,
686 578 788 628 aut
816 572 1084 642 perplexo
1107 570 1362 642 ingenio,
1421 573 1476 624 et
1541 568 1757 623 ventris
1796 583 1861 623 ac
1904 567 2056 639 gulm

407 664 888 737 mancipium,qui
922 680 954 717 a
984 662 1193 732 palatio
1226 677 1340 715 non
1375 659 1555 726 magis
1581 673 1758 728 quam
1788 657 2055 724 penicillo

405 764 462 813 et
491 755 775 810 coloribus
805 751 1401 820 expressmimagines
1447 747 1734 803 avellitur.
1797 748 1939 803 Nam
1994 751 2056 803 ut

409 843 690 915 principis
722 856 914 896 mores
944 845 1104 906 sunt,
1138 839 1218 894 ita
1252 855 1345 894 res
1369 844 1485 893 fere
1542 836 2055 902 administrantur,

404 937 786 1005 utpoteaquo
806 930 1133 1003 pendeant:
1167 928 1262 999 qui
1286 928 1333 982 si
1362 928 1604 997 ignavus
1657 927 1751 995 sit,
1787 933 1965 981 ruunt
1997 929 2054 981 in

404 1020 778 1086 deterius,sin
797 1018 986 1075 bonus
1007 1020 1092 1073 est
1114 1024 1171 1073 et
1191 1023 1490 1082 strenuus,
1531 1019 1837 1086 eriguntur
1867 1023 1917 1072 et
1950 1015 2055 1071 ﬂu-

401 1111 783 1183 rent.Quippe
804 1107 1197 1177 Deus,Davide
1219 1112 1475 1173 auctore,
1511 1106 1694 1162 bonus
1716 1111 1774 1160 et
1797 1105 2055 1177 integros

404 1197 692 1272 provehit,
724 1199 1001 1253 distortos
1033 1211 1167 1251 vero
1195 1211 1332 1251 cum
1365 1193 1588 1268 iniquis
1622 1193 1682 1249 in
1721 1194 2054 1250 barathrum

405 1287 748 1361 pracipitat.
780 1289 921 1342 Cum
951 1290 1140 1341 autem
1174 1285 1246 1340 de
1273 1298 1606 1339 successore
1659 1282 1889 1354 imperii
1930 1290 2055 1355 post

411 1379 636 1434 obitum
671 1392 884 1444 meum,
921 1375 1017 1446 qui
1042 1375 1167 1447 jam
1199 1374 1379 1430 instat
1418 1371 1791 1438 inevitabilis,
1853 1371 2055 1428 dicen-

411 1468 546 1524 dum
579 1468 674 1533 sit,
705 1482 807 1521 vos
838 1464 1167 1521 auscultare
1197 1479 1428 1535 aequum
1459 1466 1569 1518 est.
1621 1463 1936 1533 Imperium
1995 1468 2061 1516 ut

411 1555 827 1630 patrimonium
862 1556 934 1610 ad
961 1568 1055 1609 me
1075 1552 1326 1618 venisse,
1359 1552 1519 1607 dictu
1554 1568 1669 1607 non
1722 1551 1907 1622 magis
1957 1566 2059 1606 ne-

409 1646 728 1702 cessarium
758 1652 844 1700 est
870 1660 1045 1716 quam
1070 1642 1550 1713 1ucernam,quod
1584 1640 1769 1707 aiunt,
1800 1641 1858 1695 in
1893 1640 2061 1696 meri-

410 1739 504 1796 die
530 1736 862 1795 accendere.
895 1733 1041 1790 Cum
1099 1742 1293 1788 autem
1343 1749 1445 1788 vos
1503 1741 1803 1802 paternum
1865 1731 1924 1786 in
1969 1746 2061 1787 me

407 1825 754 1898 suffragium
815 1822 1171 1894 approbasse
1230 1824 1287 1875 et
1339 1819 1397 1874 in
1457 1819 1607 1875 ﬁlios
1668 1835 1829 1875 meos
1858 1820 2057 1875 eodem

404 1915 639 1972 sﬂcclos
670 1928 796 1969 esse
828 1912 997 1967 modo
1054 1909 1304 1975 videam,
1364 1914 1421 1964 et
1478 1908 1580 1964 uni
1620 1926 1689 1965 ex
1736 1908 1883 1964 meis
1913 1908 2051 1965 ﬁliis

404 2010 675 2077 (quorum
707 2000 821 2055 duo
850 1998 1043 2054 adhuc
1081 1998 1424 2070 superstites
1481 2001 1641 2065 sunt,
1692 1997 1947 2053 Isaacius
1996 2001 2053 2052 et

405 2090 661 2164 Manuel)
710 2089 810 2149 59
863 2089 1260 2159 obtemperare
1310 2085 1479 2151 velle,
1526 2102 1713 2158 neque
1763 2085 2053 2144 delectum

403 2182 562 2254 ipsos
597 2194 902 2251 usurpare,
934 2176 1037 2232 sed
1067 2191 1209 2232 meas
1240 2191 1503 2232 censurae
1533 2175 2053 2249 permittere,equi-

402 2272 534 2329 dem
567 2270 749 2325 fateor
780 2278 1044 2323 naturam
1105 2265 1493 2339 principatum
1544 2270 1682 2320 natu
1732 2265 2052 2336 majoribus

404 2370 627 2427 deferre
647 2366 832 2425 solere
859 2384 874 2436 ;
907 2372 1090 2422 Deum
1121 2381 1256 2420 vero
1282 2364 1344 2421 in
1390 2364 1769 2437 designandis
1818 2366 2053 2436 regibus

400 2461 573 2518 aliam
606 2458 890 2516 rationem
925 2456 1274 2528 plerumque
1303 2456 1469 2529 sequi
1510 2455 1924 2511 animadverto.
1949 2458 2048 2513 Co-

403 2553 583 2625 gitate
610 2548 873 2605 Isaacum
907 2554 1044 2602 natu
1101 2546 1387 2600 minorem
1446 2544 1713 2612 Ismaele,
1771 2544 2051 2601 Jacobum

409 2645 543 2715 post
572 2639 787 2696 Esaum
820 2640 1079 2692 materno
1101 2639 1264 2690 utero
1285 2633 1598 2702 exsiliiese,
1630 2634 1844 2690 Mosem
1874 2636 2055 2690 Aaro-

408 2745 481 2787 ne
504 2729 821 2801 juniorem,
854 2725 1129 2782 Davidem
1194 2729 1255 2780 et
1307 2730 1532 2780 statura
1588 2727 1646 2779 et
1692 2728 1857 2779 aetate
1889 2724 2057 2779 mini-

412 2833 579 2875 mum
613 2818 789 2873 fuisse
819 2817 969 2871 inter
998 2815 1230 2884 fratres,
1280 2812 1546 2885 aliosque
1592 2811 1872 2884 plurimos
1903 2833 1918 2881 ;
1952 2828 2059 2868 nec

416 2908 573 2965 enim
610 2908 755 2962 Deus
786 2906 1043 2961 humano
1074 2918 1231 2959 more
1264 2918 1521 2974 persons:
1552 2902 1832 2958 rationem
1866 2902 2056 2971 habet,

418 3012 525 3054 nec
556 2994 738 3068 pretia
768 3008 961 3049 rerum
995 2991 1156 3047 canis
1187 2995 1245 3046 et
1272 2995 1439 3046 aetate
1474 2990 1730 3059 metitur,
1761 2990 1864 3047 sed
1896 2991 2059 3045 indo-

415 3084 527 3141 lem
575 3082 780 3151 animi,
838 3078 1362 3145 mansuetudinem,
1417 3078 1716 3135 lenitatem
1774 3079 2061 3149 intuetur,

416 3172 943 3241 mandatorumque
965 3183 1208 3223 suorum
1232 3169 1714 3222 observationem.
1741 3168 1958 3233 Quibus
1989 3168 2060 3222 de

412 3263 609 3318 causis
638 3275 743 3332 ego
775 3238 1006 3330 quoque
1026 3255 1362 3328 corruptrici
1384 3262 1604 3311 naturas
1628 3257 1686 3311 in
1712 3253 1913 3311 multis
1941 3272 2055 3313 non
2089 3238 2131 3306 C

410 3348 826 3423 obsequor,sed
858 3348 983 3417 ejus
1010 3344 1313 3413 institutis,
1348 3354 1407 3399 ut
1430 3343 1655 3417 pusillas
1698 3345 2057 3401 muliercula

410 3439 695 3505 consiliis,
726 3437 785 3492 in
818 3436 994 3492 rebus
1051 3434 1417 3507 gravioribus
1470 3435 1811 3506 repudiatis,
1873 3435 2057 3493 Deum

409 3529 605 3587 omnis
628 3544 816 3601 prava:
848 3523 1170 3582 affectionis
1199 3528 1494 3596 expertem
1532 3535 1831 3581 auctorem
1891 3524 2055 3596 sequi

409 3617 805 3685 melo.Quodsi
827 3615 968 3672 citra
995 3613 1176 3672 ullam
1235 3615 1686 3671 controversiam
1743 3614 2053 3686 imperium

408 3710 646 3778 Issacio,
707 3707 827 3766 filio
885 3712 1026 3762 natu
1088 3704 1408 3776 grandiori,
1466 3705 1815 3761 tradendum
1883 3715 2051 3770 esset,

404 3808 555 3866 nihil
585 3806 775 3864 verbis
807 3808 961 3863 esset
988 3820 1137 3876 opus
1175 3804 1246 3859 ad
1278 3802 1383 3859 ﬁlii
1419 3808 1724 3875 utriusque
1764 3804 2055 3862 declaran-

406 3900 544 3955 dum
568 3896 866 3969 ingenium
890 3913 906 3964 ;
929 3895 1029 3951 sed
1062 3909 1196 3950 cum
1228 3894 1298 3950 ad
1332 3898 1474 3950 natu
1508 3893 1795 3951 minorem
1828 3897 2054 3953 Manus-

407 3987 519 4044 lem
553 3987 610 4042 id
643 3984 906 4051 inclinet,
936 3985 1006 4041 ad
1045 3982 1205 4054 vulgi
1233 3984 1414 4039 malas
1470 3982 1836 4054 suspiciones
1884 3984 2054 4041 decli-

406 4076 633 4151 nandas
661 4078 719 4132 et
747 4072 1085 4146 opinionem
1143 4087 1268 4127 eam
1320 4070 1675 4139 evitandum,
1735 4089 1807 4128 ne
1845 4073 2052 4130 affectu

407 4165 600 4239 potius
631 4180 805 4236 quam
834 4162 1053 4233 judicio
1085 4161 1188 4217 (ιθ
1228 4160 1510 4218 minorem
1556 4162 1758 4231 majori
1806 4167 2052 4235 antepo-

408 4271 567 4322 nam,
600 4253 821 4327 aliquid
883 4252 953 4308 de
1010 4250 1117 4306 hac
1176 4266 1238 4306 re
1294 4249 1408 4306 dici
1440 4266 1541 4322 par
1571 4255 1677 4318 est,
1710 4255 1884 4321 atque
1911 4253 2051 4308 adeo

407 4346 825 4401 necessarium.
857 4339 1247 4413 Cupiditatum
1281 4355 1395 4394 non
1430 4340 1611 4409 magis
1643 4354 1822 4395 unum
1868 4356 2051 4409 genus

408 4449 473 4491 sc
503 4434 647 4489 ratio
663 4437 754 4489 est
784 4447 961 4503 quam
996 4430 1340 4499 formarum,
1376 4446 1523 4502 quis,
1575 4447 1705 4485 cum
1764 4446 1833 4486 ex
1886 4448 2051 4503 aequo

408 4524 678 4581 homines
708 4521 895 4578 timus
925 4535 1151 4591 omnes,
1193 4522 1500 4578 maximam
1559 4521 1895 4578 varietatem
1945 4522 2049 4577 ha-

2157 568 2248 622 καὶ
2307 567 2587 645 ὲνισχύσαι
2641 570 2779 624 κατά
2819 572 2926 622 τῶν
2987 567 3114 628 τοὺς
3168 566 3449 639 πολέμους
3512 562 3818 620 ἐθελόντων

2160 655 2345 725 ἐθνῶν,
2393 657 2485 712 καὶ
2534 658 2661 734 παρ’
2727 658 2815 720 οἷς
2870 654 3125 731 οὐδαμῶς
3163 651 3519 726 ἐπικέκληται
3568 654 3633 709 τὸ
3661 655 3819 728 ἅγιον

2158 748 2249 800 καὶ
2307 748 2438 821 ὑπὲρ
2495 754 2598 802 πᾶν
2654 744 2825 820 ὄνομα
2879 752 2976 803 τοῦ
3047 749 3179 801 Θεοῦ
3230 748 3412 819 ἡμῶν.
3481 748 3719 801 Ἐσεῖται
3761 740 3823 799 δὲ

2158 841 2344 905 ταῦτα,
2423 837 2469 892 εἰ
2543 837 2635 893 καὶ
2713 838 2868 912 ὑμεῖς
2943 844 3044 907 τῆς
3122 834 3295 907 δεξιᾶς
3371 839 3469 892 τοῦ
3556 834 3822 909 Ὑψίστου

2160 925 2252 981 καὶ
2334 930 2431 981 τοῦ
2501 926 2720 1002 ὑψηλοῦ
2802 928 3105 1006 βραχίονος
3174 925 3424 999 ἐξαρτᾶτε
3484 925 3546 979 τὸ
3617 944 3827 1001 κατορ-

2161 1017 2450 1089 θούμενον,
2519 1016 2606 1071 καὶ
2674 1016 2897 1093 ἡγεμὼν
2987 1017 3113 1088 ὑμῖν
3219 1014 3401 1079 θεόθεν
3500 1010 3820 1085 δοθήσεται,

2165 1106 2241 1177 μὴ
2274 1100 2595 1181 δημοϐόρος
2623 1127 2708 1168 τις
2757 1106 2847 1162 καὶ
2895 1107 2997 1175 τὴν
3036 1103 3233 1173 κλῆσιν
3282 1100 3619 1177 ψευδόμενος
3668 1102 3705 1173 ἤ
3755 1104 3825 1159 τὸ

2160 1196 2293 1263 ἦθος
2362 1193 2658 1267 ἀνώμαλος
2714 1194 2806 1251 καὶ
2865 1195 2989 1269 περὶ
3069 1195 3340 1269 τράπεζαν
3415 1193 3665 1267 κεκυφὼς
3730 1194 3825 1248 καὶ

2163 1281 2313 1357 όχῶν
2345 1284 2428 1339 ἀεὶ
2457 1290 2574 1346 τοῖς
2602 1281 2896 1347 δακτύλοις
2924 1284 3016 1339 τὸν
3049 1283 3246 1348 κύαθον
3278 1282 3370 1337 καὶ
3418 1286 3529 1337 τῶν
3592 1282 3828 1337 ἀνακτό-

2167 1376 2272 1447 ρῶν
2335 1370 2609 1447 μηδαμῶς
2670 1373 3093 1447 ἀποσπώμενος,
3144 1374 3241 1427 ὅσα
3298 1370 3388 1427 καὶ
3436 1373 3490 1426 οἳ
3571 1369 3623 1426 ἐν
3701 1378 3825 1435 τοῖς

2163 1463 2381 1537 τοῖχοις
2428 1460 2519 1517 διὰ
2568 1461 2820 1541 ψηφίδων
2886 1468 2974 1518 καὶ
3028 1463 3342 1538 χρωμάτων
3394 1460 3827 1535 εἶλονιζόμενοι,

2164 1550 2247 1606 ὅτι
2305 1551 2396 1606 καὶ
2455 1553 2607 1632 φιλεῖ
2659 1573 2777 1614 πως
2833 1557 2905 1627 τῇ
2963 1553 3099 1608 κατά
3138 1552 3233 1607 τὸν
3292 1550 3535 1627 ἄρχοντα
3580 1547 3825 1607 διαθέσει

2166 1637 2594 1706 συνδιατίθεσθαι
2650 1642 2718 1697 τά
2762 1632 2937 1697 πάντα
2987 1641 3079 1697 καὶ
3129 1638 3374 1705 ἕπεσθαι⁸
3436 1638 3528 1696 ἅτε
3596 1642 3702 1717 γὰρ
3753 1637 3830 1695 δι’

2165 1729 2322 1784 αὐτὸν
2392 1729 2636 1810 ἀρχῆθεν
2697 1732 2980 1807 γενόμενα,
3058 1728 3431 1803 κακυνομένου
3511 1731 3608 1802 μὶν
3663 1726 3832 1785 τοῦδε

2165 1818 2257 1872 καὶ
2303 1817 2440 1873 αὖτὰ
2499 1814 2922 1893 μεταϐάλλεται,
3007 1819 3413 1895 ἀγαθυνομὲνου
3492 1816 3551 1874 δὲ
3651 1818 3826 1874 πάλιν

2163 1908 2299 1983 πρὸς
2353 1911 2452 1979 τὴν
2504 1907 2744 1965 ἐναντίαν
2794 1911 2960 1987 φορὰν
3021 1908 3324 1981 ἐπανίασιν,
3405 1909 3479 1971 ὡς
3542 1912 3640 1964 τοῦ
3687 1913 3829 1965 Θεοῦ

2157 1998 2293 2052 κατὰ
2337 1998 2429 2052 τὸν
2487 1993 2654 2054 Δαϐὶδ
2702 2004 2818 2060 τοίς
2869 1998 3092 2074 ἀγαθοῖς
3137 1999 3229 2053 καὶ
3276 1996 3479 2063 εύθὲσιν
3513 1997 3820 2074 ἀγαθύνον-

2156 2106 2269 2156 τος,
2315 2088 2442 2148 τοὺς
2491 2084 2548 2142 δὲ
2588 2084 2932 2151 ικκλίνοντας
2985 2088 3062 2150 εἰς
3109 2088 3206 2151 τὰς
3256 2086 3629 2165 στραγγαλιὰς
3678 2089 3823 2160 μετά

2156 2180 2265 2231 τῶν
2325 2176 2703 2252 ἐργαζομένων
2751 2178 2849 2246 τὴν
2918 2178 3181 2250 πονηρίαν
3245 2177 3579 2253 ἀπάγοντος.
3660 2177 3825 2235 Ἐπεὶ

2161 2261 2218 2319 δὲ
2266 2265 2355 2318 καὶ
2407 2266 2531 2341 περὶ
2585 2269 2683 2321 τοῦ
2729 2263 3112 2340 διαδεξομένου
3170 2287 3264 2340 μοι
3310 2268 3411 2336 τήν
3461 2265 3642 2341 ἀρχὴν
3684 2266 3825 2339 μετά

2157 2354 2417 2427 τὴνέμῆν
2474 2351 2754 2427 ἐκῦἰωσιν,
2812 2357 2936 2427 ἥτις
2987 2354 3055 2426 δὴ
3114 2356 3205 2412 καὶ
3255 2355 3543 2437 ἐφέστηκεν
3577 2353 3692 2427 ἤδη
3724 2357 3825 2411 ἀν-

2160 2441 2546 2517 υπεξάλυκτος,
2578 2443 2774 2501 εἴπεέιν
2809 2467 2860 2501 τι
2894 2444 3247 2523 προάγομαι,
3290 2447 3468 2521 χρεὼν
3499 2446 3617 2508 τοῖς
3667 2444 3823 2520 εἰρη-

2164 2532 2345 2606 μένοις
2376 2535 2696 2614 προσσχεῖν.
2730 2535 2850 2592 Ὀτι
2885 2536 2979 2608 μὲν
3015 2534 3117 2612 γὰρ
3163 2535 3241 2597 ὡς
3297 2540 3557 2609 πατρῷος
3602 2532 3819 2611 κλῆρος

2164 2630 2237 2692 εἰς
2286 2630 2382 2706 ἐμὲ
2435 2633 2498 2687 τὸ
2570 2628 2875 2706 βασιλεύειν
2942 2627 3427 2704 ἐπικαταϐἐϐηκεν,
3498 2629 3560 2686 ού
3619 2629 3822 2705 δέομαι

2164 2716 2361 2794 λεγειν,
2421 2721 2497 2785 ὡς
2557 2718 2686 2777 οὐδὲ
2730 2742 2813 2783 τις
2861 2718 3048 2797 ’ἔτερος
3088 2721 3388 2796 λαμπτῆρα
3440 2728 3542 2791 τῆς
3599 2722 3819 2795 ἡμέρας

2165 2807 2479 2885 ἀποφαίνειν
2536 2811 2628 2866 τὸν
2686 2812 2870 2882 ἢΛιοΨ
2933 2812 3077 2887 ὁρῶν
3124 2808 3183 2866 δὲ
3210 2812 3309 2880 τὴν
3361 2812 3442 2867 ἐπ’
3476 2810 3600 2884 ἐμοὶ
3634 2831 3815 2886 τηρη-

2168 2904 2343 2964 θεῖσαν
2413 2900 2549 2976 πρὸς
2607 2901 2810 2978 πατρὸς
2856 2900 3001 2971 τάξιν
3047 2900 3181 2957 κάπὶ
3226 2900 3353 2964 τοὺς
3384 2901 3437 2972 ἒξ
3469 2901 3674 2979 ὀσφύος
3710 2922 3820 2975 μου

2168 2986 2529 3066 προελθόντας
2615 2985 2872 3060 διαϐῆναι
2933 2992 3419 3066 προθυμουμένους
3482 2992 3647 3064 ὑμᾶς,
3722 2992 3821 3047 καὶ

2171 3078 2257 3157 ὑφ’
2316 3078 2433 3141 ἑνὸς
2478 3083 2587 3135 τῶν
2640 3077 2720 3135 ἔτι
2775 3079 3080 3155 παριόντων
3128 3100 3225 3153 μοι
3292 3084 3372 3152 τῷ
3427 3080 3535 3155 βίῳ
3599 3076 3815 3135 παίδων

2171 3169 2461 3242 (Ἰσαάκιος
2492 3169 2645 3224 οὗτοι
2672 3169 2764 3224 καὶ
2794 3167 3082 3243 Μανουήλ)
3123 3170 3381 3245 ἄρχεσθαι
3414 3168 3818 3247 γλιχομὸιους,

2170 3258 2260 3313 καὶ
2320 3256 2450 3331 μηδ’
2489 3259 2658 3329 αὐτὴν
2702 3260 2802 3328 τὴν
2844 3257 3111 3337 ἐπιλογήν
3152 3260 3386 3328 ἑαυτοῖς,
3450 3263 3519 3333 τῇ
3587 3256 3636 3313 δ’
3704 3258 3816 3334 ἐμῇ

2169 3349 2336 3426 ψήφῳ
2392 3346 2451 3402 ἀν
2509 3348 2783 3421 τιθέντης,
2838 3350 2983 3428 φημὶ
3042 3346 3108 3417 δὴ
3149 3348 3224 3411 ὡς
3292 3351 3326 3418 ἡ
3380 3349 3475 3421 μὲν
3508 3349 3667 3426 φύσις
3697 3354 3817 3412 τοῖς

2168 3437 2545 3511 πρωτοτόκοι)
2577 3437 2730 3493 παισὶ
2784 3441 2853 3504 τῆ
2899 3440 3045 3510 τάξει
3086 3434 3400 3510 ἐμμένουσα
3445 3437 3515 3492 τὰ
3570 3443 3821 3512 πρωτεῖα

2171 3510 2457 3602 βραϐεύειν
2487 3527 2663 3597 εἲωθε,
2696 3530 2844 3604 παρά
2872 3525 2929 3584 δὲ
2960 3532 3076 3600 Θεῷ
3107 3527 3214 3604 οὐχ
3244 3530 3418 3592 οὓτως
3448 3526 3502 3584 ἑν
3551 3510 3676 3592 ταῖς
3708 3510 3817 3584 τόν

2166 3611 2530 3692 προϐλήσεων
2593 3619 2876 3693 μεγίσταις
2948 3616 3031 3672 ἀεί
3103 3639 3222 3682 πως
3286 3617 3437 3697 φιλεῖ
3538 3616 3809 3692 γίνεσθαι·

2167 3704 2589 3780 Ἀναλογίσασθε
2644 3707 2736 3762 τὺν
2806 3706 2984 3764 Ἰσαὰκ
3028 3710 3124 3762 τοῦ
3179 3705 3415 3781 ’[σμαήλ
3471 3706 3609 3763 κατά
3695 3707 3816 3782 γέν-

2164 3815 2319 3865 νησιν
2378 3792 2777 3870 δευτερεύοντα,
2834 3796 2927 3851 τὸν
2982 3792 3178 3854 Ἰακὼϐ
3255 3796 3391 3869 μετὰ
3463 3796 3555 3851 τὸν
3646 3796 3817 3854 Ἠσαῦ

2162 3881 2363 3954 νηδύος
2417 3883 2706 3959 ὲκθορόντα
2754 3890 2855 3954 τῆς
2923 3893 3222 3960 μητρικῆς,
3280 3884 3371 3939 τὸν
3426 3888 3671 3955 Μωῦσῆν
3716 3890 3819 3943 τοῦ

2165 3974 2374 4048 Ἀαρὼν
2428 3972 2671 4049 ὕστερον,
2728 3973 2820 4029 τὸν
2882 3970 3051 4029 Δαόἱδ
3112 3973 3272 4029 αὐτὸν
3331 3975 3526 4048 μικρὸν
3588 3973 3641 4029 ὲν
3701 3982 3819 4038 τοῖς

2163 4058 2421 4140 ἀδελφοῖς
2468 4060 2596 4119 ὂντα
2651 4062 2745 4118 κάν
2799 4067 2879 4135 τῷ
2925 4068 3173 4136 πατρικῷ
3223 4061 3359 4137 οἲκῳ
3388 4064 3681 4139 νεώτερον,
3708 4066 3819 4135 ικαὶ

2164 4150 2376 4227 ἑτέρους
2402 4150 2459 4207 δὲ
2490 4152 2563 4216 ὡς
2595 4152 2900 4215 πλείστους.
2933 4154 3011 4212 Οὔ
3039 4155 3158 4229 ίγὰρ
3212 4154 3275 4209 τὸ
3330 4154 3473 4209 θεῖον
3526 4152 3583 4217 ἐς
3640 4156 3818 4229 πρόσα

2164 4261 2310 4297 ωπον
2386 4243 2503 4297 κατ’
2580 4239 2859 4317 ἃνθρωπον
2936 4241 3134 4321 ἀφορᾷ,
3209 4241 3300 4297 καὶ
3380 4238 3631 4317 βραϐεύει
3734 4250 3822 4318 τῷ

2164 4330 2351 4406 χρόνῳ
2378 4332 2445 4386 τὰ
2472 4330 2651 4405 τίμια,
2684 4330 2909 4394 πολιαῖς
2933 4330 3026 4386 καὶ
3084 4329 3329 4402 ἡλικίαις
3386 4332 3820 4407 προσκείμενον,

2159 4426 2289 4485 ἀλλ’
2345 4428 2584 4503 εὐγενείᾳ
2640 4433 2834 4505 χαῖρον
2894 4431 3079 4504 ψυχῆς
3133 4425 3220 4485 ἒπῖ
3267 4429 3360 4485 τὸν
3408 4433 3581 4506 πρᾶον
3617 4428 3822 4505 βλέπει

2161 4519 2251 4575 καὶ
2279 4518 2485 4594 ἥμερον
2508 4524 2598 4574 καῖ
2625 4518 2715 4573 τὸν
2746 4517 2910 4575 αὐτοῦ
2965 4516 3308 4595 φυλάττοντα
3364 4520 3431 4574 τὰ
3472 4517 3816 4592 ἐντάλματα,

409 4616 569 4671 bent.
603 4610 713 4668 Alii
746 4609 876 4665 aliis
931 4609 1104 4666 rebus
1161 4610 1476 4680 efﬁcimur,
1536 4627 1725 4682 neque
1755 4627 1955 4669 omnes
1982 4628 2049 4669 ex

2161 4609 2300 4666 Κατά
2341 4615 2509 4666 ταῦτα
2545 4613 2831 4686 τυιγαροῦν
2895 4608 2988 4664 καὶ
3045 4607 3211 4672 αὐτὸς
3268 4609 3332 4664 ού
3388 4614 3458 4684 τῇ
3516 4607 3817 4685 δεκαστρίᾳ

409 4719 574 4777 ωειυο
598 4700 807 4758 iisdem
830 4699 1202 4755 delectamur.
1223 4699 1449 4770 Alioqui
1468 4716 1573 4756 nec
1593 4717 1626 4755 a
1648 4702 1762 4757 Deo
1784 4718 1911 4772 nos,
1944 4718 2050 4760 nec

405 4794 504 4854 alii
535 4792 608 4849 ab
640 4790 770 4848 aliis
800 4803 1232 4855 accusaremur,
1264 4788 1483 4860 quippe
1512 4788 1608 4859 qui
1644 4789 1854 4847 iisdem
1882 4790 2047 4847 volu-

405 4884 669 4959 ptatibus
698 4878 1028 4936 necessario
1059 4892 1402 4948 caperemur
1452 4876 1769 4949 eademque
1801 4878 2050 4938 consilia

402 4977 707 5033 iniremus.
740 4971 832 5027 Sic
880 4967 987 5024 ﬁlii
1038 4984 1270 5039 quoque
1327 4967 1464 5035 mei,
1522 4969 1793 5039 quamvis
1844 4970 2045 5027 eodem

405 5070 565 5139 patre
597 5064 739 5132 nati,
770 5068 960 5117 tamen
992 5056 1237 5114 diversis
1278 5057 1500 5131 praediti
1548 5063 1691 5114 sunt
1745 5057 1996 5128 ingeniis
2027 5076 2041 5115 :

401 5156 504 5230 qui
532 5153 642 5212 etsi
673 5152 848 5210 ambo
903 5153 961 5205 et
1017 5146 1237 5204 viribus
1294 5163 1603 5220 corporum
1651 5151 1710 5204 et
1762 5148 2045 5220 dignitate

396 5244 667 5301 vultuum
697 5245 755 5299 et
783 5240 1114 5297 animorum
1146 5237 1424 5308 gravitate
1454 5236 1814 5309 praecellunt,
1850 5246 2040 5295 tamen

396 5341 530 5390 natu
555 5333 749 5389 minor
778 5327 1012 5388 Manuel
1052 5328 1123 5384 ad
1175 5327 1409 5400 imperii
1470 5326 2039 5387 administrationem

394 5423 583 5493 aptior
612 5420 756 5475 mihi
787 5416 1181 5475 videtur.Nam
1216 5417 1473 5474 Isaacius
1525 5417 1738 5490 saepius
1788 5417 1874 5473 ira
1907 5435 2034 5490 per-

393 5510 542 5567 citus
573 5507 717 5563 mth
749 5508 947 5575 astitit,
977 5515 1032 5562 et
1058 5506 1262 5578 quavis
1298 5507 1370 5562 de
1404 5522 1601 5589 ‘causa
1654 5506 1770 5563 bile
1800 5507 2033 5565 efferve-

392 5605 590 5659 scente
621 5595 910 5653 moderari
944 5595 1144 5652 animo
1172 5611 1289 5651 non
1332 5598 1539 5668 potest,
1566 5612 1692 5677 qua
1722 5613 1815 5653 res
1839 5596 2035 5653 inimi-

394 5685 632 5747 cissima
647 5682 890 5739 consilio
921 5683 1217 5753 sapientes
1235 5683 1444 5754 perdit.
1478 5684 1635 5739 Alter
1664 5699 1799 5742 vero
1830 5689 2033 5757 prater

2160 4699 2313 4779 φύσει
2370 4700 2437 4755 τά
2491 4697 2676 4756 πολλὰ
2733 4698 3125 4773 χαριζόμενος,
3183 4695 3330 4753 ἀλλὰ
3382 4696 3511 4760 τοὺς
3572 4700 3815 4773 θεσμοὺς

2159 4789 2325 4859 αὐτῆς
2383 4788 2482 4845 ὅσα
2527 4786 2618 4843 καὶ
2694 4792 2777 4857 [Ρ.
2847 4788 2938 4862 30]
3002 4787 3256 4863 γυναικὸς
3318 4789 3813 4864 σμικρογνώμονος

2157 4874 2448 4934 διαϐούλια
2470 4877 2522 4932 ἐν
2554 4882 2670 4939 τοῖς
2700 4876 2936 4951 καιρίυις
2977 4877 3461 4951 παρακρουόμενος
3500 4878 3810 4951 πράγμασι,

2159 4974 2443 5041 μιμεῖσθαι
2509 4964 2722 5040 μᾶλλον
2778 4964 3094 5043 προάγομαι
3166 4966 3255 5021 τὸν
3327 4963 3818 5040 προσωποληψίας

2154 5057 2330 5129 πάσης
2353 5058 2621 5132 ἀνώτερον
2653 5056 2803 5115 Θεόν.
2845 5054 2912 5113 Ei
2967 5055 3063 5127 μὶν
3115 5052 3207 5109 οὖν
3256 5055 3393 5111 κατά
3453 5055 3518 5111 τὸ
3573 5056 3863 5137 ἀναμρεση

2153 5145 2319 5223 λογον
2350 5146 2403 5209 ἐς
2454 5152 2545 5201 τὸν
2570 5144 2690 5203 λαθ⁹
2739 5142 2962 5215 ἡλικίαν
3016 5146 3333 5219 προήκοντα
3360 5141 3528 5201 παῖδά
3565 5165 3662 5219 μοι
3715 5147 3812 5201 τὸν

2151 5236 2416 5295 Ἰσαάκιον
2449 5229 2757 5309 μετεϐαινεν
2788 5235 2823 5303 ἡ
2855 5232 3032 5309 ἆρχή,
3063 5235 3181 5290 κατ’
3213 5231 3366 5290 οὐδὲν
3419 5232 3483 5291 ἅν
3549 5255 3645 5308 μοι
3709 5233 3815 5291 λό-

2150 5346 2262 5403 γων
2321 5322 2534 5395 ἐδέησεν
2601 5321 2681 5389 εἷς
2737 5321 3073 5395 παράστασιν
3123 5329 3224 5392 τῆς
3273 5323 3479 5402 ἀμφοῖν
3540 5344 3636 5397 μοι
3685 5329 3808 5380 τοῖν

2146 5410 2363 5469 παίδοιν
2421 5411 2652 5491 φύσεως·
2699 5412 2812 5467 ἐπεὶ
2844 5408 2904 5467 δὶ
2962 5430 3097 5486 προς
3125 5412 3219 5467 τὸν
3280 5412 3637 5488 ὑστερότοκον
3679 5418 3808 5471 Μα-

2143 5499 2319 5571 νουῆλ
2349 5503 2384 5571 ἡ
2427 5498 2679 5575 βασιλεία
2706 5498 2920 5574 μᾶλλον
2962 5500 3369 5577 προσ-νένευκεν,
3413 5500 3678 5558 ἐκκλξνων
3734 5504 3801 5560 τὸ

2140 5591 2497 5667 καχύποπτον
2527 5594 2633 5647 τῶν
2660 5587 2888 5649 πολλῶν
2917 5591 3092 5647 καὶτὸ
3124 5588 3275 5662 δόξαι
3316 5591 3463 5667 παρά
3512 5612 3657 5648 τισιν
3721 5594 3803 5660 ὡς
3852 5660 3863 5675 ο

2142 5681 2355 5759 φίλτρῳ
2416 5679 2628 5755 μᾶλλον
2691 5680 2782 5736 καὶ
2848 5679 2946 5737 οὐκ
2992 5679 3155 5758 ἀρετῇ
3214 5681 3636 5759 προστιθόμινος
3696 5687 3800 5739 τοῦ
3852 5692 3867 5715 ·“
