4068 6196
431 351 551 415 37B
1757 361 2037 423 NICETA

2182 358 2528 420 lONIATE
3689 365 3788 426 316

441 486 580 563 πρὸς
611 484 802 565 γὲνους
829 489 908 561 τῷ
959 487 1197 564 βασιλεῖ,
1251 489 1306 545 οἳ
1357 492 1458 560 τὴν
1517 487 1932 569 πρεσϐυγένειαν
1994 492 2069 553 ὡς
2130 492 2271 568 μέγα
2324 513 2378 547 τι
2423 491 2512 547 καὶ
2565 487 2846 562 αἰδέσιμον
2903 483 3345 562 προϐαλλόμενοι
3399 490 3485 546 καῖ
3540 493 3599 548 τὸ
3650 493 3795 564 κῆδος

447 580 826 652 μεγεθόνοντες
851 579 912 635 τὸ
947 578 1223 652 βασίλειον
1258 581 1471 645 ἑαυτοῖς
1499 584 1560 638 τὸ
1585 587 1773 660 ἄρχειν
1807 584 1880 645 ὡς
1911 583 2226 656 ἀξιωτέροις
2260 583 2548 656 ἀπένεμον.

515 673 646 737 Quis
673 687 799 726 cum
834 676 1130 727 transacta
1187 684 1402 740 essent,
1461 675 1681 748 aliquot
1711 676 1914 732 diebus
1954 683 2081 746 post
2111 719 2121 742 λ

2270 673 2494 728 Τούτων
2527 670 2572 726 δ’
2626 673 2825 726 οὑτωσὶ
2881 670 3236 735 τελεσθέντων
3285 673 3314 726 ὁ
3361 672 3601 747 βασιλεὺς
3645 677 3795 732 Ἰωάν.

443 759 761 830 imperator
784 759 1050 827 moritur,
1079 779 1232 817 anno
1275 765 1502 833 imperii
1547 767 1822 820 vicesimo
1861 769 2049 835 quarti

2200 783 2299 830 νης
2341 763 2455 833 μεθ’
2487 761 2695 836 ἡμέρας
2724 761 2815 816 τὸν
2845 761 2959 836 βίον
3009 758 3315 828 ἐκλέλοιπε,
3371 761 3674 837 βασιλεύσας
3718 762 3794 837 ἔτη

442 863 640 902 mense
671 851 999 915 octavo,vir
1055 851 1156 922 qui
1213 858 1271 907 et
1337 853 1718 925 principatum
1748 855 1963 926 optime
1991 854 2048 907 ad

2201 846 2430 924 τέσσαρα
2488 849 2624 921 πρὸς
2691 853 2809 909 τοῖς
2867 847 3037 902 εἲκοσι
3089 846 3178 902 καί
3257 856 3427 920 μῆνας
3482 851 3634 916 ὀκτὼ,
3688 853 3797 928 ἀνὴρ

440 936 797 1018 ministravit
853 945 906 993 et
959 939 1137 995 vitam
1196 942 1351 1010 piam
1410 945 1548 1014 egit,
1603 944 1862 998 moribus
1905 959 2046 1013 nequ

2202 939 2290 992 καὶ
2326 939 2424 1005 τήν
2457 937 2635 1012 ἀρχὴν
2667 936 2858 1010 ἄριστα
2907 934 3199 1008 διῳκηκὼς
3247 935 3337 991 καὶ
3385 943 3498 1010 Θεῷ
3543 939 3800 1014 εὐαρέστως

445 1025 746 1081 dissolutis
805 1043 994 1097 neque
1043 1029 1593 1100 intemperantibus,
1652 1033 1870 1105 quique
1916 1037 1973 1088 et
2035 1032 2050 1084 i

2209 1021 2513 1101 βεϐιωκὼς,
2545 1024 2729 1080 καὶτὰ
2756 1026 2894 1100 πρὸς
2947 1025 3084 1093 ἦθος
3138 1024 3236 1089 οὐκ
3284 1023 3504 1089 ἔκλυτος
3562 1026 3664 1084 οὐδ’
3698 1031 3800 1086 ἀκό-

447 1112 858 1170 donationibus
885 1121 942 1171 et
1004 1117 1063 1172 in
1123 1119 1455 1191 sumptibus
1497 1122 1940 1192 magnificentiae
1973 1125 2053 1177 stu

2208 1112 2432 1185 λαστος,
2463 1115 2595 1168 κάπὶ
2644 1119 2761 1175 ταῖς
2822 1113 3052 1187 δωρεαῖς
3108 1134 3164 1169 τε
3219 1115 3308 1169 καὶ
3371 1111 3620 1179 δαπάναις
3673 1139 3803 1190 μετα-

451 1206 598 1261 duit.
632 1207 811 1277 quue
858 1207 1154 1264 declarant
1207 1219 1259 1264 et
1303 1211 1519 1266 crebris
1568 1227 1874 1266 aureorum
1900 1211 1959 1264 in
1992 1226 2057 1280 po

2209 1203 2404 1275 διώξας
2469 1202 2964 1280 μεγαλοπρέπειαν
3056 1205 3143 1258 καὶ
3203 1200 3464 1272 δηλοῦσιν
3521 1205 3576 1260 αἳ
3637 1228 3688 1263 τε
3735 1206 3806 1265 διὰ

453 1294 589 1367 pulo
621 1295 841 1350 urbano
865 1296 1316 1365 distributiones,
1347 1305 1404 1355 et
1459 1300 1674 1369 templa
1707 1298 2057 1371 pulcherrim

2209 1293 2481 1369 χρυσίνως
2523 1296 2660 1369 πρὸς
2714 1293 2841 1355 τοὺς
2896 1300 2998 1362 τῆς
3036 1292 3254 1355 πόλεως
3319 1293 3602 1369 οἲκήτορας
3649 1299 3804 1373 συχναὶ

454 1389 512 1441 et
541 1385 795 1440 maxima
825 1386 925 1442 63
982 1403 1014 1442 e
1071 1387 1466 1444 fundamentis
1520 1395 1824 1445 exstructa.
1885 1389 1996 1444 Sed
2047 1402 2060 1441 ε

2211 1381 2499 1451 διαδόσεις,
2558 1385 2648 1438 καὶ
2708 1384 2816 1439 τῶν
2873 1388 3016 1438 ναῶν
3085 1383 3323 1444 ὁπόσους
3381 1382 3688 1448 καλλίστους
3736 1387 3806 1442 καὶ

456 1474 678 1546 glorise,
710 1478 917 1546 praeter
945 1475 1092 1531 alios
1119 1493 1350 1545 omnes,
1409 1478 1922 1550 appetentissimus
1969 1476 2062 1532 fuit

2215 1473 2501 1547 μεγίστους
2555 1471 2615 1528 ἐκ
2673 1475 2887 1548 βάθρων
2947 1469 3222 1545 ἐδείματο.
3287 1471 3466 1528 Ἀλλά
3523 1475 3605 1529 καὶ
3677 1473 3806 1548 δόξης

458 1563 516 1618 in
541 1579 608 1618 eo
641 1579 864 1635 ponens
917 1566 1136 1632 omnia,
1197 1571 1262 1620 ut
1318 1567 1642 1622 maximum
1674 1582 1884 1622 nomen
1945 1581 2058 1637 apu

2211 1562 2438 1637 ἐραστὴς
2498 1563 2630 1637 ὑπὲρ
2690 1561 2861 1617 ἄλλον
2914 1561 3120 1617 ἃπαντα
3173 1562 3415 1639 γεγονὼς
3477 1567 3570 1617 τοῦ
3619 1564 3808 1621 καταλι-

456 1660 720 1724 posteros
750 1652 1120 1724 relinqueret.
1152 1654 1496 1712 Domestica:
1521 1657 1846 1728 disciplina
1905 1660 1962 1710 et
1997 1655 2062 1708 de

2211 1658 2330 1707 πεῖν
2399 1652 2450 1706 ἐν
2519 1657 2634 1712 τοῖς
2700 1647 2887 1707 ἔπειτα
2976 1652 3228 1727 μέγιστον
3297 1653 3489 1707 ἑαυτοῦ
3559 1648 3713 1726 ὄνομα
3756 1655 3809 1708 τὰ

456 1741 576 1798 cori
608 1745 728 1795 tam
760 1740 1012 1813 diligens
1032 1743 1387 1810 observator,
1453 1749 1519 1800 ut
1565 1753 1620 1800 et
1672 1745 1732 1800 in
1799 1744 2062 1800 tondendi

2211 1741 2384 1797 πάντα
2412 1742 2723 1814 τιμώμενος
2755 1741 2844 1809 ἦν.
2875 1743 3147 1799 Τοσοῦτον
3205 1739 3265 1796 δὲ
3320 1741 3411 1796 καὶ
3465 1747 3561 1804 cf:
3611 1746 3704 1798 τῶν
3744 1745 3808 1798 οἱ-

459 1827 688 1901 capﬂm
719 1833 776 1884 et
806 1830 992 1886 forma
1043 1832 1362 1889 calceorum
1426 1834 1852 1906 preportionem
1913 1833 2065 1906 requi

2212 1831 2372 1886 κείων
2449 1830 2868 1905 εὐσχημοσύνης
2953 1830 3042 1885 καὶ
3111 1835 3208 1884 τοῦ
3281 1827 3572 1902 αἰδήμονος
3639 1834 3808 1906 τρόπου

458 1917 863 1972 τθτθινῐηαῐιὶιι
895 1922 952 1973 et
983 1919 1256 1975 obsccena
1286 1923 1460 1977 verba
1492 1939 1523 1976 a
1557 1922 1808 1993 publicis
1848 1939 2064 1977 conven

2217 1919 2476 1998 ἐξείχετο,
2519 1920 2592 1980 ὡς
2641 1920 2729 1974 καὶ
2785 1920 2984 1994 κουρὰν
3044 1921 3490 1997 περιεργάζεσθαι
3532 1920 3704 1994 τριχὸς
3743 1921 3813 1975 καὶ

459 2005 637 2070 tibus,
669 2010 727 2060 et
755 2005 957 2060 luxum
1017 2009 1266 2064 vestium
1320 2027 1387 2065 ao
1443 2027 1775 2067 mensarum
1827 2017 2065 2083 tanquat

2214 2010 2402 2063 τὸτοῦ
2432 2006 2603 2071 ποδὸς
2660 2006 2850 2069 σκῦτος
2900 2010 3232 2082 περιαθρεῖν,
3294 2009 3340 2062 εἰ
3385 2010 3516 2063 κατᾶ
3570 2008 3712 2083 λόγον
3745 2009 3813 2063 καὶ

465 2094 848 2166 corruptelam
865 2101 922 2149 et
944 2097 1071 2151 vitae
1095 2102 1318 2168 pestem
1344 2115 1376 2153 a
1397 2099 1606 2169 palatio
1651 2099 1909 2171 pepulit:
1951 2115 2071 2156 cum

2222 2097 2359 2171 πρὸς
2403 2098 2464 2152 τὸ
2522 2101 2616 2151 τοῦ
2679 2095 3051 2168 ὑποδουμένου
3105 2099 3305 2174 σχῆμα
3366 2097 3676 2173 ὑπὲῤῥαπτο.
3722 2099 3817 2171 Ἀρ-

471 2201 585 2256 que
606 2185 936 2257 exemplum
960 2185 1280 2258 disciplinae
1308 2191 1680 2258 semetipsum
1707 2189 2077 2252 aravissimur

2220 2187 2476 2264 γολογίαν
2511 2185 2568 2242 δὲ
2606 2189 2696 2242 καὶ
2757 2186 3120 2262 σαπρολογίαν
3173 2189 3280 2255 τὴν
3332 2187 3419 2241 ἐπὶ
3475 2194 3644 2256 κοινῆς
3688 2187 3817 2260 ἀκρο-

437 2264 444 2272 ’
473 2281 842 2346 proponeret,
875 2280 1050 2347 atque
1080 2292 1284 2332 omnes
1316 2277 1632 2333 familiares
1679 2278 1996 2334 imitatores
2027 2295 2043 2333 ε

2222 2277 2394 2340 ἀσεως
2421 2276 2511 2331 καὶ
2545 2277 2606 2331 τὸ
2635 2275 2687 2330 ἐν
2720 2276 3040 2349 ἱματισμοίς
3072 2275 3162 2329 καὶ
3212 2273 3452 2336 διαίταις
3495 2273 3701 2344 ἄσωτον,
3739 2275 3816 2329 ὅσα

476 2366 706 2422 efticere
737 2367 1014 2434 studeret,
1040 2382 1216 2422 omne
1269 2368 1500 2422 virtutis
1558 2384 1740 2439 genus
1786 2370 1972 2423 colere
2003 2386 2077 2424 no

2223 2367 2311 2421 καὶ
2365 2367 2548 2438 λύμην
2605 2366 2726 2420 τινὰ
2773 2364 3087 2440 βιοεοθόρον,
3141 2368 3255 2419 τῶν
3314 2365 3612 2440 ἀνακτόρων
3664 2365 3816 2419 ἀπεσά-

482 2456 728 2512 destitit.
769 2456 968 2526 Neque
1023 2461 1213 2511 tamen
1273 2457 1508 2512 interim
1567 2475 1601 2513 a
1655 2458 1859 2530 gratiis
1891 2457 2084 2514 alieuu

2225 2478 2385 2532 ρωσε,
2418 2457 2507 2510 καὶ
2553 2456 2645 2510 τὸν
2697 2450 2932 2528 ἐμϐριθῆ
2995 2456 3424 2530 χαρακτηρίζων
3475 2457 3813 2532 σωφρονιστὴν,

482 2547 819 2618 fuit,neque
849 2545 906 2599 in
940 2546 1099 2600 aditu
1131 2549 1234 2601 aut
1261 2563 1576 2618 congressu
1636 2564 1827 2618 asper,
1861 2549 2088 2604 tetricus

2223 2548 2310 2600 καὶ
2349 2545 2592 2619 μιμητὰς
2625 2546 2818 2599 ἑαυτοῦ
2864 2543 2990 2605 τοὺς
3044 2544 3146 2598 ὑπὸ
3203 2549 3371 2619 χεῖρα
3418 2545 3547 2599 εἶναι
3591 2542 3816 2617 γλιχόμε-

481 2633 894 2704 superciliosus
927 2638 1029 2688 aut
1054 2633 1414 2690 inhumanus
1441 2653 1453 2690 :
1480 2637 1578 2691 sed
1624 2652 1755 2691 cum
1795 2637 1852 2690 in
1887 2635 2084 2708 public

2223 2655 2334 2704 νος,
2362 2640 2534 2689 πᾶσαν
2565 2633 2762 2706 ἀρετῆς
2814 2629 2956 2687 ἰδέαν
3019 2633 3217 2704 μετιὼν
3282 2633 3384 2688 οὐκ
3436 2632 3583 2687 ἀνίει.
3641 2633 3712 2705 [Ρ.
3747 2633 3815 2704 32]

476 2723 770 2778 actionum
802 2721 1156 2793 optimarum
1213 2725 1506 2794 exemplar
1562 2740 1624 2779 se
1684 2725 1981 2796 praeberet,
2025 2741 2082 2796 pe

2225 2725 2304 2781 Οὐ
2357 2725 2462 2795 μὴν
2507 2721 2674 2778 ταῦτά
2729 2743 2791 2795 γε
2843 2721 3092 2797 πράττων
3153 2723 3406 2796 χαρίτων
3446 2723 3702 2797 ἀπείχετο,
3749 2720 3815 2773 καὶ

477 2813 659 2868 otium
693 2828 725 2867 a
756 2826 816 2866 re
846 2811 1081 2881 publica
1136 2819 1478 2885 remotaque
1535 2816 1728 2882 turba,
1762 2831 1936 2885 quam
1993 2819 2083 2869 tan

2227 2808 2644 2886 δυσξύμϐλητος
2675 2812 2740 2880 ἦν
2799 2811 2888 2866 καὶ
2938 2809 3306 2882 δυσπρόσιτος
3358 2810 3447 2865 καὶ
3495 2810 3700 2884 στυγνὸς
3745 2809 3819 2874 τὴν

473 2918 654 2974 quam
683 2905 1030 2976 tympanum
1056 2902 1456 2974 obstreperum
1491 2912 1547 2960 et
1603 2905 1898 2975 garrulum
1958 2920 2079 2960 cave

2229 2901 2349 2976 ὄψιν
2383 2902 2473 2956 καὶ
2505 2902 2770 2974 συννεφὴς
2809 2903 2910 2969 τὴν
2970 2901 3138 2975 ὀφρὺν
3193 2902 3290 2954 καὶ
3349 2899 3430 2954 ἀεί
3478 2919 3588 2960 πως
3635 2899 3819 2953 ὑποσχο-

475 2993 599 3058 bat,
630 2991 806 3048 etiam
839 2991 1169 3048 comitatem
1201 2992 1503 3048 honestam
1547 2995 1914 3061 admittebat,
1963 2999 2021 3049 et
2051 3012 2080 3048 a

2231 2991 2474 3064 ζόμενος.
2505 2991 2725 3046 Ἐαυτὸν
2782 2995 2795 3016 ’
2851 2989 2902 3044 ἐν
2951 2995 3031 3062 τῷ
3079 2986 3358 3063 προδήλῳ
3407 2990 3576 3059 πάσης
3626 2987 3820 3060 πράξεως

476 3081 802 3136 urbanitate
840 3096 953 3136 non
994 3080 1361 3149 abhorrebat,
1397 3099 1584 3155 neque
1641 3084 1826 3138 risum
1886 3099 2082 3154 prorsu

2228 3081 2453 3154 ἀρίστης
2509 3080 2704 3135 πίνακα
2769 3079 3069 3154 προτιθεὶς,
3137 3077 3293 3155 ἄγων
3359 3079 3566 3154 σχολῆν
3615 3081 3706 3131 τῶν
3753 3073 3821 3128 ἐκ·

477 3169 864 3242 opprimebat.
922 3173 1124 3240 Itaque
1178 3187 1312 3226 cum
1366 3187 1573 3242 parum
1616 3189 1648 3227 a
1678 3188 1907 3227 summa
1937 3173 2083 3228 conti

2227 3171 2322 3232 τὸς
2383 3172 2512 3242 (38),
2579 3169 2670 3223 καὶ
2729 3169 2791 3222 τὸ
2858 3172 3213 3242 περιορᾶσθαι
3291 3168 3393 3222 ὑπὸ
3459 3165 3701 3222 πλείστων
3747 3164 3822 3217 ὃσα

474 3259 677 3315 nentia
705 3263 764 3314 et
818 3259 1150 3330 integritate
1205 3261 1529 3328 recesserit,
1559 3266 1618 3315 et
1663 3261 1736 3315 ab
1785 3261 2080 3330 exquisitis

2228 3259 2318 3313 καὶ
2349 3257 2580 3313 κώδωνα
2611 3256 2850 3335 φλόαρον
2898 3257 2988 3311 καὶ
3042 3255 3219 3311 λάλον
3276 3252 3716 3328 ἀποτηεπόμενος,
3755 3251 3822 3305 καὶ

478 3349 630 3404 sima
658 3347 786 3404 vita
845 3349 1066 3403 ratione
1121 3347 1272 3403 haud
1337 3348 1588 3404 multum
1655 3350 1951 3418 aberrarit,
2012 3365 2082 3404 ne

2227 3351 2500 3424 κομψείαν
2541 3349 2738 3421 σεμνὴν
2797 3345 3108 3418 εἰσῳκίζετο
3155 3346 3248 3400 καὶ
3289 3346 3382 3401 τὸν
3439 3342 3735 3420 εὐτράπελον
3774 3340 3819 3393 οὐ

477 3439 656 3494 totius
686 3438 917 3510 imperii
949 3447 1206 3508 tempere
1231 3438 1317 3493 vel
1340 3439 1453 3494 vita
1478 3440 1712 3508 privarit
1765 3417 2083 3512 quemquer.

2231 3440 2586 3513 παρέτρεχεν,
2621 3434 2738 3491 οὐδ’
2779 3434 2994 3510 ἐπεῖχεν
3053 3434 3247 3489 ἐπίπαν
3307 3436 3397 3490 καὶ
3452 3435 3590 3509 ἦγχε
3628 3433 3706 3487 τὸν
3751 3427 3820 3503 γε·

477 3527 566 3584 vel
589 3543 936 3599 quocunque
968 3527 1140 3582 modo
1162 3543 1402 3594 corpora
1427 3528 1708 3595 multarit,
1739 3527 1798 3583 in
1827 3529 1983 3584 hunc
2013 3529 2083 3584 64

2229 3530 2400 3585 λωτα.
2434 3527 2629 3604 Ὀλίγα
2690 3526 2786 3579 οὖν
2834 3528 2930 3578 τοῦ
2977 3524 3030 3585 ἐς
3079 3525 3243 3599 ἄκρον
3295 3524 3618 3601 ἀποσφαλεὶς
3667 3520 3821 3594 ἐγκρα-

475 3633 663 3690 usque
688 3617 841 3673 diem
874 3617 1136 3672 omnium
1169 3615 1442 3671 laudibus
1473 3616 1802 3673 celebratur
1833 3625 1889 3673 et
1935 3619 2077 3674 decu

2223 3622 2349 3678 τοῦς
2377 3638 2435 3671 τε
2463 3616 2553 3671 καὶ
2584 3613 2883 3691 ἀσφαλοῦς,
2921 3615 3011 3668 καὶ
3049 3617 3156 3668 τῶν
3189 3615 3329 3688 πρὸς
3362 3612 3547 3680 ἐντελῆ
3587 3604 3813 3685 ἀκρίϐειαν

475 3707 768 3779 quoddam
817 3705 1228 3776 imperatorum
1287 3705 1616 3760 Comneniie
1671 3706 1904 3762 familia:
1953 3708 2081 3776 judi

2229 3709 2439 3784 βραχέα
2469 3705 2789 3774 διεκπεσὼν,
2829 3706 2918 3760 καὶ
2979 3702 3184 3777 μηδὲνα
3243 3703 3335 3760 διὰ
3395 3703 3660 3778 ξυμπάσης
3703 3701 3816 3767 αὐτῷ

476 3803 678 3867 catur;
711 3797 984 3853 nedicam
1007 3812 1140 3853 eum
1166 3797 1379 3852 multos
1401 3798 1578 3852 etiam
1605 3815 1674 3853 ex
1716 3798 2079 3870 superioribu

2222 3801 2320 3867 τῆς
2353 3801 2532 3873 ἀρχῆς
2561 3796 2598 3865 ἢ
2631 3800 2816 3871 ψυχῆς
2845 3797 3108 3869 στερήσας
3137 3792 3173 3862 ἤ
3224 3793 3282 3855 ἐς
3329 3795 3394 3848 τὸ
3442 3790 3594 3865 σῶμά
3637 3791 3814 3844 ὁσονοῦν

473 3887 687 3959 partim
719 3901 1009 3958 aequasse,
1041 3886 1250 3958 partim
1283 3902 1614 3958 superasse.

2228 3885 2630 3960 λυμηνάμενος,
2672 3882 2953 3944 ἐπαινετὸς
3019 3881 3071 3944 ἐς
3125 3879 3289 3956 δεῦρο
3341 3881 3485 3956 παρὰ
3533 3883 3648 3933 πᾶσι
3692 3874 3818 3931 λελό·

471 3997 652 4052 γισται
681 3974 772 4030 καὶ
803 3974 1064 4050 κορωνὶς,
1095 3974 1170 4037 ὡς
1229 3973 1418 4043 εἰπεῖν,
1477 3978 1583 4028 τῶν
1646 3974 1765 4030 ὅσοι
1823 3975 2111 4048 Ῥωμαίων
2173 3975 2232 4031 ἐκ
2287 3980 2382 4030 τοῦ
2434 3979 2538 4028 τῶν
2600 3976 2900 4046 Κομνηνῶν
2957 3971 3140 4045 γένους
3195 3966 3709 4045 ὑπερεκάθισαν,ἳνα
3761 3962 3818 4034 μή

471 4063 689 4141 λέγοιμι
721 4064 796 4128 ὡς
827 4066 917 4120 καὶ
945 4063 1180 4126 πολλοῖς
1213 4069 1322 4120 τῶν
1351 4064 1542 4120 ἀνόπιν
1576 4064 1806 4141 ἀρίστων
1833 4071 1952 4128 τοῖς
1987 4067 2080 4138 μὶν
2113 4064 2494 4139 ἡμιλλήσατο,
2523 4065 2650 4125 τοὺς
2684 4060 2742 4117 δὲ
2768 4061 2855 4116 καὶ
2883 4064 3232 4136 παρήνεγκεν.

1851 4205 2036 4272 Hier.
2082 4203 2321 4272 Wolfii
2359 4213 2566 4274 notis.

546 4339 658 4410 (38)
686 4341 870 4413 ’Δγων
901 4339 1114 4413 σχολὴν
1145 4343 1253 4395 τῶν
1283 4337 1460 4402 ἰκτός.
1509 4340 1737 4399 Scilicet
1766 4338 2085 4412 ἀνθρώπων,
2119 4357 2150 4410 p

1701 4344 1737 4397 lt
1766 4338 2085 4412 ἀνθρώπων,
2119 4356 2218 4410 per
2248 4339 2451 4407 otium,
2484 4339 2531 4396 si
2565 4354 2733 4396 nemo
2759 4341 3034 4394 externus
3059 4335 3307 4393 adesset.
