4068 6196
243 379 366 444 381

1364 379 1468 439 DE
1514 377 1893 440 MANUELE
1936 375 2330 440 COMNENO
2375 377 2530 436 LIB.
2577 378 2624 436 l.

3557 376 3678 439 388

243 513 538 588 ἐπαγωγὸν
601 509 916 581 έπεσύρετο,
961 509 1212 584 εὐμήκης
1261 507 1333 566 ὥν
1375 510 1474 580 τὴν
1525 511 1773 581 ⁴ἠλικίαν,
1819 509 1905 566 xii

2034 510 2241 584 pergit,
2271 513 2499 582 portam
2529 509 2908 582 ingressurus
2937 511 3070 580 post
3099 508 3277 580 quam
3313 506 3454 566 solis
3501 506 3687 582 impe-

260 602 470 658 ἓπένευέ
501 623 553 656 τι
583 601 685 656 τοῦ
734 603 1009 664 ’ίθυτενοῦς
1061 600 1300 674 μέτριον.
1353 602 1466 670 Τήν
1507 596 1564 654 δὲ
1613 621 1674 676 γε
1724 601 1920 676 χροιὰν

262 690 386 747 οὔτε
444 691 584 746 κατᾶ
641 691 771 752 τοὺς
830 689 1365 766 ἐσκιατραφημένους
1451 689 1642 754 λευκὸς
1698 691 1764 759 ἦν
1825 691 1915 746 καὶ

246 778 566 856 χιονώδης,
602 776 727 835 οὔτε
757 780 868 852 μὴν
899 777 1033 853 ἄγαν
1084 780 1366 853 καπνηρὸς
1397 777 1472 842 ὡς
1510 779 1567 832 οἱ
1610 777 1784 834 πολὺν
1823 781 1912 836 τὸν

251 868 419 939 ἣλιον
485 866 576 922 ἐπὶ
635 871 733 922 τοῦ
786 867 1084 942 προσώπου
1141 863 1420 939 δεξάμενοι
1473 866 1562 921 καὶ
1621 865 1712 928 οὕς
1749 870 1914 943 παρέ-

247 953 461 1032 ϐλεψαν
504 958 718 1018 ἀκτῖνες
779 956 1124 1030 θερμότεραι,
1185 953 1332 1011 ἀλλᾶ
1385 961 1484 1024 τῆς
1540 954 1742 1026 λευκῆς
1793 953 1910 1020 θέας

249 1050 588 1124 ἀναχωρῶν,
617 1051 698 1120 τῷ
755 1044 812 1101 δὲ
849 1044 1040 1120 μέλανι
1099 1046 1472 1123 προσεγγίζων
1521 1046 1778 1122 χρώματι
1824 1049 1914 1104 εὑ-

250 1139 529 1210 πρεπείας
561 1137 650 1192 καὶ
683 1137 858 1198 οὕτως
887 1135 1094 1210 εἳχετο.
1129 1136 1227 1191 Διὶ
1255 1139 1422 1190 ταῦτα
1469 1137 1644 1190 τοίνυν
1697 1136 1912 1200 ὑπτίαις

246 1226 531 1302 ἀγκάλαις
564 1224 970 1304 περιχυθέντων
1002 1229 1110 1280 τῶν
1164 1221 1431 1290 πολιτῶν,
1473 1221 1692 1280 εἴσεισιν
1739 1226 1912 1299 ἀσμέ-

2029 602 2322 657 ratoribus
2353 602 2674 658 descensus
2700 617 2730 656 e
2762 599 2906 656 sella
2932 600 3507 671 permittitur,equus
3528 598 3680 656 clare

2027 691 2265 761 binniit,
2298 702 2349 746 et
2382 692 2506 746 solo
2539 691 2774 762 ungulis
2806 690 3009 745 crebro
3041 688 3294 761 pulsato,
3321 688 3679 766 solerterque

2025 797 2373 853 progressus
2403 784 2459 836 et
2491 781 2714 836 fortiter
2748 779 2805 833 in
2838 779 3026 851 girum
3059 784 3248 846 actus,
3283 794 3409 832 sero
3442 781 3676 834 tandem

2033 869 2213 925 limen
2244 870 2626 926 transcendit.
2661 871 2720 924 Id
2755 883 2987 942 quoque
3019 869 3237 923 bonum
3271 884 3443 922 omen
3488 869 3677 922 visum

2023 959 2292 1028 eruditis,
2327 960 2647 1031 prmeertim
2689 958 2761 1014 iis
2793 960 2893 1030 qui
2945 957 3089 1013 ccelo
3137 956 3430 1013 inhiantes
3485 956 3580 1012 vix
3610 973 3678 1012 ea

2021 1049 2219 1104 vident
2251 1065 2375 1120 qua:
2409 1056 2541 1104 ante
2572 1049 2744 1119 pedes
2776 1050 2915 1103 sunt
2946 1052 3041 1114 ;et
3074 1063 3173 1118 per
3198 1045 3444 1118 equinos
3474 1050 3678 1116 gestus

2021 1144 2080 1196 et
2107 1140 2341 1196 crebros
2371 1141 2551 1196 ﬂexus
2587 1140 2820 1212 longam
2852 1141 3033 1194 vitam
3066 1137 3402 1210 imperatori
3438 1142 3670 1211 porten-

2021 1231 2078 1284 di
2111 1231 2606 1286 vaticinabantur.

259 1339 368 1378 νως
427 1318 497 1371 τὰ
555 1313 808 1391 βασλιεία
861 1313 1091 1388 ⁴ετλατέτσι
1155 1314 1242 1369 καὶ
1332 1314 1594 1391 ἀνεῳγόσι
1649 1315 2142 1391 περικροτοὺμενος
2208 1318 2491 1392 στόμασιν.
2559 1321 2649 1375 Ἐν
2719 1315 2778 1374 δδ
2843 1318 2922 1390 τῷ
2988 1317 3234 1392 παριέναι
3306 1318 3420 1389 μεθ’
3487 1313 3668 1371 ἵππου

259 1402 512 1478 ’Ἄραϐος
544 1404 864 1484 ἑριαὺχενος
913 1403 980 1460 τὰ
1026 1404 1316 1479 ἀνάκτορα,
1370 1403 1460 1459 καὶ
1515 1403 1738 1476 μέλλειν
1790 1405 2008 1461 εἰσιέναι
2061 1403 2150 1462 διὰ
2203 1414 2302 1477 τῆς
2350 1405 2532 1478 πύλης
2583 1408 2700 1480 μεθ’
2749 1406 2815 1476 ἥν
2862 1410 2897 1476 ἠ
2951 1405 3010 1461 ἐκ
3055 1413 3154 1475 τῆς
3191 1402 3354 1478 ἕδρας
3407 1400 3675 1466 ἀπόϐασις

262 1493 473 1574 ἰφεῖται
506 1495 673 1568 μόνος
715 1498 833 1556 τοῖς
881 1493 1332 1568 αὐτοκράτορσιν,
1382 1493 1411 1547 6
1456 1491 1632 1558 ’ίππος
1678 1493 1737 1557 ὅς
1792 1494 1857 1564 ἦν
1914 1495 2004 1550 τὸν
2069 1495 2296 1572 βασιλέα
2353 1497 2526 1572 ὀχῶν,
2577 1495 2629 1558 ές
2680 1495 2937 1552 ἀκουστὸν
2991 1495 3318 1570 χρεμετίσας
3371 1493 3461 1548 καὶ
3506 1493 3676 1568 συχνὰ

257 1587 439 1660 κόψας
497 1585 690 1660 ἄκραις
753 1583 924 1639 ὁπλαῖ
981 1585 1046 1640 τὸ
1104 1581 1338 1640 δάπεδον
1391 1585 1583 1654 εὑήνιά
1640 1605 1698 1641 τε
1753 1583 2094 1660 προποδίσας
2158 1589 2248 1642 καὶ
2306 1587 2673 1662 περιδινηθεὶς
2728 1586 3012 1662 ἂγέρωχα,
3073 1580 3310 1660 ὑπερέϐη
3387 1581 3487 1660 ὀψέ
3542 1605 3676 1640 ποτε

252 1676 350 1731 τὸν
413 1673 603 1730 οὑδόν.
666 1675 893 1750 ’Δγαθὸν
954 1673 1048 1730 οὗν
1107 1676 1192 1748 [Ρ.
1255 1675 1344 1748 36]
1401 1670 1547 1744 ἔδοξε
1600 1678 1764 1730 τοῦτο
1820 1681 1938 1738 τοῖς
1991 1681 2229 1734 συνιοῦσι
2286 1681 2528 1752 κομψοῖς
2567 1673 2892 1745 ἐπεισόδιον,
2931 1675 3021 1732 καὶ
3059 1675 3268 1731 τούτων
3351 1673 3588 1748 μάλιστα
3626 1674 3678 1728 οἳ

243 1768 686 1842 περικεχήνασιν
717 1766 970 1840 οὐρανὸν,
1023 1767 1090 1820 τὰ
1137 1762 1184 1820 δ’
1235 1764 1286 1822 ἐν
1332 1763 1462 1820 ποσί
1521 1763 1686 1838 μόλις
1741 1763 1932 1841 ἔχουσι
1985 1765 2196 1844 διορᾷν,
2245 1770 2335 1824 καὶ
2388 1766 2476 1824 διὰ
2523 1773 2630 1824 τῶν
2685 1767 2919 1823 ἱππείων
2972 1771 3380 1845 σχηματισμῶν
3431 1767 3519 1822 καὶ
3578 1787 3674 1821 συ·-

237 1859 402 1932 χνῶν
437 1853 892 1932 περιελιγμάτων
933 1854 1252 1930 μακραίωνα
1282 1852 1752 1930 περιτελλομένην
1789 1857 1934 1927 ζωὴν
1961 1861 2042 1930 τῷ
2075 1859 2434 1934 αὐτοκράτορι
2465 1854 2858 1936 ἀπεφοίϐαζον.

336 1954 409 2028 β’.
446 1952 620 2012 Θὺσας
675 1952 772 2006 οὖν
821 1953 890 2008 τὰ
935 1952 1370 2028 ἀναγορευτήρια
1423 1956 1540 2025 Θεῷ
1593 1952 1683 2006 καὶ
1730 1947 1905 2007 ἐπιϐα-

2105 1957 2204 2012 70
2231 1961 2285 2014 2.
2329 1961 2498 2012 Facta
2527 1957 2709 2028 igitur
2739 1971 2797 2011 re
2828 1955 3024 2011 divina
3055 1972 3158 2027 pro
3207 1954 3596 2012 declarations
3621 1959 3677 2011 et

268 2045 461 2118 τήρια,
502 2041 785 2097 σκέπτεται
845 2040 967 2116 περὶ
1022 2047 1120 2097 τοῦ
1177 2041 1269 2096 τὸν
1331 2041 1725 2118 πατριαρχικὸν
1784 2040 1926 2114 κλη-

2033 2044 2264 2118 imperii
2295 2045 2675 2117 auspiciis,de
2700 2044 3076 2118 patriarchici
3107 2043 3301 2099 throni
3339 2057 3677 2100 successore

262 2130 590 2208 ρωσομένου
627 2133 821 2205 θρόνον
853 2131 1101 2194 καὶτοὺς
1146 2138 1248 2201 τῆς
1295 2129 1626 2202 Ἐκκλησίας
1675 2151 1905 2210 χειρισο-

2031 2139 2088 2192 et
2117 2134 2524 2191 ecclesiasticas
2560 2135 2877 2190 {unctionis
2908 2135 3318 2206 gubernatore,
3378 2149 3412 2188 a
3470 2149 3586 2205 quo
3615 2133 3675 2189 in

262 2221 429 2292 μένου
465 2217 661 2281 οἴακας
703 2219 792 2273 καὶ
850 2218 1237 2279 ταινδώσοντος
1291 2217 1453 2274 αὑτὸν
1513 2216 1602 2274 ἐπὶ
1657 2220 1759 2273 νεὼ
1815 2221 1922 2276 Κυ-

259 2308 380 2384 ρίου
433 2315 517 2381 τῷ
579 2309 1029 2385 αὐτοκρατορικῷ
1071 2308 1468 2386 στεφανώματι·
1523 2309 1550 2363 6
1609 2309 1710 2385 γὰρ
1743 2313 1920 2363 Στυπ-

261 2405 372 2468 πῆς
404 2399 564 2454 Λέων
612 2399 826 2471 θανάτῳ
883 2397 932 2468 ἐξ
991 2397 1287 2472 ἀνθρώπων
1343 2396 1572 2472 ἐγένετο.
1633 2401 1919 2453 Κοινοῦται

259 2489 352 2542 οὖν
387 2489 452 2543 τὰ
486 2494 592 2557 τῆς
637 2489 862 2564 γνώμης
891 2491 1008 2550 τοῖς
1039 2485 1099 2542 ἐκ
1125 2490 1222 2542 τοῦ
1252 2487 1371 2550 καθ’
1417 2487 1557 2559 αἴμά
1605 2487 1656 2541 οἱ
1708 2487 1920 2560 σεμνώ-

258 2599 439 2650 ματος
470 2576 790 2654 προῦχουσι
821 2579 912 2632 καὶ
942 2581 1058 2640 τοῖς
1088 2577 1147 2632 ἐκ
1192 2583 1292 2648 τῆς
1343 2574 1654 2652 συγκλήτου
1708 2575 1919 2652 βουλῆς

254 2670 340 2722 καί
379 2667 500 2723 ὅσοι
543 2672 643 2723 τοῦ
679 2668 927 2742 βήματος
978 2665 1248 2744 ἔντροφοι,
1299 2667 1389 2721 καὶ
1418 2664 1650 2722 πολλῶν
1698 2666 1774 2729 είς
1818 2668 1919 2738 τὴν

257 2757 524 2833 μεγίστην
588 2755 971 2831 ἀρχιερατείαν
1029 2754 1421 2831 έγκρινομένων
1466 2757 1502 2825 ἠ
1551 2760 1756 2811 νικῶσα
1807 2758 1915 2829 ψῆ·

257 2867 356 2920 φος
389 2845 481 2900 καὶ
514 2846 624 2900 τῶν
658 2847 907 2900 ἁπάντων
942 2842 1136 2921 σχεδὸν
1163 2846 1297 2921 πρὸς
1328 2845 1420 2900 τὸν
1449 2844 1556 2901 ἀπὸ
1583 2851 1685 2916 τῆς
1745 2852 1916 2918 μονῆς

252 2943 355 3004 τῆς
399 2934 614 3004 Ὀξείας
662 2935 815 3009 ῥέπει
862 2936 1108 3011 μοναχὸν
1159 2934 1416 3012 Μιχαήλ’
1463 2936 1622 3000 οὗτος
1671 2937 1776 3014 γὰρ
1823 2934 1914 2992 καὶ

255 3026 424 3099 ἆρετῆ
461 3025 816 3100 περιώνυμος
851 3025 917 3094 ἦν
976 3025 1066 3080 καὶ
1119 3031 1221 3096 τῆς
1277 3026 1546 3100 ἡμετέρας
1593 3023 1644 3080 έν
1708 3024 1912 3099 μεθέξει

251 3112 616 3176 παιδεύσεως.
675 3109 1017 3189 Προϐληθεὶς
1070 3111 1169 3170 οὖα
1217 3115 1244 3168 ὁ
1278 3115 1512 3194 Μιχαὴλ
1559 3114 1911 3192 πατριάρχης

250 3202 305 3265 ἒς
359 3203 536 3272 αὐτῆς
587 3204 680 3258 τὸν
739 3204 965 3278 χίσαντα
1023 3203 1170 3282 χρίει
1225 3204 1292 3258 τὰ
1346 3204 1466 3279 ἱερά
1519 3201 1908 3280 ἐσαφικόμενον

248 3292 529 3368 μέλαθρα.
571 3287 871 3366 Συμϐαίνει
921 3290 980 3348 δὶ
1033 3299 1114 3366 τῷ
1170 3291 1386 3368 βασιλεῖ
1441 3292 1530 3349 καὶ
1589 3294 1617 3349 6
1673 3291 1908 3360 ἀδελφὸς

252 3383 545 3454 Ἰσαάκιος,
577 3383 668 3438 καὶ
713 3383 848 3457 ὑπὲρ
895 3380 1049 3453 δόξαν
1101 3386 1200 3452 τήν
1251 3385 1360 3437 τῶν
1410 3380 1637 3439 πολλῶν
1695 3380 1904 3439 ἀντεδί-

249 3472 427 3530 δοσαν
456 3474 736 3545 ἀλλήλοιν
785 3476 864 3530 τὼ
916 3473 1137 3552 ἀδελφὼ
1192 3475 1291 3544 τὴν
1350 3471 1578 3533 εὔνοιαν.
1632 3475 1732 3534 Ἦν
1795 3473 1909 3532 δὶὸ

244 3564 530 3628 Ἰσαάκιος
561 3561 651 3619 διὰ
697 3565 760 3619 τὸ
817 3564 894 3627 είς
947 3563 1120 3643 χόλον
1183 3562 1530 3636 εὑέμπτωτον
1583 3565 1671 3620 καὶ
1731 3564 1793 3620 τὸ
1850 3565 1910 3621 ἐκ

247 3657 466 3728 μικρᾶς
513 3653 782 3718 πολλάκις
863 3653 1039 3717 αἰτίας
1124 3652 1178 3716 ἐς
1262 3652 1514 3716 κολάσεις
1574 3653 1904 3731 ὑπερόγκους

243 3741 686 3818 διαβριπίζεσθαι
719 3739 1137 3818 δυσξύμϐλητος
1163 3747 1280 3806 τοῖς
1303 3743 1538 3806 πολλοῖς
1562 3746 1696 3816 (4-1),
1719 3739 1905 3823 ἔτρεφε

239 3832 301 3888 δε
334 3832 527 3888 καὶτὸ
567 3831 828 3911 ψοφοδεὲς
880 3831 1116 3911 ἀγεννές,
1164 3832 1255 3888 καὶ
1300 3837 1468 3888 ταῦτα
1517 3832 1747 3902 τηλίκος
1802 3832 1900 3903 ὥν,

236 3923 334 3976 καὶ
406 3918 658 3996 ἀνδράσιν
723 3922 1007 3995 ἀνόμοιον.
1078 3923 1178 3981 Ἦν
1253 3921 1347 3977 οὖν
1416 3922 1445 3978 6
1510 3919 1901 3997 βασιλεύτατος

237 4011 509 4082 Ἰωάννης
542 4012 568 4066 ὂ
600 4011 796 4068 τούτου
829 4012 1007 4087 πατὴρ
1039 4011 1128 4069 καὶ
1180 4010 1313 4067 κατᾶ
1364 4014 1531 4066 τοῦτο
1577 4012 1723 4084 παρὰ
1767 4017 1900 4068 πᾶσι

2027 2223 2248 2296 templo
2278 2224 2510 2280 Domini
2536 2241 2750 2280 corona
2780 2222 3156 2296 imperatoria
3185 2225 3508 2292 ornaretur,
3531 2222 3675 2279 deli-

2029 2314 2213 2370 berat.
2249 2315 2396 2374 Nam
2429 2315 2541 2371 Leo
2573 2315 2879 2387 Styppiota
2935 2317 3120 2370 morte
3167 2312 3343 2369 rebus
3395 2312 3674 2370 humanis

2028 2408 2332 2477 exemptus
2389 2409 2530 2461 erat.
2591 2404 2836 2460 Proinde
2888 2404 3243 2461 sententiam
3309 2418 3479 2460 suam
3537 2419 3672 2460 cum

2027 2493 2697 2566 cognatis,senatoribus
2727 2498 2785 2550 et
2815 2493 3220 2551 acerdotibus
3252 2492 3672 2550 communicat.

2024 2582 2170 2638 Cum
2202 2587 2396 2640 autem
2431 2582 2601 2640 multi
2632 2584 2694 2639 in
2727 2583 3358 2654 maximipontiticatus
3380 2581 3678 2653 sutt‘ragiis

2024 2673 2488 2743 nominarentur,
2521 2689 2722 2730 eorum
2755 2674 3048 2729 sententia
3101 2671 3259 2741 vicii,
3289 2671 3511 2728 caateris
3555 2673 3673 2729 fere

2023 2763 2281 2819 omnibus
2310 2764 2590 2833 assensis,
2622 2763 2721 2835 qui
2754 2762 3094 2819 Michaelem
3126 2761 3296 2818 Acuti
3331 2761 3669 2818 monasterii

2022 2853 2372 2910 monachum
2403 2852 2812 2926 designabant,
2843 2851 3035 2908 virum
3067 2856 3125 2907 et
3149 2850 3361 2907 virtute
3381 2851 3670 2908 celebrem

2019 2947 2078 2998 et
2099 2941 2541 2999 nostrislitteris
2570 2941 2956 2999 eruditum.Ie
2987 2941 3160 3012 igitur
3181 2939 3512 3012 patriarcha
3565 2941 3660 2997 de-

2019 3031 2271 3089 claratus
2300 3048 2434 3088 eum
2465 3049 2500 3088 a
2535 3048 2652 3104 quo
2710 3036 2926 3087 unctus
2982 3035 3108 3088 erat
3159 3029 3412 3089 vicissim
3472 3031 3662 3101 ungit,

2017 3137 2244 3179 sacram
2268 3121 2449 3178 eadem
2468 3121 2822 3194 ingressum.
2844 3121 3255 3193 Imperatorem
3287 3119 3461 3176 etiam
3485 3121 3664 3176 frater

2020 3211 2279 3268 lsaaciua
2299 3217 2386 3267 est
2405 3211 2722 3268 comitatus
2747 3229 2761 3278 ;
2790 3211 2989 3282 itaque
3011 3211 3242 3279 fratres,
3265 3213 3476 3282 printer
3503 3208 3662 3283 vulgi

2018 3300 2592 3372 opinionem,mutua
2617 3299 3020 3357 benevolentia
3051 3315 3109 3356 se
3163 3299 3450 3372 complexi
3499 3304 3659 3354 sunt.

2019 3391 2152 3447 Fuit
2180 3394 2373 3446 autem
2405 3390 2662 3447 Isaacius
2692 3391 2766 3446 ob
2797 3389 3162 3446 iracundiam
3193 3392 3252 3445 et
3308 3387 3533 3444 levibus
3591 3388 3663 3445 de

2018 3479 2215 3536 causis
2245 3481 2315 3536 ad
2350 3479 2568 3536 atrocia
2599 3478 2888 3552 supplicia
2918 3477 3366 3552 propensionem
3417 3476 3660 3534 minime

2017 3574 2222 3642 gratus
2253 3569 2467 3642 populo
2497 3586 2511 3637 ;
2542 3573 2598 3626 et
2629 3584 2967 3642 quanquam
2998 3566 3495 3640 procerus,nescio
3518 3565 3658 3636 quid

2019 3659 2460 3717 formidolosum
2520 3663 2576 3715 et
2632 3660 2753 3714 viro
2821 3658 3128 3729 indignum
3181 3655 3407 3723 habuit,
3466 3658 3532 3710 ut
3587 3654 3659 3710 ad

2015 3747 2280 3819 quamvis
2311 3763 2455 3820 pene
2486 3747 2799 3820 strepitum
2837 3742 3658 3818 expavesceret.Quamobrem

2012 3844 2180 3909 pater
2205 3840 2334 3907 ejus
2351 3838 2632 3904 Joannes,
2666 3837 2982 3909 imperator
3009 3832 3446 3900 solertissimus,
3479 3833 3655 3890 etiam

2009 3943 2076 3983 eo
2119 3926 2354 3983 nomine
2408 3927 2483 3982 ab
2549 3927 2823 3982 omnibus
2881 3923 3302 3994 celebrabatur,
3359 3923 3516 3994 quod
3572 3922 3655 3979 illi

2009 4014 2334 4071 Manualem
2363 4013 2730 4086 praetulisset.

239 4102 590 4176 μακαριστὸς
641 4103 733 4156 καὶ
791 4108 892 4170 τῆς
939 4098 1199 4175 ἀοιδίμου
1248 4099 1457 4171 λήξεως
1507 4101 1593 4155 καὶ
1652 4097 1724 4155 δι’
1773 4101 2024 4182 εὐφήμου
2071 4101 2323 4178 κείμενος
2390 4105 2632 4177 μνήμης,
2688 4102 2772 4159 ὅτι
2821 4101 2914 4158 τὸν
2967 4099 3233 4172 Μανουήλ
3285 4100 3362 4165 είς
3409 4101 3472 4156 τὸ
3518 4119 3652 4175 κρα-

230 4197 354 4248 τεῖν
393 4190 482 4246 καὶ
518 4190 824 4266 βασιλεύειν
862 4191 993 4265 ὑπερ
1025 4190 1184 4246 αὑτὸν
1215 4189 1517 4246 ἰδικαίωσε.

310 4284 430 4341 Τοῦ
462 4279 521 4337 δὲ
552 4281 773 4340 Μασοὺτ
801 4282 868 4337 τὰ
897 4282 1032 4356 πρὸς
1062 4283 1174 4337 Ἕω
1215 4279 1550 4354 ληἰζομὲνου
1602 4282 1691 4337 καὶ
1741 4303 1902 4339 κατα-

2084 4288 2171 4342 71
2196 4287 2518 4353 Quicontra
2531 4289 2826 4343 Nasutum
2847 4284 3144 4342 Orientem
3160 4283 3578 4348 incursantem,
3595 4287 3654 4338 et

226 4373 543 4449 τρέχοντος
585 4371 774 4442 ἔξεισιν
805 4373 832 4427 6
866 4372 1138 4442 Μανουήλ
1169 4372 1287 4427 κατ’
1340 4372 1531 4440 αὑτοῦ,
1579 4372 1666 4426 καὶ
1701 4369 1768 4442 δὴ
1802 4393 1898 4450 γε·

225 4465 426 4540 γονὼς
455 4463 684 4518 κατὰτὰ
735 4461 1058 4542 Μελάγγεια
1110 4461 1238 4525 τοὺς
1291 4460 1462 4518 ἐκεῖσε
1508 4463 1717 4538 Πέρσας
1775 4483 1901 4536 μετ-

231 4555 410 4625 ῆλθε.
473 4553 615 4627 Πρὸς
674 4550 730 4608 δὲ
781 4560 882 4622 τῆς
939 4557 1046 4609 τῶν
1106 4551 1464 4629 Μελαγγείων
1529 4551 1779 4631 φυλακῆς
1843 4574 1902 4608 τε

227 4646 325 4701 καί
396 4641 722 4705 ἆνακτίσεως
779 4641 1134 4717 ἐπιμεληθεὶς
1212 4641 1286 4706 είς
1342 4645 1441 4712 τήν
1510 4641 1898 4719 βασιλεύουσαν

227 4735 485 4789 ἐπάνεισι
563 4731 754 4799 πόλιν,
827 4732 970 4805 νόσῳ
1045 4728 1461 4806 προσπαλαίσας
1563 4729 1893 4806 πλευρίτιδι.

228 4822 424 4884 Ἀλλὰ
473 4822 564 4878 καὶ
608 4824 701 4878 τὸν
750 4828 848 4893 τῆς
906 4821 1250 4897 Ἀντιοχείας
1298 4822 1572 4900 πρίγκιπα
1602 4823 1894 4896 Ῥαϊμοῦν-

227 4914 326 4972 δον
363 4911 610 4986 μετιέναι
641 4908 752 4967 δεῖν
801 4910 1030 4982 οἰηθεὶς,
1085 4916 1204 4987 τρῖς
1264 4910 1537 4976 Κιλικίαις
1591 4910 1894 4992 ἐπιφυόμε-

221 5027 322 5062 νον
355 5001 609 5071 πόλεσιν,
638 4999 697 5055 αῖ
744 5001 1038 5074 Ῥωμαίοις
1098 5003 1237 5070 ἦσαν
1297 5003 1584 5073 κατήκοοι,
1638 5003 1889 5077 στρατιὰν

218 5094 552 5166 ὶξέπεμψεν,
614 5089 896 5165 ἡγεμόνας
947 5089 1082 5163 αὑτῇ
1131 5089 1426 5163 ἐπιστήσας
1474 5090 1602 5153 τοὺς
1652 5088 1892 5170 ἀδελφό-

217 5181 434 5244 παιδας
491 5181 980 5258 Κοντοστεφάνους,
1029 5181 1124 5237 τόν
1190 5200 1249 5236 τε
1317 5180 1570 5251 Ἰωάννην
1638 5181 1729 5236 καὶ
1794 5182 1886 5236 τὸν

216 5271 606 5346 Ἀνδρόνικον,
637 5271 727 5327 καί
758 5290 880 5325 τινα
925 5268 1185 5346 Προσοὺχ
1235 5269 1336 5327 οὐκ
1381 5267 1559 5345 ἄϊδριν
1608 5271 1675 5326 τὰ
1721 5269 1886 5326 πολέ-

220 5383 354 5437 μιαι
384 5362 476 5418 καὶ
512 5368 646 5431 νῆας
691 5357 749 5416 δέ
799 5359 1254 5436 προσεπεπόμφει
1309 5359 1542 5437 μακρὰς,
1589 5361 1664 5416 ὧν
1723 5362 1884 5438 ἡγεῖ.

2007 4377 2381 4448 populantem
2395 4377 2464 4433 ad
2482 4376 2767 4448 Melangia
2784 4375 3100 4447 profectus,
3131 4374 3338 4430 Persas
3352 4372 3511 4429 illius
3534 4373 3648 4428 loci

2011 4465 2172 4521 ultus
2192 4469 2310 4535 est;
2343 4465 2596 4537 dataque
2610 4481 2786 4538 cpera
2818 4470 2879 4520 ut
2905 4463 3192 4535 Melangia
3245 4463 3647 4519 instauraren-

2009 4562 2099 4610 tur
2127 4559 2185 4612 et
2213 4555 2668 4624 custodirentur,
2699 4555 2758 4612 in
2799 4554 3228 4627 imperatricem
3287 4554 3494 4609 urbem
3553 4567 3646 4608 re-

2005 4644 2477 4714 vartitur,laterls
2501 4645 2700 4701 morbo
2732 4645 3095 4701 conﬂictans.
3118 4642 3228 4700 Sed
3251 4646 3308 4698 et
3325 4641 3646 4698 Antiochiae

2005 4732 2327 4804 principem
2355 4734 2750 4790 Raimundum
2780 4733 3180 4792 ulciscendum
3206 4736 3364 4788 ratus
3382 4733 3480 4803 qui
3509 4731 3644 4787 Cili-

2002 4823 2103 4880 cia
2131 4826 2305 4880 urbes
2327 4824 2601 4880 Romanis
2623 4823 2863 4880 ditionis
2890 4823 3152 4894 vexabat,
3183 4820 3642 4892 Contostepbani

2000 4918 2239 4985 nepotes
2266 4913 2551 4970 Joannem
2609 4919 2666 4970 et
2719 4912 3144 4976 Andronicum,
3175 4918 3230 4968 et
3268 4908 3638 4966 Prusuchum

1999 5004 2314 5072 quemdam
2345 5003 2426 5058 rei
2459 5002 2728 5060 militaris
2759 5019 2874 5058 non
2907 5002 3267 5072 imperitum,
3301 5013 3434 5054 cum
3482 5011 3640 5050 exer-

1997 5093 2116 5148 citu
2145 5092 2754 5165 ablegavit,adjunctis
2777 5091 2966 5164 longis
2993 5089 3258 5154 navnbua,
3290 5085 3500 5157 quibus
3546 5088 3645 5137 De-

1998 5183 2238 5239 metrius
2271 5183 2460 5238 Brana
2512 5185 2773 5252 prmerat,
2825 5179 3058 5250 oppidis
3115 5182 3172 5233 et
3225 5172 3479 5230 castellis
3509 5188 3635 5244 quae

1992 5273 2358 5329 vexabantur
2387 5271 2664 5338 defensis,
2699 5269 2891 5326 Persis
2920 5268 3113 5323 denuo
3145 5262 3361 5322 bellum
3393 5261 3519 5334 ipse
3549 5263 3636 5317 in-

1994 5361 2145 5417 ferre
2174 5359 2399 5416 statuit.
2435 5359 2545 5424 Qui
2587 5373 2722 5414 cum
2759 5356 3098 5413 Pithecanas
3143 5352 3503 5411 munitiones
3565 5369 3634 5410 oc

1605 5492 1792 5573 Hier.
1826 5491 2067 5560 Wolﬁi
2097 5499 2302 5561 nota.

300 5632 413 5702 (41)
461 5621 910 5716 Δοσξόμϐληταςκ
933 5630 1055 5714 fcie
1113 5623 1372 5716 πολλοῖς,

221 5696 333 5771 tu}
390 5696 538 5786 iurgi
581 5696 704 5766 ’τῶν
773 5696 1001 5768 πολλῷν
1067 5699 1322 5774 “tande,
1393 5696 1549 5772 υιιισο
1649 5699 1882 5783 inviam.

1994 5625 2155 5692 Quod
2190 5622 2366 5697 paulo
2398 5621 2636 5697 gravius
2667 5625 2756 5678 est
2787 5640 2802 5691 ;
2834 5620 2942 5677 etsi
2982 5621 3384 5697 morositatem
3437 5621 3638 5680 odium

1992 5694 2360 5772 plerumque,
2393 5694 2459 5754 ut
2487 5694 2700 5756 umbra
2727 5710 2963 5770 corpus,
2994 5694 3280 5769 sequitur.
