4068 6196
414 411 534 474 313

1731 401 2048 464 ΝΙΟΕΤᾸΞ
2089 404 2514 466 ΟΗΟΝΙΑΤΕ

3706 405 3836 464 384

419 559 636 622 cupare
695 543 1015 606 studerent,
1073 545 1132 593 et
1187 537 1248 591 in
1303 535 1611 591 Thraciam
1671 535 2060 606 impressione

2172 555 2233 622 το
2294 539 2615 611 Δημήτριος
2656 538 2686 591 6
2743 537 2971 610 Βρανᾶς.
3035 535 3267 608 ’Λμὲλει
3323 537 3413 590 καὶ
3478 542 3588 592 τῶν
3649 543 3837 599 κακῶς

423 642 570 696 facta
599 635 766 693 obvia
808 629 1003 687 omnia
1069 627 1492 700 praedarentur,
1554 627 1845 698 praeterita
1892 626 2068 694 Lydia

420 730 595 784 urbes
628 721 885 792 Phrygiae
918 723 976 773 et
1007 719 1076 773 ad
1112 717 1468 772 Maeandrum
1501 716 1720 770 ﬂumen
1780 716 1922 770 itas
1954 715 2063 769 im-

419 813 782 872 mtnentibus
815 808 1090 881 periculis
1121 807 1356 878 eripuit,
1389 812 1444 860 et
1476 807 1678 860 Persas
1731 806 2066 875 perterritos

418 902 656 975 fugavit.
690 900 773 954 Ad
807 897 1220 953 Philomelium
1255 911 1386 950 cum
1429 895 1636 950 Turcis
1693 909 2064 964 congressus.

415 1007 548 1047 cum
584 991 752 1045 basta
793 988 1030 1043 Persam
1063 991 1378 1056 quemdam
1415 983 1934 1055 prostravisset,ab
1965 999 2062 1036 eo-

415 1083 546 1136 dem
573 1078 814 1134 cadente
837 1077 895 1130 in
922 1077 1120 1145 planta
1142 1074 1356 1144 sagitta
1381 1073 1531 1127 ictus
1554 1080 1662 1126 est.
1697 1074 1835 1125 Cum
1871 1078 2062 1126 autem

417 1176 476 1228 et
504 1173 560 1226 in
595 1169 770 1225 rebus
798 1166 1074 1240 gerendis
1109 1165 1206 1219 72
1239 1179 1371 1218 acer
1391 1167 1565 1234 atque
1592 1163 1783 1216 audax
1822 1169 1879 1215 et
1906 1166 2066 1230 patre

415 1260 640 1316 Joanne
697 1255 1031 1312 bellicosior
1081 1253 1353 1308 hostibus
1427 1251 1741 1315 videretur,
1801 1251 2067 1305 recedere

415 1349 605 1406 noluit
633 1366 647 1415 ;
682 1361 875 1417 neque
906 1341 1100 1415 paruit
1129 1341 1202 1395 iis
1229 1341 1330 1412 qui
1361 1339 1680 1394 monebant
1727 1345 1793 1393 ut
1827 1337 2062 1393 tandem

415 1440 658 1496 domum
687 1438 1091 1496 reverteretur,
1119 1447 1190 1486 ne
1207 1435 1393 1486 Persae
1409 1445 1476 1484 ex
1488 1427 1892 1500 desperatione
1904 1427 2064 1482 salu-

415 1528 492 1583 tis
518 1525 928 1598 conspirantes
945 1521 1262 1578 exercitum
1277 1520 1405 1590 ejus
1418 1517 1568 1572 male
1595 1521 1943 1572 tractarent:
1962 1517 2065 1572 sed

418 1622 591 1672 aucta
621 1614 814 1687 potius
847 1611 1142 1667 alacritate
1173 1611 1363 1681 ipsum
1399 1606 1657 1662 Iconium
1691 1605 1878 1678 petiit.
1903 1604 2066 1661 Unde

418 1707 684 1763 Masutus
707 1705 1007 1774 digressus
1026 1701 1258 1756 Taxaris
1289 1704 1473 1756 castra
1505 1697 1720 1770 posuit,
1753 1713 1877 1768 que
1923 1696 2062 1752 olim

418 1795 653 1853 Colonia
682 1793 1012 1849 vocabatur.
1045 1790 1170 1846 Una
1208 1806 1339 1844 vero
1397 1805 1464 1842 ex
1491 1787 1724 1841 filiabus
1753 1787 1901 1856 ejus,
1936 1802 2066 1856 quae

415 1883 627 1940 Joanni
656 1887 950 1938 Comneno
975 1880 1174 1935 lsaacii
1200 1875 1676 1934 sebastocratoris
1703 1874 1840 1941 filio,
1876 1875 2058 1946 impe-
2094 1897 2136 1962 Β

418 1971 628 2028 ratoris
660 1970 932 2042 patrueli,
967 1973 1151 2039 nupta
1182 1983 1310 2021 esse
1340 1965 1650 2030 ferebatur,
1683 1964 1776 2033 qui
1829 1981 1896 2018 ex
1948 1963 2054 2018 levi

418 2061 639 2116 offensa
663 2076 694 2113 a
717 2063 926 2129 patruo
949 2062 1004 2110 et
1027 2057 1376 2126 imperatore
1396 2052 1618 2108 Joanne
1641 2053 1710 2107 ad
1764 2056 2055 2107 Masutum

417 2147 725 2216 defecerat,
759 2161 788 2199 e
820 2144 1114 2200 mcenibus
1144 2147 1522 2214 prospectans
1552 2140 1610 2194 in
1659 2140 2055 2194 defensionem

417 2237 596 2310 patrie
627 2235 869 2300 sultani,
897 2235 1215 2290 orationem
1237 2233 1393 2287 haud
1425 2232 1683 2302 ineptam
1730 2228 1950 2285 habuit.
1984 2233 2058 2283 At

413 2327 730 2396 imperator
750 2323 850 2378 ubi
874 2323 944 2378 ad
970 2321 1147 2378 lconii
1164 2319 1694 2382 moeniasuccessit,
1709 2333 2060 2388 eaqueexer-

411 2417 531 2472 citu
565 2413 964 2480 circumdedit,
999 2416 1056 2468 et
1077 2410 1376 2482 juventuti
1406 2425 1577 2464 arcus
1601 2411 1802 2463 contra
1843 2423 2056 2478 propuo

410 2503 660 2577 gnacula
688 2502 988 2558 intendere
1009 2500 1317 2566 concessit,
1337 2497 1630 2569 prohibita
1653 2495 2056 2567 sepulcrorum

408 2593 738 2661 violatione,
772 2591 868 2646 vix
898 2590 1035 2645 inde
1066 2589 1356 2645 discessit.
1390 2587 1500 2642 Sed
1534 2587 1670 2657 quia
1699 2585 1760 2640 in
1791 2585 2056 2639 discessu

410 2681 612 2737 hostes
639 2691 919 2751 anguslas
951 2680 1182 2734 insidiis
1213 2682 1587 2749 occuparant,
1622 2690 1831 2746 pugna;
1885 2690 2057 2745 supe-

409 2771 663 2827 rioribus
691 2771 942 2840 majores
970 2773 1287 2840 eruperunt
1318 2785 1338 2821 :
1367 2767 1582 2838 quibus
1615 2781 1727 2819 non
1762 2762 1888 2818 sine
1944 2763 2056 2816 dis-

409 2861 657 2916 crimine
689 2859 990 2924 confectis,
1024 2859 1083 2912 in
1117 2857 1318 2912 urbem
1379 2855 1808 2926 imperatricem
1869 2852 2056 2907 rediit.

2171 621 2345 679 ἐκεῖσε
2407 628 2730 699 πασγόντων
2798 624 3073 702 φρουρίων
3137 626 3226 680 καὶ
3295 623 3510 679 πόλεων
3597 624 3835 696 δεούσης

2170 709 2489 787 ἐπικουρίας
2534 716 2942 789 τετυχηκότων,
2994 716 3129 769 κατὰ
3189 719 3406 788 Περσῶν
3459 715 3839 789 ἐκστρατεύειν

2169 801 2448 875 προέθετοο
2482 801 2590 873 ἤδη
2623 807 2730 879 γὰρ
2772 807 2923 859 οὗτοι
2974 806 3040 858 τα
3087 806 3208 878 περὶ
3265 805 3356 858 τὸν
3413 809 3654 874 [Ιιθηκᾶν
3709 807 3838 878 ἐρύ-

2174 911 2314 961 ματα
2374 892 2744 967 ὑπαγαγέσθαι
2806 891 3126 954 σπευδοντες
3183 893 3274 946 καὶ
3328 899 3408 963 τῷ
3465 897 3662 966 θὲματι
3720 901 3838 949 τῶν

2170 982 2487 1054 θρᾳκησίων
2558 979 2932 1056 ἐμϐάλλοντες
3011 985 3078 1038 τὰ
3143 984 3194 1038 ἐν
3265 985 3422 1038 ποστν
3517 984 3831 1054 ἐληίζοντο.

2168 1066 2428 1135 Ὑπερϐἆις
2458 1071 2636 1126 τοίνυν
2695 1071 2892 1127 Λυδίαν
2933 1074 3025 1126 καὶ
3077 1078 3196 1134 ταῖς
3247 1075 3381 1127 κατὰ
3435 1076 3678 1150 Φρυγίαν
3734 1077 3833 1129 καί

2169 1157 2481 1233 Μαίανδρον
2523 1163 2769 1235 ποταμὸν
2830 1163 3051 1222 ἐπιστὰς
3105 1161 3354 1222 πόλεσιν,
3401 1165 3565 1225 αὐτάς
3614 1186 3673 1220 τε
3720 1172 3836 1222 τῶν

2170 1247 2569 1320 ἐπηρτημένων
2627 1249 2892 1306 κινδύνων
2939 1251 3226 1322 ἀπήλλαξε
3283 1254 3373 1307 καὶ
3429 1256 3561 1317 τοὺς
3618 1255 3832 1329 Πέρσας

2170 1331 2418 1409 φοϐήσας
2450 1337 2652 1409 ἐδίωξε.
2712 1342 3008 1412 Γενόμενος
3065 1339 3122 1396 δὲ
3177 1342 3312 1396 κατὰ
3367 1344 3429 1397 τὸ
3481 1340 3833 1415 Φιλομίλιον

2167 1426 2385 1481 κάκεῖσε
2447 1433 2564 1490 τοῖς
2629 1431 2896 1505 Τοόρκοις
2961 1431 3308 1505 προσέμιξεν·
3369 1429 3488 1486 ἔνθα
3568 1433 3658 1486 καὶ
3730 1435 3830 1487 τὸν

2166 1519 2264 1569 τοῦ
2293 1513 2464 1577 ποδὸς
2519 1515 2767 1587 ἐτοξεύθη
2826 1521 3022 1594 ταρσὸν
3092 1521 3239 1594 παρὰ
3306 1522 3515 1594 Πέρσου
3585 1524 3668 1594 [Ρ.
3733 1524 3831 1595 37]

2165 1603 2308 1665 τινὸς
2339 1599 2778 1675 καταϐληθέντος
2841 1609 2936 1679 μὲν
2988 1608 3094 1664 ὕπὸ
3148 1607 3418 1683 βασιλέως
3468 1615 3549 1681 τῶ
3607 1608 3831 1684 δόρατι,

2167 1689 2219 1744 ἐν
2280 1687 2336 1744 δὲ
2391 1695 2472 1762 τῷ
2537 1693 2910 1766 ἀνατραπῆναι
2975 1696 3037 1750 τὸ
3100 1695 3260 1770 βέλος
3329 1695 3623 1770 ἐπαφέντος
3691 1698 3835 1752 κατὰ

2167 1783 2264 1833 τοῦ
2320 1779 2620 1852 πὲλματος.
2675 1783 2840 1852 Δόξας
2890 1781 2946 1838 δὶ
2994 1787 3120 1858 παρ’
3166 1786 3351 1847 αὐτοῖς
3395 1781 3631 1864 φοϐερὸς
3690 1788 3831 1842 εἶναι

2167 1870 2262 1929 τὰς
2298 1871 2513 1943 πράξεις
2561 1872 2650 1924 καὶ
2700 1870 2970 1943 εὖτολμος
3025 1875 3114 1927 καὶ
3165 1879 3264 1929 τοῦ
3313 1877 3517 1948 πατρὸς
3571 1878 3830 1932 Ἰωάννου

2166 1955 2691 2034 φιλοκινδυνότερος,
2725 1960 2833 2035 οὐχ
2863 1962 3051 2036 ᾑρεῖτο
3100 1963 3338 2037 γενέσθαι
3396 1964 3832 2038 παλίνστροφος,

2168 2044 2280 2100 οὐδ’
2312 2045 2551 2109 ἐπείθετὸ
2613 2051 2663 2102 οἱ
2708 2055 2824 2112 τοῖς
2874 2045 3316 2122 συμϐολυευουσι
3373 2062 3683 2124 μνησθῆναι
3736 2057 3830 2108 καὶ

2165 2137 2358 2190 νόστου
2426 2138 2578 2207 ποτε,
2648 2141 2846 2209 μήπως
2915 2139 3295 2201 ἐπισυστάντες
3356 2142 3405 2194 οἱ
3477 2147 3679 2209 Πέρσαι
3750 2145 3830 2200 ὡς

2167 2222 2275 2294 ἤδη
2309 2227 2431 2300 περὶ
2488 2231 2593 2280 τῶν
2652 2225 2798 2281 ὅλων
2843 2228 3319 2304 ἀπογινώσκοντες
3361 2235 3540 2292 κακῶς
3591 2233 3654 2286 τὸ
3705 2241 3832 2287 κατ’

2169 2313 2327 2368 αὐτὸν
2361 2312 2651 2378 διάθωνται
2701 2318 3038 2390 στράτευμα.
3100 2318 3326 2390 Ἀμέλει
3364 2321 3454 2373 καὶ
3490 2322 3554 2376 τὸ
3608 2323 3827 2396 πρόθυ-

2173 2423 2270 2476 μον
2330 2401 2593 2465 ἕπιτείνας
2652 2403 2703 2466 ἐς
2765 2406 2896 2460 αὐτὸ
2945 2407 3009 2460 τὸ
3072 2407 3296 2462 Ἰκόνιον
3355 2407 3580 2476 ἤλασεν.
3643 2410 3825 2471 Αὐτὸς

2171 2493 2265 2565 μὲν
2326 2490 2415 2546 οὖν
2476 2494 2504 2546 6
2565 2494 2784 2549 Μασοὺτ
2856 2495 3281 2566 μεταναστεόσας
3341 2497 3543 2552 ἐκεῖθεν
3611 2519 3827 2573 παρεν-

2169 2576 2360 2635 έϐαλεν
2421 2580 2493 2642 είς
2539 2582 2605 2636 τὰ
2660 2584 2895 2657 Τάξαρα,
2928 2585 2960 2638 ἃ
3009 2583 3148 2638 ἐστιν
3207 2588 3242 2654 ἡ
3305 2587 3476 2640 παλαι
3537 2587 3824 2663 λεγομένη

2169 2669 2468 2725 Κολωνεια·
2527 2676 2634 2727 τῶν
2698 2669 2754 2726 δὲ
2811 2675 3118 2748 θυγατέρων
3181 2674 3346 2728 αὐτοῦ
3403 2677 3500 2748 μία
3553 2683 3661 2731 τῶν
3715 2699 3832 2731 τει-

2170 2765 2287 2835 χῶν
2339 2759 2540 2814 ἃνωθεν
2601 2758 3018 2830 διεκκῦπτουσα,
3078 2766 3202 2833 ἣτις
3286 2765 3377 2819 καὶ
3450 2768 3830 2837 συνῳκηκὲναι

2169 2849 2388 2924 ἐλέγετο
2416 2856 2494 2922 τῷ
2525 2849 2804 2926 ἐξαδέλφῳ
2843 2859 2939 2907 τοῦ
2988 2854 3257 2928 βασιλέως
3310 2857 3532 2929 Ἰωάννῃ
3582 2862 3663 2928 τῷ
3715 2861 3832 2915 Κο-

425 2952 634 3022 μνίινῷ,
693 2946 752 3001 ὅν
815 2948 844 3001 6
899 2942 1346 3018 σεϐαστοκράτωρ
1403 2942 1644 3018 ἐγείνατο
1700 2942 1986 3009 Ἰσαάκιος,
2044 2939 2182 2996 κατᾶ
2239 2937 2297 2994 δὲ
2357 2940 2722 3014 μικρολυπίαν
2779 2947 2876 2996 τοῦ
2943 2945 3090 2998 θείου
3165 2947 3252 2999 καὶ
3307 2945 3576 3020 βασιλέως
3633 2948 3831 3002 Ἰωάν-

411 3060 507 3094 νου
538 3044 642 3094 τοῦ
684 3041 979 3111 Κομνηνοῦ
1036 3034 1276 3110 ἀποδρὰς
1333 3039 1415 3107 τῷ
1464 3032 1690 3091 Μασοὺτ
1735 3030 2069 3107 προσερῥύη,
2124 3028 2258 3104 ὕπερ
2305 3036 2401 3085 τοῦ
2449 3033 2653 3106 πατρὸς
2705 3033 2794 3086 καὶ
2841 3033 3144 3090 σουλτάνου
3196 3038 3419 3100 πιθανὸν
3475 3036 3680 3093 ἐτίθετο
3733 3041 3830 3093 τὸν

410 3126 718 3200 ἀπόλογον.
789 3124 1055 3188 Βασιλεὺς
1115 3123 1171 3180 δὶ
1226 3125 1400 3199 ἀγχοῦ
1455 3128 1562 3178 τῶν
1618 3117 1928 3197 περιϐόλων
1987 3125 2087 3174 τοῦ
2153 3120 2378 3175 Ἰκονίου
2439 3120 2733 3194 γενόμενος
2800 3124 2889 3176 καὶ
2961 3126 3027 3178 τὰ
3090 3124 3251 3203 τείχη
3319 3130 3399 3195 τῷ
3443 3131 3661 3200 στρατῷ
3703 3127 3834 3182 6m-

421 3219 620 3287 ζώσας,
647 3217 776 3285 τόξα
830 3236 889 3271 τε
940 3215 1128 3270 τείνειν
1188 3212 1275 3268 ἐπὶ
1332 3213 1428 3274 τὰς
1485 3210 1735 3282 ἐπάλξεις
1790 3215 1859 3283 τῇ
1926 3208 2150 3279 νεολαίᾳ
2214 3205 2397 3271 ἐνδοὺς
2460 3208 2551 3262 καὶ
2617 3215 2734 3271 τοῖς
2802 3210 3157 3292 νεκροδόχοις
3225 3216 3463 3285 σημασιν
3529 3212 3832 3289 ἐνυϐρίζειν

416 3271 492 3378 μὴ
557 3271 882 3379 σόγχωρῶν,
941 3302 1114 3364 οὕτως
1173 3301 1376 3357 ἐκεῖθεν
1416 3271 1596 3374 ’μόκις
1977 3297 2065 3350 καὶ
2112 3271 2431 3369 παλίμπους
2485 3295 2726 3374 ἒφέρετο.
2782 3300 2868 3354 Ἐν
2899 3271 2979 3355 ,δὲ
3030 3271 3099 3374 ζῇ
3144 3271 3376 3371 dimicem
3427 3271 3835 3378 ldxoo¢|6;o-

405 3395 742 3459 καθισάντων
798 3397 906 3448 τῶν
967 3391 1254 3464 πολεμίων
1309 3391 1400 3444 καὶ
1451 3390 1519 3444 τὰ
1573 3387 1866 3466 ἀμφιλαφη
1928 3388 2113 3465 χωρία
2169 3385 2592 3462 προειληφότων
2656 3390 2876 3458 μείζους
2946 3396 3056 3444 τῶν
3113 3391 3393 3466 προτέρων
3449 3392 3832 3470 ἀνερῥάγησαν

407 3483 672 3557 πόλεμοι.
709 3481 1053 3558 Ἐναγωνίως
1087 3479 1143 3536 δὲ
1171 3481 1260 3535 καὶ
1289 3481 1498 3534 τούτων
1532 3476 1888 3551 διῳκημένων
1920 3475 1972 3537 ἐς
1999 3477 2098 3542 τήν
2135 3474 2525 3549 βασιλεύουσαν
2564 3476 2728 3531 πόλιν
2757 3477 3045 3549 ἀνέζευξεν,

483 3574 727 3630 Uxorem
761 3575 925 3630 ducit
955 3574 1364 3636 Alamannam,
1391 3588 1459 3627 ex
1482 3570 1694 3624 illustri
1726 3567 2060 3640 principum
2105 3571 2148 3637 (ς

410 3663 630 3720 familia
665 3668 900 3732 natam;
937 3663 1034 3718 78
1066 3679 1190 3733 quae
1224 3678 1336 3716 non
1371 3665 1490 3714 tam
1525 3661 1772 3714 lormam
1805 3657 2064 3728 corporis

409 3753 653 3810 curabat
683 3769 857 3822 quam
888 3751 1065 3806 animi
1122 3750 1640 3822 pulchritudinem.
1692 3749 1894 3817 Itaque
1935 3761 2060 3799 om-

409 3841 585 3897 nibus
615 3841 766 3898 fucis
797 3845 856 3896 et
883 3841 1156 3897 accititiis
1187 3838 1546 3895 ornamentis
1605 3834 1949 3908 repudiatis,
2001 3839 2066 3888 ut

413 3945 540 4000 quae
570 3929 846 3984 vecordes
872 3928 1250 3984 mulierculas
1272 3923 1822 3995 decerent,naturali
1853 3924 2063 3978 rubore

413 4022 690 4074 contenta
717 4018 1003 4073 virtutum
1039 4018 1400 4074 ornamentis
1430 4015 1710 4086 fulgebat,
1733 4013 2064 4068 constantia

413 4107 768 4175 etgravitate
797 4106 979 4162 animi
1011 4107 1301 4178 gentilitia
1333 4103 1593 4177 prmdita.
1627 4103 1750 4167 Quo
1795 4100 1968 4157 ﬁebat
1999 4106 2065 4153 ut

415 4197 754 4269 imperator,
781 4198 890 4254 etsi
931 4197 981 4251 ei
1041 4198 1254 4252 solium
1316 4195 1698 4258 altissimum,
1759 4189 2061 4254 satellites,

417 4286 697 4342 honorem
730 4291 788 4342 et
820 4288 1191 4358 splendorem
1224 4286 1448 4358 regium
1511 4283 1752 4338 minime
1791 4281 2064 4350 negabat,

415 4382 606 4429 tamen
642 4392 848 4447 parum
877 4392 1003 4431 eam
1037 4375 1324 4446 diligeret,
1357 4389 1542 4444 neque
1573 4371 1747 4426 ﬁdem
1806 4366 2065 4438 conjugii

417 4468 693 4527 servaret,
725 4469 788 4518 ut
818 4459 2066 4529 bomcadolescens,libidinosus,dissolutm

417 4554 475 4604 et
503 4550 762 4606 delicatas
793 4553 922 4607 vita;
949 4553 1205 4619 deditus,
1238 4551 1577 4621 ceterisque
1613 4550 1786 4604 rebus
1818 4562 1968 4618 quas
1997 4559 2066 4599 ea

419 4644 556 4693 satas
587 4642 644 4692 et
673 4639 891 4695 amoris
922 4638 1205 4695 illecebra
1236 4641 1452 4696 ferunt.
1487 4639 1635 4696 Usus
1665 4642 1757 4692 est
1783 4641 1843 4691 et
1872 4631 2065 4705 neptis

421 4741 540 4782 sum
599 4729 1044 4794 consuetudine,
1101 4745 1217 4783 non
1273 4728 1400 4782 sine
1452 4726 1610 4798 gravi
1675 4725 1954 4780 dedecore
2009 4725 2066 4776 et

418 4815 582 4884 labe;
616 4832 734 4889 qua
763 4816 919 4873 fama
947 4818 1098 4885 ejus,
1131 4824 1194 4871 ut
1224 4815 1649 4872 formosissima
1691 4813 1869 4869 facies
1905 4809 2064 4880 turpi

419 4921 598 4975 naavo,
631 4905 956 4963 deformata
984 4914 1090 4962 est.

2251 3565 2516 3638 Ἠγάγετο
2569 3562 2626 3621 δὲ
2665 3574 2896 3642 γυναῖκα
2952 3570 2979 3622 6
3031 3568 3290 3644 βασιλεὺς
3339 3568 3498 3633 οὗτος
3555 3571 3606 3644 ἐξ
3659 3572 3830 3629 Ἀλα-

2175 3660 2378 3727 μανῶν,
2410 3657 2594 3728 γένους
2643 3661 2750 3712 τῶν
2801 3658 2888 3712 ἐπὶ
2947 3657 3108 3730 δόξης
3165 3662 3255 3715 καὶ
3305 3663 3510 3737 θρόνων
3561 3667 3672 3717 τῶν
3729 3665 3832 3738 ἀρ-

2169 3749 2372 3819 χικῶν.
2432 3745 2578 3815 Αὕτη
2643 3747 2823 3817 μέντοι
2884 3749 2945 3803 οὐ
3002 3755 3268 3805 τοσοῦτον
3325 3756 3420 3805 τοῦ
3504 3758 3831 3825 σωματικοῦ

2168 3830 2415 3894 κάλλους
2460 3829 2768 3912 ἐφρόντιζεν
2824 3837 2950 3891 ὅσον
3002 3843 3100 3893 τοῦ
3145 3834 3301 3894 ἔνδον
3355 3841 3603 3913 καὶπερὲ
3638 3845 3832 3918 ψυχὴν

2169 3918 2490 3993 ἐπεμέλετο.
2551 3922 2757 3978 Οὗκοῦν
2818 3924 3154 3998 ἑξομνυμὲνη
3215 3929 3283 3983 τὰ
3340 3927 3398 3983 ὲκ
3452 3927 3560 3983 τῶν
3620 3933 3828 3986 κόνεων

2168 4009 2548 4082 ἐπιτρίμματα
2587 4011 2678 4066 καὶ
2725 4013 2853 4076 τοὺς
2901 4020 3010 4070 τῶν
3063 4015 3369 4090 ὀφθαλμῶν
3426 4019 3832 4096 ὑπογραμμευς

2169 4097 2257 4150 καὶ
2287 4097 2378 4151 τὸν
2411 4096 2660 4170 πλάστην
2711 4102 2803 4156 τὸν
2847 4104 3086 4158 κάτωθεν
3139 4106 3227 4159 καὶ
3277 4106 3340 4160 τὸ
3397 4108 3651 4180 τεχνικὸν
3697 4108 3832 4164 ἀλλ’

2171 4187 2236 4240 οὐ
2269 4187 2493 4261 φυσικὸν
2547 4186 2789 4262 ἔρευθος,
2839 4194 2928 4246 καὶ
2980 4199 3098 4255 ταῖς
3147 4195 3343 4269 ἃφροσι
3392 4201 3499 4250 τῶν
3554 4204 3831 4272 γυναικῶν

2167 4274 2299 4329 αὐτᾶ
2355 4275 2772 4352 ἐπιῤῥίπτουσα,
2830 4287 2952 4343 ταῖς
3033 4285 3248 4357 ἀρεταῖς
3328 4293 3664 4361 προσανεῖχε
3735 4289 3832 4342 καὶ

2169 4362 2452 4435 ὠργίζετο.
2521 4364 2656 4440 Εἶχε
2712 4365 2768 4420 δὲ
2822 4369 2885 4422 τὸ
2947 4370 3022 4442 μὴ
3085 4369 3362 4434 ἐπικλινὶς
3433 4372 3667 4442 ἐθνικὸν,
3737 4378 3831 4430 καὶ

2167 4453 2356 4522 τὸτῆς
2426 4458 2650 4531 γνώμης
2712 4458 2968 4530 ἐκέκτητο
3027 4459 3439 4535 δυσμετάθετον.
3493 4467 3652 4520 Ὅθεν
3712 4465 3829 4523 οὐδ’

2169 4544 2198 4597 6
2245 4542 2500 4615 βασιλεὺς
2551 4554 2844 4624 προσεῖχεν
2891 4549 3026 4623 αὐτῇ
3074 4550 3140 4606 τέὶ
3191 4550 3398 4618 πολλὰ,
3451 4553 3598 4610 ἀλλὰ
3657 4564 3831 4629 τιμῆς

2175 4631 2268 4704 μὲν
2307 4633 2394 4686 καὶ
2448 4633 2656 4708 θρόνων
2702 4639 2843 4692 πάνυ
2893 4637 3163 4712 λαμπρῶν
3215 4641 3304 4694 καὶ
3354 4639 3689 4722 δορυοορίας
3737 4646 3828 4699 καὶ

2167 4725 2285 4808 τῆς
2321 4718 2523 4808 λοιπῆς
2588 4723 3011 4802 λαμπροφορίας
3075 4718 3516 4804 βασιλικωτατης
3578 4740 3825 4808 μετεῖχε,

2171 4807 2238 4863 τὰ
2269 4806 2316 4862 δ’
2365 4807 2417 4871 ἐς
2468 4812 2655 4882 κοίτην
2703 4813 2960 4887 ἠδίκητο.
3011 4817 3148 4878 Νέος
3202 4820 3304 4893 γὰρ
3355 4816 3426 4873 ὢν
3475 4820 3503 4873 6
3553 4806 3826 4888 Μανουῆλ

2177 4896 2267 4987 καὶ
2294 4897 2556 4987 νὲρωτικὸς
2600 4907 2680 4975 τῷ
2721 4925 2780 4978 τε
2826 4906 3090 4979 ἀνειμένῳ
3145 4905 3250 4982 βίῳ
3293 4908 3384 4962 καὶ
3425 4914 3544 4970 ταῖς
3596 4917 3832 4987 τρυφαῖς

419 4992 836 5068 προσανέκειτο,
890 4994 980 5049 καὶ
1041 4992 1328 5049 συσσιτίων
1383 4991 1476 5047 καὶ
1531 4991 1736 5063 κώμων
1807 4987 2071 5062 ἆξείχετο,
2125 4985 2214 5040 καὶ
2269 4986 2368 5042 ὅσα
2405 4991 2467 5044 τὸ
2524 4994 2800 5064 νεοτήσιον
2857 4991 3017 5058 ἄνθος
3096 4991 3373 5052 ὑπέϐαλλε
3452 4997 3542 5052 καὶ
3623 4985 3829 5071 ἀμόουν

422 5083 472 5136 oi
502 5080 790 5156 πάνδημοι
819 5081 1022 5158 ἔρωτες
1052 5079 1423 5158 διεπράττετο.

489 5175 542 5230 3.
576 5174 972 5233 Nihilominus
1001 5180 1198 5230 tamen
1231 5172 1562 5248 reipublicaa
1618 5185 1818 5227 curam
1862 5181 2066 5224 susce-
2095 5180 2144 5246 ι)

2249 5168 2313 5242 γ’.
2349 5169 2623 5243 Ἐμέλησε
2654 5169 2710 5228 δὲ
2737 5174 2830 5229 καὶ
2879 5178 2986 5230 τῶν
3037 5178 3237 5230 κοινῶν
3283 5179 3362 5246 τῷ
3416 5177 3640 5250 βασιλεῖ
3686 5175 3833 5250 τῷδε

419 5264 524 5334 pit.
561 5263 933 5322 Publicorum
965 5265 1338 5337 vectigalium
1371 5268 1698 5320 curatorem
1729 5265 1786 5317 et
1815 5260 2065 5331 quaesto-

2172 5257 2408 5326 πράξεων.
2461 5261 2580 5318 ικαὶ
2633 5266 2743 5317 τῶν
2801 5264 2895 5336 μὲν
2944 5260 3231 5337 δημοσίων
3279 5265 3549 5344 εἰσφορῶν
3599 5280 3830 5344 φροντι-

421 5369 542 5408 rem
576 5370 918 5426 supremum
972 5355 1256 5411 Joannem
1317 5353 1634 5417 Puzenum,
1669 5355 1734 5406 ut
1781 5358 1837 5406 el
1874 5353 2058 5419 pater,

421 5441 768 5512 designavit,
795 5459 927 5500 cum
962 5445 1118 5516 prius
1149 5444 1339 5500 dromi
1400 5441 1831 5514 protonotarius
1884 5442 2058 5494 esset.

418 5527 704 5586 Joannem
740 5533 833 5587 74
876 5533 1443 5604 Hagiotheodoritem
1477 5543 1749 5600 uarum,
1777 5529 2059 5585 constitu-

421 5615 644 5674 tionum
678 5625 1047 5691 sequestrum
1079 5626 1136 5678 et
1193 5622 1531 5677 ministrum
1579 5618 1882 5675 ordinavit.
1920 5617 1971 5672 Is
2002 5617 2060 5672 in

421 5713 732 5778 conspectu
791 5708 1156 5778 imperatoris
1214 5724 1447 5780 semper
1503 5707 1754 5774 astabat,
1816 5713 2063 5784 ejusque

2167 5350 2298 5417 στῆν
2329 5351 2420 5405 καὶ
2453 5349 2713 5427 λογιστήν
2771 5352 3028 5429 μέγιστον
3075 5355 3167 5408 τὸν
3220 5353 3280 5409 ἐκ
3325 5355 3577 5426 Πούτζης
3626 5357 3825 5414 Ἰωάν-

2167 5462 2264 5510 νην
2297 5435 2671 5516 προϐἁλλεται
2702 5445 2794 5497 καὶ
2850 5443 3037 5515 αὐτὸς,
3091 5447 3273 5519 ῶσπερ
3323 5444 3352 5499 6
3397 5446 3580 5520 πατὴρ
3629 5445 3826 5520 hule

2167 5529 2256 5584 καὶ
2293 5529 2570 5605 βασιλεὺς,
2613 5531 2877 5606 πρότερον
2935 5528 3064 5588 ὄντα
3113 5533 3205 5587 καὶ
3251 5536 3348 5588 τοῦ
3399 5530 3612 5609 δρόμου
3661 5556 3825 5610 πρω-

2168 5621 2512 5697 τονοτάριον,
2574 5619 2879 5696 μελεδωνὸν
2935 5619 2992 5677 δὶ
3051 5623 3345 5697 μεσεόοντα
3397 5625 3486 5679 καὶ
3565 5627 3677 5681 τῶν
3741 5626 3822 5682 οἲ-

2168 5710 2330 5766 κείων
2379 5709 2766 5789 ὑποδρηστῆρα
2823 5709 3207 5791 διαταγμάτων
3255 5713 3347 5768 τὸν
3401 5711 3823 5792 ’Δγιοθεοδωρί-
