4068 6196
247 365 367 426 385

1358 369 1460 429 DE
1503 367 1882 430 MANUELE
1925 362 2298 429 COMNENO
2343 362 2492 424 LIB.
2539 363 2590 424 Ι.

3561 369 3686 432 386

244 520 352 566 την
423 499 634 565 τίθησιν
676 496 956 568 Ἰωάννην.
1010 500 1114 557 Καὶ
1166 501 1232 569 ἦν
1303 503 1330 556 ὁ
1387 504 1482 575 μὲν
1514 507 1593 575 τῷ
1631 503 1912 577 προσώπῳ

2029 503 2304 557 mandata
2333 506 2612 570 tanquam
2669 496 2906 554 oracula
2961 497 3286 570 excipiebat
3328 518 3340 557 :
3390 501 3681 562 ministris

237 589 342 642 τοῦ
375 586 648 662 βασιλέως
682 593 766 658 [Ρ.
813 591 902 662 38]
935 588 1016 643 ἀεὶ
1073 591 1448 664 ὀπτανόμενος
1515 593 1606 646 καὶ
1664 592 1731 647 τά
1785 593 1911 647 τού-

241 697 342 730 του
400 674 722 748 ἐντάλματα
782 678 881 730 ὅσα
975 679 1064 732 καὶ
1160 678 1416 757 ἐμαάσεις
1478 679 1538 734 ἐκ
1603 681 1916 755 κρείττονος

241 764 445 839 μοίρας
508 761 842 843 δεχόμενος,
906 766 1206 844 ὑπουργοῖς
1267 765 1324 822 δὲ
1382 769 1481 825 οὐκ
1546 769 1756 844 ὀλίγοις
1809 775 1917 825 τῶν

239 857 618 933 γραιρομένων
661 857 751 910 καὶ
784 856 1094 930 λεγομένων
1155 858 1428 938 ἐκέχρητο
1463 860 1677 935 λογίοις
1721 859 1916 935 ἀνδρά-

240 964 345 1011 σιν,
379 945 542 1008 ὃσοις
572 947 608 1013 ἡ
655 943 797 1014 αὐλή
841 941 1106 1020 ἐνέὸριθεν
1162 951 1196 1017 ἡ
1252 950 1556 1023 βασίλειος,
1615 952 1721 1025 πρὸ
1779 952 1918 1004 πάν·-

239 1055 344 1086 των
381 1030 440 1087 δὲ
460 1038 547 1104 τῷ
595 1037 959 1109 Στυππειώτῃ
1022 1033 1308 1111 Θεοδώρῳ,
1357 1039 1481 1112 περὶ
1538 1040 1600 1093 οὗ
1661 1036 1918 1107 δηλώσο-

240 1145 333 1194 μεν
369 1125 489 1195 (in?)
516 1122 573 1177 ἐν
603 1129 720 1184 τοῖς
754 1123 962 1199 ἐφεξῆς.
997 1128 1094 1181 Ἢν
1129 1123 1185 1180 δὲ
1247 1127 1274 1180 ὁ
1315 1125 1375 1182 ἐκ
1432 1129 1679 1198 ΙΙούτζης
1729 1127 1914 1183 Ἰωάνα

234 1233 332 1279 νης
367 1210 689 1272 δεινότατος
737 1214 804 1266 τὰ
872 1211 1135 1286 δημόσια,
1193 1215 1528 1294 φορολογίας
1580 1215 1918 1289 παιπάλημα

234 1300 324 1353 καὶ
361 1299 700 1373 ἐπίτριμμα,
759 1301 851 1354 καὶ
909 1303 1017 1356 τῶν
1082 1304 1176 1374 μέν
1233 1300 1406 1357 ὄντων
1475 1301 1915 1382 δασμοφορημά-

234 1409 348 1442 των
413 1391 732 1458 συνζητητὴς
793 1385 1199 1463 ἀκριϐέστατος,
1269 1397 1375 1446 τῶν
1437 1389 1493 1446 δὲ
1574 1393 1674 1446 οὐκ
1741 1389 1914 1446 ὄντων

242 1478 472 1549 εὑρετής
531 1476 946 1552 ἀπαράμιλλος.
1010 1481 1313 1551 Ἐξήσκητο
1369 1479 1429 1536 δὲ
1509 1481 1599 1535 καὶ
1655 1483 1717 1534 τὸ
1783 1482 1918 1550 ἦθος

245 1567 382 1639 ὑπὲρ
440 1565 648 1628 πάντας
710 1564 1072 1638 ἀδυσώπητον
1124 1571 1212 1624 καὶ
1275 1568 1615 1643 ἀμείλικτον·
1673 1570 1918 1625 εὐκοπώ-

235 1675 400 1728 τερον
461 1655 568 1730 γὰρ
623 1654 685 1710 ἄν
737 1677 823 1718 τις
906 1654 1106 1729 ἀμειδῆ
1205 1659 1292 1712 καὶ
1365 1657 1663 1734 ἀγέλαστον
1718 1659 1917 1733 πέτραν

235 1743 549 1816 ἒμαλθαξεν
595 1745 630 1813 ἧ
669 1743 879 1799 ἐκεῖνον
938 1745 986 1800 έν
1045 1751 1162 1808 τοῖς
1222 1743 1558 1817 ἀϐουλήτοις
1617 1747 1912 1810 ὑπέκλινεν,

2024 607 2156 647 vero
2187 605 2388 646 eorum
2423 605 2550 660 quae
2585 587 2833 644 dicenda
2888 589 3308 661 scribendaque
3366 599 3532 648 erant
3566 611 3682 650 non

2023 682 2228 752 paucis
2252 678 2497 736 eruditis
2532 677 2668 733 viris
2702 678 3284 750 utebatur,qualibus
3310 681 3442 737 aula
3476 683 3684 740 referta

2023 777 2168 837 erat,
2199 767 2502 824 Theodoro
2548 769 2849 838 Styppiota
2907 775 3254 838 praesertim,
3298 771 3367 824 de
3426 787 3543 842 quo
3577 790 3680 830 suo

2025 858 2150 915 loco
2182 859 2466 914 dicemus.
2505 858 2636 912 Erat
2690 857 2947 912 Joannes
3001 856 3266 912 Puzenus
3305 859 3377 914 ad
3412 877 3529 916 rem
3566 879 3676 932 pu-

2026 947 2232 1003 blicam
2267 948 2584 1018 gerendam
2617 943 3060 1011 callidissimus,
3089 948 3464 1018 vectigalium
3525 956 3678 1006 vete-

2024 1053 2154 1090 rum
2227 1041 2462 1091 exactor
2543 1036 2880 1103 acerrimus,
2941 1052 3343 1108 novorumque
3421 1039 3681 1096 inventor

2024 1124 2449 1181 solertissimus
2483 1141 2496 1180 :
2535 1124 2800 1180 moribus
2829 1127 2899 1179 ad
2933 1126 3299 1181 severitatem
3334 1131 3392 1182 et
3424 1129 3678 1200 rigorem

2024 1213 2106 1269 ita
2135 1215 2498 1286 compositis,
2533 1219 2596 1269 ut
2625 1214 2947 1284 asperrima
2977 1230 3150 1286 rupes
3173 1215 3404 1271 facilius
3427 1217 3678 1273 emolliri

2027 1307 2223 1373 posset
2252 1320 2427 1373 quam
2461 1302 2558 1357 ille
2590 1319 2623 1357 a
2653 1304 2943 1358 sententia
2995 1303 3228 1373 deduci,
3260 1310 3316 1360 et
3377 1307 3528 1376 quod
3567 1307 3679 1361 mi-

2025 1392 2271 1448 rabilius
2300 1397 2408 1462 est,
2443 1409 2557 1447 non
2593 1392 2762 1448 modo
2805 1392 3075 1461 lacrymis
3136 1410 3248 1449 non
3313 1396 3674 1465 movebatur,

2024 1481 2276 1552 supplici
2306 1487 2469 1552 gestu
2504 1498 2617 1536 non
2641 1480 3545 1553 ﬂectebatur,argentimachinis
3564 1501 3678 1540 non

2025 1570 2482 1637 concutiebatur,
2517 1571 2639 1625 auri
2675 1570 2989 1642 praestigiis
3023 1588 3139 1626 non
3183 1573 3542 1644 capiebatur,
3577 1573 3678 1630 sed

2024 1663 2083 1714 et
2114 1661 2183 1714 ad
2220 1659 2712 1715 inhumanitatem
2745 1675 2930 1729 usque
2958 1659 3216 1714 odiosam
3276 1678 3309 1715 a
3349 1661 3678 1732 congressi-

2022 1750 2136 1806 bus
2165 1749 2536 1813 abhorrebat,
2566 1767 2754 1819 neque
2803 1752 2918 1805 fere
2976 1752 3152 1822 (quod
3195 1750 3679 1810 molestissimum

231 1835 301 1890 Ὃ
335 1831 396 1888 δὲ
425 1833 630 1888 τούτου
688 1835 1158 1909 θαυμασιώτερον,
1213 1837 1274 1890 οὐ
1336 1836 1496 1909 μόνον
1557 1836 1657 1892 οὐκ
1702 1837 1768 1905 ἦν
1823 1835 1912 1892 δα-

2026 1845 2150 1895 erat
2179 1839 2520 1895 hominibus
2549 1844 2606 1894 et
2636 1855 2781 1910 pene
2842 1839 3221 1911 intolerabile.)
3282 1841 3352 1896 iis
3403 1858 3436 1897 a
3467 1843 3680 1914 quibus

240 1923 439 1995 xp-Soz:
506 1922 789 1996 ἄτεγκτος,
849 1927 1102 1998 σχήμασι
1166 1921 1478 1999 δεητηρίοις
1519 1924 1916 1998 ἀπροσκλινής,

243 2011 518 2086 ἀργυρίου
576 2014 864 2074 ἀτίνακτος
931 2012 1220 2069 ὲλεπόλεσι
1303 2017 1393 2070 καὶ
1461 2016 1692 2094 χρυσίου
1746 2018 1919 2091 ἂγοή-

239 2121 436 2162 τευτος
498 2103 979 2174 φαρμακεύμασιν,
1041 2101 1167 2158 ἀλλ’
1225 2104 1343 2178 εἶχε
1392 2106 1482 2159 καὶ
1539 2107 1602 2160 τὸ
1635 2101 1914 2159 δυσέντευ-

241 2212 372 2244 κτον
407 2192 485 2250 ὡς
517 2190 900 2265 ἀπάνθρωπον.
959 2191 1030 2244 Τὸ
1084 2189 1137 2246 δὲ
1179 2213 1294 2255 τοις
1350 2194 1474 2248 τότε
1531 2196 1644 2266 (43)
1705 2193 1917 2266 θυμαλ-

239 2281 328 2353 γὲς
374 2280 469 2334 καὶ
544 2277 932 2348 δυσύποιστον,
977 2278 1092 2334 οὐδ’
1148 2279 1423 2358 ἂπόλογος
1487 2283 1554 2350 ἦν
1607 2285 1733 2356 παρ’
1773 2282 1918 2354 αὐτῷ

239 2373 499 2442 καθαρῶς
550 2367 632 2444 ἐφ’
683 2370 768 2431 οἷς
825 2369 853 2420 ὁ
909 2368 1150 2442 προσιὼν
1181 2373 1515 2443 προετίθετο,
1584 2370 1731 2425 ἀλλά
1787 2369 1915 2448 χαί·

238 2477 348 2530 ρων
381 2458 452 2510 τά
483 2455 726 2510 πλεῖστα
753 2460 822 2528 τῇ
854 2458 1054 2534 ἀφασίᾳ
1105 2456 1325 2536 ἐνιαχοῦ
1381 2460 1472 2512 καὶ
1530 2458 1916 2533 ἀπροσήγορον

235 2545 442 2619 παρῄει
476 2546 571 2599 τὸν
608 2540 1056 2616 παραϐάλλοντα,
1097 2547 1379 2617 Τοσαύτην
1437 2545 1482 2601 δ’
1542 2547 1602 2602 ἐκ
1644 2546 1913 2622 βασιλέως

243 2633 409 2709 ίσχῦν
441 2655 502 2688 τε
546 2634 636 2687 καὶ
670 2633 914 2703 ἐξουσίαν
944 2637 1335 2710 περιεζώννυτο
1393 2637 1468 2698 ὡς
1526 2636 1557 2690 ἅ
1619 2637 1712 2708 μὶν
1745 2631 1915 2705 ἠϐού-

245 2724 380 2780 λετο
466 2729 582 2778 τῶν
658 2723 962 2798 βασιλικῶν
1041 2728 1420 2800 Θεσπισμάτων
1497 2728 1912 2799 ἀποπέμπεσθαι

239 2817 338 2868 καὶ
403 2811 821 2887 διαρῥηγνύειν,
879 2808 992 2870 ἔνια
1050 2812 1106 2869 δὲ
1159 2815 1249 2870 καὶ
1306 2821 1422 2878 τοῖς
1473 2812 1764 2888 δημοσίοις
1822 2813 1912 2891 ἑγ-

236 2906 476 2979 -ίρᾶῖνειν
533 2901 782 2972 κώδιξιν.
842 2904 1118 2977 Ύποθήκῃ
1177 2902 1235 2958 δὲ
1299 2909 1395 2959 τοῦ
1469 2903 1658 2979 ἀνδρὸς
1715 2905 1912 2960 τούτου

240 2993 450 3067 χρῆμα
478 3013 534 3046 τι
567 2991 908 3070 κοινῶφελὶς
939 2994 1027 3047 καὶ
1067 2999 1188 3055 ταῖς
1244 2996 1439 3064 νήσοις
1469 2995 1662 3056 πάσαις
1729 2996 1914 3063 σωτή-

237 3103 361 3157 ριον
390 3083 483 3135 καὶ
535 3087 656 3142 τοῖς
723 3082 915 3154 πρώην
976 3081 1256 3156 βασιλεῦσι
1317 3084 1649 3159 συντηρηθὶν
1705 3082 1912 3157 ἀπαρά-

239 3168 414 3226 ϐατον
464 3172 492 3225 ὁ
557 3170 815 3246 βασιλεὺς
872 3171 1123 3241 Ἰωάννης
1189 3173 1516 3249 ἀξυμφόρως
1574 3175 1908 3249 κατήργησε.

2027 1929 2298 1985 adibatur
2329 1928 2843 1997 respondebat,sed
2877 1927 3110 1983 silentio
3143 1928 3449 2000 plerosque
3471 1933 3680 1987 tacitus

2029 2019 2382 2089 pra-teribat.
2415 2017 2668 2072 Tantum
2700 2020 2892 2070 autem
2927 2015 3022 2070 75
3057 2017 3428 2072 auctoritatis
3459 2023 3515 2072 et
3566 2036 3676 2090 po-

2027 2106 2220 2160 tentiae
2251 2104 2517 2170 habebat,
2555 2108 2616 2158 ut
2671 2103 3048 2174 imperatoria
3105 2103 3294 2159 edicta
3344 2122 3466 2174 quae
3508 2105 3680 2162 vellet

2027 2194 2361 2264 repudiaret
2389 2199 2446 2248 et
2475 2191 3046 2262 laceraret,quisdam
3069 2191 3127 2246 in
3154 2191 3413 2260 publicos
3447 2194 3678 2250 codices

2028 2283 2283 2338 referret.
2317 2283 2589 2354 Ejusdem
2626 2281 2850 2337 monitu
2885 2297 2977 2336 res
3035 2279 3355 2336 utilissima
3412 2285 3468 2337 et
3497 2283 3680 2338 omni-

2027 2372 2135 2428 bus
2168 2372 2378 2428 insulis
2411 2370 2709 2441 salutaris,
2743 2375 2800 2425 et
2831 2386 2863 2424 a
2893 2367 3678 2443 superioribusimperatori-

2029 2461 2133 2517 bus
2165 2465 2496 2518 constanter
2517 2460 2841 2523 observata,
2875 2457 3164 2514 inutiliter
3210 2459 3488 2531 abrogata
3546 2462 3676 2520 fuit.

2025 2550 2169 2606 Nam
2203 2550 2507 2622 vectigalia
2539 2548 2772 2604 nautica
2802 2548 2940 2603 olim
2995 2546 3055 2602 in
3115 2547 3361 2604 classem
3423 2551 3676 2618 conferri

2025 2641 2198 2696 solita
2225 2640 2318 2694 hic
2349 2641 2408 2694 in
2440 2639 2647 2694 {iscum
2681 2639 2980 2693 referenda
3011 2638 3254 2706 curavit,
3286 2655 3354 2694 ac
3387 2639 3675 2706 triremes,

2023 2745 2150 2799 quae
2179 2744 2247 2782 ex
2277 2728 2460 2782 edicto
2492 2729 2562 2782 ab
2596 2726 2803 2781 insulis
2864 2725 3290 2797 praebebantur,
3356 2743 3500 2794 pene
3545 2745 3676 2785 cum

2023 2818 2169 2889 ipsis
2203 2816 2533 2873 vectoribus
2585 2817 2641 2871 in
2704 2815 2849 2871 mari
2907 2817 3207 2882 demersit,
3268 2833 3400 2872 cum
3460 2819 3676 2875 diceret

2024 2908 2288 2963 triremes
2321 2923 2436 2962 non
2467 2921 2700 2976 semper
2732 2904 3060 2976 reipublicae
3093 2921 3222 2961 esse
3274 2905 3466 2972 utiles,
3508 2925 3673 2963 sum-

2023 3003 2156 3069 ptus
2185 3013 2318 3052 vero
2348 2995 2448 3067 qui
2479 2995 2537 3050 in
2568 3011 2665 3050 eas
2698 2995 2922 3064 flerent,
2950 2999 3007 3050 et
3037 3011 3267 3050 annuos
3317 3000 3374 3050 et
3422 2995 3676 3053 immen-

2021 3103 2138 3142 sos.
2175 3087 2282 3140 Eos
2314 3085 2498 3156 igitur
2554 3084 2612 3139 in
2673 3085 2882 3140 ﬁscum
2945 3085 3301 3151 referendos,
3334 3087 3677 3143 necessitate

2026 3191 2156 3230 vero
2188 3177 2521 3246 postulante
2550 3189 2619 3228 ex
2673 3172 3041 3243 imperatoris
3103 3172 3394 3229 thesauris
3453 3174 3674 3246 stipen-

233 3263 322 3318 Τὰ
353 3267 462 3336 γὰρ
504 3240 567 3314 ἐκ
617 3265 725 3314 τῶν
756 3259 1098 3316 πλευστικῶν
1168 3240 1301 3334 (Hi
1338 3240 1727 3336 épuvtctiusvu”
1753 3240 1910 3338 στρα-

2027 3266 2122 3320 dia
2155 3263 2477 3335 promenda
2529 3278 2676 3317 esse.
2727 3262 2860 3325 Quae
2912 3277 3046 3315 cum
3079 3261 3343 3325 dixisset,
3386 3262 3470 3317 vir
3528 3263 3675 3334 opti-

238 3355 436 3418 τειῶν,
496 3347 850 3421 διαδιδόμενα
909 3351 1077 3404 πάλαι
1134 3357 1214 3422 τῷ
1266 3357 1522 3425 ναυτικῷ,
1577 3353 1653 3415 είς
1710 3354 1772 3408 τὸ
1830 3375 1916 3410 τα-

251 3445 440 3512 μιεῖον
494 3438 654 3496 οὗτος
703 3440 1110 3512 παρειπέμενος
1192 3439 1592 3516 μετωχέτευσε,
1680 3444 1769 3497 καὶ
1824 3445 1920 3507 τὰς

247 3529 368 3581 ἀπὸ
402 3533 502 3580 τῶν
529 3529 710 3596 νήσων
752 3525 811 3581 ἐκ
861 3527 1033 3582 τύπου
1092 3529 1473 3606 παρεχομένας
1512 3532 1755 3605 τριήρεις
1813 3533 1918 3587 αὐ-

242 3612 518 3688 τάνδρους
587 3621 792 3690 μικροῦ
867 3617 1215 3672 κατεπόντισε
1271 3619 1676 3695 παραιφάμενος.
1756 3623 1919 3676 Ὑπο-

241 3709 480 3778 θέμενος
531 3707 632 3780 γὰρ
696 3707 773 3766 ὡς
806 3707 871 3760 τὸ
937 3706 1033 3779 μὲν
1079 3712 1188 3762 τῶν
1243 3710 1512 3783 τριηρέων
1569 3717 1766 3784 χρῆμα
1825 3711 1923 3766 οὐκ

235 3795 326 3850 us?
475 3794 731 3864 πολιτείᾳ
780 3796 872 3849 καὶ
939 3800 1020 3867 τῷ
1053 3801 1223 3869 κοινῷ
1263 3797 1594 3868 ἐπιτήδειον,
1616 3799 1682 3852 τά
1713 3798 1759 3854 δ’
1791 3801 1925 3875 ὑπὲρ

234 3883 464 3939 τούτων
530 3883 872 3957 ἀναλώματα
925 3885 1028 3939 οὐκ
1084 3883 1500 3960 εὐάγκαλαμῦ)
1555 3887 1645 3942 καὶ
1687 3886 1920 3958 ἐπέτεια,

234 3973 334 4029 καὶ
375 3971 485 4026 δεῖν
527 3973 665 4027 αὐτά
711 3975 808 4045 μὲν
838 3975 901 4028 τὸ
960 3980 1210 4047 ταμιεῖον
1261 3975 1694 4051 ἐγκολπίζεσθαι,
1729 3979 1918 4053 χρείας

239 4063 290 4118 δ’
357 4063 726 4135 ἐνισταμένης
788 4065 852 4116 εκ
905 4068 1014 4118 τῶν
1104 4064 1402 4138 βασιλικῶν
1461 4068 1917 4142 Θησαυρισματων

232 4154 332 4206 τὸν
404 4151 760 4224 ὀψωνιασμὸν
851 4157 931 4225 τῷ
1007 4158 1244 4224 ναυτικῷ
1327 4154 1680 4230 παρέχεσθαι,
1741 4154 1919 4227 ἔδοξεν

237 4243 384 4295 εἶναι
417 4238 634 4312 ἀνδρῶν
669 4244 697 4296 ὁ
735 4241 1016 4316 βέλτιστος
1044 4242 1134 4296 καὶ
1188 4245 1289 4312 τὴν
1319 4246 1476 4320 φύσιν
1527 4250 1633 4300 τῶν
1667 4248 1922 4322 πραγμά-

230 4353 352 4386 των
415 4326 756 4403 ἠκριϐωκὼς
817 4333 844 4384 ὁ
883 4338 1319 4387 καταποντιστοῦ
1380 4335 1600 4408 σκέμμα
1689 4335 1923 4411 εἰσενεγ-

230 4423 510 4492 κάμενος.
545 4423 687 4483 Τοῖς
717 4421 821 4494 γὰρ
857 4419 1043 4494 ἀδροῖς
1098 4423 1188 4476 τὸν
1249 4422 1474 4497 βασιλέα
1525 4422 1576 4478 έν
1635 4429 1715 4496 τῷ
1753 4430 1922 4482 ταῦτα

232 4510 647 4584 εἰσηγήσασθαι
695 4509 1103 4582 παρακέκρουκε
1161 4509 1538 4583 δαπανήμασι,
1597 4515 1686 4568 καὶ
1765 4515 1918 4579 αὖθις

2029 3368 2162 3408 mus
2191 3360 2248 3406 et
2279 3367 2472 3406 rerum
2505 3349 2892 3422 gerendarum
2927 3348 3324 3419 peritissimus
3363 3354 3452 3404 est
3508 3350 3674 3406 babi-

2026 3449 2143 3510 tus,
2176 3457 2309 3496 cum
2353 3455 2548 3494 revera
2603 3436 2958 3493 sententiam
3019 3437 3428 3494 crudelissimo
3489 3440 3676 3511 pirata

2028 3530 2266 3601 dignam
2307 3528 2570 3584 dixisset.
2632 3527 3049 3599 Imperatorem
3109 3527 3263 3582 enim
3323 3533 3669 3598 sumptuum

2027 3617 2431 3689 magnitudine
2453 3617 2676 3690 decepit
2699 3620 2756 3672 et
2777 3617 3059 3686 parvitate
3099 3615 3492 3686 impensarum
3550 3633 3672 3670 rur-

2026 3728 2128 3766 sus
2158 3708 2516 3764 exbilaravit.
2550 3709 2672 3773 Qua
2703 3705 2823 3762 sive
2864 3704 3187 3760 temeritate
3212 3704 3331 3758 sive
3363 3703 3674 3760 tenacitate

2028 3802 2240 3855 factum
2271 3803 2361 3854 est
2417 3803 2478 3853 ut
2534 3796 2732 3868 piratae
2788 3793 3154 3865 Optatissima
3209 3793 3514 3848 occasione
3575 3795 3672 3850 16

2025 3905 2184 3945 mare
2215 3892 2449 3944 teneant
2505 3892 2562 3943 et
2621 3885 2925 3942 maritimas
2992 3881 3296 3954 provinciae
3351 3881 3673 3940 lalrociniis

2025 3985 2323 4036 vexentur.
2355 3980 2515 4044 Quod
2561 3977 2611 4034 si
2669 3977 2894 4048 spicam
2954 3974 3004 4030 ei
3063 3977 3162 4046 qui
3196 3973 3343 4030 sevit
3375 3981 3672 4047 acceptam

2026 4069 2292 4133 ferimus,
2315 4073 2373 4124 et
2400 4084 2531 4123 eum
2559 4081 2792 4138 quoque
2818 4080 3168 4121 accusamus
3200 4064 3302 4135 qui
3354 4081 3469 4119 non
3517 4080 3674 4119 rese-

2024 4159 2305 4226 ouit,nec
2360 4157 2695 4212 incendium
2756 4155 2806 4210 ei
2865 4154 3148 4209 duntaxat
3205 4153 3534 4225 imputatur
3572 4153 3671 4225 qui

2024 4249 2219 4321 ignem
2245 4249 2570 4317 injecit,sed
2601 4245 2650 4299 ei
2673 4243 2847 4300 etiam
2881 4245 2978 4314 qui
3031 4244 3088 4298 id
3144 4242 3498 4312 restinguere
3538 4259 3670 4298 cuin

2030 4347 2223 4408 posset
2255 4336 2524 4399 noluit,et
2547 4337 2732 4405 magis
2753 4333 3237 4406 reprehendimus
3252 4348 3382 4386 eum
3399 4332 3499 4404 qui
3515 4331 3672 4404 quod

2027 4428 2243 4484 bonum
2274 4441 2404 4480 esse
2436 4427 2604 4478 norat
2635 4439 2746 4477 non
2781 4421 2932 4482 fecit,
2975 4421 3115 4492 quid
3163 4424 3252 4476 est
3308 4419 3621 4476 dicendum
3644 4417 3673 4476 ?

2025 4515 2278 4572 Joannes
2309 4513 2486 4585 igitur
2551 4512 2688 4566 dum
2746 4511 2971 4581 integra
3025 4510 3364 4565 auctoritate
3425 4527 3527 4581 pro
3571 4525 3673 4565 sua

227 4606 317 4671 τῷ
397 4599 604 4672 μετρίῳ
658 4607 758 4668 τῆς
817 4597 1132 4669 καταϐολῆς
1196 4599 1504 4678 διακέχυκε.
1564 4602 1662 4656 Καὶ
1714 4606 1804 4656 νῦν
1858 4602 1912 4659 ἐκ

2026 4605 2264 4662 libidine
2287 4602 2548 4658 versabat
2576 4599 2795 4666 omnia,
2828 4598 3166 4654 versabatur
3198 4598 3255 4654 in
3289 4598 3544 4671 publico,
3579 4615 3674 4654 ac-

227 4693 336 4756 τῆς
400 4683 767 4745 κακοϐουλίας
827 4687 1028 4758 ταύτης
1087 4686 1183 4743 εἴτ’
1267 4687 1356 4743 οὖν
1446 4689 1912 4764 σμικροπρεπείας

230 4779 784 4849 Θαλασσοκρατοῦσιν
853 4778 905 4831 οἱ
961 4779 1234 4852 πειραταὶ,
1311 4779 1400 4833 καὶ
1456 4783 1640 4842 κακῶς
1697 4781 1911 4852 πεπρά-

227 4888 368 4942 γασι
400 4872 521 4930 ταῖς
596 4867 876 4941 λῃστρίσιν
933 4867 989 4921 αἱ
1066 4865 1560 4940 παραθαλαττίδιοι
1617 4869 1907 4942 Ῥωμαίων

226 4962 447 5031 χῶραι,
509 4955 604 5011 καὶ
690 4956 765 5017 ὡς
829 4955 890 5010 ἄν
969 4956 1316 5026 κατεύξαιντο
1391 4958 1443 5012 οἱ
1501 4955 1778 5036 διάφοροι.
1839 4955 1904 5018 Εἰ

2021 4701 2260 4750 curatus
2318 4697 2592 4764 quastor,
2649 4706 2858 4761 parcus
2922 4688 3321 4760 dispensator,
3387 4690 3674 4745 fenerator

2019 4789 2196 4854 atque
2225 4784 2456 4836 exactor
2485 4777 2726 4835 acerbus
2761 4793 2774 4831 :
2833 4776 2934 4831 sed
2996 4775 3093 4832 ubi
3154 4775 3472 4848 potentiam
3503 4789 3671 4830 suam

2019 4871 2280 4939 infringi,
2337 4867 2739 4925 auctoritatem
2813 4866 3148 4922 decrescere
3233 4863 3672 4936 potentiamque

2016 4961 2394 5032 languescere
2413 4956 2577 5024 vidit,
2611 4955 2766 5028 quod
2799 4953 2901 5010 alii
2953 4969 3188 5026 quoque
3231 4953 3383 5024 apud
3415 4951 3672 5020 impera-

1634 5085 1820 5156 Hier.
1855 5085 2090 5154 Wolﬁi
2123 5093 2328 5153 notae.

313 5227 428 5303 (42A)
466 5225 596 5303 Περὶ
629 5224 692 5278 οὗ
723 5220 1073 5303 δηλώσρμεν.
1107 5223 1236 5299 Περὶ
1264 5301 1270 5303 _
1304 5222 1366 5303 οὗ
1422 5224 1476 5280 ἐν
1535 5231 1651 5303 τοῖς
1699 5222 1903 5303 ἔμπρο.

239 5294 364 5351 σθέν
402 5294 663 5369 έλέξάμεν
697 5315 817 5372 siue
847 5294 1105 5372 λέξομεν..
1152 5294 1454 5372 {scriptura
1503 5300 1657 5355 enim
1695 5294 1901 5372 parum

240 5364 698 5444 perspicua'est.
745 5364 1030 5444 Fortassis
1058 5370 1119 5423 τὸ
1150 5364 1460 5444 ἔμπροσθεν
1492 5388 1594 5440 pro
1625 5364 1710 5427 eo-
1745 5376 1906 5443 ponit

239 5443 397 5516 quod
433 5456 568 5500 ante
601 5459 709 5516 nos
733 5447 845 5516 est,
880 5443 933 5516 id
968 5449 1074 5509 est,
1110 5446 1173 5495 sd
1208 5443 1360 5513 quod
1412 5444 1665 5498 nondum
1701 5461 1900 5515 perve-

239 5514 467 5573 nimus.
504 5515 808 5571 B:u-baries
840 5514 996 5567 enim
1035 5530 1146 5568 non
1203 5521 1372 5567 modo
1428 5530 1571 5569 nova
1627 5514 1906 5572 vocabula

240 5588 453 5658 gignit,
487 5587 597 5643 sed
626 5589 804 5658 etiam
836 5590 1099 5640 veterum
1132 5585 1588 5658 signiﬁcationes
1623 5595 1830 5644 mutat.

343 5659 428 5731 43)
460 5660 600 5719 Τοῖς
628 5657 775 5726 τότε,
807 5659 878 5712 iis
909 5658 1006 5731 qui
1032 5665 1156 5731 tun:
1180 5659 1356 5717 erant.
1393 5656 1551 5714 illius
1576 5660 1772 5731 etatis
1809 5660 1907 5717 ho-

240 5727 525 5794 minibus.
561 5731 663 5793 Est
693 5727 1090 5807 περισσολογία
1117 5728 1479 5802 ϐταοαμιιιω
1535 5729 1683 5793 citra
1724 5731 1906 5791 mole-

2014 5230 2186 5286 stiam
2223 5229 2416 5283 latine
2440 5226 2534 5300 vix
2563 5222 2796 5294 exprimi
2818 5227 3257 5300 ‘potest,_neque_
3291 5215 3486 5300 debet.
3581 5285 3599 5300 ἢ

2083 5301 2193 5372 (44)
2224 5301 2380 5372 Alter
2406 5298 2584 5350 codex
2613 5289 2711 5364 μ’το
2751 5289 3117 5372 *πλευστικῶιν
3162 5289 3342 5372 habet
3370 5289 3674 5372 ,προσπλε-

2013 5358 2198 5426 όνὲωνί
2236 5371 2486 5423 Verbum
2521 5358 2814 5438 στρατειῶν
2875 5364 3204 5438 redundare
3263 5359 3530 5414 arbitror.
3567 5358 3676 5438 Ne-

2014 5460 2129 5514 que
2159 5443 2310 5497 enim
2351 5431 2716 5514 militane'_est
2749 5437 3026 5514 pendere,
3058 5449 3159 5487 sex
3190 5439 3530 5514 extorquere
3564 5431 3672 5486 tri-

2019 5503 2246 5575 butum,
2279 5517 2336 5583 et
2369 5503 2778 5583 προσπλέονταῇ
2820 5511 3170 5583 mercatores
3200 5503 3489 5583 intelligo.

2086 5586 2195 5655 (45)
2233 5573 2569 5657 Εὐάγκαλον.
2603 5579 2765 5657 Quod
2785 5577 2956 5657 _ulnis
3000 5576 3169 5657 tacite
3225 5573 3676 5657 comprehendi-

2016 5648 2114 5714 tur
2141 5664 2195 5712 et
2224 5648 2479 5722 tenetur,
2512 5656 2569 5708 et
2597 5649 2840 5724 proinde
2868 5665 2980 5706 non
3004 5650 3168 5721 justo
3199 5648 3417 5722 majus.
