4068 6196
405 399 522 461 88⁵1

1723 381 2040 453 ΝΙΟΕΤΕ
2081 383 2510 456 CHONIA'I‘E

406 543 592 597 torem
624 535 874 595 multum
910 531 1145 602 possent
1173 543 1236 584 ac
1267 529 1611 601 potestatem
1645 541 1811 581 suam
1841 525 2047 581 immo-

2164 522 2218 580 δὲ
2247 527 2358 600 (46)
2390 524 2481 581 καί
2515 525 2608 582 τὸν
2663 525 2868 602 στάχυν
2922 526 3081 600 ἳσμεν
3139 532 3236 584 τοῦ
3277 527 3613 604 σπείραντος,
3673 528 3826 585 ἀλλὰ

407 631 601 687 dicam
632 627 971 693 everterent,
1022 617 1326 677 translatis
1373 633 1521 690 quos
1573 615 1684 672 sibi
1726 615 2052 689 prrefixerat

407 719 716 782 limitibus,
742 711 991 785 tempori
1023 711 1236 767 servire
1293 711 1350 764 et
1400 707 1580 764 statui
1635 721 1828 762 rerum
1867 721 1929 761 se
1957 720 2050 760 ac-

407 806 776 865 commodare
832 818 935 874 pro
986 799 1135 856 virili
1191 797 1468 865 instituit,
1517 801 1576 853 et
1613 798 1683 852 ad
1737 795 2050 867 quemdam

401 895 784 954 familiarium
816 907 1080 954 suorum,
1113 891 1338 944 mutata
1361 887 1528 958 plane
1551 884 2051 951 sententia,dixit:

401 1009 431 1039 α
461 988 601 1058 Age,
635 1001 742 1040 nos
773 997 1010 1056 quoque
1039 980 1416 1036 ditescamus.
1454 999 1480 1025 η
1513 975 1818 1047 Ductaque
1875 988 2054 1030 uxore

399 1093 466 1133 ex
499 1075 721 1146 abjecta
753 1077 810 1129 et
839 1069 1099 1129 obsoleta
1133 1067 1460 1134 nobilitate,
1519 1065 1674 1120 inter
1725 1064 1940 1119 liberos
1983 1080 2050 1119 ex

401 1179 470 1220 ea
498 1168 801 1233 susceptos
829 1158 1092 1230 ingentes
1119 1171 1423 1228 opes,quaa
1453 1150 1848 1223 voluptatibus
1889 1149 2052 1206 alen-

401 1253 492 1308 dis
525 1251 759 1306 abunde
788 1251 1007 1318 essent,
1039 1243 1357 1310 distribuit,
1391 1243 1565 1298 homo
1591 1240 1966 1313 parcissimus
1997 1243 2056 1294 et

400 1339 828 1403 tenacissimus.
851 1336 952 1408 qui
975 1351 1045 1391 ne
1069 1331 1446 1405 supercilium
1471 1329 1707 1402 quidem
1733 1329 1804 1384 ad
1833 1329 1925 1384 11
1963 1329 2052 1384 in-

402 1431 651 1486 tuendos
695 1442 978 1502 pauperes
1023 1423 1290 1481 attollere
1345 1422 1607 1488 auderet,
1666 1419 1766 1475 sed
1821 1418 2055 1474 divitias

406 1524 690 1592 perpetuo
711 1515 955 1573 vinculis
975 1511 1391 1570 insolubilibus
1413 1509 1762 1566 constrictas
1806 1512 2056 1598 teneret,

404 1625 514 1664 nec
544 1623 642 1663 eas
675 1607 864 1678 magis
895 1604 956 1658 in
978 1601 1273 1672 publicum
1308 1599 1539 1672 prodire
1563 1600 1854 1669 pateretur
1875 1614 2053 1669 quam

405 1690 544 1752 olim
575 1702 811 1752 Danaen
851 1691 1109 1749 Acrisius
1141 1690 1321 1745 :adeo
1345 1687 1617 1744 sordidus
1651 1690 1712 1742 ut
1757 1688 2054 1744 esculenta

403 1789 462 1842 et
491 1786 678 1856 pisces
720 1781 1000 1839 maximos
1053 1796 1119 1836 ac
1175 1777 1598 1850 pinguissimos
1657 1775 1768 1831 sibi
1828 1776 2056 1843 missos,

2153 614 2244 671 καὶ
2299 615 2392 670 τὸν
2448 615 2737 689 ἀμήσαντα
2797 620 3336 693 προσεπαιτιώμεθα·
3393 621 3482 675 καὶ
3517 620 3564 674 εἰ
3620 621 3650 674 ὁ
3717 620 3828 694 έμ-

2153 705 2412 778 πρησμὸς
2462 710 2560 761 τοῦ
2619 707 2942 782 ἀνάψαντας,
3005 706 3154 764 ἀλλά
3209 709 3297 764 καὶ
3359 714 3456 764 τοῦ
3487 705 3824 766 κατασϐέσαι

2155 790 2478 865 δυναμένου,
2511 793 2706 870 δρᾶσαι
2754 794 2812 852 δέ
2853 819 2907 853 τι
2945 801 3194 853 τοιοῦτον
3253 799 3400 860 ὅλως
3464 801 3539 870 μή
3604 797 3826 874 βουληο

2154 883 2360 944 θέντος.
2392 882 2556 940 Ἀλλ’
2585 882 2688 948 ἕως
2733 889 2816 960 [Ρ.
2877 889 2970 961 39]
3025 888 3150 942 τότε
3217 886 3629 966 φιλοδημόσιος
3667 887 3832 963 λογι-

2157 973 2288 1042 στής
2333 973 2422 1027 καὶ
2456 970 2629 1037 δεινὸς
2667 975 2759 1030 καὶ
2793 973 3066 1054 φειδωλὸς
3132 976 3426 1050 οἰκονόμος
3483 977 3572 1032 καὶ
3614 972 3830 1032 ὁϐολο.

2156 1065 2361 1115 στατῶν
2418 1059 2663 1138 ἀτεχνῶς
2726 1061 3076 1139 δασμολόγος
3141 1065 3168 1118 ὁ
3221 1067 3478 1136 Ἰωάννης
3529 1065 3824 1136 ἐδείκνυτο,

2152 1146 2257 1210 ἕως
2291 1149 2639 1225 ἀκαθαίρετον
2673 1153 2791 1231 εἶχε
2846 1154 2947 1222 τήν
3004 1151 3340 1224 δυναστείαν,
3398 1156 3488 1210 καὶ
3543 1157 3606 1210 τὸ
3646 1161 3826 1210 ποιεῖν

2157 1240 2256 1294 ὅσα
2292 1239 2541 1314 καὶπρὸς
2594 1239 2804 1315 βουλῆς
2835 1241 3234 1318 ἀνεξέλεγκτον,
3276 1244 3367 1298 καὶ
3427 1246 3526 1299 ὅσα
3570 1244 3823 1320 βουλητά

2153 1329 2332 1402 τούτῳ
2392 1329 2482 1384 καὶ
2537 1327 2751 1386 δυνατά.
2808 1329 3028 1401 Ἐπειδὴ
3091 1330 3148 1388 δὲ
3217 1329 3698 1408 μεθαρμοζόμενόν
3764 1335 3818 1388 οἱ

2159 1418 2303 1491 ἐώρα
2331 1419 2393 1474 τὸ
2426 1415 2679 1474 δύνασθαι
2734 1419 2823 1474 καὶ
2868 1422 2931 1476 τὸ
2981 1420 3443 1497 εύπαῤῥησίαστον
3504 1425 3819 1499 παραιρού-

2164 1527 2323 1579 μενον
2353 1507 2444 1562 καὶ
2500 1507 2864 1584 ὑπορρέουσαν
2895 1510 3032 1564 κατὰ
3104 1512 3282 1590 βραχὺ
3340 1513 3442 1581 τήν
3475 1511 3657 1588 ἰσχὺν,
3727 1515 3823 1567 οἷα

2161 1595 2250 1651 καὶ
2281 1595 2480 1672 ἑτέρων
2521 1599 2935 1674 κρατυνομένων
2991 1599 3139 1675 ποιρά
3175 1604 3255 1673 τῷ
3318 1599 3540 1676 βασιλεῖ
3567 1603 3669 1656 κάκ
3726 1607 3827 1657 τοῦ

2162 1684 2291 1761 ἃγαν
2339 1685 2707 1762 ἐκκρουόντων
2745 1689 2836 1744 καὶ
2893 1689 3331 1765 περιτρεπόντων
3391 1679 3580 1760 αύτὸν,
3645 1699 3824 1764 μετῆ-

2165 1795 2250 1850 ρεν
2283 1776 2417 1850 ἅπερ
2465 1777 2532 1845 ἦν
2587 1776 2814 1851 θέμενος
2845 1777 2989 1853 ὅρια,
3043 1779 3134 1834 καὶ
3187 1777 3459 1854 δραπέτης
3517 1784 3597 1852 τῷ
3646 1786 3831 1855 καιρῷ

401 1878 490 1929 ter
521 1870 838 1944 aliquando
868 1869 928 1924 in
963 1869 1083 1924 foro
1113 1866 1401 1932 venditas,
1434 1867 1604 1919 toties
1653 1863 1932 1935 reciperet
1977 1863 2049 1919 ab

2164 1865 2253 1918 καὶ
2313 1870 2430 1926 τοῖς
2496 1868 2778 1942 πράγμασι
2837 1867 3134 1946 προσφυεῖς
3212 1867 3545 1947 ἀμφοτέραις
3613 1869 3829 1925 τούτων

401 1962 473 2016 iis
505 1962 836 2031 redemptos
869 1958 969 2029 qui
1027 1973 1201 2028 opera
1257 1955 1385 2026 ejus
1417 1955 1684 2025 egebant.
1718 1954 1800 2008 Ita
1833 1969 1934 2025 pro
1962 1953 2052 2024 pi-

401 2051 728 2107 scatoribus
758 2053 922 2105 erant
951 2047 1000 2102 ei
1035 2047 1406 2119 pisces,sorte
1437 2046 1816 2110 commutata,
1836 2043 2053 2113 quibus

399 2139 740 2211 magnitudo
772 2153 876 2210 pro
906 2137 1104 2203 bamo,
1138 2134 1430 2208 pinguedo
1456 2149 1557 2205 pro
1590 2148 1724 2188 esca
1771 2135 1917 2198 erat,
1951 2133 2054 2188 ita-

400 2245 514 2301 que
544 2231 956 2299 prmtereuntes
987 2227 1056 2281 ad
1090 2241 1154 2281 se
1177 2224 1452 2280 emendos
1483 2221 1871 2277 attrahebant.

2164 1951 2348 2028 ἔχεταί
2413 1974 2472 2009 τε
2528 1954 2620 2010 καὶ
2690 1955 3024 2032 περιέχεται.
3093 1955 3297 2012 Οὐκοῦν
3360 1959 3452 2014 καὶ
3509 1959 3647 2030 πρός
3703 1979 3834 2013 τινα.

2161 2047 2270 2096 τῶν
2308 2045 2554 2114 συνήθων
2595 2043 2790 2116 εἰπὼν,
2822 2070 2851 2097 ‹‹
2885 2047 3019 2122 Ἀγε
3058 2045 3485 2118 πλουτήσωμεν,
3521 2071 3547 2098 ››
3582 2048 3827 2123 ἑτεροίας

2163 2133 2392 2208 γνώμης
2469 2133 2811 2189 παντάπασιν
2869 2133 3173 2211 ἐγεγένητο,
3259 2136 3348 2190 καὶ
3417 2141 3643 2210 γυναῖκα
3712 2140 3825 2191 τῶν

2163 2221 2588 2298 ἀπερριμμένων
2661 2223 2750 2278 καὶ
2817 2223 3208 2296 ἀπηνθηκυιῶν
3275 2224 3500 2300 εὐγενῶν
3583 2227 3835 2301 ἀρμοσά,

403 2337 588 2393 μενος,
619 2316 707 2371 καὶ
740 2311 952 2370 παίδων
1003 2311 1238 2375 ἀκούσας
1269 2312 1473 2386 πατὴρ,
1507 2307 1744 2383 διένειμε
1779 2307 2003 2370 τούτοις
2047 2307 2291 2366 πλοῦτον
2355 2313 2518 2387 βαθὺν
2558 2313 2646 2367 καὶ
2681 2312 2906 2388 ἀρκετὸν
2949 2313 3026 2376 εἲς
3059 2310 3280 2383 ἡδονάς.
3325 2309 3530 2388 Κίμϐιξ
3562 2313 3620 2370 δὶ
3645 2313 3716 2369 ὥν
3748 2315 3831 2378 εἰς

398 2405 564 2482 ἄκρον
596 2405 688 2460 καὶ
719 2403 928 2482 γνίφων
960 2406 1066 2476 (47)
1100 2401 1192 2457 καὶ
1226 2399 1636 2476 δυσγρίπιστος⁹
1673 2395 1786 2484 οὐδ’
1817 2396 1927 2453 ἄνω
1987 2395 2111 2473 ἆραι
2166 2401 2233 2455 τὰ
2277 2400 2522 2478 βλέφαρα
2574 2403 2938 2478 πειρώμενος,
2995 2399 3296 2479 ἀναϐλέψαι
3329 2405 3416 2459 καὶ
3452 2404 3529 2468 εἰς
3559 2406 3829 2484 πτωχοὺς

400 2495 665 2562 ἀτενίσαι,
699 2492 761 2548 ού
790 2498 1008 2568 παρῆκε
1044 2491 1137 2547 τὸν
1167 2489 1435 2559 πλοῦτον,
1466 2487 1612 2544 ἀλλὰ
1650 2483 1892 2558 πεδήτην
1927 2486 2044 2562 εἶχε
2075 2485 2164 2542 διὰ
2201 2490 2402 2552 παντὸς
2436 2487 2657 2564 δεσμοῖς
2701 2490 2999 2568 ἀῤῥήγτοις
3045 2491 3271 2556 ἀλύτοις
3309 2515 3389 2565 τε,
3428 2494 3517 2548 καὶ
3550 2483 3815 2571 ἀπρόῒτον

402 2582 608 2656 δήπου,
649 2584 748 2638 ὅσα
777 2585 868 2637 καὶ
893 2583 1101 2652 Δανάην
1133 2583 1160 2636 ὁ
1181 2579 1355 2636 πάλαι
1395 2579 1696 2654 ’Δκρίσιος.
1732 2577 1834 2634 Καὶ
1866 2576 2261 2653 σμικρολογίαν
2295 2584 2466 2635 νοσῶν
2499 2581 2588 2636 καὶ
2618 2579 3020 2658 γλισχρότητα,
3067 2582 3156 2638 καὶ
3188 2583 3253 2638 τὰ
3291 2585 3621 2657 πεμπόμενα
3670 2583 3814 2640 πολι

408 2672 569 2736 λάκις
599 2678 707 2727 τῶν
741 2669 1030 2745 ἐδωδίμων
1072 2669 1374 2743 ἀνέπεμπεν
1399 2669 1474 2731 είς
1513 2667 1576 2723 τὸ
1608 2665 1968 2741 πωλητήριον
2001 2666 2092 2721 καὶ
2151 2664 2372 2744 δεῖγμα,
2414 2670 2489 2732 ὡς
2553 2668 2752 2748 ἷχθύας
2808 2671 2976 2726 σύακα
3011 2674 3124 2747 (48)
3182 2672 3273 2728 καὶ
3306 2670 3574 2748 λάϐρακα,
3607 2675 3682 2737 ὡς
3719 2677 3820 2746 μὶν

411 2761 726 2838 μεγίστους,
761 2762 836 2823 ὡς
869 2759 926 2816 δὶ
955 2762 1144 2823 πίονας
1175 2761 1322 2835 παρά
1343 2780 1501 2814 τινων
1535 2757 1682 2829 αύτῷ
1713 2757 2074 2830 πεμφθέντας,
2141 2757 2418 2833 τρίσσάκις
2450 2757 2682 2816 ἀπέδοτο
2712 2760 2802 2815 καὶ
2839 2762 3163 2825 τοσαυτάκις
3203 2761 3434 2834 ἐναλλὰξ
3475 2763 3825 2836 ἐωνημένους

399 2856 536 2910 κατὰ
561 2852 750 2930 χρείαν
790 2854 920 2927 παρ’
973 2853 1168 2928 ἑτέρων
1214 2851 1588 2928 εἷσηνέγκατο.
1621 2847 1720 2902 Καὶ
1758 2849 1892 2916 ἦσαν
1924 2843 2175 2922 ἄντικρυς
2232 2847 2409 2913 ἂλιεῖς
2451 2851 2506 2905 οἳ
2564 2851 2774 2927 ὶχθύες,
2835 2854 2865 2907 ὅ
2903 2852 3201 2908 πεπόνθασι
3269 2852 3526 2930 δρῶντες,
3581 2854 3656 2918 ὠς
3723 2857 3820 2927 μὲν

403 2947 698 3021 ἃγκιστρον
739 2944 1020 3021 χαλῶντες
1051 2945 1113 3000 τὸ
1149 2942 1392 3021 μέγεθος,
1421 2940 1785 3018 περιτιθέντες
1805 2935 1862 2993 δὶ
1891 2938 1988 3007 τήν
2027 2937 2270 3012 πιμελὴν
2301 2940 2374 3004 ὠς
2408 2940 2621 3018 δέλεαρ,
2652 2942 2743 2998 καὶ
2773 2943 2916 3000 οὕτω
2946 2949 3330 3009 κατασπῶντες
3368 2947 3496 3008 τοὺς
3525 2945 3826 3022 παριόντας

403 3035 480 3098 εἰς
505 3038 604 3106 τὴν
627 3034 844 3091 ἐκείνων
875 3033 1196 3106 εἴσοίκησιν.

475 3127 586 3183 Sed
614 3133 671 3183 et
699 3127 935 3184 Joannis
994 3123 1522 3198 Hagiotbeodoritae
1580 3120 1824 3179 consilia
1880 3119 2049 3176 ﬂore-

2167 3120 2428 3218 nEﬁGp-vist
2486 3119 2543 3178 δὶ
2578 3211 2594 3218 Α
2629 3122 2720 3179 καὶ
2775 3128 2856 3197 τῷ
2907 3123 3374 3201 Ἀγιοθεοδωρίτῃ
3429 3127 3655 3200 Ἰωάννῃ
3755 3127 3824 3182 τά

404 3217 568 3274 bant.
600 3217 814 3273 Verum
847 3217 895 3274 ei
930 3216 1128 3272 subita
1155 3232 1348 3271 rerum
1383 3213 1704 3270 mutatione
1753 3227 1818 3266 ac
1875 3209 2058 3265 varie-

404 3312 522 3364 tate
541 3307 880 3364 Theodorus
899 3306 1233 3380 Styppiotes
1255 3303 1471 3375 collega
1497 3303 1680 3360 solers
1733 3305 1822 3356 est
1855 3300 1923 3356 ad
1926 3299 2060 3370 jun-

407 3402 580 3465 ctus;
613 3397 710 3469 qui
739 3396 952 3452 Joanni
984 3395 1130 3450 alias
1162 3394 1493 3450 assentiens
1551 3392 1696 3447 alias
1739 3390 2055 3459 refragans,

404 3486 684 3542 facundia
710 3483 946 3556 quidem
983 3486 1274 3556 princeps,
1307 3481 1512 3538 ordine
1561 3497 1698 3536 vero
1737 3481 2054 3548 secundus,

405 3573 480 3629 iis
501 3572 801 3642 dignitatis
833 3571 1116 3645 gradibus
1148 3589 1260 3626 non
1294 3575 1600 3626 contentus
1633 3569 1703 3624 ad
1759 3585 2054 3625 summum

407 3662 698 3734 fastigium
753 3660 940 3732 plenis
997 3659 1140 3716 velis
1197 3659 1506 3716 ferebatur.
1595 3658 1799 3714 Oblata
1879 3657 2058 3730 igitur

406 3753 838 3826 opportunitate
893 3750 1272 3806 dissidiorum
1341 3749 1492 3804 inter
1563 3749 1749 3802 virum
1806 3746 2055 3804 nobilem

408 3841 746 3900 Michaelem
779 3839 1163 3912 Palasologum
1196 3845 1252 3895 et
1277 3837 1598 3909 Josephum
1625 3837 2056 3907 Balsamenum,

405 3933 500 3988 cui
535 3930 1054 4005 Hagiotbeodoritte
1091 3929 1186 3986 18
1246 3945 1412 3985 soror
1450 3932 1623 3998 nupta
1679 3931 1824 3994 erat,
1873 3926 2058 3982 consi-

401 4021 547 4077 lium
580 4039 751 4078 suum
790 4026 978 4092 urget,
1037 4036 1104 4075 ac
1164 4017 1735 4090 Hagiotbeodoritam
1802 4032 1832 4072 e
1899 4015 2057 4088 regia

402 4117 684 4184 tanquam
716 4127 747 4167 e
778 4110 993 4166 scelesti
1029 4106 1270 4181 specula
1320 4107 1378 4161 in
1412 4112 1739 4162 extremum
1772 4104 2052 4177 angulum

401 4205 662 4272 pratum
694 4199 929 4255 ῦτωοίω
957 4203 1014 4254 et
1045 4197 1428 4268 Peloponnesi
1461 4197 1660 4266 exigit,
1695 4195 1766 4250 ad
1817 4193 2054 4267 provin-

397 4291 522 4346 cias
580 4307 678 4346 eas
738 4291 848 4346 rite
907 4287 1353 4345 constituendas
1411 4301 1730 4354 eorumque
1795 4284 2054 4340 virorum

401 4378 644 4434 dissidia
674 4377 1023 4432 dirimenda.
1086 4376 1369 4431 Ceterum
1427 4373 1651 4430 Joanne
1716 4372 1824 4428 iter
1865 4371 2058 4427 adhuc

402 4466 749 4532 adornante,
783 4467 1015 4520 fortuna
1035 4465 1300 4520 discessu
1323 4464 1451 4534 ejus
1477 4479 1587 4518 non
1623 4465 1951 4534 exspectato
1982 4462 2054 4516 ad

405 4553 770 4626 Styppietam
801 4554 1053 4622 transiit,
1087 4569 1342 4623 eumque
1371 4552 1580 4623 cupide
1609 4557 1665 4607 et
1693 4549 2059 4607 familiariter

402 4642 674 4716 amplexa
697 4645 768 4701 ad
803 4659 1007 4701 omnes
1039 4643 1387 4714 dignitatum
1411 4643 1628 4715 gradus
1667 4658 1770 4714 pro
1794 4642 2061 4712 tempori-

2164 3206 2474 3267 δίαϐούλια·
2535 3211 2684 3283 πλήν
2734 3213 2914 3287 τούτῳ
2971 3214 3005 3284 ἡ
3065 3213 3348 3290 ταχύπους
3401 3221 3509 3270 τῶν
3551 3217 3817 3292 πραγμά·

2158 3320 2263 3354 των
2323 3301 2464 3380 φορά
2527 3303 2616 3356 καί
2693 3301 3072 3380 ἀγχίστροφος
3132 3305 3516 3383 συμφοιτητήν
3578 3301 3816 3374 ἐνδέειον

2157 3391 2248 3444 τὸν
2281 3389 2670 3462 Στυππειώτην
2710 3391 2897 3463 ἐφιστᾷ
2937 3389 3242 3468 Θεόδωρον,
3307 3393 3366 3455 ὅς
3401 3393 3711 3473 συντρέχων
3782 3391 3820 3463 ἦ

2161 3479 2493 3554 ἀντιτρέχιυν
2525 3484 2604 3553 τῷ
2654 3479 2902 3556 Ἰωάννῃ,
2932 3481 3022 3536 καὶ
3079 3485 3158 3554 τῷ
3218 3482 3313 3556 μὲν
3369 3481 3519 3560 λόγῳ
3572 3485 3694 3556 (49)
3752 3485 3821 3538 τά

2162 3571 2372 3642 πρῶτα,
2403 3572 2471 3643 τῇ
2504 3565 2560 3623 δὲ
2588 3569 2733 3640 τάξει
2765 3569 2941 3649 φέρων
2970 3571 3038 3626 τά
3094 3567 3336 3646 δεύτερα,
3391 3573 3495 3628 οὐκ
3552 3572 3813 3646 ἠνείχετο

2163 3652 2281 3709 οὐδ’
2339 3655 2530 3732 ἠγάπα
2580 3661 2699 3720 ταῖς
2750 3657 3051 3732 παρούσαις
3107 3653 3448 3731 ἀναϐάσεσιν,
3507 3657 3655 3715 ἀλλά
3723 3667 3827 3729 τῆς

2159 3745 2457 3820 κορυφαίας
2492 3745 2628 3808 ἅπας
2684 3747 2994 3822 γινόμενος,
3043 3747 3295 3824 καὶπερὶ
3350 3750 3450 3820 τὴν
3514 3748 3823 3823 ἀκρώρειαν

2162 3833 2552 3910 λιχνευόμενος
2611 3833 2739 3891 ὅλον
2808 3835 2943 3912 πρὸς
3001 3837 3062 3893 τὸ
3133 3837 3408 3893 ἀνώτατον
3464 3841 3556 3894 τὸν
3613 3836 3823 3912 δρόμον

2162 3923 2415 3982 ἐπέτεινε.
2478 3925 2574 3980 Καὶ
2637 3921 2704 3994 δὴ
2764 3929 2958 4000 καιροῦ
3026 3921 3333 4001 λαϐόμενος
3404 3930 3522 3992 καθ’
3581 3927 3641 3982 δν
3724 3928 3827 3983 οὐκ

2162 4012 2322 4088 ὀλίγα
2352 4013 2602 4086 ξυνέπεσε
2629 4013 2697 4069 τά
2754 4011 2987 4091 διάφορα
3037 4014 3231 4088 μεταξὺ
3289 4013 3483 4091 ἀνδρὸς
3543 4017 3827 4094 εὐγενοῦς,

2161 4105 2257 4158 τοῦ
2298 4099 2690 4180 Παλαιολόγου
2741 4103 2887 4182 φημὶ
2919 4101 3180 4182 Μιχαὴλ,
3240 4104 3457 4160 καὶτοῦ
3515 4104 3830 4179 Βαλσαμὼν

2163 4191 2388 4268 Ἰωσὴφ,
2449 4190 2509 4253 δς
2565 4186 2817 4267 γαμϐρὸς
2884 4194 2948 4262 ἦν
3025 4196 3122 4248 τοῦ
3181 4191 3672 4271 Ἀγιοθεοδωρίτου
3742 4195 3832 4252 ἐπ’

2161 4279 2390 4356 ἀδελφῇ,
2477 4278 2695 4336 ἐπέθετο
2760 4282 3170 4357 κραταιὸτερον,
3244 4282 3333 4338 καὶ
3407 4283 3676 4346 συντείνας
3745 4284 3832 4356 ἐει-

2163 4371 2466 4444 οστρακὶζει
2517 4371 2709 4425 τοῦτον
2763 4374 2870 4425 τῶν
2933 4370 3242 4446 ἀνακτόρων
3299 4372 3374 4434 ὡς
3432 4373 3538 4429 ἀπὸ
3591 4380 3832 4437 σκοπιᾶς

2162 4458 2440 4535 οὐρανίου,
2484 4459 2571 4515 καὶ
2624 4457 2700 4522 ὡς
2756 4460 2832 4523 εἰς
2889 4465 3076 4536 χῶρον
3135 4459 3458 4537 ἐκσφενδονᾷ
3489 4464 3833 4538 μυχαίτατον

2163 4549 2266 4618 τὴν
2309 4547 2650 4623 πραιτωρίαν
2709 4549 2888 4624 ἀρχὴν
2941 4556 3042 4620 τῆς
3100 4548 3370 4616 Ἑλλάδος
3424 4552 3514 4606 καὶ
3569 4555 3670 4622 τῆς
3730 4559 3832 4610 τοῦ

2168 4636 2438 4708 Πέλοπος,
2471 4637 2526 4693 εὖ
2555 4639 2624 4693 τὰ
2665 4637 2777 4693 ἐκεῖ
2806 4635 3132 4711 διαθήσοντα
3160 4641 3250 4696 καὶ
3311 4640 3407 4704 τὰς
3460 4645 3568 4698 τῶν
3601 4642 3837 4716 εἰρημέ-

1782 4813 1970 4882 Hier.
2005 4811 2244 4879 Wolﬁi
2283 4819 2495 4880 notae.

475 5006 588 5077 (46)
621 5005 723 5062 Pro
755 4999 891 5077 el_8_é
950 5001 1146 5077 malim
1208 5001 1399 5072 legere
1455 4998 1510 5055 εἷ’

408 5072 554 5134 forte
571 5072 712 5134 ante
739 5075 784 5132 εί
817 5072 874 5130 δέ
896 5077 1073 5131 deest.
1109 5075 1178 5130 Et
1209 5081 1361 5129 certe
1403 5072 1608 5145 parum
1648 5078 1779 5144 apte
1809 5072 2062 5145 cohaeret

406 5150 612 5218 oratio,
645 5149 911 5223 quamvis
933 5153 1229 5217 utcunque
1246 5143 1538 5223 sententia
1588 5143 1707 5223 bsic
1732 5145 1871 5223 inde
1894 5143 2062 5223 colli-

402 5216 603 5306 gatur,
627 5216 728 5306 q'ui
761 5221 915 5306 malo
948 5225 1050 5306 aut
1080 5216 1774 5306 occasionem‘prssbuerit
1793 5221 1912 5306 tant
1943 5232 2060 5272 non

404 5289 718 5362 abstiterit,
753 5294 885 5350 mali
917 5297 1209 5347 auctorem
1247 5289 1576 5362 habendum
1609 5305 1757 5362 esse.
1793 5289 1908 5362 Ego
1959 5305 2060 5359 pro

399 5362 491 5436 τον
513 5359 799 5436 ἀμύσαντα
849 5365 959 5434 legi
987 5363 1078 5417 τὸν
1116 5363 1224 5436 μὴν
1254 5361 1562 5436 ἀμήσαντα,
1598 5363 1670 5436 a_b
1721 5359 1907 5436 ἀμάω,
1944 5378 2055 5416 non

400 5434 472 5487 ab
502 5431 684 5503 ἀμύω,
720 5431 930 5491 addita
951 5431 1388 5509 negationeEst
1415 5441 1472 5490 et
1504 5433 1651 5509 illud
1684 5431 2060 5509 ambiguum,

406 5511 606 5560 utrum
644 5509 734 5562 hic
764 5506 1136 5562 Puzenus'ad
1189 5507 1447 5562 Joannes
1503 5507 1823 5576 imperator
1874 5506 2062 5576 magis

405 5582 737 5702 actiusetur,
768 5597 840 5636 an
871 5596 1004 5635 vero
1036 5581 1340 5650 utriusque
1386 5577 1763 5650 reprehensio
1819 5579 2061 5649 conjun-

410 5663 483 5702 αθ
515 5664 601 5702 ur.

410 5663 601 5720 gatugr.

480 5717 593 5793 (47)
625 5719 772 5786 Quid
802 5719 1007 5795 γνίφων
1027 5719 1126 5788 sit,
1159 5736 1452 5795 nusquam
1473 5719 1735 5794 reperio;
1790 5734 1897 5780 nec
1919 5718 2059 5781 alibi

1555 5020 1637 5077 γε,
1671 5001 1786 5056 nisi
1834 5000 2059 5077 aliquid

2167 5000 2276 5077 hoc
2309 4999 2658 5077 vocabulum
2692 5017 2784 5058 me
2841 5002 3030 5077 legere
3081 5004 3346 5077 memini.
3409 5003 3686 5077 Γριπίζειν
3747 5012 3843 5064 est

2168 5074 2379 5146 piscari
2415 5070 2816 5147 auaypimetoc
2875 5075 3145 5131 fortassis
3203 5076 3380 5132 homo
3411 5070 3618 5133 occulti
3645 5079 3843 5134 animi

2167 5144 2268 5218 aut
2299 5144 2621 5218 occultator
2656 5163 2846 5218 rerum
2885 5164 3153 5211 suarum,
3215 5155 3423 5204 cautus
3482 5151 3836 5218 admodum,

2167 5217 2284 5291 qui
2305 5216 2472 5291 facile
2503 5217 2862 5291 deprehendi
2896 5235 3014 5291 non
3049 5226 3260 5291 potest.

2201 5359 2214 5371 .
2239 5287 2527 5371 (aQ-Quis
2561 5291 2738 5371 piscis
2769 5289 2846 5371 sit
2878 5287 3172 5371 σύαεήιοη
3207 5291 3451 5371 reperio.
3509 5293 3764 5371 Videtur
3808 5311 3847 5350 ιι

2169 5358 2574 5436 similitudine
2627 5361 2752 5417 suis
2807 5361 2890 5418 ita
2948 5358 3429 5436 appellarifsive
3467 5375 3683 5436 gustus
3714 5367 3846 5422 sive

2168 5434 2352 5487 lorma
2385 5438 2699 5490 spectetur.

2237 5502 2348 5592 (4E3)
2381 5501 2600 5592 Τῷδμὶν
2634 5499 2988 5592 λόγῳκΝοισ
3017 5510 3108 5564 est
3154 5506 3277 5592 ιλιι,
3313 5508 3631 5592 oppositis,
3678 5504 3848 5592 λόγιρ

2171 5569 2554 5658 “autemet,
2588 5569 2933 5658 verbosiure
2961 5579 3108 5647 ipsa.
3169 5580 3292 5658 Sed
3340 5569 3434 5636 bis
3489 5580 3562 5658 de
3595 5569 3850 5658 ingenio

2169 5650 2227 5703 et
2257 5646 2662 5720 dignitateagl
2695 5647 2965 5720 existimo
2990 5646 3188 5720 {nam
3217 5651 3365 5708 alter
3420 5653 3601 5710 codex
3647 5646 3845 5712 Habet

2166 5715 2401 5780 tanth
2432 5716 2571 5792 μετὰ
2593 5715 2783 5778 τὶῦτον
2817 5715 2962 5796 um
2989 5719 3057 5780 τὰ
3081 5716 3332 5798 δεύτερα.
