4068 6196
214 303 334 363 393

1301 302 1402 364 ns
1446 262 2245 363 MANUELE‘COMNENO
2291 296 2438 355 LIB.
2486 294 2535 354 1.

3518 301 3640 363 394
3692 343 3698 348 ι

209 435 422 510 χώρας,
454 431 520 486 ἄν
562 429 804 487 δώσουσι
858 432 1023 504 μόνον
1073 434 1232 509 ὅρκια
1287 434 1451 488 πιστά
1480 433 1553 493 ὡς
1609 428 1870 505 θεοφιλής

1991 429 2176 495 magis
2204 444 2411 483 omnes
2437 443 2608 499 quam
2642 426 2788 483 alios
2818 444 2986 499 aquas
3033 430 3393 499 aspersione.
3433 432 3636 506 Neque

208 523 399 585 αὐτοῖς
454 525 490 591 ἡ
550 519 737 576 δίοδος
789 521 1009 592 ἀληθῶς
1045 524 1135 577 καὶ
1199 522 1275 586 ὡς
1332 520 1580 596 ἀμαχητὶ
1640 518 1869 576 τάῬω-

212 613 389 685 μαίων
419 610 546 685 ὅρια
582 606 1007 682 ὑπερϐήσονται,
1055 612 1221 668 Ταῦτ’
1251 609 1345 665 οῦν
1407 610 1480 667 ὡς
1537 609 1679 669 εἰκὸς
1710 628 1872 663 κατα-

209 700 576 770 στησάμενος,
654 699 947 772 ἁπανταχῇ
1030 696 1354 771 διεκπέμπει
1437 696 1689 773 βασίλεια
1758 694 1871 750 δια-

207 790 462 861 τάγματα
519 791 906 861 προεκκεῖσθαι
971 789 1037 843 τὰ
1099 790 1320 861 ζωαρκῆ
1374 792 1482 841 τῶν
1546 783 1686 841 ὁδῶν
1755 785 1874 839 καθ’

212 876 269 937 εἷς
302 877 354 930 οἱ
382 875 437 945 ἐξ
472 873 705 949 ἑσπέρας
742 877 960 945 στρατοὶ
1013 873 1406 931 διελεύσονται·
1442 875 1533 929 καὶ
1588 878 1669 946 τῷ
1725 871 1876 946 λόγῳ

210 966 271 1019 τὸ
302 959 469 1040 ἔργον
526 962 916 1033 ἐπηκολούθει.
955 958 1436 1037 Ὑποϐλεπόμενος
1494 961 1551 1017 δὲ
1607 963 1695 1016 καὶ
1750 962 1878 1016 ὑπο-

212 1060 345 1108 νοῶν
383 1055 466 1126 μή
502 1074 620 1114 πως
654 1052 707 1108 έν
739 1050 965 1126 δέρματι
1018 1047 1310 1128 προϐάτων
1342 1049 1584 1114 λυκιδεῖς
1617 1047 1876 1126 ἔρχονται

210 1139 387 1214 ἢόνῳ
421 1140 868 1216 ὑποκρύπτονται
924 1141 1140 1205 λέοντες
1196 1141 1288 1197 ἀπ’
1346 1142 1583 1197 ἐναντίας
1640 1145 1718 1211 τῷ
1776 1162 1875 1213 μυ-

213 1237 347 1303 θικῷ
379 1229 784 1306 διηγήματι,ἤ
833 1232 931 1300 τὴν
992 1230 1219 1300 λεοντῆν
1281 1231 1547 1306 ξυνέχωσι
1604 1233 1671 1298 τῇ
1729 1228 1875 1284 ἀλω-

213 1326 375 1394 πεκῇ,
446 1321 545 1381 τάς
626 1321 938 1394 Ῥωμαϊκὰς
1000 1320 1240 1395 ἀθροίζει
1273 1318 1582 1394 δυνάμεις,
1664 1316 1879 1373 συνδια-

214 1410 497 1465 σκέπτεται
535 1414 701 1484 κοινῇ
756 1411 881 1483 περὶ
939 1414 1044 1464 τῶν
1098 1414 1319 1481 κοινῶν,
1376 1409 1439 1464 τὸ
1495 1408 1712 1475 πλῆθος
1768 1410 1876 1463 τῶν

218 1498 705 1573 παρελευσομένων
778 1504 1018 1575 στρατῶν
1108 1496 1354 1569 διέξεισι,
1413 1504 1511 1567 τῆς
1584 1494 1760 1552 ’ίππου
1814 1496 1879 1550 τὸ

214 1588 359 1643 πολὺ
435 1587 761 1663 καταλέγει,
813 1588 877 1642 τὸ
935 1587 1220 1643 ὁπλιτικὸν
1290 1586 1414 1641 ὅσον
1449 1584 1717 1661 διασαφεῖ,
1777 1591 1879 1654 τῆς

212 1676 539 1746 πεζεταίρας
630 1674 829 1747 μοίρας
887 1674 1183 1748 παρίστησι
1260 1675 1324 1729 τὸ
1385 1671 1757 1747 μυρίανδρον,
1813 1671 1876 1725 τὸ

1982 535 2114 573 vero
2138 519 2256 572 hec
2275 519 2560 572 duntaxat
2581 517 2834 585 senatui,
2863 518 3308 586 magistratibus
3323 525 3380 575 et
3423 523 3641 580 exerci-

1984 608 2137 662 tibus
2170 613 2385 674 narrat,
2412 607 2509 661 sed
2538 605 2679 660 illud
2704 609 2879 662 etiam
2915 608 3206 679 adjungit,
3249 611 3637 679 quemadmo-

1983 697 2123 752 dum
2155 696 2360 753 Siciliaa
2403 703 2684 770 tyrannus
2718 698 2904 753 instar
2956 699 3192 754 marinas
3245 699 3444 754 bellum
3477 718 3638 757 oram

1986 788 2338 842 maritimam
2367 788 2621 854 infestet,
2644 794 2707 841 ut
2736 788 2805 842 ad
2840 788 3098 843 Romana
3129 791 3345 861 Oppida
3386 791 3643 862 appellat

1985 885 2037 930 et
2059 876 2229 930 obvia
2254 892 2499 947 quaeque
2522 881 2730 940 Vastet,
2772 876 3116 947 prohibente
3137 878 3389 937 nemine.
3425 879 3644 935 Deinde

1984 970 2178 1020 turres
2209 971 2267 1018 et
2300 964 2740 1035 propugnacula
2773 965 2934 1021 urbis
2959 983 3311 1038 omnemque
3355 968 3637 1024 montium

1987 1053 2272 1109 ambitum
2311 1054 2640 1120 instaurat;
2672 1054 2951 1109 exercitui
2987 1055 3196 1110 loricas
3254 1057 3375 1124 dat,
3410 1058 3641 1113 ferratis

1987 1140 2174 1196 hastis
2199 1140 2416 1196 milites
2440 1141 2823 1213 armat,equis
2851 1142 3146 1199 velocibus
3167 1160 3370 1200 eorum
3411 1147 3639 1201 animos

1987 1232 2216 1296 excitat,
2250 1234 2305 1285 et
2336 1232 2597 1302 pecunias
2627 1230 3043 1289 distributione
3100 1235 3428 1301 conﬁrmat,
3461 1251 3640 1307 quam

1986 1335 2056 1375 ex
2085 1320 2344 1390 antiquis
2376 1319 2617 1390 quidam
2651 1335 2842 1376 rerum
2893 1338 3099 1377 nervos
3160 1324 3485 1380 rectissime
3534 1341 3641 1397 ap-

1989 1407 2241 1480 pellavit.
2274 1410 2359 1463 Ita
2390 1408 2739 1480 legionibus,
2773 1409 2889 1465 Deo
2919 1416 2979 1465 et
3036 1417 3220 1467 matre
3277 1411 3381 1468 83
3406 1413 3638 1484 Virgine

1988 1498 2231 1553 custode
2264 1496 2425 1551 urbis
2485 1496 2821 1567 adjuvante,
2881 1498 2950 1552 ad
3009 1499 3126 1555 vim
3186 1500 3457 1556 hostilem
3509 1517 3639 1573 pro-

1989 1586 2340 1657 pulsandam
2376 1586 2705 1653 instructis,
2764 1585 2910 1642 alias
2975 1587 3046 1642 ad
3098 1588 3434 1660 praesidium
3474 1589 3639 1646 urbis

1990 1674 2200 1730 retinet
2231 1672 2481 1728 albuein
2508 1674 2799 1730 inmitibus
2821 1676 3100 1747 disponit,
3135 1677 3278 1733 alias
3316 1679 3639 1734 exercitum

210 1763 545 1840 πάγχαλκον
576 1761 869 1837 περιλαλεῖ
896 1765 981 1837 [Ρ.
1017 1765 1109 1836 42]
1149 1764 1239 1817 καὶ
1299 1763 1362 1817 τὸ
1416 1764 1630 1842 φόνιον,
1673 1762 1735 1861 τὸ
1767 1764 1877 1835 πῦρ

1991 1763 2448 1820 Alemannorum
2470 1763 2621 1818 haud
2642 1764 3132 1837 longointervallo
3146 1768 3427 1839 subsequi
3449 1768 3638 1839 jubet,

212 1859 319 1909 τῶν
400 1853 676 1925 ὀμμάτων
744 1853 982 1915 ’ἅπαντας
1041 1851 1284 1927 βλέπειν,
1341 1853 1431 1906 καὶ
1486 1856 1602 1913 τοῖς
1661 1848 1882 1924 α’ίμασιν

220 1940 630 2014 έπαγάλλεσθαι
692 1941 768 2003 ὠς
838 1938 961 1995 οὐδὲ
1017 1941 1333 2015 ῥαντισμοῖς
1391 1937 1600 1994 ὑδάτων
1682 1938 1879 2014 ἓτεροι.

223 2031 301 2088 0.3
360 2035 527 2086 ταῦτα
583 2028 643 2084 δὲ
694 2029 860 2102 μόνον
916 2033 985 2102 τῇ
1046 2029 1303 2103 γερουσίᾳ
1379 2026 1733 2102 καταγγέλλει
1791 2029 1882 2082 καὶ

212 2126 332 2182 τοῖς
392 2119 578 2175 τέλεσι
637 2118 729 2172 καὶ
789 2117 1202 2192 στρατεύμασιν,
1262 2115 1391 2172 ἀλλ’
1443 2117 1541 2171 ὃσα
1599 2117 1687 2170 καὶ
1746 2118 1774 2171 ὁ
1826 2116 1884 2172 ἐκ

215 2208 480 2270 Σικελίας
544 2208 831 2282 τύραννος,
893 2206 1074 2281 ὣσπερ
1123 2208 1228 2280 θῆρ
1287 2204 1519 2275 ἐνάλιος,
1578 2206 1714 2260 κατά
1778 2210 1886 2261 τῶν

212 2296 677 2372 παραθαλαττίων
759 2298 959 2370 χωρῶν
1045 2291 1451 2366 διαπράττεται,
1535 2295 1633 2362 τήν
1700 2292 1885 2365 ἅλμην

214 2388 431 2441 τύπτων
476 2390 602 2447 τοῖς
659 2383 932 2459 ἐρετμοῖς,
989 2382 1078 2437 καὶ
1139 2387 1257 2443 ταῖς
1339 2383 1677 2455 Ῥωμαϊκαῖς
1736 2381 1886 2457 ἐνορ-

221 2476 527 2549 μιζόμενος
566 2470 946 2546 κωμοπόλεσι,
998 2471 1085 2526 καὶ
1128 2473 1321 2546 κείρων
1378 2472 1445 2526 τά
1484 2472 1536 2526 έν
1568 2472 1694 2525 ποσὶ
1752 2472 1888 2526 κατά

215 2564 436 2633 πολλήν
490 2567 594 2617 τοῦ
654 2560 1029 2635 ἐπαμύνοντος
1090 2559 1346 2634 ἐρημίαν.
1381 2561 1477 2615 Καὶ
1538 2557 1605 2628 δὴ
1637 2560 1730 2623 τὰς
1793 2561 1887 2632 μὶν

219 2648 599 2730 πυργοϐάρεις
657 2650 994 2720 ἒπισκευάζει
1050 2657 1150 2719 τῆς
1226 2649 1443 2713 πόλεως
1524 2648 1613 2704 καὶ
1669 2650 1883 2720 τίθησιν

220 2745 438 2814 εὐερκέα
465 2743 572 2811 τὴν
606 2740 743 2811 ὅλην
774 2745 873 2795 τοῦ
930 2734 1238 2813 περιϐόλου
1300 2741 1651 2814 περίμετρον,
1703 2743 1770 2813 τῇ
1830 2736 1887 2794 δὲ

223 2838 444 2908 στρατιᾷ
531 2836 778 2907 χιτῶνας
839 2827 1184 2907 φολιδωτοὺς
1243 2834 1500 2903 χορηγεῖ,
1558 2834 1772 2891 κοντοῖς
1830 2849 1888 2884 τε

222 2923 545 2991 καθοπλίζει
579 2922 913 2996 χαλκήρεσι,
962 2918 1051 2973 καὶ
1103 2916 1300 2980 ’ίπποις
1360 2915 1647 2992 δρομικοῖς
1696 2915 1887 2992 διεγεί-

225 3033 302 3085 ρει
330 3020 389 3066 το
442 3010 730 3089 φρόνημα,
787 3008 878 3063 καὶ
944 3006 1246 3082 χρημάτων
1303 3005 1660 3081 έπιρῥωννυσι
1710 3004 1889 3062 διαδό-

220 3121 380 3171 σεσιν,
412 3099 647 3171 ἄνεῦρα
702 3101 809 3151 τῶν
864 3098 1199 3171 πραγμάτων
1259 3095 1492 3170 ἂρίστως
1546 3101 1652 3150 τῶν
1713 3094 1885 3149 πάλαι

218 3209 295 3249 τις
326 3186 714 3259 κατωνόμασε.
748 3184 851 3241 Καὶ
885 3183 1029 3239 οὕτω
1082 3185 1176 3238 σὺν
1241 3188 1359 3257 Θεῷ
1417 3181 1762 3259 συλλήπτορι
1794 3184 1885 3238 καὶ

1989 1860 2046 1910 et
2076 1872 2173 1911 eos
2205 1871 2468 1910 coercere
2498 1858 2594 1925 qui
2627 1861 2791 1912 extra
2817 1858 3001 1912 aciem
3057 1858 3130 1913 ad
3173 1861 3427 1930 praedam
3461 1865 3516 1915 et
3548 1876 3640 1915 ra-

1990 1945 2158 2017 pinas
2179 1951 2531 2015 evagentur;
2553 1946 2725 2015 idque
2744 1945 2931 2001 facere
2958 1954 3300 2019 pacate,non
3326 1950 3638 2007 hostiliter.

1986 2037 2065 2089 Ac
2100 2034 2158 2088 in
2211 2033 2508 2087 remotiori
2561 2033 2766 2089 itinere
2823 2034 2969 2090 nihil
3056 2037 3435 2092 memorabile
3491 2039 3641 2095 inter

1990 2129 2305 2193 utrumque
2334 2122 2641 2177 exercitum
2673 2123 2903 2180 accidit.
2963 2121 3036 2179 Ut
3092 2129 3290 2180 autem
3332 2124 3637 2182 Alemanni

1989 2212 2056 2267 ad
2091 2210 2541 2282 PhilippOpolim
2575 2216 2771 2267 castra
2801 2214 2998 2267 metati
3051 2219 3211 2283 sunt,
3244 2231 3317 2270 ne
3372 2216 3452 2271 ibi
3501 2216 3636 2287 qui-

1990 2300 2113 2355 dem
2134 2299 2443 2355 dissidium
2503 2300 2726 2356 incidit.
2777 2300 2924 2357 Nam
2986 2302 3111 2374 ejus
3151 2302 3460 2374 provincia:
3493 2320 3638 2377 pon-

1990 2389 2147 2455 tifex,
2180 2388 2416 2444 Italicus
2449 2388 2718 2451 Michael.
2748 2390 2836 2445 vir
2882 2390 3166 2463 eloquens
3222 2395 3280 2447 et
3333 2394 3493 2448 omni
3533 2394 3636 2449 do-

1993 2479 2191 2533 ctrina:
2217 2493 2425 2548 genere
2450 2478 2793 2549 perpolitus,
2813 2479 2870 2533 in
2897 2481 3313 2549 congressibus
3335 2481 3415 2537 ita
3441 2481 3638 2538 suavis

1994 2570 2059 2620 ut
2089 2567 2159 2620 ab
2191 2568 2320 2635 ejus
2358 2582 2458 2621 ore
2514 2583 2718 2622 omnes
2775 2567 3115 2637 penderent,
3172 2569 3387 2625 elatum
3447 2586 3640 2641 regem

1994 2655 2298 2710 verborum
2335 2654 2626 2710 illecebris
2656 2661 2714 2711 et
2738 2655 2951 2728 linguas
2983 2655 3312 2723 dulcedine,
3346 2658 3504 2714 aliud
3555 2659 3646 2715 di-

1995 2743 2202 2807 cendo,
2258 2741 2416 2797 aliud
2473 2743 2800 2811 sentiendo,
2888 2761 2954 2801 ac
3043 2747 3233 2801 Protei
3306 2748 3492 2803 instar
3543 2764 3647 2819 pro

1994 2835 2391 2887 Romanorum
2422 2831 2665 2888 utilitate
2697 2848 2758 2887 se
2789 2834 3287 2900 transformando,
3342 2837 3425 2892 ita
3454 2836 3652 2893 devin-

1997 2920 2082 2975 xit
2112 2925 2179 2975 ut
2219 2936 2351 2976 eum
2411 2920 2564 2975 dicto
2623 2920 2946 2976 audientem
3003 2921 3264 2988 haberet,
3318 2925 3390 2979 ad
3447 2924 3650 2997 epulas

1997 3007 2271 3063 invitaret
2300 3013 2356 3065 et
2386 3008 2745 3080 propinaret.
2779 3009 2885 3075 Qui
2910 3010 3148 3082 quidem
3172 3011 3230 3066 in
3255 3012 3382 3082 ejus
3401 3013 3647 3085 gratiam

1998 3096 2403 3153 crudelissime
2435 3098 2723 3152 tractabat
2744 3115 2842 3153 eos
2865 3099 2963 3170 qui
2987 3100 3233 3170 pecunia
3267 3118 3378 3157 non
3433 3118 3645 3159 nume-

2000 3190 2123 3241 rata
2153 3190 2543 3241 commeatum
2581 3186 2926 3242 alicundein
2960 3193 3153 3244 castra
3183 3189 3570 3248 advehebant.

221 3292 285 3360 τῇ
324 3284 632 3360 πολιοῦχῳ
709 3285 1160 3358 Μητροπαρθένφ
1236 3282 1311 3345 ὠς
1388 3281 1508 3351 ἐνῆν
1588 3280 1992 3357 δυσμαχώτατα
2031 3283 2250 3354 θέμενος
2321 3282 2388 3337 τὰ
2464 3282 2857 3356 στρατεύματα,
2909 3285 2977 3339 τά
3019 3286 3112 3359 μὲν
3155 3286 3230 3348 εἷς
3268 3280 3447 3362 ἔρυμα
3487 3286 3645 3345 συνέ-

222 3395 309 3449 χει
339 3382 443 3443 τῆς
484 3372 883 3434 καλλιπόλεως
938 3372 1183 3435 καὶτοῖς
1246 3370 1482 3445 τείχεσιν
1552 3368 1760 3448 ἐριστᾷ,
1826 3375 1942 3432 τοῖς
2013 3367 2060 3425 δ’
2117 3368 2439 3440 ἐπισκήπτει
2504 3369 2574 3444 τῇ
2640 3375 2865 3447 στρατιᾷ
2916 3373 3250 3447 παρέπεσθαι
3304 3380 3415 3430 τῶν
3466 3375 3645 3433 ’Δλα-

234 3439 435 3532 μανῶν,
502 3461 580 3533 μὴ
642 3458 1031 3533 ἀφισταμένοις
1086 3456 1173 3511 ἐπὶ
1230 3439 1398 3522 πολῦ,
1430 3455 1535 3510 κάκ
1586 3439 1745 3510 τοῦδε
1812 3452 2011 3533 ενργειν
2063 3455 2191 3517 τοὺς
2245 3439 2308 3510 ἐκ
2375 3460 2483 3511 τῶν
2547 3439 2890 3528 ”Αλαμανῶν
2938 3439 3004 3519 ἐς.
3066 3457 3315 3534 ἁρπαγὰς
3364 3462 3644 3536 παρεξιόνο

236 3570 333 3609 τας
369 3549 459 3602 καὶ
500 3546 807 3621 προνομάς,
842 3546 1130 3620 εἰρηνικῶς
1167 3545 1352 3618 μέντοι
1412 3544 1503 3599 καὶ
1559 3546 1634 3617 μή
1703 3543 2045 3617 πολεμικῶς.
2125 3544 2268 3599 Κατὰ
2346 3544 2441 3617 μὲν
2518 3542 2608 3598 οῦν
2685 3547 2782 3615 τὴν
2859 3545 3126 3622 ἀπωτέρω
3201 3549 3419 3622 πορείαν
3494 3547 3650 3604 οὐδέν

229 3658 283 3691 τι
329 3638 629 3709 ξυνηνέχθη
672 3634 1050 3713 ἀξιαφήγητον
1087 3633 1298 3706 ἀμφοῖν
1345 3639 1461 3693 τοῖς
1495 3634 1907 3707 στρατεύμασινν
1964 3634 2038 3695 ὡς
2116 3630 2161 3688 δ’
2236 3632 2311 3694 εἷς
2387 3632 2841 3689 Φιλιππούπολιν
2918 3636 2970 3688 οἱ
3043 3634 3346 3708 ’Λλαμανοὶ
3420 3635 3647 3711 παρενέ-

241 3722 437 3795 ϐαλον,
484 3723 610 3778 οὐδὲ
639 3724 779 3778 κατὰ
809 3724 901 3779 τὸν
933 3722 1106 3778 ἐκεῖσε
1130 3723 1367 3796 σταθμὸν
1403 3723 1453 3783 ἐς
1487 3719 1744 3799 διαφορὰν
1773 3719 1996 3778 ἀπεῖδον
2047 3723 2115 3777 τὰ
2170 3722 2443 3796 τάγματα.
2474 3723 2534 3778 Ὁ
2598 3723 2697 3797 γάρ
2755 3730 2857 3791 τῆς
2886 3723 3074 3797 χώρας
3105 3723 3391 3799 ἀρχιερεὺς
3451 3725 3541 3795 (ἦν
3602 3723 3648 3779 δ’

232 3813 392 3877 οὗτος
421 3816 449 3869 ὁ
493 3812 767 3875 Ἰταλικὸς
795 3810 1054 3892 Μιχαὴλ,
1090 3813 1118 3867 ὁ
1147 3811 1237 3866 καὶ
1276 3811 1429 3885 λόγῳ
1482 3811 1657 3874 πολὺς
1690 3812 1780 3865 καὶ
1836 3811 2027 3888 σοφίας
2082 3811 2273 3873 ὁποίας
2336 3808 2480 3864 εἷ’ποι
2522 3831 2604 3872 τις
2648 3808 2899 3884 μέλημα,
2954 3812 3050 3867 κάν
3107 3818 3228 3874 ταῖς
3282 3811 3531 3886 ὁμιλίαις
3583 3813 3648 3869 τὸ

227 3907 357 3973 ἦθος
400 3903 839 3980 ἐπαγωγότατος
872 3903 962 3957 καὶ
1010 3900 1164 3963 λίθος
1207 3899 1458 3973 ἄντικρυς
1499 3901 1821 3978 Μάγνησσα)
1862 3899 2032 3963 οὓτως
2094 3900 2400 3975 ὑπηγάγετο
2468 3900 2559 3953 τὸν
2605 3906 2745 3974 ρῆγα
2782 3904 2899 3961 ταῖς
2963 3904 3070 3955 τῶν
3113 3899 3292 3975 λόγων
3347 3899 3651 3972 έκθηλύνας

230 3994 398 4069 ἴυγξι,
432 3995 641 4064 καὶτῷ
687 3992 869 4066 μέλιτι
908 3998 1008 4061 τῆς
1048 3990 1307 4067 γλώττης
1341 3994 1782 4066 κατεγονξτευοεν,
1825 3990 2191 4062 ἀντιστρόφως
2236 3991 2328 4061 μὲν
2358 3989 2443 4049 οἷς
2488 3989 2792 4067 ἐφθέγγετο,
2830 3996 2945 4052 τοῖς
2980 3987 3037 4044 δὲ
3093 3991 3387 4064 Ῥωμαίοις
3432 3991 3650 4066 ἐπωφε-

228 4085 344 4146 λῶς
372 4087 475 4153 την
519 4085 750 4160 γνώμην
795 4077 1144 4156 μεταμείϐων
1175 4083 1265 4137 καὶ
1306 4083 1440 4137 κατά
1483 4082 1574 4136 τὸν
1614 4084 1816 4155 Φάριον
1861 4086 2083 4155 Πρωτεα
2150 4077 2491 4153 δραστηρίως
2536 4075 3041 4153 μεταϐαλλόμενος,
3082 4081 3154 4143 ὡς
3214 4080 3272 4136 ἐκ
3327 4086 3435 4137 τῶν
3493 4081 3648 4138 ὢτων

232 4175 535 4246 ἀναρτῆσαι
578 4174 716 4228 κατὰ
738 4172 867 4235 τοὺς
900 4173 1187 4252 ἀμφορέων
1233 4169 1508 4233 διακένους
1545 4171 1636 4226 τὸν
1668 4168 2023 4247 ὑψηλόιξρονα
2051 4167 2210 4244 ῥῆγα,
2252 4169 2339 4222 καὶ
2408 4167 2654 4222 σύσσιτον
2695 4164 3142 4243 παραλαμϐάνειν
3173 4170 3261 4225 καὶ
3305 4169 3647 4243 μεταδιδόναι

236 4266 579 4338 προπόσεων⁸
615 4262 675 4323 ὅς
716 4262 805 4318 καὶ
852 4262 1045 4336 μετῄει
1085 4260 1405 4335 ὠμοτάτως,
1440 4260 1586 4333 αὐτῷ
1654 4260 2045 4336 χαριζόμενος,
2103 4255 2231 4320 τοὺς
2271 4255 2394 4313 ἄνευ
2431 4257 2765 4322 καταθέσεως
2822 4258 3085 4335 ἀργυρίου
3122 4261 3191 4316 τὰ
3246 4265 3367 4315 σῖτα
3424 4262 3643 4326 ὁθενοῦν

236 4354 679 4428 παρεισάγοντας.

302 4443 492 4499 Ε’.Ἒν
553 4439 611 4496 δὲ
662 4439 743 4525 τῷ
800 4441 1151 4513 μεθίστασθαι
1209 4438 1406 4495 ἐκεῖθεν
1461 4439 1552 4493 καὶ
1608 4431 1882 4525 προϐῆναι

2068 4435 2140 4494 ν.
2180 4437 2324 4493 Cum
2383 4439 2583 4493 autem
2642 4453 2740 4493 rex
2796 4435 2930 4493 inde
2988 4440 3452 4511 progrederetur,
3499 4441 3655 4498 inter

241 4530 318 4584 τὸν
359 4531 500 4608 ῥῆγα
531 4536 652 4591 τοῖς
695 4524 1024 4603 ἔμπροσθεν,
1081 4528 1142 4582 ἐκ
1193 4533 1313 4583 τῶν
1360 4528 1476 4583 κατ’
1519 4525 1681 4601 οὐρὰν
1717 4524 1888 4581 Ἀλα-

250 4624 414 4690 μανῶν
469 4620 562 4675 καὶ
616 4618 907 4691 Ῥωμαίων
970 4615 1094 4687 δίκη
1159 4617 1252 4690 μὲν
1307 4616 1372 4670 τὰ
1439 4620 1629 4691 πρῶτα
1680 4611 1892 4689 παῤῥη·

251 4708 469 4776 σιάζεται
522 4709 597 4769 ὡς
655 4703 819 4773 δῆθεν
878 4712 1058 4767 κακῶς
1115 4706 1437 4781 πασχόντων
1506 4708 1688 4759 τινῶν·
1772 4704 1892 4759 εἶτα

255 4792 419 4867 ἐξωθεῖ
445 4797 651 4867 ταύτην
684 4799 718 4865 ἠ
753 4795 1128 4872 φιλοτάραχος
1160 4799 1268 4850 τῶν
1325 4792 1553 4849 πολλῶν
1624 4791 1890 4862 ἔνστασις,

254 4883 328 4935 καὶ
374 4884 703 4959 τραχύνεται
759 4888 879 4944 ταῖς
930 4883 1108 4955 βοαῖς.
1167 4880 1401 4943 Ταύταις
1455 4879 1750 4959 ἐφομαρτεῖ
1778 4880 1888 4951 (58)

254 4970 305 5024 τὸ
357 4970 814 5046 παρρησιαστικὸν
864 4970 955 5025 καὶ
1011 4967 1355 5048 φιλόνεικον.
1422 4966 1671 5036 Ὁπλίζει
1724 4972 1886 5022 τοῦτο

258 5060 336 5123 τὰς
390 5070 575 5137 χεῖρας
638 5063 715 5125 είς
773 5059 1043 5133 πόλεμον.
1105 5060 1167 5116 Ἠ
1241 5059 1411 5115 Ἐνυὼ
1471 5059 1743 5136 έφέπεται,
1796 5058 1887 5112 καὶ

260 5157 341 5217 τῆς
372 5150 682 5212 Φυλόπιδος
714 5146 1131 5223 ξυλλαϐομένης
1162 5152 1197 5220 ἡ
1237 5150 1390 5224 μάχη
1420 5148 1688 5225 λαμπρῶς
1726 5147 1885 5223 έκορ-

265 5238 416 5298 θόετο.
477 5239 761 5310 Φιλαυξὴς
822 5237 879 5295 δὲ
936 5240 1067 5294 οὖσα
1120 5240 1257 5311 αὕτη
1324 5240 1412 5294 καὶ
1473 5238 1553 5294 ἀεὶ
1611 5243 1719 5293 τῶν
1775 5235 1884 5292 ἄνω

1997 4535 2321 4583 extremum
2383 4545 2595 4600 agmen
2674 4528 3132 4587 Alemaunorum
3219 4540 3271 4587 et
3357 4531 3654 4590 Romano-

1998 4633 2125 4672 rum
2158 4616 2262 4672 84
2319 4616 2662 4688 disceptatio
2722 4629 2847 4673 orla
2901 4608 3014 4687 est,
3051 4620 3202 4690 quod
3261 4621 3442 4693 aliqui
3506 4621 3657 4679 male

2000 4711 2404 4763 tractarentur.
2439 4705 2570 4762 Mox
2611 4706 2769 4778 vulgi
2833 4707 3274 4779 importunitate
3321 4711 3542 4769 clamor
3596 4715 3655 4768 et

1999 4795 2124 4850 rixa
2146 4794 2437 4866 sequitur,
2470 4795 2652 4850 donec
2698 4798 2767 4851 ad
2813 4812 3021 4854 manus
3043 4805 3099 4854 et
3136 4800 3207 4854 ad
3226 4817 3391 4855 arma
3413 4811 3647 4856 ventum

1998 4888 2107 4939 est.
2140 4880 2304 4938 Unde
2331 4882 2486 4938 haud
2511 4884 2689 4939 dubie
2734 4889 2899 4941 atrox
2939 4902 3133 4958 pugna
3164 4887 3503 4955 exstitisset,
3537 4887 3654 4944 nisi

2000 4971 2153 5026 idem
2190 4972 2447 5043 pontifex
2478 4973 2814 5044 regemjam
2839 4979 3130 5029 mutatum
3173 4981 3230 5029 et
3277 4974 3491 5029 bellum
3529 4975 3650 5046 Spi-

1999 5067 2217 5117 rantem
2253 5061 2682 5116 acinstari'sras
2734 5062 3074 5117 truculenta:
3119 5062 3475 5117 concitatum
3528 5078 3652 5117 ma-

1995 5155 2123 5206 ture
2157 5149 2449 5220 placasset
2479 5167 2545 5204 ac
2580 5159 2785 5220 praeter
2823 5151 3314 5222 exspectationem
3349 5150 3652 5206 cohibuis-

2001 5242 2261 5295 set.Cum
2292 5242 2486 5294 autem
2510 5239 2800 5295 exercitus
2845 5239 2917 5295 ad
2954 5237 3392 5309 Adrianopolim
3444 5255 3656 5296 conve-

1638 5422 1803 5484 Hier.
1839 5420 2053 5483 Wolﬁi
2083 5427 2275 5481 notm.

332 5577 426 5651 (58)
454 5577 689 5639 Ταύταις
720 5576 1039 5655 ἔφομαρτεῖ.
1074 5574 1175 5631 Hie
1206 5575 1378 5632 verba
1409 5571 1755 5647 scrupulose
1784 5588 1882 5646 per

1991 5570 2059 5645 ui
2089 5584 2207 5630 non
2238 5582 2478 5626 necesse
2506 5565 2708 5629 habui.

554 5702 819 5764 Panos.
866 5697 978 5764 Gn.
1023 5691 1338 5762 CXXXIX.

3251 5697 3331 5760 13
