4068 6196
406 297 524 360 395

1723 280 2044 344 ΝΙΟΕΤίΕ
2085 278 2520 342 ΟΗΟΝΙΑΤΑΞ

3687 283 3807 344 396

406 434 656 497 inissent,
689 445 788 484 rex
816 442 916 498 per
945 423 1146 478 urbem
1208 417 1448 474 ulterius
1497 415 1763 489 perrexit.
1797 415 2027 480 Quidan

2160 409 2416 489 ἐφιεμένη
2479 415 2678 488 μικροῦ
2730 409 2838 468 δεῖν
2899 411 3170 488 ἐστήριξεν
3207 409 3270 469 ἄν
3301 412 3363 468 τὸ
3401 413 3541 487 κάρη
3600 412 3654 474 ἐς
3711 413 3814 468 οῦς

407 536 540 574 vero
571 534 640 574 ex
669 519 795 585 ejus
843 511 1108 581 cognatis
1166 516 1417 578 aegrotus
1476 505 1532 560 in
1595 508 1738 558 urbe
1787 503 2046 570 niansit;

406 625 578 681 quem
615 603 854 660 Romani
886 599 1151 669 quidam,
1183 596 1452 652 homines
1483 594 1758 668 improbi,
1791 610 1888 664 qu!
1934 610 2049 648 ma-

405 714 518 753 nus
551 711 660 748 non
695 691 769 746 ad
800 705 984 751 arma,
1017 689 1115 741 sed
1142 687 1215 740 ad
1231 685 1462 756 rapinas
1483 686 1716 738 edoctae
1737 684 2046 747 habebant,

407 803 523 841 una
553 799 684 836 cum
717 778 1031 834 diversorio
1063 784 1122 832 et
1148 776 1222 831 iis
1252 793 1378 848 quis
1407 777 1565 830 intus
1583 778 1746 828 erant
1762 780 2044 828 cremant.

405 874 526 938 Quo
547 872 852 928 Couradus
883 869 1115 939 cognito
1135 865 1215 934 (id
1239 865 1393 920 enim
1421 863 1538 935 regi
1569 879 1777 918 nomen
1798 859 1942 932 erat)
1967 861 2048 914 ul-

403 964 620 1018 tionem
657 959 942 1013 Friderico
966 955 1161 1027 nepoti
1181 956 1441 1009 mandat.
1474 953 1603 1018 Qui,
1631 957 1698 1007 ut
1728 951 1823 1008 85
1870 951 2042 1004 homo

403 1059 461 1106 et
486 1055 691 1106 natura
725 1050 881 1103 ferox
907 1051 966 1102 et
987 1053 1115 1100 tum
1175 1044 1262 1098 ira
1309 1049 1588 1104 aestuans,
1622 1037 2041 1095 monasterium

401 1141 460 1196 in
489 1155 604 1210 quo
637 1139 948 1192 diverterat
986 1140 1234 1204 a-grotus
1280 1130 1554 1199 incendit,
1588 1127 2044 1199 comprehensos

402 1231 609 1302 capitis
639 1227 1018 1291 damnavit,et
1039 1225 1325 1296 perditam
1365 1221 1674 1294 pecuniam
1721 1217 2040 1290 inquisivit.

403 1319 536 1384 Quae
567 1334 660 1373 res
682 1331 892 1388 pugnae
921 1330 1098 1369 causa
1137 1313 1246 1366 fuit
1275 1329 1289 1367 :
1326 1311 1426 1365 sed
1461 1325 1595 1364 cum
1629 1308 1877 1362 aliorum
1913 1312 2040 1361 tum

403 1405 686 1463 Prusuchi
719 1405 912 1460 studio
945 1419 1055 1472 pax
1087 1404 1238 1455 facta
1265 1404 1372 1453 est.
1399 1397 1450 1452 Is
1480 1399 1633 1453 enim
1693 1397 1882 1451 tribus
1931 1394 2040 1450 ﬂu-

400 1499 532 1558 viis,
565 1495 664 1566 qui
715 1509 818 1564 per
883 1497 1114 1562 pontem
1169 1489 1460 1558 lapideum
1523 1491 1847 1551 transeunt,
1896 1501 2042 1554 equo

400 1583 707 1656 superatis.
745 1581 1097 1637 Fridericum
1131 1580 1342 1632 iratum
1399 1582 1682 1642 convenit,
1729 1573 1973 1645 mitigat.
2009 1591 2042 1626 a

399 1673 696 1746 proposito
727 1671 963 1725 abducit
994 1669 1218 1724 Rursus
1241 1667 1417 1738 igitur
1476 1670 1671 1734 pacate
1728 1662 2041 1734 tranquille

2157 498 2736 578 ρανὸν,χαμαιϐάμων
2777 502 2909 558 οὖσα
2964 502 3032 558 τὰ
3084 507 3276 572 πρῶτα
3307 503 3394 558 καὶ
3448 502 3699 578 χθόνιος,
3763 502 3815 558 εἴ

2157 593 2233 664 μὴ
2295 592 2323 645 6
2373 589 2558 664 ῥηθεὶς
2590 593 2900 672 προφθάσας
2955 590 3244 668 ἄρχιερεὺς
3299 591 3390 648 τὸν
3451 591 3598 668 ρἧα
3655 592 3813 667 γινό-

2158 701 2315 753 μενον
2345 679 2452 750 ἤδη
2487 680 2890 760 παλίνστροιρον
2955 684 3043 738 καὶ
3101 681 3344 755 πόλεμον
3400 681 3630 736 πνέοντα
3687 687 3813 745 τοῖς

2153 768 2377 824 οἰκείοις
2408 769 2756 848 θελκτηρίοις
2804 769 3073 844 ἐμάλθαξε
3127 771 3216 826 καὶ
3273 774 3497 846 ἠρεμεῖν
3556 771 3814 827 ἀνέπεισε

2151 858 2295 930 παρὰ
2336 855 2510 932 δόξαν,
2544 860 2641 915 ὅσα
2687 860 2775 914 καὶ
2825 862 2966 935 θῆρα
3015 859 3323 936 βασιλικὸν,
3383 861 3429 933 ᾦ
3487 860 3596 936 ούχ
3623 859 3812 917 ’ἑωλον

2148 945 2210 1000 τὸ
2241 947 2490 1021 ἑστίαμα,
2545 953 2616 1024 τῇ
2682 949 2884 1021 ἁλκαίᾳ
2941 951 3376 1022 ὑπονυσσόμενον
3432 951 3516 1024 [Ρ.
3568 952 3663 1023 43]
3714 952 3814 1006 καὶ

2149 1034 2286 1096 πρὸς
2318 1033 2537 1108 ἅλματα
2569 1033 3024 1110 διερεθιζόμενον.
3083 1038 3233 1093 Ἐπεὶ
3291 1035 3350 1091 δὲ
3399 1038 3492 1091 καὶ
3546 1039 3685 1094 κατὰ
3743 1039 3814 1094 τὸ

2147 1124 2361 1198 εὐερκὲς
2415 1125 2701 1200 Ἀδριανοῦ
2755 1126 3009 1200 πόλισμα
3079 1127 3147 1182 τὰ
3225 1126 3599 1200 στρατεύματα
3659 1127 3816 1197 ξυνεο

2149 1211 2403 1287 λέγησαν,
2440 1217 2467 1270 6
2501 1216 2594 1289 μὲν
2628 1216 2727 1290 ῥὴξ
2785 1214 2874 1271 διὰ
2911 1223 3012 1286 τῆς
3044 1217 3262 1278 πόλεως
3301 1215 3500 1280 ἐλάσας
3536 1223 3639 1285 τῆς
3668 1237 3813 1292 προ-

2147 1306 2405 1379 κειμένης
2439 1303 2644 1379 εἶ’χετο,
2701 1304 2959 1376 νοσηλείᾳ
3017 1303 3074 1360 δέ
3128 1327 3214 1370 τις
3267 1307 3522 1380 σώματος
3581 1311 3691 1361 τῶν
3755 1297 3814 1366 ἐξ

2147 1394 2377 1468 αἳματος
2455 1393 2644 1466 ἐκείνῳ
2745 1397 3050 1470 περιπεσὼν
3125 1395 3262 1450 κατᾶ
3333 1397 3434 1464 τήν
3511 1393 3812 1468 Ἀδριανοῦ

2147 1481 2478 1552 ἐνηυλίζετο.
2539 1485 2830 1558 Ῥωμαίων
2905 1482 2962 1539 δέ
3019 1503 3162 1546 τινες
3219 1483 3487 1558 ἀνάρσιοι,
3547 1485 3638 1540 καὶ
3705 1485 3812 1548 τὰς

2148 1577 2338 1646 χεῖρας
2390 1571 2489 1627 οὐκ
2545 1573 2622 1634 εἷς
2681 1571 2980 1646 ὁπλισμὸν,
3041 1571 3436 1646 λημματισμὸν
3486 1572 3542 1628 δὲ
3576 1573 3806 1645 μᾶλῖον

2148 1656 2549 1738 δεδιδαγμένοι,
2606 1661 2794 1724 νυκτὸς
2853 1659 3162 1734 ἐπιθέμενοι
3221 1665 3291 1734 τῇ
3331 1667 3636 1738 καταγωγῇ
3698 1668 3812 1739 πῦρ

397 1763 776 1834 expediteque
801 1764 1138 1830 procedunt.
1173 1764 1297 1813 Post
1327 1758 1449 1810 dies
1471 1755 1694 1826 aliquot
1718 1756 1776 1808 in
1808 1756 2027 1808 Charo-

2145 1769 2201 1804 τε
2245 1749 2545 1828 ὑφάπτουσι
2602 1751 2690 1804 καί
2747 1751 2838 1806 τὸν
2890 1748 3058 1826 ἃνδρα
3114 1756 3231 1813 τοῖς
3289 1751 3468 1806 ἐνοῦσι
3529 1773 3814 1830 συγκατα-

395 1854 713 1906 διιοὴοτυῐῐι
767 1852 1060 1920 planitiem
1122 1847 1485 1918 perveniunt,
1544 1852 1736 1899 castra
1793 1844 2033 1898 locant:

392 1943 493 1995 sed
527 1939 962 2004 vallum,utnec
991 1938 1045 1990 in
1073 1937 1292 2007 reliquo
1343 1942 1464 1989 toto
1511 1935 1737 1996 itinere,
1775 1950 1884 1987 non
1935 1933 2033 1986 ob-

392 2027 904 2094 ducunt,Romana
926 2026 1040 2080 ﬁde
1062 2031 1118 2078 et
1146 2023 1408 2094 pactione
1433 2024 1581 2078 freti.
1617 2025 1865 2092 Campos
1907 2019 2038 2074 illos

393 2117 604 2171 ﬂuvius
625 2115 802 2171 Melas
826 2114 1078 2186 perﬂuit,
1099 2112 1452 2182 nequelatus
1467 2127 1654 2182 neque
1670 2110 2034 2182 profundus:

393 2206 490 2276 qui
523 2209 720 2260 testate
750 2219 1021 2259 arescens
1061 2203 1119 2256 in
1177 2203 1512 2273 voraginem
1573 2200 1843 2254 limosum
1899 2199 2033 2253 coit.

397 2297 548 2353 Aser
575 2294 730 2348 enim
762 2309 938 2365 quem
1006 2291 1234 2356 transit,
1294 2307 1407 2345 non
1467 2305 1746 2346 arenosus
1803 2293 1892 2343 est
1935 2285 2038 2343 sed

399 2382 707 2446 fecundus,
741 2389 792 2435 et
821 2380 881 2434 in
915 2380 1064 2434 altos
1121 2378 1314 2433 sulcos
1369 2383 1562 2433 aratro
1619 2375 2034 2446 proscinditur,

398 2469 500 2524 86
533 2469 723 2523 hieme
751 2485 882 2523 vero
913 2473 1014 2520 aut
1044 2467 1262 2537 rapidis
1295 2467 1584 2520 imbribus
1639 2483 1706 2520 ex
1767 2482 1940 2536 parvo
1975 2466 2038 2519 ﬁt

396 2559 690 2614 maximus
720 2561 777 2612 et
807 2556 1150 2624 vorticosus,
1185 2562 1248 2609 ut
1279 2572 1438 2610 mare
1471 2555 1660 2623 potius
1688 2571 1864 2625 quam
1923 2555 2035 2608 ﬂu-

394 2646 802 2703 menvideatur
833 2663 846 2712 ;
873 2662 976 2700 nec
1001 2649 1124 2713 jam
1145 2646 1310 2712 vado,
1335 2645 1433 2699 sed
1463 2643 1708 2699 navibus
1727 2644 2034 2711 trajicitur,

391 2747 444 2792 et
465 2741 760 2804 ventorum
795 2733 1064 2806 procellis
1087 2736 1412 2805 exagitatus
1437 2737 1622 2788 vicma
1644 2749 1778 2787 rura
1826 2736 2033 2798 vastat,

388 2825 640 2881 viatores
672 2835 946 2889 moratur,
980 2825 1231 2894 denique
1259 2840 1460 2878 nimim
1481 2823 1795 2893 quamdam
1823 2839 2031 2892 reprae-

387 2919 603 2968 sentat.
636 2914 688 2968 ls
718 2914 900 2984 igitur
959 2918 1184 2966 torrens
1242 2919 1363 2966 tuin
1396 2910 1684 2964 imbribus
1717 2917 1924 2964 auctus
1977 2912 2036 2963 et

389 3013 559 3058 noctu
627 3019 695 3056 ex
752 3002 1067 3073 improviso
1120 3002 1234 3056 late
1328 3000 1479 3054 ultra
1558 3001 1714 3070 ripas
1789 3000 2032 3064 eﬂusus,

389 3108 500 3145 non
527 3107 694 3146 secus
725 3107 790 3144 ac
822 3089 871 3146 si
901 3090 1024 3145 οωιὶ
1085 3094 1382 3144 cataractae
1430 3093 1640 3157 apertae
1697 3094 1912 3156 essent,
1963 3103 2030 3142 ex

389 3179 592 3236 castris
649 3180 1103 3234 Alamannorum
1183 3195 1294 3232 non
1355 3177 1528 3232 modo
1588 3193 1770 3242 arma,
1831 3177 2026 3244 phale-

387 3286 481 3324 ras
511 3285 819 3340 equorum,
869 3279 1054 3322 vestes
1111 3273 1167 3321 et
1218 3267 1267 3321 si
1327 3283 1444 3337 qua
1496 3267 1610 3322 alia
1673 3283 1706 3319 a
1745 3264 2030 3337 jumentis

385 3359 769 3426 vehebantur,
803 3357 902 3412 sed
936 3357 1105 3411 etiam
1167 3372 1368 3426 equos,
1401 3355 1590 3410 mulos
1646 3363 1699 3409 et
1752 3355 1907 3409 viros
1937 3371 2030 3410 ar-

387 3451 574 3502 matos
605 3447 862 3515 abripuit
895 3462 908 3500 :
944 3446 1345 3516 spectaculum
1400 3459 1541 3498 sane
1599 3443 1932 3498 miserabile
1974 3453 2026 3498 et

383 3536 802 3608 lacrymosum.
835 3533 1065 3589 Cadunt
1095 3533 1219 3588 sine
1252 3532 1424 3598 bello,
1458 3534 1754 3587 caeduntur
1793 3531 2027 3588 nemine

381 3625 656 3680 casdente.
718 3622 841 3678 Non
917 3628 1153 3678 staturae
1225 3623 1560 3691 proceritas,
1623 3637 1738 3675 non
1809 3621 2027 3678 invicta

378 3713 531 3772 bello
563 3717 796 3769 dextera
828 3714 1146 3784 quidquam
1181 3713 1307 3782 epis
1337 3712 1493 3767 tulit.
1544 3712 1792 3768 Pereunt
1841 3715 2026 3768 instar

377 3803 539 3874 fami,
600 3802 788 3858 instar
848 3803 1141 3875 palearum
1201 3805 1589 3873 dissipantur,
1649 3817 1781 3856 cum
1844 3803 2022 3856 atroci

379 3893 473 3949 87
504 3898 558 3947 et
592 3892 834 3948 immani
877 3891 1102 3947 ululatu
1135 3911 1148 3958 ;
1177 3900 1240 3946 ut
1263 3889 1364 3961 qui
1391 3908 1518 3945 eam
1554 3907 1670 3946 rem
1729 3890 2020 3956 viderunt,

376 3981 640 4036 numinis
674 3983 814 4036 iram
849 3987 1038 4035 castra
1064 3980 1517 4036 Alemannorum
1573 3979 1857 4034 invasisse
1904 3994 2022 4033 cre-

377 4073 606 4138 derent,
638 4071 718 4126 ita
767 4071 963 4124 subita
1023 4069 1402 4125 inundatione
1461 4083 1740 4141 oppressa
1801 4073 1864 4122 ut
1915 4084 2019 4122 nec

375 4160 553 4216 vitam
586 4176 753 4214 suam
788 4159 938 4214 tueri
970 4162 1228 4230 possent.
1265 4158 1402 4229 Ejus
1433 4157 1609 4226 igitur
1637 4155 1824 4212 noctis
1855 4173 2016 4211 som-

376 4265 488 4304 nus
519 4250 652 4304 aliis
683 4249 1006 4316 interitum,
1039 4247 1170 4302 aliis
1192 4247 1489 4317 jacturam
1523 4262 1716 4300 rerum
1749 4245 2013 4300 omnium

375 4336 593 4392 attulit.
626 4340 696 4392 At
743 4353 844 4392 rex
895 4353 961 4392 eo
1019 4351 1158 4391 casu
1211 4341 1645 4402 consternatus,
1687 4334 2016 4405 lerociaque

372 4425 641 4480 nonnihil
675 4427 940 4494 remissa,
990 4427 1288 4480 admirans
1347 4424 1616 4479 Romanis
1675 4423 1846 4478 etiam
1897 4421 2012 4478 cle-

2061 3133 2110 3199 C

2145 1839 2430 1918 φλέγουσι.
2487 1844 2666 1899 Τοῦτο
2727 1841 2914 1913 μαθὼν
2970 1843 2998 1896 6
3058 1839 3342 1917 Κορῥάδος
3398 1841 3564 1914 (οὕτω
3622 1845 3729 1920 γάρ
3780 1846 3810 1899 ὁ

2145 1929 2244 2005 ρἡ
2275 1929 2612 2002 ὠνομάζετο)
2643 1930 2919 2004 ἐπιτρέπει
2947 1930 3014 1986 τὰ
3069 1937 3170 1998 τῆς
3228 1930 3444 2001 ἀμύνης
3498 1937 3579 2004 τῷ
3639 1929 3812 1989 αδελ-

2144 2016 2287 2096 φιδῷ
2319 2025 2427 2093 (59)
2463 2017 2807 2096 Φρεὸερίχῳ.
2867 2021 2928 2078 Ὀ
2969 2017 3026 2074 δὲ
3079 2021 3170 2074 καὶ
3226 2018 3415 2082 ἄλλως
3463 2019 3536 2075 ὢν
3599 2042 3814 2099 φρονη-

2149 2109 2362 2180 ματίας,
2411 2109 2536 2164 τότε
2593 2105 2650 2163 δὲ
2700 2108 2790 2163 καὶ
2845 2111 2924 2180 τῷ
2980 2109 3140 2163 πάθει
3196 2111 3567 2182 νενικημένος,
3601 2109 3813 2166 ἐπανα-

2146 2197 2396 2273 στραφεὶς
2427 2197 2490 2252 τό
2543 2218 2602 2252 τε
2657 2197 2800 2272 ἱερὸν
2863 2202 3108 2270 σεμνεῖον
3166 2197 3352 2268 τίθησι
3393 2198 3562 2270 πυρὸς
3597 2221 3818 2274 παραν-

2147 2286 2366 2358 άλωμα,
2399 2285 2450 2341 ἐν
2486 2287 2532 2358 ᾧ
2561 2283 2824 2341 κατάλυεν
2879 2287 2908 2341 6
2954 2285 3268 2359 Ἀλαμανὸς
3329 2288 3464 2360 (60),
3521 2289 3611 2343 καὶ
3670 2289 3810 2355 τοῦς

2145 2371 2594 2448 συλλαϐομένους
2623 2379 2722 2431 τοῦ
2788 2370 2948 2450 ἔργου
3006 2373 3296 2444 ὑπεδὶκχζε
3328 2377 3560 2450 θανάτῳ,
3615 2377 3808 2448 ἐξέτα-

2147 2486 2227 2520 σιν
2287 2466 2408 2540 περὶ
2471 2467 2575 2518 τῶν
2639 2462 3015 2520 ἀπολωλότων
3070 2464 3375 2538 χρημάτων
3443 2468 3811 2538 ποιούμενος.

2147 2555 2243 2608 Καὶ
2273 2557 2434 2608 τοῦτο
2497 2553 2685 2627 μάχης
2715 2552 3004 2628 παραίτιον
3032 2553 3257 2630 γίνεται.
3293 2552 3452 2609 Ἀλλ’
3505 2554 3815 2631 ἐπεγέλασε

2143 2643 2236 2697 καὶ
2266 2639 2430 2696 πάλιν
2486 2641 2857 2718 κουροτρόφος
2915 2640 3103 2714 εἷ’ρήνη
3165 2662 3270 2708 τις,
3329 2641 3419 2696 καὶ
3450 2641 3641 2697 ἄλλων
3711 2646 3814 2716 μὲν

2144 2731 2337 2785 ἐκτῶν
2389 2728 2442 2784 ἐν
2496 2729 2642 2786 τέλει
2700 2731 2990 2802 Ῥωμαίων
3046 2725 3489 2786 κατασϐεσάντων
3546 2732 3640 2787 τὸν
3699 2735 3811 2788 πό-

2145 2818 2340 2893 λεμον,
2371 2819 2610 2893 μάλιστα
2640 2817 2698 2874 δὲ
2725 2824 2821 2874 τοῦ
2883 2819 3174 2894 Προυσοὺχ
3223 2820 3542 2890 ἐξηνυκότος
3570 2823 3633 2877 τὸ
3669 2828 3806 2880 πᾶν.

2144 2910 2320 2971 Οὗτος
2353 2909 2455 2985 γάρ
2483 2914 2598 2971 τοῖς
2631 2914 2903 2981 ποταμοῖς
2932 2909 3026 2963 τὸν
3049 2905 3220 2963 ’ἵππον
3253 2909 3406 2986 ἀφεὶς
3471 2910 3520 2982 ᾧ
3590 2908 3811 2988 ἔποχος

2141 2999 2228 3068 ἦν,
2262 2999 2316 3053 οἳ
2348 2997 2588 3073 σύντρεις
2622 2995 2711 3053 διὰ
2737 3005 2836 3066 τῆς
2898 2996 3070 3053 ἐκεῖσε
3127 2994 3346 3066 λιθίνης
3376 2998 3609 3078 γεφύρας
3643 2997 3814 3056 διαυ-

2146 3087 2493 3157 λωνίζεινται,
2550 3087 2624 3149 ὡς
2659 3088 2752 3142 τὸν
2813 3083 3150 3163 Φρεδερίχον
3208 3089 3647 3162 παραγενόμενος
3705 3090 3805 3165 ὀρ-

2144 3173 2317 3253 γίλως
2349 3197 2408 3231 τε
2461 3179 2653 3230 τοῦτον
2712 3173 2907 3250 ἔχοντα
2970 3175 3302 3250 κατεπράϋνε
3357 3177 3446 3230 καὶ
3495 3183 3598 3246 τῆς
3659 3180 3810 3254 γνώ-

2143 3286 2251 3338 μης
2283 3271 2576 3339 μετακινεῖ.
2611 3265 2780 3322 Πάλιν
2858 3263 2950 3320 οῦν
3029 3265 3259 3339 σταθμοί
3331 3287 3392 3322 τε
3465 3267 3602 3336 ἦσαν
3641 3269 3804 3342 εἰρη-

2137 3360 2282 3410 ναῖοι
2322 3355 2411 3410 καὶ
2443 3356 2785 3430 παρασάγγαι
2817 3354 3147 3434 φιλήσυχοι,
3179 3355 3270 3410 καὶ
3301 3357 3335 3424 ἡ
3396 3354 3449 3418 ἐς
3481 3357 3546 3410 τὰ
3602 3360 3806 3433 πρόσω

2139 3440 2320 3504 δίοδος
2352 3438 2687 3523 εὐδιάϐατος.
2733 3444 2870 3518 Εἶχε
2923 3451 3100 3498 τοίνυν
3161 3445 3278 3515 μεθ’
3334 3443 3542 3520 ἡμέρας
3598 3446 3807 3510 αὐτοὺς

2135 3533 2170 3602 ἡ
2231 3537 2338 3588 τῶν
2390 3528 2796 3607 Χοιροὸάκχων
2861 3538 3006 3588 πᾶσα
3079 3531 3394 3602 ἱππήλατος
3479 3535 3802 3612 πηγνύντας

2136 3619 2522 3696 στρατόπεδον,
2558 3622 2620 3676 οὗ
2674 3623 2781 3694 μὴν
2838 3620 2930 3676 καὶ
2989 3621 3298 3697 βάλλοντας
3355 3623 3595 3698 χάρακα⁸
3628 3629 3800 3682 τοῦτο

2131 3710 2233 3786 γὰρ
2265 3708 2337 3764 δι’
2367 3710 2511 3766 ὅλων
2539 3711 2604 3780 ἦν
2665 3712 2853 3772 αὐτοῖς
2909 3715 3016 3766 τῶν
3051 3715 3306 3784 σταθμῶν
3363 3714 3614 3776 πισύνοις
3672 3714 3799 3772 οῦσι

2132 3804 2250 3862 τοῖς
2305 3799 2448 3873 πιρᾶ
2525 3797 2812 3872 Ῥωμαίων
2874 3798 3060 3874 ὅρκοις
3117 3798 3207 3854 καὶ
3256 3805 3376 3862 ταῖς
3461 3797 3793 3874 ξυμϐάσεσι.

2133 3888 2406 3962 Παραρῥεῖ
2432 3885 2488 3942 δὲ
2515 3893 2634 3949 ταῖς
2691 3887 2864 3944 ἐκεῖσε
2915 3885 3130 3943 πεδιάσι
3184 3890 3432 3962 ποταμὸς
3463 3891 3525 3944 οὐ
3577 3891 3801 3956 πλατὺς

2128 3976 2190 4030 τὸ
2243 3974 2479 4052 ῥεῖθρον,
2539 3978 2603 4031 οὐ
2667 3976 2832 4044 βαθὺς
2883 3977 2981 4045 τὴν
3039 3975 3357 4051 περαίωσιν,
3420 3977 3612 4042 Μέλας
3660 3982 3800 4036 τοῦ-

2126 4087 2290 4139 νομα.
2326 4066 2498 4128 Οὗτος
2528 4065 2706 4122 τοίνυν
2735 4067 2922 4142 θέρους
2983 4067 3080 4141 μὲν
3139 4065 3446 4144 λειψυδρῶν
3501 4067 3557 4132 ἐς
3611 4071 3793 4146 χαρά-

2127 4153 2254 4230 δραν
2279 4155 2559 4230 συνάγεται
2588 4155 2891 4232 τεναγώδη,
2938 4155 3024 4212 ὅτι
3086 4153 3229 4230 μηδὲ
3285 4155 3373 4211 διὰ
3432 4159 3796 4231 ψαμμώδους

2123 4245 2336 4320 πρόεισι
2369 4245 2494 4322 γῆς,
2527 4243 2653 4300 ἀλλ’
2681 4239 3021 4320 ἐριϐώλακος
3051 4245 3262 4316 ἁπάσης
3294 4245 3383 4301 καὶ
3429 4245 3505 4308 εἰς
3559 4249 3788 4324 βαθεῖαν

2124 4333 2460 4408 σχιζομένης
2519 4333 2738 4408 ἀρόταις
2829 4335 3014 4409 βουσὶν
3101 4331 3330 4390 αὔλακα·
3400 4355 3685 4412 χειμωνος
3737 4337 3794 4394 δ’

2122 4421 2422 4499 ἐφεστῶτος
2506 4421 2542 4493 ἤ
2615 4420 2889 4500 ῥαγδαίων
2977 4424 3144 4480 ὑετῶν
3225 4427 3662 4503 κατενεχθέντων
3725 4428 3790 4484 ἐκ

374 4517 572 4566 menta
602 4514 814 4568 servire
835 4518 892 4566 et
921 4513 1058 4566 anni
1091 4520 1372 4584 tempora,
1403 4528 1536 4568 cum
1567 4529 1716 4584 opus
1746 4511 2009 4581 sit,vices

2139 4516 2318 4586 ιικροῦ
2367 4513 2621 4587 μέγιστος
2678 4512 2905 4586 γίνεται,
2954 4513 3045 4568 καὶ
3093 4508 3308 4586 προϐὰς
3364 4513 3418 4576 ἐς
3479 4513 3790 4589 βαθυδίνην

369 4618 510 4656 suas
542 4606 895 4672 permutare,
927 4601 1060 4656 inde
1091 4602 1383 4656 discessit.
1415 4601 1556 4656 Cum
1601 4607 1796 4656 autem
1833 4616 2007 4672 prope

370 4694 571 4745 urbem
603 4690 1029 4762 imperatricem
1088 4691 1361 4754 venisset,
1419 4690 1764 4744 excercitum
1815 4689 2009 4745 statim

364 4779 631 4851 trajicere
689 4782 924 4835 cnaclus
989 4785 1098 4842 est,
1153 4779 1420 4848 quamvis
1478 4778 1620 4832 dum
1678 4777 1738 4832 in
1797 4777 2007 4844 Peraea,

363 4885 491 4942 qua:
522 4869 756 4924 Picridii
800 4865 1150 4939 appellatur,
1183 4873 1374 4921 castra
1429 4866 1688 4932 haberet,
1723 4867 2006 4937 principio

361 4965 650 5026 retineret,
685 4977 751 5015 ac
786 4973 962 5030 penes
993 4974 1056 5012 se
1087 4973 1232 5022 esse,
1267 4967 1458 5010 uirum
1520 4955 1782 5024 trajicere
1836 4956 2005 5011 vellet

361 5048 1089 5121 necne,stupidejactarel.
1117 5047 1316 5117 Itaque
1366 5044 1590 5100 nullum
1641 5060 1754 5098 non
1789 5043 1999 5116 navigii

355 5155 538 5207 genus
559 5142 617 5195 in
647 5137 1117 5210 transportandis
1142 5135 1484 5191 Alemannis
1507 5133 1997 5206 fuitoccupatum.

2121 4601 2180 4655 ἐκ
2224 4605 2467 4676 πονηροῦ
2534 4600 2622 4656 καὶ
2673 4600 2935 4658 λακκαίου
2993 4599 3355 4659 ἁνοιδαίνεται
3410 4601 3625 4676 ὕδατος,
3687 4607 3784 4662 καὶ

2118 4688 2411 4752 ταλάσσαις
2468 4688 2640 4745 θέλων
2699 4691 3130 4762 συνεξετάζεσθαι
3188 4693 3274 4746 καὶ
3337 4694 3584 4765 ποταμὸς
3643 4695 3782 4752 οὐκ-

2118 4777 2188 4833 έτ’
2245 4777 2584 4852 ἀνεχόμενος
2637 4780 2778 4835 εἶναι
2833 4779 2910 4845 εἷς
2967 4776 3232 4858 φλοῖσϐον
3290 4782 3619 4857 τραχύνεται
3678 4787 3775 4842 καὶ

2115 4866 2334 4930 πλωτὸς
2363 4866 2422 4923 ἐκ
2456 4869 2622 4942 βατοῦ
2651 4868 2852 4945 γίνεται
2899 4872 2994 4925 καῖ
3045 4867 3346 4946 ὃιεκχεῖται
3403 4871 3481 4935 είς
3531 4872 3772 4938 πλάτος.

2114 4954 2336 5027 Ἀμέλει
2391 4956 2482 5010 καὶ
2556 4954 3046 5034 διαῤῥιπιζόμενος
3101 4959 3399 5032 πνεύμασιν
3480 4961 3557 5024 εἷς
3615 4968 3774 5037 κῦμα

2115 5042 2520 5120 μετεωρίζεται,
2603 5047 2886 5112 κᾶντεῦοεν
2951 5047 3124 5122 ἄχνην
3183 5048 3475 5104 ἀποπτύων
3543 5053 3636 5105 καὶ
3699 5057 3771 5128 τῇ

2106 5134 2308 5211 γείτονι
2339 5134 2523 5210 χέρσῳ
2585 5131 2847 5211 ὑϐριστής
2900 5137 3290 5213 προσαράσσων
3343 5138 3545 5202 πόνους
3585 5162 3769 5216 παρα-

1735 5287 1910 5349 Hier.
1947 5287 2157 5348 Wolfii
2187 5295 2376 5350 notes.

420 5454 684 5530 (59)Τῷ
738 5450 1034 5530 ᾁὸελφιδῷ.
1095 5453 1303 5528 Πέμπει
1387 5451 1478 5530 τὸν
1537 5447 1791 5530 ξδελφὸν.
1828 5447 1992 5530 αἰετοῦ

345 5521 702 5610 φρεδερῖχον.
732 5521 1102 5610 Fredericum
1135 5521 1280 5584 alter
1299 5527 1490 5583 codex
1543 5521 1815 5594 Conradi,
1849 5522 1996 5581 alter

342 5598 540 5663 fratris
570 5598 695 5668 ejus
727 5598 913 5654 lilium
947 5600 1100 5656 facit.

2170 5452 2282 5532 (69)
2315 5452 2459 5532 Quid
2493 5457 2670 5532 χαοῦν
2701 5457 2799 5532 sit_.
2856 5456 2969 5513 nisi
3024 5455 3102 5520 εἰς
3162 5456 3300 5532 χάος
3329 5454 3607 5531 ἄναλύειν,
3643 5462 3762 5522 hoc

2099 5523 2194 5581 est
2219 5523 2534 5602 ἀφανίζεινῖ
2551 5543 2666 5584 non
2695 5527 2884 5586 video.
