4068 6196
403 345 524 410 ιο3

1703 344 2015 408 NICE'l‘IE
2069 339 2515 402 CHONIATJE.

3695 337 3821 398 404

400 486 648 543 densata
678 484 978 555 nastisque
1012 481 1333 551 conjunctis
1367 499 1498 538 cum
1531 479 2056 552 impetuirruemus

2170 473 2436 546 στοτέρων
2466 471 2540 530 εἰς
2565 468 2815 538 θάνατον,
2845 469 2935 525 καὶ
2964 471 3065 526 ὃσα
3096 471 3344 546 ὀχήματι
3375 474 3464 543 πῖρ
3497 469 3649 547 βέλει
3683 489 3824 546 χρη-

397 581 454 631 et
476 575 690 632 {lumen
725 571 1242 643 perequitabimus.
1275 571 1426 627 Satis
1457 572 1578 627 scio
1608 587 1815 642 aquam
1853 565 2046 638 repul-

399 682 525 722 sam
559 671 836 718 staturam
871 677 1018 728 esse,
1051 676 1446 735 conversoque
1473 661 1652 716 veluti
1706 675 1882 714 cursu
1933 672 2046 710 non

398 757 557 809 recta
591 755 1088 822 promanaturam.
1147 749 1272 805 Non
1331 751 1600 806 dissimili
1651 749 1788 804 olim
1831 746 2050 803 ratione

394 840 670 898 Israelita
699 838 1039 902 Jordanem.
1099 855 1416 912 suiipresso
1476 839 1739 904 ﬂumine,
1803 835 2048 906 pedibus

394 927 784 984 transierunt.
843 925 1163 982 Consilium
1225 927 1334 983 hoc
1389 932 1448 981 et
1505 927 1730 982 facinus
1762 926 1932 980 etiam
1976 923 2045 977 ad

403 1021 673 1090 posteros
705 1016 1081 1071 memorabile
1102 1023 1190 1070 est
1214 1017 1498 1080 futurum,
1521 1015 1683 1070 nulla
1719 1013 2048 1084 longinqui-

405 1108 522 1160 tate
554 1104 854 1176 temporis,
887 1104 1046 1158 nulla
1075 1105 1366 1160 oblivione
1402 1103 1880 1167 oblitterandum,
1917 1118 2050 1157 cum

403 1211 636 1250 summo
667 1198 973 1249 Persarum
1006 1195 1242 1264 probro,
1275 1210 1529 1265 quorum
1563 1197 1841 1249 cadavera
1898 1191 2054 1247 circa

403 1285 560 1340 hunc
584 1299 817 1340 amnem
875 1289 1165 1354 prostrata
1223 1286 1278 1338 in
1337 1282 1544 1338 collem
1604 1285 1938 1352 exsurgant,
1989 1296 2052 1332 ac

400 1372 588 1428 instar
618 1372 818 1442 tropaei
845 1371 1280 1443 conspicientur
1305 1388 1438 1428 cum
1471 1371 1654 1443 gloria
1715 1374 1914 1425 nostra
1944 1367 2052 1422 ini-

403 1461 657 1518 mortali.
693 1481 721 1511 »
746 1461 881 1527 Quae
912 1475 1044 1516 cum
1087 1460 1332 1514 dixisset
1360 1467 1418 1516 et
1449 1460 1686 1532 signum
1722 1474 1928 1529 pugnas
1965 1457 2057 1511 de-

405 1551 680 1618 disset,et
703 1549 828 1620 ipse
851 1564 1070 1620 equum
1096 1547 1336 1619 ﬂagellis
1357 1547 1689 1602 cohortatus
1712 1547 1770 1601 in
1815 1544 2051 1600 ﬂuvium

412 1639 550 1694 fecit
570 1638 1140 1708 impetum,etcaeteri
1161 1639 1232 1692 de
1279 1653 1439 1692 more
1488 1635 1734 1708 peractis
1791 1634 2059 1705 precibus

407 1727 784 1798 clamoreque
813 1725 1044 1782 sublato
1064 1725 1262 1781 hostes
1293 1725 1658 1792 adoriuntur,
1706 1722 1828 1781 acie
1883 1723 2058 1778 turris

404 1816 596 1872 instar
627 1814 922 1870 instructa
953 1815 1314 1884 densataque
1343 1813 1652 1869 confertim
1684 1811 2056 1884 perequitan-
2091 1845 2138 1910 Β

411 1914 526 1972 tes,
560 1910 626 1960 ut
653 1903 919 1960 ﬂuminis
950 1905 1123 1958 undae
1154 1902 1393 1973 ungulis
1425 1919 1706 1974 equorum
1756 1900 1968 1974 partim
2000 1898 2059 1954 in

407 1996 565 2067 ripas
600 1997 1032 2058 excuterentur,
1066 1993 1280 2062 partim
1315 1994 1674 2058 resisterent,
1724 2006 1838 2044 non
1898 2004 2067 2044 secus

415 2099 482 2140 ac
515 2082 565 2136 si
594 2087 798 2138 contra
829 2086 1098 2134 naturam
1132 2079 1198 2132 ad
1233 2079 1332 2136 95
1365 2078 1551 2133 fontes
1601 2079 2065 2148 regrederentur,

417 2172 533 2244 ipsi
563 2185 698 2226 vero
723 2185 838 2224 non
871 2185 1042 2223 secus
1072 2184 1137 2221 ae
1168 2173 1320 2223 terra
1352 2167 1788 2239 proﬁciscentes
1833 2166 1890 2220 in
1936 2165 2068 2220 Per-

419 2278 520 2319 sas
545 2277 614 2317 ex
643 2260 719 2314 im
734 2259 962 2331 proviso
994 2257 1304 2312 irruerent.
1339 2258 1575 2313 Barbari
1631 2272 1786 2326 vero,
1819 2256 1918 2326 qui
1962 2270 2068 2311 nec

418 2352 560 2422 fuga
589 2348 838 2405 salutem
868 2362 1126 2419 quaerere
1157 2349 1316 2418 (nam
1349 2364 1382 2402 a
1441 2346 1924 2418 persequentibus
1972 2361 2066 2398 ca-

417 2440 750 2512 piebantur,
795 2436 942 2492 nihil
965 2436 1151 2507 adjuti
1175 2435 1480 2492 velocitate
1513 2451 1792 2506 equorum
1819 2432 2067 2490 incredi-

414 2528 546 2602 bili)
603 2543 794 2598 neque
841 2527 1112 2584 cominus
1170 2541 1428 2598 pugnare
1515 2540 1648 2580 cum
1727 2524 2065 2578 Alemannis

414 2622 677 2693 possent,
710 2617 885 2673 variis
911 2615 1100 2672 modis
1131 2617 1521 2683 cmdebantur,
1552 2619 1724 2687 atque
1762 2615 1858 2670 alii
1891 2630 2067 2686 super

416 2709 564 2766 alios
594 2709 908 2763 aristarum
957 2705 1145 2761 instar
1200 2705 1502 2761 cadebant.
1550 2703 1694 2760 Nam
1751 2702 1808 2758 bi
1847 2702 2065 2760 lanceis

417 2795 928 2861 confodiebantur,
962 2793 1046 2848 illi
1078 2792 1390 2865 preiongis
1420 2793 1629 2866 gladiis
1663 2793 1831 2848 medii
1879 2791 2064 2848 disse-

423 2886 726 2950 cabantur,
756 2883 957 2940 velites
988 2883 1334 2954 praesertim,
1366 2881 1494 2937 aliis
1533 2883 1816 2954 pugiones
1849 2881 1905 2936 in
1950 2880 2064 2936 vis-

419 2991 555 3032 oera
582 2972 990 3046 adigebantur,
1023 2975 1091 3027 ut
1119 2975 1433 3027 Persarum
1466 2971 1844 3025 cadaveribus
1873 2969 2066 3042 campi

417 3064 500 3120 ibi
531 3064 702 3135 plane
730 3065 1064 3134 tegerentur
1091 3071 1148 3116 et.
1204 3060 1384 3116 valles
1436 3059 1721 3132 sanguine
1769 3059 2065 3114 redunda-

415 3158 564 3210 rent.
596 3151 872 3208 Italorum
907 3148 1072 3206 multi
1103 3147 1328 3222 sagittis
1349 3147 1468 3214 icti,
1499 3149 1663 3221 pauci
1695 3165 1826 3204 vero
1877 3147 2056 3204 inter-

417 3243 548 3300 fecti
608 3251 766 3299 sunt.
825 3243 1050 3308 Quanta
1105 3245 1299 3296 autem
1387 3240 1700 3296 multitudo
1771 3240 2059 3307 ceciderit,

416 3333 597 3392 etiam
621 3330 794 3387 hodie
815 3330 1037 3386 ossium
1069 3328 1285 3384 tumuli
1316 3329 1500 3384 crebri
1555 3333 1610 3384 et
1666 3329 1767 3384 alti
1827 3328 2064 3384 collium

419 3423 608 3479 instar
635 3425 922 3478 testantur
951 3437 966 3487 ;
999 3419 1274 3491 quos.qui
1309 3418 1438 3473 illac
1471 3419 1574 3473 iter
1634 3419 1824 3488 habet,
1875 3418 2066 3491 quivis

419 3513 756 3580 admiretur,
791 3515 856 3565 ut
884 3514 942 3565 et
961 3525 1086 3581 ego,
1125 3512 1222 3578 qui
1273 3507 1394 3562 haec
1449 3509 1664 3572 scribo,
1697 3524 1826 3563 sum
1877 3508 2062 3564 admi-

413 3608 602 3659 ratus.
630 3605 713 3657 Ac
745 3599 952 3673 quanti
983 3598 1209 3671 sepium
1245 3597 1464 3653 fuerint
1493 3599 1771 3664 ambitus,
1822 3615 1948 3672 qua
1997 3615 2066 3654 ex

411 3691 781 3748 Cimbrorum
829 3687 1064 3744 ossibus
1116 3685 1282 3742 factis
1341 3685 1797 3743 Massiliensium
1863 3687 2065 3744 vineas

413 3775 1024 3854 oingebant,Barbaris
1053 3794 1085 3830 a
1113 3775 1294 3831 Mario
1325 3775 1474 3831 duce
1513 3779 1908 3832 Romanorum
1953 3793 2062 3832 caa-

414 3871 518 3939 sis,
552 3869 590 3925 ii
624 3867 870 3924 maxime
920 3865 1186 3921 noverint
1244 3865 1342 3937 qui
1389 3881 1589 3920 recens
1647 3865 1787 3921 illud
1840 3866 2064 3922 facinus

415 3959 606 4015 oculis
633 3959 995 4028 usurparunt
1022 3959 1078 4010 et
1109 3955 1334 4012 caeteris
1365 3959 1776 4026 exposuerunt.
1817 3955 1924 4010 Sed
1961 3956 2067 4012 hoc

414 4048 518 4106 illo
551 4049 753 4120 utique
783 4047 976 4116 majus
1005 4049 1116 4111 est,
1144 4044 1248 4099 96
1281 4043 1393 4098 nisi
1425 4045 1924 4116 magniloquentia
1981 4046 2066 4100 bi-

416 4138 630 4196 storica
659 4153 752 4194 res
781 4134 1076 4190 Cimbricis
1111 4133 1265 4190 ultra
1302 4134 1420 4188 veri
1479 4135 1652 4189 ﬁdem
1705 4140 2064 4207 exaggerate

413 4227 836 4304 propemodum
863 4225 924 4280 in
956 4224 1209 4280 fabulam
1239 4223 1710 4296 degenerassent.
1761 4225 1842 4280 Ex
1893 4242 1958 4280 eo
1990 4227 2063 4281 ci—

411 4324 504 4374 tra
533 4317 752 4373 bellum
783 4313 1092 4370 Alemanni
1126 4317 1266 4368 sunt
1324 4312 1637 4386 progressi,
1681 4315 2063 4370 barbarorum

413 4407 646 4464 nemine
672 4403 1044 4474 impediente.

2160 560 2310 616 στέον
2367 562 2502 635 πρὸς
2559 563 2658 630 τὴν
2719 558 2832 615 ἐκεῖ
2887 561 3247 628 κατάπαυσιν,
3296 557 3439 615 ἀλλά
3473 561 3550 634 μὴ
3583 561 3817 624 θάνατος

2157 654 2560 728 προαρπασάτω
2621 649 2750 710 ἴσως
2827 648 3029 718 ἀκλεής
3105 649 3196 704 καὶ
3273 649 3604 726 ἐφάμαρτος.
3669 649 3819 721 Ἤδη

2157 741 2290 796 ποτὶ
2353 741 2630 812 τισώμεθα
2686 739 2936 808 τούτους,
2994 739 3068 793 ὧν
3137 741 3188 794 o't
3236 741 3357 803 καθ’
3413 741 3554 813 αἷμά
3609 760 3673 794 τε
3731 738 3827 794 καί

2160 829 2456 901 ὁμόπιστοι
2508 828 2636 882 ποσὶ
2693 829 3063 902 κεχρημένοις
3123 831 3197 891 ώς
3254 829 3332 890 εἷς
3383 830 3567 884 κοινὸν
3597 829 3828 900 εἰσεληο

2161 916 2355 972 λόθασι
2413 917 2582 972 τόπον
2640 917 2731 972 τὸν
2785 919 2955 993 ἱερὸν,
3015 918 3068 974 ἐν
3125 921 3171 991 ᾧ
3228 924 3441 992 νεκροῖς
3497 921 3824 992 ὁμόσκηνος

2161 1005 2375 1083 γέγονεν
2427 1007 2454 1062 ὁ
2513 1008 2820 1082 σῦγχρονος
2876 1009 3045 1081 Πατρί
3093 1008 3182 1062 καὶ
3242 1008 3567 1083 ὁμόθρονος.
3622 1011 3824 1083 Ἡμεῖς

2161 1095 2318 1166 ἔσμεν
2374 1097 2425 1150 οἱ
2501 1093 2720 1152 δυνατοὶ
2779 1097 2867 1151 καὶ
2945 1094 3331 1170 διεσπασμένοι
3408 1099 3604 1161 πάντες
3683 1099 3827 1174 ῥομ-

2161 1183 2342 1262 φαίαν,
2410 1185 2500 1240 καὶ
2575 1185 2649 1248 ὡς
2717 1185 2905 1256 κλίνην
2961 1187 3305 1262 περιέποντες
3392 1187 3820 1263 Σολομώντειον

2159 1273 2250 1329 τὸν
2308 1271 2592 1349 ζωοδόχον
2647 1276 2814 1356 τάφον
2872 1276 2964 1330 καὶ
3017 1273 3368 1350 Θεοδέγμονα.
3427 1279 3568 1338 Τοὺς
3620 1277 3680 1332 ἐκ
3717 1285 3828 1347 τῆς

2161 1363 2337 1438 Ἀγάρ
2409 1362 2586 1418 τοίνυν
2641 1371 2742 1433 τῆς
2821 1362 3074 1428 δουλίδος
3133 1363 3374 1421 ἐκποδὼν
3421 1367 3473 1421 οἱ
3537 1365 3825 1440 ἐλεύθεροι

2161 1453 2546 1524 ποιησώμεθα,
2587 1453 2677 1508 καὶ
2723 1455 2797 1517 ὡς
2851 1453 3002 1510 λίθον
3060 1454 3488 1530 προσκόμματος
3537 1464 3638 1525 τῆς
3684 1455 3823 1512 ὁδοῦ

2163 1541 2434 1616 ἐξάρωμεν
2477 1547 2573 1597 τοῦ
2623 1545 2886 1617 Χριστοῦ,
2938 1541 3030 1606 οῦς
3075 1544 3172 1600 οὐκ
3220 1543 3325 1600 οἷδ’
3363 1546 3512 1608 ὅπως
3544 1547 3826 1620 Ῥωμαῖοι

2165 1632 2238 1692 ὡς
2273 1631 2359 1686 ἐπὶ
2399 1633 2600 1708 σφάγια
2657 1632 2876 1696 ἑαυτοὺς
2936 1633 3248 1712 ἐκτρέφουσι
3299 1633 3540 1698 λυκιδεῖς
3571 1636 3826 1696 καὶτοῖς

2166 1718 2391 1782 οἰκείοις
2452 1717 2728 1784 δυσκλεῶς
2801 1721 3104 1777 πιαίνουσιν
3170 1721 3388 1795 α’ίμασι,
3459 1721 3579 1778 δέον
3640 1723 3825 1793 ἀλκὴν

2165 1803 2538 1871 ἀναλαϐόντας
2612 1811 2702 1864 καὶ
2779 1811 3046 1888 λογισμὸν
3105 1807 3371 1888 ἔμφρονος
3445 1810 3665 1887 ἀνδρὸς,
3745 1815 3828 1874 ὡς

2171 1899 2340 1971 θῆρας
2382 1897 2438 1953 ἐκ
2495 1899 2788 1972 ποιμνίων,
2845 1905 2954 1954 τῶν
3015 1900 3226 1955 οἰκείων
3281 1899 3550 1956 ἀπελάσαι
3620 1906 3830 1976 χωρῶν

2168 1986 2256 2040 καὶ
2298 1987 2535 2044 πόλεων.
2575 1985 2801 2057 Ἐπειδῆ
2862 1985 2919 2044 δὲ
2974 1990 3062 2044 καὶ
3132 1992 3159 2045 ὁ
3223 1993 3472 2064 ποταμὸς
3526 1992 3715 2060 οὗτος,
3751 1993 3832 2054 ὡς

2170 2073 2310 2131 ἔστιν
2364 2078 2516 2152 ὀρᾷν,
2566 2077 2666 2133 οὐκ
2713 2077 2902 2142 ἄλλως
2955 2080 3257 2155 περάσιμος
3305 2079 3351 2136 εἷ
3397 2081 3475 2155 μὴ
3508 2083 3832 2155 καινοτέραν

2170 2166 2362 2236 ἀνοίξει
2401 2189 2486 2228 τις
2535 2165 2798 2242 πάροδον,
2849 2169 3012 2230 αὐτὸς
3057 2169 3163 2245 ἐγὼ
3212 2170 3302 2224 καὶ
3351 2173 3413 2224 τὸ
3459 2171 3598 2225 κατὰ
3625 2175 3830 2226 τοῦτον

2169 2255 2537 2332 εἰσηγήσομαι
2612 2258 2978 2332 γενησόμενον
3058 2259 3148 2313 καὶ
3253 2263 3355 2313 τοῦ
3431 2261 3832 2336 εἰσηγηθέντος

2167 2347 2400 2420 πρώτως
2473 2346 2831 2421 κατάρξομαι.
2910 2349 2996 2410 Ἐς
3099 2347 3406 2423 ὁμαιχμίαν
3483 2349 3826 2428 φραξάμενοι

2171 2435 2318 2506 μίαν,
2359 2437 2448 2490 καὶ
2506 2441 2625 2497 ταῖς
2694 2437 2853 2512 χερσὶ
2913 2433 3096 2498 δόντες
3153 2438 3221 2492 τὰ
3279 2435 3500 2512 δόρατα,
3534 2435 3832 2510 διεξιππα-

2171 2520 2390 2594 σώμεθα
2455 2523 2546 2576 σὺν
2615 2523 2762 2599 ῥόμῃ
2820 2521 2918 2579 τοῦ
2975 2525 3250 2596 ποταμίου
3307 2522 3468 2581 τοῦδε
3522 2526 3829 2599 ῥεύματος,

2169 2611 2258 2664 καὶ
2313 2610 2364 2671 ἐς
2416 2611 2548 2665 αὐτὸ
2605 2607 2937 2686 ἐμϐάλωμεν
3000 2615 3116 2686 μεθ’
3155 2615 3352 2689 ὁρμῆς·
3403 2615 3494 2669 καὶ
3538 2617 3830 2685 στήσεται,

2171 2697 2294 2755 οἶδα
2335 2706 2540 2780 σαφῶς,
2597 2703 2659 2756 τὸ
2715 2701 2860 2778 ὕδωρ
2918 2700 3218 2778 ἄναχασθὲν
3282 2703 3370 2758 καὶ
3427 2708 3526 2758 τοῦ
3561 2708 3689 2759 κατ’
3741 2705 3836 2760 εὖ-

2172 2792 2406 2865 θυωρίαν
2466 2791 2862 2861 ἀνακοπῆσεται
2920 2792 3202 2868 προῤῥέειν
3259 2791 3441 2868 ὥσπερ
3486 2791 3834 2868 ἐπαναστρα-

2171 2879 2288 2958 φὲν,
2319 2881 2457 2932 καθά
2485 2881 2572 2934 καὶ
2631 2878 2802 2936 πάλαι
2862 2881 2990 2955 ῥοῦς
3049 2882 3076 2936 ὁ
3131 2879 3454 2958 ἰορδάνειος
3485 2887 3566 2954 τῷ
3599 2881 3836 2956 Ἰσραηλ

2171 2969 2554 3042 πεζευόμενος.
2610 2969 2705 3024 Καὶ
2754 2969 2839 3040 ε’ἶη
2898 2970 2957 3025 ἂν
3015 2971 3077 3025 τὸ
3132 2969 3285 3047 ἔργον
3330 2975 3493 3027 τοῦτο
3523 2971 3614 3025 καὶ
3647 2969 3839 3026 διανό-

2173 3077 2292 3129 ημα
2326 3062 2442 3120 τοῖς
2492 3058 2771 3134 όψιγόνοις
2802 3057 3078 3132 ἀοίδιμον,
3126 3060 3312 3136 χρόνῳ
3347 3063 3420 3133 μή
3455 3057 3836 3131 διακοπτὸμε-

2171 3167 2289 3214 νον,
2322 3146 2388 3201 οὐ
2415 3145 2592 3218 λήθης
2623 3147 2868 3219 ἐξίτηλον
2901 3149 3151 3223 ῥεύματι,
3198 3149 3288 3206 καὶ
3334 3149 3649 3226 κατάγελως
3675 3148 3834 3204 πλα-

2171 3235 2264 3298 τὺς
2303 3240 2410 3290 τῶν
2445 3237 2684 3312 Περσῶν,
2715 3237 2790 3291 ὧν
2840 3237 2907 3292 τά
2943 3238 3098 3294 κῶλα
3127 3238 3250 3314 περῖ
3277 3239 3495 3294 τουτονῖ
3537 3243 3840 3295 πεσοῦνται

2171 3326 2265 3380 τὸν
2297 3326 2542 3397 ποταμὸν
2583 3324 2634 3386 ἐς
2693 3324 2939 3382 κολωνὸν
2997 3327 3254 3403 αἰρόμενα
3299 3329 3389 3383 καὶ
3438 3329 3512 3390 ὡς
3553 3329 3833 3403 τρόπαιον

2171 3415 2582 3488 προφαινόμενα
2637 3414 2712 3476 εἰς
2763 3411 2927 3476 κλέος
2984 3417 3145 3488 ἡμῶν
3199 3415 3378 3472 αὐτῶν
3443 3417 3739 3479 ἀθάνατον.
3799 3441 3831 3470 ι)

2173 3507 2408 3558 Τοιαῦτα
2462 3501 3002 3579 παρακελευσάμενος
3054 3505 3144 3559 καὶ
3200 3505 3266 3560 τὰ
3324 3510 3530 3577 σημεῖα
3567 3512 3676 3574 τῆς
3729 3507 3837 3578 μά-

2176 3611 2284 3668 χης
2335 3591 2632 3666 ἀναδεῖξας,
2683 3592 2842 3648 αὐτὸν
2908 3614 2967 3649 τε
3033 3595 3124 3648 τὸν
3189 3595 3359 3649 ἳππον
3418 3591 3592 3670 ἐφῆκε
3653 3596 3840 3675 συχνᾶ

2178 3682 2476 3755 μυωπίζων
2529 3704 2588 3738 τε
2650 3703 2740 3736 και
2805 3681 3223 3758 ἐγκελευόμενος
3290 3685 3364 3746 ὡς
3419 3684 3510 3739 τὸν
3569 3685 3834 3759 ποταμὸν

2178 3775 2312 3845 μετὰ
2357 3771 2538 3848 ῥύμης
2593 3767 3009 3846 διαϐησόμενος,
3063 3773 3154 3827 καὶ
3197 3773 3249 3828 οἳ
3300 3773 3488 3830 λοιποὶ
3522 3770 3578 3828 δὲ
3609 3777 3836 3829 παιανί-

2173 3881 2357 3924 σαντες
2405 3861 2496 3916 καὶ
2543 3862 2605 3916 τὸ
2659 3862 2878 3932 σύνηθες
2926 3859 3294 3933 ἀλαλάξαντες
3339 3860 3586 3937 ἐχώρουν
3635 3865 3835 3936 ὁμόσε,

2173 3949 2450 4028 πυργηδὸν
2500 3952 2789 4026 ταξάμενοι
2863 3955 2953 4008 καὶ
3012 3954 3390 4016 πυκνώσαντες
3447 3953 3674 4015 ἑαυτοὺς
3737 3955 3832 4009 καί

2175 4044 2364 4117 ἀθρόοι
2411 4041 2852 4116 ἐξιππαζόμενοι,
2902 4043 2977 4104 ὡς
3031 4047 3129 4098 τοῦ
3201 4042 3474 4117 ποταμίου
3546 4044 3834 4118 χεόματος

2173 4133 2234 4188 τὸ
2287 4133 2380 4205 μὶν
2425 4131 2477 4194 ἐς
2522 4133 2621 4201 τήν
2669 4131 2864 4208 χέρσον
2916 4130 3303 4208 ἐκτιναχθῆναι
3349 4138 3469 4194 ταῖς
3499 4137 3607 4186 τῶν
3635 4133 3831 4188 ἳππων

2179 4221 2408 4298 χηλαῖς,
2456 4222 2519 4277 τὸ
2567 4218 2624 4277 δὲ
2672 4218 2994 4292 διακοπῆναι
3061 4223 3150 4276 καὶ
3219 4229 3319 4292 τῆς
3381 4222 3569 4296 πρόσω
3633 4226 3836 4292 στῆναι

2177 4316 2372 4390 φορᾶς,
2424 4311 2498 4373 ὡς
2559 4310 2708 4384 ε’ἶπερ
2748 4310 2826 4372 εἷς
2884 4310 3147 4387 ὰνάρῥουν
3195 4313 3343 4390 παρὰ
3399 4311 3555 4388 φύσιν
3605 4311 3834 4368 ἀνέλυεν

2086 4394 2132 4458 Ι)
2174 4401 2209 4472 ἤ
2241 4402 2328 4457 καὶ
2361 4401 2436 4464 εἷς
2489 4399 2734 4455 τοόπίσω
2785 4397 3216 4472 ἀνεστοιϐάζετο,
3267 4400 3462 4463 αὐτοὺς
3517 4398 3576 4456 δὲ
3625 4403 3704 4464 ὡς
3745 4400 3837 4458 διὰ

412 4494 578 4568 ξηρᾶς
655 4491 1094 4566 ὁγροποροῦντας
1161 4491 1305 4564 παρὰ
1372 4489 1530 4562 δόξαν
1590 4495 1711 4552 τοῖς
1787 4488 2020 4565 Πέρσαις
2094 4494 2449 4561 ἐπεισπεσεῖν,
2526 4489 2614 4544 ὅτε
2679 4489 2768 4544 καὶ
2839 4491 2915 4563 μὴ
2985 4487 3113 4569 ἔχον
3185 4491 3248 4545 τὸ
3327 4486 3601 4567 βάρϐαρον
3683 4496 3838 4572 φυγῇ

414 4587 514 4655 τήν
554 4579 825 4655 σωτηρίαν
860 4577 1164 4654 ὑποκλέψαι
1241 4585 1372 4658 γοῦν
1447 4579 1795 4654 (διωκόμενοι
1890 4585 1974 4654 [Ρ.
2029 4586 2123 4659 48]
2215 4583 2320 4658 γὰρ
2401 4575 2901 4652 κατελαμϐάνοντο,
2981 4577 3124 4654 μηδὲ
3196 4585 3304 4636 τῶν
3375 4580 3564 4636 ἵππων
3645 4579 3840 4644 άῦτοῖς

413 4671 828 4745 ἒπαμυνόντων,
905 4667 1002 4723 κᾶν
1074 4671 1206 4739 ἦσαν
1285 4668 1565 4732 ὠκύποδες
1639 4670 1730 4725 καὶ
1808 4669 1888 4726 ἐπ’
1964 4669 2141 4748 ἄκρων
2213 4669 2504 4746 ἀνθερίκων
2585 4673 2783 4744 μικροῦ
2851 4671 3084 4743 Θέοντες)
3149 4671 3185 4739 ἤ
3253 4670 3422 4744 ὁμόσε
3477 4676 3687 4746 χωρεῖν
3717 4676 3842 4732 τοῖς

417 4761 758 4836 Ἀλαμανοῖς
795 4759 932 4814 κατὰ
974 4757 1164 4834 μάχην
1204 4758 1553 4838 ἀγχέμαχον,
1592 4758 2020 4836 έκρεανομοῦντο
2078 4759 2366 4830 ποικίλως,
2418 4759 2504 4814 καὶ
2563 4756 2646 4812 ἐπ’
2697 4755 2858 4832 ἄλλῳ
2907 4757 3081 4822 ἄλλος
3136 4753 3360 4816 ἔπιπτον
3406 4761 3479 4822 ὡς
3530 4759 3837 4836 ἀστάχυες,

416 4850 515 4909 εἴτ’
555 4851 644 4906 οῦν
705 4849 780 4912 ὡς
838 4847 996 4925 ῥᾶγες
1052 4847 1192 4920 αἷμα
1248 4849 1311 4902 τὸ
1381 4849 1608 4916 ζωτικὸν
1665 4845 2030 4912 ἀπεθλίϐοντο
2085 4854 2202 4912 τοῖς
2253 4847 2636 4925 λογχηφόροις
2691 4842 3179 4922 ληνοϐατούμενοι.
3229 4850 3296 4906 Οἱ
3357 4849 3449 4920 μὲν
3502 4848 3606 4923 γὰρ
3641 4847 3835 4924 δόρασι

415 4937 800 5014 διηλαῦνοντο,
863 4937 912 4992 οἰ
973 4935 1030 4992 δὶ
1087 4940 1204 4998 τοῖς
1261 4939 1368 4990 τῶν
1423 4935 1590 5013 ξιφῶν
1646 4935 1969 5009 ἐπιμήκεσιν
2029 4939 2352 5015 ἀπεχώρουν
2425 4935 2558 5011 διχῆ
2618 4934 3012 5012 διαιρούμενοι,
3069 4940 3158 4992 καὶ
3224 4937 3464 5012 μάλιστα
3532 4943 3597 4992 τὸ
3663 4939 3836 5012 ψιλὸν

419 5033 595 5089 αὐτῶν
651 5029 740 5086 καὶ
797 5027 1004 5104 γυμνὸν
1060 5029 1158 5080 τοῦ
1215 5028 1467 5099 στρατοῦ,
1529 5025 1586 5079 οἳ
1645 5022 1702 5080 δὲ
1755 5031 1872 5088 τοῖς
1928 5025 2181 5104 ξιφιδίοις
2220 5023 2562 5102 παρασταδὸν
2619 5026 2970 5100 οὖταζόμενοι
3002 5025 3383 5101 ἀνετρέποντο,
3427 5028 3524 5090 τὰς
3581 5026 3838 5102 χολάδας

415 5127 512 5178 τοῦ
571 5119 785 5198 χαλκοῦ
845 5114 1210 5191 διεκχέοντος,
1287 5113 1362 5175 ὡς
1437 5113 1566 5176 τοὺς
1623 5113 1883 5178 πεσόντας
1943 5115 2148 5190 Ηέρσας
2205 5118 2273 5172 τά
2309 5117 2480 5173 ἐκεῖσε
2529 5114 2771 5192 καλύψαι
2844 5115 3008 5172 πεδία
3064 5123 3182 5181 τοῖς
3235 5117 3524 5192 πτώμασιν
3589 5113 3842 5189 ἀκριϐῶς

417 5212 506 5269 καὶ
540 5206 904 5286 ὑπεράντλους
945 5206 1044 5268 τάς
1097 5204 1382 5284 φάραγγας
1439 5206 1607 5260 θεῖναι
1662 5211 1780 5268 τοῖς
1839 5205 2054 5280 αἳμασι,
2111 5211 2220 5262 τῶν
2280 5205 2338 5262 δὲ
2395 5205 2618 5264 Ἰταλῶν
2679 5205 2950 5281 βληθῆναι
3013 5207 3107 5280 μὲν
3165 5206 3271 5262 ἀπὸ
3326 5207 3497 5280 τόξων
3557 5205 3838 5278 πολλοὺς,

416 5295 828 5370 καταϐληθῆναι
895 5293 952 5351 δὲ
1015 5294 1106 5350 καὶ
1171 5293 1488 5374 ἁφυπνῶσαι
1551 5297 1778 5370 βραχεῖς
1854 5295 1930 5360 εἷς
2014 5297 2262 5353 Θάνατον.
2322 5296 2420 5351 Καὶ
2485 5299 2821 5372 μαρτυροῦσι
2885 5297 2946 5350 τὸ
3014 5301 3120 5350 τῶν
3185 5297 3459 5352 πεσόντων
3535 5295 3590 5357 ἐς
3667 5293 3834 5371 δεῦρο

417 5390 733 5447 πολύποσον
798 5387 849 5442 o't
899 5391 1008 5442 τῶν
1063 5383 1262 5441 ὀστέω-ι
1319 5383 1488 5454 σωροὶ
1549 5384 1690 5440 οὕτω
1767 5387 1963 5462 συχνοί
2021 5387 2112 5441 καὶ
2175 5387 2439 5461 μετέωροι
2494 5381 2644 5449 ὄντες
2700 5385 2789 5439 καὶ
2850 5386 2982 5440 κατὰ
3051 5385 3116 5441 τά
3173 5387 3508 5456 ἀνεστηκότα
3568 5383 3837 5460 γεώλοφα

418 5479 793 5552 έπαιρόμενοι,
853 5479 929 5540 ὡς
1001 5479 1180 5550 θαῦμα
1253 5477 1460 5532 κεῖσθαι
1535 5475 1625 5531 καὶ
1701 5473 1896 5540 ἄλλοις
1956 5477 2049 5551 μὲν
2106 5477 2299 5533 ὀπόσοι
2366 5483 2465 5546 τῆς
2533 5475 2702 5532 ἐκεῖσε
2761 5475 3030 5556 φερούσης
3097 5477 3329 5552 ἥψαντο,
3387 5475 3559 5552 κάμοὶ
3629 5475 3688 5532 δὲ
3755 5482 3835 5550 τῷ

421 5572 589 5625 ταῦτα
662 5587 1049 5646 συγγράφοντι.
1124 5568 1341 5626 Ὀποῖαι
1421 5568 1516 5642 μἐν
1574 5565 1663 5622 οῦν
1721 5569 1853 5637 ἦσαν
1932 5573 2038 5624 τῶν
2093 5569 2330 5643 θριγγῶν
2407 5568 2463 5622 αἲ
2535 5567 2879 5643 περίμετροι,
2931 5570 2982 5624 οἳ
3032 5573 3140 5625 τῶν
3182 5565 3446 5644 Κίμϐρων
3470 5575 3591 5633 τοῖς
3623 5569 3834 5632 ὀστέοις

419 5661 516 5726 τὰς
571 5664 678 5716 τῶν
735 5657 1108 5730 Μασαλιητῶν
1159 5657 1442 5734 ἀμπέλους
1509 5659 1995 5739 περιεφράγμωσαδ
2053 5658 2266 5738 Μαρίου
2339 5662 2437 5716 τοῦ
2511 5658 2788 5734 Ῥωμαίου
2862 5661 2988 5724 τοὺς
3069 5657 3377 5742 βαρϐάρους
3453 5666 3834 5740 καταστρεψα-
