4014 6204
447 441 562 501 40¹¹1

1782 432 2104 494 ΝΙΟΕΤᾸΞ
2146 431 2565 493 ΟΗΟΝΙΑΤᾹίΞ

3685 434 3784 494 408

444 572 680 645 trajicit,
714 570 770 626 id
805 584 1034 642 quoque
1090 567 1192 625 98
1253 565 1716 638 promontorium
1779 565 1922 622 citra
1966 582 2093 621 san-

2213 561 2495 624 ἆλώπεκος
2551 559 2638 617 ἐπὶ
2706 562 2899 636 ῥηταῖς
2980 556 3304 634 ὁμολογίαις
3381 557 3499 615 εἲσω
3573 557 3785 637 δέχονται

449 664 707 737 guinem.
742 658 1236 732 quemadmodum
1273 657 1443 727 paulo
1473 666 1606 711 ante
1645 660 1970 727 Corcyram,
2002 671 2094 709 oc-

451 761 789 822 cupaturus.
812 750 918 803 Sed
951 766 1081 803 cum
1116 748 1173 801 in
1206 749 1358 801 viros
1385 748 1650 802 cordatus
1708 752 1766 800 et
1826 746 2100 801 libertatis

453 841 820 899 dulcedinem
846 846 1112 908 expertos
1135 838 1457 900 incidisset,
1490 838 1567 890 ita
1608 836 1876 905 repulsus
1914 840 2005 889 est
2034 850 2101 889 ac

456 933 595 988 siin
649 935 867 1001 petram
925 927 1284 982 immobilem
1346 928 1709 998 impegisset,
1776 928 2101 996 infectaque

455 1039 537 1091 re,
574 1019 754 1075 remis
812 1016 1248 1073 dissimulandis
1305 1015 1454 1085 fugas
1509 1032 1688 1070 causa
1752 1017 1819 1069 ad
1864 1031 2098 1085 puppim

452 1108 770 1173 conversis,
804 1106 1091 1162 discessit.
1126 1104 1433 1175 Vitatoque
1502 1104 1779 1159 Maleensi
1834 1104 2098 1173 trajectu,

452 1204 753 1253 ventorum
785 1194 1093 1250 contrariis
1127 1193 1390 1265 procellis
1416 1192 1645 1254 infesto,
1671 1191 1743 1247 de
1801 1206 1915 1262 quo
1967 1206 2098 1261 pro~

450 1287 712 1341 verbium
751 1292 1082 1354 usurpatur,
1120 1283 1200 1336 Ad
1262 1281 1522 1336 Maleam
1577 1296 1711 1337 cum
1768 1280 2103 1347 accesseris,

454 1392 655 1432 eorum
688 1391 816 1446 qua:
839 1375 994 1428 domi
1028 1372 1208 1426 babes
1237 1370 1816 1437 obliviscere,fretum
1854 1368 2104 1423 interius

453 1465 800 1535 ingreditur.
847 1463 912 1517 Et
974 1463 1125 1515 latus
1183 1464 1306 1528 ejus
1364 1464 1680 1530 utrumque
1738 1466 2103 1529 pervagatus,

455 1570 570 1608 non
590 1560 782 1623 aperta
806 1550 932 1607 loca
954 1552 1238 1603 duntaxat
1257 1547 1565 1620 populatus
1600 1552 1710 1617 est,
1744 1548 1841 1603 sed
1902 1562 2108 1618 Oppor-

456 1645 600 1697 tuna
630 1640 803 1696 etiam
840 1647 896 1693 et
926 1638 1152 1693 munita
1179 1636 1388 1708 partim
1423 1636 1480 1691 in
1496 1637 1841 1692 deditionem
1863 1635 2103 1706 accepit,

458 1728 669 1801 partim
700 1728 753 1783 vi
777 1726 1005 1798 subegit
1039 1744 1054 1794 ;
1085 1733 1260 1798 atque
1315 1726 1657 1792 Acarnania,
1719 1724 1943 1791 Etolia,
1987 1740 2104 1794 quea

459 1833 618 1874 nunc
650 1817 866 1872 Artinia
896 1815 1131 1881 dicitur,
1163 1819 1396 1884 totaque
1426 1830 1525 1869 ora
1547 1813 1832 1869 maritima
1861 1816 2104 1882 vastata,

458 1905 893 1962 Corinthiacum
925 1905 1091 1960 sinus
1121 1905 1315 1959 intrat.
1350 1908 1414 1958 Et
1441 1903 1499 1957 in
1532 1902 1839 1957 Crissteum
1876 1905 2105 1973 portum

457 1997 747 2057 invectus,
799 1994 855 2047 in
938 1993 1355 2048 Mediterranea
1422 1993 1863 2062 impressionem
1924 1992 2106 2045 facere

460 2100 639 2140 ausus
666 2091 774 2148 est,
808 2097 942 2137 cum
973 2081 1267 2137 neminem
1301 2080 1690 2136 adversarium
1744 2096 1941 2151 parem
2005 2080 2104 2134 ba-

461 2173 641 2229 beret.
677 2175 954 2225 Praeterea
982 2167 1194 2225 classis
1226 2168 1531 2237 praefectus
1562 2168 1719 2240 gravi
1767 2174 1821 2222 et
1872 2167 1983 2222 levi
2015 2184 2109 2221 sr-

459 2266 692 2318 matura
732 2259 789 2314 in
822 2259 1004 2313 aciem
1037 2275 1069 2313 e
1098 2258 1344 2313 navibus
1375 2259 1602 2320 educta,
1636 2264 1893 2312 ceterum
1926 2256 2110 2311 instar

457 2350 558 2424 qui
592 2347 868 2420 pabulum
900 2349 1175 2416 utrinque
1207 2354 1434 2417 petunt,
1465 2345 1522 2399 in
1555 2346 1830 2400 licentiam
1877 2346 2108 2414 irrupit,

458 2447 513 2496 et
544 2436 869 2508 interjectis
898 2435 1126 2506 oppidis
1158 2434 1345 2489 obiter
1378 2435 1613 2502 direptis
1663 2434 1890 2489 Thebas
1936 2433 2108 2502 cepit,

457 2534 516 2585 et
545 2528 699 2583 cives
732 2524 1132 2581 inhumaniter
1162 2524 1451 2587 tractavit,
1476 2524 1575 2593 qui
1608 2539 1743 2577 cum
1775 2538 1841 2577 ex
1873 2525 2112 2593 antiquo

461 2632 693 2674 rumore
723 2617 929 2671 divites
955 2613 1325 2680 haberentur,
1356 2614 1460 2669 99
1519 2613 1678 2669 homo
1734 2614 2110 2682 insatiabilis,

463 2706 564 2780 qui
595 2704 822 2762 nullum
852 2703 1153 2776 cupiditati
1212 2709 1488 2759 statuerat
1549 2705 1809 2771 modum,
1842 2704 1953 2758 nisi
1980 2719 2110 2759 eum

462 2801 529 2852 ut
557 2811 734 2852 naves
758 2809 962 2850 omnes
990 2798 1091 2847 aut.
1120 2792 1324 2848 saltem
1349 2791 1629 2862 plurimas
1680 2796 1934 2863 pecuniae
1966 2808 2111 2863 pon-

465 2887 601 2944 dere
623 2885 695 2940 ad
728 2882 961 2938 tertium
1023 2898 1203 2953 usque
1254 2880 1554 2953 cingulum
1616 2884 1998 2953 demergeret,
2057 2888 2114 2936 et

464 2974 700 3046 opiﬁces
727 2970 1019 3036 exhausit,
1047 2976 1103 3026 et
1141 2970 1361 3026 sordidi
1419 2972 1573 3026 oboli
1623 2971 1889 3025 curiosus
1946 2971 2112 3025 inda-

462 3071 650 3136 gator,
683 3065 969 3132 potentes,
1001 3058 1214 3112 illustri
1246 3073 1451 3123 genere
1479 3068 1661 3126 natos,
1716 3065 1883 3114 aetate
1938 3074 2109 3115 vene-

455 3151 669 3207 rabiles
700 3153 759 3204 et
786 3148 1068 3218 dignitate
1100 3150 1435 3216 praestantes
1462 3148 1637 3214 viros,
1682 3148 1860 3202 variis
1907 3147 2111 3203 alﬂixit

461 3237 675 3304 modis,
708 3235 928 3290 nullius
955 3235 1299 3290 verecundia
1334 3239 1438 3289 aut
1467 3235 1863 3290 misericordia
1893 3242 2107 3305 motus,

2203 650 2523 707 Σικελιῶτιν
2550 651 2811 728 φρουρὰν,
2872 648 2947 712 εἷς
3008 647 3229 723 χιλίους
3276 647 3646 720 ἀριθμουμένην
3675 674 3787 727 φρα-

2202 741 2384 801 κτούς.
2447 740 2544 794 Καὶ
2620 741 2671 793 οἱ
2737 740 2833 812 μὲν
2950 738 3105 793 κανὸν
3166 735 3484 817 φορολογίας
3537 736 3789 813 ἀποδιδράο

2205 851 2420 893 σκοντες
2450 826 2644 893 ἔλαθον
2675 831 2777 887 ὑπὸ
2833 830 3176 904 χαυνότητος
3230 830 3324 882 νοῦ
3366 832 3440 898 τῷ
3464 834 3555 895 τῆς
3583 825 3793 891 δουλείας

2205 918 2527 993 ἐμπεσόντες
2590 919 2719 993 πυρὶ
2777 919 2867 974 καὶ
2934 918 3231 991 Ῥωμαίοις
3297 915 3659 990 εεσενεγκόντες
3716 920 3799 973 πό-

2205 1008 2375 1081 λεμον
2429 1010 2482 1063 οἱ
2543 1007 2870 1083 χαλίφρονες
2927 1007 3150 1082 χρόνιον
3202 1006 3343 1079 ὁμοῦ
3395 1007 3477 1059 καὶ
3522 1006 3794 1080 βαρύτατον⁹

2205 1101 2233 1153 ὁ
2275 1097 2333 1152 δὲ
2390 1097 2453 1152 τὸ
2511 1098 2768 1174 φρούριον
2836 1098 3268 1170 κρατυνάμενος,
3307 1094 3394 1149 καὶ
3427 1096 3497 1155 ὡς
3529 1096 3665 1168 εἶχεν
3691 1096 3799 1150 αὐτο

2205 1189 2439 1256 ποιήσας
2500 1184 2938 1259 δυσαλωτότερον
2987 1185 3077 1238 καὶ
3145 1184 3268 1237 οἷον
3326 1184 3798 1262 ἀπροσμαχὼτερον,

2208 1274 2403 1329 ἐκεῖθεν
2447 1274 2702 1348 ἀναχθεὶς
2762 1278 2831 1347 τῇ
2889 1268 3245 1345 Μονεμϐασίᾳ
3296 1274 3598 1347 προσίσχει,
3651 1273 3801 1327 ἐλπίσι

2206 1364 2546 1435 θαλπόμενος
2611 1365 2685 1425 ὡς
2738 1362 2971 1435 λήψεται
3056 1363 3146 1417 καὶ
3236 1363 3459 1432 ταυτηνὶ
3519 1364 3611 1431 τήν
3670 1364 3803 1436 ἄκραν

2207 1453 2476 1527 ἀναιμωτὶ
2541 1450 2722 1524 ὥσπερ
2783 1453 2889 1526 πρὸ
2942 1453 3135 1525 τρίτης
3199 1452 3298 1520 τήν
3362 1450 3634 1525 Κέρκυραν.
3672 1449 3803 1507 Ἀλλ’

2208 1541 2458 1617 ἀνδράσιν
2514 1541 2755 1615 ἐντυχὼν
2815 1545 2894 1612 νῷ
2975 1538 3379 1613 διοικουμένοις
3460 1540 3545 1594 καὶ
3600 1542 3687 1609 τὴν
3729 1543 3809 1607 τῆς

2207 1630 2515 1705 ἐλευθερίας
2575 1629 2674 1685 οὐκ
2730 1629 3032 1706 ἠγνοηκόσι
3087 1629 3321 1706 Παφίαν,
3378 1628 3699 1703 ἀπεκρούσθη
3752 1629 3811 1689 ὡς

2208 1721 2254 1776 εἰ
2315 1722 2401 1774 καὶ
2454 1714 2719 1794 προϐόλῳ
2772 1714 3105 1793 προσέϐαλεν
3156 1718 3453 1789 ἀτινάκτῳ,
3492 1718 3576 1772 καὶ
3606 1717 3816 1792 πρύμναν

2208 1806 2571 1882 κρουσάμενος
2644 1804 2840 1860 ἐκεῖθεν
2914 1805 3164 1879 ἀνάγεται
3240 1808 3327 1875 [Ρ.
3399 1807 3488 1876 50]
3558 1801 3813 1876 ἄπρακτος.

2138 1892 2469 2002 ΒὙπὲρϐἄς
2527 1894 2583 1950 δὲ
2629 1897 2721 1950 τὸν
2778 1894 2866 1949 ἐπὶ
2920 1893 3141 1951 Μαλέαν
3173 1892 3378 1962 πλοῦν,
3433 1893 3819 1966 ἀντιπνοίαςγὲ-

2213 2005 2384 2059 μοντα
2442 1985 2640 2054 πάσης,
2698 1984 2820 2059 περὶ
2876 1984 2938 2038 οὗ
3012 1984 3099 2038 καὶ
3182 1988 3355 2039 ταῦτα
3421 1984 3816 2055 παροιμιάζεται,

2211 2099 2241 2128 ‹‹
2275 2075 2489 2130 Μαλέαν
2550 2071 2595 2128 δ’
2654 2073 2961 2146 ἐπικάμψας
3020 2072 3288 2136 ἐπιλάθου
3337 2078 3445 2128 τῶν
3474 2069 3670 2140 οἲγαδε,
3695 2094 3718 2121 ››
3746 2071 3820 2124 τὸν

2210 2163 2472 2239 ἐσέχοντα
2523 2164 2771 2236 πορθμὸν
2834 2162 3108 2233 ἀνάγεται,
3165 2162 3255 2216 καί
3315 2164 3383 2216 τά
3433 2162 3620 2215 τούτου
3670 2156 3824 2213 ἐκατέ-

2213 2265 2383 2328 ρωθεν
2441 2252 2605 2307 ἐπιὼν
2662 2252 2725 2306 ού
2793 2252 2859 2306 τὰ
2916 2251 3221 2325 εὐχείρωτα
3305 2251 3468 2322 μόνον
3565 2246 3827 2321 κατέδραμε

2214 2343 2363 2400 λείαν
2397 2345 2703 2417 τιθέμενος,
2763 2340 2910 2396 ἀλλά
2967 2342 3056 2396 καὶ
3111 2342 3179 2396 τά
3234 2340 3431 2403 ἄλλως
3489 2339 3827 2413 ἐπικαιρότατα

2211 2435 2301 2489 καὶ
2334 2431 2642 2495 δυσάλωτα.
2701 2432 2766 2486 τά
2827 2432 2919 2503 μὲν
2969 2429 3239 2505 ὁμολογίᾳ
3302 2430 3653 2506 χειρούμενος
3702 2426 3760 2481 τὶ
3783 2423 3834 2480 δὶ

2213 2520 2450 2593 πολέμῳ
2483 2519 2874 2593 δουλούμενος,
2940 2520 3264 2593 Ἀκαρνᾶνάς
3323 2540 3384 2574 τε
3440 2518 3529 2573 καὶ
3582 2514 3830 2574 Αἰτωλοὺς

2212 2610 2339 2672 τοὺς
2411 2614 2501 2663 νῦν
2579 2608 2913 2683 λεγομένους
2969 2607 3278 2682 Ἀρτινοὺς,
3332 2608 3426 2663 καὶ
3500 2609 3596 2662 ’ὀσα
3645 2602 3831 2679 πάραλα

2213 2700 2470 2773 ἀμαυρῶν
2527 2699 2618 2753 τὸν
2680 2697 3033 2765 Κορινθιακὸν
3095 2697 3313 2752 κόλπον
3383 2695 3700 2752 εἰσέπλευσε.
3754 2693 3833 2746 Καὶ

2215 2794 2291 2861 τῷ
2320 2788 2599 2859 Κρισσαίῳ
2648 2785 2834 2859 λιμένι
2887 2787 3320 2860 προσορμισθεὶς
3377 2792 3495 2849 τοῖς
3525 2785 3573 2839 ἐν
3609 2781 3835 2857 μεσογείῳ

2215 2875 2403 2951 θαρρεῖ
2449 2871 2807 2949 προσϐαλεῖν,
2849 2872 3040 2929 ούδένα
3097 2873 3244 2949 ἔχων
3310 2874 3602 2931 ἀντίπαλον
3646 2870 3837 2926 iecori-

2215 2989 2349 3022 σιον.
2391 2965 2615 3039 Ἀμέλει
2646 2968 2735 3021 καὶ
2776 2967 2803 3020 ὁ
2837 2970 2930 3020 τοῦ
2956 2964 3157 3022 στόλου
3190 2967 3452 3043 ἀρχηγὸς
3484 2966 3547 3021 τὸ
3585 2964 3832 3018 ὁπλιτεῦον

2213 3058 2303 3111 καὶ
2363 3048 2530 3131 ψιλὸν
2586 3060 2682 3110 τοῦ
2740 3060 2970 3130 στρατοῦ
3026 3055 3101 3116 εἰς
3148 3057 3333 3128 τάξεις
3393 3054 3707 3131 διειληφὼς,
3766 3049 3839 3102 καὶ

2216 3151 2471 3222 χερσαῖος
2527 3146 2710 3220 φανεὶς
2741 3146 2933 3208 ὁτέως
2993 3145 3292 3209 θαλάττιος
3353 3148 3496 3202 κατὰ
3548 3149 3651 3198 τῶν
3684 3142 3835 3210 κητῶν

2215 3237 2280 3290 τά
2355 3229 2823 3312 ἀμφιϐοσκόμενα,
2894 3238 2963 3299 τῆ
3046 3233 3295 3306 Καδμείᾳ
3376 3239 3453 3309 γῇ
3528 3224 3843 3306 παρενέϐαλε,

460 3326 636 3382 homo
669 3340 912 3396 prorsus
944 3321 1331 3387 inexorabilis,
1366 3339 1479 3377 non
1512 3324 1821 3377 vindictam
1869 3324 2106 3380 inevita-

2219 3324 2309 3378 καὶ
2347 3300 2534 3386 τέιίέν
2587 3300 2733 3395 μέσῳ
2772 3300 3125 3395 κωμοπόλεις
3163 3300 3320 3378 ’ὁδοῦ
3376 3300 3641 3398 πάρεργόν
3684 3315 3846 3387 ληϊτά·

461 3413 659 3484 bilem,
694 3429 808 3467 non
859 3411 1162 3468 Cadmeam
1220 3412 1518 3467 victoriam
1568 3412 1804 3469 timens.
1852 3412 2111 3482 Denique

469 3504 655 3561 sacris
711 3503 879 3558 libris
938 3501 1275 3571 propositis,
1330 3500 1589 3571 singulos
1640 3502 1848 3557 cinctis
1897 3501 2112 3557 lumbis

468 3594 787 3665 ingressos,
849 3592 1246 3662 inspectisque
1316 3589 1501 3657 llbl‘iﬁ,
1552 3606 1684 3645 cum
1736 3591 2111 3661 jurejurando

471 3695 637 3738 suam
689 3696 808 3736 rem
866 3677 1207 3733 familiarem
1261 3676 1557 3732 declarare
1615 3693 1792 3747 caque
1848 3679 2112 3747 abjurata

470 3769 769 3827 discedere
799 3767 1107 3839 coegit.Sic
1127 3766 1285 3822 omni
1316 3766 1651 3834 suro,omni
1672 3772 1930 3837 argento,
1952 3770 2113 3825 omni

466 3861 723 3934 pretiosa
768 3864 927 3915 veste
983 3857 1231 3914 navibus
1279 3856 1571 3929 imposita,
1641 3874 1713 3913 ne
1770 3858 2113 3930 corporibus

466 3951 699 4021 quidem
721 3964 919 4005 eorum
943 3948 1194 4018 pepercit
1213 3962 1354 4016 quos
1375 3945 1687 4017 spoliarat;
1740 3948 1840 4002 sed
1900 3947 2111 4019 primo-

464 4038 863 4096 ribusdelectu
888 4053 956 4093 ex
975 4036 1353 4108 optimatibus
1393 4035 1589 4091 habito
1650 4037 2110 4106 comprehensis,

463 4135 519 4185 et
552 4127 834 4184 matronis
876 4124 1283 4196 pulcherrimis
1314 4142 1381 4180 ac
1439 4124 1746 4180 dissimilis
1799 4130 1855 4179 et
1883 4126 2111 4180 texendi

465 4218 838 4291 peritissimis
866 4216 1116 4284 selectis,
1149 4214 1283 4269 inde
1313 4214 1602 4270 discessit.
1632 4216 1712 4268 Ita
1742 4215 1915 4268 rebus
1947 4232 2114 4283 pros-

465 4322 601 4377 pere
640 4304 1113 4371 succedentibus,
1148 4320 1337 4376 neque
1394 4312 1541 4358 terra
1597 4318 1782 4371 neque
1816 4304 1956 4358 mari
1993 4303 2111 4357 ullo

460 4395 789 4460 resistente,
825 4393 1164 4448 Corinthum
1227 4394 1431 4459 tendit,
1492 4394 1694 4448 urbem
1754 4391 2110 4454 divitem,in

463 4483 620 4537 100
643 4482 861 4537 lsthmo
894 4480 1085 4546 sitam,
1117 4480 1457 4552 duobusque
1511 4480 2004 4537 commodissimis
2040 4483 2108 4536 ad

461 4570 918 4640 exportationem
934 4574 991 4623 et
1018 4570 1487 4640 importationem
1511 4587 1577 4627 ac
1598 4570 2109 4626 commutationem

2226 3433 2385 3485 μενος
2439 3418 2557 3474 ταῖς
2606 3412 2941 3474 ἑπταπύλοις
2989 3408 3194 3482 Θήϐαις
3257 3409 3629 3488 προσέϐαλεν,
3674 3410 3739 3463 ὧν
3778 3402 3848 3459 καὶ

2222 3502 2515 3576 γενόμενος
2575 3500 2839 3576 ἐγκρατὴς
2898 3502 3285 3575 ἀπανθρώπως
3338 3509 3465 3565 τοῖς
3523 3501 3632 3555 ἐκεῖ
3672 3514 3850 3572 προση-

2219 3590 2412 3664 νέχθη.
2471 3591 2607 3645 κατὰ
2662 3592 2766 3667 γὰρ
2819 3590 3054 3646 παλαιάν
3104 3593 3306 3667 φήμην
3377 3596 3483 3658 τῆς
3542 3587 3745 3649 πόλεως
3793 3582 3851 3641 ὡς

2221 3679 2521 3742 πλουσίους
2544 3681 2851 3755 τρεφούσης
2880 3680 3175 3755 οἰκήτορας
3222 3682 3309 3743 εἷς
3364 3680 3671 3757 χρημάτων
3697 3672 3852 3739 ἀπλη-

2223 3770 2374 3824 στίαν
2406 3770 2858 3841 ὑπονυττόμενος,
2898 3770 2987 3824 καὶ
3041 3767 3250 3842 μηδένα
3284 3772 3456 3846 κόρον
3490 3761 3851 3847 φιλοπλουτίας

2221 3856 2400 3926 εἰδὼς,
2450 3856 2577 3913 ἀλλ’
2635 3859 2761 3933 ὅρον
2809 3860 3091 3932 τιθέμενος
3139 3865 3244 3928 τῆς
3308 3860 3551 3938 ἐφέσεως
3599 3858 3659 3912 τὸ
3684 3854 3762 3910 καὶ
3791 3848 3854 3906 εἷς

2219 3947 2399 4022 τρίτον
2431 3952 2686 4022 ζωστῆρα
2740 3952 2810 4022 τῇ
2873 3946 3014 4021 ὁλκῇ
3070 3952 3179 4002 τῶν
3234 3950 3563 4026 χρημάτων
3593 3946 3681 4006 τὰς
3709 3939 3854 3997 πάσας

2220 4036 2255 4105 ἢ
2303 4036 2396 4099 τὰς
2447 4036 2674 4099 πλείους
2721 4039 2854 4104 νῆας
2902 4038 3287 4111 βαπτίζεσθαι,
3339 4038 3476 4100 τούς
3525 4057 3585 4091 τε
3632 4029 3861 4110 χειρώνα-

2218 4146 2348 4186 κτας
2396 4126 2649 4197 ἐξεπίεζε,
2700 4127 2822 4200 περὶ
2870 4131 2967 4181 τοῦ
3020 4126 3192 4203 ῥύπου
3242 4132 3361 4183 τῶν
3436 4122 3652 4182 ὀϐολῶν
3711 4117 3860 4174 πολυ-

2219 4214 2486 4289 πράγμων
2542 4214 2852 4288 γινόμενος,
2914 4216 3005 4269 καὶ
3062 4217 3192 4278 τοὺς
3253 4214 3533 4276 δυνατοὺς
3590 4214 3677 4269 καὶ
3737 4208 3866 4278 λαμ-

2218 4305 2392 4379 προὺς
2417 4304 2479 4358 τὸ
2525 4303 2677 4377 γένος
2724 4305 2814 4358 καὶ
2864 4304 3090 4378 σεμνοὺς
3130 4305 3231 4373 τήν
3268 4306 3507 4375 ἡλικίαν
3549 4304 3639 4360 καὶ
3665 4299 3863 4375 περὲφα·

2217 4398 2324 4454 νεῖς
2382 4394 2497 4448 κατ’
2546 4392 2762 4461 ἀξίωσιν
2815 4390 3098 4472 διαφόροις
3145 4396 3433 4450 κακώσεσι
3485 4384 3866 4458 καθῦπέϐαλλε,

2222 4479 2454 4557 μηδενὸς
2507 4476 2803 4554 λαμϐάνων
2854 4480 2991 4538 αίδὼ
3061 4483 3152 4537 καὶ
3202 4483 3414 4560 φειδὼ,
3478 4485 3558 4556 μὴ
3609 4473 3863 4536 δυσωπού-

2222 4594 2386 4646 μενος
2415 4575 2514 4641 τήν
2549 4571 2881 4643 δυσώπησιν,
2934 4574 3010 4646 μή
3058 4582 3159 4641 τὴν
3210 4573 3587 4651 Ἀδράστειαν
3628 4563 3866 4629 εὐλαϐού-

462 4661 748 4717 mercium
783 4661 1067 4729 portubus
1085 4660 1338 4716 nobilem
1369 4678 1384 4727 ;
1408 4663 1464 4717 in
1489 4678 1736 4733 quorum
1758 4661 2002 4717 alterum
2034 4677 2102 4716 ex

2221 4684 2383 4736 μενος
2443 4662 2606 4718 αὐτοῦ
2661 4682 2769 4717 που
2828 4658 3096 4717 λαϐοῦσαν
3138 4648 3353 4739 ἀρχὴν,
3408 4666 3446 4734 ἤ
3495 4666 3592 4732 τήν
3623 4655 3862 4732 Καδμείαν

462 4749 615 4817 Asia,
669 4749 912 4805 alterum
965 4766 1034 4805 ex
1093 4750 1258 4805 Italia
1309 4750 1644 4822 appellitur.
1704 4749 1848 4806 Cum
1909 4758 2103 4807 autem

461 4845 799 4908 mercatum,
859 4854 988 4910 quin
1036 4838 1277 4895 inferior
1337 4840 1474 4894 urbs
1510 4844 1619 4901 est,
1661 4854 1907 4893 vacuum
1943 4854 2104 4908 repe.

462 4930 659 4994 risset,
683 4928 1165 4984 Acrocorinthum
1225 4927 1402 4983 etiam
1462 4927 1687 4996 (omnes
1732 4926 1884 4981 enim
1938 4943 2101 4983 escu-

463 5020 619 5076 lenta
649 5017 867 5086 omnia,
925 5033 1130 5073 omnes
1187 5033 1328 5088 opes
1384 5017 1502 5072 sive
1558 5032 1755 5071 sacras
1813 5015 1929 5071 sive
1973 5033 2106 5089 pro-

456 5108 624 5165 fanas
684 5123 753 5164 eo
829 5106 1218 5175 contulerant)
1297 5106 1638 5160 tentandum
1718 5106 1967 5172 censuit,
2052 5114 2106 5161 et

458 5199 506 5252 si
542 5197 664 5253 ﬁeri
697 5203 911 5269 posset,
963 5195 1437 5266 expugnandum.
1497 5193 1625 5248 Fuit
1680 5199 1869 5249 autem
1928 5200 2103 5249 Acro-

456 5286 763 5341 corinthus
818 5283 1025 5340 veteris
1086 5283 1249 5338 urbis
1302 5299 1422 5351 arx,
1483 5299 1638 5337 nunc
1694 5299 1826 5337 vero
1893 5283 2103 5338 castel-

456 5372 577 5429 lum
614 5374 905 5429 munitum
936 5381 1043 5435 est,
1076 5373 1258 5428 monti
1317 5372 1435 5429 alto
1496 5373 1832 5444 impositum
1868 5371 1925 5425 in
1968 5389 2105 5426 acu-

456 5463 581 5515 tum
640 5477 919 5517 cacumen
981 5463 1301 5535 fastigiato,
1354 5463 1547 5533 ipsum
1609 5478 1745 5517 vero
1809 5461 2104 5531 fastigium

459 5546 755 5618 planitiem
790 5550 964 5605 habet
991 5567 1206 5606 manete
1238 5552 1444 5619 forma,
1470 5550 1655 5607 ﬁrmis
1679 5551 1964 5607 manibus
1994 5552 2102 5606 cir-

457 5635 781 5690 cumdatum
802 5652 824 5697 ;
855 5638 1013 5692 intus
1047 5655 1159 5693 non
1196 5641 1359 5709 pauci
1394 5646 1530 5695 sunt
1551 5656 1715 5710 aqua:
1735 5638 2032 5710 pellucidae
2048 5644 2106 5695 et

458 5720 732 5796 potabilis
765 5724 1002 5793 puteoli,
1036 5733 1090 5781 et
1118 5727 1248 5782 fons
1277 5726 1503 5797 Pirene,
1562 5728 1730 5798 cujus
1778 5728 1950 5784 etiam
1998 5727 2106 5784 Ho-

2214 4752 2518 4829 λεγομένην
2568 4750 2724 4821 νίκην
2777 4748 3250 4825 ύποϐλεπόμενος.
3316 4753 3502 4816 Τέλος
3556 4750 3612 4809 δὲ
3656 4750 3722 4806 τὰ
3763 4742 3864 4816 Vaga

2212 4841 2435 4915 προθεὶς
2488 4841 2788 4917 γράμματα
2861 4841 3156 4915 ἠνάγκαζεν
3220 4838 3492 4909 ἕκαστον,
3561 4843 3659 4910 τὴν
3722 4834 3863 4910 ὀσαὺν

2217 4931 2593 5002 ὑπεζωσμένον
2626 4928 2882 4995 εἰσιόντα,
2931 4930 3030 4997 τὴν
3077 4929 3285 4988 οἰκείαν
3338 4932 3534 4988 οὐσίαν
3584 4932 3666 4991 οἷς
3710 4926 3870 4982 ἐνθεωο

2217 5024 2387 5094 ρεῖται
2423 5020 2542 5091 μεθ’
2575 5018 2742 5092 ὅρκου
2773 5014 3055 5093 διασαφεῖν
3111 5018 3203 5073 καὶ
3264 5022 3488 5091 ταύτην
3524 5016 3869 5093 ἐξομνύμενον

2214 5108 2448 5163 ἀπιέναι.
2510 5106 2611 5162 Καὶ
2664 5105 2806 5162 οὕτω
2871 5106 3045 5161 πάντα
3111 5108 3353 5181 χρυσὸν,
3424 5108 3665 5187 ἄργυρον
3723 5102 3873 5159 πάντα

2215 5194 2597 5271 διεκφορήσας,
2630 5195 2847 5257 καὶτὰς
2894 5201 3232 5273 χρυσοϋφεῖς
3284 5199 3499 5259 ὀθόνας
3546 5204 3666 5259 ταῖς
3712 5190 3875 5252 ναυσὶν

2213 5284 2519 5357 ἐνθέμενος,
2577 5281 2701 5339 οὐδὲ
2743 5288 2852 5338 τῶν
2903 5287 3169 5358 σωμάτων
3221 5286 3419 5343 αὐτῶν
3473 5293 3586 5342 τῶν
3620 5282 3876 5341 ὑπἀὐτοῦ

2213 5373 2650 5448 καλαμωθέντων
2698 5374 2987 5448 ἀπεσχετο,
3035 5373 3181 5431 ἀλλά
3228 5376 3330 5431 καὶ
3384 5379 3606 5434 τούτων
3656 5369 3876 5451 ἀριστίν-

2214 5460 2311 5533 δην
2358 5466 2420 5517 τὸ
2464 5463 2707 5539 προῦχον
2755 5458 3070 5528 συλλαϐὼν,
3135 5466 3249 5518 τῶν
3306 5486 3373 5520 τε
3426 5470 3703 5541 γυναικῶν
3758 5463 3872 5516 απο-

2212 5552 2396 5623 κρίνας
2444 5551 2564 5606 ὅσαι
2613 5552 2676 5606 τὸ
2725 5549 2870 5615 εἶδος
2909 5550 3074 5607 καλαὶ
3122 5551 3214 5606 καὶ
3276 5555 3606 5629 βαθύζωνοι
3648 5554 3871 5610 καὶτοῖς

2212 5640 2412 5711 νάμασι
2459 5639 2731 5701 πολλάκις
2797 5645 2896 5709 τῆς
2950 5638 3371 5713 καλλικρούνου
3439 5645 3649 5719 Δίρκης
3697 5637 3873 5697 locoi-

2216 5749 2371 5804 μεναι
2455 5729 2544 5784 καὶ
2618 5729 2714 5791 τὰς
2780 5729 2955 5803 κόμας
3039 5727 3530 5807 διευθετισάμεναι
3618 5732 3707 5789 καὶ
3784 5729 3874 5798 τήν
