4068 6196
272 399 396 461 «109
1315 401 1416 463 DE
1460 400 1841 462 MANUELE
1885 398 1928 459 C

2038 399 2266 464 [NENO
2314 404 2459 466 LIB.
2507 402 2586 465 Ii.
3580 407 3703 467 ΗΟ

274 531 634 609 ἱστουργικῆν
717 532 1052 607 κομψότητα
1106 530 1296 597 καλῶς
1350 531 1725 606 ἐπιστάμεναι,
1770 530 1928 589 οὕτωι

2056 552 2248 590 merus
2281 536 2337 591 in
2373 537 2628 611 Odyssea
2660 540 2946 598 meminit.
2978 540 3039 596 Id
3074 538 3402 607 castellum,
3434 538 3710 611 quamvis

278 623 488 678 ἐκεῖθεν
554 622 842 698 ἀνάγεται.
901 622 1054 678 Κατά
1127 620 1254 696 ροὖν
1313 620 1370 677 δὲ
1451 627 1558 678 τῶν
1613 624 1928 696 πραγμάτω·

2059 634 2116 681 et
2149 635 2358 682 natura
2390 635 2444 684 et
2476 647 2648 684 manu
2684 633 2825 685 adeo
2862 633 3175 696 munitum,
3230 631 3371 685 adeo
3412 636 3606 684 tutum
3639 646 3707 685 ac

273 713 422 783 αύτῷ
452 710 938 789 προχωρούντων,
995 711 1085 765 καὶ
1148 709 1357 783 μηδένα
1394 716 1491 766 τοῦ
1531 716 1726 785 καιροῦ
1792 710 1928 765 ἀντί·

2056 732 2201 786 pene
2233 717 2707 789 inexpugnabile,
2749 719 2928 775 Siculi
2988 719 3192 774 Franci
3247 720 3390 773 citra
3437 718 3700 773 laborem

281 821 465 876 μαχον
496 796 758 876 ἔχοντος,
788 799 858 854 ού
898 803 1037 857 κατά
1091 800 1314 876 χέρσον,
1346 801 1409 856 ού
1461 803 1596 856 κατὰ
1654 799 1924 856 θάλασσαν

2056 804 2175 861 fere
2204 812 2339 862 sunt
2370 808 2641 879 ingressi,
2673 809 2879 879 exiguo
2911 815 3167 878 tempore
3222 809 3290 862 ad
3344 809 3695 863 deditionem

277 896 371 946 τοῦ
404 891 550 964 πρὸς
596 890 859 963 Κόρινθον
907 883 1089 965 ἔχεται
1145 891 1311 954 πλοῦ,
1368 889 1532 945 πόλιν
1591 890 1807 967 ἀρνειὸν
1859 910 1926 944 κα

2055 903 2341 950 coactum.
2367 897 2565 969 Neque
2585 914 2715 952 vero
2734 915 2943 952 novum
2972 899 3077 952 hoc
3100 906 3181 951 est
3203 903 3304 951 aut
3328 898 3697 964 mirandum;

276 980 544 1053 κειμένην
577 979 719 1053 πρὸς
768 984 846 1049 τῷ
878 976 1083 1051 Ἰσθμῷ
1137 979 1226 1033 καὶ
1287 974 1655 1053 ὀλϐιζομένην
1719 978 1822 1034 ὑπὸ
1850 976 1928 1033 λι-

2058 1000 2248 1055 neque
2277 988 2430 1040 enim
2464 986 2659 1057 ipsum
2692 987 2993 1041 castellum
3056 987 3183 1042 sine
3231 987 3387 1056 justo
3429 986 3697 1058 praesidio

279 1068 458 1141 μένων
512 1066 695 1137 δυοῖν,
757 1067 833 1121 ὧν
888 1068 916 1121 6
978 1068 1072 1140 μὲν
1130 1066 1258 1129 τοὺς
1316 1066 1368 1137 ἐξ
1427 1068 1612 1129 Ἀσίας
1686 1068 1924 1143 ναυλοχε

2056 1090 2118 1129 se
2150 1075 2345 1143 ipsum
2378 1075 2685 1130 defendere
2743 1077 2888 1130 101
2959 1082 3062 1130 aut
3122 1075 3318 1130 hostes
3361 1075 3697 1147 propulsare

270 1158 664 1233 καταίροντας,
697 1158 727 1211 6
767 1154 823 1210 δὲ
851 1157 977 1217 τοὺς
1037 1155 1088 1228 ἐξ
1146 1154 1373 1211 Ἰταλῶν
1433 1154 1801 1226 εἰσπλέοντας,
1858 1177 1924 1211 κα

2057 1164 2248 1233 potuit
2279 1180 2292 1218 :
2327 1164 2596 1235 quamvis
2627 1164 2784 1218 enim
2820 1164 2985 1220 multi
3006 1166 3281 1220 custodes
3304 1165 3359 1219 in
3386 1180 3452 1219 eo
3476 1171 3697 1229 essent,

269 1245 499 1323 ῥᾳδίους
543 1246 882 1319 ἑκατέρωθεν
935 1244 1029 1305 τάς
1087 1245 1389 1320 εἰσαγωγάς
1447 1265 1506 1300 τε
1533 1245 1624 1299 καὶ
1670 1245 1928 1321 έξαγωγάι

2058 1251 2253 1306 nullus
2283 1259 2475 1307 tamen
2513 1254 2659 1309 inter
2690 1252 2818 1309 illos
2870 1255 2972 1308 fuit
3030 1253 3119 1307 vir
3178 1254 3361 1321 fortis,
3396 1254 3486 1308 cui
3547 1261 3700 1309 recte

260 1342 374 1391 τῶν
408 1335 659 1410 προρτίων
688 1329 923 1409 ἔχουσαν
952 1334 1047 1388 καὶ
1106 1333 1203 1398 τὰς
1258 1335 1396 1407 πρὸς
1434 1332 1723 1405 ἀλλήλους
1751 1355 1928 1389 ποιου¹

2053 1341 2309 1396 civitatis
2330 1342 2598 1396 custodia
2617 1342 3117 1397 crederetur.Nam
3147 1343 3503 1413 imperatorii
3538 1342 3696 1397 mili-

282 1424 459 1497 μένην
494 1418 759 1495 ἀμοιϐάς.
803 1424 902 1479 Καὶ
935 1421 1001 1493 δὴ
1043 1421 1104 1477 τὸ
1166 1422 1433 1497 ἐμπόριον
1474 1424 1647 1494 εύρὼν
1710 1417 1923 1498 ἔρημον

2054 1436 2137 1485 tes
2160 1447 2290 1485 cum
2313 1447 2419 1486 suo
2443 1432 2589 1486 duce
2615 1431 2938 1501 Nicephoro
2962 1432 3263 1502 Chaluphe
3283 1441 3335 1485 et
3364 1430 3692 1486 Corinthio-

286 1516 425 1586 ὅπερ
457 1516 492 1582 ἡ
527 1514 679 1567 κάτω
716 1509 884 1573 πόλις
922 1511 1340 1585 ἐπονομάζεται,
1375 1512 1449 1573 ὡς
1508 1514 1752 1567 ἁπάντων
1815 1512 1928 1567 ἀνα‹

2055 1538 2184 1576 rum
2212 1537 2474 1592 proceres
2504 1522 2581 1575 ibi
2605 1522 2947 1577 desidebant
2971 1540 2985 1589 ;
3012 1527 3069 1575 et
3091 1539 3157 1577 ex
3214 1521 3425 1578 vicinis
3463 1521 3694 1592 oppidis

282 1601 709 1675 σκευασαμένων
779 1600 858 1663 είς
915 1601 1007 1656 τὸν
1062 1601 1491 1676 Ἀκροκόρινθον
1548 1603 1642 1673 [Ρ.
1710 1603 1799 1675 54]
1856 1621 1924 1656 κα

2055 1626 2169 1666 non
2203 1611 2370 1680 pauci
2400 1626 2467 1664 eo
2497 1615 2777 1681 tanquam
2814 1610 2869 1664 in
2928 1610 3319 1665 certissimum
3380 1610 3605 1682 asylum
3639 1625 3699 1665 se

284 1691 743 1764 συνηθροικότων
808 1690 885 1752 εἰς
948 1689 1112 1744 αύτὸν
1147 1685 1280 1762 ὄψον
1333 1695 1463 1755 πᾶν,
1495 1684 1662 1745 ὄλϐον
1716 1689 1922 1746 ἃπαντα

2054 1706 2405 1769 receperant.
2473 1699 2693 1754 Classis
2749 1706 2941 1754 autem
2994 1700 3314 1769 praefectus,
3374 1698 3700 1754 munitione

278 1780 409 1840 ὅσος
442 1799 507 1833 τε
557 1776 806 1842 ἰδιώταις
870 1776 1115 1852 ᾠκείωτο
1169 1778 1261 1833 καὶ
1309 1778 1435 1842 ὅσος
1476 1784 1594 1851 Θεῷ
1650 1780 1921 1858 ἀφιέρωτο

2054 1789 2293 1861 potitus,
2326 1790 2571 1859 ejusque
2602 1794 2811 1844 natura
2836 1792 3220 1859 considerata,
3254 1790 3326 1845 ad
3363 1806 3539 1861 quam
3594 1805 3699 1861 op-

269 1868 416 1947 ἔγνω
459 1868 569 1925 δεῖν
615 1871 705 1924 καὶ
752 1870 923 1925 αὐτοῦ
981 1873 1080 1924 τοῦ
1113 1870 1529 1945 Ἀκροκορίνθου
1593 1878 1928 1955 πειραθῆναι1

2054 1880 2426 1951 pugnandam
2451 1896 2739 1950 nusquam
2768 1885 2989 1943 pateret
3010 1881 3241 1937 aditus:
3293 1904 3321 1931 «
3374 1886 3486 1936 Deo
3523 1882 3692 1948 duce,

261 1958 356 2014 καὶ
391 1964 614 2029 τοῦτον,
659 1958 709 2013 εἶ’
740 1958 859 2013 οἶόν
892 1978 970 2027 τε,
1031 1957 1259 2027 ἐξελεῖν.
1320 1960 1472 2015 Ἔστι
1522 1959 1578 2013 δὲ
1618 1960 1646 2014 ὁ
1679 1961 1928 2033 Ἀκροκό-

2047 1969 2264 2040 inquit,
2295 1971 2718 2041 pugnavimus:
2747 1970 2900 2025 Deus
2924 1973 3089 2026 nobis
3109 1971 3265 2026 hunc
3301 1970 3491 2026 locum
3521 1987 3697 2025 occu-

257 2052 453 2124 ρίνθος
488 2055 594 2117 τῆς
650 2048 747 2120 μὲν
803 2046 980 2102 πάλαι
1040 2044 1257 2109 πόλεως
1315 2047 1575 2122 Κορίνθου
1613 2047 1940 2123 ἀκρόπολις,

258 2139 382 2194 νυνῖ
418 2136 479 2193 δὲ
545 2138 810 2216 φρούριον
853 2137 1077 2216 ὀχυρὸν,
1118 2136 1249 2193 αύτὸ
1290 2136 1346 2193 δὲ
1403 2134 1529 2212 ὅρος
1569 2138 1806 2211 ὑψηλὸν,
1863 2139 1939 2193 εἰς

266 2232 448 2300 δξεῖαν
480 2228 758 2283 τελευτῶν
810 2229 1075 2304 κορυφήν,
1137 2227 1271 2297 αὕτη
1333 2226 1390 2283 δὶ
1459 2228 1535 2291 εἷς
1601 2226 1939 2300 τραπεζῶδες

268 2321 489 2394 χωρίον
600 2316 1022 2371 ἀποτελευτῶσα
1123 2314 1377 2371 ἐπίπεδον
1414 2363 1427 2387 ,
1529 2326 1938 2391 τετειχισμένον

272 2408 560 2486 ἀσφαλῶς.
594 2402 851 2462 Ἐνδοθεν
881 2401 939 2459 δέ
970 2404 1070 2459 εἰσι
1102 2405 1341 2477 ποτίμου
1381 2404 1575 2467 ὕδατος
1630 2406 1719 2461 καὶ
1789 2406 1935 2461 διαυ-

266 2503 397 2573 γοῦς
429 2497 538 2552 ούκ
568 2494 739 2572 ὀλίγα
780 2494 1005 2571 φρεάτια
1051 2495 1142 2548 καὶ
1173 2496 1208 2563 ἠ
1269 2498 1506 2568 Πειρήνη
1557 2500 1759 2568 κρήνη,
1790 2500 1856 2566 ἧς
1884 2496 1936 2552 ἑν

259 2584 529 2663 ῥαψῳδίᾳ
562 2588 825 2657 Ὅμηρος
895 2583 1189 2657 μέμνηται.
1254 2585 1504 2662 ’Δσφαλῆ
1562 2582 1609 2639 δ’
1649 2586 1792 2641 οὕτω
1846 2596 1937 2650 καὶ

257 2675 701 2750 ἀνεπιχείρητον
759 2671 887 2729 ὄντα
938 2673 1032 2728 τὸν
1118 2673 1545 2748 Ἀκροκόρινθον
1613 2674 1721 2747 (καὶ
1783 2674 1940 2752 φύσις

257 2767 362 2842 γάρ
416 2766 513 2819 καὶ
593 2764 739 2827 θέσις
802 2766 900 2818 τοῦ
955 2764 1130 2817 τόπου
1191 2764 1281 2817 καὶ
1339 2758 1638 2838 περίϐολος
1696 2762 1939 2841 ἀρραγὴς

2049 2059 2307 2132 pandum
2343 2058 2639 2130 praebuit.»
2679 2059 2788 2114 Eos
2820 2076 2953 2113 vero
2984 2059 3085 2130 qui
3116 2059 3280 2114 intus
3328 2062 3492 2114 erant
3543 2059 3696 2114 deri-

2049 2149 2202 2203 sitet
2228 2153 2291 2203 ut
2320 2146 2583 2203 imbelles
2606 2150 2934 2218 exagitavit,
2970 2147 3329 2219 Chalupbem
3390 2147 3448 2202 in
3491 2147 3694 2219 primis

2050 2240 2113 2289 ut
2144 2235 2361 2290 femina
2428 2235 2746 2290 molliorem
2807 2240 2865 2290 et
2912 2236 2983 2290 ad
3044 2236 3232 2290 culum
3267 2239 3322 2289 et
3348 2235 3542 2289 lanam
3578 2240 3693 2288 tra-

2048 2324 2309 2379 ctandam
2342 2324 2647 2393 aptiorem.
2710 2322 2869 2379 Illius
2925 2339 3160 2395 quoque
3216 2322 3327 2378 loci
3387 2322 3599 2393 opibus
3632 2324 3692 2377 in

2048 2413 2312 2467 triremes
2346 2412 2655 2483 impositis,
2712 2414 3140 2467 Corinthiorum
3202 2410 3599 2466 nobilissimos
3638 2415 3695 2466 et

2048 2509 2345 2558 matronas
2398 2502 2746 2556 fortissimas
2800 2510 2853 2557 et
2905 2501 3227 2555 ditissimus
3273 2499 3331 2554 in
3363 2501 3696 2557 servitutem

2048 2590 2313 2645 abduxit.
2347 2596 2426 2645 Ac
2459 2605 2529 2643 ne
2560 2589 2846 2644 Theo:?ori
2886 2588 3119 2661 quidem
3185 2588 3458 2659 martyris
3522 2588 3693 2644 mira-

2047 2679 2197 2734 culis
2227 2678 2369 2734 clari
2402 2680 2654 2749 imagine
2707 2678 2988 2733 abstinuit
3023 2694 3037 2732 :
3098 2678 3200 2733 sed
3261 2693 3329 2732 ea
3374 2694 3601 2749 quoque
3630 2694 3699 2733 ex

2048 2769 2265 2841 templo
2296 2769 2563 2839 abrepta,
2596 2768 2855 2823 secunda
2923 2767 3291 2839 navigatione
3340 2784 3485 2823 usus
3514 2768 3573 2823 in
3607 2784 3697 2823 re-

254 2853 647 2927 συνδραμὸντα
682 2850 1002 2907 δυσάλωτον
1034 2852 1070 2920 ἤ
1136 2850 1423 2907 ἀνάλωτον
1483 2853 1648 2907 αὐτὸν
1678 2852 1928 2928 ἀπειργά-

2048 2858 2171 2913 ditu
2204 2859 2626 2929 Corcyraeorum
2677 2871 2865 2912 arcem
2928 2856 3201 2911 ﬁrmavit.
3262 2857 3411 2911 Tum
3468 2858 3517 2911 si
3563 2858 3694 2927 quis

249 2947 442 3016 σαντο)
473 2945 527 2997 οἱ
561 2940 791 2997 Σικελοὶ
821 2941 1059 3011 ἀπονητὶ
1089 2940 1153 2995 τὸ
1183 2938 1378 2996 πλεῖον
1408 2939 1679 3015 εἰσῂεσαν,
1727 2941 1928 3017 βραχὺν

2046 2946 2271 3002 Siculas
2302 2946 2571 3001 triremes
2605 2944 2808 3000 multis
2839 2944 3101 3015 pulchris
3140 2946 3315 3000 rebus
3371 2948 3611 3000 onustas
3639 2948 3696 3000 et

257 3032 627 3094 ἀναλωκότες
678 3030 868 3106 καιρὸν
909 3031 985 3092 εἰς
1040 3032 1141 3099 τήν
1200 3030 1533 3106 παράστασιν
1582 3036 1677 3087 τοῦ
1742 3033 1928 3108 ἐρύμα,

2047 3036 2118 3089 ad
2151 3050 2443 3090 summum
2473 3049 2654 3106 usque
2685 3034 2993 3104 remigium
3052 3033 3207 3089 102
3267 3035 3573 3104 depressas
3609 3033 3692 3088 vi-

260 3145 387 3186 τος.
442 3124 546 3177 Καὶ
616 3121 799 3175 καινὸν
862 3117 1016 3174 ούδὶν
1075 3119 1139 3174 τὸ
1198 3115 1434 3193 συμϐὰν,
1492 3118 1617 3176 ούδὶ
1667 3122 1928 3195 θαυμάζε-

2048 3124 2249 3189 disset,
2282 3124 2605 3178 rectissime
2625 3123 2868 3178 dixisset
2898 3139 3010 3178 non
3046 3138 3221 3177 naves
3251 3137 3378 3177 esse
3418 3122 3695 3193 piraticus

256 3224 385 3276 σθαι
448 3211 622 3280 ἃξιον·
685 3208 747 3263 ού
806 3209 909 3283 γάρ
975 3207 1268 3280 ἐπήρκεσεν
1323 3206 1383 3263 ἃν
1447 3208 1580 3264 αὐτὸ
1638 3210 1811 3281 ἑαυτῷ
1873 3210 1928 3264 τὸ

2046 3212 2143 3267 sed
2177 3214 2473 3267 onerarias
2506 3212 2777 3267 mercium
2807 3227 2978 3267 omne
3011 3227 3195 3282 genus
3226 3211 3521 3268 vehentes.

264 3301 563 3380 φρούριον,
632 3297 732 3353 κᾶν
789 3299 857 3367 ἦν
910 3297 1347 3372 ἀπροσμάχητον
1423 3300 1542 3352 καθ’
1597 3297 1749 3367 αύτὸ,
1802 3297 1927 3354 ούδὶ
1986 3300 2112 3361 τοὺς
2163 3298 2412 3361 ἐπιόντας
2473 3297 2707 3374 ἐχθροὺς
2765 3298 3103 3374 ἀπετρέψατο
3182 3301 3258 3372 μή
3335 3295 3489 3353 ἔνδον
3564 3292 3693 3373 ἕχον

256 3391 540 3468 ξρουρους
580 3390 673 3443 καὶ
735 3390 805 3443 τὸ
880 3385 1186 3465 φυλακικὸν
1227 3387 1553 3464 ἀξιόμαχον.
1597 3386 1755 3444 Ἀλλ’
1790 3389 1911 3464 εἶχε
1976 3389 2072 3463 μὲν
2132 3389 2351 3465 ἀριθμῷ
2401 3389 2493 3443 καὶ
2546 3390 2775 3451 τούτους
2825 3387 3096 3459 πολλοὺς,
3164 3389 3239 3451 εἱς
3280 3386 3449 3464 ἄνδρα
3489 3386 3535 3443 δ’
3602 3388 3696 3442 ού-

264 3477 402 3533 δένα
429 3476 913 3553 συναλειφομένους
977 3475 1176 3550 ἀγαθὸν
1240 3476 1377 3549 πρὸς
1418 3474 1635 3548 φύλακα
1701 3474 1936 3540 πόλεως·
1993 3477 2046 3532 οἱ
2100 3498 2159 3532 τε
2224 3479 2328 3555 γὰρ
2370 3477 2430 3533 ἐκ
2461 3475 2733 3553 βασιλέως
2773 3475 2925 3533 ἔνδον
2992 3478 3330 3551 προσέμενον
3395 3478 3530 3551 μετᾶ
3596 3479 3692 3531 τοῦ

270 3571 436 3644 σφῶν
479 3567 720 3641 ἀρχηγοῦ
759 3568 846 3637 (ἦν
881 3564 928 3619 δ’
968 3562 1124 3626 οὗτος
1155 3565 1184 3619 6
1215 3563 1513 3644 Χαλούφης
1543 3566 1884 3643 Νικηφόρος)
1923 3566 2013 3621 καὶ
2086 3571 2194 3622 τῶν
2268 3567 2570 3642 Κορινθίων
2645 3570 2697 3623 οἱ
2773 3564 3135 3643 προύχοντες,
3208 3566 3313 3621 κὰκ
3383 3570 3493 3620 τῶν
3536 3566 3687 3639 πέριξ

265 3655 651 3727 κωμοπόλεων
688 3654 752 3709 ού
789 3655 1045 3729 βραχεῖαι
1081 3659 1270 3727 μοῖραι
1331 3653 1407 3717 ὠς
1482 3654 1558 3717 εἰς
1614 3656 1982 3729 καιριωτάτην
2020 3660 2117 3711 τοῦ
2181 3656 2436 3731 πολέμου
2492 3655 2741 3732 ἀλεωρὴν
2776 3654 3163 3725 εἰσεληλύθασι
3218 3656 3308 3709 τὸν
3339 3653 3691 3728 ’Λκροκόριν-

259 3749 383 3803 θον.
419 3744 482 3802 Ὁ
544 3744 718 3799 τοίνυν
755 3744 1107 3818 τριηράρχης
1145 3741 1299 3797 ἔνδον
1356 3746 1454 3797 τοῦ
1508 3744 1772 3822 φρουρίου
1844 3746 2156 3821 γενόμενος,
2196 3747 2287 3801 καὶ
2340 3748 2439 3817 τήν
2504 3744 2662 3821 φύσιν
2726 3746 2924 3801 τούτου
2970 3743 3448 3817 κατασκεψάμενος
3526 3744 3690 3797 ἀπαν-

257 3834 512 3909 ταχόθεν
547 3834 707 3890 οὖσαν
747 3831 1197 3907 ἀνεπιχείρητον,
1239 3830 1333 3886 σὺν
1366 3836 1480 3904 Θεῷ
1536 3837 1851 3907 πολεμῆσαι
1921 3834 2024 3909 ἔφη
2102 3836 2189 3890 καὶ
2253 3836 2385 3891 Θεὸν
2444 3837 2581 3890 εἶναι
2637 3836 2731 3889 τὸν
2778 3839 3028 3890 τοιοῦτον
3084 3831 3230 3904 αὒτῷ
3294 3836 3479 3908 χῶρον
3532 3852 3694 3887 κατα-

253 3930 419 4002 σχεῖν
452 3924 896 3998 παρασχόμενον,
943 3926 1125 3984 κακῶς
1188 3923 1408 3999 φάσκων
1445 3921 1574 3984 τοὺς
1630 3917 1782 3978 ἔνδον
1841 3925 1931 3979 καὶ
1989 3923 2207 3980 πλύνων
2257 3924 2516 3981 ὀνείδεσιν
2573 3925 2648 3987 ὠς
2702 3925 2939 4002 ἀγεννεῖς
2987 3925 3057 3978 τὰ
3118 3923 3384 3995 πολέμια,
3449 3921 3688 3995 μάλιστα

257 4011 322 4068 δὶ
379 4018 479 4067 τὸν
539 4011 873 4090 Χαλούφην,
928 4011 986 4065 ὅν
1047 4009 1137 4065 καὶ
1203 4011 1457 4085 γυναικὸς
1526 4010 1777 4086 ὠνόμαζε
1837 4012 2224 4088 μαλακώτερον
2286 4011 2453 4087 μηδὲν
2491 4013 2856 4087 ἐπισταμένης
2915 4011 3082 4068 πλέον
3148 4019 3247 4081 τῆς
3285 4010 3686 4086 ταλασιουργοῦ

255 4099 734 4179 γυναικωνίτιδος.
791 4101 880 4163 Ὠς
935 4098 992 4155 δὶ
1048 4098 1139 4155 καὶ
1194 4100 1288 4155 τὸν
1347 4098 1519 4155 ἔκεῖσε
1582 4099 1823 4158 πλοῦτον
1895 4100 2104 4166 ἐνέθετο
2169 4108 2288 4164 ταῖς
2353 4104 2599 4175 τριήρεσι
2639 4101 2729 4157 καὶ
2783 4100 2912 4163 τοὺς
2942 4102 3084 4176 γένει
3117 4097 3539 4172 λαμπροτάτους
3569 4104 3680 4154 τῶν

262 4192 574 4264 Κορινθίων
627 4189 1103 4265 ἑδουλαγώγησεν,
1164 4188 1582 4268 έξῃχμαλώτισε
1638 4188 1696 4245 δὲ
1754 4191 1843 4246 καὶ
1892 4196 2000 4246 τῶν
2046 4196 2314 4267 γυναικῶν
2357 4192 2477 4247 ὅσαι
2518 4190 2809 4247 κάλλισταί
2866 4212 2923 4245 τε
2987 4191 3077 4246 καὶ
3140 4191 3500 4265 βαθύκολποι,
3554 4190 3685 4267 μηδ’

261 4283 441 4351 αὐτῆς
480 4287 583 4350 τῆς
618 4279 829 4340 εἰκόνος
854 4283 958 4333 τοῦ
986 4277 1042 4333 έτ
1086 4279 1322 4353 μάρτυσι
1356 4280 1615 4355 μεγίστου
1644 4279 1734 4334 καὶ
1778 4275 2076 4351 διαϐοήτου
2106 4279 2158 4336 έν
2201 4280 2439 4354 θαύμασι
2492 4278 2781 4355 Θεοδώρου
2838 4285 2934 4335 τοῦ
2999 4279 3375 4355 στρατηλάτου
3433 4282 3686 4356 ἀποσχό-

260 4392 457 4444 μενος,
492 4367 642 4423 ἀΛλά
669 4369 757 4423 καὶ
795 4367 1000 4436 ταύτην
1056 4372 1136 4440 τῷ
1192 4367 1358 4422 αὖτοῦ
1415 4368 1625 4441 τεμένει
1668 4366 2021 4442 ἀνακειμένην
2077 4371 2424 4443 ἀνελόμενος,
2466 4369 2635 4445 ούρίῳ
2681 4370 2770 4424 καὶ
2828 4374 2983 4444 φορῷ
3046 4370 3392 4445 χρησάμενος
3449 4371 3682 4447 ἀνήγετο

250 4461 557 4532 πνεύματι,
595 4456 669 4520 ὠς
706 4457 848 4536 εἶχε,
888 4457 977 4511 καὶ
998 4457 1101 4525 τήν
1131 4461 1240 4512 τῶν
1279 4456 1640 4531 Κερκυραίων
1672 4456 1839 4530 ἄκραν
1881 4457 1932 4514 ἐν
2003 4464 2084 4531 τῷ
2142 4457 2362 4532 διάπλῳ
2411 4461 2548 4527 πρὸς
2603 4460 2666 4514 τὸ
2719 4459 3117 4536 ἀσφαλέστερον
3172 4460 3675 4533 καταστησάμενος,

252 4550 351 4605 ὅτε
378 4548 475 4603 καὶ
502 4549 601 4610 τὰς
634 4542 1034 4607 Σικελιώτιδας
1064 4547 1310 4619 τριήρεις
1343 4543 1474 4600 ἰδών
1514 4566 1599 4607 τις
1638 4548 1784 4601 εἶπεν
1813 4546 1874 4601 ἃν
1903 4549 2299 4621 σκοπιμώτατα
2326 4550 2402 4622 μή
2432 4556 2565 4619 νῆας
2596 4548 2733 4603 εἶναι
2764 4550 3100 4625 πειρατικὰς,
3132 4548 3279 4605 ἀλλά
3312 4550 3682 4627 μυριοφόρους

252 4635 678 4714 φορταγωγοῦς,
706 4632 936 4690 πολλῶν
974 4635 1066 4689 καὶ
1095 4632 1283 4689 καλῶν
1318 4636 1624 4710 χρημάτων
1657 4632 1821 4699 ούσας
1852 4632 2194 4711 ὑπερϐριθεῖς
2223 4637 2315 4693 καὶ
2352 4645 2455 4708 τῆς
2485 4636 2598 4693 ἂνω
2627 4636 2861 4714 είρεσίας
2892 4637 3052 4716 ἐγγύς
3088 4660 3195 4695 που
3232 4638 3572 4714 βαπτομένας
3600 4644 3679 4710 τῷ

258 4728 525 4804 ῥεύματι.
3406 4736 3411 4741 .

334 4821 407 4874 Β“.
443 4817 627 4873 Ταῦτά
663 4835 718 4869 τε
751 4813 843 4869 οὖν
902 4814 953 4869 ἰν
1010 4814 1142 4870 ὠσὶν
1180 4812 1352 4890 ἔνηχα
1419 4810 1548 4869 ὅντα
1579 4812 1767 4870 ἐλύπει
1830 4816 1921 4870 τὸν

2104 4820 2174 4877 Il.
2207 4822 2329 4886 Quo
2351 4820 2557 4876 nuntio
2589 4821 2863 4877 turbatus
2923 4820 3154 4877 Manuel
3215 4821 3528 4892 imperator
3560 4837 3673 4875 non

253 4906 638 4982 αὐτοκράτορα
701 4904 989 4973 Μανουήλ,
1082 4905 1172 4959 καὶ
1224 4904 1360 4959 κατὰ
1432 4902 1530 4959 Δία
1610 4903 1785 4960 ἒποίιι
1835 4905 1927 4959 τὸν

250 4999 568 5072 Ὁμηρικὸν
596 4993 867 5069 ἀτεχνῶς,
918 4992 1093 5067 συχνᾶ
1147 4993 1210 5048 τὸ
1267 4991 1524 5062 ποιητέον
1590 4998 1708 5055 ταῖς
1765 4994 1924 5069 φρεσὶ

256 5086 703 5161 μερμηρίζοντα,
763 5082 797 5151 ἢ
857 5081 949 5136 τὸν
1017 5080 1324 5145 Νεοκλέους
1378 5080 1781 5154 Θεμιστοκλῆν,
1840 5082 1922 5138 ἀεὶ

253 5175 345 5231 ἰπὶ
376 5173 633 5234 συννοίας
694 5172 976 5243 ὁρώμενον
1031 5172 1120 5225 καὶ
1176 5167 1417 5233 ἀΰπνους
1466 5170 1660 5233 νύκτας
1702 5170 1924 5228 ίαύοντα

252 5265 344 5319 καὶ
402 5264 544 5335 πρὸς
625 5260 755 5322 τοὺς
831 5260 1267 5332 πυνθανομένους
1352 5260 1782 5335 ἀποκρινόμενον
1846 5262 1921 5325 ὡς

252 5349 536 5416 καθεύδειν
572 5349 674 5404 ούκ
703 5346 814 5420 έῷη
867 5345 1171 5403 Μιλτιάδου
1225 5349 1286 5401 τὸ
1339 5348 1620 5423 τρόπαιον.
1681 5351 1921 5405 Ξυνεκά-

253 5440 337 5497 λει
374 5442 562 5495 τοίνυν
617 5437 695 5501 εἷς
754 5439 852 5505 τήν
902 5440 999 5491 τοῦ
1052 5436 1414 5511 γενησομένου
1478 5436 1686 5512 βουλὴν
1744 5438 1920 5495 πάντα

253 5534 345 5589 τὸν
425 5535 704 5588 τακτικῶν
790 5528 1132 5604 ἐπιστήμονα
1192 5530 1283 5585 καὶ
1361 5527 1683 5606 δημηγόρον
1739 5529 1917 5587 εἰδότα

251 5624 436 5698 λέγειν
462 5626 571 5678 τῶν
599 5616 844 5699 νιφάδων
878 5620 1227 5695 πυκνότερον.
1292 5618 1400 5678 Μία
1457 5620 1550 5675 οὖν
1604 5619 1663 5675 ἐκ
1689 5620 1918 5678 πολλῶν

247 5713 449 5789 ipim
483 5708 710 5767 δέδοκτο
760 5709 941 5785 βουλή
992 5710 1082 5765 καὶ
1138 5714 1219 5781 τῷ
1282 5708 1642 5786 αὐτοκράτορι
1668 5764 1674 5778 ,
1700 5709 1913 5785 ἐπεψή-

2035 4924 2202 4965 secus
2231 4925 2297 4964 ac
2319 4909 2658 4966 Homericus
2690 4909 2785 4966 ille
2815 4911 3066 4981 Jupiter,
3118 4915 3217 4966 aut
3264 4907 3679 4964 Themistocles

2034 4997 2334 5055 insomnes
2391 5006 2590 5055 noctes
2637 5001 2709 5055 ob
2768 4999 3028 5055 Mitiadis
3115 5003 3397 5069 tropaeum
3472 5012 3673 5067 agens,

2032 5087 2278 5144 sollicite
2309 5088 2448 5161 quid
2475 5091 2767 5161 agendum
2803 5095 2956 5144 esset
2987 5089 3184 5142 animo
3244 5085 3526 5157 agitabat.
3563 5085 3672 5155 lgi-

2032 5182 2131 5233 tur
2152 5176 2289 5233 viris
2311 5183 2367 5232 et
2397 5178 2478 5233 rei
2511 5177 2781 5232 militaris
2814 5177 3013 5247 peritis
3039 5180 3097 5230 et
3118 5172 3453 5245 eloquentia
3499 5173 3675 5228 claris

2029 5270 2352 5335 accersitis,
2386 5282 2561 5322 unum
2620 5284 2650 5321 θ
2709 5266 2904 5321 multis
2970 5265 3274 5319 collsilium
3312 5262 3672 5334 approbavit.

2028 5357 2248 5412 Siculos
2280 5365 2425 5411 terra
2461 5355 2719 5425 marique
2755 5353 2900 5409 bello
2932 5354 3429 5424 petendos.eoque
3453 5355 3674 5423 majore

2027 5448 2334 5517 apparatu,
2368 5445 2520 5515 quod
2554 5443 2609 5497 id
2649 5443 2860 5497 bellum
2893 5459 2998 5514 spe
3028 5458 3142 5498 non
3192 5448 3411 5513 optima
3459 5443 3672 5499 nitere-

2025 5539 2123 5590 tur
2149 5542 2201 5587 et
2258 5533 2441 5586 multa
2498 5531 2918 5601 impedimenta
2976 5531 3312 5587 habiturum
3353 5533 3672 5601 videretur,

2026 5622 2240 5695 quippe
2287 5621 2359 5676 de
2416 5636 2529 5690 quo
2586 5635 2656 5674 ex
2703 5621 2989 5675 sententia
3045 5620 3405 5677 conﬁciendo
3447 5627 3668 5678 veteres

2025 5726 2260 5785 quoque
2314 5709 2695 5782 imperatores
2748 5708 3183 5784 desperassent.
3264 5713 3667 5770 Convooantur
