4068 6196
450 336 563 403 Ml

455 480 772 539 Orientales
829 485 886 538 et
947 482 1347 540 Occidentales
1423 483 1679 556 legiones
1728 505 1743 553 ;

462 570 675 643 partim
708 570 1073 635 reﬁciuntur,
1135 584 1338 643 partim
1410 591 1569 629 nova:
1623 574 2007 631 adificantur.
2048 579 2105 626 tn

461 666 647 716 certas
704 658 855 727 ignis
913 660 1146 716 Graecus
1199 662 1541 734 imponitur,
1601 668 1693 733 qui
1755 664 1928 736 longo
1980 666 2105 734 jam

462 756 715 818 tcmpore
747 749 982 805 abditus
1036 752 1303 806 latuerat.
1365 753 1565 807 Omnis
1615 755 1846 824 generis
1879 753 2107 823 navigia

454 838 685 894 circiter
719 836 875 895 mille
903 843 1022 895 tam
1079 840 1145 895 ad
1208 842 1360 897 I08
1419 843 1571 897 viros
1630 848 1686 896 et
1714 859 1896 914 equos
1928 857 2102 912 quam

451 928 523 984 ad
550 936 939 984 commeatum
963 928 1289 984 vehendum
1317 931 1743 986 contrahuntur
1763 936 1820 985 et
1850 932 1908 986 in
1944 947 2103 986 mare

450 1016 843 1073 deducuntur.
879 1017 1027 1073 Sunt
1048 1028 1099 1073 et
1132 1020 1425 1090 pedestres
1457 1022 1635 1091 copim
1666 1037 1734 1076 ex
1787 1020 1944 1075 omni
1989 1021 2102 1074 im-

451 1110 613 1178 perio
644 1106 1006 1178 conscriptae,
1040 1107 1243 1174 armis,
1277 1108 1496 1165 viribus
1537 1115 1710 1181 atque
1758 1108 1968 1164 animis
1998 1108 2101 1164 ﬂo-

455 1195 823 1259 rentissimae,
854 1203 909 1250 et
942 1196 1204 1252 hostibus
1239 1198 1446 1254 merito
1486 1197 1901 1254 formidabiles.
1955 1198 2098 1254 Nam

454 1283 709 1341 Joannes
738 1284 1015 1341 Manuelis
1047 1291 1227 1354 pater,
1252 1289 1506 1358 optimus
1541 1293 1598 1342 et
1619 1285 2100 1344 bellicosissimus

455 1373 791 1445 imperator,
826 1389 930 1431 nec
953 1376 1177 1429 czeteris
1209 1377 1266 1430 in
1301 1377 1471 1432 rebus
1516 1393 1642 1448 quia
1688 1377 1756 1431 ad
1805 1375 2098 1448 publicam

453 1462 763 1519 utilitatem
787 1469 1111 1535 spectarent
1132 1466 1453 1538 negligens,
1486 1472 1541 1521 et
1562 1468 1621 1522 in
1664 1465 1961 1538 catalogus
1997 1469 2099 1521 mi-

448 1551 615 1609 litum
649 1552 709 1608 in
740 1553 944 1624 primis
966 1554 1227 1611 intentus
1259 1555 1368 1610 fuit
1395 1573 1410 1623 ;
1442 1572 1657 1628 eosque
1707 1561 1829 1611 tum
1874 1556 2101 1628 congia-

449 1642 550 1698 riis
574 1642 912 1699 liberalibus
930 1645 1217 1714 excitavit,
1252 1649 1378 1700 tum
1418 1645 1643 1701 bellicis
1673 1644 2095 1700 exercitationi-

452 1732 561 1787 bus
593 1732 866 1788 firmavit.
900 1732 995 1789 Sic
1040 1733 1218 1804 igitur
1273 1736 1487 1805 optime
1544 1738 1613 1791 ad
1660 1735 1873 1790 bellum
1927 1734 2096 1791 Sicu-

1776 345 2095 409 NICETJB
2137 345 2556 407 CHONIA'FE

1831 486 2173 551 triremesA
2207 501 2386 562 φιστο,
2446 482 2860 555 μετελεύσεσθαι
2920 481 3154 557 πολέμῳ
3222 485 3345 546 τοὺς
3403 486 3648 552 Σικελοὺς
3700 497 3816 550 κατὰ

2200 1729 2509 1805 ἀνάγονται,

3712 360 3812 420 412

2212 592 2270 626 τε
2344 571 2508 645 ξηρὰν
3297 596 3354 628 τε
3426 576 3697 649 θάλασσα-ι,
3744 582 3812 636 δτι

2213 662 2363 717 καὶὸ
2430 661 2574 737 ἀγὼν
2629 662 2885 734 οὐδαμῶς
2942 664 3037 723 τὰς
3096 661 3320 724 ἐλπίδας
3379 664 3571 740 ἀγαθάς
3624 669 3811 726 ὑπετεί-

2211 772 2353 818 νετο,
2389 748 2503 806 οὐδ’
2545 748 2821 806 ὑπέϐαλλε
2884 752 3092 827 βραχέα
3160 754 3224 806 τὰ
3277 759 3683 827 προσιστάμενα,

2211 860 2397 911 γιστος
2454 840 2880 914 ἀναφαινόμενος
2935 841 3023 894 καὶ
3085 847 3201 902 τοῖς
3270 840 3438 896 πάλαι
3494 844 3815 918 ἀπειρημέναις

2208 929 2495 1003 Ῥωμαίων
2528 926 2699 1000 ἔναξι.
2735 928 3066 1005 Συλλέγεται
3134 931 3225 984 οὖν
3282 933 3349 985 τά
3395 933 3502 1003 ὲῷα
3553 934 3634 988 καὶ
3687 938 3813 994 Emi-

2210 1038 2298 1094 ρια
2328 1020 2596 1093 τάγματα.
2644 1019 2713 1074 Ai.
2774 1020 2867 1091 μὶν
2933 1020 3375 1089 ἐπισκευάζονται
3431 1025 3534 1076 τῶν
3564 1028 3810 1098 τριηρέων,

2209 1107 2264 1161 αἱ
2296 1104 2352 1161 δὲ
2381 1108 2574 1163 νεωστὶ
2603 1110 2924 1182 πήγνυνται,
2953 1111 3044 1163 καὶ
3084 1110 3219 1183 πρὸς
3275 1110 3368 1164 τὸν
3427 1109 3591 1166 πλοῦν
3644 1113 3813 1188 ἀρτίω-

2207 1218 2289 1252 σιν
2333 1194 2608 1276 δέχονταν
2645 1200 2699 1253 αἱ
2730 1199 3003 1275 πυρφόροι
3032 1200 3093 1254 τὸ
3154 1199 3313 1273 ὑγρὸν
3362 1197 3679 1276 εἰσδέχονται
3727 1209 3811 1281 πῦρ

2203 1287 2267 1341 τὸ
2325 1284 2460 1347 τὲως
2519 1287 2761 1362 ἠρεμοῦν
2820 1283 3168 1362 ἀδιεκχυτον·
3254 1290 3589 1364 ἀθροίζονται
3643 1312 3814 1363 πεντηο

2204 1374 2480 1448 κόντοροι,
2560 1375 2862 1451 ἀγείρονται
2941 1379 3316 1451 μυοπάρωνες*
3406 1380 3458 1432 αἱ
3546 1380 3813 1457 ἱππαγωγοὶ

2204 1463 2630 1540 ᾀσφαλτοῦνται,
2693 1465 2747 1518 αἱ
2805 1466 3150 1543 φορταγωγοὶ
3181 1464 3523 1541 πληροῦνται
3574 1474 3669 1523 τῶν
3706 1468 3814 1526 ἐδω-

2205 1549 2408 1624 δίμων,
2467 1552 2518 1607 οἳ
2576 1552 3044 1628 ἐπεκτροκέλητες
3105 1553 3530 1629 εὐτρεπίζονται.
3576 1557 3729 1614 Πάντα
3770 1557 3815 1615 δὲ

2209 1642 2278 1697 τὰ
2335 1642 2537 1721 σκάφη,
2592 1648 2713 1705 τοῖς
2774 1644 2970 1705 ἱστίοις
3018 1643 3369 1718 πτερωθέντα
3425 1645 3483 1700 ἐκ
3535 1653 3627 1714 τῆς
3678 1647 3813 1721 ᾐόνος

2597 1730 2678 1810 ἐφ’
2736 1732 2803 1800 ἧς
2858 1733 2995 1801 ἦσαν
3059 1731 3380 1789 σαλεύοντα.
3452 1736 3811 1811 Συγκεκρότητο

452 1820 596 1888 lum,
639 1825 705 1876 ut
742 1822 1003 1893 putabat,
1061 1824 1403 1891 instructus,
1458 1822 1750 1896 Stephano
1797 1821 2093 1879 Contoste-

2211 1827 2331 1898 γοῦν
2367 1823 2394 1876 ὂ
2429 1822 2631 1885 στόλος
2663 1823 2838 1900 ἀγχοῦ
2868 1845 2975 1882 που
3005 1829 3112 1878 τῶν
3182 1824 3387 1899 χιλίων
3433 1825 3654 1897 πλοίων,
3697 1830 3740 1881 αἱ
3765 1825 3813 1882 δὶ

454 1909 648 1981 phano
669 1909 889 1965 sororio
913 1927 1121 1982 magno
1145 1913 1290 1968 duce
1311 1913 1631 1985 designato,
1666 1912 1905 1968 classem
1925 1913 2097 1983 jubet

452 1986 712 2065 solvere;
749 1999 967 2069 pedites
997 2017 1220 2072 quoque
1263 2007 1470 2073 praeter
1506 2008 1741 2058 caeteros
1797 2004 1970 2058 duces
1999 2002 2095 2057 Jo-

451 2102 602 2141 anne
634 2088 870 2143 Axucho
928 2104 1141 2160 magno
1199 2090 1516 2147 domestico
1575 2092 1868 2157 adjuncto,
1930 2091 2098 2161 cuius

451 2191 627 2247 supra
651 2193 800 2248 saepe
838 2179 1193 2234 mentionem
1229 2180 1495 2247 fecimus,
1529 2181 1779 2253 ablegat.
1815 2181 2097 2237 Triremes

449 2266 519 2320 ad
554 2266 851 2322 Phaeacum
876 2266 1038 2322 littus
1069 2270 1328 2340 appulsa:
1362 2270 1441 2324 ita
1472 2271 1798 2325 distributae
1842 2276 2002 2335 sunt,
2037 2275 2100 2324 ut

451 2359 512 2411 et
543 2354 815 2411 Romanae
848 2362 903 2411 et
937 2359 1275 2413 Venetorum
1303 2362 1468 2414 sociis
1525 2364 1769 2415 seorsim
1821 2359 2100 2413 stationes

460 2443 756 2511 baberent,
792 2462 863 2500 ne
893 2463 962 2502 ex
1022 2448 1352 2519 promiscuo
1412 2464 1731 2520 congressu
1787 2452 2101 2503 contentio-

458 2551 560 2589 nes
585 2535 897 2590 orirentur.
924 2535 1100 2591 Paulo
1134 2544 1256 2607 post
1318 2538 1473 2593 104
1524 2548 1576 2593 et
1636 2537 2103 2608 ipseimperator

456 2648 588 2689 cum
610 2633 856 2689 exercitu
879 2634 1206 2707 egreditur;
1226 2636 1525 2709 etScythis
1565 2636 1750 2707 primo
1783 2652 2098 2706 congressu

456 2721 798 2793 proﬂigatis,
832 2725 933 2796 qui
968 2724 1114 2780 Istro
1170 2732 1444 2797 superato
1504 2725 1625 2782 loca
1679 2729 1874 2780 Haemo
1918 2726 2103 2782 monti

455 2811 645 2866 vicina
676 2812 1127 2883 populabantur,
1162 2816 1364 2871 relicta
1403 2815 1788 2887 Philippopuli
1844 2822 1999 2870 recta
2029 2815 2100 2870 ad

460 2901 766 2975 Corcyram
810 2904 1016 2975 pergit.
1049 2904 1231 2975 Cujus
1276 2905 1481 2960 ίυευιω
1536 2904 1995 2976 promontorium
2026 2903 2103 2959 al-

461 2991 754 3046 tissimum
789 2992 844 3047 in
877 2991 1063 3048 nubes
1094 2993 1369 3065 assurgit,
1409 2996 1766 3051 anfractibus
1824 2993 2099 3049 inﬂexum

463 3081 607 3135 etin
685 3096 842 3136 mare
925 3082 1447 3153 profundissimum
1535 3083 1870 3154 prominens
1957 3101 2104 3154 prae-

464 3168 653 3239 ruptis
708 3170 890 3238 petris
940 3175 1170 3240 septum
1227 3189 1239 3227 :
1297 3176 1418 3228 tota
1463 3174 1602 3228 urbs
1661 3171 1952 3227 mcsnibus
2010 3171 2103 3226 tir-

462 3257 741 3314 missimis
795 3257 1155 3315 circumdata
1221 3266 1395 3331 atque
1473 3261 1776 3317 altissimis
1849 3261 2105 3316 turribus

462 3351 726 3406 ordinata
755 3356 842 3407 est
872 3368 887 3420 ;
920 3368 1035 3423 quo
1070 3352 1393 3409 mirabilior
1420 3352 1523 3408 fuit
1555 3355 1680 3421 ejus
1728 3354 2100 3423 expugnatio.

457 3442 538 3497 Ac
567 3439 799 3497 navales
820 3441 999 3512 copias
1028 3457 1243 3497 corona
1286 3443 1749 3515 promontorium
1802 3442 2104 3514 cingentes

456 3528 607 3586 ferro
640 3533 771 3585 tota:
819 3529 1204 3587 collucebant.
1255 3532 1365 3587 Sed
1423 3538 1557 3587 ante
1610 3530 2102 3603 oppugnationem

456 3617 777 3689 imperator
801 3635 903 3691 per
927 3621 1059 3691 ejus
1092 3621 1303 3693 lingua
1335 3621 1550 3692 peritos
1594 3620 1845 3677 hostium
1879 3620 2105 3675 animos

457 3707 867 3780 periclitandos
893 3710 1144 3777 censuit,
1173 3727 1249 3767 an
1279 3713 1422 3766 citra
1455 3725 1707 3783 pugnam
1732 3707 1967 3764 castello
1999 3710 2108 3763 vel-

459 3796 582 3853 lent
612 3799 836 3855 cedere.
871 3799 978 3863 Qui
1009 3815 1139 3855 cum
1163 3800 1292 3870 ejus
1327 3799 1632 3869 postulatis
1675 3799 1926 3870 rejectis,
1981 3814 2107 3867 por-

460 3886 646 3956 tisque
672 3886 887 3944 clausis
946 3904 1015 3945 ac
1070 3887 1329 3945 vectibus
1378 3888 1641 3954 ﬁrmatis,
1679 3892 1735 3942 et
1787 3887 2105 3959 sagittariis

458 3976 848 4033 funditoribus
877 3983 935 4033 et
960 3980 1151 4035 omnis
1199 3978 1430 4051 generis
1489 3977 1777 4033 machinis
1816 3976 1875 4031 in
1909 3975 2108 4032 mami-

455 4066 566 4123 hus
597 4065 918 4139 dispositis,
946 4084 1196 4139 pugnam
1253 4068 1495 4136 cierent,
1525 4073 1652 4123 tum
1713 4065 1836 4122 suis
1875 4081 2105 4138 quoque

458 4164 785 4236 legionibus
806 4166 957 4223 idem
990 4167 1177 4223 facere
1205 4172 1261 4223 et
1292 4167 1498 4235 quovis
1560 4166 1725 4222 modo
1768 4163 1969 4221 ulcisci
1998 4163 2103 4219 ho-

460 4261 579 4310 stes
606 4255 801 4324 jussit.
831 4256 913 4312 Ex
944 4273 1009 4313 eo
1042 4256 1288 4312 Romani
1320 4257 1432 4312 tela
1459 4255 1615 4311 velut
1646 4255 1702 4308 in
1735 4253 1941 4310 cmlum
1982 4253 2106 4323 eja-

462 4343 753 4411 culantur,
816 4346 1012 4401 hostes
1091 4361 1223 4401 vero
1290 4347 1532 4417 sagittas
1580 4348 1857 4416 tanquam
1916 4342 2103 4397 nivem

463 4431 767 4501 dejiciunt.
797 4433 884 4488 llli
916 4450 1054 4490 saxa
1092 4436 1403 4489 tormentis
1462 4434 1515 4487 vi
1558 4432 1790 4504 adigere
1833 4432 1893 4487 in
1922 4431 2106 4486 altum

461 4522 1519 4595 conantur,bigranutinisinstarsaxa
1564 4523 1713 4580 105
1773 4522 2103 4594 dejiciunt;

2201 1912 2415 1981 πεζικαὶ
2461 1909 2712 1983 δυνάμεις
2770 1911 2824 1974 ἐς
2867 1911 3133 1986 μυριάδας
3192 1915 3579 1988 ἠθροίσθησαν.
3641 1922 3808 1995 Ἔφρι-

2206 2001 2293 2070 ξαν
2330 1997 2389 2055 ἄν
2435 2000 2524 2055 καὶ
2556 2000 2830 2078 Γίγαντες,
2889 2001 2931 2057 εἰ
2993 2009 3270 2077 παρῆσαν,
3341 2003 3589 2073 τοιαύτην
3639 2025 3818 2080 παρεμ-

2207 2083 2410 2156 ϐολὴν,
2443 2087 2558 2144 ἐπεὶ
2618 2091 2707 2144 καὶ
2765 2087 3094 2165 εὐανδροῦσα
3147 2093 3213 2162 ἦν
3277 2095 3312 2160 ἡ
3371 2092 3646 2165 Ῥωμαίων
3702 2099 3817 2148 πᾶσα

2207 2178 2269 2234 τὸ
2300 2178 2423 2234 τότε
2478 2184 2671 2250 καιροῦ
2736 2182 2827 2234 καὶ
2883 2181 3155 2258 τρέφουσα
3214 2179 3414 2250 ἄηδρας
3472 2183 3695 2251 ἡοωϊκήν
3756 2182 3817 2237 ὲν·

2210 2263 2585 2336 δεικνυμένους
2617 2264 2811 2337 ἀλκὴν,
2842 2267 2930 2321 καὶ
2962 2269 3024 2321 τὸ
3057 2266 3353 2323 ὁπλιτικὸν
3386 2269 3483 2323 οῦκ
3509 2272 3570 2338 ἦν
3623 2270 3821 2339 ἀγεννὲς,

2210 2363 2358 2420 ἆλλᾶ
2386 2366 2486 2434 τήν
2519 2365 2697 2437 ὁρμὴν
2733 2362 3029 2426 λεοντῶδες
3080 2367 3169 2420 καὶ
3220 2366 3614 2424 ἀνυπόστατον.
3643 2368 3693 2421 ’ω
3739 2368 3818 2441 γΞιρ

2213 2453 2599 2528 βασιλεύτατος
2661 2458 2739 2526 τῷ
2792 2451 2908 2508 ὄντι
2963 2453 3054 2508 καὶ
3116 2458 3623 2529 στρατηγικώτατος
3671 2456 3819 2512 Ἰωάν-

2210 2564 2328 2611 νης,
2367 2544 2395 2598 ὁ
2430 2547 2526 2597 τοῦ
2562 2542 2827 2614 Μανουὴλ
2861 2542 3070 2612 τοκεῦς,
3106 2542 3231 2599 οὐδὲ
3257 2544 3450 2600 ’τᾶλλα
3507 2545 3595 2619 μὲν
3626 2543 3820 2619 ἐσχεδία-

2214 2637 2295 2702 ζεν
2322 2631 2420 2686 ὅσα
2479 2631 2665 2699 κοινῆν
2737 2632 2976 2708 είσεφερε
3030 2630 3411 2702 λυσιτέλειαν,
3440 2638 3541 2688 τῶν
3596 2632 3646 2689 δὲ
3694 2654 3818 2706 στρα-

2211 2725 2483 2776 τιωτικῶν
2511 2722 2833 2795 καταλόγων
2866 2719 3228 2798 διαφερόντως
3303 2724 3572 2799 ἐφρόντιζε
3609 2723 3820 2794 μάλιστα,

2212 2816 2438 2885 συχνοῖς
2492 2833 2549 2867 τε
2614 2812 2842 2876 πιαίνων
2900 2809 3369 2891 φιλοδωρήμασι,
3421 2815 3505 2869 καὶ
3577 2820 3680 2874 ταῖς
3727 2813 3819 2867 καθ’

2211 2899 2355 2976 ὥραν
2414 2901 2738 2977 γυμνασίαις
2796 2899 3112 2977 ὑπαλείφων
3193 2905 3344 2975 πρὸς
3425 2900 3551 2978 ἔργα
3601 2902 3816 2974 πολέμια.

2215 2991 2390 3048 Οὕτω
2420 2989 2621 3058 τοίνυν,
2653 2989 2743 3044 καὶ
2777 2989 2851 3053 ὡς
2880 2987 3039 3062 ᾤετο,
3070 2988 3258 3052 καλῶς
3339 2993 3407 3047 τὰ
3467 2993 3597 3048 κατὰ
3644 2992 3718 3046 τὸν
3744 2997 3817 3044 £2-

2212 3077 2430 3134 κελικὸν
2486 3076 2731 3151 πόλεμον
2797 3084 3359 3155 παρασκευασάμενος
3440 3081 3696 3156 ἀνάγεσθαι
3742 3079 3815 3151 μὶν

2214 3165 2425 3222 κελεύει
2456 3168 2547 3222 τὸν
2580 3165 2777 3222 στόλον
2810 3172 2927 3230 τοῖς
2983 3167 3189 3242 ἐρέταις
3255 3170 3359 3225 καὶ
3411 3169 3697 3229 κελευσταῖς
3745 3168 3820 3222 λὺ-

2214 3276 2333 3311 σασι
2363 3258 2430 3311 τὰ
2476 3259 2776 3331 καρχήσια,
2838 3257 3002 3331 μέγαν
3059 3255 3254 3312 δούκαν
3322 3254 3710 3334 προϐαλόμενος
3749 3257 3819 3311 τὸν

2209 3344 2292 3399 ἐπ’
2352 3342 2562 3421 ἀδελφῇ
2624 3340 2877 3419 γαμϐρὸν
2935 3346 3027 3401 τὸν
3086 3347 3533 3426 Κοντοστέφανον
3578 3350 3817 3426 Στέφανον,

2210 3435 2457 3508 ἂπαίρειν
2491 3431 2547 3488 δὲ
2602 3434 2693 3489 καὶ
2750 3436 2849 3502 τὴν
2912 3439 3080 3502 πεζήν
3138 3440 3404 3510 στρατιὰν
3463 3438 3548 3493 ὑπ’
3593 3438 3815 3512 ἀρχηγοῖς

2207 3524 2432 3600 ἑτέροις,
2465 3523 2609 3580 ἀλλᾶ
2640 3521 2706 3594 δὴ
2739 3525 2829 3580 καὶ
2863 3527 3086 3601 Ἰωάννῃ
3122 3532 3202 3599 τῷ
3239 3530 3504 3605 ’Λξοόχῳ
3531 3535 3606 3601 τῷ
3637 3525 3816 3601 μεγάλῳ

2211 3612 2542 3688 δομεστίκῳ,
2574 3616 2695 3690 περὶ
2730 3616 2792 3670 οὗ
2824 3616 3120 3692 φθάσαντες
3177 3616 3231 3672 ἐν
3294 3618 3570 3681 πλείστοις
3621 3613 3819 3690 παρεδη-

2210 3702 2488 3776 λώσαμεν.
2551 3703 2685 3778 Εἶχε
2714 3705 2896 3759 τοίνυν
2950 3706 3047 3767 τάς
3076 3707 3326 3780 τριήρεις
3359 3711 3393 3777 ἡ
3450 3712 3553 3765 τῶν
3603 3706 3820 3761 Φαιάκων

2209 3792 2474 3868 πάραλος,
2531 3793 2596 3862 ἢν
2655 3793 2743 3848 καὶ
2805 3790 3218 3868 διαμερίζονται
3279 3798 3421 3871 πρὸς
3469 3797 3721 3868 ὲνόεμισιν
3772 3792 3815 3846 ιιῖ

2208 3888 2397 3939 τετῶν
2439 3884 2736 3940 Βενετίκων
2771 3881 3119 3959 συμμαχίδες
3148 3892 3279 3954 νῆες
3312 3887 3403 3941 καὶ
3458 3888 3514 3942 αἱ
3563 3882 3815 3957 Ῥωμαϊχαὶ

2210 3979 2392 4047 αὐταὶ,
2438 3976 2519 4048 ἵν,
2580 3981 2681 4035 εἷεν
2743 3979 2916 4042 οὕτως
2977 3985 3031 4036 οὶ
3087 3981 3425 4057 ναύσταθμοι
3482 3989 3593 4045 τοῖς
3645 3984 3815 4057 γὲνισιν

2209 4071 2548 4149 ἀμφοτέροις
2579 4069 2802 4145 ἄμικτοι
2835 4072 2924 4125 καὶ
2953 4076 3060 4126 τῶν
3117 4070 3178 4128 ἐκ
3232 4076 3335 4141 τῆς
3390 4074 3579 4147 ἀναμὶξ
3608 4073 3823 4140 ἀναστρο-

2209 4167 2317 4240 φῆς
2347 4159 2600 4236 ἃγευστοι
2636 4156 2935 4237 διαφορῶν
2972 4161 3107 4234 μετὰ
3141 4162 3330 4242 βραχὺ
3362 4160 3419 4219 δὲ
3472 4163 3557 4219 καὶ
3614 4156 3822 4236 βασιλεῦς

2209 4249 2372 4312 αὐτὸς
2402 4245 2563 4319 ἔξεισι
2597 4249 2731 4322 μετὰ
2789 4252 2889 4319 τῆς
2950 4257 3223 4324 στρατιᾶς.
3282 4252 3370 4323 Ἐξ
3410 4250 3604 4328 ἕφόδου
3655 4247 3704 4305 δὶ
3727 4245 3826 4307 τοὺς

2209 4338 2423 4400 Σκύθας
2492 4335 2845 4413 διαθροήσας,
2910 4338 2965 4395 οἲ
3028 4340 3121 4395 τὸν
3204 4343 3422 4416 Ἵστρον
3479 4336 3734 4400 διαϐάντες
3775 4336 3825 4390 τὰ

2210 4429 2333 4503 περὶ
2363 4429 2455 4483 τὸν
2485 4429 2665 4501 Αἷμον
2697 4428 2961 4499 ἐσίνοντο,
2994 4427 3128 4502 ἄρας
3166 4429 3226 4485 ἐκ
3285 4438 3389 4501 τῆς
3439 4428 3703 4487 Φιλίππου
3747 4427 3829 4493 τὴν

2211 4517 2337 4582 εὐθὺ
2370 4518 2647 4594 Κερκύρας
2680 4513 2949 4589 ἐϐάδιζεν.
3001 4522 3155 4577 ’Ἐστι
3188 4518 3247 4577 δὲ
3275 4523 3311 4591 ἡ
3347 4520 3677 4597 Κερκυραίων
3719 4517 3828 4588 ἂκρα

463 4625 712 4680 quorum
739 4614 851 4667 tela
910 4618 974 4667 ut
1021 4630 1088 4669 ex
1147 4615 1446 4684 superiore
1494 4613 1620 4671 loco
1650 4613 1798 4668 citra
1844 4612 2102 4667 laborem

2211 4588 2628 4682 autin/nas:
2681 4607 2772 4662 καὶ
2830 4608 3156 4684 ἀγχινεφῆς,
3219 4588 3535 4679 ὲλινκοειδὴς
3580 4610 3672 4677 τήν
3716 4603 3830 4671 θέσιν

465 4697 666 4767 missa,
698 4699 957 4756 efﬁcacia
1005 4707 1191 4771 erant,
1249 4718 1382 4757 cum
1433 4706 1822 4757 Romanorum
1873 4700 2005 4756 telis
2036 4716 2105 4753 ex

463 4788 734 4845 inferiore
764 4789 890 4845 loco
912 4794 969 4844 et
991 4789 1135 4845 nihil
1167 4798 1265 4846 aut
1323 4806 1528 4862 parum
1575 4790 1892 4845 admodum
1941 4789 2107 4844 laede-

461 4883 684 4934 rentur.
717 4880 852 4943 Quae
881 4894 1016 4933 cum
1048 4878 1310 4935 crebrius
1368 4878 1609 4950 repetita
1666 4877 1945 4934 Romanis
1975 4893 2112 4948 prte-

462 4985 597 5024 sens
628 4970 864 5025 exitium
898 4968 1333 5034 denuntiarent,
1367 4967 1622 5023 obsessis
1650 4981 1781 5021 vero
1835 4967 1960 5022 sine
1992 4963 2110 5021 ullo

461 5056 834 5112 incommodo
893 5055 1171 5129 optabilia
1225 5060 1442 5121 essent,
1527 5054 1770 5111 Romani
1847 5051 2112 5109 cladibus

2210 4696 2299 4752 καὶ
2361 4692 2763 4772 ὑὼικόρυμϐος,
2819 4704 3183 4771 προσνευκυῖα
3238 4697 3292 4759 ἐς
3360 4700 3424 4754 τὸ
3482 4699 3711 4774 βάθιστον
3741 4699 3828 4759 τῆς

2216 4784 2516 4856 θαλάσσης.
2577 4782 2772 4860 Πέτραι
2834 4782 2892 4840 δὲ
2956 4785 3396 4863 περιεῤῥώγεσαν
3453 4787 3614 4857 αὐτὴν
3685 4779 3825 4858 ἀμφί-

2216 4895 2457 4948 κρημνοι
2495 4875 2588 4929 καὶ
2619 4874 2913 4946 ἀπότομοι,
2946 4876 3010 4930 τὸ
3043 4872 3090 4930 δ’
3121 4876 3258 4950 ὕψος
3290 4877 3425 4950 ὑπὲρ
3460 4878 3561 4946 τήν
3586 4872 3822 4947 ᾀδομὲνην

2219 4962 2431 5041 ἄορνον.
2496 4964 2672 5041 Τείχη
2744 4962 2803 5020 δὲ
2865 4963 3075 5041 ἀρῥαγῆ
3144 4967 3243 5033 τήν
3308 4965 3473 5023 πόλιν
3553 4961 3831 5038 περιείληφε

2220 5060 2416 5120 πᾶσαν,
2476 5055 2567 5110 καὶ
2627 5054 2848 5131 πύργων
2906 5058 3244 5129 περιεστᾶσιν
3330 5057 3616 5130 ὑψώματα,
3682 5050 3713 5107 ἆ
3758 5047 3831 5103 καὶ

464 5145 693 5201 excitati
726 5146 977 5201 subinde
1032 5147 1162 5201 novi
1221 5145 1442 5219 aliquid
1494 5146 1550 5201 in
1592 5149 1907 5217 conspectu
1943 5144 2115 5215 impe-

466 5239 679 5293 ratoris
708 5238 1058 5310 excogitant,
1092 5236 1261 5293 fortia
1310 5236 1568 5292 facinora
1622 5236 1825 5305 edunt,
1857 5234 2110 5290 tuleran-

469 5327 606 5381 tiam
640 5344 1040 5384 aerumnarum
1071 5314 1724 5394 deolarant,rationibus
1754 5325 1809 5381 in
1846 5341 1907 5382 re
1936 5322 2115 5379 dubia

470 5413 742 5483 inventis,
768 5416 924 5471 unde
946 5419 1161 5486 quanta
1184 5415 1501 5471 calliditate
1523 5419 1580 5469 et
1600 5414 1681 5470 rei
1712 5412 1980 5469 militaris
2003 5428 2116 5468 usu

468 5500 730 5558 valerent
751 5504 1034 5560 elucebat.
1076 5502 1291 5560 Verum
1326 5503 1430 5560 illa
1467 5503 1663 5559 omnia
1687 5506 1897 5559 irustra
1926 5506 2103 5558 erant.

2225 5501 2533 5574 ὁμοφώνων
2561 5500 2881 5574 πειραθῆναι
2911 5504 3018 5555 τῶν
3058 5493 3230 5569 ἔνδον,
3283 5498 3333 5556 εἲ
3383 5520 3500 5561 πως
3558 5497 3833 5553 unauna?"

472 5594 530 5647 et
561 5590 693 5645 vani
725 5598 968 5648 conatus
998 5608 1197 5649 earum
1232 5609 1429 5649 rerum
1477 5608 1603 5664 quia
1658 5593 1783 5649 ﬁeri
1814 5609 1930 5649 non
1964 5602 2103 5665 pote

2226 5586 2374 5658 αὐτῷ
2400 5591 2498 5643 τοῦ
2527 5586 2792 5666 φρουρίου
2827 5586 3103 5666 ἀμαχητί.
3162 5589 3249 5650 Ὠς
3297 5583 3355 5642 δὶ
3400 5590 3505 5642 τῶν
3562 5582 3830 5660 λεγομένων

478 5680 766 5738 rant.Imo
795 5680 1189 5751 gratissimam
1220 5696 1342 5738 rem
1377 5680 1646 5738 hostibus
1702 5688 1755 5738 et
1812 5679 2103 5754 optabilen

2229 5676 2419 5736 ἀκουαὶ
2456 5678 2740 5757 γεγονότες
2769 5673 2884 5734 οὐδ’
2924 5676 3069 5742 ὅλως
3129 5674 3525 5751 ὑπενεδίδοσαν,
3581 5671 3715 5730 ἀλλὰ
3761 5668 3832 5724 τι.

2221 5148 2440 5200 ποιοῦσι
2472 5145 2574 5213 τήν
2640 5141 2845 5213 ταύτης
2902 5140 3368 5218 παραλογωτῇοαν
3426 5138 3831 5211 ἃλωσιν.Αἱμὶν

2224 5232 2291 5304 δὴ
2347 5233 2591 5288 ναυτικαί
2663 5229 2916 5305 δυνάμεις
3009 5234 3112 5303 τήν
3172 5230 3337 5307 ἄκραν
3420 5230 3832 5307 περιστεψάμεναι

2222 5320 2576 5401 παγχάλκοις
2606 5319 2919 5389 περιείλουν
2954 5320 3173 5384 ὅπλοις·
3236 5323 3345 5396 πρὸ
3393 5320 3450 5377 δὲ
3504 5324 3598 5376 τοῦ
3635 5315 3833 5386 πολέμῳ

2224 5407 2504 5468 ἇπιϐαλεῖν
2537 5408 2680 5486 ἔγνω
2711 5407 2820 5466 δεῖν
2852 5412 2880 5465 ὁ
2916 5409 3172 5487 βασιλεὺς
3230 5408 3297 5465 δι’
3359 5401 3832 5486 ὁμογλώττων-καὶ
