4068 6196
350 357 467 416 419

1667 337 1979 400 ΝΙΟΕΤΕ
2020 337 2444 403 GHONIATAE

3643 339 3767 400 4-0

353 504 553 546 eorum
586 503 734 560 quos
764 499 916 554 saepe
943 480 1000 535 in
1035 478 1156 534 acie
1185 473 1416 532 stetisse
1445 480 1498 530 et
1524 472 1677 528 viros
1707 488 1836 528 esse
1881 471 1996 527 for-

2108 475 2218 526 τῶν
2279 472 2552 548 Φράγγων
2612 469 2804 549 γένους
2862 471 3205 560 ὁρμιῖῡμενοιΔ
3222 469 3314 524 καῖ¹
3341 467 3478 524 κατᾶ
3508 469 3574 524 τὸ
3608 465 3772 523 Διδυ-

356 585 446 636 tes
505 581 864 648 compertum
913 569 1181 634 habebat,
1241 582 1339 622 eos
1421 566 1732 621 ascendere
1800 561 2000 635 jussit,

361 667 581 741 prolixe
613 667 774 738 prius
794 663 1132 718 cohortatus
1164 659 1234 714 ad
1271 674 1388 713 rem
1419 656 1643 711 fortiter
1662 654 2001 726 gerendam,

356 770 410 815 et
441 759 584 813 111
621 755 761 821 ipsis
792 766 1108 821 eorumque
1163 748 1360 803 liberis
1418 743 1611 815 ampla
1673 742 1904 812 praemia
1946 747 2005 795 et

359 851 626 902 mutuam
669 839 1122 899 benevolentiam
1159 835 1450 909 pollicitus
1483 853 1496 892 :
1526 834 1696 890 «Sive
1739 831 1892 886 enim
1927 829 2004 884 vi-

355 941 477 992 tam
513 931 768 1005 periculo
799 931 1009 985 evitato
1033 925 1422 993 servaveritis,
1445 923 1656 994 inquit,
1689 919 2004 974 certamine

357 1023 468 1079 isto
497 1021 738 1078 feliciter
767 1023 1061 1090 superato,
1117 1033 1208 1070 me
1264 1030 1444 1085 supra
1503 1011 1834 1083 opinionem
1879 1023 2002 1062 ves-

357 1115 509 1168 tram
544 1128 644 1184 pro
697 1109 935 1164 domino
987 1112 1044 1162 et
1091 1103 1440 1176 imperatore
1472 1109 1690 1173 patrem
1733 1094 1999 1152 fidelissi-

360 1216 520 1256 mum
553 1196 838 1254 habebitis
870 1213 883 1250 :
911 1195 1031 1250 sive
1062 1210 1162 1266 pro
1199 1191 1386 1264 patrita
1429 1189 1649 1244 honore
1695 1191 2002 1270 vestraque

359 1289 544 1362 gloria
575 1291 820 1342 mortem
879 1281 1258 1356 oppetieritis,
1309 1280 1481 1335 etiam
1537 1279 1622 1333 sic
1679 1293 1746 1331 ea
1773 1291 1904 1346 quas
1931 1271 2004 1328 ad

358 1378 689 1435 ornandum
721 1377 948 1432 obitum
993 1378 1249 1428 vestrum
1310 1367 1685 1441 pertinebunt
1742 1381 1857 1422 non
1903 1378 2002 1418 ne-

357 1469 596 1540 gligam,
630 1467 730 1522 sed
757 1470 957 1521 vestra;
994 1461 1245 1529 familiae,
1288 1474 1534 1514 uxorum
1581 1461 1638 1513 et
1688 1454 2000 1510 liberorum

357 1573 486 1612 eam
545 1556 828 1612 rationem
895 1551 1140 1616 habebo,
1199 1553 1265 1604 ut
1321 1547 1467 1602 beati
1525 1555 1581 1600 et
1636 1543 1830 1599 felices
1886 1541 2007 1597 sint

352 1645 682 1716 judicandi,
713 1647 768 1699 et
799 1642 913 1714 ipsi
962 1654 1239 1710 magnum
1301 1636 1430 1692 sitis
1487 1633 1688 1690 mortis
1728 1632 2002 1687 solatium

362 1733 637 1800 habituri,
670 1732 718 1788 si
749 1732 882 1803 quis
915 1731 1084 1785 modo
1113 1744 1319 1783 sensus
1369 1724 1659 1780 defunctis
1713 1723 2002 1794 superest,

2113 561 2380 638 μότοιχον
2409 564 2508 631 τὴν
2542 560 2756 633 οἷ’κησιν
2791 556 3032 636 ἔχοντες,
3075 553 3348 630 ἐπέϐησαν
3395 563 3612 634 πρῶτοι
3668 565 3773 626 τῆς

2107 649 2514 724 κλίμακος,τῷ
2557 649 2778 728 βασιλεῖ
2832 651 3326 726 πειθαρχήσαντες.
3381 649 3604 704 Τούτων
3662 648 3774 722 γὰρ

2111 736 2634 817 ἇποτεθαρρηκότων
2694 741 2929 816 πρώτως
2985 740 3086 808 τήν
3139 737 3354 808 ἄνοδον,
3417 737 3661 812 μάλιστα
3715 735 3774 792 Si:

2109 831 2216 903 πρὸ
2246 832 2421 887 αὐτῶν
2480 836 2578 886 τοῦ
2633 832 2920 901 Πουπάκη,
2988 829 3048 891 ὅς
3103 825 3421 904 δορυφορῶν
3465 831 3560 884 τὸν
3599 831 3770 904 μέγαν

2111 916 2432 992 δομέστικον
2492 919 2623 984 ὁλος
2679 921 2745 990 ἦν
2807 918 3071 988 ἐνθεάζων
3129 918 3266 992 πρὸς
3324 918 3386 972 τὸ
3444 913 3603 992 ἔργον
3645 918 3774 973 τότε

2108 1007 2198 1064 καὶ
2230 1007 2672 1084 προαλλόμενος,
2704 1008 2794 1063 καὶ
2820 1004 2998 1082 ἕτεροι
3059 1008 3168 1062 οὐκ
3193 1005 3378 1082 ὀλίγοι
3421 1007 3562 1061 κατά
3597 1005 3768 1076 ζῆλον

2108 1097 2584 1170 ἐπηκολούθησαν.
2654 1104 2865 1162 Παντας
2930 1097 3026 1171 μὲν
3086 1095 3178 1152 οὗν
3236 1095 3510 1170 ἀγάμενος
3538 1095 3607 1165 ἧν
3665 1102 3770 1164 τῆς

2108 1187 2418 1262 προθυμίας
2477 1187 2566 1242 καὶ
2621 1191 2717 1242 τοῦ
2775 1184 2974 1261 ταχέος
3041 1187 3370 1259 ὁρμήματος
3425 1186 3453 1240 ὁ
3526 1189 3772 1259 κρατῶν,

2111 1275 2373 1352 ἀφορίσας
2396 1271 2454 1330 δὲ
2487 1273 2579 1340 οὕς
2609 1271 2730 1350 ᾔδει
2755 1277 2882 1351 παρ’
2938 1273 3144 1330 ἀσπίδα
3190 1271 3470 1335 πολλάκις
3535 1271 3771 1348 ἐνιδρωο

2109 1363 2273 1427 κότας
2313 1365 2403 1420 καὶ
2457 1365 2706 1442 ἄντικρυς
2757 1365 2927 1440 Ἀρεα
2984 1365 3266 1434 πνέοντας,
3327 1361 3416 1418 καὶ
3459 1361 3512 1426 ἐς
3565 1384 3771 1438 τετρα-

2109 1453 2333 1515 κοσίους
2397 1451 2748 1529 ᾐριθμηκὼς,
2833 1447 3138 1509 ἀναϐαίνειν
3237 1449 3494 1529 διαφῆκε,
3582 1449 3779 1506 πολλά

2111 1541 2373 1617 πρότερον
2455 1542 2508 1604 ἐς
2592 1539 2816 1618 ἀνδρίαν
2890 1541 3314 1618 παρακαλοῦντα
3367 1541 3587 1602 τούτοις
3649 1537 3772 1594 δια-

2111 1628 2357 1706 λεχθεὶς,
2418 1631 2508 1687 καὶ
2567 1632 2757 1694 αὐτοῖς
2817 1633 2909 1687 καὶ
2967 1630 3175 1695 τέκνοις
3231 1630 3410 1686 αὐτῶν
3461 1627 3600 1706 ὁδρά
3639 1633 3775 1707 γέρα

2113 1723 2200 1776 καὶ
2236 1716 2530 1795 ἀμοιϐαίαν
2593 1720 3060 1798 ἐπαγγειλάμενος
3093 1722 3328 1777 εὖνοιαν.
3365 1746 3394 1773 ι(
3427 1719 3552 1776 Εἴτε
3584 1720 3717 1798 γάρ,
3746 1745 3774 1772 »

358 1841 466 1880 nec
495 1823 752 1880 omnium
787 1831 916 1876 ante
945 1827 1201 1875 actarum
1237 1832 1427 1872 rerum
1489 1813 1700 1869 oblivio
1758 1811 2000 1882 obrepit,

2114 1811 2269 1887 φησί,
2331 1837 2357 1863 ‹‹
2423 1816 2539 1874 τοῖς
2601 1816 2734 1881 ζῶσι
2795 1811 3032 1880 σύνεστε,
3087 1810 3178 1866 τὸν
3208 1811 3476 1890 ἐφεστῶτα
3517 1807 3772 1865 κίνδυνον

357 1929 424 1966 ao
456 1909 737 1983 praeclusa
764 1913 852 1964 est
901 1924 1095 1962 rerum
1155 1909 1285 1976 post
1342 1911 1603 1958 actarum
1666 1898 1939 1970 cognitio.
1973 1917 2002 1947 »

2115 1896 2421 1972 διαδράντες
2503 1899 2593 1954 καὶ
2679 1898 3154 1977 ἀρίστωςιᾶγῶνα
3234 1901 3327 1955 τὸν
3407 1899 3772 1976 προκείμενον

2113 1986 2520 2056 ἀεθλεύσαντες,
2578 1986 2834 2063 εὑρήσετέ
2896 2009 2964 2062 με
3014 1989 3106 2044 καὶ
3167 1989 3297 2063 ὑπὲρ
3359 1985 3584 2060 δόκησιν
3646 1989 3770 2044 ἀντὶ

2113 2075 2376 2133 δεσπότου
2427 2077 2520 2133 καὶ
2581 2074 2855 2151 βασιλέως
2904 2077 3110 2152 πατέρα
3159 2075 3488 2152 κηδόμενον·
3545 2077 3656 2134 εἷ’τε
3707 2079 3774 2135 τὸ

2113 2170 2207 2239 ζῇν
2267 2164 2617 2237 καταλύσετε,
2676 2163 2900 2243 πατρίδι
2956 2168 3128 2241 τιμὴν
3189 2167 3282 2223 καὶ
3337 2167 3496 2230 κλέος
3579 2168 3773 2230 αὐτοῖς

2110 2255 2424 2329 ἀρνύμενοι,
2483 2252 2600 2310 οὐδ’
2639 2255 2814 2320 οὕτως
2867 2260 2974 2312 τῶν
3020 2255 3097 2318 εἷς
3151 2254 3306 2330 δόξαν
3353 2257 3442 2312 καὶ
3501 2257 3774 2330 κειμένων

2114 2345 2267 2417 ὑμῶν
2327 2343 2616 2422 ἀφέξομαι,
2674 2343 2804 2401 ἀλλ’
2861 2345 3039 2408 οὕτως
3096 2344 3155 2400 εὖ
3189 2343 3520 2419 διαθήσομαι
3552 2347 3619 2402 τὰ
3645 2347 3771 2402 κατ’

2113 2432 2262 2488 οῖγον
2291 2432 2382 2488 καὶ
2413 2435 2571 2489 τέκνα
2630 2435 2718 2488 καὶ
2779 2433 3156 2511 όμολέκτρους
3212 2435 3286 2498 ὡς
3343 2435 3597 2506 ζηλωτέα
3648 2441 3774 2500 τοῖς

2112 2517 2189 2578 ἔτι
2219 2525 2468 2596 περιοῦσι
2509 2521 2601 2577 καὶ
2658 2524 2992 2599 μακαριστέα
3051 2521 3255 2596 δοκεῖν,
3313 2525 3400 2580 καὶ
3462 2526 3652 2589 αὐτοῖς
3714 2521 3775 2580 δὲ

2116 2612 2244 2682 ὑμῖν
2304 2610 2602 2666 ὑπαπιοῦσι
2660 2612 2781 2676 καθ’
2837 2610 2972 2684 ᾅδην
3025 2613 3278 2682 ἀσπάσια,
3342 2613 3394 2668 εἷ’
3459 2635 3544 2675 τις
3627 2615 3772 2677 τέως

2109 2699 2202 2755 καὶ
2257 2699 2308 2754 ἐν
2367 2705 2578 2776 νεκροῖς
2631 2696 2904 2772 αἴσθησις,
2967 2698 3108 2774 μηδὲ
3164 2703 3348 2772 τὸτῆς
3383 2700 3563 2774 λήθης
3593 2705 3772 2759 ποτὸν

2111 2787 2442 2864 ἐγχεόμενον
2477 2789 2540 2843 ού
2574 2789 2743 2861 μόνον
2781 2791 2883 2860 τήν
2915 2795 3022 2846 τῶν
3077 2786 3466 2865 προλαϐόντων
3523 2791 3771 2849 ἀπαλεί-

2110 2899 2194 2958 φει
2233 2879 2483 2951 μνήμην,
2513 2875 2662 2932 ἀλλᾶ
2689 2877 2781 2933 καὶ
2810 2878 2877 2933 τὰ
2906 2879 3042 2936 κατὰ
3091 2880 3182 2935 τὸν
3233 2880 3352 2957 βίον
3409 2879 3772 2956 ἐπιγινόμενα

2110 2966 2302 3022 οὔκουν
2339 2968 2392 3030 ἐς
2434 2963 2572 3039 ᾅδου
2632 2967 2922 3048 ἒπεισρέειν
2994 2969 3240 3047 ἀφίησιν,
3283 2973 3434 3034 ὅπως
3490 2978 3608 3034 τοις
3669 2984 3770 3037 θα-

2109 3061 2294 3112 νοῦσιν
2357 3055 2544 3128 ε’ἲησαν
2583 3057 2854 3135 γνώριμα.
2923 3062 3207 3134 »Πρῶτος
3256 3059 3346 3114 οὗν
3379 3061 3408 3115 ὁ
3440 3060 3770 3134 Πουπάκης,

2110 3145 2184 3207 ὡς
2237 3139 2393 3225 ἔφην,
2452 3147 2514 3201 τὸ
2581 3151 2809 3219 σημεῖον
2869 3152 2967 3202 τοῦ
3028 3152 3259 3225 σταυροῦ
3313 3147 3662 3215 διατυπώσας
3710 3151 3764 3208 ἐν

2109 3235 2281 3307 ἑαυτῷ
2327 3241 2426 3305 τῆς
2482 3229 2789 3297 ἀναϐάσεως
2845 3233 3096 3312 ἄρχεται,
3153 3236 3244 3292 καὶ
3307 3241 3421 3312 μετ’
3476 3240 3640 3296 αὐτὸν
3704 3240 3765 3296 οἳ

2105 3321 2470 3401 Πετραλεῖφαι
2532 3325 2874 3402 κασίγνητοι,
2945 3326 3035 3380 καὶ
3091 3327 3340 3399 καθεξῆς,
3399 3326 3599 3404 ἕτεροι,
3656 3328 3767 3394 ἕως

2103 3412 2305 3478 πάντας
2359 3415 2395 3483 ἡ
2453 3411 2656 3487 κλίμαξ
2704 3411 2938 3486 ἐδέξατο.
2973 3412 3166 3480 Οὐδεὶς
3221 3417 3312 3473 οὗν
3370 3423 3496 3476 τῶν,
3537 3421 3765 3494 θεωμέ-

2103 3509 2210 3560 νῶν
2275 3507 2340 3575 ἦν
2410 3504 2470 3568 ὅς
2528 3503 2616 3560 ἐπὶ
2669 3510 2747 3578 τῷ
2802 3508 3165 3582 πραττομένῳ
3219 3507 3400 3582 τούτῳ
3457 3505 3605 3584 ἔργῳ
3660 3509 3767 3566 οὐκ

2105 3592 2445 3664 ἀνωλόλυξεν
2503 3593 2579 3656 ὡς
2644 3592 2732 3648 ἐπὶ
2799 3599 2971 3668 καινῷ
3054 3593 3426 3671 καρδιαλησας
3501 3597 3763 3672 θεάματι,

2104 3681 2232 3738 οὐδέ
2267 3681 2511 3760 δακρύων
2555 3682 2934 3754 ὑποπλησθεὶς
2975 3686 3064 3741 καὶ
3131 3689 3367 3758 πατάξας
3422 3687 3485 3742 τό
3553 3695 3763 3755 στῆθος

2104 3771 2486 3844 ἐθεοκλύτησε·
2523 3772 2621 3830 Καὶ
2660 3773 2728 3842 ἧν
2758 3774 2860 3848 γὰρ
2903 3771 3132 3846 ἀληθῶς
3197 3775 3260 3830 τὸ
3319 3777 3599 3850 ὁρώμενον
3656 3799 3763 3832 καο

2099 3861 2410 3932 ταπλῆττον
2459 3863 2550 3917 τὸν
2608 3865 2802 3932 θεατήν
2858 3861 3168 3942 ὀφθαλμόν.
3203 3865 3270 3922 Οἱ
3333 3865 3427 3938 μὲν
3475 3867 3580 3942 γὰρ
3626 3867 3764 3932 τοὺς

2101 3953 2324 4026 θυρεοὺς
2385 3951 2517 4026 ὑπὲρ
2585 3949 2828 4030 κεφαλῆς
2877 3951 2930 4014 ἐς
2983 3953 3046 4008 τὸ
3105 3952 3342 4032 ἀσφαλὲς
3390 3955 3765 4020 ἀνατείναντες

2100 4040 2192 4096 καὶ
2243 4041 2310 4096 τά
2366 4040 2492 4114 ξίφη
2550 4039 2898 4113 σπασέμενοι,
2972 4046 3090 4104 τοῖς
3191 4040 3254 4098 ἐκ
3315 4049 3414 4099 τοῦ
3488 4045 3764 4121 φρουρίου

2102 4127 2540 4207 προσηγγικότες
2571 4127 2827 4204 ἐκθύμως
2861 4127 3265 4204 διημιλλῶντο⁶
3327 4134 3380 4188 oi
3445 4131 3502 4189 δέ
3559 4135 3762 4200 πάσαις

2102 4221 2222 4276 κατ’
2251 4219 2426 4274 αὐτῶν
2461 4217 2707 4298 ἐχρῶντο
2765 4216 2960 4294 βολαῖς
2989 4219 3078 4276 καὶ
3147 4219 3334 4286 λίθους
3390 4222 3765 4300 ἀπερρίπτουν

2099 4310 2517 4386 χειροπληθεῖς.
2587 4307 2745 4366 Ἀλλ’
2808 4306 2966 4364 οὐδὲν
3022 4308 3243 4379 ἤνυτον·
3304 4311 3461 4368 οὗτοι
3497 4315 3626 4390 γάρ,
3663 4315 3770 4370 ὅσα

2099 4400 2190 4454 καὶ
2246 4397 2482 4472 ἄκμονες
2533 4399 2843 4474 ῥαϊστῆρσι,
2889 4398 3172 4464 παντοίοις
3209 4400 3542 4475 τυπτόμενοι
3617 4403 3768 4478 βλή-

2107 4509 2268 4563 μασιν
2324 4489 2633 4561 ἀκάμαντες
2692 4490 2827 4557 ἦσαν
2869 4491 2958 4542 καὶ
3020 4487 3408 4565 ἀπερίτρεπτοι
3490 4491 3582 4546 καὶ
3666 4494 3772 4562 τὴν

349 4582 610 4639 tudinem
644 4597 845 4638 eorum
878 4579 1170 4635 admirati.

2109 4577 2266 4653 ΐσχῦν
2298 4573 2564 4632 ἀνένδοτοι
2612 4575 2747 4631 κάπὶ
2802 4581 2922 4640 τοῖς
2999 4582 3234 4654 παροῦσι
3295 4577 3493 4643 δεινοῖς
3551 4581 3771 4638 ἀκατά-

352 4667 617 4740 πληκτοι.
723 4669 831 4725 Καν
863 4664 1158 4722 κάλλιστον
1258 4665 1474 4744 εἰλήφει
1505 4664 1666 4729 τέλος
1741 4666 1807 4722 τὰ
1835 4669 1933 4721 τοῦ
2006 4665 2212 4744 ἀγῶνος
2259 4664 2440 4739 τοῦδε,
2496 4666 2585 4722 καὶ
2615 4667 2908 4740 Ῥωμαίοις
2937 4665 3172 4744 ἐγεγόνει
3202 4669 3379 4741 πάντη
3454 4667 3770 4726 κυδαντικάο

349 4758 442 4813 νῦν
505 4754 548 4811 δ’
578 4754 702 4812 ἀλλ’
743 4758 778 4826 ἡ
853 4762 973 4818 ταῖς
1045 4761 1153 4810 τῶν
1229 4755 1471 4828 πράξεων
1549 4753 1830 4828 μεγίσταις
1902 4753 2335 4836 ἐπεισερχομένη
2413 4756 2638 4832 ἀγεννὴς
2711 4755 3046 4830 περίπτωσις
3145 4758 3237 4814 καὶ
3308 4759 3371 4815 τὸ
3474 4758 3611 4837 ἄγαν
3685 4760 3770 4816 ἀεί

350 4869 470 4912 πως
544 4843 1021 4922 παρηκολούουσα,
1101 4844 1282 4920 ἀρχην
1355 4842 1580 4918 ἀρίστην
1655 4843 1914 4907 ὓποοεῖσα
1987 4848 2066 4916 τῷ
2140 4843 2285 4923 ἔργῳ
2358 4845 2548 4911 καὶτῆ
2577 4846 2832 4918 προθέσει
2906 4846 3044 4902 κατᾶ
3121 4847 3300 4924 βραχύ
3375 4870 3492 4911 πως
3523 4849 3775 4914 ὕποθάλ-

347 4961 548 5008 πουσα,
604 4939 728 5015 περὶ
786 4938 848 4992 τὸ
909 4935 1075 5011 πέρας
1151 4935 1512 5013 ἠγνωμόνησε
1586 4934 1648 4989 τὸ
1725 4933 2212 5010 ἐπέραστον.ἿΙδη
2291 4938 2395 5014 γὰρ
2429 4941 2528 4992 τοῦ
2569 4937 2861 4992 Ῐιουπάκου
2933 4945 3034 5008 τῆς
3109 4939 3386 5014 κλίμακος
3464 4939 3776 5004 ἀποϐάντος

350 5032 438 5085 καὶ
512 5028 592 5086 τὼ
667 5025 804 5084 πόδε
875 5032 995 5088 ταῖς
1070 5024 1294 5099 πέτραις
1369 5022 1757 5097 ἐνερείσαντος.
1835 5023 1958 5088 ὅθεν
1996 5025 2088 5080 καὶ
2162 5031 2282 5089 τοῖς
2313 5024 2507 5082 ἐκτῶν
2584 5030 2756 5100 ειχῶν
2788 5023 3390 5106 διεφέρετο,ἡκλίμαξ
3465 5031 3778 5087 ἀποκαυλί-

353 5123 520 5188 ζεται.
600 5119 705 5175 Καὶ
785 5117 837 5174 οἱ
873 5117 968 5191 μὲν
1047 5112 1213 5170 ἄλλοι
1290 5113 1480 5175 πάντες
1553 5107 1838 5188 κῦμϐαχοι
1874 5111 1963 5167 ἐπὶ
2043 5114 2287 5190 βρεχμόν
2359 5136 2417 5170 τε
2489 5116 2579 5170 καὶ
2655 5111 2840 5188 ὤμους
2873 5114 3106 5172 ἐλεεινὸν
3147 5115 3562 5194 ἐπανετρέπεντο
3599 5123 3779 5196 θέαμα

350 5211 441 5264 καὶ
473 5210 702 5272 ἄπιστος
755 5207 881 5283 ὄψις
948 5203 1287 5282 οίκτίρμοσιν
1348 5200 1682 5282 ἅφθαλμοῖς,
1741 5201 2041 5266 καὶκοκῶς
2099 5202 2540 5280 παραπώλΛυντο
2595 5208 2712 5266 τοῖς
2768 5209 2877 5259 τῶν
2920 5206 3177 5280 κυμάτων
3230 5206 3477 5272 διαύλοις
3534 5211 3779 5289 φερόμε-

357 5319 443 5352 νοι
545 5298 637 5354 καὶ
714 5299 937 5372 πέτραις
1013 5294 1102 5350 καὶ
1133 5299 1263 5349 νεῶν
1309 5293 1812 5369 προσαραττόμενοι
1885 5295 2332 5367 καταστρώμασι,
2391 5293 2496 5349 κάκ
2545 5297 2653 5348 τῶν
2711 5291 2911 5368 ὑψόλεν
3017 5295 3190 5360 λίθοις
3265 5299 3780 5378 καταχωννύμενοι,

355 5385 430 5448 ὡς
497 5387 723 5463 βραχεῖς
780 5387 873 5441 ἀπ’
931 5384 1150 5440 ἐκείνων
1205 5381 1272 5453 δὴ
1339 5387 1446 5438 τῶν
1507 5380 1734 5438 πολλῶν
1793 5381 1886 5438 τὸν
1915 5381 2166 5439 κίνδυνον
2227 5381 2552 5460 διεκφυγεῖνο
2614 5384 2642 5439 ὁ
2674 5379 2730 5439 δέ
2759 5405 2821 5458 γε
2852 5385 3148 5457 Πουπάκης
3189 5388 3316 5450 τοὺς
3349 5387 3398 5442 ἐν
3429 5395 3547 5453 τοῖς
3567 5391 3779 5466 τείχεσι

359 5470 692 5545 διασοϐήσας
749 5477 836 5531 καὶ
897 5472 1100 5530 πυλίδα
1159 5473 1614 5546 ἀναπεπταμένην
1668 5471 1838 5548 εὑρὼν
1873 5471 1944 5527 δι’
1984 5473 2153 5544 αὐτῆς
2207 5472 2442 5546 ἐξέθορεν
2495 5473 2570 5535 εἷς
2622 5473 2686 5529 τὸ
2743 5475 3074 5552 στράτευμα.
3153 5478 3256 5534 Καὶ
3314 5477 3378 5548 ἢν
3469 5483 3638 5536 τοῦτο
3713 5480 3776 5536 οὗ

352 5564 648 5638 Ρωμαίοις
715 5565 880 5638 μόνον
935 5563 1027 5619 καὶ
1078 5563 1298 5639 βασιλεῖ
1355 5561 1423 5618 δι’
1484 5560 1823 5635 ἐκπλήξεως,
1882 5559 2031 5620 ἀλλά
2081 5562 2173 5619 καὶ
2231 5567 2348 5626 τοῖς
2417 5562 2758 5626 ὑπεναντίοις
2790 5562 2978 5628 αὐτοῖς
3019 5561 3108 5622 διὰ
3165 5569 3467 5642 θαύματος,
3501 5567 3558 5624 ο⁹ί
3593 5569 3778 5626 καὶτὸ

354 5661 725 5736 ἀπάνθρωπον
787 5659 1171 5728 ὀνειδισθέντες
1227 5661 1315 5718 καὶ
1367 5662 1428 5716 τὸ
1473 5667 1574 5732 τῆς
1603 5659 1834 5736 γνώμης
1891 5661 2167 5740 ἀνήμερον
2223 5659 2644 5740 ἐπεγκληθέντες
2713 5663 2802 5728 οἷς
2859 5660 3277 5732 ηταλιθοῦντες
3365 5667 3566 5735 ἄνωθεν
3642 5673 3777 5741 ἦσαν

361 2002 590 2054 Primus
621 1999 800 2070 igitur
828 1999 1110 2067 Pupaces,
1145 1999 1208 2047 ut
1237 1991 1378 2059 dixi,
1435 2007 1567 2046 cum
1629 2006 1690 2043 se
1720 2003 1890 2044 cruce
1921 1985 2002 2041 si-

357 2093 620 2160 gnasset,
654 2102 962 2142 ascensum
1017 2083 1372 2154 auspicatur.
1435 2085 1769 2151 Sequuntur
1807 2081 2006 2132 Petra-

357 2177 531 2248 lipbm
567 2177 792 2244 fratres,
827 2172 1035 2228 deinde
1066 2171 1189 2240 alii,
1249 2171 1430 2224 donec
1490 2168 1548 2222 in
1599 2166 1773 2222 scalis
1803 2180 2004 2221 omnes

362 2264 768 2322 constiterunt.
802 2267 982 2318 Nemo
1035 2261 1142 2316 fuit
1181 2260 1320 2330 quin
1346 2257 1628 2312 inusitato
1651 2256 1762 2310 isto
1783 2260 1841 2310 et
1870 2253 2006 2309 hor-

363 2353 543 2410 rendo
574 2352 903 2423 spectaculo
933 2353 1362 2414 consternatus,
1384 2345 1598 2416 ejulatu
1631 2352 1685 2399 et
1729 2343 2003 2416 lacrymis

360 2442 632 2514 oppletus
689 2456 966 2513 percusso
1027 2443 1257 2510 pectore
1318 2436 1499 2492 Deum
1559 2433 1860 2488 invocarit.
1918 2430 2004 2486 llli

355 2531 596 2603 clypeis,
631 2547 746 2602 quo
778 2528 1022 2584 tutiores
1079 2532 1300 2592 essent,
1351 2541 1530 2595 supra
1588 2522 1778 2592 capita
1835 2520 2004 2576 elatis

355 2619 695 2690 strictisque
720 2617 1090 2690 gladiis,cum
1108 2616 1180 2670 ad
1200 2612 1999 2684 hostesappmpinquassent,

357 2707 566 2764 acriter
596 2705 896 2762 dimicant.
931 2705 1037 2769 Qui
1071 2702 1334 2775 quamvis
1378 2701 1565 2756 omnis
1617 2699 1840 2770 generis
1872 2697 2002 2752 telis

360 2801 419 2852 et
447 2795 771 2868 grandibus
801 2794 959 2850 saxis
983 2811 1082 2849 eos
1108 2797 1386 2866 peterent,
1411 2789 1556 2846 nihil
1579 2788 1948 2862 proficiebant
1985 2805 1999 2857 ;

359 2901 493 2940 nam
525 2901 657 2940 cum
693 2891 754 2939 ut
786 2883 1027 2939 incudes
1059 2882 1304 2951 melleis,
1338 2882 1419 2936 ita
1449 2878 1562 2949 ipsi
1602 2877 1818 2933 crebris
1848 2877 2001 2934 112

358 2974 486 3030 telis
520 2972 1159 3039 ferirentur,indefessi,
1193 2970 1520 3026 immobiles
1551 2971 1604 3022 et
1638 2967 1694 3021 in
1730 2966 2002 3039 periculis

352 3061 734 3136 imperterriti
793 3060 1260 3134 perseverabant.
1339 3062 1525 3130 Atque
1590 3060 1647 3112 in
1707 3061 1999 3112 certamen

353 3153 573 3208 exitum
609 3149 1066 3222 pulcherrimum
1102 3146 1404 3204 habuisset
1456 3161 1844 3217 magnamque
1893 3143 2000 3200 Ro-

355 3241 549 3296 manis
575 3240 816 3314 gloriam
848 3239 1190 3310 peperisset,
1222 3236 1333 3292 nisi
1354 3252 1522 3291 casus
1556 3235 1796 3307 quidam
1829 3233 1996 3289 inau-

353 3330 617 3402 spicatus
647 3327 918 3384 etnimiis
974 3325 1342 3382 successibus
1401 3323 1666 3378 invidens
1711 3323 1994 3394 Optimum

353 3418 713 3490 principium
745 3426 796 3472 et
828 3432 988 3486 spem
1022 3414 1184 3470 initio
1216 3415 1426 3470 bonam
1449 3411 1662 3467 infelici
1695 3412 1848 3467 exitu
1882 3416 1996 3468 ter-

357 3507 663 3564 minasset.
699 3506 841 3564 Nam
875 3521 1004 3560 cum
1041 3503 1296 3576 Pupaces
1320 3503 1444 3574 jam
1479 3501 1548 3558 de
1580 3501 1738 3556 scala
1767 3502 2000 3556 descen-

355 3595 537 3652 disset
563 3604 618 3652 et
647 3594 831 3666 gradu
862 3593 920 3648 in
955 3610 1098 3665 rupe
1117 3593 1350 3647 ﬁrmato
1381 3607 1514 3646 cum
1544 3589 1813 3645 hostibus
1829 3588 1993 3644 dimi-

355 3685 699 3753 caret,scala
723 3683 1016 3740 confracta
1039 3682 1226 3736 caeteri
1252 3677 1664 3736 miserabiliter
1695 3679 1752 3735 in
1786 3677 1999 3734 ﬂuctus

353 3794 494 3836 saxa
524 3781 580 3833 et
615 3778 848 3832 navium
879 3773 1136 3831 tabulata
1154 3772 1516 3846 praecipitati,
1549 3788 1800 3844 superne
1824 3771 1996 3826 etiam

353 3866 512 3922 saxis
542 3865 732 3922 obruti
768 3863 1027 3938 plerique
1059 3863 1370 3935 perierunt,
1401 3879 1468 3916 ac
1501 3863 1668 3934 pauci
1698 3878 1764 3916 ex
1796 3861 1998 3916 multis

356 3956 474 4012 illis
499 3959 802 4012 evaserunt
833 3955 1176 4010 incolumes.
1209 3955 1280 4009 At
1311 3957 1569 4024 Pupaces
1628 3969 1756 4007 cum
1799 3951 1998 4008 hostes

357 4046 648 4102 moenibus
702 4044 1025 4118 pepulisset
1080 4060 1144 4098 ac
1205 4059 1426 4114 parvam
1476 4047 1700 4113 portam
1740 4049 1995 4113 apertam

357 4136 688 4208 reperisset,
723 4151 824 4202 per
852 4150 976 4190 eam
1011 4133 1068 4187 in
1093 4143 1283 4188 castra
1314 4130 1518 4197 rediit;
1551 4148 1674 4202 qUal‘
1735 4145 1826 4184 res
1881 4145 1994 4184 non

355 4225 630 4281 Romanis
660 4231 886 4281 tantum
915 4227 971 4278 et
1002 4221 1358 4290 imperatori,
1392 4220 1489 4276 sed
1525 4219 1792 4276 hostibus
1818 4220 1994 4274 etiam

354 4317 582 4389 stupori
613 4322 670 4371 et
703 4313 1074 4371 admirationi
1107 4311 1234 4368 fuit.
1265 4313 1489 4378 Quibus
1547 4327 1677 4366 cum
1719 4311 1992 4366 inhuma-

351 4406 507 4462 nitas
534 4406 688 4460 ll3
715 4409 771 4459 et
829 4403 1008 4458 animi
1069 4401 1262 4458 feritas
1319 4400 1688 4471 objiceietur,
1729 4401 1878 4471 quod
1925 4399 1996 4456 de

352 4495 512 4550 scala
535 4494 792 4562 dejectos
823 4492 979 4546 saxis
1007 4491 1340 4561 obruerent,
1402 4489 1774 4556 destiterunt,
1835 4488 1995 4544 forti-
