4068 6196
148 332 257 390 421

1191 321 1298 380 DE
1341 318 1717 382 MANUELE
1760 319 2135 382 COMNENO
2176 321 2328 382 LIB.
2377 320 2456 380 II.

3440 326 3561 386 422

148 462 275 524 τους
304 456 711 534 ἃνατραπέντας
741 454 804 510 ἐκ
845 459 945 524 τῆς
998 451 1294 527 κλίμακος,
1350 452 1659 529 ἀπέσχοντο
1724 451 1822 508 τοῦ
1878 449 2008 529 δρᾷν
2063 455 2287 525 οὑτωσὶ,
2346 453 2475 515 τοὺς
2534 449 2731 527 ἄνδρας
2792 450 3121 520 αἰδεσθέντες
3177 464 3277 527 τῆς
3326 461 3570 534 γενναιό-

151 572 342 621 τητος.

222 641 300 697 Ε’.
340 638 501 694 Ἀλλ’
536 636 693 692 οῧπσιι
750 630 991 710 ἀκριϐῶς
1041 635 1103 690 τὸ
1152 632 1417 709 ἀτύχημα
1461 637 1623 689 τοῦτο
1670 634 1843 706 Ῥωε

1998 636 2058 690 ν.
2094 636 2227 708 Ejus
2258 635 2443 691 cladis
2467 637 2629 692 luctu
2653 638 2887 693 vixdum
2911 637 3075 694 ﬁnito
3097 643 3155 694 et
3204 641 3574 711 imperatoris

161 729 337 804 μαίοις
389 725 730 801 διεθρτ,νήθη
771 726 859 780 καὶ
904 727 1004 793 τὴν
1055 724 1139 779 ἐπ’
1191 724 1339 795 αὖτῷ
1387 729 1486 779 τοῦ
1538 721 1809 797 βασιλέως

160 819 333 888 λῦπην
368 819 398 871 6
433 818 611 871 πάντα
646 813 916 889 μαραίνων
981 813 1183 888 χρόνος
1223 810 1559 889 διαφορήσας
1605 813 1808 880 έλέανε,

161 909 242 963 καὶ
274 905 461 975 ἀλλην
522 925 607 966 τις
642 901 1106 977 ἐπισυμπλέκεται
1165 903 1419 979 συμφορὰ
1465 904 1667 977 χείρων
1714 906 1813 968 τῆς

166 995 384 1071 πρώτης
492 994 584 1047 καὶ
674 994 837 1046 κακὸν
937 990 1336 1063 ἐπεισκιυμάζει
1428 991 1817 1060 ἀξιοπένθητον

167 1085 367 1159 ἕτερον.
452 1080 938 1149 Διαστασιάζονται
1011 1081 1278 1151 Ῥωμαὶοι
1354 1080 1444 1134 καὶ
1538 1081 1816 1135 Βενὲτικοι

166 1173 295 1227 κατα
322 1173 501 1245 μέσην
533 1172 638 1239 τὴν
664 1169 892 1244 ἀγοράν,
951 1169 1039 1224 καὶ
1066 1171 1100 1237 ἡ
1134 1168 1316 1230 στάσις
1359 1169 1461 1223 οὐκ
1506 1166 1817 1246 ἑρεσχελίαι

169 1263 286 1334 παρ’
356 1260 631 1332 ἑκατέρων
700 1259 996 1312 πίπτουσαι
1062 1261 1171 1312 τῶν
1238 1262 1427 1330 γενῶν,
1510 1255 1624 1311 οὐδ’
1692 1252 1819 1317 ἔπος

172 1351 425 1424 αἰσχρὸν,
495 1350 688 1403 ὁποῖον
758 1344 974 1423 ἐρρέθη,
1071 1346 1324 1400 τοιοῦτον
1398 1343 1820 1417 ἐπακουόμενον,

176 1438 285 1494 066‘
320 1433 821 1512 ὲὸωμολοχεῦοντο
878 1445 1014 1510 πρὸς
1067 1434 1354 1505 ἀλλήλους
1382 1437 1417 1506 ἢ
1447 1435 1740 1509 κερτόμοις
1771 1434 1823 1488 οἱ

181 1526 492 1582 στασιασταὶ
567 1527 810 1599 ῥήμασιν
885 1524 1273 1597 ἆκομψεῦοντο,
1378 1523 1491 1579 οὐδ’
1584 1517 1821 1579 ἔϐαλλον

178 1614 361 1690 ῧῗρεσι
440 1617 531 1670 καὶ
610 1614 911 1669 ἐπλῦνοντο
988 1615 1335 1688 σκώμμασιν,
1379 1613 1505 1668 ἀλλ’
1544 1612 1598 1667 αἱ
1639 1617 1824 1688 χεῖρες

178 1710 326 1783 εἶχον
366 1708 439 1762 τὰ
493 1704 646 1761 ’ὀπλα
708 1706 797 1759 καὶ
831 1707 865 1774 ἢ
903 1704 1057 1779 μάχη
1116 1705 1464 1780 ἀγχώμαλος
1513 1701 1822 1768 ἐκορθῦετο.

181 1797 379 1872 Burni
414 1797 509 1850 οὖν
562 1796 614 1849 οἱ
658 1795 793 1849 κατὰ
843 1796 1035 1870 φήμην
1093 1799 1191 1849 τοῦ
1229 1796 1397 1848 κακοῦ
1459 1793 1575 1865 μεθ’
1636 1790 1826 1845 ὃπλων

180 1888 506 1959 ἱκοτέρωθεν
559 1882 921 1957 ἑπεισρέοντες
969 1883 1059 1937 καὶ
1139 1887 1258 1942 τοῖς
1308 1881 1621 1959 ὁμογενέσιν
1691 1880 1827 1954 ἀρή-

186 1996 400 2051 γοντες,
430 1971 633 2029 πολλοὲ
670 1970 728 2026 δὲ
769 1972 856 2027 καὶ
901 1971 955 2026 οἳ
1007 1972 1178 2026 ἐκεῖσε
1239 1971 1315 2044 μὴ
1376 1967 1832 2031 ὁπλενδυτοῦντες

187 2060 580 2139 παρενέϐαλον,
621 2064 765 2136 γένει
801 2059 1065 2136 βασιλείῳ
1097 2058 1408 2133 διαπρεπεῖς
1451 2060 1540 2113 καὶ
1587 2057 1833 2134 λαμπροὶ

182 2158 298 2209 κατ’
352 2155 601 2223 ἀξίωσιν.
663 2152 762 2207 Καὶ
820 2155 926 2205 τῶν
988 2158 1278 2206 Βενετικων
1337 2147 1393 2205 δὲ
1468 2149 1722 2224 ἀφίκοντο
1783 2149 1834 2203 oi

185 2245 499 2319 γεραίτατοι
535 2243 611 2303 ὡς
649 2239 925 2302 σὸἐσοντες
956 2241 1017 2295 τὸ
1073 2241 1239 2295 κακὸν
1288 2242 1379 2294 καὶ
1434 2236 1834 2312 διαλλακτῆρες

186 2332 455 2404 ἐσόμενοι.
508 2330 673 2388 Ἀλλ“
722 2330 822 2384 οὐκ
874 2330 941 2398 ἦν
987 2332 1096 2383 τῶν
1149 2327 1457 2404 λεγομένων
1508 2325 1836 2402 ἐπιστροφὴ,

187 2420 301 2477 οὐδέ
358 2442 450 2482 τις
514 2419 691 2492 εἰσῄει
742 2419 966 2481 τούτους
1020 2416 1188 2480 αἰδὼς
1241 2422 1349 2472 τῶν
1405 2415 1836 2490 συνειλεγμένων

190 2514 454 2589 μεγίστων
492 2508 729 2584 ἀνδρῶν·
783 2509 811 2563 6
843 2510 946 2585 γάρ
998 2508 1176 2583 Ἀρης
1223 2505 1515 2584 ἐκπάγλως
1566 2505 1839 2579 ἐμαίνετο,

185 2604 264 2657 καί
332 2600 678 2675 apol-Sesto;
738 2598 982 2670 αἱμάτων
1035 2598 1170 2672 ἐρῶν
1229 2596 1540 2662 ἐπισυνίστη
1602 2594 1841 2668 μάλιστα

184 2689 299 2751 τους
338 2688 612 2753 ὁπλίτας,
654 2685 741 2739 καὶ
796 2684 1021 2746 τούτους
1079 2684 1140 2738 ἐκ
1202 2688 1300 2738 τοῦ
1368 2687 1478 2737 τῶν
1549 2679 1843 2738 Βενετίκων

186 2777 343 2834 πλέον
408 2774 971 2850 στρατολογήματος,
1031 2773 1120 2828 καὶ
1179 2779 1430 2847 κατεῖχεν
1507 2770 1662 2826 οὐδέν
1723 2768 1841 2827 οὐδ’

186 2866 532 2945 ἐπέστρεφεν,
615 2867 783 2921 ’Όσον
842 2864 944 2939 γὰρ
1011 2864 1039 2918 ὁ
1108 2863 1272 2938 μέγας
1329 2860 1650 2934 δομέστικος
1716 2862 1843 2921 τοὺς

188 2957 500 3029 Ῥωμαίους
569 2956 831 3009 ἀνέκοπτε
895 2957 995 3017 τῆς
1062 2954 1243 3026 ὁρμῆς
1304 2952 1394 3005 καὶ
1460 2951 1555 3011 τὰς
1630 2950 1840 3006 τούτων

187 3044 600 3117 ἐπισυνδρομᾶς
676 3042 1001 3116 ἐπετείχιζε,
1101 3046 1360 3097 τοσοῦτον
1462 3036 1844 3116 ὲϐαρυμηνίων

195 3136 458 3190 Βενέτικοι
505 3139 593 3205 τῷ
635 3137 795 3204 θυμῷ
853 3130 1213 3209 σιραδάζοντες
1262 3135 1365 3186 κάκ
1412 3136 1519 3186 τῶν
1577 3128 1847 3205 τριηρέων

192 3222 495 3299 ἑξεχεοντο.
570 3219 727 3279 Ἰδὼν
784 3220 966 3275 τοίνυν
1025 3222 1052 3274 ὁ
1106 3220 1243 3294 ἀνήρ
1303 3220 1377 3281 ὡς
1437 3218 1591 3275 οὐδὲν
1648 3217 1851 3296 ὠφελεῖ

195 3311 500 3388 διαλλαγάς
578 3312 780 3384 μετιὼν
830 3310 920 3365 καὶ
979 3310 1054 3372 ὡς
1114 3309 1233 3384 ἂγει
1294 3310 1555 3387 ἀναγκαία
1619 3310 1728 3381 (73)
1785 3306 1853 3361 τὰ

1101 3046 1360 3097 τοσοῦτον

1922 724 2415 796 doloretemporis
2436 725 2629 796 spatio
2685 736 2889 783 cuncta
2945 730 3347 784 cons-umentis
3373 739 3575 786 utcun-

1925 830 2037 885 que
2065 813 2265 879 lenito,
2300 816 2411 868 alia
2445 814 2754 871 calamitas
2783 814 3008 887 ingruit
3038 818 3333 889 superiore
3387 824 3572 890 pejor,

1925 909 1981 956 et
2014 903 2229 958 malum
2268 911 2561 958 tunestum
2596 905 2914 960 suboritur.
2980 908 3131 962 inter
3174 906 3465 964 Romanos
3514 915 3573 964 et

1922 989 2173 1046 Venetos
2204 993 2261 1047 in
2298 992 2489 1048 medio
2526 994 2645 1049 t'uro
2671 996 2875 1049 seditio
2904 995 3112 1064 oritur,
3155 1012 3260 1052 nec
3317 997 3577 1054 dicteriis

1927 1084 1982 1134 et
2008 1081 2285 1136 conviciis
2315 1086 2590 1152 certatur,
2624 1084 2725 1138 sed
2762 1085 3029 1139 manibus
3088 1090 3146 1139 et
3203 1088 3403 1142 armis.
3438 1087 3578 1143 Con-

1929 1168 2141 1234 ﬂuunt,
2172 1185 2238 1224 ea
2268 1171 2491 1238 audita,
2550 1172 2819 1241 utrinque
2879 1172 3087 1228 armati
3144 1176 3215 1229 ad
3250 1192 3417 1247 opem
3453 1176 3579 1232 suis

1931 1258 2309 1328 popularibus
2343 1260 2635 1315 ferendam
2669 1278 2684 1328 ;
2720 1278 3015 1318 accessere
3047 1264 3185 1319 item
3220 1264 3389 1320 multi
3421 1267 3578 1321 iner-

1934 1362 2077 1405 mes.
2105 1351 2262 1417 regio
2292 1363 2499 1417 genere
2557 1347 2695 1403 clari
2747 1358 2799 1404 et
2851 1350 3239 1421 dignitatibus
3300 1352 3580 1409 illustres.

1934 1435 2305 1490 Advenerunt
2332 1440 2388 1491 et
2418 1435 2767 1493 Venetorum
2803 1439 3083 1509 primores
3143 1446 3365 1497 motum
3415 1441 3583 1497 illum

1934 1525 2186 1580 sedaturi
2212 1532 2264 1580 et
2295 1541 2489 1596 pacem
2516 1526 2901 1582 conciliaturi.
2936 1528 3044 1583 Sed
3070 1530 3265 1585 verbis
3295 1529 3367 1586 iis
3400 1546 3584 1587 move-

1937 1614 2112 1669 batur
2140 1630 2345 1669 nemo:
2393 1631 2562 1669 nemo
2620 1615 2934 1672 concilium
2995 1617 3135 1673 illud
3198 1618 3587 1674 maximorum

1934 1701 2190 1757 virorum
2222 1703 2481 1759 curabat.
2517 1703 2667 1759 Mars
2725 1706 2880 1760 enim
2935 1706 3210 1762 atrociter
3240 1711 3481 1764 saeviens
3531 1712 3590 1762 et

1939 1793 2242 1863 sanguinis
2272 1792 2608 1848 etl‘undendi
2648 1795 2897 1865 cupidus
2930 1798 3119 1865 gravis
3138 1805 3443 1852 armaturae
3477 1797 3590 1852 mi-

1938 1879 2089 1947 lites,
2148 1896 2366 1953 eosque
2422 1881 2792 1952 potissimum
2868 1885 3099 1939 Venetae
3159 1886 3448 1954 factionis,
3510 1889 3589 1941 ita

1943 1974 2273 2029 concitabat
2304 1982 2364 2027 ut
2393 1973 2554 2029 nulla
2586 1989 2644 2028 re
2674 1976 2922 2030 coerceri
2981 1983 3237 2047 possent.
3299 1977 3441 2032 Nam
3478 1993 3591 2047 quo

1945 2066 2131 2137 magis
2166 2080 2413 2131 magnus
2444 2065 2800 2121 domesticus
2855 2066 3248 2122 Romanorum
3309 2068 3591 2137 impetum

1945 2155 2320 2224 reprimebat,
2353 2171 2418 2209 eo
2450 2157 2639 2225 magis
2672 2156 2875 2210 Veneti
2910 2155 2992 2209 ira
3026 2156 3229 2227 perciti
3277 2172 3305 2211 e
3339 2158 3596 2212 triremi-

1946 2242 2055 2298 bus
2088 2241 2492 2311 erumpebant.
2526 2245 2682 2298 114
2712 2241 2853 2297 Cum
2888 2243 3067 2314 igitur
3096 2243 3313 2300 videret
3344 2261 3405 2301 se
3435 2246 3592 2315 paci-

1947 2332 2170 2386 ficando
2194 2331 2336 2385 nihil
2365 2332 2710 2402 proﬁcereet
2732 2332 2977 2403 populos
3020 2333 3217 2405 praelia
3256 2334 3452 2389 dirimi
3486 2351 3592 2390 ne-

1946 2438 2110 2477 cesse
2140 2437 2289 2485 esse,
2323 2436 2463 2475 suos
2496 2419 2775 2475 satellites
2823 2421 3089 2490 accersit,
3125 2439 3375 2494 quorum
3434 2422 3595 2480 ﬁdeli

1948 2526 2120 2581 opera
2153 2510 2212 2564 in
2245 2510 2367 2564 acie
2398 2511 2684 2578 utebatur,
2716 2526 2930 2581 eosque
2968 2510 3029 2566 in
3070 2511 3313 2568 Venetos
3372 2513 3591 2567 immit-

1952 2600 2256 2654 tit.ls‘ducit
2285 2604 2341 2651 et
2366 2597 2660 2668 c0piarum
2688 2604 2933 2669 partem.
2972 2600 3056 2654 Illi
3082 2599 3259 2669 igitur
3274 2618 3405 2657 cum
3441 2619 3593 2673 pau-

1950 2688 2128 2757 lisper
2159 2686 2535 2747 restitissent.
2576 2694 2807 2759 arrepta
2865 2689 2999 2759 fuga
3058 2689 3223 2744 inviti
3272 2691 3488 2762 jaculis
3541 2696 3599 2748 et

1952 2778 2206 2831 cadibus
2237 2777 2294 2829 in
2330 2792 2503 2831 naves
2534 2775 2987 2848 compelluntur.
3021 2777 3233 2834 Verum
3261 2797 3330 2836 ne
3353 2780 3437 2837 sic
3466 2782 3600 2852 qui-

1951 2867 2080 2921 dem
2142 2866 2355 2920 ferocia
2405 2864 2693 2934 mitigata,
2747 2883 2910 2922 arma
2962 2884 3066 2923 nec
3121 2876 3248 2940 post
3300 2877 3599 2942 acceptam

1955 2953 2178 3010 cladem
2213 2960 2557 3023 posui-runt,
2581 2955 2683 3009 sed
2714 2956 2898 3010 instar
2928 2956 3254 3013 belluarum
3303 2976 3452 3030 aegre
3485 2976 3605 3014 mo-

1956 3043 2228 3099 rientium
2260 3042 2588 3098 insilientes
2612 3047 2669 3098 et
2724 3044 3093 3114 prosilientes
3147 3046 3435 3121 indignati
3466 3052 3605 3104 sunt

1956 3149 2019 3188 se
2050 3131 2194 3203 ipsis
2225 3131 2502 3186 Romanis
2568 3148 2683 3186 non
2742 3133 2919 3189 tuisse
2971 3136 3320 3205 superiores.
3357 3137 3425 3193 Et
3467 3154 3602 3193 cum

1959 3238 2074 3278 non
2108 3221 2361 3293 amplius
2390 3225 2542 3275 terra
2573 3237 2833 3293 pugnare
2864 3232 3125 3293 possent,
3167 3224 3227 3280 in
3286 3226 3605 3296 quamdam

1961 3310 2216 3366 insulam
2252 3310 2525 3381 provecti,
2557 3310 2881 3366 Asteridem
2924 3314 3150 3383 opinor,
3184 3330 3358 3385 quam
3387 3319 3607 3371 veteres

193 3403 320 3477 γένη
356 3404 522 3480 μάχῃ
589 3397 958 3473 διακριθῆναι,
1017 3400 1145 3462 τοὺς
1205 3396 1376 3460 ἰδίους
1440 3397 1843 3472 μεταπέμπεται

1963 3403 2114 3457 inter
2138 3399 2392 3455 ltbacam
2412 3404 2470 3454 et
2492 3399 2884 3471 Cephalenum
2926 3402 3254 3474 tetrapolim
3279 3403 3446 3460 sitam
3479 3422 3608 3461 esse

196 3491 566 3570 δορυφόριυς,
608 3489 702 3550 οὕς
732 3489 822 3543 ἐπὶ
881 3491 1070 3561 καιρὸν
1123 3490 1312 3562 μάχης
1366 3490 1489 3564 εἶχε
1540 3485 1851 3563 χρησίμους

195 3582 373 3647 ἐαυτῷ
406 3576 501 3630 καὶ
529 3575 782 3637 ὁπλίταις
842 3575 1070 3649 ἀγαθοῖς
1111 3575 1400 3649 ἐκέχρητο,
1456 3575 1546 3630 καὶ
1604 3573 1852 3654 διαφίησι

198 3677 315 3728 τοῖς
352 3665 679 3728 Βενετίκοις.
714 3666 925 3740 Ἐξάγει
983 3663 1041 3719 δὲ
1085 3666 1175 3719 καὶ
1219 3664 1382 3737 μέρος
1434 3672 1534 3735 τῆς
1575 3671 1850 3739 στρατιᾶς.

198 3757 312 3812 Ἐπ’
346 3754 548 3830 ὀλίγον
583 3756 680 3808 οὖν
744 3754 894 3808 οὗτοι
956 3753 1333 3828 ἀντισχόντες,
1374 3754 1440 3808 τὰ
1490 3758 1633 3809 νῶτα
1690 3775 1855 3827 μετα-

199 3841 466 3905 ϐαλόντες
535 3840 927 3918 προτροπάδην
996 3843 1249 3919 φεύγουσι
1318 3842 1407 3897 καὶ
1491 3849 1610 3908 ταῖς
1674 3842 1855 3897 ναυσὶν

200 3932 418 3996 ἃκοντες
481 3935 873 3999 συνωθοῦνται,
937 3930 1272 4008 βαλλόμενοί
1330 3953 1387 3987 τε
1461 3933 1550 3986 καὶ
1609 3933 1861 4001 ἀναιρού-

204 4046 369 4097 μενοι.
407 4023 571 4090 Πλὴν
616 4020 731 4077 οὔδ’
787 4023 930 4077 οὕτω
978 4024 1079 4086 τῆς
1127 4017 1402 4097 βαρϐάρου
1451 4023 1676 4097 γνώμης
1728 4021 1860 4095 ἠ9έ“”

206 4136 378 4186 μησαν
409 4112 451 4182 ἤ
484 4113 553 4167 τά
601 4112 749 4166 ὅπλα
802 4113 936 4185 μετὰ
974 4115 1076 4181 τήν
1124 4112 1289 4180 ἧτταν
1342 4113 1651 4179 κατέθεντο,
1712 4109 1860 4167 ἀλλὰ

200 4205 334 4258 κατά
360 4205 433 4258 τὰ
482 4200 789 4257 δυσθσὶνατα
838 4208 946 4257 τῶν
993 4201 1197 4275 θηρίων
1246 4199 1615 4278 ἐφαλλόμενοί
1664 4222 1722 4255 τε
1770 4201 1861 4255 καὶ

202 4293 622 4367 προαλλόμενοι
675 4291 729 4345 ἐν
789 4289 945 4364 δεινῷ
1000 4291 1235 4345 τίθενται
1295 4289 1377 4345 ὅτι
1441 4292 1515 4363 μή
1575 4289 1861 4362 Ῥωμαίων

206 4383 372 4437 αὐτῶν
410 4381 812 4455 ὑπερίσχυσαν.
878 4379 1100 4452 Ἀμέλει
1149 4379 1239 4433 καὶ
1298 4379 1433 4434 κατὰ
1491 4378 1691 4456 χέρσον
1754 4399 1864 4451 μη-

206 4473 315 4525 κέτι
346 4471 648 4544 δυνάμενοι
683 4470 956 4544 μάχεσθαι
990 4468 1394 4524 ἀποσαλεύουσι
1450 4469 1545 4529 τὰς
1594 4473 1729 4535 νῆας
1774 4469 1861 4523 καὶ

205 4561 502 4634 ξὸρμους,
549 4561 780 4623 noscar
813 4559 905 4613 καὶ
942 4559 1095 4627 ⁷κατά
1150 4578 1271 4613 τινα
1321 4562 1489 4626 νῆσον
1543 4554 1865 4630 ἀναχθέντες

211 4651 553 4726 ἀμφίῤῥυτον
588 4650 645 4721 (ἡ
681 4650 926 4723 Ἀστερίς
986 4646 1118 4718 αὕτη
1164 4646 1320 4719 οἶμαί
1371 4645 1533 4713 ἔστιν,
1588 4645 1657 4715 ἢν
1708 4666 1867 4722 φασιν

1956 3488 2221 3552 tradunt,
2251 3487 2524 3544 hostilem
2559 3489 2616 3542 in
2654 3492 2890 3545 modum
2924 3491 3219 3547 Romanas
3250 3510 3423 3548 naves
3473 3494 3607 3549 illac

1958 3582 2329 3633 transeuntes
2361 3577 2664 3632 invadunt.
2694 3581 2766 3633 Ac
2798 3579 2949 3635 male
2982 3586 3223 3637 tractata
3257 3580 3463 3650 classe,
3494 3581 3606 3636 Eu-

1959 3668 2127 3723 boica
2150 3665 2492 3738 praesertim,
2524 3666 2781 3737 denique
2805 3666 2963 3738 ipsas
2985 3685 3157 3724 naves
3177 3674 3602 3726 cremaverunt.

1960 3755 2150 3824 Neque
2183 3755 2292 3810 hoc
2325 3753 2479 3811 malo
2503 3755 2758 3810 contenti
2779 3754 2935 3810 aliud
2961 3756 3198 3826 gravius
3230 3759 3561 3829 adjungunt
3592 3774 3607 3815 ε

1960 3845 2039 3899 im
2052 3845 2397 3915 peratoriam
2415 3860 2618 3899 navem
2636 3843 3191 3917 suﬁ‘urati,primum
3207 3845 3502 3903 conclavia
3517 3846 3614 3901 im-

1963 3932 2255 4005 peratoria
2276 3934 2314 3986 ‘l
2330 3934 2367 3987 1
2382 3932 2425 3988 5
2464 3932 2649 4003 peplis
2666 3946 2884 3988 auratis
2903 3940 2959 3988 et
2990 3935 3300 4006 purpureis
3318 3937 3613 4007 tapetibus

1964 4026 2264 4088 exornant,
2297 4021 2506 4079 deinde
2531 4022 2983 4077 homuncionem
3027 4023 3337 4095 perditum,
3377 4025 3608 4097 nigrum

1966 4111 2276 4182 quemdam
2302 4109 2653 4181 Ethiopem,
2674 4110 2733 4164 in
2754 4127 2878 4167 eam
2915 4113 3310 4170 introductum
3334 4124 3386 4170 et
3418 4114 3610 4186 splen-

1968 4200 2106 4256 dida
2131 4215 2343 4255 corona
2372 4204 2715 4254 exornatum
2750 4203 2815 4255 ut
2855 4199 3248 4257 Romanorum
3301 4202 3613 4275 imperato-

1967 4305 2087 4344 rem
2119 4304 2251 4343 cum
2289 4287 2589 4357 magniﬁco
2621 4287 2899 4344 comitatu
2934 4305 3037 4361 per
3092 4289 3411 4348 ludibrium
3466 4291 3615 4349 cele-

1968 4377 2541 4443 brarunt,deridendi
2576 4377 2861 4434 Manuelis
2892 4395 3091 4446 causa,
3126 4382 3226 4453 qui
3261 4399 3376 4438 non
3411 4387 3616 4440 ﬂavam

1971 4484 2197 4522 comam
2234 4467 2472 4522 haberet
2501 4472 2566 4522 ut
2594 4472 2840 4523 maturae
2869 4474 3117 4539 segetes,
3150 4472 3248 4526 sed
3294 4473 3498 4530 fuscus
3528 4490 3619 4531 es-

1972 4568 2059 4614 set
2088 4559 2274 4613 instar
2296 4573 2523 4628 sponsa:
2547 4556 2707 4614 illius
2734 4559 2791 4613 in
2819 4559 3089 4628 Canttcls,
3133 4579 3262 4634 quas
3286 4581 3350 4621 se
3394 4567 3621 4639 nigram

1974 4647 2078 4703 sed
2108 4647 2413 4701 formosam
2448 4661 2578 4702 esse
2608 4647 2709 4713 ait,
2736 4651 2801 4703 ut
2827 4667 2860 4704 a
2890 4648 3011 4705 sole
3034 4652 3301 4707 nonnihil
3330 4654 3619 4711 adustam.

213 4739 260 4792 οἱ
288 4738 472 4794 πάλαι
500 4741 712 4793 κεῖσθαι
761 4736 922 4811 μέσον
974 4737 1192 4804 Ἰθάκης
1230 4735 1320 4790 καὶ
1367 4743 1468 4804 τῆς
1516 4740 1625 4790 τῶν
1684 4740 1834 4814 Kac):

1976 4735 2253 4801 Quamvis
2283 4746 2474 4790 autem
2507 4735 2821 4806 imperator
2882 4738 3165 4796 Barbaros
3218 4742 3414 4796 statim
3470 4746 3623 4813 justo

215 4828 411 4898 λήνων
465 4825 877 4901 τετραπόλεως)
927 4825 1253 4881 ἐπιτίθενται
1314 4825 1387 4886 ὡς
1434 4823 1699 4898 πολέμιοι
1750 4829 1867 4887 τοῖς

215 4914 380 4974 ἐκεῖσε
426 4917 481 4991 ἔξ
538 4912 779 4979 Εὖϐοίας
840 4920 1168 4991 παρορμῶσι
1234 4912 1456 4976 πλοίοις
1512 4914 1870 4987 Ῥωμαϊκοις,

213 5008 299 5059 καὶ
352 5009 419 5063 τὸ
472 5009 725 5062 ναυτικὸν
782 5010 965 5069 κακῶς
1030 5001 1359 5077 διαθέμενοι,
1420 5003 1450 5059 6'
1503 5002 1873 5079 συνεπλήρουν

217 5095 267 5148 οἱ
295 5092 528 5158 Εὐϐοεῖς
588 5094 848 5168 μάλιστα.
894 5093 1053 5155 τέλος
1100 5093 1190 5148 καὶ
1234 5092 1369 5147 αὐτὰ
1420 5093 1487 5147 τὰ
1536 5092 1711 5165 σκάφη
1766 5096 1871 5167 πῦρ

218 5181 551 5255 ὶμὸαλὸντες
609 5186 931 5259 ᾐθάλωσαν.
990 5186 1084 5255 Τῷ
1140 5187 1292 5254 κακῷ
1342 5179 1400 5237 Si
1455 5181 1633 5254 τούτῳ
1689 5177 1872 5256 ἕτερον

218 5270 563 5349 ἀτοπώτερον
594 5273 941 5349 ἐπιφέροντες
984 5274 1087 5340 τήν
1137 5265 1393 5345 βασιλίδα
1440 5276 1545 5338 νῆα
1590 5267 1874 5348 κλοποφο-

222 5366 398 5434 ροῦσι,
446 5363 539 5418 καὶ
595 5365 726 5438 παρ’
782 5363 997 5423 ἑαυτοῖς
1066 5359 1280 5435 θέμενοι
1338 5363 1529 5434 πρῶτα
1592 5360 1685 5433 μὶν
1778 5360 1875 5420 τὰς

1979 4822 2267 4896 supplicio
2290 4823 2517 4881 afﬁcere
2545 4831 2756 4897 posset,
2787 4837 2977 4883 tamen
3003 4832 3218 4885 veritus
3245 4848 3316 4886 ne
3345 4830 3622 4887 intestino

1982 4913 2133 4970 bello
2156 4919 2442 4969 commoto
2465 4911 2628 4985 plura
2656 4913 3026 4974 incommoda
3051 4925 3451 4989 sequerentur,
3477 4919 3622 4974 mis-

1981 5004 2059 5058 sis
2080 5019 2111 5059 e
2133 5018 2241 5058 sua
2264 5001 2475 5059 familia
2500 5003 2853 5074 quibusdam
2874 5005 3109 5061 Venetis
3131 5007 3480 5078 injurtarum
3504 5012 3625 5064 tam

1982 5093 2094 5149 sibi
2147 5108 2325 5163 quam
2387 5091 2661 5147 Romanis
2710 5093 3002 5149 hostiliter
3050 5097 3337 5150 illatarum
3399 5098 3626 5154 veniam

1984 5181 2308 5253 pollicetur,
2342 5196 2473 5235 cum
2512 5180 2816 5251 ultionem,
2850 5181 2980 5237 aliis
3039 5184 3211 5237 rebus
3258 5183 3627 5255 urgentibus,

1983 5268 2450 5338 intempestivam
2520 5284 2647 5323 esse
2725 5275 3004 5325 cerneret.
3090 5270 3485 5328 Nihilominus
3543 5274 3630 5331 ira

1984 5360 2205 5423 animo,
2228 5361 2505 5427 tanquam
2535 5356 2666 5427 igne
2697 5358 2807 5412 sub
2838 5358 3156 5424 oineribus,
3199 5376 3403 5431 pressa
3452 5370 3629 5435 atque

1555 5484 1741 5554 Hier.
1791 5484 2031 5553 Wolﬁi
2071 5490 2273 5549 nota.

296 5625 417 5697 (73)
444 5629 581 5684 Puto
612 5623 879 5701 ἀναγκαία
908 5641 1014 5698 pro
1044 5621 1252 5697 ἀνάγκη
1286 5637 1416 5680 esse
1444 5621 1730 5694 positum,
1763 5625 1827 5679 ut

1953 5616 2190 5676 ιλιόπεια
2224 5629 2327 5689 pro
2358 5610 2673 5689 Καλλιόπη.
