4068 6196
246 291 375 353 423

247 429 366 497 τὴν
443 423 738 500 εῐρημένην
817 423 1135 499 ἐτράποντο,

247 522 513 571 τοιοῦτον
552 512 796 588 μάλιστα
844 509 1001 590 ἔργον
1051 515 1079 569 ὁ
1126 514 1491 578 καστελλάνος
1530 510 1832 589 Θεόδωρος,
1866 515 1924 579 ὅς

250 613 361 675 τῆς
395 605 778 683 φρουραρχίας
829 602 1152 680 προΐστατο,
1202 603 1306 659 οὐκ
1354 604 1426 660 ὥν
1475 605 1721 678 αἱμάτων
1762 606 1922 679 ἀνὴρ,

254 693 410 750 ἃλλὰ
473 700 578 763 τῆς
636 692 845 768 ἀγέλης
901 690 1069 748 πλέον
1129 695 1397 770 Χριστοῦ,
1474 694 1565 748 καὶ
1648 693 1923 767 προτιθεὶς

246 785 482 855 εἰρήνην
558 789 660 853 τῆς
737 780 1088 854 διαστάσεως,
1194 784 1284 838 καὶ
1362 781 1769 861 φιλορώμαιος,
1848 782 1923 847 ὡς

245 870 449 947 ἔδειξεν
530 874 777 949 ὕστερον.
854 874 1117 937 Βασιλεὺς
1188 874 1369 931 τοίνυν
1474 874 1603 930 ὠσὶν
1695 877 1919 931 ἑστῶσιν

246 964 492 1025 ἀκούσας
533 966 635 1034 τὴν
691 964 972 1041 ἀγγελίαν,
1030 961 1211 1035 ἐζήτει
1268 965 1557 1029 θεάσασθαι
1613 964 1703 1019 καὶ
1755 964 1922 1039 πέρας

248 1053 458 1108 αὐτίκα
532 1054 597 1109 τὸ
672 1051 884 1130 ἐφετόν.
963 1054 1076 1122 Ιιρὸ
1133 1049 1190 1106 δὲ
1261 1057 1360 1108 τοῦ
1431 1053 1527 1114 τάς
1602 1053 1917 1126 ἀποκρίσεις

247 1141 452 1216 ἱλαρὲις
511 1139 808 1197 ἀποδοῦναι
859 1141 1044 1196 ἐαυτὸν
1122 1137 1473 1197 εἰδωλοποίει
1530 1141 1761 1217 τραχὺν,
1827 1142 1916 1197 καὶ

248 1232 575 1307 ὑπερορίοις
632 1228 889 1292 ἀπειλαῖς
942 1229 1236 1307 ἐκέχρητο,
1297 1230 1345 1286 εἴ
1406 1231 1481 1303 μὴ
1542 1227 1710 1305 δρῷεν
1752 1229 1915 1302 ὅσαή

240 1314 515 1395 πρεσϐεία
542 1317 1069 1393 κατεπαγγέλλεται.
1125 1322 1213 1379 Ὠς
1272 1318 1365 1372 οὗν
1421 1317 1522 1391 6ψέ
1578 1317 1915 1394 προσερῥύη-

246 1429 379 1477 σαν,
404 1404 531 1463 οὐδὲ
558 1407 685 1462 τότε
719 1407 866 1479 ὁμοῦ
897 1407 1115 1474 πάντες,
1156 1404 1303 1461 ἀλλά
1349 1407 1485 1461 κατᾶ
1536 1406 1793 1481 βραχεῖς,
1822 1408 1914 1462 καῖ

1339 294 1441 356 DE
1484 291 1858 354 MANUELE
1901 291 2281 354 COMNENO
2324 291 2472 353 LIB.
2523 293 2599 353 ΙΙ.

1240 427 1434 503 Ἐνῆγε
1522 424 1577 482 δὲ
1650 425 1786 500 πρὸς
1860 425 1902 480 τε

2038 427 2139 485 sed
2172 426 2340 500 pauci
2380 425 2689 499 principio,
2747 425 2818 482 iis
2878 426 3045 485 etiam
3105 429 3203 501 qui
3256 439 3680 502 remanserant,

3562 298 3684 362 486

2033 516 2418 571 ostendebant
2441 516 2847 588 imperatorem
2883 534 2997 573 non
3028 520 3349 590 superbum
3407 538 3555 591 esse,
3592 538 3686 578 ne-

2034 618 2147 675 que
2178 604 2498 676 quidquam
2534 604 2766 675 gravius
2797 606 2855 661 in
2888 606 3185 663 dedititios
3226 609 3548 679 consulere,
3581 612 3685 667 sed

2033 707 2133 747 eos
2165 692 2502 748 humaniter
2557 693 2839 765 excipere,
2899 699 3210 768 postquam
3270 713 3368 753 eos
3421 706 3686 770 porrecta

2033 780 2266 836 dextera
2297 780 2581 838 salutatos
2630 784 2775 839 satis
2822 784 2917 839 diu
2969 785 3212 841 comiter
3235 788 3685 853 tractarat,hor-

2030 874 2188 926 tatur
2217 873 2281 926 ut
2311 870 2367 926 id
2409 872 2842 944 amplectantur
2873 873 3031 945 quod
3090 890 3119 930 e
3169 892 3230 931 re
3275 893 3383 932 sua
3410 892 3534 932 esse
3568 895 3678 945 pu-

2028 964 2155 1016 tent
2190 978 2203 1016 :
2238 961 2328 1017 sui
2354 962 2508 1017 enim
2568 964 2749 1019 moris
2808 982 2922 1020 non
2983 980 3135 1034 esse,
3168 971 3340 1039 atque
3399 968 3541 1022 adeo
3575 985 3679 1024 nec

2027 1049 2222 1123 regale
2274 1067 2379 1107 nec
2436 1050 2672 1109 liberale
2725 1053 2927 1123 videri,
2986 1055 3073 1109 vel
3133 1072 3368 1111 manere
3424 1057 3680 1114 volentes

2028 1139 2329 1212 repellere,
2360 1140 2446 1196 vel
2482 1140 2776 1199 discedere
2812 1143 3183 1215 cupientibus
3227 1146 3382 1202 118
3428 1148 3674 1204 obsiste-

2029 1246 2107 1287 re.
2136 1228 2300 1286 Multi
2329 1230 2509 1301 igitur
2538 1230 3119 1304 apudimperatorem
3179 1244 3540 1307 manserunt,
3592 1242 3677 1293 at-

2028 1335 2142 1392 que
2171 1318 2228 1374 in
2258 1318 2461 1393 primis
2490 1321 2827 1379 Theodorus
2858 1323 3449 1395 Capellanus;caateri
3482 1327 3537 1383 in
3571 1343 3672 1398 pa-

2024 1409 2199 1465 triam
2230 1409 2487 1467 Siciliam
2520 1411 2838 1467 redierunt.

244 1504 453 1572 πεῖραν
482 1502 598 1558 τοῖς
629 1495 978 1570 ἐπιμένουσιν
1012 1496 1063 1550 οἱ
1095 1495 1324 1565 ἐξιόντες
1359 1493 1596 1559 διδόντες
1649 1496 1723 1558 ὡς
1780 1495 1889 1572 οὐχ
1946 1496 2255 1573 ὑπερόπτης
2310 1498 2337 1552 ὁ
2400 1496 2656 1574 βασιλεὺς
2715 1496 2838 1554 οὐδέ
2866 1521 2918 1554 τι
2957 1505 3063 1555 τῶν
3097 1501 3346 1558 ἀέλπτων
3376 1502 3671 1574 ἐπιτελῶν,

248 1585 389 1644 ἀλλ’
444 1587 686 1659 εὐμενῶς
746 1586 943 1648 αὐτοὺς
1004 1585 1381 1660 προσιέμενος,
1445 1586 1580 1660 μετᾶ
1633 1584 2040 1664 φιλοφροσύνην
2119 1588 2209 1643 καὶ
2288 1585 2529 1659 δεξίωσιν
2587 1591 2772 1660 ἱκανὴν
2851 1590 3050 1656 αὐτοὺς
3108 1590 3325 1657 ἑλέσθαι
3377 1595 3440 1649 τὸ
3497 1612 3669 1664 ποιη-

242 1677 373 1731 τέον
441 1677 533 1731 καί
602 1676 664 1731 τὸ
728 1673 922 1730 δοκοῦν
987 1672 1269 1752 ὠφέλιμον
1336 1672 1696 1750 ἐγκελεύεται·
1775 1676 1935 1747 ἐαυτᾷ
1997 1676 2098 1751 γάρ
2165 1679 2241 1751 μή
2314 1678 2452 1733 εἶναι
2509 1680 2645 1755 πρὸς
2706 1681 2936 1755 τρόπου,
3009 1678 3139 1755 μηδ’
3205 1680 3394 1745 ἄλλως
3464 1684 3669 1758 κρίνειν

245 1767 540 1839 βασιλικόν
568 1767 747 1821 τεκαὶ
780 1764 1109 1840 ἐλευθέριον,
1159 1766 1195 1835 ἢ
1257 1762 1431 1838 μένειν
1485 1764 1771 1826 ἐθέλοντας
1822 1764 2143 1822 ἀπελαύνειν
2200 1764 2238 1837 ἤ
2287 1767 2498 1824 ἀπιέναι
2593 1768 2956 1845 βουλομένοις
3004 1771 3411 1847 προσίστασθαι.
3453 1773 3670 1841 Πολλοὶ

248 1857 349 1928 μὶν
391 1854 485 1910 οὖν
515 1855 961 1931 συμπαρέμειναν
1000 1852 1235 1930 βασιλεῖ,
1294 1854 1386 1909 καὶ
1444 1855 1550 1929 πρὸ
1607 1856 1823 1910 πάντων
1883 1855 1911 1909 ὁ
1969 1853 2335 1918 καστελλᾶνος
2392 1855 2696 1933 Θεόδωρος·
2731 1861 2782 1914 o't
2833 1858 2891 1914 δὲ
2921 1858 3112 1914 λοιποὶ
3141 1862 3279 1936 πρὸς
3307 1864 3405 1931 τὴν
3438 1861 3671 1938 πατρίδα

246 1943 509 2000 Σικελίαν
533 1944 750 2020 ἀνήχθη
759 1966 879 2004 σαν.

322 2035 389 2098 ς’.
424 2032 687 2097 Βασιλεὺς
718 2031 798 2107 δὶ,
831 2034 1045 2109 παριὼν
1091 2032 1221 2088 εἲσω
1265 2038 1365 2102 τῆς
1415 2029 1657 2101 πόλεως,
1685 2031 1775 2086 καὶ
1805 2033 1902 2101 τήν

2083 2038 2135 2092 6.
2171 2040 2491 2109 Imperator
2520 2054 2652 2094 vero
2678 2039 2879 2094 urbem
2903 2039 3231 2111 ingressus,
3263 2046 3320 2096 et
3354 2040 3663 2097 castellum

239 2123 413 2199 ἄκραν
460 2123 841 2200 καταπλαγεὶς
887 2125 963 2188 ὡς
1011 2121 1209 2188 ὅπλοις
1257 2119 1371 2178 οὐδ’
1421 2120 1569 2185 ὅλως
1599 2120 1904 2196 ἀλώσιμον,

234 2215 329 2269 καὶ
390 2217 634 2292 φρουράν
694 2214 992 2285 ἐπιστήσας
1051 2211 1458 2289 ἀσφαλεστάτην
1500 2210 1561 2267 ἐκ
1589 2216 1901 2287 Γερμανῶν,

234 2300 370 2376 ἄρας
428 2302 636 2358 ἐκεῖθεν
698 2303 835 2376 μετᾶ
887 2305 973 2376 [Ρ.
1006 2304 1097 2375 60]
1151 2302 1330 2373 πάσης
1362 2301 1437 2363 ὡς
1470 2303 1590 2375 εἶχε
1617 2303 1715 2369 τῆς
1743 2320 1901 2375 στρα-

231 2396 355 2453 τιᾶς
386 2392 465 2454 εἷς
514 2392 611 2446 τὸν
658 2390 898 2448 Αὐλῶνα
949 2395 1295 2463 μετασκηνοῖ,
1330 2383 1449 2444 ἔνθα
1482 2388 1662 2449 ἱκανάς
1694 2387 1904 2464 ἡμέρας

236 2478 673 2553 ἐναυλισάμενος
730 2480 830 2548 τὴν
904 2479 978 2535 εἰς
1058 2478 1307 2533 Σικελίαν
1368 2483 1530 2553 κυροῖ
1586 2476 1901 2552 περαίωσιν,

231 2570 613 2645 γνωματεύων
641 2569 854 2644 ἤρεμον
887 2572 1020 2623 εἶναι
1057 2567 1150 2623 τόν
1203 2568 1517 2644 μαχόμενον
1550 2566 1645 2621 καὶ
1679 2565 1902 2640 εἰρήνης

230 2662 325 2716 τὸν
391 2658 650 2733 πόλεμον
717 2657 998 2734 πρύτανιν,
1066 2656 1313 2717 κάκείνας
1382 2654 1724 2728 εὐδαιμονεῖν
1792 2660 1901 2709 τῶν

230 2751 453 2807 πόλεων
488 2748 617 2803 ὅσαι
654 2749 732 2823 μὴ
764 2752 882 2808 τοῖς
914 2747 1142 2822 τείχεσι,
1184 2752 1301 2808 τοῖς
1336 2742 1381 2799 δ’
1414 2742 1599 2823 ἔγχεσι
1629 2742 1903 2821 φράγνυν-

224 2862 343 2910 ται,
374 2840 454 2902 ὦς
484 2839 619 2902 τούς
644 2858 708 2914 γε
756 2835 825 2892 δι’
874 2837 1092 2913 εἰρήνην
1141 2835 1233 2891 τὸν
1286 2832 1532 2909 πόλεμον
1565 2834 1904 2903 ἀλυσκάζον-

230 2951 327 2984 ταν
358 2923 656 2996 λεληθέναι
687 2924 936 3000 ἄντικρυς
994 2920 1218 3002 ἔφασκεν
1277 2923 1498 2984 ἑαυτοὺς
1530 2923 1612 2977 ὅτι
1649 2920 1900 2985 πλείονες

233 3022 482 3084 ὶντεῦθεν
514 3017 594 3078 ὡς
624 3014 685 3071 ἐκ
712 3013 1004 3091 πολύχους
1051 3011 1249 3091 γηδίου
1280 3014 1502 3092 φύονται
1536 3013 1587 3067 oi
1620 3009 1897 3091 διάφοροι,

231 3110 300 3177 ἦν
378 3104 606 3182 ἔχουσιν
687 3105 866 3181 ἀρχὴν
944 3102 1357 3179 περικόπτοντες
1460 3102 1552 3156 καὶ
1644 3103 1901 3175 σταθερᾶς

235 3198 462 3274 εἰρήνης
485 3193 750 3269 οὐδαμῶς
780 3192 1177 3255 ἀπολαύοντες.
1218 3191 1410 3250 Ἀλλὰ.
1446 3216 1475 3244 ‹‹
1509 3190 1707 3261 δειλοὶ,
1743 3213 1770 3241 ››
1800 3212 1901 3268 φη-

228 3288 313 3341 σὶν
342 3288 371 3341 ὁ
405 3284 707 3358 Σολομὼν,
752 3307 781 3334 ι(
824 3284 874 3338 οἱ
923 3286 1028 3338 τῶν
1064 3282 1366 3357 ἀνθρώπων
1399 3280 1501 3335 εἶσὶ
1544 3277 1898 3354 διαλογισμοὶ

2011 2125 2335 2181 admiratus
2366 2130 2430 2181 ut
2453 2126 2633 2182 armis
2664 2144 2905 2199 prorsus
2938 2127 3410 2201 inexpugnabile,
3444 2129 3660 2185 ﬁrmis-

2010 2214 2160 2270 simo
2192 2214 2613 2272 Germanorum
2645 2216 2915 2287 prmeidio
2971 2216 3270 2289 imposito,
3315 2234 3441 2273 cum
3500 2219 3663 2275 omni

2008 2302 2261 2358 exercitu
2294 2302 2575 2359 Aulonem
2610 2306 2838 2375 transit,
2870 2304 3067 2377 ibique
3101 2322 3201 2377 per
3258 2304 3487 2378 aliquot
3535 2305 3659 2362 dies

2012 2395 2405 2448 commoratus
2459 2392 2890 2464 navigationem
2951 2394 3009 2449 in
3067 2394 3322 2450 Siciliam
3381 2396 3659 2463 decernit,

2008 2482 2163 2552 quod
2187 2497 2321 2536 eum
2347 2481 2582 2538 demum
2614 2482 2998 2553 tranquillum
3031 2485 3269 2554 putabat
3294 2485 3393 2556 qui
3443 2500 3665 2557 pugna-

2008 2573 2189 2637 ret,et
2218 2571 2439 2627 bellum
2469 2571 2629 2644 pacis
2662 2575 3056 2643 sequestrum,
3105 2578 3281 2645 atque
3331 2589 3429 2628 eas
3484 2574 3660 2630 urbes

2008 2658 2205 2715 felices
2227 2660 2556 2730 judicabat,
2591 2677 2720 2732 quae
2773 2678 2888 2717 non
2924 2660 3237 2732 mmnibus,
3270 2661 3370 2718 sed
3413 2663 3657 2719 ensibus

2009 2747 2380 2803 munirentur
2408 2764 2420 2801 :
2448 2764 2578 2803 nam
2610 2747 2710 2820 qui
2745 2747 2964 2804 bellum
3016 2749 3175 2820 pacis
3205 2765 3404 2805 amore
3434 2750 3660 2822 fugiant

2007 2850 2107 2891 eos
2138 2851 2251 2891 non
2290 2835 2749 2893 animadvertere
2782 2836 2979 2909 plures
3011 2838 3122 2894 sibi
3179 2842 3240 2893 ut
3297 2839 3591 2910 pulverem
3622 2854 3654 2894 θ

2008 2931 2163 2982 terra
2186 2925 2622 2983 friabilihostes
2640 2926 2941 2994 exsistere,
2973 2927 3069 3000 qui
3123 2932 3180 2984 et
3208 2927 3519 3000 imperium
3551 2944 3650 2984 eo-

2005 3030 2137 3070 rum
2157 3015 2444 3083 accidant,
2476 3030 2578 3071 nec
2598 3016 2796 3072 stabili
2827 3032 2965 3087 pace
2986 3016 3145 3089 ipsos
3170 3017 3282 3073 frui
3322 3018 3645 3090 patiantur.

2005 3105 2378 3178 Czeterum,ut
2409 3105 2679 3163 Salomon
2715 3106 3027 3172 afﬁrmat‘,
3080 3107 3245 3164 irrita
3303 3111 3441 3164 sunt
3469 3108 3655 3164 homi-

2005 3212 2147 3250 num
2179 3194 2421 3251 consilia
2452 3199 2509 3252 et
2562 3195 2799 3251 lubricas
2857 3196 3281 3269 cogitationes:
3316 3201 3371 3253 at
3418 3196 3649 3253 Domini

2006 3284 2367 3357 propositum
2402 3285 2638 3340 firmum
2672 3288 2759 3341 est
2789 3290 2964 3357 atque
3017 3285 3404 3354 immutabile,
3462 3303 3649 3357 neque

228 3380 323 3433 καὶ
376 3372 695 3452 ἐπισφαλεῖς
758 3373 812 3428 αἱ
869 3373 1077 3428 τούτων
1139 3371 1395 3439 ἐπίνοιαι,
1425 3372 1460 3441 ἡ
1495 3367 1553 3424 δὲ
1585 3370 1764 3444 βουλή
1797 3373 1892 3424 τοῦ

2010 3374 2319 3446 quisquam
2354 3375 2617 3430 omnium
2652 3377 3014 3447 propositum
3047 3375 3106 3431 id
3161 3378 3375 3431 evitare
3431 3380 3603 3447 queat
3642 3393 3655 3432 :

230 3464 451 3538 Κυρίου
485 3459 671 3539 βεϐαία
699 3461 791 3517 καὶ
841 3461 1254 3536 ἀμετάπτωτος,
1288 3458 1403 3516 οὐδ’
1434 3457 1577 3515 ἔστιν
1611 3458 1759 3522 ὅστις
1785 3462 1893 3513 τῶν

236 3556 504 3611 ἁπάντων
563 3552 723 3622 αὐτὴν
781 3551 1236 3628 παρακρούσεται.
1283 3575 1310 3602 ››
1378 3550 1514 3604 Τότε
1569 3548 1747 3605 τοίνυν
1804 3550 1895 3604 τὸν

234 3641 518 3711 Μανουήλ
547 3642 863 3717 στηρίξαντα
909 3643 1009 3711 τὴν
1055 3640 1131 3702 εἷς
1190 3637 1438 3695 Σικελίαν
1495 3636 1776 3708 κέλευθον,
1805 3639 1896 3692 καὶ

234 3735 382 3809 πρὸς
422 3734 521 3802 τήν
563 3739 727 3802 νῆσον
777 3731 1085 3806 κατάραντα
1134 3729 1258 3799 ἣτις
1314 3729 1683 3802 Ἀειρονήσιον
1714 3726 1898 3783 ἐπικέ-

228 3823 466 3895 κληται,
496 3826 595 3877 τοῦ
651 3821 1061 3897 ἐγχειρήματος
1130 3817 1365 3893 ἐπέσχον
1411 3814 1803 3887 διακυκήσασαι
1835 3815 1896 3870 τὸ

228 3914 479 3989 πέλαγος
539 3908 809 3972 Λαίλαπες
876 3910 966 3964 καὶ
1026 3906 1489 3963 καταποντιστικά
1545 3908 1710 3960 τοῦτο
1739 3905 1897 3979 ταρά-

230 4007 393 4076 ξαντα
453 4002 757 4075 πνεύματα,
836 4000 1078 4075 βροντῶν
1133 4017 1192 4052 τε
1252 3997 1550 4071 μυκήματα
1625 3992 1892 4067 ἐξαισίων,

229 4096 324 4149 καὶ
381 4092 677 4167 ἀστραπῶν
734 4086 1182 4163 ἐκπυρηνίσματα
1236 4081 1518 4161 τερατώδη
1577 4083 1665 4138 καὶ
1722 4083 1894 4157 ἀνάμ-

235 4204 381 4260 ματα
424 4176 810 4260 φοόερώτατα.
869 4179 971 4234 Καὶ
1033 4177 1188 4241 αὗθις
1247 4172 1295 4230 δ’
1350 4168 1776 4247 ἐπιϐαλλομένῳ
1806 4171 1895 4227 καὶ

228 4276 334 4343 τὴν
394 4271 699 4348 περαίωσιν
757 4264 1141 4324 ἐπισπεύδοντι
1203 4263 1315 4339 οὐχ
1372 4262 1636 4333 ὑπέθηκεν
1700 4262 1895 4330 ἑαυτήν

228 4367 266 4435 ἠ
298 4345 552 4418 θάλαάσα
604 4364 726 4421 ταῖς
782 4378 990 4426 ναυσιν,
1049 4353 1176 4411 ἀλλ’
1226 4349 1467 4424 ἀνεπήδα
1514 4351 1605 4406 καὶ
1636 4345 1896 4424 ἀνεϐράσ-

228 4475 355 4510 σετο
421 4452 687 4508 κάτωθεν.
742 4454 829 4509 Ὡς
885 4447 974 4502 οὗν
1056 4445 1380 4513 ἀντέστησαν
1449 4442 1504 4496 αἱ
1570 4440 1894 4509 ἀντίπνοιαι,

230 4542 565 4601 διαλύσασαι
623 4542 690 4596 τά
746 4538 922 4617 σκάφη
987 4536 1173 4614 γνόφῳ
1223 4536 1400 4609 βαθεῖ,
1462 4530 1625 4606 μόλις
1685 4530 1779 4603 μὲν
1829 4533 1896 4617 τῇ

228 4636 425 4710 χέρσῳ
498 4652 622 4688 τινα
690 4629 899 4685 τούτων
971 4621 1375 4701 προσώκειλαν,
1433 4622 1522 4676 καὶ
1595 4618 1758 4680 αὐτὸς
1828 4615 1895 4687 δή

230 4703 498 4801 βασιλεὺς
558 4718 900 4790 διιξέπλευσε
960 4711 1205 4791 βραδέως
1259 4712 1354 4801 τὸν
1405 4706 1679 4801 κίνδυνον,
1723 4703 1899 4801 τάᾼδέ

2004 3462 2084 3518 ita
2100 3463 2275 3518 etiam
2298 3462 2577 3519 Manuelis
2608 3462 2965 3527 institutum,
2999 3480 3132 3519 cum
3158 3463 3217 3519 in
3250 3463 3511 3520 Siciliam
3542 3464 3656 3520 iter

2002 3550 2354 3608 intendisset
2384 3559 2434 3608 et
2467 3553 2537 3608 ad
2596 3553 2953 3608 IEronesium
3015 3551 3268 3608 insulam
3304 3552 3649 3623 appulisset,

2003 3640 2267 3713 procella:
2298 3645 2594 3697 ventorum
2629 3658 2790 3697 mare
2820 3642 3180 3714 exagitantes
3240 3641 3653 3710 horrendaque

2002 3730 2258 3786 tonitrua
2287 3735 2341 3785 et
2372 3730 2656 3787 terribilia
2713 3730 3165 3802 prodigiosa-que
3220 3728 3468 3783 fulmina
3526 3733 3649 3785 toto

2003 3820 2145 3876 oculo
2173 3819 2521 3876 collucentia
2537 3820 2754 3875 interra
2765 3823 2995 3890 perunt.
3029 3821 3069 3874 1
3083 3818 3180 3873 19
3194 3817 3457 3874 Secundo
3484 3817 3649 3888 traji-

2003 3924 2130 3966 cere
2154 3924 2467 3980 aggressus
2491 3907 2940 3980 tempestatibus
2964 3923 3088 3979 qutn
3138 3904 3408 3978 repulsus
3457 3909 3565 3975 est,
3594 3910 3657 3961 et

2002 3997 2188 4054 classe
2214 3997 2457 4068 disjecta
2491 3995 2811 4068 multisque
2870 3996 3117 4052 navibus
3162 3996 3465 4069 demersis,
3500 4010 3649 4067 aegre

2003 4087 2228 4159 aliquot
2257 4086 2317 4143 in
2348 4089 2526 4143 densa
2557 4086 2804 4159 caligine
2834 4091 3049 4142 terram
3082 4090 3419 4152 tenuerunt,
3474 4089 3648 4156 atque

2001 4177 2127 4249 ipse
2158 4176 2474 4248 imperator
2503 4192 2631 4232 sero
2664 4174 2986 4247 periculum
3017 4174 3219 4231 evasit.
3255 4174 3487 4233 Omissa
3534 4173 3653 4246 igi-

2000 4269 2100 4322 tur
2127 4281 2194 4321 ea
2225 4264 2590 4337 navigatione
2622 4281 2799 4336 quam
2830 4263 2955 4320 suis
2985 4263 3266 4336 auspiciis
3287 4280 3496 4336 parum
3528 4279 3659 4319 suc-

2002 4356 2206 4413 cedere
2234 4354 2485 4422 videbat,
2543 4370 2612 4410 ex
2664 4353 2888 4410 Aulone
2943 4369 3075 4409 cum
3133 4353 3411 4409 omnibus
3468 4350 3656 4424 copiis

2004 4442 2274 4512 discedit,
2307 4460 2373 4498 ac
2406 4441 2730 4514 Pelagoniae
2762 4442 2937 4498 rebus
2969 4458 3037 4497 ex
3068 4441 3361 4497 sententia
3420 4440 3656 4497 ordina-

2005 4532 2334 4605 tis,Servios
2367 4531 2635 4587 invadere
2658 4530 2882 4600 statuit,
2921 4530 3020 4602 qui
3051 4528 3372 4602 tranquillo
3422 4528 3657 4602 imperii

2005 4626 2156 4679 statu
2189 4621 2504 4677 amicitiam
2539 4619 2912 4686 simulantes,
2945 4623 3002 4676 et
3032 4618 3190 4676 aliud
3223 4620 3425 4692 lingua
3455 4635 3654 4691 prom-

2005 4716 2170 4783 ptum
2204 4708 2358 4765 aliud
2392 4709 2587 4765 animo
2620 4709 2882 4765 abditum
2917 4707 3221 4778 habentes,
3266 4713 3653 4780 posteaquam

227 4784 405 4873 λοιπά
449 4784 714 4884 διεσπάρη
768 4803 915 4862 ἄλλα
960 4784 1159 4868 ἀλλοθι
1210 4800 1299 4856 καὶ
1342 4800 1613 4876 πάρεργον
1662 4796 1899 4873 ἐγεγόνει

2010 4816 2075 4856 ea
2104 4816 2230 4871 quae
2264 4799 2508 4856 breviter
2530 4799 2762 4871 exposui
2787 4803 2944 4854 terra
2995 4797 3259 4869 marique
3301 4799 3653 4864 acciderant,

226 4903 543 4962 κλύδωνος.
601 4903 693 4971 Τῷ
747 4918 833 4952 τοι
889 4896 990 4964 τήν
1064 4890 1134 4947 δι’
1192 4892 1385 4945 ἑαυτοῦ
1442 4890 1578 4964 πρὸς
1632 4886 1886 4943 Σικελίαν

225 4996 537 5070 περαίωσιν
628 4988 703 5051 ὡς
781 4984 1097 5059 ἀσύμφορον
1185 4981 1603 5055 παρωσάμενος,
1671 4977 1890 5054 ἀπαίρει

229 5065 327 5161 μὶν
355 5084 423 5140 ἐκ
446 5086 545 5136 τοῦ
580 5078 836 5139 Αὐλῶνος
869 5076 942 5137 ὡς
982 5068 1130 5148 ἔχων
1187 5073 1252 5140 ἦν
1310 5073 1417 5125 τῶν
1476 5065 1780 5141 δυνάμεων,
1815 5068 1891 5128 εἰς

222 5156 283 5231 δὲ
343 5169 684 5249 Πελαγονίαν
743 5162 1065 5245 ἀφιγμένος,
1123 5159 1212 5216 καὶ
1283 5157 1774 5249 καταστησάμενος.
1822 5156 1895 5217 ὡς

223 5262 482 5338 ξυνοῖσόν
517 5241 594 5315 ὀἱ
634 5241 811 5313 ἐδόκει
866 5254 933 5309 τὰ
988 5251 1309 5328 πράγματα,
1340 5248 1475 5338 κατὰ
1501 5241 1895 5338 ξέρϐιυνᾼὲγνω

227 5332 561 5432 μεταθέσθαι
617 5349 680 5403 τὸ
737 5344 1044 5432 πρόθυμον.
1100 5340 1266 5432 Οὗτοι
1320 5337 1446 5432 γάρ,
1512 5332 1792 5432 ἐωςιμὶν,
1831 5334 1899 5390 τά

221 5420 331 5518 τῆς
358 5446 552 5521 ἀρχῆς
578 5420 885 5514 ἠρέμειτῷ
916 5430 1300 5506 αὐτοκράτορι,
1351 5423 1535 5481 εὔνουν
1568 5420 1896 5481 ἐπλάττόντο

293 5625 320 5703 ,⁸
355 5623 529 5682 Prov.
563 5634 684 5688 xxx,
713 5617 808 5675 21.

560 5721 828 5782 ΡΑτιιοι..
875 5715 987 5776 Gn.
1034 5705 1349 5772 CXXXIX.

2001 4893 2304 4963 resumpta
2336 4905 2436 4961 per
2459 4888 2820 4946 occasionem
2840 4888 3053 4944 tiducia
3079 4886 3377 4957 armisque
3394 4884 3648 4955 sumptis

2003 4978 2284 5035 finitimas
2315 4978 2425 5035 sibi
2456 4966 2852 5034 Romanarum
2888 4976 3212 5045 provincias
3246 4975 3392 5030 male
3431 4976 3647 5027 tracta-

2001 5067 2343 5140 rant.Igitur
2364 5066 2884 5121 instructissimum
2932 5068 3151 5135 partem
3172 5059 3480 5125 exercitus,
3512 5073 3649 5112 cum

2003 5155 2444 5226 impedimentis
2477 5171 2651 5227 quam
2687 5153 2970 5218 minimis,
3007 5152 3065 5206 in
3124 5148 3384 5206 Servium
3446 5145 3605 5202 ducit
3638 5164 3655 5217 ;

2007 5247 2177 5315 cujus
2207 5253 2500 5316 satrapam
2527 5243 2902 5314 imperatoria
2933 5240 3223 5312 expeditio
3281 5235 3660 5309 quantumvis

2012 5333 2379 5390 dissimulata
2411 5350 2522 5389 non
2559 5331 2779 5388 fefellit.
2817 5331 2871 5385 Is
2903 5329 3041 5401 quia
3097 5326 3256 5399 quod
3287 5330 3498 5383 faceret
3544 5341 3660 5381 non

2008 5421 2282 5492 habebat,
2314 5438 2493 5494 seque
2523 5419 2799 5478 Romanis
2848 5418 3177 5491 legionibus
3220 5432 3345 5474 esse
3373 5417 3659 5489 imparem

3270 5699 3348 5761 14
