4068 6196
478 335 595 402 427

1799 332 2104 395 NICETJE
2146 336 2557 400 CHONIAT/E
3707 360 3804 419 428

472 481 772 549 cernebat,
802 496 833 536 e
864 474 1105 550 planitie
1137 472 1195 527 in
1227 472 1476 536 montes,
1529 468 1687 524 unde
1732 466 1981 524 salutem
2027 483 2118 524 ex-

2237 472 2534 547 πρόσωπον
2601 475 2692 530 καὶ
2756 476 2856 545 τὴν
2932 478 3187 552 γλῶτταν
3255 475 3536 535 ἐπλούτουν
3594 482 3711 557 πρὸς
3766 492 3820 546 τὰ

472 573 764 646 pectebat,
794 585 857 626 se
886 565 1123 638 recepit,
1154 561 1451 633 suumque
1481 557 1766 632 populum
1806 575 1923 614 non
1954 575 2127 615 secus

469 680 536 719 ac
568 675 837 731 pecorum
872 671 1077 728 greges
1105 651 1376 709 hostibus
1424 648 1837 721 dissipandum
1882 652 1939 705 et
1973 647 2125 704 occi-

469 750 727 804 dendum
758 746 912 803 I20
948 741 1183 815 obiecit,
1219 741 1357 796 data
1388 737 1595 809 cuique
1644 741 1932 810 potestate
1974 737 2129 794 salu-

466 838 545 893 tis
568 837 707 908 fuga
727 838 934 906 suopte
962 830 1226 903 exemplo
1260 827 1602 902 quaerendas,
1660 827 1909 898 vitaeque
1962 825 2125 898 pedi-

468 925 578 981 bus
606 923 983 980 redimendai.
1017 921 1152 985 Quae
1184 934 1317 974 cum
1350 916 1684 972 Serviorum
1739 915 2012 987 princeps
2043 914 2128 971 fe-

468 1015 664 1083 cisset,
695 1013 1016 1085 imperator
1045 1014 1267 1075 oontra,
1296 1006 1483 1063 leonis
1506 1006 1693 1060 instar
1715 1003 1847 1060 freti
1872 1004 2124 1072 viribus,

467 1108 735 1161 armenta
758 1103 934 1157 boum
972 1103 1076 1155 aut
1131 1112 1338 1171 greges
1397 1110 1704 1166 caprarum
1750 1093 2122 1165 dissipantis,

466 1192 793 1266 proﬂigatis
823 1190 1205 1246 barbarorum
1237 1185 1578 1242 cohortibus
1612 1181 1932 1254 multisque
1984 1199 2122 1255 pos-

463 1283 833 1343 sessionibus
860 1278 1155 1345 crematis,
1193 1292 1297 1332 nec
1328 1274 1529 1346 paucis
1563 1273 1876 1344 mancipiis
1908 1273 2122 1344 captis,

463 1374 603 1429 inde
627 1369 901 1437 discedit,
963 1385 1028 1424 ac
1086 1366 1311 1422 litteras
1362 1364 1443 1419 rei
1490 1363 1638 1419 bene
1669 1368 1846 1435 gestis
1879 1361 2120 1417 nuntias

464 1476 877 1535 permagnum
919 1455 1309 1513 domesticum
1363 1452 1421 1507 in
1483 1452 1687 1508 urbem
1743 1450 1944 1506 mittit.
2006 1449 2120 1507 Nec

466 1549 653 1607 multo
687 1552 821 1621 post
859 1547 985 1618 ipse
1011 1547 1378 1610 consecutus,
1403 1549 1649 1611 actoque
1708 1538 2029 1612 triumpho,
2063 1543 2124 1595 et

468 1638 619 1696 latis
651 1634 1176 1694 acclamationibus
1206 1630 1619 1704 applausuque
1648 1633 1887 1686 senatus
1940 1644 2122 1701 popu-

465 1726 623 1798 lique
646 1724 823 1783 totius
854 1723 1238 1790 exbilaratus,
1268 1720 1340 1776 ad
1373 1718 1667 1791 equestria
1711 1717 2034 1774 certamina
2066 1720 2120 1773 et

464 1814 803 1888 spectacula
832 1812 1118 1870 convertit
1146 1809 1433 1867 animum.

2235 561 2287 616 ἐν
2320 566 2485 638 μυχῷ
2539 567 2639 630 τῆς
2695 562 2921 641 καρδίας
2980 567 3364 643 ἀντίφθογγον.
3407 567 3608 640 Ἐπειδή
3636 570 3686 628 δὲ
3712 581 3820 634 κατὰ

2233 671 2292 705 τε
2364 658 2463 724 γῆν
2537 654 2673 707 κατὰ
2745 675 2805 709 τι
2906 654 3171 711 Θάλατταν
3286 654 3651 732 ἐπεισήῤῥηκεν
3746 665 3824 723 ὅσα

2238 736 2529 826 ἐπετὲμετο
2595 744 2629 812 ἡ
2696 744 2997 822 ἀφήγησις,
3073 743 3433 820 ἀνεθάρῥησάν
3491 769 3545 803 τε
3602 752 3729 826 παρᾶ
3772 756 3820 811 τὸ

2239 825 2356 883 δὲον
2425 833 2911 906 καταχρησάμενοι
2989 837 3070 906 τῷ
3137 838 3333 908 καιρῷ,
3394 836 3479 890 καὶ
3537 825 3824 899 κατάῬω.

2229 917 2408 1009 μαίων
2477 918 2624 975 ὅπλα
2686 918 2912 995 ἤραντο,
2962 922 3052 977 καὶ
3109 943 3292 985 κακως
3349 919 3567 981 διέθεντο
3624 930 3705 991 τὰς
3734 931 3818 987 ὑπὸ

2247 1006 2538 1081 Ρωμαίους
2612 1010 2857 1084 ὁμόρους
2932 1009 3118 1074 αὐτοῖς
3194 1012 3403 1086 χώρας.
3498 1015 3587 1069 Καὶ
3654 1013 3711 1089 δὴ
3767 1022 3817 1077 τὸ

2229 1092 2462 1152 εὔοπλον
2519 1094 2824 1154 ἀπολαϐὼν
2906 1104 3003 1155 τοῦ
3077 1099 3495 1176 στρατεύματος,
3566 1106 3645 1160 καὶ
3706 1107 3820 1163 ἀπο-

2228 1183 2389 1253 τάξας
2434 1185 2566 1240 αὐτὸ
2622 1188 2762 1260 πρὸς
2818 1187 2881 1242 τὸ
2940 1184 3202 1260 εὔζωνον,
3248 1190 3347 1258 τὴν
3406 1186 3615 1264 Σερϐίαν
3643 1192 3819 1252 ε’ίσεισι.

2227 1273 2333 1329 Τὸν
2393 1270 2450 1328 δὲ
2504 1273 2708 1346 ταύτης
2768 1276 3046 1348 σατράπην
3110 1277 3173 1332 οὗ
3235 1274 3487 1353 διεδραμε
3536 1279 3688 1353 μὲνὴ
3728 1285 3822 1339 κατ’

2226 1359 2391 1416 αὐτοῦ
2447 1362 2726 1436 βασίλειος
2786 1362 3089 1436 ἐπέλευσις,
3149 1364 3244 1421 κᾶν
3305 1366 3558 1444 ἠπειγετο
3612 1368 3822 1441 λήσεινὸ

2229 1449 2505 1524 βασιλεύς·
2540 1451 2639 1506 οὐκ
2669 1450 2815 1529 ἔχων
2869 1451 2920 1509 δ’
2967 1455 2998 1509 ὅ
3050 1476 3105 1510 τι
3161 1456 3250 1510 καὶ
3310 1453 3663 1532 διαπράξαιτο,
3715 1459 3825 1533 μηδὲ

2226 1544 2468 1614 συνορῶν
2522 1542 2710 1596 ἑαυτὸν
2768 1542 3180 1621 ἀνταγωνιστὴν
3241 1545 3380 1620 πρὸς
3435 1545 3525 1607 τὰς
3567 1547 3824 1620 Ῥωμαϊκάς

2227 1624 2483 1701 δυνάμεις
2537 1630 2950 1707 ἀειαγώνιστον,
3011 1633 3302 1710 ἀφίσταται
3363 1634 3454 1706 μὲν
3496 1638 3596 1690 τῶν
3622 1633 3826 1711 πεδινῶν,

2226 1716 2302 1779 εἷς
2356 1714 2411 1772 δὲ
2464 1716 2533 1773 τά
2585 1714 2688 1794 ὅρη
2752 1715 2895 1795 αἶ’ρει
2946 1722 3075 1784 τοὺς
3137 1721 3479 1799 ὀφθαλμοὺς,
3530 1722 3641 1787 ὅθεν
3667 1744 3826 1798 προσε-

2226 1802 2360 1861 δόκα
2422 1808 2564 1878 ἥξειν
2642 1809 2793 1881 αὒτῳ
2866 1811 2965 1880 τήν
3045 1810 3332 1885 βοήθειαν.
3437 1813 3544 1873 Τᾶς
3632 1810 3684 1867 δὲ
3739 1817 3830 1868 τῶν

479 1903 698 1959 οἰκείων
758 1900 997 1971 πληθῦς,
1065 1899 1166 1953 ’ὀσα
1226 1897 1316 1952 καί
1385 1895 1712 1969 θρεμμάτων
1779 1892 1978 1970 ἀγέλας
2035 1894 2102 1949 τὰ
2161 1893 2361 1972 χλωρά
2423 1893 2773 1972 δρεπομένων
2839 1905 2941 1969 τῆς
3009 1897 3170 1970 ίίλης,
3243 1901 3419 1975 ἂφῆκε
3496 1905 3604 1963 τοῖς
3655 1900 3830 1956 ἐποῦσιν

471 1992 548 2055 εἷς
607 1988 983 2063 διασκόρπισιν
1044 1987 1135 2042 καὶ
1202 1985 1493 2061 ἀναίρεσιν,
1555 1983 1846 2059 ἐπιτρίψας
1901 1981 2110 2057 ὲκὸίστῳ
2192 1985 2292 2053 τὴν
2376 1982 2465 2040 διὰ
2546 1995 2725 2067 φυγῆς
2792 1985 3045 2064 εὕρασθαι
3113 1988 3390 2066 σωτηρίαν
3472 1991 3552 2064 [Ρ.
3606 1994 3694 2063 ﬁt]
3761 1991 3830 2046 καί

471 2083 729 2159 πρίασθαι
817 2080 948 2136 ποσὶ
1051 2079 1152 2147 τήν
1258 2078 1402 2146 ζωήν

1505 2076 1579 2137 ὡς
1647 2074 1723 2136 εἷς
1783 2072 2131 2149 παράδειγμα
2199 2075 2356 2131 αὐτὸν
2419 2072 2819 2139 ἀποϐλέπουσι.
2897 2080 3001 2137 Καὶ
3070 2082 3099 2136 6
3171 2081 3267 2153 μὲν
3348 2076 3651 2157 Σερϐάρχης
3715 2080 3828 2137 οὕτω

468 2172 749 2244 διενοήθη,
805 2172 897 2227 καὶ
943 2170 1266 2245 διεπράξατο
1328 2166 1419 2222 καὶ
1466 2171 1633 2222 ταῦτα
1688 2166 1753 2235 ἦν
1809 2170 1924 2227 τοῖς
1975 2165 2065 2220 ὐπ’
2124 2165 2283 2222 αὐτὸν
2348 2168 2704 2242 ὑποθέμενος,
2772 2168 3026 2245 βασιλεὺς
3075 2168 3132 2226 δὲ
3181 2172 3256 2235 ὡς
3312 2170 3448 2228 λέων
3488 2169 3621 2247 ἀλκῇ
3653 2171 3829 2234 πίσυνος

471 2260 739 2320 ϐουκολια
791 2263 931 2338 βοῶν
984 2257 1019 2329 ἤ
1065 2260 1231 2334 αἰγῶν
1287 2255 1515 2313 αίπόλια
1567 2259 1636 2311 τὰ
1690 2261 1797 2310 τῶν
1858 2251 2146 2331 βαρϐάρων
2210 2257 2393 2332 κείρας
2451 2263 2790 2334 συστήματα,
2848 2262 2940 2317 καὶ
2999 2260 3222 2326 πολλάς
3279 2262 3376 2335 μὲν
3412 2265 3702 2338 συγκτήσεις
3723 2262 3826 2336 πυρὶ

473 2349 772 2429 παραδοὺς,
833 2350 935 2405 οὐκ
986 2347 1190 2424 ὀλίγων
1246 2344 1303 2402 δὲ
1359 2346 1629 2419 σωμάτων
1688 2343 1948 2420 ἐγκρατὴς
2006 2345 2269 2421 γεγονὼς,
2330 2344 2526 2402 ἐκεῖθεν
2596 2349 2855 2407 ἐπάνεισι.
2918 2350 3019 2408 Καὶ
3076 2353 3313 2428 γράμμα
3374 2353 3465 2426 μὲν
3520 2352 3657 2414 εὐθὺς
3703 2351 3831 2429 εὐάγ-

481 2441 647 2519 γελον
697 2439 1049 2515 ὲχαράττετο,
1121 2443 1239 2500 τοῖς
1292 2443 1392 2507 τῆς
1477 2434 1694 2499 πόλεως
1778 2439 2044 2507 σημαῖνον
2129 2436 2415 2513 οἰκήτορσι
2473 2439 2540 2494 τὰ
2598 2437 2651 2510 ἐξ
2712 2441 2978 2517 ὑπογυίου
3028 2441 3183 2497 ταυτὶ
3240 2443 3648 2517 κατορθώματα,
3693 2441 3832 2496 καὶὸ

480 2533 644 2589 τούτο
703 2529 945 2603 κομίζων
998 2525 1255 2604 ἀγγελεὺς
1311 2526 1339 2580 ὁ
1403 2521 1570 2600 μέγας
1626 2525 1691 2593 ἦν
1750 2520 2096 2597 δομέοτικος·
2143 2525 2279 2599 μετὰ
2341 2526 2520 2603 βραχὺ
2575 2525 2633 2584 δὲ
2682 2529 2773 2585 καὶ
2823 2532 2852 2586 ὁ
2908 2536 3016 2587 τῶν
3062 2529 3562 2608 ἀνδραγαθημάτων
3602 2530 3830 2608 ἐπιφθάνει

482 2623 685 2696 πατὴρ,
744 2619 833 2676 καὶ
887 2617 1210 2693 καταγαγὼν
1268 2615 1353 2669 ἐπὶ
1409 2619 1527 2676 τοῖς
1582 2610 1881 2668 τελεσθεῖσι
1934 2614 2149 2675 τούτὸις
2205 2623 2471 2695 περιφανῆ
2528 2615 2819 2693 θρίαμϐον,
2877 2620 2969 2676 καὶ
3035 2590 3184 2696 παρά
3237 2590 3570 2695 τοῦΠδήμου
3620 2590 3705 2675 καὶδ

475 2710 797 2789 συγκλήτου
849 2708 1028 2781 πάσης
1085 2705 1421 2780 ἐῦφημηθεῖς
1478 2704 1569 2759 καὶ
1624 2707 1692 2778 τῇ
1745 2707 1852 2759 τῶν
1906 2705 2117 2779 κρότων
2170 2705 2444 2784 ὑψηγορίᾳ
2484 2708 2787 2787 διαχυθεὶς,
2861 2710 2937 2775 εἷς
2996 2710 3241 2787 ἁμίλλας
3312 2711 3498 2770 ’ίππων
3552 2709 3717 2768 ἁπεῖδε
3761 2709 3830 2766 καὶ

475 2803 689 2879 θέατρα.

535 2895 685 2952 Vere
715 2896 1023 2966 appetente
1068 2886 1440 2962 Pelagoniam
1498 2888 1688 2944 denuo
1747 2889 2014 2959 occupat,
2059 2889 2115 2942 et
2145 2893 2191 2955 Β

467 2984 607 3057 quia
628 2984 699 3041 de
730 2980 1025 3039 Siciliensi
1046 2977 1415 3050 expeditione
1442 2975 1569 3049 ipse
1616 2976 1976 3047 desperaret,
2011 2974 2115 3032 Mi-

470 3072 729 3132 chaelem
751 3069 1160 3142 Palaaologum,
1181 3067 1372 3125 virum
1394 3081 1611 3135 acrem,
1641 3064 1927 3121 illustrem
1960 3069 2017 3120 et
2046 3066 2117 3121 ab

472 3163 714 3235 antiqua
743 3162 930 3233 stirpe
960 3157 1235 3224 nobilem,
1293 3172 1507 3228 magna
1563 3153 1809 3227 pecunia
1848 3158 1905 3209 et
1934 3150 2117 3223 justis

473 3252 731 3310 militum
765 3250 951 3323 copiis
983 3248 1338 3305 instructum
1372 3262 1438 3302 eo
1470 3244 1718 3316 ablegat.
1751 3243 1857 3307 Qui
1890 3260 1959 3299 ex
1991 3260 2118 3300 sen-

469 3343 658 3400 tentia
688 3338 1060 3414 imperatoris
1092 3338 1255 3410 prius
1286 3334 1557 3390 Venetiae
1577 3333 1890 3406 profectus,
1921 3331 2119 3405 ibique
2166 3337 2189 3346 “

469 3431 651 3490 milite
683 3430 994 3496 conducto,
1027 3435 1075 3483 el
1140 3443 1209 3482 ex
1266 3424 1483 3481 Italicis
1537 3421 1847 3493 provinciis
1906 3437 2121 3494 magna

466 3522 893 3580 lancesriorum
917 3534 1089 3575 manu
1114 3514 1500 3585 collectajam
1525 3513 1751 3584 magnis
1770 3513 1993 3568 viribus
2015 3528 2117 3568 au-

466 3620 595 3673 ctus
614 3617 652 3670 l
665 3615 759 3671 21
780 3612 840 3667 in
856 3607 1261 3680 Longobardia
1274 3602 1737 3677 appellit,ibique
1750 3603 1905 3674 regis
1918 3603 2116 3673 copias

462 3703 795 3762 illustribus
828 3698 1085 3756 victoriis
1113 3701 1375 3768 superat,
1430 3698 1726 3751 strenuam
1785 3708 2019 3763 operam
2054 3690 2112 3747 in

462 3796 637 3852 rebus
660 3791 937 3849 omnibus
967 3794 1214 3845 navante
1244 3782 1455 3841 comite
1496 3782 1749 3855 quodam
1788 3780 2112 3837 Alexandro

463 3885 617 3958 regis
647 3884 913 3955 cognato,
940 3878 1043 3950 qui
1103 3877 1175 3933 ob
1237 3874 1484 3944 injurias
1514 3872 1586 3928 ab
1619 3870 1717 3927 illo
1768 3871 1878 3926 sibi
1921 3869 2112 3927 illatas

463 3989 667 4031 recens
698 3973 766 4029 ad
800 3975 1093 4026 Romanos
1141 3965 1447 4021 defecerat.
1508 3963 1588 4017 Ac
1634 3959 1941 4033 Patmologi
1971 3976 2112 4032 opes

462 4064 715 4121 subinde
745 4059 1106 4132 augebantur
1132 4072 1146 4124 ;
1173 4054 1270 4127 qui
1304 4071 1437 4109 cum
1463 4052 1770 4124 pecuniam
1794 4049 2113 4107 liberaliter

464 4152 858 4214 distribuerat,
917 4145 1040 4220 regi
1092 4141 1478 4218 permolestus
1534 4143 1660 4196 erat
1715 4142 1772 4195 et
1826 4140 2111 4196 maximas

2293 2887 2448 2963 Ἀρτι
2508 2886 2567 2944 δὲ
2615 2893 2710 2946 τοῦ
2768 2888 2928 2966 ἔαρος
2970 2893 3377 2972 ὑποφαίνοντος
3416 2895 3511 2964 τὴν
3539 2890 3821 2968 Πελαγονίαν

2225 2973 2377 3042 αὗθις
2404 2975 2693 3053 κατέλαϐε,
2749 2982 2839 3036 καὶ
2901 2980 3120 3059 ἐπείπερ
3169 2984 3206 3054 ἡ
3246 2983 3393 3059 πρὸς
3426 2981 3662 3039 Σικελίαν
3690 2981 3831 3060 ἄφιξις

2225 3064 2372 3139 αὖτῷ
2446 3066 2810 3144 ἀπηγόρευτο,
2913 3072 3199 3149 χρήμασιν
3274 3070 3560 3151 ἐφοδιάσας
3637 3068 3830 3132 πολλοῖς

2226 3151 2392 3231 ἄνδρα
2451 3154 2796 3233 δραστήριον,
2849 3164 2956 3216 τῶν
3017 3160 3310 3236 ἐπισήμων
3368 3159 3459 3218 ἕνα
3508 3161 3594 3218 καὶ
3623 3159 3832 3234 εὐγενῶν,

2222 3244 2317 3298 τὸν
2348 3242 2733 3324 Ηαλαιολόγον
2790 3249 2937 3326 φημὶ
2991 3249 3247 3321 Μικαὴλ,
3309 3251 3401 3308 καὶ
3460 3245 3831 3325 στρατιάναῦτῷ

2224 3330 2499 3409 παραδοὺς
2548 3334 2733 3405 ῗκανήν
2778 3337 2870 3392 καὶ
2915 3343 3076 3413 χεῖρα
3124 3340 3338 3413 συχνὴν
3371 3337 3665 3416 ἐγχειρίσας
3701 3335 3837 3391 ἐκεῖσε

2222 3419 2537 3498 ἐξέπεμψεν.
2567 3427 2626 3483 Ὀ
2658 3423 2714 3481 δὲ
2744 3428 2881 3482 κατὰ
2930 3429 2992 3482 τὸ
3050 3427 3276 3504 βασιλεῖ
3325 3426 3520 3485 δοκοῦν
3550 3427 3600 3491 ἐς
3630 3422 3830 3483 Βενετίαν

2224 3510 2444 3588 ἀφίκετο
2501 3514 2789 3591 πρότερον,
2842 3516 2934 3570 καὶ
2995 3519 3396 3593 μισθοφορικὸν
3457 3516 3642 3573 ἐκεῖθεν
3690 3515 3835 3589 ἀγηο-

2222 3602 2342 3677 χὼς
2400 3603 2504 3659 κάκ
2558 3608 2666 3659 τῶν
2727 3603 3113 3662 Ἰταλιωτίδων
3173 3613 3386 3684 χωρῶν
3443 3604 3831 3684 στρατολογήσις

2222 3689 2386 3767 ἁδρὸν
2416 3695 2800 3771 κοντοφορικὸν
2845 3693 2936 3750 καῖ
2963 3695 3250 3770 γενόμενο,
3285 3695 3398 3769 ἤδη
3437 3692 3829 3773 μεγαλοδύναμος

2221 3782 2358 3856 πρὸς
2409 3784 2508 3852 τὴν
2569 3779 2968 3860 Λογγιϐαρδίαν
3037 3784 3399 3857 κατέπλευσε,
3458 3786 3547 3842 καὶ
3603 3782 3827 3856 συμμίξας

2218 3874 2337 3933 ταῖς
2379 3869 2550 3927 ἐκεῖσε
2606 3870 2868 3946 δυνάμεσι
2923 3878 3020 3929 τοῦ
3081 3874 3258 3951 ῥηγὸς
3312 3878 3691 3955 τροπαιοφορεῖ
3738 3870 3832 3925 κατ’

2222 3958 2394 4017 αὐτῶν
2461 3961 2551 4016 καὶ
2615 3962 2791 4027 νίκαις
2856 3961 3131 4021 ἀναδεῖται
3200 3964 3512 4041 λαμπραῖς,
3580 3958 3709 4043 ἔχων
3762 3958 3831 4014 ἐπὶ

2220 4054 2352 4104 πᾶσι
2393 4052 2795 4127 συγκροτοῦντά
2852 4053 2905 4107 oi.
2956 4054 3046 4109 καὶ
3103 4050 3727 4131 συναντιλαμϐανόμενον
3762 4047 3832 4103 καὶ

2219 4160 2342 4195 τινα
2370 4141 2589 4214 κόμητα
2630 4140 3010 4220 Ἀλέξανδρον,
3059 4143 3121 4200 ἐκ
3164 4149 3372 4201 ταυτοῦ
3421 4146 3516 4219 μὶν
3547 4141 3835 4219 ἀπορρυέντα

464 4244 656 4300 clades
689 4241 962 4297 illaturus
994 4236 1329 4309 putabatur,
1366 4230 1649 4305 plurimas
1692 4230 1867 4285 urbes
1899 4230 2105 4302 partim

2225 4231 2462 4303 αἳματος
2513 4233 2592 4305 τῷ
2651 4234 2806 4309 ῥηγὶ,
2863 4237 3385 4311 προσκεχωρηκότα
3444 4235 3502 4292 δὲ
3556 4232 3837 4311 προσφάτως

462 4332 761 4390 deditione
790 4328 1014 4402 parvim
1048 4325 1099 4381 vi
1126 4323 1409 4396 capiendo
1434 4340 1450 4392 ;
1473 4336 1537 4377 ac
1559 4319 1710 4376 saxis
1742 4318 1878 4375 inde
1915 4323 2110 4375 trans-

458 4420 593 4477 latis
624 4424 682 4475 et
710 4416 954 4490 captivis
986 4413 1211 4486 aliquot
1239 4413 1309 4468 ad
1335 4411 1742 4484 imperatorem
1795 4408 2014 4477 missis,
2048 4410 2109 4465 in

459 4526 557 4566 ora
585 4507 761 4579 ΕΞεωί
794 4505 975 4562 maris
1007 4504 1211 4561 urbem
1269 4519 1398 4573 quae
1455 4502 1631 4556 etiam
1684 4514 1840 4554 nunc
1889 4502 2027 4554 Baro
2056 4504 2111 4555 et

458 4596 710 4653 Aulonia
745 4598 1100 4659 nominatur,
1135 4591 1349 4647 munit.

2216 4322 2515 4395 Ῥωμαίοις
2562 4318 2633 4377 δι’
2692 4321 2752 4386 ἃς
2809 4324 3012 4398 ὑπέστη
3074 4326 3200 4401 παρ’
3257 4325 3427 4387 αὐτοῦ
3457 4323 3733 4403 συμφοράς.
3757 4319 3839 4378 Καὶ

2218 4409 2246 4462 6
2279 4410 2374 4482 μὲν
2411 4408 2792 4488 ΙΙαλαιολόγος
2844 4413 2926 4468 άεὶ
2964 4435 3083 4477 πως
3128 4414 3547 4487 ἐνεπλατύνετο,
3586 4413 3668 4468 καὶ
3712 4407 3835 4466 σπεί-

2220 4521 2331 4577 ρων
2386 4499 2701 4580 φιλοτίμως
2759 4502 2853 4559 καὶ
2930 4500 3149 4567 διαδοὺς
3225 4504 3294 4561 τὰ
3373 4507 3635 4582 χρήματα
3684 4500 3840 4556 ἐλύπει

2217 4589 2444 4665 καιρίως
2501 4592 2594 4647 τὸν
2648 4592 2813 4668 ῥῆγα,
2870 4593 2961 4648 καὶ
3011 4591 3177 4649 εἷσέτι
3244 4591 3463 4670 δράσων
3518 4593 3700 4648 ἐκεῖνον
3740 4584 3834 4642 ἐπί-

459 4682 614 4755 δοξος
662 4684 732 4753 ἦν
781 4682 851 4737 τὰ
888 4680 1178 4751 ἀνήκεστα,
1230 4675 1488 4738 πλείστας
1536 4678 1643 4729 τῶν
1692 4674 1858 4739 ἐκεῖθι
1895 4672 2138 4748 πόλεων,
2194 4678 2289 4743 τάς
2351 4680 2447 4752 μὲν
2496 4680 2770 4754 ὁμολογίᾳ
2827 4681 3209 4761 χειρούμενος,
3240 4684 3341 4745 τὰς
3389 4680 3448 4738 δὲ
3478 4679 3832 4756 καταστρέφων.

460 4773 639 4835 ,Αλλά
663 4772 751 4829 καὶ
781 4768 950 4835 λίθων
986 4768 1412 4845 μετενεχθέντων
1442 4763 1662 4833 ἐκεῖθεν,
1695 4764 1785 4819 καὶ
1813 4785 1976 4820 τινων
2010 4765 2461 4846 ἀναπεμφθέντων
2492 4768 2868 4845 αἰχμαλώτων
2896 4775 2976 4844 τῷ
3013 4774 3249 4845 βασιλεῖ,
3276 4772 3448 4838 πόλις
3473 4772 3608 4828 κατά
3631 4771 3715 4839 τὴν
3737 4769 3798 4820 τῶ

457 4864 976 4945 Αἰγαιοπελαγιτῶν
1001 4861 1191 4940 χώραν
1221 4855 1538 4931 τειχίζεται,
1571 4853 1726 4945 Βάρη
1754 4853 1845 4908 καὶ
1878 4853 2140 4911 Λύλωνία
2170 4860 2516 4933 παρωνύμως
2549 4858 2687 4915 ἐσέτι
2720 4859 3110 4936 ὠνομασμένη.

529 4943 581 5014 7.
606 4959 736 5030 Ipse
759 4971 894 5011 vero
934 4952 1249 5024 imperator
1278 4945 1527 5019 cognitis
1572 4943 1783 5025 Seryias
1833 4944 2112 5017 principis

2293 4950 2354 5018 ζ’.
2416 4948 2681 5016 Βασιλεὺς
2750 4947 2808 5006 δὲ
2864 4952 3028 5015 αὐτὸς
3087 4951 3240 5018 αὖθις
3306 4955 3499 5029 μαθὼν
3553 4949 3838 5024 κακουργεῖν

456 5048 690 5120 injuriis
723 5044 1072 5117 majoribus,
1131 5054 1311 5111 quam
1371 5033 1703 5105 superiores
1762 5032 2012 5100 fuerant,
2053 5038 2112 5090 et

457 5137 892 5211 conspiratione
918 5149 1050 5192 cum
1105 5126 1375 5185 finitimis
1432 5123 1741 5180 Paeonibus
1772 5127 1974 5179 contra
2003 5123 2110 5180 Ro.

460 5246 662 5285 manos
692 5228 860 5292 inita,
902 5223 1033 5279 illos
1067 5226 1131 5277 ut
1187 5217 1428 5274 minime
1487 5230 1656 5286 pares
1714 5230 1817 5284 per
1854 5218 2107 5269 contem-

457 5323 622 5389 ptum
655 5317 1034 5391 aggreditur;
1063 5311 1147 5368 illi
1204 5326 1338 5366 vero
1396 5312 1601 5381 praeter
1651 5306 1983 5375 opinionem
2018 5322 2109 5362 re-

458 5407 731 5464 sistentes
752 5406 967 5462 bellum
992 5420 1105 5459 non
1130 5399 1606 5465 reformidarunt,
1636 5394 1910 5450 maximis
1948 5395 2108 5452 Hun-

456 5516 666 5559 norum
699 5496 931 5553 auxiliis
963 5494 1181 5550 ascitis.
1209 5492 1358 5546 Tum
1391 5489 1646 5545 Joannes
1663 5486 2108 5542 Cantacuzenus

456 5590 611 5648 122
643 5586 928 5642 Barbaros
959 5586 1200 5640 adortus
1232 5596 1427 5653 pugna
1479 5594 1595 5634 non
1642 5575 1806 5648 prius
1859 5576 2109 5632 excessit

458 5695 634 5757 quam
659 5674 838 5731 illatis
885 5672 1253 5743 acceptisque
1303 5668 1492 5741 plagis
1553 5680 1832 5720 manuum
1894 5664 2106 5736 digitos

2218 5037 2313 5093 τὸν
2370 5034 2599 5114 Σερϐίας
2660 5037 3051 5097 δυναστεύοντα
3106 5039 3289 5118 οὔρεσι
3353 5044 3451 5100 καὶ
3500 5041 3709 5119 χείρονα
3736 5034 3840 5113 δρᾷν

2216 5132 2326 5182 τῶν
2385 5130 2689 5204 προτέρων,
2749 5130 2824 5193 ὡς
2879 5131 2969 5185 καὶ
3028 5130 3345 5188 σπείσασθαι
3401 5133 3540 5188 κατᾶ
3592 5126 3842 5202 Ῥωμαίων

2216 5221 2332 5277 τοῖς
2398 5217 2603 5292 γείτοσι
2669 5219 2888 5288 Παίοσι,
2948 5216 3181 5275 δισσεύει
3233 5223 3357 5276 κατ’
3418 5222 3613 5293 αὐτῶν,
3667 5218 3733 5279 ὡς
3780 5214 3841 5289 μή

2218 5305 2536 5381 ἀξιομάχων
2568 5308 2959 5383 ἀφροντιστῶν.
2991 5309 3056 5366 Οἱ
3108 5306 3166 5365 δὲ
3204 5310 3298 5364 καὶ
3332 5311 3469 5386 ὑπὲρ
3502 5308 3648 5381 δόξαν
3679 5311 3843 5385 χεῖρας

2217 5402 2476 5466 ἀντῆραν,
2525 5396 2620 5466 καὶ
2668 5399 2759 5452 τὸν
2800 5402 2919 5454 κατ’
2950 5396 3231 5477 ὀφθαλμὸν
3264 5397 3573 5477 ἐθάρρησαν
3603 5394 3844 5469 πόλεμον,

2216 5483 2473 5540 πλεῖστον
2528 5490 2877 5564 συμμαχικὸν
2932 5488 3190 5545 Ούννικὸν
3245 5487 3603 5563 ἐπαγόμενοι,
3652 5485 3734 5541 ὅτε
3770 5481 3843 5535 καὶ

2217 5574 2245 5628 6
2298 5577 2742 5647 Καντακουζηνὸς
2794 5578 3075 5649 Ἰωάννης,
3138 5577 3485 5651 συμπλακεὶς
3533 5582 3645 5640 τοῖς
3679 5564 3849 5651 βαρῧᾶ-

2215 5682 2332 5742 ροις
2360 5663 2447 5718 καὶ
2495 5662 2662 5740 μέχρι
2711 5670 2810 5722 τοῦ
2860 5663 3047 5724 δοῦναι
3095 5665 3187 5723 καὶ
3234 5661 3429 5725 λαϐεῖν
3480 5662 3847 5744 ἐγκαρτερήσας
