4068 6196
221 440 351 500 429

1309 437 1408 497 DE
1451 436 1848 499 MANUELE
1892 435 2280 499 COMNENO
2324 434 2465 495 LiB.
2514 435 2590 496 II.

3539 448 3659 508 430

224 572 457 649 πληγὰς
486 569 619 634 τοὺς
659 568 961 633 δακτύλους
989 575 1099 627 τῶν
1148 575 1351 648 χειρῶν
1380 566 1875 641 άπεϐάλετο,’πολ·

2006 571 2311 639 amitteret,
2344 590 2378 629 a
2408 572 2737 630 Serviorum
2766 575 3142 635 multitudine
3193 579 3654 644 circumventus.

228 659 349 716 λῶν
383 655 787 733 ἐπιϐρισάντων
842 659 1028 734 ἐκείνῳ
1093 657 1333 735 Σέρϐων.
1385 662 1488 718 Καὶ
1547 660 1802 737 βασιλεὺς
1840 659 1897 715 δὲ

224 750 394 812 αὐτὸς
450 750 593 804 κατὰ
653 750 1005 828 μονομαχίαν
1059 753 1141 822 τῷ
1199 748 1586 824 ἀρχιζουπάνῳ
1636 748 1897 823 Βακχίνῳ

222 838 584 915 προσέμιξεν,
636 839 878 913 ἡρωϊκὸν
930 837 1289 915 προφαίνοντι
1348 843 1510 912 σῶμα
1539 839 1630 894 καὶ
1662 839 1899 911 αὐτουρ-

218 930 359 1003 70'5:
392 934 590 1004 χεῖρας
621 928 675 999 ἐξ
708 925 877 1002 ὣμων
904 928 1114 1007 φύοντι·
1167 928 1260 983 καὶ
1309 929 1337 983 6
1394 930 1487 1001 μὶν
1520 929 1656 984 κατὰ
1686 929 1770 1003 [Ρ.
1804 930 1893 1001 6‘2]

216 1025 338 1075 τῶν
366 1019 685 1092 προσώπων
714 1018 948 1089 πλήττει
991 1017 1083 1073 τὸν
1122 1016 1350 1094 βασιλέα
1394 1018 1485 1072 καὶ
1517 1015 1715 1089 διαθλᾷ
1742 1017 1805 1072 τὸ
1838 1015 1900 1072 ἐκ

213 1113 321 1164 τοῦ
349 1108 592 1185 κράνους
621 1105 1065 1182 κατακεχυμένον
1113 1112 1222 1164 τῶν
1274 1104 1455 1182 ὄψεων
1495 1105 1704 1163 ἐκείνου
1736 1104 1897 1178 σιδή-

215 1219 343 1273 ρεον
375 1197 803 1273 παραπέτασμα-
857 1198 886 1252 6
944 1194 1001 1251 δὲ
1057 1198 1159 1266 τὴν
1225 1202 1386 1272 χεῖρα
1414 1197 1611 1252 τούτου
1646 1201 1726 1269 τῷ
1762 1196 1901 1276 ξίφει

214 1288 463 1361 διήλασε
509 1290 601 1346 καὶ
652 1289 940 1362 ἀπόλεμον
991 1286 1162 1360 ’ἔδειξε
1214 1289 1305 1344 καὶ
1358 1289 1596 1365 ζωγρίαν
1653 1288 1714 1344 ἐκ
1742 1286 1905 1345 τοῦδε

212 1380 577 1458 συνείληφεν.
623 1380 716 1443 Ὠς
758 1375 817 1433 δὲ
844 1379 932 1435 καὶ
987 1377 1130 1434 οὕτω
1168 1377 1475 1452 Ῥωμαίοις
1527 1378 1716 1453 αἷθρία
1744 1379 1866 1450 νίκη

216 1469 540 1543 ἆπέλαμψε,
592 1473 702 1524 τῶν
763 1463 1056 1545 βαρϐάρων
1112 1465 1474 1523 διαλυθέντων
1509 1465 1665 1539 δίκην
1695 1474 1870 1547 νεφῶν

217 1561 335 1615 κὰκ
362 1564 473 1614 τῶν
513 1557 885 1634 ἐπαριστερῶν
935 1558 1126 1633 ἀρχῶν
1176 1556 1253 1620 εἷς
1306 1556 1468 1620 τέλος
1518 1557 1829 1630 ἀπήντησεν
1875 1568 1903 1622 ὁ

1877 1439 1903 1481 ς

216 1648 483 1722 πόλεμος
533 1646 885 1720 δεξιώτατον,
942 1648 1081 1703 κατὰ
1132 1653 1241 1703 τῶν
1301 1647 1562 1724 Οῧγγρων
1614 1646 1676 1702 ἐκ
1710 1649 1906 1704 τούτου

212 1740 391 1812 ὁρμᾷ,
431 1740 607 1810 μήπω
636 1737 737 1805 τὴν
784 1743 886 1806 τῆς
940 1758 1131 1815 μαχης
1172 1737 1324 1792 κόνιν
1350 1739 1414 1793 ἒκ
1442 1742 1550 1792 τῶν
1584 1738 1902 1812 προσώπων

209 1828 709 1901 άπομορξάμενος,
741 1823 868 1880 ἀλλ’
895 1824 973 1882 ἔτι
1029 1832 1259 1903 θερμοῖς
1313 1825 1508 1901 ἱδρῶσι
1538 1826 1900 1902 σταζόμενος,

2004 664 2134 733 Ipse
2166 680 2397 736 quoque
2428 664 2745 736 imperator
2774 683 2908 723 cum
2940 669 3347 743 Archizupano
3399 676 3654 735 Bachino

2003 754 2288 825 singulari
2320 756 2635 813 certamine
2665 760 3066 827 congreditur,
3101 762 3225 819 viro
3275 763 3503 822 beroica
3534 774 3653 825 sta-

2003 847 2137 898 tura
2167 852 2221 899 et
2276 843 2609 914 lacertoso;
2669 847 2768 917 qui
2826 864 2961 903 cum
3019 850 3227 907 faciem
3286 853 3656 927 imperatoris

2006 932 2379 1005 percussiséet
2410 938 2465 989 et
2497 934 2746 991 ferreum
2779 937 2907 1006 ejus
2944 939 3209 997 velamen
3240 959 3269 997 e
3299 943 3465 1014 galea
3494 947 3655 1018 deje-

2004 1021 2328 1092 cisset,ipse
2358 1022 2612 1078 vicissim
2648 1040 2825 1080 manu
2850 1042 2986 1083 ense
3024 1031 3267 1099 trajecta
3324 1032 3654 1093 debilitatus

2002 1110 2164 1166 vivus
2194 1110 2254 1167 in
2285 1111 2654 1183 imperatoris
2684 1119 3033 1184 potestatem
3069 1118 3240 1176 venit.
3269 1121 3653 1194 Posteaquam

2004 1199 2086 1255 ibi
2134 1216 2360 1271 quoque
2411 1201 2685 1259 Romanis
2743 1205 2996 1262 victoria
3071 1210 3354 1266 serenitas
3408 1212 3652 1284 affulsit,

2006 1287 2270 1344 Barbaris
2301 1289 2482 1345 instar
2512 1292 2755 1347 nubium
2788 1293 3101 1364 dissipatis,
3161 1302 3219 1353 et
3277 1301 3494 1357 malum
3554 1319 3657 1374 pu-

2006 1392 2132 1449 gnae
2166 1378 2516 1451 principium
2552 1380 2683 1437 ﬁnis
2715 1383 3227 1454 auspicatissimus
3264 1393 3351 1445 est
3398 1401 3652 1448 secutus.

2011 1467 2299 1538 Hangaris
2329 1469 2503 1524 missa
2534 1470 2744 1527 Serviis
2777 1472 2997 1528 auxilia
3055 1482 3349 1544 causatus,
3383 1480 3650 1550 superio-

2007 1556 2111 1612 riis
2132 1556 2313 1627 [παιΗὶ
2338 1557 2573 1629 pulvere
2597 1561 2852 1616 nondum
2876 1564 3127 1632 deterso,
3146 1566 3245 1620 sed
3263 1566 3448 1623 calido
3463 1568 3656 1624 adhuc

2010 1648 2218 1704 sudore
2249 1664 2517 1716 manans,
2539 1653 2770 1720 captata
2796 1651 3113 1710 defensoris
3145 1656 3407 1713 absentia
3430 1657 3653 1714 bellum

2011 1734 2619 1809 infert.Hungaroru:n
2648 1740 2801 1796 enim
2835 1757 2929 1797 rex
2984 1758 3218 1814 peregre
3272 1745 3487 1814 aberat,
3521 1763 3655 1804 cum

2011 1824 2275 1881 ﬁnitimis
2301 1825 2500 1882 Rossis
2520 1828 2874 1897 depugzzans.
2901 1832 3101 1903 Itaque
3116 1833 3263 1891 Savo
3280 1834 3451 1892 ﬂuvio
3482 1852 3659 1908 supe-

217 1914 515 1988 ἒπίκλημα
570 1915 751 1993 φέρων
808 1917 909 1985 τὴν
964 1919 1075 1973 τῶν
1139 1910 1361 1992 Σέρϐων
1412 1916 1754 1992 ἐπικουρίαν,
1808 1909 1893 1972 καῖ

2012 1921 2132 1971 rato
2149 1913 2482 1986 factaquein
2500 1918 3376 1992 Francocboriumimpressione
3417 1926 3505 1995 (ea
3536 1942 3656 1982 non

216 2009 332 2076 τήν
391 2004 648 2061 ἀπουσίαν
687 2005 947 2081 ἁρπάζων
1003 2010 1104 2060 τοῦ
1158 2002 1549 2081 ἓπαρήξοντος·
1583 2007 1612 2061 6
1642 2005 1748 2081 γάρ
1791 2010 1897 2060 τῶν

212 2096 488 2170 Οὕγγρων
542 2094 641 2171 ῥήξ
701 2094 805 2150 οὐκ
848 2097 914 2164 ἦν
986 2097 1123 2150 κατὰ
1176 2095 1389 2174 χώραν,
1449 2101 1565 2158 τοῖς
1619 2100 1899 2171 γειτνιῶσι

212 2186 364 2247 Ῥὼς
415 2183 898 2257 συμπλεκόμενος.
956 2184 1062 2240 Καὶ
1127 2181 1194 2255 δὴ
1257 2184 1350 2240 τὸν
1400 2179 1653 2239 Σάουϐον
1705 2181 1897 2247 διαϐάς

218 2274 482 2347 ποταμὸν
511 2273 603 2327 καὶ
630 2278 715 2345 τῷ
747 2272 1179 2350 Φραγγοχωρίῳ
1228 2267 1486 2346 ἐμϐαλὼν
1518 2268 1652 2348 (ἔστι
1685 2271 1743 2330 δὲ
1767 2270 1895 2331 τόδε

213 2371 428 2437 τμῆμα
474 2369 579 2432 τῆς
636 2362 918 2438 Οὐγγρίας
965 2361 1029 2416 οὐ
1076 2362 1140 2416 τὸ
1181 2360 1499 2441 ἐλάχιστον,
1532 2361 1661 2418 ἀλλ’
1690 2364 1893 2425 ἱκανῶς

220 2452 702 2527 πολυάνθρωπον,
765 2450 958 2523 μεταξὺ
1016 2451 1231 2524 Ἴστρου
1301 2451 1391 2505 καὶ
1453 2446 1707 2507 Σαούϐου
1780 2457 1889 2507 τῶν

216 2547 500 2615 ποταμῶν
533 2538 1004 2614 ἀναπεπταμένον,
1063 2540 1181 2595 καθ’
1246 2540 1276 2594 6'
1322 2540 1413 2595 καὶ
1465 2541 1724 2616 φρούριον
1762 2540 1889 2616 ἐρυ-

219 2632 499 2706 μνότατον
559 2624 822 2699 ἔκτισται,
883 2628 915 2684 6'
970 2628 1269 2706 Ζεύγμινον
1322 2626 1701 2702 ἐπικέκληται,
1757 2631 1890 2706 ὅπερ

206 2726 310 2777 νῦν
371 2720 593 2796 λέγεται
650 2721 908 2795 Σίρμιον)
994 2718 1286 2795 χειρίστοις
1356 2719 1421 2774 τὰ
1487 2718 1600 2774 ἐκεῖ
1657 2716 1886 2779 διέθετο.

206 2811 364 2869 Τότε
415 2810 510 2865 καί
565 2829 652 2871 τις
710 2808 893 2866 Παίων
953 2808 1166 2886 μεγέθει
1235 2809 1490 2887 μέγιστος
1519 2810 1611 2864 καὶ
1642 2806 1888 2884 ἀνδρεῖον

210 2900 544 2979 προφαίνων
600 2902 790 2974 ψυχῆς
850 2900 1204 2974 παράστημα,
1253 2903 1361 2954 τῶν
1413 2896 1601 2955 ἄλλων
1660 2897 1886 2954 ιῖιποὸια⁸

215 2991 376 3056 στας,
443 2986 499 3051 ἐς
558 2987 720 3043 αὐτὸν
779 2987 873 3043 τὸν
935 2984 1164 3062 βασιλέα
1220 2991 1379 3060 θυμῷ
1427 2986 1662 3066 φέρεται.
1725 2989 1787 3046 Ὀ
1831 2986 1888 3044 δὲ

210 3081 414 3132 τοῦτον
453 3074 693 3136 ὑποστάς
741 3072 797 3138 ἐς
840 3074 903 3129 τὸ
966 3074 1131 3146 μέσον
1161 3078 1279 3130 τῶκ
1306 3072 1605 3152 ὀφθαλμῶν
1640 3075 1703 3130 τὸ
1734 3074 1885 3154 ξίφος

214 3164 381 3221 διε.λᾶ
428 3164 522 3219 καὶ
573 3163 837 3238 ἀφίστησι
886 3169 993 3232 τῆς
1054 3168 1221 3234 ζωῆς.
1277 3160 1530 3225 Πολλοὺς
1557 3162 1736 3218 τοίνυν
1772 3168 1881 3232 ζω-

2015 2002 2196 2061 minis
2227 2020 2259 2059 a
2288 2004 2596 2075 Huugariae
2629 2022 2763 2077 pars
2794 2011 2897 2072 est,
2932 2010 3029 2064 sed
3057 2009 3484 2068 habitatoribus
3544 2015 3657 2069 fre-

2009 2107 2214 2164 quens,
2248 2091 2400 2148 inter
2430 2093 2640 2148 Istrum
2683 2098 2740 2149 et
2795 2095 3008 2151 Savam
3072 2095 3277 2154 ﬂuvios
3327 2105 3554 2171 patens,
3597 2102 3658 2160 in

2007 2199 2125 2254 qua
2170 2180 2468 2240 castellum
2518 2181 2979 2240 munitissimum
3034 2186 3441 2259 Zeugminum,
3503 2190 3658 2260 quod

2005 2288 2158 2328 nunc
2187 2271 2463 2327 Sirmium
2495 2276 2723 2338 vocant,
2755 2273 2931 2329 situm
2966 2276 3075 2347 est)
3109 2277 3261 2333 I23
3301 2278 3657 2349 provinciam

2000 2359 2157 2417 illam
2190 2360 2443 2433 pessime
2474 2367 2693 2417 tractat.
2727 2365 2869 2417 Tum
2905 2369 3071 2420 Paeon
3133 2366 3373 2437 quidam
3426 2365 3652 2440 ingenti

1998 2452 2320 2520 corpore,et
2343 2449 2603 2505 animum
2628 2450 3005 2508 fortissimum
3028 2470 3142 2524 pra:
3187 2471 3250 2510 se
3308 2456 3520 2524 ferens,
3556 2473 3646 2512 re-

1998 2536 2145 2594 lictis
2170 2539 3113 2610 caeterisinipsumimperatore'n
3160 2542 3383 2615 impetu
3434 2545 3639 2602 fertur.

1997 2627 2052 2685 Is
2072 2644 2205 2685 vero
2232 2628 2426 2701 gladio
2453 2630 2600 2685 inter
2627 2638 2935 2703 utrumque
2960 2633 3193 2689 oculum
3228 2635 3463 2705 trajecto
3512 2636 3645 2692 bar-

1997 2717 2195 2773 barum
2226 2719 2484 2787 occidit;
2545 2718 2857 2791 multisque
2908 2722 3112 2792 captis,
3171 2727 3230 2778 et
3288 2725 3494 2796 opibus
3528 2743 3645 2782 non

1996 2807 2192 2879 paucis
2215 2808 2452 2878 potitus,
2484 2806 2544 2862 in
2571 2807 2773 2863 urbem
2798 2807 3223 2880 imperatricem
3271 2815 3597 2885 regreditur
3628 2835 3643 2885 ς

1992 2912 2059 2952 ac
2074 2896 2365 2969 triumpho
2380 2912 2547 2967 quam
2569 2896 2811 2953 maxime
2842 2904 3067 2956 extento
3108 2901 3643 2973 splendidissimum

1994 3000 2265 3056 pompam
2289 3000 2389 3056 per
2403 2984 2560 3040 urbis
2582 2985 2862 3042 circuitus
2884 2988 3070 3060 duxit,
3105 2990 3273 3060 cujus
3293 2991 3642 3062 elegantiam

1992 3074 2396 3145 Hungarorum
2421 3079 2477 3130 et
2503 3075 2831 3132 Serviorum
2880 3078 3092 3150 captivi
3137 3078 3524 3149 illustrarunt,
3556 3098 3647 3137 ve-

1990 3161 2175 3218 stibus
2206 3163 2703 3234 splendidioribus
2765 3181 2938 3236 quam
2996 3183 3102 3239 pro
3160 3185 3263 3224 sua
3311 3171 3646 3228 conditione

215 3255 386 3330 γρίας
416 3248 609 3308 λαϐὼν
658 3253 751 3306 καὶ
800 3251 1132 3326 πραγμάτων
1190 3250 1290 3307 οὐκ
1348 3249 1556 3326 ὀλίγων
1598 3252 1887 3328 γενόμενος

2006 3251 2072 3307 ab
2104 3252 2231 3322 ipso
2262 3251 2543 3319 exornati,
2576 3256 2639 3308 ut
2694 3269 2759 3309 ea
2789 3270 3017 3326 quoque
3073 3273 3134 3312 re
3173 3256 3413 3313 victoria
3441 3258 3650 3330 glorio-

215 3345 496 3418 ἐγκρατὴς
524 3342 662 3415 πρὸς
710 3341 812 3410 τὴν
862 3337 1122 3415 βασιλίδα
1177 3339 1341 3396 πόλιν
1396 3338 1687 3400 ἐπάνεισιν.
1721 3343 1811 3401 Ἐς
1842 3339 1886 3396 δ’

220 3435 355 3488 ὅσον
413 3430 674 3486 πλεῖστον
730 3428 1086 3504 άπομηκύνας
1141 3431 1233 3485 τὸν
1289 3427 1583 3506 θρίαμϐον,
1629 3429 1884 3504 λαμπρό-

220 3543 368 3576 τατα
398 3521 473 3584 ὡς
524 3519 647 3590 ἐνῆν
708 3516 802 3574 διὰ
846 3522 952 3574 τῶν
1008 3520 1108 3591 τῆς
1163 3517 1382 3581 πόλεως
1413 3516 1677 3597 ἀμφόδων
1712 3518 1885 3593 ἐπόμ-

223 3632 457 3668 πευσεν.
509 3611 861 3686 Ὑπερεξῆραν
916 3606 974 3663 δὲ
1030 3609 1132 3678 τὴν
1188 3607 1487 3680 τηνικαῦτα
1559 3608 1888 3683 κομψότητα

221 3708 332 3772 τῆς
364 3706 589 3773 πομπῆς
617 3705 729 3755 τῶν
760 3697 1028 3776 Οἰίγγρων
1064 3698 1116 3754 οἱ
1168 3695 1377 3760 νεαλεῖς
1405 3698 1493 3754 καὶ
1525 3703 1632 3753 τῶν
1670 3693 1887 3773 Σέρϐων

220 3792 276 3847 οἱ
352 3787 730 3865 δορυάλωτοι,
808 3787 1012 3852 στολάς
1068 3786 1433 3862 ἑνησθημένοι
1484 3786 1740 3862 λαμπρὰς
1794 3789 1885 3844 καὶ

222 3882 355 3957 ὅπερ
412 3880 595 3957 τύχην
651 3876 930 3952 ὁρωμένας
984 3876 1369 3955 αἰχμάλωτον,
1425 3876 1693 3953 βασιλέως
1722 3876 1885 3941 αὐτάς

2000 3343 2118 3399 sior
2146 3350 2202 3398 et
2230 3342 2455 3399 civibus
2511 3348 2686 3416 atque
2751 3345 2960 3402 exteris
3017 3348 3416 3405 admirabilior
3475 3354 3653 3421 esset,

1995 3433 2205 3505 quippe
2225 3434 2412 3504 captis
2444 3432 2580 3490 viris
2611 3451 2675 3491 eo
2708 3435 2858 3492 bello
2917 3437 3216 3495 nobilibus
3272 3444 3328 3495 et
3385 3444 3650 3511 spectata

1996 3521 2364 3595 dignis.Illud
2390 3523 2563 3579 etiam
2588 3540 2812 3597 pompas
2828 3527 2954 3596 ejus
2978 3527 3421 3584 admirationem
3465 3529 3644 3599 auxit,

1996 3612 2143 3682 quod
2181 3612 2390 3684 captivi
2424 3628 2538 3668 non
2569 3628 2775 3669 omnes
2808 3630 2922 3669 una
2949 3613 3132 3682 ibant,
3186 3618 3283 3672 sed
3330 3617 3388 3672 in
3434 3616 3648 3673 classes

1997 3699 2294 3756 distributi
2328 3705 2501 3771 atque
2531 3700 2852 3757 intervallis
2907 3702 3192 3771 distincti,
3250 3712 3313 3760 ut
3368 3709 3643 3776 spectan-

2000 3791 2140 3848 tium
2172 3789 2326 3847 oculi
2356 3790 2575 3860 decepti
2617 3791 2899 3861 majorem
2948 3808 3074 3848 esse
3127 3808 3434 3850 numerum
3491 3795 3646 3852 arbi-

1995 3885 2308 3937 trarentur.

224 3966 685 4046 παρασχομένου,
756 3966 832 4029 ὡς
890 3965 951 4022 ἂν
1016 3965 1101 4037 εἲη
1160 3966 1248 4021 καὶ
1312 3964 1552 4023 ἐντεῦθεν
1612 3971 1647 4036 ἡ
1708 3968 1833 4038 νίκη
1893 3965 2175 4041 περίδοεος
2234 3963 2324 4020 καὶ
2373 3969 2490 4027 τοῖς
2540 3965 2796 4027 πολίταις
2844 3967 3030 4029 αὐτοῖς
3093 3964 3181 4022 διὰ
3243 3968 3518 4045 θαύματος
3564 3970 3656 4026 ναὶ

231 4060 346 4115 ὅσοι
383 4060 464 4133 μὴ
491 4054 739 4126 ἐνδαποὶ,
771 4056 848 4118 ὡς
881 4054 1090 4132 ἀνδρῶν
1118 4052 1538 4131 κεχειρωμένων
1569 4056 1708 4111 κατὰ
1735 4057 1827 4111 τὸν
1858 4054 2109 4129 πόλεμον
2148 4058 2257 4110 τῶν
2306 4053 2365 4108 ἐκ
2411 4052 2599 4128 γένους
2650 4054 2927 4128 ἐπισήμου
2956 4056 3047 4110 καὶ
3078 4056 3238 4130 ἀξίων
3272 4063 3369 4114 τοῦ
3391 4055 3657 4135 περιϐλέ-

228 4162 447 4213 πεσθαι.
502 4148 835 4222 Θαυμαστὴν
882 4143 928 4201 δ’
976 4144 1152 4201 ἐποίει
1189 4146 1288 4214 τήν
1337 4145 1461 4200 τότε
1506 4146 1791 4218 πομπαίαν
1842 4146 2140 4221 πανήγυριν
2193 4142 2284 4197 καὶ
2332 4144 2396 4198 τὸ
2428 4145 2505 4218 μὴ
2537 4143 2786 4219 παριέναι
2816 4144 3046 4218 ἀθρόους
3075 4147 3200 4209 τοὺς
3229 4146 3628 4222 αἰχμαλώτους

232 4238 376 4294 ἀλλά
401 4238 545 4294 κατᾶ
568 4236 880 4311 συμμορίας
909 4236 1000 4290 καὶ
1028 4234 1089 4290 ἐκ
1117 4232 1533 4309 διαλειμμάτων
1576 4235 1884 4312 ἀφεστῶτας
1934 4233 2079 4307 ἄλλη
2092 4236 2224 4304 λων,
2268 4234 2344 4300 ὠς
2388 4233 2715 4290 κλέπτεσθαι
2742 4235 2841 4303 τήν
2873 4232 2997 4309 ὃψιν
3027 4232 3264 4301 ἐντεῦθεν
3293 4240 3399 4292 τῶν
3434 4239 3648 4312 θεωμέ-

226 4350 330 4383 νων
354 4331 451 4384 καὶ
483 4328 620 4403 ὑπὶρ
648 4328 775 4389 τοὺς
806 4322 963 4388 ὄντας
993 4323 1127 4387 τοὺς
1153 4324 1447 4400 παριόντας
1477 4323 1849 4404 φαντάζεσθαι.

297 4421 389 4475 Ἐν
421 4418 607 4491 τούτῳ
653 4414 711 4473 δὲ
757 4416 848 4471 καὶ
901 4417 1123 4471 Σκυθῶν
1161 4416 1254 4471 τὸν
1304 4417 1513 4491 Ἴστρον
1565 4412 1890 4490 διαπεραιω-

230 4508 475 4583 σαμένων
523 4505 618 4562 καί
668 4507 736 4562 τὰ
783 4506 909 4580 περὶ
956 4506 1048 4560 τὸν
1090 4506 1337 4580 ποταμὸν
1370 4509 1564 4560 τοῦτον
1612 4504 1890 4577 ληϊζομέ-

228 4620 334 4652 νων
386 4597 682 4671 Ῥωμαϊκὰ
726 4594 982 4675 φρούρια,
1042 4592 1330 4651 στέλλεται
1386 4596 1504 4650 κατ’
1564 4593 1740 4649 αὐτῶν
1780 4597 1894 4650 Κα-

2069 4418 2297 4474 Interea
2322 4415 2547 4486 Scythis
2563 4416 2773 4472 Istrum
2788 4417 3158 4489 transgressis
3179 4425 3232 4475 et
3252 4422 3648 4478 Romanorum

1999 4506 2241 4564 castella
2270 4505 2523 4579 ripensia
2556 4504 2993 4577 populantibus.
3025 4506 3375 4565 Calamanus
3408 4510 3651 4584 quidam

2004 4604 2207 4653 contra
2230 4613 2329 4652 eos
2369 4595 2604 4663 missus,
2642 4611 2773 4651 cum
2820 4595 3033 4652 bellum
3092 4597 3492 4670 imprudenter
3548 4602 3654 4658 ad-

234 4685 477 4758 λαμάνος
503 4706 612 4747 τις.
662 4672 821 4741 Ἀλλ’
853 4684 1033 4752 οὗτος,
1080 4685 1155 4757 μή
1210 4681 1395 4757 δεξιῶς
1426 4680 1893 4758 διαστρατηγήσας

2006 4684 2374 4752 ministraret,
2407 4683 2529 4739 acie
2558 4683 2777 4752 victus,
2836 4684 3156 4757 multisque
3209 4687 3353 4743 viris
3414 4688 3659 4745 fortibus

233 4775 326 4830 τὸν
353 4776 492 4830 κατὰ
531 4775 754 4830 Σκυθῶν
795 4771 1068 4847 πόλεμον,
1098 4773 1314 4843 ἡττήθη
1347 4793 1404 4827 τε
1438 4773 1525 4826 ὑπ’
1556 4770 1736 4826 αὐτῶν
1767 4768 1903 4825 κατὰ

236 4864 461 4938 κράτος,
522 4864 600 4927 ὡς
661 4863 716 4918 αἱ
773 4862 946 4933 τάξεις
1004 4860 1332 4937 ὖρῥώγεσαν,
1393 4861 1479 4916 καὶ
1536 4856 1733 4937 ἄνδρας
1769 4859 1906 4934 ἄγα-

240 4952 367 5014 θοῦς
401 4947 733 5023 ὀπεϐάλετο,
787 4950 877 5007 καὶ
928 4950 1091 5011 αὐτὸς
1144 4946 1202 5005 δὲ
1244 4949 1457 5024 καιρίας
1526 4948 1579 5012 ἐς
1635 4950 1697 5004 τὸ
1747 4954 1906 5022 σῶμα

245 5039 531 5117 δεξάμενος
585 5043 650 5098 τὸ
708 5046 807 5116 ζῇν
872 5038 1236 5115 μετήλλαξεν.
1294 5040 1361 5098 Οἱ
1395 5037 1451 5094 δὲ
1509 5039 1714 5103 Σκύθαι
1769 5039 1908 5095 κατὰ

244 5131 346 5185 τὸν
373 5133 555 5196 αὐτοῖς
604 5130 837 5188 εἰωθότα
898 5129 1105 5205 τρόπον
1168 5127 1316 5185 λείαν
1347 5128 1414 5184 τὰ
1443 5128 1497 5183 ἐν
1529 5130 1657 5184 ποσὶ
1689 5128 1905 5203 θέμενοι

246 5220 348 5276 καί
406 5220 720 5294 ἀναθέμενοι
772 5223 893 5281 τοῖς
934 5218 1128 5281 ’ἱπποις
1194 5220 1261 5273 τὰ
1329 5217 1543 5297 λάφυρα
1605 5218 1799 5273 νόστου
1850 5216 1905 5273 έ-

258 5311 542 5383 μνήσαντο.
589 5311 763 5382 Ῥᾆων
801 5306 859 5366 δὲ
889 5308 1079 5369 αὐτοῖς
1130 5310 1165 5379 ἡ
1215 5311 1312 5364 τοῦ
1342 5309 1557 5383 Ἴστρου
1590 5307 1906 5384 περαίωσις,

255 5398 603 5475 εὖχερεστέρα
649 5397 707 5455 δὲ
746 5399 839 5455 καὶ
881 5401 917 5469 ἡ
957 5398 1095 5454 κατὰ
1161 5400 1449 5472 προνομὴν
1501 5396 1798 5466 ἐπέλευσις,
1847 5397 1909 5452 οὗ

242 5490 475 5563 ποτηρά
529 5511 588 5545 τε
632 5490 722 5544 καὶ
785 5486 1034 5564 ἐργώδης
1085 5490 1121 5557 ἡ
1173 5487 1552 5566 ἀναχώρησις.
1602 5484 1910 5561 Ὀπλισμὸς

242 5576 363 5653 γᾶρ
392 5577 560 5642 αὐτοῖς
610 5577 859 5657 γωρυτὸς
903 5576 991 5632 ἐπὶ
1021 5582 1122 5645 τῆς
1174 5576 1316 5649 ἰξύος
1367 5574 1736 5651 ἐξηρτημένος
1768 5574 1915 5631 πλά-

242 5684 386 5742 γιος
411 5668 489 5722 καὶ
534 5665 801 5743 καμπύλα
846 5665 977 5738 τόξα
1022 5662 1113 5720 καὶ
1174 5663 1457 5738 ἄτρακτοι.
1494 5663 1616 5721 Εἰσὶ
1659 5660 1708 5718 δ’
1740 5663 1912 5720 οἱκαὶ

244 5753 478 5831 δοράτια
520 5754 869 5835 κραδαίνουσι
916 5751 1325 5833 περιελίσσουσί
1373 5773 1432 5810 τε
1478 5753 1614 5811 κατᾶ
1671 5752 1763 5809 τὸν
1811 5752 1913 5809 πό-

2012 4773 2269 4844 amissis,
2303 4774 2459 4831 I24
2492 4772 2616 4844 ipse
2648 4789 2877 4845 quoque
2906 4790 2973 4829 ex
3004 4775 3343 4832 vulneribus
3393 4778 3658 4834 decessit.

2012 4861 2236 4932 Scythas
2266 4877 2397 4918 vero
2429 4862 2500 4917 de
2533 4878 2689 4918 more
2736 4878 2840 4918 suo
2895 4862 3063 4918 obvia
3108 4880 3351 4936 quaeque
3400 4865 3656 4936 praedati,

2015 4960 2070 5008 et
2099 4950 2302 5023 spoliis
2359 4951 2416 5006 in
2472 4966 2649 5023 equos
2708 4952 2997 5023 impositis
3052 4952 3287 5008 domum
3341 4953 3655 5007 redierunt.

2014 5041 2204 5098 Facile
2230 5046 2419 5097 autem
2449 5042 2662 5096 Istrum
2694 5040 3000 5111 trajiciunt
3025 5056 3128 5095 nec
3159 5039 3468 5096 difficulter
3517 5056 3660 5109 pra:-

2014 5131 2214 5188 datum
2268 5134 2496 5197 exeunt,
2556 5129 2816 5200 citraque
2873 5128 3131 5184 laborem
3200 5133 3257 5183 et
3338 5126 3664 5183 molestiam

2017 5222 2256 5276 domum
2289 5221 2670 5275 revertuntur.
2706 5223 2883 5272 Arma
2912 5215 2992 5271 eis
3022 5219 3156 5271 sunt
3187 5215 3458 5286 pharetra
3489 5216 3667 5288 sagit-

2016 5310 2091 5365 tis
2117 5308 2285 5381 plena
2316 5309 2385 5363 de
2420 5306 2676 5361 humeris
2732 5322 3011 5376 suspensa
3072 5309 3127 5361 et
3186 5322 3354 5361 arcus
3389 5323 3402 5374 ;
3443 5310 3581 5363 sunt
3615 5311 3673 5366 et

2021 5398 2113 5469 qui
2149 5396 2385 5452 hastilia
2413 5394 2638 5449 vibrent
2664 5397 2720 5449 et
2752 5393 2808 5448 in
2842 5410 3037 5465 pugna
3066 5393 3485 5467 circumagent.
3509 5395 3669 5453 Idem

2019 5502 2154 5542 vero
2174 5500 2357 5556 equus
2377 5482 2647 5555 Scytham
2674 5485 2731 5538 et
2762 5482 2817 5536 in
2851 5480 3066 5537 bellum
3097 5483 3203 5538 fert
3228 5488 3284 5539 et
3318 5492 3472 5541 secta
3526 5501 3671 5544 vena

2023 5575 2127 5633 alit
2158 5578 2233 5643 et,
2268 5577 2330 5628 ut
2360 5571 2540 5638 aiunt,
2572 5571 2617 5626 si
2678 5570 2943 5627 feminini
3000 5587 3177 5628 sexus
3207 5577 3315 5643 est,
3350 5575 3666 5635 belluinam

2020 5667 2145 5738 ejus
2169 5662 2465 5719 libidinem
2497 5659 2706 5734 explet.
2770 5659 3010 5719 Flumen
3043 5665 3353 5721 transeunt
3379 5665 3531 5723 corio
3572 5685 3671 5723 su-

2024 5755 2159 5813 bere
2178 5750 2623 5826 expleto,itaque
2644 5756 2949 5826 compacto
2998 5756 3061 5812 ut
3103 5770 3209 5814 nec
3256 5754 3494 5814 minima
3551 5763 3673 5828 gut-
