4014 6204
435 409 552 470 431
1747 400 2055 465 NICETE
2098 401 2300 464 CHON
2310 404 2522 466 IAT/E
3687 420 3786 479 482

438 547 564 604 tula
589 549 867 620 penetret.
927 545 1050 610 Quo
1105 539 1318 614 Scytha
1374 555 1705 611 conscenso,
1756 539 2044 613 equinaqu

2159 591 2168 608 ,
2197 537 2384 612 λεμον.
2419 540 2480 598 Ὀ
2536 537 2585 596 δ’
2624 541 2788 604 αὐτὸς
2830 537 3005 605 ’ίππος
3052 540 3144 597 καὶ
3199 541 3292 598 τὸν
3322 543 3526 616 Σκύθην
3558 546 3689 622 ὀχεῖ,
3719 547 3795 605 διὰ

438 637 625 696 cauda
655 634 961 709 prehensa,
994 635 1052 688 et
1106 631 1250 689 sella
1296 631 1633 704 ceterisque
1689 630 1826 687 belli
1869 630 2044 687 instru

2187 625 2438 702 πολέμου
2481 629 2657 709 φέρων
2709 633 2808 712 τοῦ
2850 629 3182 700 πολυάϊκος,
3229 631 3319 687 καὶ
3360 636 3556 712 τροφὴν
3587 645 3793 711 χορηγεῖ

439 707 996 794 mentisvimpositis,
1029 735 1176 792 equo
1232 737 1336 793 pro
1391 721 1537 791 velo,
1593 721 1750 778 corio
1808 734 1909 791 pro
1944 737 2044 777 nav

2197 707 2542 796 σχαζομένης
2571 726 2673 790 τῆς
2715 707 2940 799 φλεϐὸς,
2998 721 3074 783 ὡς
3133 718 3191 776 δέ
3247 743 3394 800 φασι,
3421 707 3507 778 καὶ
3559 707 3795 800 ὀχευόμε·

437 818 606 870 utens
635 810 801 869 facile
825 810 1056 882 trajicit,
1101 811 1348 884 Istrique
1402 814 1632 868 vastum
1690 809 1924 883 pelagus
1979 818 2044 866 ιη

2193 827 2311 878 νου,
2337 808 2384 862 εἰ
2442 805 2582 864 ἔστιν
2616 809 2644 864 ὁ
2671 809 2842 873 ἳππος
2899 810 3162 884 θηλυκὸς,
3209 811 3310 880 τήν
3360 809 3558 886 ἄλογον
3593 812 3796 889 ἀφροδί-

434 911 554 960 ιηι,
2192 919 2292 968 την
2331 901 2429 953 τοῦ
2475 892 2754 974 βαρϐάρου
2801 899 3077 956 ἀποκενοῖ.
3133 897 3416 979 Σχεδιάζει
3461 898 3517 956 δὲ
3544 907 3651 968 τοῖς
3679 903 3802 959 Σκύ-

435 992 554 1054 θαις
584 994 680 1046 τοῦ
732 993 986 1062 ποταμοῦ
1040 989 1140 1059 τὴν
1200 985 1448 1044 διάϐασιν
1509 987 1723 1068 κάρφης
1775 985 2002 1062 πλήρης
2061 982 2304 1065 διφθέρα,
2357 985 2478 1042 λίαν
2531 985 2586 1050 ἐς
2639 989 2703 1042 τὸ
2759 983 2979 1064 ἀκριϐὲς
3011 988 3336 1060 σύσπαστος,
3371 991 3445 1052 ὡς
3487 989 3618 1065 μηδὶ
3643 992 3797 1068 βραχὺ

433 1075 686 1139 λιϐάδιον
719 1078 1010 1153 ἔπεισρέειν
1039 1076 1258 1143 ἔσωθεν.
1313 1079 1524 1136 Οὐκοῦν
1566 1077 1772 1146 ταύτην
1820 1070 2046 1151 περιϐὰς
2095 1075 2124 1130 ὁ
2174 1074 2388 1146 Σκύθης
2436 1077 2658 1140 ἱππείας
2707 1075 3015 1152 έξημμένην
3067 1077 3253 1156 οὐρᾶς,
3285 1079 3373 1134 καὶ
3419 1080 3514 1149 τήν
3560 1077 3800 1156 ἀστράϐην

435 1169 717 1233 έπαναθεὶς
743 1169 832 1224 καὶ
878 1167 978 1223 ὅσα
1026 1173 1124 1224 τοῦ
1179 1167 1429 1242 πολέμου
1482 1169 1704 1244 ὃργαινα,
1750 1164 1876 1241 ῥᾷον
1923 1161 2336 1236 διαπλωὶζεται,
2369 1165 2458 1220 οἶα
2487 1165 2689 1245 σκάφος
2721 1163 2904 1246 λαίφει
2925 1173 3005 1242 τῷ
3029 1165 3188 1241 ’ίππῳ
3217 1169 3504 1246 χρώμενος
3532 1169 3616 1226 καὶ
3642 1170 3699 1226 τὸ
3719 1174 3801 1226 τοῦ

433 1261 649 1336 Ἴστρου
679 1254 1084 1332 διανηχόμενος
1115 1256 1380 1334 πέλαγος.

507 1353 734 1407 Interea
763 1348 1131 1420 Palaeologus,
1189 1349 1285 1406 cui
1316 1347 1616 1420 ingenium
1671 1345 1994 1419 inquietum
2026 1361 2044 1402 ε

2261 1342 2360 1401 Καὶ
2391 1342 2498 1400 ὧδε
2531 1345 2627 1418 μὲν
2657 1345 2774 1422 εἶχε
2799 1346 2974 1402 ταυτί⁶
3039 1348 3068 1402 ὁ
3135 1345 3194 1404 δέ
3218 1367 3278 1424 γε
3310 1346 3698 1425 Παλαιολόγος,
3725 1348 3802 1404 τὸν

433 1438 670 1498 inutiles
701 1437 956 1511 pecunias
990 1437 1355 1508 profusiones
1385 1435 1615 1493 crimini
1638 1436 1947 1506 dabantur,
1980 1434 2044 1490 ul

2189 1431 2628 1508 Φιλοπράγμονα
2659 1433 2834 1490 αἰτίαν
2881 1433 3205 1514 ἀπειληφὼς
3250 1438 3344 1492 καὶ
3388 1437 3476 1493 τὸν
3527 1434 3804 1512 δαπανηρὸν

435 1528 690 1600 primum
741 1525 1062 1584 Calabriam
1123 1526 1333 1597 attigit,
1402 1526 1553 1583 I25
1616 1524 1860 1595 imperio
1916 1524 2044 1580 abin

2187 1523 2480 1596 Ῥωμαίοις
2543 1523 2870 1595 ἆξυντελῶς,
2928 1525 2980 1600 ἐξ
3047 1528 3176 1582 ὅτου
3251 1522 3568 1596 Καλαϐρίας
3638 1521 3808 1596 ἐπέϐη,

426 1617 1026 1688 jubetur,successore
1049 1615 1226 1672 misso
1250 1615 1444 1672 Alexio
1461 1620 1775 1685 Comneno,
1809 1614 2044 1686 Bryenni

2185 1618 2288 1681 τῆς
2332 1612 2665 1690 στρατηγίας
2723 1613 3083 1690 παραλύεται,
3135 1613 3421 1672 στέλλεται
3455 1613 3502 1670 δ’
3531 1615 3637 1671 ἀντ’
3663 1617 3808 1670 αὐτοῦ

436 1706 679 1762 Caesaris
709 1705 852 1774 filio,
882 1705 1230 1762 consobrino
1290 1704 1604 1771 Manuelis,
1661 1702 1858 1776 magni
1913 1702 2044 1759 duci

2189 1699 2218 1754 ὁ
2257 1700 2540 1774 Κομνηνὸς
2588 1703 2700 1774 (75)
2750 1700 3019 1774 ’Δλέξίος,
3076 1705 3105 1759 ὁ
3152 1707 3256 1760 τοῦ
3317 1705 3608 1780 Βρυεννὶου
3636 1703 3812 1760 Καίσα·

437 1794 657 1852 honore
687 1811 868 1866 nuper
887 1799 1090 1864 aucto;
1141 1811 1255 1851 una
1305 1811 1437 1850 cum
1487 1810 1553 1851 eo
1573 1796 1750 1850 etiam
1777 1797 1957 1849 Ducas
1985 1789 2044 1847 Jc

2191 1805 2282 1860 ρος
2313 1787 2429 1850 υἱὸς
2463 1787 2755 1869 ἐξάδελφος
2812 1785 2886 1846 ὤν
2941 1795 3020 1864 τῷ
3080 1791 3302 1867 βασιλεῖ
3344 1792 3482 1868 πρὸς
3514 1792 3708 1867 μητρὸς
3733 1790 3810 1846 xxi

438 1900 610 1942 annos
643 1885 914 1954 mittitur,
945 1885 1030 1941 vir
1071 1889 1128 1942 et
1169 1885 1452 1942 martialis
1473 1889 1531 1942 et
1559 1881 1955 1940 mercurialis:
1988 1897 2044 1954 qi

2159 1877 2290 1946 ἶτῆν
2317 1881 2414 1932 τοῦ
2449 1878 2692 1955 μεγάλου
2724 1877 2917 1942 δουκὸς
2963 1883 3132 1955 τιμὴν
3177 1882 3302 1959 ἄρτι
3343 1884 3578 1958 πρώτως
3608 1888 3816 1957 περιζω-

435 1972 703 2030 liberales
715 1973 1054 2045 disciplinas
1068 1991 1179 2030 non
1199 1973 1559 2046 primoribus
1575 1972 1751 2029 labris
1798 1973 2042 2044 attigera

2193 1964 2448 2039 σάμενος.
2479 1967 2924 2042 Συνεκπέμπεται
2954 1967 3012 2025 δέ
3057 1971 3110 2026 οἱ
3138 1971 3228 2027 καὶ
3263 1972 3293 2027 ὁ
3327 1971 3534 2032 Δούκας
3565 1970 3812 2040 Ἰωάννης,

436 2062 616 2120 nobili
638 2067 800 2120 ortus
814 2079 1020 2134 genere
1039 2070 1096 2120 et
1116 2063 1441 2135 disciplina:
1465 2062 1731 2120 militaris
1772 2080 1887 2118 non
1917 2062 2044 2135 igne

2192 2055 2326 2129 ἀνὴρ
2382 2057 2640 2131 ὲρμαϊκὸς
2692 2059 2832 2132 ὁμοῦ
2889 2059 2976 2114 καὶ
3037 2061 3280 2136 ἀρεϊκὸς,
3331 2062 3432 2117 οἷα
3459 2056 3812 2133 παιδευμάτων

436 2168 552 2209 rus.
585 2151 652 2208 Hi
682 2151 859 2225 igitur
913 2153 972 2208 in
1033 2152 1290 2210 Siciliam
1349 2168 1477 2208 cum
1537 2152 1847 2221 venissent,
1892 2151 2044 2222 capia

2191 2141 2513 2221 ἐλευθερίων
2563 2147 2663 2202 οὐκ
2717 2145 2866 2221 ἄκρῳ
2923 2147 3140 2225 λιχανῷ
3170 2149 3508 2227 γεγευμένος
3537 2150 3624 2205 καὶ
3651 2147 3812 2225 γένους

435 2241 588 2314 regis
609 2240 792 2296 adorti
823 2239 1072 2297 classem
1105 2242 1232 2312 ejus
1254 2257 1402 2313 saepe
1427 2241 1784 2312 devicerunt,
1833 2241 1976 2297 adeo
2021 2256 2044 2295 υ

2188 2231 2244 2287 εὖ
2274 2231 2418 2308 ἔχων
2451 2235 2540 2290 καὶ
2586 2234 2829 2309 μεθόδων
2888 2235 3034 2314 ἲδρις
3091 2243 3504 2317 στρατηγικῶν.
3555 2235 3814 2297 Οὗτοιοῦν

435 2347 610 2388 naves
641 2329 1037 2386 dilaberentur
1066 2339 1118 2386 et
1159 2331 1350 2401 ipsum
1385 2346 1532 2402 pene
1562 2329 1938 2386 Brundisium
1979 2329 2044 2385 ob

2186 2319 2238 2384 ἇς
2270 2323 2521 2378 Σικελίαν
2563 2325 2656 2380 τὸν
2704 2323 2880 2382 πλοῦν
2941 2327 3156 2400 θέμενοι
3215 2327 3510 2403 συνέμιξαν
3541 2333 3654 2390 ταῖς
3679 2323 3811 2380 δυνά-

431 2419 868 2478 sideretur.Sed
893 2420 1121 2475 fortuna
1143 2418 1466 2475 illustribus
1500 2417 1914 2475 certaminibus
1961 2435 2044 2474 no:

2187 2413 2437 2484 μεσιτοῦ
2480 2414 2648 2489 ῥηγὸς
2699 2416 2789 2471 καὶ
2851 2416 3118 2493 μεγάλαις
3176 2417 3523 2495 ναυμαχίαις
3575 2415 3814 2474 πολλάκις

429 2509 600 2580 plane
633 2510 770 2567 favit
801 2529 814 2578 ;
851 2506 1908 2581 nequeimperatorpulcberrimorum
1932 2524 2044 2562 nun

2183 2499 2342 2556 αὐτὸν
2373 2501 2794 2576 κατεπάλαισαν,
2854 2505 2928 2567 ὡς
2982 2506 3079 2568 τάς
3124 2527 3184 2562 τε
3240 2514 3384 2578 νῆας
3444 2508 3634 2562 τούτου
3687 2501 3816 2578 διαβ-

427 2599 639 2656 tiorum
680 2615 813 2656 eum
842 2614 1010 2670 quem
1043 2599 1344 2670 oportebat
1387 2599 1637 2654 fructum
1695 2598 1870 2669 cepit.
1929 2595 2044 2652 Nan

2181 2589 2397 2666 ῥυῆναι,
2429 2589 2591 2669 ἐγγὺς
2623 2589 2682 2648 δὲ
2736 2593 3066 2670 πολιορκίας
3122 2596 3214 2650 καὶ
3280 2596 3417 2652 αὒτὸ
3469 2594 3731 2673 γεγονέναι
3764 2591 3816 2648 τὸ

429 2705 526 2745 rex
544 2675 864 2759 majoribus
887 2687 1066 2760 copiis
1084 2687 1301 2744 coactis
1323 2687 1728 2758 conductoque
1769 2685 2044 2758 peregrini

2179 2683 2524 2754 Βρενττςσιον.
2573 2681 2729 2740 Ἀλλ’
2762 2681 2916 2739 cii-mn
2946 2687 2980 2754 ἡ
3012 2684 3158 2760 τύχη
3187 2691 3318 2750 τοῖς
3353 2685 3636 2762 λαμπροῖς
3661 2679 3818 2738 τοῖσδε

421 2777 611 2834 milite
633 2777 978 2834 detrimenta
997 2785 1228 2848 accepta
1252 2776 1530 2834 resarcire
1560 2774 1811 2844 studuit;
1858 2791 2044 2846 eosqui

2176 2771 2426 2844 καθαρῶς
2501 2769 2871 2846 έπεμειδίασεν
2948 2774 3350 2849 ἀγωνίσμασιν,
3431 2774 3556 2832 οὔτε
3629 2775 3727 2848 μῆν
3788 2772 3812 2826 δ

423 2866 662 2925 adortus
694 2867 894 2936 vincit,
952 2866 1127 2938 capit,
1185 2867 1244 2922 in
1305 2865 1535 2924 vincula
1587 2864 1844 2936 conjicit,
1898 2863 2044 2936 paul:

2178 2855 2434 2931 βασιλεὺς
2484 2861 2560 2924 ὡς
2608 2855 2716 2918 ἔδει
2761 2869 2882 2925 ταῖς
2923 2863 3254 2930 καλλίσταις
3305 2864 3634 2941 ἒνεώρτασεν
3665 2865 3813 2939 ἀγγε-

417 2965 715 3014 momenlo
745 2956 961 3013 eversis
983 2956 1056 3011 iis
1078 2955 1354 3011 omnibus
1378 2971 1505 3026 quae
1528 2953 1772 3010 Romani
1793 2953 2044 3010 maximi:

2174 2945 2340 3012 λίαις·
2398 2951 2486 3006 καὶ
2538 2952 2567 3006 ὁ
2625 2953 2744 3026 ῥῆξ’
2781 2953 3003 3028 μείζονα
3045 2954 3314 3032 ἀθροίσας
3373 2955 3607 3032 δύναμιν
3636 2954 3717 3011 καὶ
3744 2955 3814 3022 Εε-

415 3047 716 3104 laboribus
747 3051 804 3102 et
834 3045 1118 3117 impensis
1172 3044 1468 3101 consecuti
1529 3045 1776 3101 fuerant.
1835 3047 2044 3099 Manue

2168 3038 2320 3094 νικὸν
2387 3040 2809 3116 ἐπαμησάμενος
2864 3043 2925 3100 ού
2983 3043 3164 3121 βραχὺ
3233 3049 3344 3119 τὴν
3401 3047 3574 3118 ἧτταν
3605 3044 3813 3115 ἐπῆλθεν

412 3151 548 3191 vero
571 3134 644 3190 iis
667 3134 821 3190 I20
845 3132 1178 3188 rumoribus
1197 3136 1254 3188 et
1277 3133 1497 3188 nuntiis
1529 3148 1769 3189 excussa
1817 3131 2044 3204 pristini

2169 3125 2646 3204 ἀναμαχούμενος,
2704 3133 2793 3188 καὶ
2855 3128 3154 3206 συμϐαλὼν
3207 3136 3559 3212 περιγίνεται
3605 3139 3703 3190 τῶν
3727 3132 3812 3186 ἆν-

409 3221 611 3278 Ιωιὶιὶο
642 3228 697 3277 et
725 3221 784 3276 in
818 3235 1124 3276 maerorem
1149 3235 1449 3288 conversa,
1486 3220 1596 3277 etsi
1639 3235 1842 3277 casum
1888 3219 2044 3275 illum

2173 3214 2338 3309 δρῶν,
2370 3219 2460 3274 καὶ
2493 3217 2785 3280 συλλαϐὼν
2819 3219 3102 3297 δεσμώτας
3151 3223 3440 3304 ε’ίργνυσιν
3474 3221 3814 3301 ἀμφοτέρους,

409 3326 528 3367 non
560 3325 698 3365 sane
717 3307 912 3365 leviter
937 3325 1003 3366 ac
1036 3310 1332 3366 moderate
1363 3309 1512 3378 tulit,
1555 3311 1656 3367 sed
1705 3309 1892 3368 luctui
1941 3326 2044 3366 no:

2169 3305 2223 3361 ἐν
2282 3307 2474 3384 ἀκαρεῖ
2526 3315 2720 3387 καιροῦ
2773 3310 3074 3388 ἀνατρέψας
3126 3311 3232 3370 ὅσα
3290 3315 3455 3389 πόνῳ
3512 3315 3600 3371 καὶ
3656 3311 3813 3368 δαπά-

411 3415 618 3470 parum
650 3397 1142 3468 indulsit;tamen
1176 3398 1745 3470 uthomoeonstans,
1795 3399 1893 3470 qui
1952 3415 2044 3456 net

2163 3417 2278 3459 ναις
2341 3395 2620 3474 μεγίσταις
2681 3399 2786 3455 ὑπὸ
2844 3401 3133 3475 Ῥωμαίων
3195 3401 3654 3478 ὠημερήθησαν.
3694 3403 3812 3459 Τοι-

410 3487 668 3544 adversa)
698 3487 939 3544 fortuna
962 3488 1192 3544 cederet
1219 3504 1324 3544 nec
1355 3487 1525 3546 rebus
1570 3487 1856 3561 prosperis
1909 3487 2058 3545 lati-

406 3577 490 3634 tia
521 3577 840 3646 efferretur,
873 3578 1038 3650 quasi
1070 3593 1201 3633 cum
1253 3577 1350 3633 illa
1405 3579 1738 3635 calamitate
1795 3593 2058 3651 pugnare

397 3667 636 3738 institit,
669 3667 898 3740 aliaque
917 3667 1103 3724 classe
1153 3672 1493 3740 comparata
1540 3668 1747 3724 ducem
1795 3669 2056 3740 designat

395 3757 847 3814 Constantinum
863 3757 1153 3829 Angelum
1182 3756 1888 3829 Philadelphiensem.Qui
1921 3774 2052 3814 eum

393 3863 612 3921 genere
645 3864 757 3904 nou
791 3849 1103 3906 admonum
1144 3847 1323 3904 nobili
1354 3854 1511 3904 esset
1566 3852 1751 3915 ortus,
1785 3848 1884 3904 sed
1917 3863 2054 3920 pro-

397 3952 532 3994 cera
553 3943 776 3996 statura
804 3942 862 3993 et
892 3937 1115 4012 insigni
1147 3938 1333 3994 forma
1370 3936 2052 4010 prasditus,’l‘heodorum

401 4025 587 4082 Alexii
619 4025 711 4082 avi
735 4026 1024 4082 Manuelis
1065 4025 1243 4082 tiiiam
1303 4025 1737 4098 pulchritudine
1791 4026 2053 4096 pronuba

402 4130 637 4172 uxorem
673 4115 937 4172 duxerat.
970 4115 1118 4181 Quia
1145 4132 1280 4172 vero
1315 4115 1650 4187 potentibus
1698 4116 1813 4171 fere
1869 4116 2052 4172 omni-

2164 3483 2345 3549 ούτοις
2405 3487 2495 3542 οὗν
2572 3488 2600 3542 ὁ
2671 3489 2933 3558 Μανουήλ
2990 3489 3306 3565 ἀκούσμασι
3374 3493 3472 3551 καὶ
3530 3489 3812 3569 ἀγγέλμασι

2161 3575 2260 3643 τήν
2293 3577 2558 3652 πρότριτα
2601 3575 2872 3650 θυμηδίαν
2920 3579 3412 3655 ἀποκλυσάμενος,
3446 3582 3549 3640 ὅσα
3575 3602 3634 3637 τε
3674 3580 3815 3654 ἀψιν-

2161 3661 2380 3721 θιώδεσι
2459 3668 2792 3742 κεράσμασιν
2851 3667 3239 3745 έμπικρανθεῖς
3311 3675 3418 3744 τήν
3485 3673 3690 3750 ψυχήν,
3753 3669 3815 3727 ὡς

2159 3755 2302 3818 εἷκὸς
2336 3755 2432 3829 μὲν
2467 3756 2564 3812 ούκ
2592 3757 2783 3833 ἤνεγκε
2828 3758 2891 3814 τὸ
2943 3761 3168 3835 γεγονὸς
3217 3768 3518 3838 φορητῶς,
3559 3759 3684 3817 ἀλλ’
3707 3759 3814 3812 ἱκα-

2159 3849 2264 3907 νῶς
2297 3843 2625 3917 ἐπαθήνατο.
2659 3847 2776 3904 Ούκ
2837 3845 2910 3903 ὢν
2963 3845 3021 3904 δὲ
3077 3848 3402 3930 ψοφοδεὴς,
3463 3851 3595 3926 μηδ’
3645 3844 3813 3906 ἀναπί-

2159 3955 2309 3990 πτων
2363 3933 2416 3990 ἐν
2472 3941 2592 3997 τοῖς
2651 3933 2850 3999 δεινοῖς
2907 3940 3350 4013 συναντήμασιν,
3417 3940 3547 3997 οὔτε
3606 3940 3707 4014 μὴν
3746 3938 3813 4007 τῷ

2158 4021 2306 4099 οὔρῳ
2336 4028 2445 4081 τῶν
2476 4027 2812 4100 πραγμάτων
2841 4029 2968 4102 παρ’
3026 4028 3055 4084 ὃ
3113 4025 3200 4085 δεῖ
3249 4038 3686 4110 κουφιζομενος,
3717 4023 3816 4082 οὐδ’

2157 4111 2224 4168 αὖ
2255 4111 2420 4168 πάλιν
2481 4116 2714 4189 ἀγεννῶς
2769 4121 2888 4178 ταῖς
2943 4117 3157 4174 τούτων
3224 4121 3559 4198 καταιγίσιν
3611 4113 3817 4174 ὑποχλι-

399 4205 511 4262 bus
541 4211 666 4262 tum
698 4211 916 4262 nostras
942 4209 1064 4260 tum
1097 4204 1413 4276 superioris
1433 4204 1621 4260 etatis
1653 4203 1931 4276 placitum
1963 4209 2044 4262 est

2159 4200 2406 4275 νὸμενος,
2465 4203 2541 4265 ὡς
2593 4205 2731 4277 πρὸς
2788 4207 2890 4275 τήν
2959 4205 3081 4261 τότε
3145 4209 3346 4285 τύχην
3407 4210 3819 4286 ἀγνωμονοῦσαν

397 4293 696 4351 stellarum
746 4293 1180 4366 progressiones
1231 4298 1288 4349 et
1337 4294 1787 4350 retrocessiones
1839 4299 2050 4351 certos-

397 4399 508 4454 que
548 4383 798 4454 positus,
859 4382 1370 4454 configurationes,
1424 4399 1710 4448 accessus,
1761 4399 2050 4454 recessus,

2156 4291 2524 4366 ἀντιπράττων
2584 4289 2948 4366 διημιλλᾰτο.
3044 4297 3242 4353 Ἔνθεν
3336 4321 3431 4356 τοι
3488 4299 3580 4356 καὶ
3657 4295 3818 4368 ἑτέραν

2154 4379 2442 4456 ἐξαρτύσας
2517 4383 2776 4452 ναυτικὴν
2871 4380 3101 4458 δύναμιν
3211 4385 3524 4467 ἐφίστησιν
3601 4385 3823 4463 ἡγεμόνι

398 4478 717 4540 ceteraque
747 4487 875 4541 quae
917 4474 1225 4541 negatores
1258 4471 1350 4527 isti
1389 4471 1450 4528 in
1508 4471 1714 4527 divinas
1747 4471 2044 4544 providen-

2159 4470 2354 4542 ταύτης
2385 4478 2793 4529 Κωνσταντῖνον
2841 4474 2933 4529 τὸν
2962 4475 3260 4552 Ἄγγελον,
3299 4478 3366 4542 ὃς
3411 4478 3478 4536 ὲκ
3534 4481 3630 4554 μὶν
3661 4474 3822 4533 Φιλα-

391 4559 484 4615 tiaa
518 4559 778 4614 fraudem
833 4559 1159 4628 afﬁrmant,
1219 4576 1286 4615 ac
1345 4559 1781 4616 dissimulanter
1814 4560 2043 4617 fatalem

2073 4606 2122 4669 ί)

2153 4557 2374 4640 δελφίας
2403 4559 2635 4636 ὥρμητο
2685 4561 2776 4618 καί
2823 4563 3013 4639 γένους
3062 4565 3129 4634 ἦν
3178 4566 3294 4624 οὐκ
3340 4569 3669 4645 εὐπαρύφου
3695 4564 3821 4620 πάνυ

391 4649 652 4704 omnium
687 4665 878 4704 rerum
913 4648 1321 4705 necessitatem
1356 4652 1644 4719 statuunt,
1675 4650 1743 4704 ad
1795 4648 2040 4705 felicita-

2159 4650 2237 4706 καὶ
2271 4650 2545 4727 εύγενοὺς,
2577 4652 2632 4708 εὖ
2678 4649 2724 4708 δ’
2781 4649 2929 4728 ἔχων
2986 4661 3089 4724 τῆς
3152 4667 3505 4730 σωματικῆς
3539 4661 3677 4736 φυῆς
3703 4651 3820 4711 κσπὶ

391 4742 508 4794 tem
544 4737 949 4810 humanosque
1008 4754 1175 4794 casus
1228 4735 1476 4794 multum
1535 4736 1748 4808 valere,
1806 4738 2037 4796 Manuel

391 4826 664 4884 idoneum
688 4827 933 4884 exeundi
965 4833 1198 4899 tempus
1234 4826 1501 4898 inquirit,
1536 4826 1705 4896 idque
1752 4827 2038 4884 Constan-

389 4917 513 4972 tino
545 4916 983 4984 denuntiat,8ed
1017 4917 1156 4987 quid
1193 4916 1252 4969 fit
1275 4915 1303 4968 ‘I
1331 4915 1598 4970 Nondum
1642 4915 1712 4970 ad
1769 4931 2036 4974 occasum

390 5005 636 5077 urgebat
667 5005 754 5061 sol
787 5023 800 5060 :
839 5003 1122 5060 Manuelis
1174 5003 1346 5074 jussu
1407 5003 1578 5059 homo
1635 5009 1934 5059 revocatur
1963 5006 2036 5062 ob

388 5100 538 5156 127
577 5098 1016 5156 incommodum
1048 5097 1265 5153 exitum
1293 5095 1490 5150 minus
1536 5096 1731 5152 fausto
1776 5095 2034 5153 siderum

388 5189 602 5260 positu,
636 5205 740 5246 nec
771 5185 1068 5244 subtiliter
1097 5189 1153 5244 et
1181 5189 1444 5242 accurate
1503 5184 1842 5258 perquisito.
1887 5186 2035 5244 Rur-

2145 4744 2242 4796 τοῦ
2290 4741 2584 4816 προσώπου
2636 4742 2881 4816 λειμωνα
2929 4742 3172 4806 κάλλους
3247 4748 3528 4818 κὴπεύων
3581 4749 3677 4818 τήν
3705 4750 3820 4800 Θεο-

2150 4827 2326 4902 δώραν
2355 4830 2490 4904 πρὸς
2519 4831 2698 4906 γάμον
2756 4830 3016 4908 ἠγάγετο,
3070 4831 3136 4903 ἤν
3201 4835 3479 4909 Ἀλέξιος
3513 4840 3542 4893 ὁ
3581 4830 3816 4914 βασιλεὺς

2148 4919 2176 4972 ὁ
2208 4918 2505 4994 προπάτωρ
2533 4924 2611 4992 τῷ
2639 4924 2720 4993 τῷ
2752 4921 3015 4992 Μανουὴλ
3044 4921 3326 4999 ἐγείνατο,
3349 4927 3420 4983 τὸ
3443 4925 3659 4989 κάλλος
3685 4922 3820 4979 εύτυ-

2146 5010 2324 5083 χήσας
2375 5010 2811 5083 προμνήστριαν.
2875 5009 3025 5068 Ἐπεὶ
3083 5011 3130 5067 6'
3203 5012 3392 5072 ἅπασι
3467 5020 3586 5090 (76)
3643 5007 3824 5089 σχεδὸν

2145 5093 2296 5152 δοκεῖ
2347 5103 2465 5159 τοῖς
2517 5099 2687 5154 πάλαι
2729 5100 2818 5154 καὶ
2877 5101 3119 5176 σήμερον
3185 5101 3346 5178 μέγα
3402 5103 3730 5179 δυναμένοις
3757 5098 3824 5160 ὡς

2144 5186 2280 5262 πρὸς
2334 5187 2429 5250 τὰς
2485 5188 2663 5266 τύχας
2722 5188 3053 5264 συναίρονται
3110 5189 3207 5245 καὶ
3271 5194 3348 5248 τὰ
3409 5196 3555 5252 κατᾶ
3610 5195 3700 5250 τὸν
3743 5189 3825 5244 ἂν·

1719 5363 1911 5432 Hier.
1963 5363 2182 5434 Wolfti
2245 5369 2456 5437 notae.

460 5505 575 5580 (75)
608 5505 1026 5580 Ριοᾼξςομνηνὸς
1059 5507 1303 5563 fortasse
1361 5504 1668 5577 legendum
1717 5502 2026 5580 Βρυέννιυς,

387 5575 501 5650 nisi
535 5575 679 5633 forte
695 5575 864 5650 illius
893 5575 1214 5650 cognomen
1247 5595 1281 5633 a
1317 5575 1500 5633 matre
1533 5575 2037 5650 propter’impera-

386 5648 873 5736 ιοειειφειίτρειη
897 5648 1199 5736 emerit:

460 5719 574 5797 (76)
603 5715 762 5773 Ἐπεῖ
792 5715 850 5772 δὲ
895 5715 1082 5774 ἂπασῖ.
1141 5718 1298 5774 Alter
1355 5719 1534 5776 codex
1588 5719 1820 5777 brevius
1876 5737 2036 5778 eam-

2137 5507 2270 5590 dem
2303 5510 3112 5590 sententiam_compl_eetitur,
3139 5512 3248 5590 bis
3264 5518 3513 5590 verbis:
3545 5519 3617 5578 0t
3638 5517 3826 5590 κᾴσῖρο·

2145 5576 2341 5664 λέσχαι
2393 5582 2587 5664 φασῖνη
2621 5576 3045 5664 Ἰξπακρίϐοῦται
3098 5576 3188 5655 τῷ
3250 5576 3582 5664 ἀγγέλῲίῆ
3612 5576 3822 5664 -ἔξρδξκν

2146 5649 2342 5797 «genesi
2396 5649 2504 5708 τῶν
2561 5649 2808 5730 ἀστέρων
2860 5655 3049 5732 ἁγαθοὶ
3104 5649 3531 5738 σχημάτισμῖοὶ
3567 5649 3824 5717 ’ἐνίδίόαὲ

2211 5745 2261 5781 ν.

3932 4109 3938 4319 1
