4068 6196
300 324 432 384 433

1402 309 1503 370 DE
1543 307 1939 373 MANUELE
1980 306 2371 367 COMNENO
2416 304 2558 366 LIB.
2604 302 2677 365 ll.

3617 302 3737 364 434

308 452 588 530 θρώπινον
626 448 819 526 βίοτον
859 445 1239 519 συναντήματα
1283 443 1333 499 οἱ
1388 447 1496 498 τῶν
1546 439 1786 517 ἀστέρων
1844 438 1965 530 ἄναξ

2081 454 2184 494 sus
2217 437 2400 510 igitur
2426 436 2628 492 thema
2659 433 3062 501 constituitur,
3077 433 3289 505 regulae
3317 433 3730 493 consuluntur.

313 528 579 617 ποδισμοὶ
641 541 732 595 καὶ
798 535 1177 610 προποδισμοῖ
1233 534 1322 589 καὶ
1383 534 1441 587 αἱ
1488 530 1657 592 θὲσεις
1697 530 1853 584 αὗται
1882 528 1972 583 καὶ

309 637 384 691 τὰ
427 628 621 688 τοιάδε
701 629 812 683 τῶν
859 626 1151 697 πλανήτων
1209 626 1492 698 σχήματα,
1543 623 1593 677 οἱ
1628 617 1972 692 πλησιασμοὶ

309 745 373 779 τε
403 723 499 778 καὶ
524 720 851 778 ἀποστάσεις
889 716 979 770 καὶ
1028 714 1094 769 τὰ
1121 712 1293 769 λοιπᾶ
1346 709 1446 767 ὅσα
1495 711 1547 766 οἱ
1607 708 1974 784 ἀωρολὲσχαι

305 810 443 891 φασὲ
473 816 576 880 τῆς
625 809 772 869 θείας
824 804 1091 881 προνοίας
1143 798 1611 876 καταψευδόμενοι
1668 798 1758 855 καὶ
1803 797 1972 867 λελη·

306 885 492 968 ὀότως
513 899 577 954 τὸ
608 896 836 971 ε’ἷμαρτο
866 894 955 950 καὶ
986 893 1053 949 τὰ
1082 889 1381 969 δεδογμένα
1427 895 1497 965 τῇ
1546 888 1746 965 ἀνάγκῃ
1806 885 1974 942 ἀναλ-

307 990 529 1048 λοίωτά
564 1009 626 1043 τε
681 987 768 1041 καὶ
832 982 1212 1040 ἀνεπίκλωστα
1267 979 1708 1055 παρεισάγοντες,
1770 975 1970 1050 ὡραίαν

301 1085 391 1153 τῷ
418 1075 683 1154 Ἀγγέλῳ
708 1076 812 1144 τὴν
830 1067 1011 1144 ἔξοδον
1055 1064 1372 1144 ἀπακριϐοῖ.
1434 1071 1540 1125 Καῖ
1592 1067 1712 1141 εἶχε
1755 1066 1974 1154 μὶν-τῷ

600 1167 671 1221 τὰ
710 1163 955 1237 ἔξιτήρια
1008 1162 1418 1247 συνταξάμενος
1479 1154 1625 1247 ἄλλα
1651 1154 1702 1210 τί
1739 1177 1754 1224 ;
1817 1151 1971 1247 ciimo

307 1241 604 1331 εἶςηόψίαν
642 1253 941 1323 ἐνειστήκει
998 1250 1027 1304 6
1088 1246 1275 1317 ἥλιος,
1335 1247 1425 1301 καὶ
1476 1243 1798 1318 παλίμπους
1853 1241 1972 1331 ἐπι-

303 1326 611 1407 τάσσοντος
642 1340 915 1417 βασιλέως
949 1340 976 1393 ὁ
1018 1339 1422 1395 Κωνσταντῖνος
1476 1332 1740 1407 γίγνεται.
1794 1332 1865 1386 Τὸ
1924 1326 1972 1383 δ’

316 1436 494 1492 αἵτιον
553 1436 589 1502 ἠ
646 1438 750 1500 τῆς
800 1425 986 1499 ἐξόδου
1044 1425 1285 1500 ἀκαιρία,
1341 1423 1434 1478 καὶ
1481 1422 1544 1478 τὸ
1587 1423 1688 1491 τῆς
1721 1419 1852 1476 ὁδοῦ
1883 1420 1973 1475 τὸν

2085 528 2221 584 Poet
2253 528 2486 599 longam
2508 531 2801 583 astrorum
2835 525 3269 596 indagationem
3291 530 3349 581 et
3379 530 3606 582 contem
3618 527 3735 597 pla-

2086 616 2297 672 tionem
2330 614 2587 688 Angelus
2654 616 2772 670 exit
2829 631 2961 670 cum
3023 615 3414 671 beneﬁcorum
3475 616 3737 672 siderum

2085 704 2386 761 comitatu.
2420 704 2533 761 Sed
2563 704 2663 760 illa
2694 704 2848 759 horae
2880 703 3205 760 observatio
3239 706 3464 759 tantum
3523 704 3738 761 Roma-

2085 794 2178 850 nis
2210 793 2447 865 profuit,
2490 794 2869 866 priorumque
2901 794 3115 849 ducum
3149 796 3345 848 errata
3382 794 3463 849 ita
3491 795 3738 850 correxit

2085 888 2140 939 et
2172 888 2407 955 accepta
2459 883 2816 939 detrimenta
2871 882 3138 949 resarsit,
3197 887 3263 938 ut
3314 882 3734 940 Constantinus

2083 973 2283 1028 statim
2318 972 2572 1027 hostium
2633 971 2908 1027 manibus
2946 975 3270 1043 caperetur.
3302 971 3445 1027 Nam
3480 989 3609 1028 cum
3637 975 3729 1027 in-

2083 1063 2508 1136 circumspecte
2538 1062 2851 1133 navigaret,
2882 1080 2914 1117 a
2940 1061 3152 1117 Siculis
3207 1062 3571 1131 triremibus,
3599 1080 3730 1134 quae

2083 1168 2244 1210 mare
2265 1154 2603 1222 tuebantur,
2635 1152 3100 1224 comprehensus
3157 1153 3228 1208 ad
3294 1168 3486 1225 regem
3515 1154 3730 1226 perdu-

2082 1243 2234 1299 citur
2256 1260 2271 1312 ;
2296 1243 2395 1314 qui
2426 1259 2493 1299 ea
2523 1240 2920 1314 pulcherrima
2978 1242 3175 1314 praeda
3232 1240 3572 1312 delectatus,
3606 1249 3728 1299 suis

2082 1331 2445 1401 collaudatis,
2493 1346 2628 1387 eum
2680 1347 2912 1403 quoque
2969 1331 3226 1387 vinctum
3284 1332 3346 1387 in
3399 1331 3725 1388 custodiam

2082 1421 2261 1478 dedit.

316 1522 596 1601 ’Ἄγγελον
655 1520 893 1594 ἅψασθαι
950 1516 1056 1593 οὐχ
1113 1516 1187 1577 ὡς
1241 1511 1433 1589 ἀγαθοὶ
1485 1509 1870 1601 σχηματισμοὶ
1926 1512 2034 1601 τῶν
2089 1510 2342 1601 Δἀστέρων
2392 1507 2645 1601 ἐκέλευον
2702 1506 2739 1579 ή
2789 1513 2917 1586 γοῦν
2971 1511 3008 1579 ή
3057 1504 3317 1601 ⁸ἀκρίϐεια
3346 1513 3579 1601 παρεῖχε
3616 1514 3729 1601 τῶν

305 1596 423 1685 τῆς
449 1596 980 1689 ἔιστρονομουμὲνης
1029 1605 1261 1681 σφαίρας
1317 1602 1579 1672 κανόνων,
1624 1598 1753 1689 ἀλλ’
1810 1599 1885 1660 ὡς
1944 1599 1995 1653 οἱ
2040 1596 2339 1689 ῖφλήναφοιᾼ
2388 1596 2711 1689 ἐνεδίδοσαν,
2771 1602 2950 1661 κακῶς
2980 1598 3307 1689 ,φάσκοντες
3353 1599 3442 1652 καὶ
3486 1597 3723 1689 *παχέως

305 1711 432 1768 τοῖς
462 1685 690 1762 λεπτοῖς
739 1692 1156 1763 ἐπιϐάλλοντες,
1192 1694 1478 1756 κάντεῦθεν
1554 1688 1677 1765 περὶ
1718 1690 1818 1758 τήν
1843 1694 1945 1757 τῆς
2020 1686 2225 1761 ὡραίας
2302 1686 2446 1763 ὥρας
2477 1686 2857 1766 σφαλλόμενοι
2932 1686 3156 1763 εὕρεσιν.
3206 1685 3380 1743 Πάλιν
3411 1685 3594 1741 τοίνυν
3634 1689 3726 1742 θε-

311 1796 514 1869 ματιον
547 1788 808 1845 διετίθετο
882 1786 973 1841 καὶ
1046 1785 1268 1844 κανόνες
1342 1774 1770 1856 ἀπηκριϐοῦντο.
1850 1778 1954 1834 Καὶ
2028 1775 2172 1832 οὕτω
2207 1777 2339 1851 μετὰ
2412 1775 2632 1847 πολλὴν
2704 1781 2810 1832 τῶν
2884 1776 3096 1853 ἄστρων
3169 1776 3387 1852 ἓρευναν
3418 1774 3507 1832 καὶ
3534 1775 3726 1850 σκέψιν

310 1864 405 1938 καὶ
460 1879 856 1956 περισκόπησιν
936 1876 965 1930 6
1039 1871 1303 1949 Ἀγγελος
1376 1864 1559 1942 ἔξεισι,
1636 1872 1754 1929 ταῖς
1829 1870 1935 1922 τῶν
2008 1866 2353 1943 ἀγαθοποιῶν
2418 1865 2680 1956 νῃάστέρῶν
2749 1868 3185 1956 Ασυνεξωρμηκὼς
3261 1868 3557 1938 κινήσεσιν.
3637 1868 3730 1930 Ἐς

316 1954 574 2032 τοσοῦτον
634 1968 694 2025 δὲ
751 1966 858 2043 ἄρα
917 1967 985 2022 τὰ
1038 1969 1146 2019 τῶν
1203 1960 1495 2036 Ῥωμαίων
1550 1956 1730 2030 ὤνησε
1788 1958 2084 2043 πράγματα
2137 1958 2173 2025 ἡ
2236 1962 2338 2025 τῆς
2406 1954 2550 2030 ὣρας
2604 1954 2892 2035 ἀσφάλεια,
2941 1956 3075 2024 ἢτὰ
3101 1961 3209 2011 τῶν
3241 1958 3432 2030 πρώην
3463 1957 3728 2032 ἄρχηγῶν

313 2066 612 2131 ἀνώρθωσε
655 2041 974 2131 πταίσματα
1012 2053 1102 2110 καὶ
1160 2050 1214 2108 εἷ’
1252 2050 1303 2106 τί
1362 2050 1607 2124 ἀντίξουν
1673 2041 1986 2121 συμϐέϐηκε
2063 2046 2464 2118 μετεσκεύασεν,
2527 2046 2602 2107 ὡς
2651 2043 2711 2100 ἐκ
2760 2049 2858 2100 τοῦ
2914 2046 3214 2118 ηαραυτίκα
3261 2045 3450 2119 χερσὶν
3515 2044 3729 2099 ἁλῶναι

304 2119 448 2211 τῶν⁸
494 2148 782 2223 πολεμίων
831 2119 945 2203 ’τὸν
1022 2146 1449 2201 Κωνσταντῖνον,
1519 2137 1960 2213 Ἀπερισκὲπτως
2015 2134 2118 2211 γὰρ
2195 2134 2272 2198 εἷς
2326 2132 2583 2190 Σικελίαν
2639 2135 2732 2190 τὸν
2789 2131 2962 2188 πλοῦν
3006 2134 3335 2207 ποιούμενος
3411 2131 3721 2212 συνελήφθη

304 2250 433 2305 ταῖς
464 2218 1086 2296 θαλασσοουλακούσαις
1143 2228 1458 2290 Σικελικαῖς
1515 2227 1763 2301 τριήρεσι
1803 2224 1894 2279 καὶ
1943 2220 2096 2301 ἤχθη
2152 2223 2297 2299 παρὰ
2350 2228 2441 2278 τὸν
2500 2224 2640 2298 ῥῆγα
2690 2221 3079 2302 αἰχμάλωτος.
3147 2222 3209 2280 '0
3269 2220 3346 2292 δὲ,
3412 2228 3511 2291 τῆς
3559 2218 3726 2297 ἄγρας

304 2326 608 2390 ἑπαινέσας
660 2324 787 2386 τούς
839 2315 1237 2387 συλλαϐόντας,
1301 2319 1389 2372 καὶ
1447 2317 1522 2379 ὡς
1578 2312 1763 2370 καλῶν
1806 2310 2105 2387 κάλλιστον
2144 2310 2310 2368 εἰπὼν
2366 2313 2427 2369 τὸ
2475 2314 2717 2390 θήραμα,
2778 2313 2898 2388 εἶχε
2964 2311 3052 2366 καὶ
3128 2314 3320 2368 τοῦτον
3433 2308 3726 2385 δεσμώτην

304 2420 648 2500 ἔμφρουρον.

380 2603 456 2673 η’.
488 2593 829 2659 Βασιλεὺςδὶ
859 2591 948 2648 καί
981 2591 1115 2665 μετὰ
1176 2585 1426 2663 δευτέραν
1484 2586 1687 2656 ταύτην
1746 2581 1965 2673 πληγῇν

2147 2583 2556 2673 8.1mperator
2611 2600 2746 2640 vero
2804 2583 2913 2640 bac
2970 2599 3202 2656 quoque
3258 2583 3431 2656 plaga
3463 2588 3727 2656 accepta,

303 2670 637 2768 διηρευνᾶτο
690 2687 759 2743 τὰ
812 2691 912 2754 τῆς
974 2678 1224 2768 ἁμίλλης
1275 2675 1538 2752 ἀνάλογα.
1577 2670 1842 2768 Ὁρῶν-δὲ
1871 2671 1965 2727 τὸν

302 2761 700 2851 δια-πολέμων
727 2776 881 2836 αὗθις
911 2772 1116 2846 τρόπον
1164 2766 1419 2843 δύσεργόν
1468 2786 1528 2821 τε
1583 2763 1671 2819 καὶ
1716 2761 1966 2851 ἀξύμιρο-

300 2894 423 2947 ρον,
457 2849 642 2925 καὶτὸ
682 2869 791 2922 τῶν
839 2860 1220 2934 ἆταλωμάτων
1280 2854 1442 2932 ἁδρὸν
1500 2856 1590 2910 καὶ
1648 2849 1966 2920 ἐπάλληλον

295 2939 672 3033 ῦπειδόμενος
704 2953 793 3010 οἷά
821 2973 942 3007 τινα
990 2950 1147 3005 νόσου
1206 2949 1533 3024 γάγγραιναν
1589 2942 1654 2999 τά
1706 2945 1812 2996 τῶν
1874 2939 1970 3033 θή-

570 3045 709 3102 κατᾶ
741 3042 923 3119 βραχὺ
978 3042 1201 3114 ταμιεῖα
1261 3036 1564 3124 νεμόμενον
1598 3031 1802 3124 Δςέγγὺς
1859 3027 1966 3124 γαρ

296 3118 816 3210 που-κεντηναρίων
854 3128 1177 3204 τριακοσίων
1227 3123 1461 3201 χρυσίου
1520 3119 1764 3176 ἀνάλωκε
1819 3118 1967 3210 χρή-

306 3232 500 3305 ματα),
532 3224 653 3280 δέον
685 3208 820 3279 εἶναι
855 3220 1107 3291 διενοήθη
1142 3216 1456 3305 σπείσαςθαι
1515 3215 1595 3284 τῷ
1653 3210 1802 3305 ῥήγί.
1852 3208 1967 3305 (lim

302 3301 501 3390 ἀηδῶς
565 3314 773 3384 τοίνυν,
827 3308 955 3366 ἀλλ’
1020 3308 1263 3381 ἀσμένως
1316 3302 1605 3390 δεξάμενος
1658 3301 1757 3390 τὴν
1801 3303 1964 3390 τοῦτο

311 3385 755 3478 επισκήπτουσαν
781 3395 1067 3476 πρεσϐείαν
1117 3399 1214 3452 τοῦ
1258 3394 1359 3464 τῆς
1417 3385 1779 3478 πρεσϐᾼυτέρος
1827 3386 1965 3444 Ῥώ-

324 3520 438 3572 μης
473 3476 763 3570 προέδρου,
820 3490 911 3545 καὶ
970 3489 1045 3550 ὡς
1109 3484 1340 3562 ἄγγελον
1399 3476 1735 3554 εὐξύμϐολον
1803 3478 1969 3572 ἀσπα-

321 3567 573 3661 σάμενος,
602 3581 818 3638 στέλλει
851 3578 989 3635 κατὰ
1034 3577 1397 3653 τὸνἈγκῶνα
1460 3571 1552 3626 τὸν
1612 3567 1962 3646 πρωτοστρά-

318 3659 457 3749 τορα
480 3671 735 3742 Ἀλέξων,
777 3669 837 3731 ὅς
866 3669 934 3738 ἦν
967 3660 1332 3742 πρεσϐύτερος
1360 3665 1468 3718 τῶν
1510 3659 1669 3714 υἱέων
1710 3661 1807 3749 τοῦ
1867 3678 1963 3749 μετ-

312 3747 494 3841 γάλου
552 3759 901 3835 δομεστίκου,
988 3756 1125 3830 πρὸς
1220 3751 1501 3841 ᾇμφότερα
1572 3747 1835 3841 *μερίσας
1903 3748 1966 3801 τὸ

306 3835 531 3927 σκέμμα
553 3872 610 3907 τε
640 3850 731 3904 καὶ
759 3850 822 3903 τὸ
856 3844 1162 3922 βούλευμα,
1222 3837 1437 3913 δηλαδή
1496 3838 1586 3893 καὶ
1642 3835 1799 3927 πρὸς⁸
1823 3835 1967 3927 ἑτοι-

2078 2687 2210 2727 cum
2235 2673 2373 2743 quid
2406 2672 2557 2728 facto
2589 2677 2740 2729 esset
2760 2689 2905 2743 opus
2928 2671 3259 2729 deliberans
3290 2689 3323 2729 a
3352 2672 3502 2730 bello
3555 2674 3721 2729 difﬁ-

2076 2756 2171 2812 cili
2205 2762 2381 2828 atque
2413 2757 2605 2813 inutili
2658 2757 3062 2831 magnitudine
3110 2762 3521 2829 perpetuorum
3563 2774 3722 2814 sum-

2075 2849 2284 2918 ptuum
2317 2846 2720 2914 deterreretur,
2753 2846 2959 2902 ﬁscnm
2994 2847 3181 2903 instar
3210 2845 3403 2902 cancri
3434 2845 3718 2919 paulatim

2074 2935 2514 3008 depascentium
2536 2936 2692 3008 (nam
2721 2935 2794 2992 ad
2815 2951 2913 2993 ccc
2937 2937 3061 2992 auri
3084 2936 3447 2993 centenarios
3491 2937 3715 3008 impen-

2077 3030 2279 3101 derat),
2313 3046 2515 3101 pacem
2549 3044 2682 3085 cum
2748 3043 2880 3103 rege
2934 3029 3257 3085 faciendam
3315 3045 3444 3086 esse
3486 3030 3716 3087 statuit.

2077 3121 2280 3192 Itaque
2310 3119 2532 3192 legatos
2562 3119 2769 3175 veteris
2800 3119 2994 3177 Romae
3026 3117 3316 3192 pontiﬁcis
3366 3118 3519 3175 I28
3553 3133 3619 3175 ea
3647 3119 3718 3175 de

2075 3226 2251 3266 causa
2283 3210 2494 3266 missos
2523 3207 2676 3265 haud
2710 3208 2928 3265 invitus
2960 3225 3026 3264 ac
3059 3209 3253 3280 potius
3283 3207 3490 3279 cupide
3529 3223 3723 3264 susce—

2074 3300 2158 3374 pit
2180 3317 2194 3367 ;
2212 3303 2266 3356 et
2280 3302 2343 3355 ut
2359 3297 2596 3355 nuntios
2610 3298 2938 3355 rectissime
2978 3296 3350 3353 consulentes
3392 3294 3714 3367 amplexus,

2074 3394 2548 3465 protostratorem
2605 3388 2866 3445 Alexium
2920 3388 2991 3459 (is
3021 3390 3146 3443 erat
3185 3387 3383 3460 magni
3415 3385 3713 3443 domestici

2074 3480 2231 3536 ﬁlius
2284 3483 2425 3535 natu
2500 3478 2807 3550 maximus)
2863 3478 3161 3533 Anconam
3221 3477 3385 3532 misit
3442 3473 3712 3532 bifariam

2074 3586 2247 3626 suum
2280 3567 2591 3625 consilium
2620 3566 2890 3639 partitus,
2924 3565 3197 3622 videlicet
3226 3566 3298 3621 ad
3329 3580 3492 3619 arma
3519 3568 3577 3619 et
3605 3564 3718 3619 mi-

2072 3659 2233 3716 litem
2265 3656 2690 3714 conductitium
2724 3656 2781 3711 in
2815 3656 3123 3711 Occidente
3157 3653 3506 3725 parandum,
3538 3652 3588 3707 si
3624 3666 3717 3706 res

2074 3750 2364 3822 posceret,
2386 3752 2445 3803 et
2474 3747 2544 3803 ad
2569 3744 2893 3801 amicitiam
2928 3744 3101 3814 regis,
3135 3744 3182 3798 si
3216 3741 3543 3813 paciﬁcatio
3583 3756 3715 3795 suc-

2075 3835 2819 3905 cessisset,conciliandam.
2853 3831 3088 3888 Alexius
3109 3847 3175 3887 eo
3194 3830 3508 3903 profectus,
3540 3829 3716 3884 homo

563 3939 754 3995 ὅπλων
817 3917 908 3992 καὶ
964 3936 1173 4008 ξενικοῦ
1231 3927 1630 4019 στρατεύματος
1678 3923 1961 4019 συλλογὴν

2077 3944 2210 3985 acer
2233 3927 2372 3984 etin
2424 3941 2485 3981 re
2540 3922 2752 3980 bellica
2807 3920 3343 3986 exercitatissimus,
3404 3922 3462 3974 et
3516 3917 3717 3987 lingua

302 4016 413 4091 ἇπὸ
472 4037 582 4088 τῶν
644 4028 905 4105 ἑσπερίων
954 4030 1159 4101 μερῶν,
1218 4022 1264 4079 εἰ
1319 4022 1517 4077 τούτου
1584 4017 1816 4089 δεήσειε,
1869 4016 1961 4070 καὶ

307 4125 447 4200 πρὸς
498 4124 601 4192 τήν
659 4123 757 4174 τοῦ
821 4116 990 4191 ῥηγὸς
1041 4112 1251 4192 φιλίαν,
1283 4104 1961 4200 εἰῗπμοχωροῦσανμὸρῴη

306 4194 406 4285 τῆν
486 4205 780 4286 ξύμϐασιν,
860 4206 1047 4262 Ἔνθεν
1125 4223 1212 4257 τοι
1265 4199 1356 4256 καὶ
1416 4199 1444 4253 ὁ
1494 4196 1740 4286 ’,Αλέξιος
1792 4194 1966 4250 ἐκεῖσε

308 4303 632 4383 γενόμενος,
711 4294 1038 4371 δραστήριος
1115 4292 1404 4367 ἄνθρωποσ
1479 4285 1552 4341 ὢν
1623 4285 1713 4341 καὶ
1788 4288 1960 4383 πᾶσαν

310 4370 636 4464 ἐξησκηκὼς
669 4370 991 4459 αὐτουργίαν
1024 4379 1359 4454 πολεμικήν,
1389 4374 1477 4431 νοῒ
1513 4396 1570 4431 τε
1620 4376 1719 4464 τήν
1774 4370 1960 4448 γλῶτο

305 4463 401 4538 ταν
434 4475 587 4559 ἔχων
619 4471 959 4547 ἀνθάμιλλον
1017 4471 1107 4526 καὶ
1169 4472 1363 4544 χεῖρας
1408 4463 1788 4540 ἀντεριζούσας
1841 4466 1962 4523 ταῖς

306 4553 573 4651 ἀρχικαῖς
610 4566 979 4643 μεθοδεύσεσι,
1034 4562 1124 4651 καὶ
1180 4562 1243 4617 τὸ
1301 4556 1441 4622 εἶδος
1499 4557 1711 4651 αὐχῶν.
1745 4553 1961 4651 σεμνὸν,

309 4644 709 4740 στρατολογεῖν
743 4656 897 4721 εὐθὺς
932 4648 1247 4722 ἐπεϐάλετο,
1297 4651 1611 4705 κατασεῖσαι
1656 4646 1755 4713 τὴν
1818 4644 1963 4719 γνώ-

313 4731 425 4830 μήν
457 4758 530 4827 τῇ
561 4731 705 4821 ἀκοῇ
739 4743 1072 4830 βουλόμελος
1100 4744 1197 4796 τοῦ
1219 4739 1408 4830 ρηγὸς,
1438 4734 1785 4830 καῖ’-συχνήν
1826 4731 1965 4802 ξυνέ-

304 4822 464 4919 λεγεν
491 4822 579 4916 ίΡ.
616 4840 709 4912 65]
737 4833 907 4891 ’ίππον
941 4834 1017 4895 ὡς
1048 4829 1101 4894 ἐς
1133 4822 1447 4903 Καλαϐρὶαν
1484 4823 1704 4919 μέλλων
1751 4842 1961 4919 παρεμ‹

306 4910 521 4990 ϐαλεῖν.
557 4932 647 4987 Ἐν
683 4910 741 4982 δὲ
768 4929 848 4997 τῷ
884 4922 1033 4999 μέρει
1064 4921 1152 4976 καὶ
1182 4922 1280 4974 τοῦ
1307 4920 1414 4972 τῶν
1459 4910 1702 4971 σπονδῶν
1762 4910 1960 4985 ἐπεμεο

306 5023 456 5080 λεῖτο
500 5019 862 5090 καθήκοντος,
894 5012 983 5068 καὶ
1016 5012 1089 5073 ὡς
1122 5005 1358 5077 ἂλλήοις
1391 5004 1619 5077 λήξουσι
1651 5002 1961 5077 πολεμοῦν-

306 5135 389 5176 τες
418 5113 529 5168 ὅτε
560 5104 824 5184 βασιλεὺς
880 5101 971 5157 καὶ
1001 5101 1031 5155 6
1090 5098 1212 5176 ῥήξ,
1270 5096 1569 5184 γράμματά
1617 5114 1675 5148 τε
1731 5092 1964 5184 πέμπων

307 5202 359 5266 ἐς
388 5178 571 5259 Μαῖαν
594 5197 686 5252 καὶ
723 5191 1045 5268 δεχόμενος,
1079 5186 1137 5251 ὅς
1169 5185 1458 5260 ἐναυάρχει
1501 5182 1625 5240 τότε
1681 5184 1779 5236 τοῦ
1836 5178 1962 5236 στό-

311 5290 407 5347 λου
459 5293 572 5347 τῶν
634 5283 897 5343 Σικελῶν.
948 5271 1240 5354 Ιιρεσϐείαν
1298 5274 1387 5329 οῦν
1448 5272 1510 5328 ὲκ
1562 5269 1817 5330 Σικελίας
1849 5269 1960 5324 ἐπι.

320 5383 658 5453 σπασάμενος
714 5372 1013 5446 ἀναπέμπει
1069 5366 1270 5436 ταύτην
1301 5367 1380 5436 τῷ
1442 5360 1680 5437 βασιλεῖ,
1730 5358 1818 5415 καὶ
1852 5355 1958 5414 δεῖ-

318 5492 400 5527 ται
454 5446 758 5543 προσσχεῖν
816 5463 899 5517 οἷς
959 5457 1139 5532 λέγειν
1188 5455 1240 5509 οἱ
1286 5447 1545 5543 πρέσϐεις,
1595 5448 1814 5543 ἔχουσιν
1850 5446 1956 5543 (οιίῖ

323 5534 527 5617 τοῦνταί
613 5534 691 5625 δὲ’,
779 5552 855 5614 ὡς
934 5547 1275 5614 πυνθάνεται,
1354 5543 1464 5617 οὐχ
1528 5539 1792 5615 ὑπερόρια
1844 5534 1960 5592 οὐδ’

329 5649 618 5728 ὐπέρογκα)
697 5642 791 5701 καί
844 5641 996 5699 αύτῶ
1052 5635 1433 5715 παραστήσειν,
1493 5631 1539 5690 εί
1600 5624 1954 5707 προϐαίνουσι

2076 4017 2287 4075 mentis
2308 4013 2663 4072 aamulatricc
2722 4010 3020 4083 praeditus,
3077 4013 3135 4066 et
3193 4008 3476 4080 dignitate
3516 4007 3717 4063 forma

2068 4103 2527 4178 conspicuus,in
2585 4099 2974 4172 exsequendis
3038 4096 3402 4170 imperatoris
3452 4094 3714 4151 consiliis

2069 4194 2225 4252 baud
2248 4192 2466 4266 segnis,
2499 4190 2699 4248 statim
2732 4187 2985 4245 scribere
3008 4186 3225 4242 milites
3253 4184 3530 4252 instituit,
3554 4187 3618 4238 ut
3647 4199 3717 4239 ea

2070 4284 2223 4340 fama
2252 4282 2405 4355 regis
2437 4280 2701 4337 animum
2733 4275 3107 4350 percelleret;
3139 4291 3205 4330 ac
3236 4289 3515 4346 magnum
3548 4272 3714 4343 equi-

2068 4377 2258 4430 tatum
2308 4371 2494 4443 coegit
2552 4367 2719 4439 quasi
2766 4367 2827 4423 in
2880 4364 3205 4422 Calabriam
3262 4361 3713 4434 impressionem

2068 4464 2351 4519 facturus.
2388 4457 2624 4515 Interim
2657 4463 2848 4512 tamen
2897 4471 2965 4512 ea
3022 4469 3255 4527 quoque
3302 4451 3550 4521 curavit,
3585 4468 3712 4524 qum

2069 4554 2141 4609 ad
2174 4551 2306 4608 belli
2339 4547 2820 4622 compositionem
2855 4549 2915 4602 et
2962 4560 3165 4618 pacem
3204 4545 3357 4600 inter
3394 4542 3713 4617 imperato-

2068 4658 2189 4698 rem
2222 4645 2280 4696 et
2335 4654 2529 4711 regem
2589 4635 3056 4694 constituendam
3114 4633 3506 4706 pertinebant,
3557 4631 3711 4688 ultro

2066 4732 2330 4803 citroque
2348 4729 2416 4784 ad
2437 4727 2654 4784 Maium
2674 4726 2881 4783 classis
2902 4723 3071 4796 regiae
3096 4724 3426 4796 printectum
3472 4721 3711 4803 mitten-

2070 4823 2161 4880 dis
2193 4820 2657 4892 recipiendisque
2687 4816 2914 4873 litteris.
2949 4815 3192 4887 Legatcs
3221 4814 3401 4883 igitur
3429 4828 3497 4879 ex
3516 4811 3713 4868 Sicilia

2069 4914 2141 4969 ad
2174 4928 2235 4969 se
2266 4909 2477 4967 missos
2515 4909 2587 4965 ad
2645 4908 3057 4979 imperatorem
3093 4904 3175 4958 ire
3206 4903 3396 4974 jubet,
3451 4900 3712 4972 petitque

2070 5009 2134 5059 ut
2163 5016 2362 5059 eorum
2396 4998 2720 5056 orationem
2781 4993 2978 5050 audiat
3027 4993 3147 5064 (eos
3206 4989 3385 5057 enim,
3420 4990 3708 5060 quantum

2069 5089 2438 5156 intellexerit,
2472 5086 2616 5143 nihil
2648 5084 2918 5163 iniquum
2950 5084 3052 5136 aut
3080 5078 3453 5134 immcdicum
3506 5080 3711 5147 postu-

2068 5180 2234 5253 lare),
2267 5184 2323 5236 et
2351 5180 2403 5235 si
2432 5174 2753 5247 paciﬁcatio
2813 5170 3182 5237 successerit,
3241 5167 3297 5221 id
3343 5166 3475 5235 sibi,
3517 5164 3711 5238 prius-

2072 5284 2246 5341 quam
2278 5266 2450 5336 vulgo
2502 5263 2655 5318 129
2700 5261 3045 5324 innotescat,
3109 5260 3171 5311 ut
3229 5255 3465 5325 indicet,
3514 5270 3587 5310 ne
3613 5270 3717 5327 per

2068 5353 2530 5430 imprudentiam
2583 5349 2800 5421 aliquid
2857 5362 3158 5420 perperam
3220 5348 3373 5417 agat,
3406 5345 3508 5417 qui
3558 5346 3709 5417 apud

2067 5448 2220 5503 viros
2247 5444 2325 5500 sit
2347 5457 2494 5514 quos
2516 5440 2641 5512 ipse
2662 5455 2731 5495 ex
2747 5434 3056 5508 provinciis
3079 5435 3201 5506 regi
3251 5433 3710 5492 Alemannorum

2068 5535 2242 5595 sociis
2274 5548 2378 5605 spe
2408 5532 2559 5587 bona
2590 5525 2754 5600 quasi
2785 5526 2937 5581 furto
2967 5524 3223 5595 quodam
3258 5524 3329 5579 ad
3361 5541 3423 5582 se
3472 5530 3710 5583 attraxe-

2067 5627 2162 5698 rit,
2196 5636 2567 5697 quorumque
2591 5616 2821 5674 animos
2841 5613 2977 5672 olim
2998 5613 3275 5671 Romanis
3296 5614 3709 5673 infestissimos
