4014 6204
317 287 434 348 435

1632 287 1944 349 ΝΙΟΕΤιΕ
1983 283 2400 348 ΟΗΟΝΙΑΤᾸΞ

3613 288 3714 350 436

321 427 522 478 contra
553 418 766 476 Siciliae
813 433 1029 492 regem,
1064 420 1128 473 ut
1187 419 1459 488 potuerit,
1520 419 1849 477 concitarit.
1903 421 1975 476 Ut

2091 416 2178 472 καὶ
2236 419 2598 492 περατοῦνται
2645 415 2714 470 τὰ
2766 419 2867 484 τῆς
2923 411 3304 493 καταλλαγῆς,
3361 416 3468 494 πρὸ
3513 423 3610 476 τοῦ
3657 406 3715 475 εἷς

323 515 520 568 autem
551 511 792 582 quidam
855 508 928 563 ab
971 508 1323 576 imperatore
1373 509 1444 564 ad
1503 509 1762 566 Alexium
1794 509 1977 577 venit,

323 601 428 674 qui
463 597 890 674 paciﬁcationis
923 597 1195 653 nuntium
1232 599 1532 671 aﬂ‘erebat,
1565 601 1714 656 clam
1757 599 1984 656 civibus

323 689 573 762 pecunia
606 703 707 759 per
737 685 1060 740 ﬁdissimos
1087 684 1204 742 alio
1231 686 1518 742 translata
1539 704 1746 758 capsas
1777 689 1982 744 inanes

326 761 664 848 obsignatas
689 789 997 844 procerum
1020 774 1153 830 ﬁdei
1189 778 1450 839 mandat,
1475 777 1762 849 jubetque
1793 761 1981 833 caveri

326 883 398 923 ne
431 865 725 937 quidinde
757 864 1076 931 auferatur,
1112 881 1250 920 neve
1281 872 1578 938 quaeratur
1620 867 1762 938 quid
1817 867 1878 922 in
1909 866 1980 923 iis

325 956 424 1024 sit,
449 963 546 1010 aut
579 955 747 1026 signa
804 957 938 1008 ante
995 969 1172 1008 suum
1223 957 1295 1010 ab
1347 955 1698 1026 imperatore
1728 957 1982 1011 reditum

325 1043 884 1117 aperiantur.Alexio
907 1044 976 1097 ad
1003 1043 1161 1099 hunc
1183 1045 1416 1100 modum
1441 1047 1677 1100 Ancona
1716 1045 1981 1117 digresso

331 1138 402 1188 et
435 1135 592 1189 inter
643 1133 1056 1204 imperatorem
1120 1149 1186 1188 ac
1243 1149 1430 1204 regem
1492 1150 1631 1206 pace
1661 1150 1728 1190 ae
1769 1135 1984 1190 {cedere

324 1225 647 1280 constituto
678 1225 1062 1294 (quanquam,
1097 1223 1145 1278 si
1175 1239 1312 1279 vera
1371 1223 1622 1278 dicenda
1672 1228 1832 1292 sunt,
1866 1239 1980 1280 non

321 1329 457 1370 vera
481 1312 578 1368 illa
597 1313 908 1368 concordia
923 1312 1052 1380 fuit,
1075 1312 1173 1367 sed
1201 1312 1482 1384 temporis
1497 1302 1985 1369 causaduntaxat

323 1401 638 1476 simulata),
663 1401 914 1457 fructum
935 1401 1982 1473 illiusqualiscunquepacificationis

325 1492 590 1548 tulerunt
620 1491 837 1563 captivi
867 1490 1046 1562 gratis
1080 1490 1282 1559 soluti,
1315 1507 1424 1547 non
1483 1495 1711 1547 tantum
1755 1491 1982 1548 nobiles

325 1587 380 1639 et
396 1583 556 1652 regia
585 1580 768 1652 stirpe
789 1579 918 1650 orti,
947 1581 1048 1636 sed
1072 1581 1247 1637 etiam
1290 1581 1544 1653 gregarii
1601 1581 1839 1649 milites,
1879 1585 1985 1638 σο-

327 1673 546 1729 rinthis
571 1677 797 1728 tantum
819 1675 875 1727 et
893 1671 1184 1727 Thebanis
1212 1671 1662 1744 ignobilioribue
1703 1672 1981 1744 exceptis’

329 1761 479 1818 etiis
510 1761 610 1832 qui
642 1759 920 1817 subtilem
945 1759 1118 1816 telam
1148 1761 1437 1829 texebant,
1482 1763 1638 1817 180
1680 1761 1978 1818 formosis-

331 1866 445 1922 que
477 1856 534 1906 et
590 1849 977 1920 locupletibus
1034 1847 1383 1905 mulieribus
1434 1849 1702 1918 ejusdem
1751 1849 1980 1906 artificii

333 1939 558 2012 peritis.
590 1944 670 1995 Δο
697 1937 864 1994 hodie
891 1954 1126 2011 quoque
1181 1938 1488 1994 Thebanos
1544 1943 1602 1994 et
1649 1938 1980 1995 Corinthios

329 2031 390 2085 in
424 2029 626 2086 Sicilia
657 2029 921 2084 texendis
956 2028 1228 2100 pretiosis
1259 2028 1598 2102 auratisque
1644 2029 1982 2086 incumbere

329 2119 547 2190 videas,
580 2118 1077 2190 quemadmodum
1111 2118 1468 2174 Eretrienses
1497 2118 1638 2174 olim
1670 2118 1822 2191 apud
1848 2117 1985 2174 Pcr-

339 2208 620 2280 sas,quod
645 2207 942 2280 principes
967 2209 1132 2264 Daris
1156 2207 1280 2280 regi
1323 2207 1553 2264 Graeciae
1593 2207 1812 2264 bellum
1843 2208 1984 2264 infe-

340 2296 490 2354 renti
525 2295 902 2352 restitissent.

2086 503 2200 560 ὦτα
2239 500 2494 576 διαϐῆναι
2523 502 2752 560 πολλῶν
2777 501 2874 558 ’ίνα
2905 504 2982 578 μή
3037 501 3202 575 ἀηδὲς
3261 507 3416 578 αότῷ
3465 528 3520 562 τι
3578 508 3717 574 λάθοι

2087 595 2542 673 διαπραξάμενος,
2574 596 2691 650 δντι
2719 595 2846 670 παρ’
2879 591 3128 670 ἀνδράσιν
3175 593 3266 658 οῦς
3307 596 3470 660 αὐτὸς
3519 597 3580 654 έκ
3629 603 3717 655 τῶν

2087 686 2264 762 φίλων
2298 690 2502 762 χωρῶν
2531 689 2610 744 τῶ
2644 682 2772 760 ῥηγὶ
2795 687 2904 739 τῶν
2934 682 3266 757 Ἀλαμανῶν
3323 692 3594 764 χρησταῖς
3641 687 3712 744 έλ-

2085 778 2232 830 πίσιν
2263 770 2727 849 ἠνδραποδίσατο,
2757 772 2846 828 καὶ
2878 773 2950 827 ὧν
2980 773 3080 842 τὴν
3133 775 3360 850 γνώμην
3416 776 3554 832 κατὰ
3597 777 3717 834 Ῥω·-

2091 867 2267 941 μαίων
2291 864 2521 922 πλεῖστα
2559 863 2732 921 πάλαι
2791 863 3232 945 φλεγμαίνουσαν
3299 865 3438 923 κατὰ
3481 871 3582 922 τοῦ
3635 875 3714 924 Σι-

2086 953 2276 1018 κελίας
2312 955 2512 1030 ῥηγὸς,
2543 953 2618 1016 ὡς
2650 954 2794 1028 εἶχε,
2829 955 3098 1026 μετέθετο.
3153 955 3214 1010 Ὠ
3272 955 3364 1010 οὖν
3411 955 3607 1027 ἐπέστη
3649 979 3721 1021 τις

2087 1044 2147 1100 ἐκ
2217 1041 2486 1119 βασιλέως
2539 1043 2638 1112 τήν
2699 1040 2957 1118 ἀγγελίαν
3019 1041 3246 1116 Ἀλεξίῳ
3310 1048 3418 1100 τῶν
3492 1043 3717 1102 σπονδῶν

2089 1131 2382 1212 διαφέρων,
2417 1129 2595 1204 λάθρα
2623 1135 2731 1186 τῶν
2786 1129 2900 1187 ἐκεῖ
2950 1129 3018 1186 τὲι
3066 1133 3333 1207 χρήματα
3381 1134 3723 1207 μετατίηθησι

2084 1223 2176 1278 καὶ
2234 1220 2598 1294 συνεκπέμπει
2630 1224 2802 1276 ταῦτα
2859 1225 2976 1283 τοῖς
3015 1223 3366 1286 πιστοτάτοις
3425 1223 3599 1298 ἐαυτῷ
3643 1226 3727 1280 ἀν-

2089 1308 2264 1387 δράσι·
2301 1311 2369 1366 οᾶι
2397 1307 2458 1365 δὲ
2481 1305 2718 1364 κιϐώτια
2745 1307 3069 1364 καταλείπει
3107 1308 3316 1366 τούτων
3371 1313 3519 1384 κενὰ,
3575 1333 3730 1390 σφρα-

2085 1397 2242 1477 γῖδας
2270 1420 2330 1454 τε
2365 1398 2585 1462 τούτοις
2644 1393 2924 1454 ἐπιϐαλὼν
2982 1405 3101 1462 τοῖς
3165 1401 3301 1456 κατᾶ
3356 1403 3548 1477 χώραν
3603 1401 3726 1479 μίγα

2089 1487 2408 1562 δυναμένοις
2476 1490 2764 1564 παρέθετο.
2834 1487 3144 1564 έπισκήψας
3208 1489 3431 1546 ἀσυλίαν
3483 1491 3572 1548 έπὶ
3617 1493 3730 1548 τού-

2088 1599 2205 1642 τοις
2239 1574 2448 1634 ἅπασαν
2488 1579 2646 1648 εἶναι,
2699 1577 2789 1633 καὶ
2844 1575 3051 1652 μηδένα
3111 1576 3385 1652 μεταλλᾷν
3441 1581 3510 1636 τὰ
3571 1577 3726 1652 ἔνδον,

2093 1670 2234 1742 μήτε
2260 1669 2367 1741 μὴν
2399 1664 2588 1730 ἄλλως
2621 1665 2874 1722 διαλῦσαι
2903 1669 2971 1723 τά
2993 1673 3218 1742 σημεῖα,
3251 1668 3299 1724 εί
3332 1671 3410 1742 μή
3462 1690 3526 1744 γε
3577 1671 3732 1732 αὐτὸς

2091 1758 2142 1820 ές
2203 1755 2431 1833 βασιλέα
2521 1757 2772 1830 ἱκόμενος
2830 1755 3030 1823 ἐκεῖθεν
3120 1757 3552 1817 έπανελεύσεται.
3637 1761 3728 1816 Καί

2093 1845 2332 1920 ’Λλέειος
2387 1847 2482 1919 μὶν
2568 1845 2740 1909 οὒτῶς
2799 1846 2860 1902 ἐκ
2909 1850 3007 1903 τοῦ
3057 1847 3332 1922 Ἀγκῶνος
3386 1849 3732 1920 ἀπενόστησε,

2095 1934 2370 2013 βασιλέως
2427 1933 2484 1991 δὲ
2533 1937 2625 1990 καὶ
2679 1936 2852 2012 ῥηγὸς
2910 1936 3156 2013 εἰρηνικὰ
3204 1939 3588 2016 φρονησάντων
3645 1939 3734 1994 καὶ

2095 2023 2415 2100 βλεψάντων
2449 2025 2586 2100 πρὸς
2613 2025 2710 2089 τὰς
2739 2023 2976 2089 σπονδὰς
3039 2023 3100 2096 ἤ,
3149 2025 3383 2098 τάληθὲς
3431 2027 3622 2101 εἰπεῖν,
3672 2027 3734 2084 οὗ

2091 2121 2341 2192 καθαρῶς
2391 2117 2832 2190 ὀμονοησάντῶν,
2890 2116 3214 2197 λυκοφιλίαν
3280 2116 3337 2174 δὲ
3393 2138 3734 2195 σχηματισα-

2097 2205 2296 2280 μένων,
2345 2204 2550 2262 ὢνσντο
2608 2213 2710 2276 τῆς
2761 2207 2969 2262 τούτων
3029 2209 3323 2264 ὁποιασοῦν
3378 2209 3622 2274 ὲνώσεως
3683 2210 3738 2264 οἱ

2094 2293 2454 2371 αἰχμάλωτοι
2481 2294 2738 2369 λμθέντις
2768 2295 3076 2368 ἀνάποινοι,
3127 2296 3190 2353 οὐ
3250 2297 3416 2371 μόνον
3481 2299 3535 2352 οἱ
3593 2297 3732 2371 λαμο

345 2387 474 2461 προὶ
505 2385 566 2440 τὸ
597 2385 752 2461 γένος
779 2385 867 2438 καὶ
922 2383 1186 2459 βασιλείῳ
1244 2387 1526 2459 τιμήεντες
1580 2383 1792 2458 αἳματι,
1853 2383 1999 2440 ἂλλά
2053 2386 2144 2440 καὶ
2203 2383 2257 2439 ο⁹ί
2315 2389 2432 2440 τοῖς
2501 2390 2916 2462 στρατιωτικοῖς
2973 2384 3303 2464 καταλόγοις
3368 2386 3732 2458 ένετάττοντο,

343 2477 490 2546 πλὴν
557 2480 664 2531 τῶν
707 2474 766 2530 ἐκ
813 2475 1082 2550 Κορίνθου
1140 2476 1228 2530 καὶ
1275 2471 1524 2547 Θήϐηθεν
1567 2476 1928 2552 ἁρμωμένων,
1988 2476 2079 2531 καὶ
2179 2475 2388 2531 τούτων
2478 2477 2596 2530 ὅσοι
2642 2475 2704 2530 τὸ
2761 2481 2918 2552 γένος
2994 2477 3215 2555 ἀφανεῖς
3269 2477 3358 2533 καὶ
3391 2475 3446 2532 ο’ί
3475 2478 3572 2539 τὰς
3609 2479 3738 2548 εὐη-

339 2567 525 2642 τρίους
584 2565 774 2628 ὀθόνας
827 2566 1066 2645 ὑφαίνειν
1126 2563 1355 2644 ἔλαχον,
1421 2566 1511 2622 καὶ
1557 2571 1671 2622 τῶν
1728 2569 1996 2642 γυναικῶν
2047 2567 2101 2621 αἱ
2147 2565 2314 2622 καλαὶ
2367 2566 2454 2620 καὶ
2507 2566 2809 2640 βαθύζωνοι
2831 2566 2922 2622 καὶ
2953 2569 3053 2639 τήν
3087 2566 3254 2637 αὐτὴν
3286 2565 3738 2644 ἀνδράσιτέχνην

332 2654 792 2730 έκμελετήσασαι.
833 2655 934 2711 Καὶ
983 2658 1076 2709 νῦν
1125 2649 1324 2725 ἔξεστιν
1365 2653 1499 2711 ῒδεῖν
1547 2654 1678 2719 τοὺς
1729 2653 1780 2711 έν
1843 2655 2067 2727 Σικελίᾳ
2123 2655 2479 2730 καταίροντας
2536 2651 2789 2724 Θηϐαίων
2847 2653 3047 2719 παῖδας
3098 2657 3190 2712 καὶ
3250 2656 3551 2731 Κορινθίων
3600 2659 3740 2732 ἱστῷ

335 2744 774 2824 προσανέχοντας
802 2747 912 2800 τῶν
940 2743 1205 2818 έξαμίτων
1233 2745 1323 2800 καὶ
1347 2746 1740 2822 χρυσοπάστων
1769 2743 2005 2818 στολῶν,
2057 2745 2130 2807 ὡς
2162 2747 2452 2821 Ἐρετριεῖς
2483 2745 2656 2800 πάλαι
2703 2745 2849 2818 παρὰ
2917 2747 3144 2820 Πέρσαις
3200 2743 3585 2814 δουλεύοντας,
3653 2747 3743 2802 δτι

333 2833 597 2908 πολέμων
631 2834 799 2910 ἧρξαν
831 2833 1040 2910 Δαρείῳ
1072 2835 1350 2909 στρατείαν
1381 2837 1500 2889 καθ’
1527 2831 1794 2898 Ἑλλάδος
1825 2832 2099 2894 ἐλάσαντι,

405 2927 682 2981 Caeterum
717 2941 830 2980 non
865 2925 1116 2982 multum
1148 2926 1431 2998 temporis
1463 2925 1816 2992 intercessit,
1844 2942 1978 2982 cum

331 3015 503 3071 ambo
535 3031 742 3070 rursus
774 3029 984 3084 magno
1017 3015 1233 3086 impetu
1292 3014 1509 3070 bellum
1561 3014 1974 3086 repetiverunt.

2157 2921 2317 2981 Ἀλλ’
2347 2923 2500 2979 οὔπω
2533 2925 2738 3000 μακρὸς
2762 2921 3107 2980 διαλελοίπει
3155 2925 3364 3001 καιρὸς,
3422 2925 3514 2980 καὶ
3575 2923 3743 2990 αὖθις

2087 3014 2330 3090 ἑκάτεροι
2393 3015 2466 3078 ὡς
2549 3015 2776 3090 ἀχανεῖς
2871 3013 3188 3089 ἀμπώτιδες
3255 3017 3347 3071 καὶ
3396 3015 3634 3092 σύρτεις,
3686 3016 3746 3074 ait

327 3104 478 3163 Nam
511 3105 822 3174 imperator
851 3101 1086 3173 regulos
1119 3102 1402 3158 ﬁnitimos
1430 3103 1784 3176 potentiores
1807 3101 1975 3175 polli-

2091 3107 2237 3179 κῦμα
2275 3105 2432 3177 ὀρθὸν
2462 3103 2856 3181 έπαιγίζουσιν,
2899 3104 2953 3166 ές
3005 3107 3100 3168 τὰς
3163 3105 3344 3181 μάχας
3395 3105 3748 3182 έπωγκοῦντο

325 3192 600 3248 citatione
632 3189 885 3259 pecuniae
924 3189 1206 3262 impulsos
1256 3207 1388 3246 cum
1447 3207 1580 3264 rege
1635 3192 1972 3248 committit.

324 3281 445 3336 Rex
473 3295 606 3333 vero
638 3277 852 3333 Malum
885 3279 1181 3347 comitem,
1227 3278 1435 3336 classis
1491 3281 1848 3351 praefectum,
1905 3299 1977 3337 χι

325 3383 502 3424 naves
533 3365 748 3422 celeres
779 3367 838 3421 in
871 3383 1032 3424 mare
1091 3367 1402 3440 deducere,
1452 3369 1644 3441 iisque
1701 3386 1846 3426 nova
1881 3388 1971 3426 ra-

322 3457 480 3512 tione
513 3455 825 3511 constratis
850 3455 1072 3528 Cpnlim
1107 3455 1423 3530 appellere,
1471 3463 1645 3528 atque
1701 3459 1972 3515 audiente

320 3546 546 3601 urbana
569 3543 949 3601 multitudine
971 3561 1033 3602 se
1055 3546 1416 3617 proclamare
1439 3546 1672 3614 Siciliae,
1693 3548 1969 3620 Aquileia

319 3633 561 3706 (Apulia
579 3633 889 3704 ?),Capuze,
921 3633 1199 3691 Calabriae
1221 3639 1396 3707 atque
1417 3653 1616 3692 earum
1661 3636 1965 3710 regionum

319 3721 758 3794 insularumque
792 3739 919 3794 quae
951 3723 1300 3794 interjacent
1328 3723 1632 3780 dominum
1665 3730 1722 3781 et
1747 3741 1963 3797 regem,

313 3811 712 3868 Romanorum
744 3827 880 3867 vero
906 3812 1309 3884 imperatorem
1355 3817 1750 3881 contemnere,
1799 3815 1964 3885 eique

316 3902 417 3960 ubi
446 3901 810 3957 maledixerit
843 3903 1046 3958 reverti
1081 3903 1277 3972 iussit.
1307 3902 1495 3958 Maius
1550 3902 1730 3974 igitur
1782 3904 1965 3962 Malea

2089 3195 2179 3249 καὶ
2210 3193 2564 3270 ώροθύνοντο.
2597 3197 2703 3252 Καὶ
2751 3194 3007 3272 βασιλεὺς
3066 3197 3161 3270 μὶν
3216 3196 3420 3253 ἀνέσειε
3461 3202 3544 3272 τῷ
3611 3199 3751 3276 ῥηγὶ

2085 3283 2216 3346 τοὺς
2285 3283 2426 3360 μέγα
2506 3280 2836 3358 δυναμένους
2919 3284 3304 3361 ἀστυγείτονας
3383 3285 3576 3359 ἐκείνῳ
3649 3283 3748 3342 δυο

2083 3373 2302 3442 νάπας,
2337 3371 2642 3447 χρημάτων
2703 3371 2939 3447 ἐπαίρων
3006 3371 3206 3438 αὐτοὺς
3262 3373 3640 3450 ὑποσχέσεσιν
3715 3377 3746 3430 ὁ

2079 3463 2180 3536 ῥήξ
2237 3458 2293 3516 δὲ
2329 3465 2409 3535 τῷ
2465 3461 2672 3535 κόμητι
2727 3465 2826 3518 τοῦ
2873 3461 3072 3518 στόλου
3139 3464 3304 3537 Μαῒῳ
3363 3461 3750 3520 διακελεύεται

2075 3557 2211 3621 νῆας
2279 3551 2676 3624 τεπαράκοντα
2759 3550 3197 3626 ταχυναυτούσας
3281 3552 3456 3616 πάσας
3536 3551 3750 3608 καθελ-

2073 3639 2232 3695 κύσαι
2262 3643 2371 3694 τῶν
2400 3639 2666 3715 νεωρίων,
2723 3640 2814 3695 καὶ
2872 3641 3210 3717 φραξάμενον
3261 3641 3579 3716 καινότερον
3633 3642 3746 3710 τὴν

2075 3727 2480 3784 Κωνσταντίνου
2537 3723 2888 3798 καταλαϐεῖν,
2943 3728 3036 3784 καὶ
3081 3728 3242 3784 αὐτὸν
3280 3729 3374 3803 μὲν
3409 3728 3494 3786 ἐπ’
3525 3729 3745 3805 ἀκροά-

2073 3839 2150 3873 σει
2179 3823 2288 3874 τῶν
2321 3818 2648 3875 ἀστυπόλων
2680 3818 3036 3896 ἀναγορεῦσαι
3099 3817 3352 3882 Σικελίας
3402 3821 3493 3876 καὶ
3564 3822 3750 3878 Ἀκυ-

2070 3905 2194 3970 λίας
2218 3907 2446 3978 Καπύης
2477 3929 2538 3964 τε
2565 3909 2657 3964 καὶ
2690 3903 3004 3984 Καλαϐρίας
3034 3909 3124 3964 καὶ
3189 3913 3298 3964 τῶν
3342 3911 3541 3984 μεταξῦ
3595 3911 3752 3966 τού-

315 3991 609 4050 declinata
637 3994 944 4066 Egeoque
975 3994 1107 4050 sinu
1143 3995 1432 4066 praeterito
1465 4011 1562 4068 per
1608 3994 1960 4068 Hellespon-

2091 4018 2176 4052 των
2200 4001 2403 4074 χωρῶν
2432 3997 2524 4052 καὶ
2554 3999 2736 4068 νήσων
2769 3996 2916 4054 ὅλων
2957 3997 3144 4071 κύριόν
3206 4019 3265 4054 τε
3319 3998 3410 4054 καὶ
3481 3997 3751 4073 βασιλέα.

311 4088 434 4138 tum
471 4083 541 4139 ad
575 4083 775 4139 urbem
808 4083 1262 4152 imperatricem,
1299 4083 1379 4138 uti
1407 4085 1614 4155 jussus
1643 4088 1786 4144 erat.
1819 4102 1955 4142 con-

2094 4091 2154 4142 P.
2189 4088 2278 4159 66]
2314 4085 2545 4162 βασιλέα
2569 4084 2614 4141 δ’
2662 4084 2985 4165 ἐκφαυλίσαι
3042 4087 3355 4160 Ῥωμαίων,
3413 4086 3504 4142 καί
3549 4092 3755 4150 κακῶς

311 4171 520 4240 tendit,
555 4173 890 4242 fretumque
937 4187 1210 4227 emensus
1269 4172 1338 4226 ad
1389 4172 1605 4244 regiam
1641 4173 1784 4229 181
1833 4173 1960 4229 Bla-

2092 4173 2286 4230 ὶπόντα
2312 4172 2643 4230 ἔπανελθιῖν.
2680 4173 2908 4249 ’Λμέλει
2951 4195 3038 4230 τοι
3093 4175 3183 4230 καὶ
3231 4177 3298 4232 τεὶ
3363 4173 3760 4250 ἐντεταλμένα

311 4259 608 4316 cherniam
643 4259 918 4332 appulit;
979 4259 1349 4330 sagittisque,
1409 4277 1648 4332 quarum
1684 4262 1957 4334 cuspides

2091 4262 2294 4338 πληρῶν
2327 4267 2528 4332 Μάϊος,
2556 4261 2783 4321 Μαλέαν
2833 4263 3152 4339 ἐπικάμψας
3203 4264 3295 4320 καὶ
3349 4265 3442 4320 τὸν
3497 4265 3752 4341 Αἰγαῖον

309 4354 597 4421 argenteae
629 4355 797 4405 erant
859 4353 1216 4420 aurataeque,
1275 4351 1332 4404 in
1393 4367 1517 4406 eam
1565 4352 1862 4423 conjectis,
1895 4354 1952 4408 in

2091 4353 2270 4408 ,όλπον
2328 4351 2690 4427 παραλλάξας
2727 4353 2816 4409 καί
2881 4354 3268 4432 παρημειςξὼς
3328 4353 3761 4426 Ελλὴσποντον

306 4439 524 4509 reditu,
556 4455 586 4492 e
619 4437 854 4508 regione
887 4438 1077 4509 magni
1112 4437 1310 4510 palatii
1344 4441 1518 4496 remis
1552 4440 1842 4510 inhibitis,
1862 4459 1953 4498 re-

2093 4445 2128 4516 ᾖ
2193 4439 2437 4515 βασιλίδι
2493 4441 2655 4498 πόλει
2711 4440 3076 4518 προσώκειλε.
3119 4443 3217 4499 Καὶ
3277 4448 3467 4519 πρῶτα
3510 4446 3615 4518 μὲν
3645 4447 3758 4502 τὸν

306 4544 434 4599 gem
471 4541 645 4580 suum
677 4525 954 4582 laudibus
985 4526 1195 4592 evehit,
1219 4529 1520 4584 navalibus
1548 4529 1721 4585 sociis
1753 4547 1969 4603 magna

2091 4513 2336 4606 ἐσέχοντα
2366 4531 2613 4606 πορθμὸν
2655 4513 3005 4600 διαπλεύσας,
3050 4531 3140 4587 καὶ
3195 4513 3328 4598 τοῖς.
3367 4531 3418 4588 έν
3479 4513 3762 4612 βλαχέρ-

307 4631 446 4670 voce
481 4630 812 4686 magnoque
845 4632 977 4671 cum
1039 4617 1292 4672 tumultu
1354 4617 1837 4675 acclamantibus.
1881 4621 1964 4676 Ita

2091 4640 2188 4680 ναις
2241 4619 2541 4696 βασιλείοις
2611 4620 3048 4693 κατακολπίσας,
3139 4621 3274 4698 βέλη
3349 4623 3466 4677 κατ’
3545 4625 3756 4681 αὐτῶν

307 4702 673 4783 vavigatione
707 4719 940 4759 summa
971 4703 1264 4760 celeritate
1295 4705 1559 4762 confecta
1583 4723 1686 4778 per
1723 4707 1875 4764 Sesti
1903 4701 1962 4764 οι

2091 4710 2272 4787 ὶφῆκεν
2309 4710 2604 4785 ἀργυρέους
2657 4705 2858 4786 ἔχοντα
2911 4709 3040 4773 τοὺς
3105 4711 3402 4786 ἀτράκτους
3463 4710 3754 4788 ἀληλιμ-

302 4792 486 4864 Abydi
521 4793 822 4863 angustias
880 4795 1082 4849 evasit.
1142 4795 1205 4849 In
1267 4795 1408 4851 urbe
1467 4800 1685 4864 autem,
1743 4797 1960 4870 quippe

2091 4799 2264 4862 ιένους
2296 4798 2348 4862 ές
2369 4799 2534 4876 βάθος
2567 4804 2778 4874 χρυσῷ,
2807 4798 2862 4855 ἐν
2913 4797 2971 4856 δὲ
3022 4806 3102 4874 τῷ
3161 4799 3359 4858 ἐκεῖθεν
3411 4802 3505 4857 τὸν
3555 4804 3750 4860 αὐτὸν

305 4879 657 4952 imperatore
679 4880 1193 4952 absente,magnus
1213 4882 1502 4938 tumultus
1521 4889 1610 4938 est
1629 4886 1918 4942 excitatus
1936 4891 1950 4942 ἲ

2095 4894 2450 4963 παναμετρεῖν
2480 4885 2654 4945 πλοῦν
2685 4887 2935 4944 ἀπέναντι
2984 4894 3082 4946 τοῦ
3147 4890 3385 4967 μεγάλου
3443 4889 3758 4949 παλατίου

299 4986 484 5042 eaque
507 4986 567 5026 rc
596 4969 804 5026 Siciliae
836 4986 933 5024 rex
961 4987 1074 5025 non
1102 4985 1306 5040 parum
1333 4972 1620 5044 gloriatus
1676 4990 1957 5047 magnum

2099 4977 2157 5040 ἀς
2185 4979 2374 5043 κώπας
2403 4980 2610 5056 σχάσας
2647 4978 2740 5034 τὸν
2795 4979 2996 5035 οἰκεῖον
3045 4979 3188 5057 ῥῆγα
3233 4986 3351 5044 ταῖς
3418 4979 3766 5061 εὐφημίαις

297 5076 360 5117 se
391 5060 756 5132 triumphum
788 5075 917 5115 esse
947 5060 1224 5130 adeptum
1253 5062 1502 5132 putavit.
1533 5064 1766 5120 Manuel
1819 5080 1952 5122 vero

2091 5072 2366 5140 ξιατρανοῖ,
2398 5071 2845 5143 συνεπηχοῦντος
2873 5072 2970 5124 τοῦ
3017 5073 3272 5125 ναυτικοῦ
3330 5060 3762 5146 πληρώματος

297 5147 356 5204 id
391 5149 606 5204 factum
638 5147 844 5204 ludum
873 5153 930 5203 et
957 5148 1155 5217 jocum
1192 5147 1632 5237 interpretatus,
1665 5153 1819 5226 quod
1855 5169 1954 5210 rex

2091 5151 2460 5231 aiOopuGu'idn
2488 5153 2779 5218 τελοῦντος
2809 5157 2910 5226 τὴν
2967 5157 3305 5233 ἱνακήρυξιν.
3361 5157 3468 5214 Καὶ
3528 5160 3560 5214 ὁ
3597 5161 3762 5235 μὲν,

297 5238 448 5294 tales
485 5237 735 5294 honores
793 5241 1225 5294 consectaretur
1273 5255 1340 5296 ac
1396 5240 1592 5313 potius
1651 5241 1952 5300 latrocinio

2092 5243 2201 5300 ῧτω
2228 5244 2321 5301 τὸν
2346 5243 2520 5300 πλοῦν
2551 5243 2888 5324 ἐπιταχύνας
2915 5247 3014 5315 τῆς
3051 5244 3227 5302 πάλαι
3257 5244 3528 5322 ᾁδομένης
3596 5249 3762 5324 Ἀρ-

297 5327 552 5399 quodam
585 5331 1055 5394 venaretur,eum
1083 5325 1597 5396 gloriariinaniter
1635 5333 1690 5386 et
1727 5329 1946 5388 nullius

2093 5336 2183 5394 οῦς
2239 5335 2596 5408 πτηνότερον,
2654 5337 2872 5403 Σηστοῦ
2928 5334 3020 5390 καὶ
3076 5330 3312 5392 Ἀϐύδου
3363 5336 3438 5399 ὡς
3516 5333 3758 5395 ἄλλων

295 5413 580 5470 momenti
616 5431 952 5471 successum
986 5416 1204 5485 jactare
1236 5432 1448 5488 passus
1477 5423 1586 5477 est.

2091 5420 2484 5500 ιυμπληγάδων
2516 5421 2744 5498 ἐξέθορε,
2773 5421 2948 5478 πολὺς
2978 5421 3035 5479 δὶ
3065 5425 3159 5480 ἀνὰ
3207 5427 3310 5497 τὴν
3357 5423 3521 5482 πόλιν
3589 5425 3764 5488 ἐπε..

294 5500 811 5591 κύμαινε-τάραχος,
847 5501 1116 5577 βασιλέως
1151 5505 1226 5577 μὴ
1257 5507 1526 5582 παρόντος
1574 5507 1741 5571 ἐντός·
1793 5509 1882 5564 καὶ
1931 5511 1997 5580 ἦν
2046 5507 2107 5566 δὲ
2160 5516 2322 5568 τοῦτο
2372 5513 2640 5588 καύχημα
2689 5516 2769 5585 τῶ
2823 5511 3077 5576 Σικελίας
3126 5514 3275 5591 ῥηγῖ,
3323 5514 3413 5570 καὶ
3467 5514 3546 5578 εἰς
3613 5519 3758 5589 μὲ-

297 5608 483 5668 γιστον
532 5587 862 5668 ἀνεγράφετο
918 5595 1372 5671 τροπαιούχημα.
1433 5599 1496 5656 Ὁ
1547 5595 1603 5655 δὲ
1633 5600 1892 5670 Μανουήλ
1947 5600 2024 5668 είς
2052 5603 2302 5678 παίγνιον
2357 5603 2420 5660 τὸ
2478 5587 2700 5682 γεγονὸς
2773 5603 2863 5659 καὶ
2943 5587 3161 5682 γέλωτα
3212 5587 3534 5684 ἀναφέρων,
3615 5587 3756 5664 τὸν
