  <div class='ocr_page' id='page_1' title='image "/cluster/home/n/w/nwhite01/storage/ocr_20150623/139/hvd.32044023361710/224.png"; bbox 0 0 4068 6196; ppageno 0'>
   <div class='ocr_carea' id='block_1_1' title="bbox 241 350 1941 427">
    <p class='ocr_par' dir='ltr' id='par_1_1' title="bbox 241 350 1938 419">
     <span class='ocr_line' id='line_1_1' title="bbox 241 350 1938 419; baseline 0.004 -9"><span class='ocrx_word' id='word_1_1' title='bbox 241 350 369 413; x_wconf 72' lang='grc'><strong>43⁸1</strong></span> <span class='ocrx_word' id='word_1_2' title='bbox 1326 357 1429 417; x_wconf 90' lang='lat' dir='ltr'><strong>DE</strong></span> <span class='ocrx_word' id='word_1_3' title='bbox 1471 357 1638 418; x_wconf 83' lang='lat' dir='ltr'><strong>MAN</strong></span> <span class='ocrx_word' id='word_1_4' title='bbox 1648 357 1851 419; x_wconf 84' lang='lat' dir='ltr'><strong>UELE</strong></span> <span class='ocrx_word' id='word_1_5' title='bbox 1894 356 1938 417; x_wconf 78' lang='grc' dir='ltr'>Ο</span> 
     </span>
    </p>
   </div>
   <div class='ocr_carea' id='block_1_2' title="bbox 2006 350 3672 427">
    <p class='ocr_par' dir='ltr' id='par_1_2' title="bbox 2006 357 3672 427">
     <span class='ocr_line' id='line_1_2' title="bbox 2006 357 3672 427; baseline 0.004 -7"><span class='ocrx_word' id='word_1_6' title='bbox 2006 357 2268 421; x_wconf 80' lang='grc' dir='ltr'><strong>ΜΝΕΝΟ</strong></span> <span class='ocrx_word' id='word_1_7' title='bbox 2316 360 2461 422; x_wconf 81' lang='lat' dir='ltr'><strong>LIB.</strong></span> <span class='ocrx_word' id='word_1_8' title='bbox 2507 361 2614 422; x_wconf 89' lang='lat' dir='ltr'><strong>IIl.</strong></span> <span class='ocrx_word' id='word_1_9' title='bbox 3552 368 3672 427; x_wconf 76' lang='grc'><strong>438</strong></span> 
     </span>
    </p>
   </div>
   <div class='ocr_carea' id='block_1_3' title="bbox 245 486 3668 576">
    <p class='ocr_par' dir='ltr' id='par_1_3' title="bbox 245 486 3668 576">
     <span class='ocr_line' id='line_1_3' title="bbox 245 486 3668 576; baseline 0.004 -31"><span class='ocrx_word' id='word_1_10' title='bbox 245 487 511 549; x_wconf 85' lang='grc' dir='ltr'><strong>τοιαύτας</strong></span> <span class='ocrx_word' id='word_1_11' title='bbox 543 487 721 561; x_wconf 66' lang='grc' dir='ltr'><strong>δαυτῷ</strong></span> <span class='ocrx_word' id='word_1_12' title='bbox 751 486 917 576; x_wconf 77' lang='grc' dir='ltr'><strong>τιμὰς</strong></span> <span class='ocrx_word' id='word_1_13' title='bbox 946 489 1384 564; x_wconf 78' lang='grc' dir='ltr'><strong>μνηστευόμενον</strong></span> <span class='ocrx_word' id='word_1_14' title='bbox 1418 490 1565 567; x_wconf 79' lang='grc' dir='ltr'><strong>ῥῆγα</strong></span> <span class='ocrx_word' id='word_1_15' title='bbox 1596 490 1662 561; x_wconf 67' lang='grc' dir='ltr'><strong>ἢ,</strong></span> <span class='ocrx_word' id='word_1_16' title='bbox 1690 492 1753 547; x_wconf 89' lang='grc' dir='ltr'><strong>τό</strong></span> <span class='ocrx_word' id='word_1_17' title='bbox 1778 511 1841 565; x_wconf 80' lang='grc' dir='ltr'>γε</span> <span class='ocrx_word' id='word_1_18' title='bbox 1870 489 2236 568; x_wconf 70' lang='grc' dir='ltr'><strong>ἀληθὲστερον</strong></span> <span class='ocrx_word' id='word_1_19' title='bbox 2268 491 2456 561; x_wconf 73' lang='grc' dir='ltr'><strong>εἰπεῖν,</strong></span> <span class='ocrx_word' id='word_1_20' title='bbox 2480 490 2817 569; x_wconf 82' lang='grc' dir='ltr'><strong>λῃστεύοντα</strong></span> <span class='ocrx_word' id='word_1_21' title='bbox 2846 491 3093 567; x_wconf 80' lang='grc' dir='ltr'><strong>διακενῆς</strong></span> <span class='ocrx_word' id='word_1_22' title='bbox 3116 497 3292 576; x_wconf 78' lang='grc' dir='ltr'><strong>ἀφῆκε</strong></span> <span class='ocrx_word' id='word_1_23' title='bbox 3324 499 3668 575; x_wconf 80' lang='grc' dir='ltr'><strong>βρενθύεσθαι</strong></span> 
     </span>
    </p>
   </div>
   <div class='ocr_carea' id='block_1_4' title="bbox 245 574 1557 655">
    <p class='ocr_par' dir='ltr' id='par_1_4' title="bbox 245 574 1557 655">
     <span class='ocr_line' id='line_1_4' title="bbox 245 574 1557 655; baseline 0.002 -20"><span class='ocrx_word' id='word_1_24' title='bbox 245 579 349 635; x_wconf 78' lang='grc' dir='ltr'><strong>καὶ</strong></span> <span class='ocrx_word' id='word_1_25' title='bbox 388 580 554 655; x_wconf 72' lang='grc' dir='ltr'><strong>φυσᾷν</strong></span> <span class='ocrx_word' id='word_1_26' title='bbox 584 576 670 632; x_wconf 79' lang='grc' dir='ltr'><strong>ἐπ’</strong></span> <span class='ocrx_word' id='word_1_27' title='bbox 693 574 865 633; x_wconf 78' lang='grc' dir='ltr'><strong>οὐδενῖ</strong></span> <span class='ocrx_word' id='word_1_28' title='bbox 899 582 1130 655; x_wconf 83' lang='grc' dir='ltr'><strong>χρηστῷ</strong></span> <span class='ocrx_word' id='word_1_29' title='bbox 1148 579 1557 655; x_wconf 76' lang='grc' dir='ltr'><strong>κατορθώματι.</strong></span> 
     </span>
    </p>
   </div>
   <div class='ocr_carea' id='block_1_5' title="bbox 1475 867 2439 967">
    <p class='ocr_par' dir='ltr' id='par_1_5' title="bbox 1475 867 2439 967">
     <span class='ocr_line' id='line_1_5' title="bbox 1475 867 2439 967; baseline 0.005 -4"><span class='ocrx_word' id='word_1_30' title='bbox 1475 867 1902 965; x_wconf 89' lang='grc' dir='ltr'><strong>ΤΟΜΟΣ</strong></span> <span class='ocrx_word' id='word_1_31' title='bbox 1985 869 2439 967; x_wconf 88' lang='grc' dir='ltr'>ΤΡΙΤΟΣ</span> 
     </span>
    </p>
   </div>
   <div class='ocr_carea' id='block_1_6' title="bbox 1187 1058 2731 1119">
    <p class='ocr_par' dir='ltr' id='par_1_6' title="bbox 1187 1058 2731 1119">
     <span class='ocr_line' id='line_1_6' title="bbox 1187 1058 2731 1119; baseline 0.003 -5"><span class='ocrx_word' id='word_1_32' title='bbox 1187 1058 1333 1114; x_wconf 84' lang='grc' dir='ltr'><strong>ΤΗΣ</strong></span> <span class='ocrx_word' id='word_1_33' title='bbox 1364 1058 1747 1115; x_wconf 80' lang='grc' dir='ltr'><strong>ΒΑΣΙΛΕΙΑΣ</strong></span> <span class='ocrx_word' id='word_1_34' title='bbox 1780 1058 2119 1116; x_wconf 77' lang='grc' dir='ltr'><strong>ΜΔΝΟΥΗΑ</strong></span> <span class='ocrx_word' id='word_1_35' title='bbox 2149 1059 2286 1116; x_wconf 82' lang='grc' dir='ltr'><strong>ΤΟΥ</strong></span> <span class='ocrx_word' id='word_1_36' title='bbox 2317 1060 2731 1119; x_wconf 76' lang='grc' dir='ltr'><strong>ΚΟΜΝΗΝΟΥ.</strong></span> 
     </span>
    </p>
   </div>
   <div class='ocr_carea' id='block_1_7' title="bbox 1473 1348 2434 1447">
    <p class='ocr_par' dir='ltr' id='par_1_7' title="bbox 1473 1348 2434 1447">
     <span class='ocr_line' id='line_1_7' title="bbox 1473 1348 2434 1447; baseline 0.003 -2"><span class='ocrx_word' id='word_1_37' title='bbox 1473 1349 1842 1445; x_wconf 83' lang='lat' dir='ltr'><strong>LIBER</strong></span> <span class='ocrx_word' id='word_1_38' title='bbox 1910 1348 2434 1447; x_wconf 86' lang='lat' dir='ltr'><strong>TERTIUS</strong></span> 
     </span>
    </p>
   </div>
   <div class='ocr_carea' id='block_1_8' title="bbox 1196 1556 2717 1621">
    <p class='ocr_par' dir='ltr' id='par_1_8' title="bbox 1196 1556 2717 1621">
     <span class='ocr_line' id='line_1_8' title="bbox 1196 1556 2717 1621; baseline 0.004 -8"><span class='ocrx_word' id='word_1_39' title='bbox 1196 1556 1441 1615; x_wconf 80' lang='lat' dir='ltr'><strong>RERUM</strong></span> <span class='ocrx_word' id='word_1_40' title='bbox 1487 1558 1534 1613; x_wconf 79' lang='grc' dir='ltr'><strong>Α</strong></span> <span class='ocrx_word' id='word_1_41' title='bbox 1572 1557 1907 1614; x_wconf 81' lang='lat' dir='ltr'><strong>MANUELE</strong></span> <span class='ocrx_word' id='word_1_42' title='bbox 1944 1557 2277 1616; x_wconf 84' lang='lat' dir='ltr'><strong>COMNENO</strong></span> <span class='ocrx_word' id='word_1_43' title='bbox 2318 1560 2717 1621; x_wconf 78' lang='lat' dir='ltr'><strong>GESTARUM.</strong></span> 
     </span>
    </p>
   </div>
   <div class='ocr_carea' id='block_1_9' title="bbox 314 1824 1941 1904">
    <p class='ocr_par' dir='ltr' id='par_1_9' title="bbox 314 1824 1941 1904">
     <span class='ocr_line' id='line_1_9' title="bbox 314 1824 1941 1904; baseline 0 -20"><span class='ocrx_word' id='word_1_44' title='bbox 314 1830 382 1885; x_wconf 82' lang='grc' dir='ltr'><strong>α’.</strong></span> <span class='ocrx_word' id='word_1_45' title='bbox 438 1830 714 1885; x_wconf 77' lang='grc' dir='ltr'><strong>Τοιοῦτον</strong></span> <span class='ocrx_word' id='word_1_46' title='bbox 776 1828 871 1901; x_wconf 73' lang='grc' dir='ltr'><strong>μὶν</strong></span> <span class='ocrx_word' id='word_1_47' title='bbox 900 1827 994 1883; x_wconf 77' lang='grc' dir='ltr'><strong>οὗν</strong></span> <span class='ocrx_word' id='word_1_48' title='bbox 1042 1826 1259 1901; x_wconf 74' lang='grc' dir='ltr'>εἰλήφει</span> <span class='ocrx_word' id='word_1_49' title='bbox 1289 1824 1453 1904; x_wconf 81' lang='grc' dir='ltr'><strong>πὲρας</strong></span> <span class='ocrx_word' id='word_1_50' title='bbox 1498 1826 1565 1883; x_wconf 77' lang='grc' dir='ltr'><strong>τὰ</strong></span> <span class='ocrx_word' id='word_1_51' title='bbox 1592 1827 1727 1883; x_wconf 86' lang='grc' dir='ltr'><strong>κατὰ</strong></span> <span class='ocrx_word' id='word_1_52' title='bbox 1757 1834 1911 1884; x_wconf 78' lang='grc' dir='ltr'><strong>Σικεο</strong></span> <span class='ocrx_word' id='word_1_53' title='bbox 1938 1890 1941 1899; x_wconf 25' lang='grc' dir='ltr'><em>Α</em></span> 
     </span>
    </p>
   </div>
   <div class='ocr_carea' id='block_1_10' title="bbox 2006 1824 3671 1904">
    <p class='ocr_par' dir='ltr' id='par_1_10' title="bbox 2096 1829 3671 1891">
     <span class='ocr_line' id='line_1_10' title="bbox 2096 1829 3671 1891; baseline 0.003 -6"><span class='ocrx_word' id='word_1_54' title='bbox 2096 1830 2146 1886; x_wconf 89' lang='grc'><strong>1.</strong></span> <span class='ocrx_word' id='word_1_55' title='bbox 2176 1829 2280 1888; x_wconf 87' lang='lat' dir='ltr'><strong>Hic</strong></span> <span class='ocrx_word' id='word_1_56' title='bbox 2308 1831 2695 1887; x_wconf 78' lang='lat' dir='ltr'><strong>certaminum</strong></span> <span class='ocrx_word' id='word_1_57' title='bbox 2729 1831 3019 1891; x_wconf 88' lang='lat' dir='ltr'><strong>Manuelis</strong></span> <span class='ocrx_word' id='word_1_58' title='bbox 3072 1834 3131 1890; x_wconf 92' lang='lat' dir='ltr'><strong>in</strong></span> <span class='ocrx_word' id='word_1_59' title='bbox 3188 1833 3382 1891; x_wconf 90' lang='lat' dir='ltr'><strong>Sicllia</strong></span> <span class='ocrx_word' id='word_1_60' title='bbox 3411 1837 3468 1891; x_wconf 89' lang='lat' dir='ltr'><strong>et</strong></span> <span class='ocrx_word' id='word_1_61' title='bbox 3501 1833 3671 1891; x_wconf 82' lang='lat' dir='ltr'><strong>Cala‘</strong></span> 
     </span>
    </p>
   </div>
   <div class='ocr_carea' id='block_1_11' title="bbox 246 1913 1941 1996">
    <p class='ocr_par' dir='ltr' id='par_1_11' title="bbox 246 1913 1911 1995">
     <span class='ocr_line' id='line_1_11' title="bbox 246 1913 1911 1995; baseline -0.001 -20"><span class='ocrx_word' id='word_1_62' title='bbox 246 1918 375 1975; x_wconf 83' lang='grc' dir='ltr'><strong>λίαν</strong></span> <span class='ocrx_word' id='word_1_63' title='bbox 408 1940 468 1974; x_wconf 87' lang='grc' dir='ltr'><strong>τε</strong></span> <span class='ocrx_word' id='word_1_64' title='bbox 494 1919 586 1973; x_wconf 84' lang='grc' dir='ltr'><strong>καὶ</strong></span> <span class='ocrx_word' id='word_1_65' title='bbox 628 1913 948 1994; x_wconf 73' lang='grc' dir='ltr'><strong>Καλαϐρίαν</strong></span> <span class='ocrx_word' id='word_1_66' title='bbox 987 1922 1086 1974; x_wconf 81' lang='grc' dir='ltr'><strong>τοῦ</strong></span> <span class='ocrx_word' id='word_1_67' title='bbox 1142 1916 1412 1994; x_wconf 71' lang='grc' dir='ltr'><strong>βασιλέως</strong></span> <span class='ocrx_word' id='word_1_68' title='bbox 1467 1918 1729 1988; x_wconf 77' lang='grc' dir='ltr'><strong>Μανουὴλ</strong></span> <span class='ocrx_word' id='word_1_69' title='bbox 1764 1919 1911 1995; x_wconf 82' lang='grc' dir='ltr'><strong>ἀγω-</strong></span> 
     </span>
    </p>
   </div>
   <div class='ocr_carea' id='block_1_12' title="bbox 2006 1913 3665 1996">
    <p class='ocr_par' dir='ltr' id='par_1_12' title="bbox 2015 1919 3665 1996">
     <span class='ocr_line' id='line_1_12' title="bbox 2015 1919 3665 1996; baseline 0.003 -21"><span class='ocrx_word' id='word_1_70' title='bbox 2015 1920 2142 1976; x_wconf 88' lang='lat' dir='ltr'><strong>bria</strong></span> <span class='ocrx_word' id='word_1_71' title='bbox 2173 1920 2283 1976; x_wconf 91' lang='lat' dir='ltr'><strong>fuit</strong></span> <span class='ocrx_word' id='word_1_72' title='bbox 2305 1919 2491 1976; x_wconf 82' lang='lat' dir='ltr'><strong>exitus</strong></span> <span class='ocrx_word' id='word_1_73' title='bbox 2524 1938 2539 1989; x_wconf 86' lang='lat'><strong>;</strong></span> <span class='ocrx_word' id='word_1_74' title='bbox 2572 1937 2699 1993; x_wconf 71' lang='lat' dir='ltr'><strong>quae</strong></span> <span class='ocrx_word' id='word_1_75' title='bbox 2731 1922 3001 1994; x_wconf 81' lang='lat' dir='ltr'><strong>quamvis</strong></span> <span class='ocrx_word' id='word_1_76' title='bbox 3068 1923 3379 1996; x_wconf 90' lang='lat' dir='ltr'><strong>splendida</strong></span> <span class='ocrx_word' id='word_1_77' title='bbox 3424 1927 3481 1979; x_wconf 90' lang='lat' dir='ltr'><strong>et</strong></span> <span class='ocrx_word' id='word_1_78' title='bbox 3509 1940 3665 1980; x_wconf 89' lang='lat' dir='ltr'><strong>sum-</strong></span> 
     </span>
    </p>
   </div>
   <div class='ocr_carea' id='block_1_13' title="bbox 252 2005 1941 2083">
    <p class='ocr_par' dir='ltr' id='par_1_13' title="bbox 252 2005 1909 2083">
     <span class='ocr_line' id='line_1_13' title="bbox 252 2005 1909 2083; baseline -0.001 -19"><span class='ocrx_word' id='word_1_79' title='bbox 252 2009 516 2083; x_wconf 81' lang='grc' dir='ltr'><strong>νίσματα,</strong></span> <span class='ocrx_word' id='word_1_80' title='bbox 546 2009 628 2082; x_wconf 83' lang='grc' dir='ltr'><strong>[Ρ.</strong></span> <span class='ocrx_word' id='word_1_81' title='bbox 661 2009 752 2082; x_wconf 83' lang='grc'><strong>67]</strong></span> <span class='ocrx_word' id='word_1_82' title='bbox 793 2005 1022 2083; x_wconf 84' lang='grc' dir='ltr'><strong>λαμπρὰ</strong></span> <span class='ocrx_word' id='word_1_83' title='bbox 1054 2009 1149 2082; x_wconf 82' lang='grc' dir='ltr'><strong>μὶν</strong></span> <span class='ocrx_word' id='word_1_84' title='bbox 1180 2007 1272 2063; x_wconf 87' lang='grc' dir='ltr'><strong>καὶ</strong></span> <span class='ocrx_word' id='word_1_85' title='bbox 1302 2005 1534 2063; x_wconf 83' lang='grc' dir='ltr'><strong>πλεῖστα</strong></span> <span class='ocrx_word' id='word_1_86' title='bbox 1552 2012 1659 2064; x_wconf 80' lang='grc' dir='ltr'><strong>τῶν</strong></span> <span class='ocrx_word' id='word_1_87' title='bbox 1684 2027 1795 2083; x_wconf 88' lang='grc' dir='ltr'><strong>χρη</strong></span> <span class='ocrx_word' id='word_1_88' title='bbox 1808 2005 1909 2081; x_wconf 73' lang='grc' dir='ltr'><strong>μᾶ-</strong></span> 
     </span>
    </p>
   </div>
   <div class='ocr_carea' id='block_1_14' title="bbox 2006 2005 3660 2083">
    <p class='ocr_par' dir='ltr' id='par_1_14' title="bbox 2017 2009 3660 2082">
     <span class='ocr_line' id='line_1_14' title="bbox 2017 2009 3660 2082; baseline 0.001 -17"><span class='ocrx_word' id='word_1_89' title='bbox 2017 2013 2247 2082; x_wconf 89' lang='lat' dir='ltr'><strong>ptuosa,</strong></span> <span class='ocrx_word' id='word_1_90' title='bbox 2275 2013 2470 2065; x_wconf 88' lang='lat' dir='ltr'><strong>tamen</strong></span> <span class='ocrx_word' id='word_1_91' title='bbox 2529 2009 2675 2065; x_wconf 89' lang='lat' dir='ltr'><strong>nihil</strong></span> <span class='ocrx_word' id='word_1_92' title='bbox 2730 2011 2953 2067; x_wconf 88' lang='lat' dir='ltr'><strong>fructus</strong></span> <span class='ocrx_word' id='word_1_93' title='bbox 3012 2013 3291 2067; x_wconf 83' lang='lat' dir='ltr'><strong>Romanis</strong></span> <span class='ocrx_word' id='word_1_94' title='bbox 3349 2013 3503 2068; x_wconf 70' lang='lat' dir='ltr'><strong>I82</strong></span> <span class='ocrx_word' id='word_1_95' title='bbox 3557 2017 3660 2068; x_wconf 84' lang='lat' dir='ltr'><strong>aut</strong></span> 
     </span>
    </p>
   </div>
   <div class='ocr_carea' id='block_1_15' title="bbox 244 2093 1941 2176">
    <p class='ocr_par' dir='ltr' id='par_1_15' title="bbox 244 2093 1906 2176">
     <span class='ocr_line' id='line_1_15' title="bbox 244 2093 1906 2176; baseline -0.002 -23"><span class='ocrx_word' id='word_1_96' title='bbox 244 2120 360 2153; x_wconf 85' lang='grc' dir='ltr'><strong>των</strong></span> <span class='ocrx_word' id='word_1_97' title='bbox 394 2099 572 2153; x_wconf 80' lang='grc' dir='ltr'>ἐκεῖσε</span> <span class='ocrx_word' id='word_1_98' title='bbox 605 2096 998 2173; x_wconf 84' lang='grc' dir='ltr'><strong>μετηγγικότα,</strong></span> <span class='ocrx_word' id='word_1_99' title='bbox 1032 2096 1110 2159; x_wconf 80' lang='grc' dir='ltr'><strong>είς</strong></span> <span class='ocrx_word' id='word_1_100' title='bbox 1150 2094 1303 2151; x_wconf 70' lang='grc' dir='ltr'><strong>οὐδὲν</strong></span> <span class='ocrx_word' id='word_1_101' title='bbox 1322 2093 1379 2151; x_wconf 75' lang='grc' dir='ltr'><strong>δὲ</strong></span> <span class='ocrx_word' id='word_1_102' title='bbox 1407 2093 1567 2159; x_wconf 71' lang='grc' dir='ltr'><strong>τέλος</strong></span> <span class='ocrx_word' id='word_1_103' title='bbox 1600 2095 1906 2176; x_wconf 68' lang='grc' dir='ltr'><strong>εὔχρηστον</strong></span> 
     </span>
    </p>
   </div>
   <div class='ocr_carea' id='block_1_16' title="bbox 2006 2093 3660 2176">
    <p class='ocr_par' dir='ltr' id='par_1_16' title="bbox 2015 2097 3660 2173">
     <span class='ocr_line' id='line_1_16' title="bbox 2015 2097 3660 2173; baseline 0.001 -19"><span class='ocrx_word' id='word_1_104' title='bbox 2015 2098 2305 2155; x_wconf 79' lang='lat' dir='ltr'><strong>secuturis</strong></span> <span class='ocrx_word' id='word_1_105' title='bbox 2326 2097 2778 2170; x_wconf 87' lang='lat' dir='ltr'><strong>imperatoribus</strong></span> <span class='ocrx_word' id='word_1_106' title='bbox 2800 2098 3027 2156; x_wconf 83' lang='lat' dir='ltr'><strong>imitatu</strong></span> <span class='ocrx_word' id='word_1_107' title='bbox 3053 2100 3297 2173; x_wconf 85' lang='lat' dir='ltr'><strong>dignum</strong></span> <span class='ocrx_word' id='word_1_108' title='bbox 3313 2100 3660 2156; x_wconf 87' lang='lat' dir='ltr'><strong>attulerunt.</strong></span> 
     </span>
    </p>
   </div>
   <div class='ocr_carea' id='block_1_17' title="bbox 230 2183 1941 2263">
    <p class='ocr_par' dir='ltr' id='par_1_17' title="bbox 230 2183 1910 2261">
     <span class='ocr_line' id='line_1_17' title="bbox 230 2183 1910 2261; baseline -0.001 -19"><span class='ocrx_word' id='word_1_109' title='bbox 230 2187 551 2261; x_wconf 82' lang='grc' dir='ltr'><strong>Ῥωμαίοις</strong></span> <span class='ocrx_word' id='word_1_110' title='bbox 589 2187 973 2258; x_wconf 75' lang='grc' dir='ltr'><strong>κατηντηκότα</strong></span> <span class='ocrx_word' id='word_1_111' title='bbox 1018 2184 1054 2256; x_wconf 79' lang='grc' dir='ltr'>ἤ</span> <span class='ocrx_word' id='word_1_112' title='bbox 1124 2183 1523 2241; x_wconf 84' lang='grc' dir='ltr'><strong>εύσπούδαστον</strong></span> <span class='ocrx_word' id='word_1_113' title='bbox 1578 2192 1695 2249; x_wconf 77' lang='grc' dir='ltr'><strong>τοῖς</strong></span> <span class='ocrx_word' id='word_1_114' title='bbox 1756 2185 1910 2241; x_wconf 77' lang='grc' dir='ltr'><strong>ὕστε-</strong></span> 
     </span>
    </p>
   </div>
   <div class='ocr_carea' id='block_1_18' title="bbox 2006 2183 3658 2263">
    <p class='ocr_par' dir='ltr' id='par_1_18' title="bbox 2015 2187 3658 2263">
     <span class='ocr_line' id='line_1_18' title="bbox 2015 2187 3658 2263; baseline 0 -18"><span class='ocrx_word' id='word_1_115' title='bbox 2015 2188 2125 2245; x_wconf 86' lang='lat' dir='ltr'><strong>Sed</strong></span> <span class='ocrx_word' id='word_1_116' title='bbox 2154 2187 2292 2260; x_wconf 92' lang='lat' dir='ltr'><strong>quid</strong></span> <span class='ocrx_word' id='word_1_117' title='bbox 2316 2188 2582 2244; x_wconf 91' lang='lat' dir='ltr'><strong>dicamus</strong></span> <span class='ocrx_word' id='word_1_118' title='bbox 2612 2187 2682 2244; x_wconf 89' lang='lat' dir='ltr'><strong>de</strong></span> <span class='ocrx_word' id='word_1_119' title='bbox 2711 2189 2831 2244; x_wconf 86' lang='lat' dir='ltr'><strong>viro</strong></span> <span class='ocrx_word' id='word_1_120' title='bbox 2864 2189 2964 2261; x_wconf 88' lang='lat' dir='ltr'><strong>qui</strong></span> <span class='ocrx_word' id='word_1_121' title='bbox 3018 2194 3183 2245; x_wconf 87' lang='lat' dir='ltr'><strong>tanta</strong></span> <span class='ocrx_word' id='word_1_122' title='bbox 3204 2190 3417 2257; x_wconf 86' lang='lat' dir='ltr'><strong>studio,</strong></span> <span class='ocrx_word' id='word_1_123' title='bbox 3451 2207 3658 2263; x_wconf 86' lang='lat' dir='ltr'><strong>quam-</strong></span> 
     </span>
    </p>
   </div>
   <div class='ocr_carea' id='block_1_19' title="bbox 231 2270 1941 2353">
    <p class='ocr_par' dir='ltr' id='par_1_19' title="bbox 231 2270 1908 2352">
     <span class='ocr_line' id='line_1_19' title="bbox 231 2270 1908 2352; baseline -0.001 -21"><span class='ocrx_word' id='word_1_124' title='bbox 231 2297 331 2352; x_wconf 88' lang='grc' dir='ltr'><strong>ρον</strong></span> <span class='ocrx_word' id='word_1_125' title='bbox 362 2276 830 2352; x_wconf 76' lang='grc' dir='ltr'><strong>αὐτοκράτορσιν.</strong></span> <span class='ocrx_word' id='word_1_126' title='bbox 882 2273 1061 2332; x_wconf 79' lang='grc' dir='ltr'><strong>’Λλλᾶ</strong></span> <span class='ocrx_word' id='word_1_127' title='bbox 1124 2275 1174 2331; x_wconf 92' lang='grc' dir='ltr'><strong>τί</strong></span> <span class='ocrx_word' id='word_1_128' title='bbox 1227 2270 1350 2352; x_wconf 79' lang='grc' dir='ltr'><strong>ἔχοι</strong></span> <span class='ocrx_word' id='word_1_129' title='bbox 1416 2296 1499 2337; x_wconf 90' lang='grc' dir='ltr'><strong>τις</strong></span> <span class='ocrx_word' id='word_1_130' title='bbox 1560 2275 1729 2331; x_wconf 83' lang='grc' dir='ltr'><strong>εἰπεῖν</strong></span> <span class='ocrx_word' id='word_1_131' title='bbox 1771 2275 1908 2351; x_wconf 85' lang='grc' dir='ltr'><strong>πρὸς</strong></span> 
     </span>
    </p>
   </div>
   <div class='ocr_carea' id='block_1_20' title="bbox 2006 2270 3663 2353">
    <p class='ocr_par' dir='ltr' id='par_1_20' title="bbox 2014 2277 3663 2353">
     <span class='ocr_line' id='line_1_20' title="bbox 2014 2277 3663 2353; baseline 0 -18"><span class='ocrx_word' id='word_1_132' title='bbox 2014 2278 2102 2336; x_wconf 82' lang='lat' dir='ltr'><strong>vis</strong></span> <span class='ocrx_word' id='word_1_133' title='bbox 2130 2277 2349 2333; x_wconf 84' lang='lat' dir='ltr'><strong>infelici</strong></span> <span class='ocrx_word' id='word_1_134' title='bbox 2380 2281 2608 2348; x_wconf 84' lang='lat' dir='ltr'><strong>conatu,</strong></span> <span class='ocrx_word' id='word_1_135' title='bbox 2642 2278 2700 2334; x_wconf 91' lang='lat' dir='ltr'><strong>in</strong></span> <span class='ocrx_word' id='word_1_136' title='bbox 2732 2278 3046 2351; x_wconf 87' lang='lat' dir='ltr'><strong>imperium</strong></span> <span class='ocrx_word' id='word_1_137' title='bbox 3081 2280 3141 2335; x_wconf 90' lang='lat' dir='ltr'><strong>in</strong></span> <span class='ocrx_word' id='word_1_138' title='bbox 3169 2283 3463 2353; x_wconf 63' lang='lat' dir='ltr'><strong>integrum</strong></span> <span class='ocrx_word' id='word_1_139' title='bbox 3496 2281 3663 2336; x_wconf 87' lang='lat' dir='ltr'><strong>resti-</strong></span> 
     </span>
    </p>
   </div>
   <div class='ocr_carea' id='block_1_21' title="bbox 232 2363 1941 2441">
    <p class='ocr_par' dir='ltr' id='par_1_21' title="bbox 232 2363 1908 2441">
     <span class='ocr_line' id='line_1_21' title="bbox 232 2363 1908 2441; baseline 0 -21"><span class='ocrx_word' id='word_1_140' title='bbox 232 2365 531 2441; x_wconf 77' lang='grc' dir='ltr'><strong>ἄνθρωπον</strong></span> <span class='ocrx_word' id='word_1_141' title='bbox 594 2363 739 2420; x_wconf 65' lang='grc' dir='ltr'><strong>οὕτω</strong></span> <span class='ocrx_word' id='word_1_142' title='bbox 798 2364 1101 2440; x_wconf 78' lang='grc' dir='ltr'><strong>προθύμως</strong></span> <span class='ocrx_word' id='word_1_143' title='bbox 1182 2364 1589 2441; x_wconf 78' lang='grc' dir='ltr'><strong>ἀγωνισάμενον</strong></span> <span class='ocrx_word' id='word_1_144' title='bbox 1650 2365 1788 2439; x_wconf 85' lang='grc' dir='ltr'><strong>πρὸς</strong></span> <span class='ocrx_word' id='word_1_145' title='bbox 1844 2365 1908 2420; x_wconf 85' lang='grc' dir='ltr'><strong>τὸ</strong></span> 
     </span>
    </p>
   </div>
   <div class='ocr_carea' id='block_1_22' title="bbox 2006 2363 3661 2441">
    <p class='ocr_par' dir='ltr' id='par_1_22' title="bbox 2014 2366 3661 2440">
     <span class='ocr_line' id='line_1_22' title="bbox 2014 2366 3661 2440; baseline 0.001 -17"><span class='ocrx_word' id='word_1_146' title='bbox 2014 2368 2299 2424; x_wconf 88' lang='lat' dir='ltr'><strong>tuendum</strong></span> <span class='ocrx_word' id='word_1_147' title='bbox 2332 2370 2389 2422; x_wconf 88' lang='lat' dir='ltr'><strong>et</strong></span> <span class='ocrx_word' id='word_1_148' title='bbox 2419 2366 2706 2423; x_wconf 89' lang='lat' dir='ltr'><strong>Barbaros</strong></span> <span class='ocrx_word' id='word_1_149' title='bbox 2739 2367 3096 2440; x_wconf 84' lang='lat' dir='ltr'><strong>subigendos</strong></span> <span class='ocrx_word' id='word_1_150' title='bbox 3150 2368 3470 2425; x_wconf 83' lang='lat' dir='ltr'><strong>incubuit?</strong></span> <span class='ocrx_word' id='word_1_151' title='bbox 3519 2369 3661 2426; x_wconf 88' lang='lat' dir='ltr'><strong>Inde</strong></span> 
     </span>
    </p>
   </div>
   <div class='ocr_carea' id='block_1_23' title="bbox 229 2453 1941 2531">
    <p class='ocr_par' dir='ltr' id='par_1_23' title="bbox 229 2453 1907 2531">
     <span class='ocr_line' id='line_1_23' title="bbox 229 2453 1907 2531; baseline -0.002 -19"><span class='ocrx_word' id='word_1_152' title='bbox 229 2456 305 2512; x_wconf 74' lang='grc' dir='ltr'><strong>τᾶ</strong></span> <span class='ocrx_word' id='word_1_153' title='bbox 359 2462 465 2525; x_wconf 75' lang='grc' dir='ltr'><strong>τῆς</strong></span> <span class='ocrx_word' id='word_1_154' title='bbox 526 2454 808 2530; x_wconf 73' lang='grc' dir='ltr'><strong>βασιλείας</strong></span> <span class='ocrx_word' id='word_1_155' title='bbox 876 2456 953 2516; x_wconf 90' lang='grc' dir='ltr'><strong>εἰς</strong></span> <span class='ocrx_word' id='word_1_156' title='bbox 1018 2454 1081 2510; x_wconf 83' lang='grc' dir='ltr'><strong>τὸ</strong></span> <span class='ocrx_word' id='word_1_157' title='bbox 1149 2459 1395 2531; x_wconf 85' lang='grc' dir='ltr'><strong>κρεῖττον</strong></span> <span class='ocrx_word' id='word_1_158' title='bbox 1465 2453 1907 2519; x_wconf 72' lang='grc' dir='ltr'><strong>ἀποκαταστῆσαι</strong></span> 
     </span>
    </p>
   </div>
   <div class='ocr_carea' id='block_1_24' title="bbox 2006 2453 3662 2531">
    <p class='ocr_par' dir='ltr' id='par_1_24' title="bbox 2015 2455 3662 2529">
     <span class='ocr_line' id='line_1_24' title="bbox 2015 2455 3662 2529; baseline 0 -16"><span class='ocrx_word' id='word_1_159' title='bbox 2015 2455 2379 2528; x_wconf 84' lang='lat' dir='ltr'><strong>expeditione</strong></span> <span class='ocrx_word' id='word_1_160' title='bbox 2401 2460 2601 2512; x_wconf 84' lang='lat' dir='ltr'><strong>contra</strong></span> <span class='ocrx_word' id='word_1_161' title='bbox 2623 2457 2874 2524; x_wconf 71' lang='lat' dir='ltr'><strong>Pisones,</strong></span> <span class='ocrx_word' id='word_1_162' title='bbox 2899 2456 3002 2529; x_wconf 85' lang='lat' dir='ltr'><strong>qui</strong></span> <span class='ocrx_word' id='word_1_163' title='bbox 3023 2461 3079 2513; x_wconf 93' lang='lat' dir='ltr'><strong>et</strong></span> <span class='ocrx_word' id='word_1_164' title='bbox 3102 2457 3352 2529; x_wconf 86' lang='lat' dir='ltr'><strong>ﬂungari</strong></span> <span class='ocrx_word' id='word_1_165' title='bbox 3380 2464 3434 2514; x_wconf 85' lang='lat' dir='ltr'><strong>et</strong></span> <span class='ocrx_word' id='word_1_166' title='bbox 3466 2457 3662 2514; x_wconf 86' lang='lat' dir='ltr'><strong>Hunni</strong></span> 
     </span>
    </p>
   </div>
   <div class='ocr_carea' id='block_1_25' title="bbox 233 2538 1941 2622">
    <p class='ocr_par' dir='ltr' id='par_1_25' title="bbox 233 2538 1910 2622">
     <span class='ocr_line' id='line_1_25' title="bbox 233 2538 1910 2622; baseline -0.001 -22"><span class='ocrx_word' id='word_1_167' title='bbox 233 2547 546 2621; x_wconf 71' lang='grc' dir='ltr'><strong>πράγματα</strong></span> <span class='ocrx_word' id='word_1_168' title='bbox 572 2545 665 2599; x_wconf 79' lang='grc' dir='ltr'><strong>καὶ</strong></span> <span class='ocrx_word' id='word_1_169' title='bbox 732 2545 792 2599; x_wconf 88' lang='grc' dir='ltr'><strong>τὸ</strong></span> <span class='ocrx_word' id='word_1_170' title='bbox 832 2538 1149 2622; x_wconf 74' lang='grc' dir='ltr'>ἀλλόφυλον</span> <span class='ocrx_word' id='word_1_171' title='bbox 1184 2542 1462 2616; x_wconf 82' lang='grc' dir='ltr'><strong>ὑποτάξαι,</strong></span> <span class='ocrx_word' id='word_1_172' title='bbox 1500 2545 1576 2617; x_wconf 83' lang='grc' dir='ltr'>μή</span> <span class='ocrx_word' id='word_1_173' title='bbox 1618 2541 1910 2614; x_wconf 71' lang='grc' dir='ltr'><strong>δυνηθέντα</strong></span> 
     </span>
    </p>
   </div>
   <div class='ocr_carea' id='block_1_26' title="bbox 2006 2538 3662 2622">
    <p class='ocr_par' dir='ltr' id='par_1_26' title="bbox 2013 2543 3662 2619">
     <span class='ocr_line' id='line_1_26' title="bbox 2013 2543 3662 2619; baseline 0.001 -18"><span class='ocrx_word' id='word_1_174' title='bbox 2013 2544 2402 2617; x_wconf 87' lang='lat' dir='ltr'><strong>appellantur,</strong></span> <span class='ocrx_word' id='word_1_175' title='bbox 2431 2543 2672 2613; x_wconf 85' lang='lat' dir='ltr'><strong>indicta,</strong></span> <span class='ocrx_word' id='word_1_176' title='bbox 2713 2544 3113 2602; x_wconf 83' lang='lat' dir='ltr'><strong>Occidentales</strong></span> <span class='ocrx_word' id='word_1_177' title='bbox 3156 2545 3411 2619; x_wconf 82' lang='lat' dir='ltr'><strong>legiones</strong></span> <span class='ocrx_word' id='word_1_178' title='bbox 3455 2563 3662 2603; x_wconf 81' lang='lat' dir='ltr'><strong>currus</strong></span> 
     </span>
    </p>
   </div>
   <div class='ocr_carea' id='block_1_27' title="bbox 233 2630 1941 2708">
    <p class='ocr_par' dir='ltr' id='par_1_27' title="bbox 233 2630 1908 2708">
     <span class='ocr_line' id='line_1_27' title="bbox 233 2630 1908 2708; baseline -0.002 -18"><span class='ocrx_word' id='word_1_179' title='bbox 233 2631 296 2690; x_wconf 77' lang='grc' dir='ltr'>δέ</span> <span class='ocrx_word' id='word_1_180' title='bbox 334 2654 350 2704; x_wconf 87' lang='lat'><strong>;</strong></span> <span class='ocrx_word' id='word_1_181' title='bbox 387 2632 555 2690; x_wconf 83' lang='grc' dir='ltr'><strong>Ἀλλ’</strong></span> <span class='ocrx_word' id='word_1_182' title='bbox 595 2631 755 2696; x_wconf 77' lang='grc' dir='ltr'><strong>οὗτος</strong></span> <span class='ocrx_word' id='word_1_183' title='bbox 782 2630 935 2695; x_wconf 73' lang='grc' dir='ltr'><strong>αὖθις</strong></span> <span class='ocrx_word' id='word_1_184' title='bbox 966 2632 1103 2688; x_wconf 79' lang='grc' dir='ltr'><strong>κατὰ</strong></span> <span class='ocrx_word' id='word_1_185' title='bbox 1158 2634 1426 2703; x_wconf 85' lang='grc' dir='ltr'><strong>Παιόνων,</strong></span> <span class='ocrx_word' id='word_1_186' title='bbox 1481 2632 1572 2695; x_wconf 74' lang='grc' dir='ltr'><strong>οὕς</strong></span> <span class='ocrx_word' id='word_1_187' title='bbox 1631 2630 1908 2708; x_wconf 75' lang='grc' dir='ltr'><strong>Οόγγρους</strong></span> 
     </span>
    </p>
   </div>
   <div class='ocr_carea' id='block_1_28' title="bbox 2006 2630 3660 2708">
    <p class='ocr_par' dir='ltr' id='par_1_28' title="bbox 2015 2632 3660 2707">
     <span class='ocr_line' id='line_1_28' title="bbox 2015 2632 3660 2707; baseline 0.002 -20"><span class='ocrx_word' id='word_1_188' title='bbox 2015 2632 2075 2688; x_wconf 90' lang='lat' dir='ltr'><strong>in</strong></span> <span class='ocrx_word' id='word_1_189' title='bbox 2107 2638 2299 2689; x_wconf 89' lang='lat' dir='ltr'><strong>castra</strong></span> <span class='ocrx_word' id='word_1_190' title='bbox 2329 2634 2618 2690; x_wconf 83' lang='lat' dir='ltr'><strong>adducere</strong></span> <span class='ocrx_word' id='word_1_191' title='bbox 2640 2635 2831 2706; x_wconf 88' lang='lat' dir='ltr'><strong>jubet,</strong></span> <span class='ocrx_word' id='word_1_192' title='bbox 2855 2634 3068 2706; x_wconf 91' lang='lat' dir='ltr'><strong>quibus</strong></span> <span class='ocrx_word' id='word_1_193' title='bbox 3096 2639 3152 2691; x_wconf 89' lang='lat' dir='ltr'><strong>et</strong></span> <span class='ocrx_word' id='word_1_194' title='bbox 3195 2635 3304 2691; x_wconf 89' lang='lat' dir='ltr'><strong>sibi</strong></span> <span class='ocrx_word' id='word_1_195' title='bbox 3328 2635 3474 2707; x_wconf 85' lang='lat' dir='ltr'><strong>ipsis</strong></span> <span class='ocrx_word' id='word_1_196' title='bbox 3504 2653 3660 2692; x_wconf 89' lang='lat' dir='ltr'><strong>com-</strong></span> 
     </span>
    </p>
   </div>
   <div class='ocr_carea' id='block_1_29' title="bbox 228 2721 1941 2802">
    <p class='ocr_par' dir='ltr' id='par_1_29' title="bbox 228 2721 1909 2802">
     <span class='ocr_line' id='line_1_29' title="bbox 228 2721 1909 2802; baseline -0.002 -22"><span class='ocrx_word' id='word_1_197' title='bbox 228 2725 330 2780; x_wconf 78' lang='grc' dir='ltr'><strong>καὶ</strong></span> <span class='ocrx_word' id='word_1_198' title='bbox 372 2722 612 2785; x_wconf 74' lang='grc' dir='ltr'><strong>Οῧννους</strong></span> <span class='ocrx_word' id='word_1_199' title='bbox 642 2723 793 2802; x_wconf 63' lang='grc' dir='ltr'><strong>οασῖ,</strong></span> <span class='ocrx_word' id='word_1_200' title='bbox 826 2721 1104 2799; x_wconf 79' lang='grc' dir='ltr'><strong>στρατείαν</strong></span> <span class='ocrx_word' id='word_1_201' title='bbox 1147 2721 1395 2798; x_wconf 69' lang='grc' dir='ltr'><strong>ἰκήρυξε,</strong></span> <span class='ocrx_word' id='word_1_202' title='bbox 1460 2723 1550 2777; x_wconf 77' lang='grc' dir='ltr'><strong>καὶ</strong></span> <span class='ocrx_word' id='word_1_203' title='bbox 1606 2728 1723 2784; x_wconf 81' lang='grc' dir='ltr'><strong>τοῖς</strong></span> <span class='ocrx_word' id='word_1_204' title='bbox 1774 2722 1909 2777; x_wconf 83' lang='grc' dir='ltr'><strong>κατά</strong></span> 
     </span>
    </p>
   </div>
   <div class='ocr_carea' id='block_1_30' title="bbox 2006 2721 3664 2802">
    <p class='ocr_par' dir='ltr' id='par_1_30' title="bbox 2016 2723 3664 2797">
     <span class='ocr_line' id='line_1_30' title="bbox 2016 2723 3664 2797; baseline 0.002 -19"><span class='ocrx_word' id='word_1_205' title='bbox 2016 2727 2269 2779; x_wconf 77' lang='lat' dir='ltr'><strong>meatum</strong></span> <span class='ocrx_word' id='word_1_206' title='bbox 2300 2723 2653 2779; x_wconf 85' lang='lat' dir='ltr'><strong>adveherent</strong></span> <span class='ocrx_word' id='word_1_207' title='bbox 2682 2729 2737 2779; x_wconf 89' lang='lat' dir='ltr'><strong>et</strong></span> <span class='ocrx_word' id='word_1_208' title='bbox 2766 2725 3011 2790; x_wconf 68' lang='lat' dir='ltr'><strong>caeteris,</strong></span> <span class='ocrx_word' id='word_1_209' title='bbox 3044 2725 3143 2797; x_wconf 87' lang='lat' dir='ltr'><strong>qui</strong></span> <span class='ocrx_word' id='word_1_210' title='bbox 3180 2725 3464 2782; x_wconf 88' lang='lat' dir='ltr'><strong>vehiculis</strong></span> <span class='ocrx_word' id='word_1_211' title='bbox 3495 2743 3664 2782; x_wconf 88' lang='lat' dir='ltr'><strong>care-</strong></span> 
     </span>
    </p>
   </div>
   <div class='ocr_carea' id='block_1_31' title="bbox 229 2812 1941 2890">
    <p class='ocr_par' dir='ltr' id='par_1_31' title="bbox 229 2812 1905 2890">
     <span class='ocr_line' id='line_1_31' title="bbox 229 2812 1905 2890; baseline -0.002 -18"><span class='ocrx_word' id='word_1_212' title='bbox 229 2814 459 2888; x_wconf 63' lang='grc' dir='ltr'><strong>ὂυσμήν</strong></span> <span class='ocrx_word' id='word_1_213' title='bbox 502 2814 694 2890; x_wconf 81' lang='grc' dir='ltr'><strong>ἔχουσι</strong></span> <span class='ocrx_word' id='word_1_214' title='bbox 724 2813 821 2877; x_wconf 82' lang='grc' dir='ltr'><strong>τὰς</strong></span> <span class='ocrx_word' id='word_1_215' title='bbox 864 2814 1105 2885; x_wconf 65' lang='grc' dir='ltr'><strong>οἰκήσεις</strong></span> <span class='ocrx_word' id='word_1_216' title='bbox 1145 2812 1400 2875; x_wconf 82' lang='grc' dir='ltr'><strong>ὁπλίταις</strong></span> <span class='ocrx_word' id='word_1_217' title='bbox 1461 2812 1665 2887; x_wconf 81' lang='grc' dir='ltr'><strong>ἀμάξας</strong></span> <span class='ocrx_word' id='word_1_218' title='bbox 1718 2812 1905 2870; x_wconf 82' lang='grc' dir='ltr'><strong>ἐπέτα-</strong></span> 
     </span>
    </p>
   </div>
   <div class='ocr_carea' id='block_1_32' title="bbox 2006 2812 3657 2890">
    <p class='ocr_par' dir='ltr' id='par_1_32' title="bbox 2014 2814 3657 2886">
     <span class='ocr_line' id='line_1_32' title="bbox 2014 2814 3657 2886; baseline 0.001 -17"><span class='ocrx_word' id='word_1_219' title='bbox 2014 2816 2164 2881; x_wconf 88' lang='lat' dir='ltr'><strong>rent,</strong></span> <span class='ocrx_word' id='word_1_220' title='bbox 2197 2814 2659 2886; x_wconf 86' lang='lat' dir='ltr'><strong>suppeditarent.</strong></span> <span class='ocrx_word' id='word_1_221' title='bbox 2692 2815 2835 2871; x_wconf 89' lang='lat' dir='ltr'><strong>Cum</strong></span> <span class='ocrx_word' id='word_1_222' title='bbox 2866 2816 3155 2871; x_wconf 80' lang='lat' dir='ltr'><strong>exercitus</strong></span> <span class='ocrx_word' id='word_1_223' title='bbox 3220 2816 3657 2883; x_wconf 83' lang='lat' dir='ltr'><strong>convenissent,</strong></span> 
     </span>
    </p>
   </div>
   <div class='ocr_carea' id='block_1_33' title="bbox 235 2900 1941 2982">
    <p class='ocr_par' dir='ltr' id='par_1_33' title="bbox 235 2900 1909 2982">
     <span class='ocr_line' id='line_1_33' title="bbox 235 2900 1909 2982; baseline -0.001 -21"><span class='ocrx_word' id='word_1_224' title='bbox 235 2907 325 2978; x_wconf 82' lang='grc' dir='ltr'><strong>ξεν</strong></span> <span class='ocrx_word' id='word_1_225' title='bbox 360 2905 509 2982; x_wconf 73' lang='grc' dir='ltr'><strong>ἃγειν</strong></span> <span class='ocrx_word' id='word_1_226' title='bbox 542 2905 617 2966; x_wconf 82' lang='grc' dir='ltr'><strong>είς</strong></span> <span class='ocrx_word' id='word_1_227' title='bbox 649 2905 710 2958; x_wconf 83' lang='grc' dir='ltr'><strong>τὸ</strong></span> <span class='ocrx_word' id='word_1_228' title='bbox 753 2901 1139 2979; x_wconf 77' lang='grc' dir='ltr'><strong>στρατόπεδον,</strong></span> <span class='ocrx_word' id='word_1_229' title='bbox 1167 2900 1239 2958; x_wconf 89' lang='grc' dir='ltr'><strong>δι’</strong></span> <span class='ocrx_word' id='word_1_230' title='bbox 1304 2904 1377 2957; x_wconf 85' lang='grc' dir='ltr'><strong>ὧν</strong></span> <span class='ocrx_word' id='word_1_231' title='bbox 1410 2902 1524 2958; x_wconf 78' lang='grc' dir='ltr'><strong>’καὶ</strong></span> <span class='ocrx_word' id='word_1_232' title='bbox 1584 2901 1733 2958; x_wconf 82' lang='grc' dir='ltr'><strong>οὗτοι</strong></span> <span class='ocrx_word' id='word_1_233' title='bbox 1787 2901 1909 2978; x_wconf 57' lang='lat' dir='ltr'><strong>too-</strong></span> 
     </span>
    </p>
   </div>
   <div class='ocr_carea' id='block_1_34' title="bbox 2006 2900 3654 2982">
    <p class='ocr_par' dir='ltr' id='par_1_34' title="bbox 2012 2901 3654 2975">
     <span class='ocr_line' id='line_1_34' title="bbox 2012 2901 3654 2975; baseline 0.001 -18"><span class='ocrx_word' id='word_1_234' title='bbox 2012 2901 2140 2975; x_wconf 90' lang='lat' dir='ltr'><strong>ipse</strong></span> <span class='ocrx_word' id='word_1_235' title='bbox 2172 2918 2404 2975; x_wconf 89' lang='lat' dir='ltr'><strong>quoque</strong></span> <span class='ocrx_word' id='word_1_236' title='bbox 2434 2903 2882 2975; x_wconf 73' lang='lat' dir='ltr'><strong>Sardicam,quaa</strong></span> <span class='ocrx_word' id='word_1_237' title='bbox 2914 2920 3070 2960; x_wconf 92' lang='lat' dir='ltr'><strong>nunc</strong></span> <span class='ocrx_word' id='word_1_238' title='bbox 3099 2904 3367 2961; x_wconf 89' lang='lat' dir='ltr'><strong>Triadiza</strong></span> <span class='ocrx_word' id='word_1_239' title='bbox 3392 2908 3654 2972; x_wconf 81' lang='lat' dir='ltr'><strong>vocatur,</strong></span> 
     </span>
    </p>
   </div>
   <div class='ocr_carea' id='block_1_35' title="bbox 238 2988 1941 3067">
    <p class='ocr_par' dir='ltr' id='par_1_35' title="bbox 238 2988 1908 3067">
     <span class='ocr_line' id='line_1_35' title="bbox 238 2988 1908 3067; baseline -0.002 -17"><span class='ocrx_word' id='word_1_240' title='bbox 238 2993 527 3050; x_wconf 62' lang='grc' dir='ltr'><strong>δάσονται</strong></span> <span class='ocrx_word' id='word_1_241' title='bbox 554 2995 622 3048; x_wconf 80' lang='grc' dir='ltr'>τὰ</span> <span class='ocrx_word' id='word_1_242' title='bbox 655 2993 921 3067; x_wconf 85' lang='grc' dir='ltr'><strong>βιώσιμα,</strong></span> <span class='ocrx_word' id='word_1_243' title='bbox 963 2992 1053 3047; x_wconf 83' lang='grc' dir='ltr'><strong>καὶ</strong></span> <span class='ocrx_word' id='word_1_244' title='bbox 1108 2997 1188 3065; x_wconf 81' lang='grc' dir='ltr'><strong>τῷ</strong></span> <span class='ocrx_word' id='word_1_245' title='bbox 1253 2991 1435 3064; x_wconf 83' lang='grc' dir='ltr'>λοιπῷ</span> <span class='ocrx_word' id='word_1_246' title='bbox 1467 2988 1525 3047; x_wconf 73' lang='grc' dir='ltr'><strong>δὲ</strong></span> <span class='ocrx_word' id='word_1_247' title='bbox 1564 2991 1708 3047; x_wconf 78' lang='grc' dir='ltr'><strong>οὕτω</strong></span> <span class='ocrx_word' id='word_1_248' title='bbox 1751 3012 1908 3047; x_wconf 87' lang='grc' dir='ltr'><strong>συνα-</strong></span> 
     </span>
    </p>
   </div>
   <div class='ocr_carea' id='block_1_36' title="bbox 2006 2988 3659 3067">
    <p class='ocr_par' dir='ltr' id='par_1_36' title="bbox 2012 2990 3659 3064">
     <span class='ocr_line' id='line_1_36' title="bbox 2012 2990 3659 3064; baseline 0.001 -17"><span class='ocrx_word' id='word_1_249' title='bbox 2012 2992 2188 3048; x_wconf 85' lang='lat' dir='ltr'><strong>venit.</strong></span> <span class='ocrx_word' id='word_1_250' title='bbox 2223 2990 2327 3048; x_wconf 89' lang='lat' dir='ltr'><strong>Ubi</strong></span> <span class='ocrx_word' id='word_1_251' title='bbox 2352 3008 2466 3048; x_wconf 92' lang='lat' dir='ltr'><strong>non</strong></span> <span class='ocrx_word' id='word_1_252' title='bbox 2498 2991 2598 3049; x_wconf 90' lang='lat' dir='ltr'><strong>diu</strong></span> <span class='ocrx_word' id='word_1_253' title='bbox 2630 2997 3043 3062; x_wconf 87' lang='lat' dir='ltr'><strong>commoratus,</strong></span> <span class='ocrx_word' id='word_1_254' title='bbox 3078 3010 3212 3049; x_wconf 91' lang='lat' dir='ltr'><strong>cum</strong></span> <span class='ocrx_word' id='word_1_255' title='bbox 3266 2994 3498 3050; x_wconf 73' lang='lat' dir='ltr'><strong>Paeones</strong></span> <span class='ocrx_word' id='word_1_256' title='bbox 3556 3009 3659 3064; x_wconf 92' lang='lat' dir='ltr'><strong>per</strong></span> 
     </span>
    </p>
   </div>
   <div class='ocr_carea' id='block_1_37' title="bbox 228 3079 1941 3160">
    <p class='ocr_par' dir='ltr' id='par_1_37' title="bbox 228 3080 1910 3160">
     <span class='ocr_line' id='line_1_37' title="bbox 228 3080 1910 3160; baseline -0.002 -19"><span class='ocrx_word' id='word_1_257' title='bbox 228 3088 461 3160; x_wconf 81' lang='grc' dir='ltr'><strong>ροῦνται</strong></span> <span class='ocrx_word' id='word_1_258' title='bbox 530 3080 921 3159; x_wconf 71' lang='grc' dir='ltr'><strong>στρατεύματι,</strong></span> <span class='ocrx_word' id='word_1_259' title='bbox 968 3081 1088 3137; x_wconf 86' lang='grc' dir='ltr'><strong>’ὸσοι</strong></span> <span class='ocrx_word' id='word_1_260' title='bbox 1171 3080 1437 3137; x_wconf 81' lang='grc' dir='ltr'><strong>τοιούτων</strong></span> <span class='ocrx_word' id='word_1_261' title='bbox 1475 3082 1910 3158; x_wconf 72' lang='grc' dir='ltr'><strong>σκευαγωγημά-</strong></span> 
     </span>
    </p>
   </div>
   <div class='ocr_carea' id='block_1_38' title="bbox 2006 3079 3655 3160">
    <p class='ocr_par' dir='ltr' id='par_1_38' title="bbox 2012 3079 3655 3154">
     <span class='ocr_line' id='line_1_38' title="bbox 2012 3079 3655 3154; baseline 0.001 -17"><span class='ocrx_word' id='word_1_262' title='bbox 2012 3079 2236 3154; x_wconf 82' lang='lat' dir='ltr'><strong>legatos</strong></span> <span class='ocrx_word' id='word_1_263' title='bbox 2291 3096 2492 3153; x_wconf 79' lang='lat' dir='ltr'><strong>pacem</strong></span> <span class='ocrx_word' id='word_1_264' title='bbox 2538 3081 2832 3151; x_wconf 81' lang='lat' dir='ltr'><strong>fecissent,</strong></span> <span class='ocrx_word' id='word_1_265' title='bbox 2894 3083 3001 3139; x_wconf 83' lang='lat' dir='ltr'><strong>iter</strong></span> <span class='ocrx_word' id='word_1_266' title='bbox 3072 3087 3274 3139; x_wconf 88' lang='lat' dir='ltr'><strong>contra</strong></span> <span class='ocrx_word' id='word_1_267' title='bbox 3327 3082 3655 3139; x_wconf 84' lang='lat' dir='ltr'><strong>Serviorum</strong></span> 
     </span>
    </p>
   </div>
   <div class='ocr_carea' id='block_1_39' title="bbox 237 3166 1941 3269">
    <p class='ocr_par' dir='ltr' id='par_1_39' title="bbox 237 3166 1941 3245">
     <span class='ocr_line' id='line_1_39' title="bbox 237 3166 1941 3245; baseline -0.001 -16"><span class='ocrx_word' id='word_1_268' title='bbox 237 3196 348 3229; x_wconf 76' lang='grc' dir='ltr'><strong>των</strong></span> <span class='ocrx_word' id='word_1_269' title='bbox 387 3171 665 3243; x_wconf 75' lang='grc' dir='ltr'><strong>σπανίζειν</strong></span> <span class='ocrx_word' id='word_1_270' title='bbox 698 3169 967 3245; x_wconf 71' lang='grc' dir='ltr'><strong>ἤμελλον,</strong></span> <span class='ocrx_word' id='word_1_271' title='bbox 1001 3171 1091 3233; x_wconf 78' lang='grc' dir='ltr'><strong>Ὠς</strong></span> <span class='ocrx_word' id='word_1_272' title='bbox 1160 3170 1254 3225; x_wconf 79' lang='grc' dir='ltr'><strong>οὗν</strong></span> <span class='ocrx_word' id='word_1_273' title='bbox 1306 3169 1383 3232; x_wconf 64' lang='grc' dir='ltr'><strong>εἷς</strong></span> <span class='ocrx_word' id='word_1_274' title='bbox 1430 3166 1484 3225; x_wconf 72' lang='grc' dir='ltr'><strong>ἓν</strong></span> <span class='ocrx_word' id='word_1_275' title='bbox 1544 3171 1903 3245; x_wconf 77' lang='grc' dir='ltr'><strong>συνήθροιστο</strong></span> <span class='ocrx_word' id='word_1_276' title='bbox 1937 3204 1941 3215; x_wconf 82' lang='grc'>‹</span> 
     </span>
    </p>
   </div>
   <div class='ocr_carea' id='block_1_40' title="bbox 2006 3166 3655 3269">
    <p class='ocr_par' dir='ltr' id='par_1_40' title="bbox 2015 3171 3655 3245">
     <span class='ocr_line' id='line_1_40' title="bbox 2015 3171 3655 3245; baseline 0 -16"><span class='ocrx_word' id='word_1_277' title='bbox 2015 3178 2309 3244; x_wconf 88' lang='lat' dir='ltr'><strong>satrapam</strong></span> <span class='ocrx_word' id='word_1_278' title='bbox 2342 3171 2643 3230; x_wconf 88' lang='lat' dir='ltr'><strong>convortit.</strong></span> <span class='ocrx_word' id='word_1_279' title='bbox 2677 3172 2800 3237; x_wconf 89' lang='lat' dir='ltr'><strong>Quo</strong></span> <span class='ocrx_word' id='word_1_280' title='bbox 2831 3172 3021 3229; x_wconf 93' lang='lat' dir='ltr'><strong>obiter</strong></span> <span class='ocrx_word' id='word_1_281' title='bbox 3050 3174 3251 3229; x_wconf 89' lang='lat' dir='ltr'><strong>territo</strong></span> <span class='ocrx_word' id='word_1_282' title='bbox 3282 3176 3340 3229; x_wconf 88' lang='lat' dir='ltr'><strong>et</strong></span> <span class='ocrx_word' id='word_1_283' title='bbox 3377 3188 3655 3245; x_wconf 86' lang='lat' dir='ltr'><strong>persuaso</strong></span> 
     </span>
    </p>
   </div>
   <div class='ocr_carea' id='block_1_41' title="bbox 231 3260 1941 3337">
    <p class='ocr_par' dir='ltr' id='par_1_41' title="bbox 231 3260 1941 3337">
     <span class='ocr_line' id='line_1_41' title="bbox 231 3260 1941 3337; baseline -0.002 -19"><span class='ocrx_word' id='word_1_284' title='bbox 231 3264 301 3319; x_wconf 68' lang='grc' dir='ltr'><strong>τὰ</strong></span> <span class='ocrx_word' id='word_1_285' title='bbox 346 3261 753 3337; x_wconf 75' lang='grc' dir='ltr'><strong>στρατεύματα,</strong></span> <span class='ocrx_word' id='word_1_286' title='bbox 788 3262 911 3335; x_wconf 82' lang='grc' dir='ltr'>εἶχε</span> <span class='ocrx_word' id='word_1_287' title='bbox 970 3260 1059 3314; x_wconf 84' lang='grc' dir='ltr'><strong>καὶ</strong></span> <span class='ocrx_word' id='word_1_288' title='bbox 1118 3260 1279 3315; x_wconf 79' lang='grc' dir='ltr'><strong>αὐτὸν</strong></span> <span class='ocrx_word' id='word_1_289' title='bbox 1335 3261 1571 3335; x_wconf 85' lang='grc' dir='ltr'><strong>παρόντα</strong></span> <span class='ocrx_word' id='word_1_290' title='bbox 1626 3260 1717 3314; x_wconf 80' lang='grc' dir='ltr'><strong>τὸν</strong></span> <span class='ocrx_word' id='word_1_291' title='bbox 1751 3260 1941 3335; x_wconf 82' lang='grc' dir='ltr'><strong>βασι-⁴</strong></span> 
     </span>
    </p>
   </div>
   <div class='ocr_carea' id='block_1_42' title="bbox 2006 3260 3655 3337">
    <p class='ocr_par' dir='ltr' id='par_1_42' title="bbox 2015 3261 3655 3335">
     <span class='ocr_line' id='line_1_42' title="bbox 2015 3261 3655 3335; baseline -0.002 -15"><span class='ocrx_word' id='word_1_292' title='bbox 2015 3268 2080 3320; x_wconf 91' lang='lat' dir='ltr'><strong>ut</strong></span> <span class='ocrx_word' id='word_1_293' title='bbox 2108 3262 2328 3319; x_wconf 89' lang='lat' dir='ltr'><strong>omisso</strong></span> <span class='ocrx_word' id='word_1_294' title='bbox 2380 3262 2591 3318; x_wconf 66' lang='lat' dir='ltr'><strong>foedere</strong></span> <span class='ocrx_word' id='word_1_295' title='bbox 2647 3261 2913 3318; x_wconf 91' lang='lat' dir='ltr'><strong>Hunnico</strong></span> <span class='ocrx_word' id='word_1_296' title='bbox 2995 3262 3186 3319; x_wconf 90' lang='lat' dir='ltr'><strong>solum</strong></span> <span class='ocrx_word' id='word_1_297' title='bbox 3249 3263 3655 3335; x_wconf 87' lang='lat' dir='ltr'><strong>imperatorem</strong></span> 
     </span>
    </p>
   </div>
   <div class='ocr_carea' id='block_1_43' title="bbox 234 3347 1941 3426">
    <p class='ocr_par' dir='ltr' id='par_1_43' title="bbox 234 3347 1900 3426">
     <span class='ocr_line' id='line_1_43' title="bbox 234 3347 1900 3426; baseline -0.001 -19"><span class='ocrx_word' id='word_1_298' title='bbox 234 3351 335 3408; x_wconf 75' lang='grc' dir='ltr'><strong>λὲα</strong></span> <span class='ocrx_word' id='word_1_299' title='bbox 364 3350 536 3413; x_wconf 89' lang='grc' dir='ltr'><strong>πόλις</strong></span> <span class='ocrx_word' id='word_1_300' title='bbox 587 3354 624 3422; x_wconf 77' lang='grc' dir='ltr'>ἡ</span> <span class='ocrx_word' id='word_1_301' title='bbox 688 3347 956 3425; x_wconf 80' lang='grc' dir='ltr'><strong>Σαρδική,</strong></span> <span class='ocrx_word' id='word_1_302' title='bbox 1005 3350 1040 3419; x_wconf 76' lang='grc' dir='ltr'><strong>ἢ</strong></span> <span class='ocrx_word' id='word_1_303' title='bbox 1099 3354 1188 3406; x_wconf 79' lang='grc' dir='ltr'><strong>νῦν</strong></span> <span class='ocrx_word' id='word_1_304' title='bbox 1237 3347 1527 3426; x_wconf 78' lang='grc' dir='ltr'><strong>Τριάδιτζα</strong></span> <span class='ocrx_word' id='word_1_305' title='bbox 1557 3351 1900 3423; x_wconf 80' lang='grc' dir='ltr'><strong>ὀνομάζεται.</strong></span> 
     </span>
    </p>
   </div>
   <div class='ocr_carea' id='block_1_44' title="bbox 2006 3347 3656 3426">
    <p class='ocr_par' dir='ltr' id='par_1_44' title="bbox 2014 3351 3656 3425">
     <span class='ocr_line' id='line_1_44' title="bbox 2014 3351 3656 3425; baseline -0.001 -17"><span class='ocrx_word' id='word_1_306' title='bbox 2014 3354 2355 3425; x_wconf 83' lang='lat' dir='ltr'><strong>agnosceret</strong></span> <span class='ocrx_word' id='word_1_307' title='bbox 2384 3356 2441 3408; x_wconf 88' lang='lat' dir='ltr'><strong>et</strong></span> <span class='ocrx_word' id='word_1_308' title='bbox 2472 3351 2831 3420; x_wconf 86' lang='lat' dir='ltr'><strong>formidaret,</strong></span> <span class='ocrx_word' id='word_1_309' title='bbox 2863 3367 3078 3424; x_wconf 85' lang='lat' dir='ltr'><strong>magna</strong></span> <span class='ocrx_word' id='word_1_310' title='bbox 3135 3351 3432 3423; x_wconf 87' lang='lat' dir='ltr'><strong>copiarum</strong></span> <span class='ocrx_word' id='word_1_311' title='bbox 3495 3355 3656 3422; x_wconf 89' lang='lat' dir='ltr'><strong>parte</strong></span> 
     </span>
    </p>
   </div>
   <div class='ocr_carea' id='block_1_45' title="bbox 235 3437 1941 3519">
    <p class='ocr_par' dir='ltr' id='par_1_45' title="bbox 235 3437 1902 3519">
     <span class='ocr_line' id='line_1_45' title="bbox 235 3437 1902 3519; baseline -0.001 -23"><span class='ocrx_word' id='word_1_312' title='bbox 235 3443 446 3516; x_wconf 80' lang='grc' dir='ltr'><strong>Καιρὸν</strong></span> <span class='ocrx_word' id='word_1_313' title='bbox 479 3438 527 3494; x_wconf 79' lang='grc' dir='ltr'><strong>δ’</strong></span> <span class='ocrx_word' id='word_1_314' title='bbox 557 3440 685 3519; x_wconf 84' lang='grc' dir='ltr'><strong>ούχὶ</strong></span> <span class='ocrx_word' id='word_1_315' title='bbox 722 3438 899 3494; x_wconf 73' lang='grc' dir='ltr'><strong>πολὺν</strong></span> <span class='ocrx_word' id='word_1_316' title='bbox 930 3437 1102 3493; x_wconf 72' lang='grc' dir='ltr'><strong>ἐκεῖσε</strong></span> <span class='ocrx_word' id='word_1_317' title='bbox 1158 3439 1515 3515; x_wconf 85' lang='grc' dir='ltr'><strong>προσμείνας,</strong></span> <span class='ocrx_word' id='word_1_318' title='bbox 1574 3438 1688 3493; x_wconf 81' lang='grc' dir='ltr'><strong>ἐπεὶ</strong></span> <span class='ocrx_word' id='word_1_319' title='bbox 1755 3438 1902 3494; x_wconf 84' lang='grc' dir='ltr'><strong>ἳκετο</strong></span> 
     </span>
    </p>
   </div>
   <div class='ocr_carea' id='block_1_46' title="bbox 2006 3437 3658 3519">
    <p class='ocr_par' dir='ltr' id='par_1_46' title="bbox 2014 3440 3658 3514">
     <span class='ocr_line' id='line_1_46' title="bbox 2014 3440 3658 3514; baseline 0 -17"><span class='ocrx_word' id='word_1_320' title='bbox 2014 3440 2257 3497; x_wconf 89' lang='lat' dir='ltr'><strong>dimissa</strong></span> <span class='ocrx_word' id='word_1_321' title='bbox 2276 3441 2333 3495; x_wconf 93' lang='lat' dir='ltr'><strong>in</strong></span> <span class='ocrx_word' id='word_1_322' title='bbox 2353 3441 2712 3514; x_wconf 87' lang='lat' dir='ltr'><strong>provinciam</strong></span> <span class='ocrx_word' id='word_1_323' title='bbox 2734 3440 3097 3497; x_wconf 87' lang='lat' dir='ltr'><strong>Thessaliam</strong></span> <span class='ocrx_word' id='word_1_324' title='bbox 3121 3441 3439 3513; x_wconf 87' lang='lat' dir='ltr'><strong>profectus,</strong></span> <span class='ocrx_word' id='word_1_325' title='bbox 3456 3441 3658 3513; x_wconf 90' lang='lat' dir='ltr'><strong>ibique</strong></span> 
     </span>
    </p>
   </div>
   <div class='ocr_carea' id='block_1_47' title="bbox 239 3522 1941 3604">
    <p class='ocr_par' dir='ltr' id='par_1_47' title="bbox 239 3522 1900 3604">
     <span class='ocr_line' id='line_1_47' title="bbox 239 3522 1900 3604; baseline -0.001 -20"><span class='ocrx_word' id='word_1_326' title='bbox 239 3525 508 3604; x_wconf 73' lang='grc' dir='ltr'><strong>πρεσὸεία</strong></span> <span class='ocrx_word' id='word_1_327' title='bbox 551 3527 608 3584; x_wconf 76' lang='grc' dir='ltr'><strong>ἑκ</strong></span> <span class='ocrx_word' id='word_1_328' title='bbox 670 3532 782 3583; x_wconf 82' lang='grc' dir='ltr'><strong>τῶν</strong></span> <span class='ocrx_word' id='word_1_329' title='bbox 848 3527 1093 3583; x_wconf 83' lang='grc' dir='ltr'><strong>Παιόνων</strong></span> <span class='ocrx_word' id='word_1_330' title='bbox 1160 3527 1250 3582; x_wconf 78' lang='grc' dir='ltr'><strong>καὶ</strong></span> <span class='ocrx_word' id='word_1_331' title='bbox 1327 3524 1490 3603; x_wconf 84' lang='grc' dir='ltr'><strong>λόγοι</strong></span> <span class='ocrx_word' id='word_1_332' title='bbox 1549 3522 1900 3599; x_wconf 78' lang='grc' dir='ltr'><strong>συμϐατικοὶ,</strong></span> 
     </span>
    </p>
   </div>
   <div class='ocr_carea' id='block_1_48' title="bbox 2006 3522 3658 3604">
    <p class='ocr_par' dir='ltr' id='par_1_48' title="bbox 2014 3529 3658 3603">
     <span class='ocr_line' id='line_1_48' title="bbox 2014 3529 3658 3603; baseline 0.001 -19"><span class='ocrx_word' id='word_1_333' title='bbox 2014 3529 2273 3602; x_wconf 84' lang='lat' dir='ltr'><strong>quandiu</strong></span> <span class='ocrx_word' id='word_1_334' title='bbox 2304 3533 2701 3603; x_wconf 89' lang='lat' dir='ltr'><strong>opportunum</strong></span> <span class='ocrx_word' id='word_1_335' title='bbox 2732 3530 3658 3602; x_wconf 62' lang='lat' dir='ltr'><strong>videbaturcommoratus,impe-</strong></span> 
     </span>
    </p>
   </div>
   <div class='ocr_carea' id='block_1_49' title="bbox 240 3609 1941 3694">
    <p class='ocr_par' dir='ltr' id='par_1_49' title="bbox 240 3609 1900 3694">
     <span class='ocr_line' id='line_1_49' title="bbox 240 3609 1900 3694; baseline -0.004 -18"><span class='ocrx_word' id='word_1_336' title='bbox 240 3620 433 3694; x_wconf 68' lang='grc' dir='ltr'><strong>ἑτέραν</strong></span> <span class='ocrx_word' id='word_1_337' title='bbox 463 3616 796 3690; x_wconf 76' lang='grc' dir='ltr'><strong>τραπόμενος</strong></span> <span class='ocrx_word' id='word_1_338' title='bbox 836 3618 974 3691; x_wconf 78' lang='grc' dir='ltr'><strong>πρὸς</strong></span> <span class='ocrx_word' id='word_1_339' title='bbox 1041 3617 1133 3670; x_wconf 88' lang='grc' dir='ltr'><strong>τὸν</strong></span> <span class='ocrx_word' id='word_1_340' title='bbox 1192 3619 1299 3670; x_wconf 87' lang='grc' dir='ltr'><strong>τῶν</strong></span> <span class='ocrx_word' id='word_1_341' title='bbox 1357 3609 1573 3691; x_wconf 74' lang='grc' dir='ltr'><strong>Σέρϐιον</strong></span> <span class='ocrx_word' id='word_1_342' title='bbox 1639 3610 1900 3689; x_wconf 77' lang='grc' dir='ltr'><strong>μεταϐαί-</strong></span> 
     </span>
    </p>
   </div>
   <div class='ocr_carea' id='block_1_50' title="bbox 2006 3609 2898 3694">
    <p class='ocr_par' dir='ltr' id='par_1_50' title="bbox 2012 3619 2898 3692">
     <span class='ocr_line' id='line_1_50' title="bbox 2012 3619 2898 3692; baseline -0.002 -17"><span class='ocrx_word' id='word_1_343' title='bbox 2012 3619 2279 3675; x_wconf 87' lang='lat' dir='ltr'><strong>ratricem</strong></span> <span class='ocrx_word' id='word_1_344' title='bbox 2314 3620 2519 3676; x_wconf 90' lang='lat' dir='ltr'><strong>urbem</strong></span> <span class='ocrx_word' id='word_1_345' title='bbox 2551 3619 2898 3692; x_wconf 81' lang='lat' dir='ltr'><strong>ingreditur.</strong></span> 
     </span>
    </p>
   </div>
   <div class='ocr_carea' id='block_1_51' title="bbox 238 3700 3653 3783">
    <p class='ocr_par' dir='ltr' id='par_1_51' title="bbox 238 3700 3653 3783">
     <span class='ocr_line' id='line_1_51' title="bbox 238 3700 3653 3783; baseline -0.001 -20"><span class='ocrx_word' id='word_1_346' title='bbox 238 3729 323 3764; x_wconf 90' lang='grc' dir='ltr'><strong>νει</strong></span> <span class='ocrx_word' id='word_1_347' title='bbox 351 3710 645 3783; x_wconf 76' lang='grc' dir='ltr'><strong>σατράπην·</strong></span> <span class='ocrx_word' id='word_1_348' title='bbox 678 3707 769 3762; x_wconf 82' lang='grc' dir='ltr'><strong>καὶ</strong></span> <span class='ocrx_word' id='word_1_349' title='bbox 801 3704 1128 3782; x_wconf 71' lang='grc' dir='ltr'><strong>διαθρονςσας</strong></span> <span class='ocrx_word' id='word_1_350' title='bbox 1159 3709 1349 3761; x_wconf 81' lang='grc' dir='ltr'><strong>τοῦτον</strong></span> <span class='ocrx_word' id='word_1_351' title='bbox 1402 3701 1531 3760; x_wconf 80' lang='grc' dir='ltr'><strong>ὁδοῦ</strong></span> <span class='ocrx_word' id='word_1_352' title='bbox 1559 3704 1851 3780; x_wconf 64' lang='grc' dir='ltr'><strong>πάρεργον,</strong></span> <span class='ocrx_word' id='word_1_353' title='bbox 1890 3707 1983 3762; x_wconf 81' lang='grc' dir='ltr'><strong>καὶ</strong></span> <span class='ocrx_word' id='word_1_354' title='bbox 2021 3708 2208 3770; x_wconf 87' lang='grc' dir='ltr'><strong>πείσας</strong></span> <span class='ocrx_word' id='word_1_355' title='bbox 2268 3708 2431 3764; x_wconf 79' lang='grc' dir='ltr'><strong>αὐτὸν</strong></span> <span class='ocrx_word' id='word_1_356' title='bbox 2500 3706 2667 3780; x_wconf 81' lang='grc' dir='ltr'><strong>μόνον</strong></span> <span class='ocrx_word' id='word_1_357' title='bbox 2726 3704 2924 3762; x_wconf 77' lang='grc' dir='ltr'><strong>εἰδέναι</strong></span> <span class='ocrx_word' id='word_1_358' title='bbox 2982 3704 3211 3782; x_wconf 75' lang='grc' dir='ltr'><strong>βασιλέα</strong></span> <span class='ocrx_word' id='word_1_359' title='bbox 3268 3705 3357 3760; x_wconf 78' lang='grc' dir='ltr'><strong>καὶ</strong></span> <span class='ocrx_word' id='word_1_360' title='bbox 3391 3700 3653 3778; x_wconf 73' lang='grc' dir='ltr'><strong>δεδιέναι,</strong></span> 
     </span>
    </p>
   </div>
   <div class='ocr_carea' id='block_1_52' title="bbox 243 3790 3652 3874">
    <p class='ocr_par' dir='ltr' id='par_1_52' title="bbox 243 3790 3652 3874">
     <span class='ocr_line' id='line_1_52' title="bbox 243 3790 3652 3874; baseline -0.002 -20"><span class='ocrx_word' id='word_1_361' title='bbox 243 3803 357 3854; x_wconf 82' lang='grc' dir='ltr'><strong>τῶν</strong></span> <span class='ocrx_word' id='word_1_362' title='bbox 389 3794 446 3853; x_wconf 72' lang='grc' dir='ltr'><strong>δὶ</strong></span> <span class='ocrx_word' id='word_1_363' title='bbox 497 3798 637 3871; x_wconf 72' lang='grc' dir='ltr'><strong>μετὰ</strong></span> <span class='ocrx_word' id='word_1_364' title='bbox 681 3802 789 3851; x_wconf 78' lang='grc' dir='ltr'><strong>τῶν</strong></span> <span class='ocrx_word' id='word_1_365' title='bbox 850 3791 1068 3853; x_wconf 76' lang='grc' dir='ltr'><strong>Ούννων</strong></span> <span class='ocrx_word' id='word_1_366' title='bbox 1123 3793 1417 3874; x_wconf 77' lang='grc' dir='ltr'><strong>ἀφεστάναι</strong></span> <span class='ocrx_word' id='word_1_367' title='bbox 1485 3791 1762 3863; x_wconf 80' lang='grc' dir='ltr'><strong>σπονδῶν,</strong></span> <span class='ocrx_word' id='word_1_368' title='bbox 1815 3798 1954 3871; x_wconf 73' lang='grc' dir='ltr'><strong>πρὸς</strong></span> <span class='ocrx_word' id='word_1_369' title='bbox 2015 3799 2107 3871; x_wconf 69' lang='grc' dir='ltr'><strong>μὲν</strong></span> <span class='ocrx_word' id='word_1_370' title='bbox 2175 3797 2242 3852; x_wconf 85' lang='grc' dir='ltr'><strong>τὰ</strong></span> <span class='ocrx_word' id='word_1_371' title='bbox 2300 3796 2473 3852; x_wconf 73' lang='grc' dir='ltr'><strong>οἰκεῖα</strong></span> <span class='ocrx_word' id='word_1_372' title='bbox 2525 3795 2635 3867; x_wconf 69' lang='grc' dir='ltr'><strong>ἤθη</strong></span> <span class='ocrx_word' id='word_1_373' title='bbox 2665 3797 2729 3851; x_wconf 88' lang='grc' dir='ltr'><strong>τὸ</strong></span> <span class='ocrx_word' id='word_1_374' title='bbox 2785 3794 2931 3851; x_wconf 82' lang='grc' dir='ltr'><strong>πολὺ</strong></span> <span class='ocrx_word' id='word_1_375' title='bbox 2960 3801 3058 3865; x_wconf 84' lang='grc' dir='ltr'><strong>τῆς</strong></span> <span class='ocrx_word' id='word_1_376' title='bbox 3090 3798 3342 3867; x_wconf 80' lang='grc' dir='ltr'><strong>στρατιᾶς</strong></span> <span class='ocrx_word' id='word_1_377' title='bbox 3366 3790 3652 3870; x_wconf 83' lang='grc' dir='ltr'><strong>διαφῆκεν,</strong></span> 
     </span>
    </p>
   </div>
   <div class='ocr_carea' id='block_1_53' title="bbox 238 3880 3653 3964">
    <p class='ocr_par' dir='ltr' id='par_1_53' title="bbox 238 3880 3653 3964">
     <span class='ocr_line' id='line_1_53' title="bbox 238 3880 3653 3964; baseline -0.002 -21"><span class='ocrx_word' id='word_1_378' title='bbox 238 3887 399 3951; x_wconf 76' lang='grc' dir='ltr'><strong>αὐτὸς</strong></span> <span class='ocrx_word' id='word_1_379' title='bbox 432 3886 491 3944; x_wconf 70' lang='grc' dir='ltr'><strong>δὶ</strong></span> <span class='ocrx_word' id='word_1_380' title='bbox 521 3889 622 3957; x_wconf 77' lang='grc' dir='ltr'><strong>τήν</strong></span> <span class='ocrx_word' id='word_1_381' title='bbox 657 3884 940 3943; x_wconf 82' lang='grc' dir='ltr'><strong>Θετταλῶν</strong></span> <span class='ocrx_word' id='word_1_382' title='bbox 974 3881 1301 3942; x_wconf 77' lang='grc' dir='ltr'><strong>καταλαϐὼν</strong></span> <span class='ocrx_word' id='word_1_383' title='bbox 1346 3884 1637 3963; x_wconf 78' lang='grc' dir='ltr'><strong>ἐπαρχίαν,</strong></span> <span class='ocrx_word' id='word_1_384' title='bbox 1669 3886 1826 3942; x_wconf 81' lang='grc' dir='ltr'><strong>κάκεῖ</strong></span> <span class='ocrx_word' id='word_1_385' title='bbox 1853 3884 2283 3964; x_wconf 74' lang='grc' dir='ltr'><strong>προσδιατρίψας</strong></span> <span class='ocrx_word' id='word_1_386' title='bbox 2311 3883 2392 3964; x_wconf 71' lang='grc' dir='ltr'><strong>ἔφ’</strong></span> <span class='ocrx_word' id='word_1_387' title='bbox 2422 3884 2546 3941; x_wconf 77' lang='grc' dir='ltr'><strong>ὅσον</strong></span> <span class='ocrx_word' id='word_1_388' title='bbox 2576 3885 2723 3958; x_wconf 81' lang='grc' dir='ltr'><strong>αὐτῷ</strong></span> <span class='ocrx_word' id='word_1_389' title='bbox 2753 3884 2927 3941; x_wconf 81' lang='grc' dir='ltr'><strong>ἕδόκει</strong></span> <span class='ocrx_word' id='word_1_390' title='bbox 2966 3885 3203 3961; x_wconf 86' lang='grc' dir='ltr'><strong>καίριον,</strong></span> <span class='ocrx_word' id='word_1_391' title='bbox 3232 3884 3335 3953; x_wconf 79' lang='grc' dir='ltr'><strong>τήν</strong></span> <span class='ocrx_word' id='word_1_392' title='bbox 3395 3880 3653 3959; x_wconf 85' lang='grc' dir='ltr'><strong>βασιλίδα</strong></span> 
     </span>
    </p>
   </div>
   <div class='ocr_carea' id='block_1_54' title="bbox 238 3975 681 4035">
    <p class='ocr_par' dir='ltr' id='par_1_54' title="bbox 238 3975 681 4035">
     <span class='ocr_line' id='line_1_54' title="bbox 238 3975 681 4035; baseline 0.002 -1"><span class='ocrx_word' id='word_1_393' title='bbox 238 3977 460 4034; x_wconf 66' lang='grc' dir='ltr'><strong>εἴσεισιν</strong></span> <span class='ocrx_word' id='word_1_394' title='bbox 495 3975 681 4035; x_wconf 89' lang='grc' dir='ltr'><strong>πόλιν.</strong></span> 
     </span>
    </p>
   </div>
   <div class='ocr_carea' id='block_1_55' title="bbox 311 4063 1941 4143">
    <p class='ocr_par' dir='ltr' id='par_1_55' title="bbox 311 4064 1941 4143">
     <span class='ocr_line' id='line_1_55' title="bbox 311 4064 1941 4143; baseline -0.005 -18"><span class='ocrx_word' id='word_1_395' title='bbox 311 4066 507 4126; x_wconf 75' lang='grc' dir='ltr'><strong>Ἠλίου</strong></span> <span class='ocrx_word' id='word_1_396' title='bbox 564 4064 615 4122; x_wconf 84' lang='grc' dir='ltr'><strong>δ’</strong></span> <span class='ocrx_word' id='word_1_397' title='bbox 671 4067 790 4140; x_wconf 77' lang='grc' dir='ltr'><strong>ἄρτι</strong></span> <span class='ocrx_word' id='word_1_398' title='bbox 847 4066 944 4128; x_wconf 83' lang='grc' dir='ltr'><strong>τὰς</strong></span> <span class='ocrx_word' id='word_1_399' title='bbox 1004 4066 1324 4141; x_wconf 76' lang='grc' dir='ltr'><strong>χειμερινὰς</strong></span> <span class='ocrx_word' id='word_1_400' title='bbox 1389 4066 1593 4143; x_wconf 80' lang='grc' dir='ltr'><strong>τροπὰς</strong></span> <span class='ocrx_word' id='word_1_401' title='bbox 1623 4064 1941 4139; x_wconf 77' lang='grc' dir='ltr'><strong>παρελαύ-‹</strong></span> 
     </span>
    </p>
   </div>
   <div class='ocr_carea' id='block_1_56' title="bbox 2006 4063 3651 4143">
    <p class='ocr_par' dir='ltr' id='par_1_56' title="bbox 2084 4063 3651 4139">
     <span class='ocr_line' id='line_1_56' title="bbox 2084 4063 3651 4139; baseline 0.001 -19"><span class='ocrx_word' id='word_1_402' title='bbox 2084 4065 2235 4121; x_wconf 83' lang='lat' dir='ltr'><strong>I88</strong></span> <span class='ocrx_word' id='word_1_403' title='bbox 2258 4064 2391 4121; x_wconf 86' lang='lat' dir='ltr'><strong>Post</strong></span> <span class='ocrx_word' id='word_1_404' title='bbox 2422 4063 2741 4121; x_wconf 88' lang='lat' dir='ltr'><strong>solstitium</strong></span> <span class='ocrx_word' id='word_1_405' title='bbox 2781 4063 3093 4120; x_wconf 81' lang='lat' dir='ltr'><strong>hibernum</strong></span> <span class='ocrx_word' id='word_1_406' title='bbox 3156 4081 3361 4121; x_wconf 87' lang='lat' dir='ltr'><strong>rursus</strong></span> <span class='ocrx_word' id='word_1_407' title='bbox 3401 4064 3651 4139; x_wconf 89' lang='lat' dir='ltr'><strong>Pelago-</strong></span> 
     </span>
    </p>
   </div>
   <div class='ocr_carea' id='block_1_57' title="bbox 236 4149 1900 4231">
    <p class='ocr_par' dir='ltr' id='par_1_57' title="bbox 236 4149 1900 4231">
     <span class='ocr_line' id='line_1_57' title="bbox 236 4149 1900 4231; baseline -0.002 -19"><span class='ocrx_word' id='word_1_408' title='bbox 236 4178 423 4219; x_wconf 87' lang='grc' dir='ltr'><strong>νοντος</strong></span> <span class='ocrx_word' id='word_1_409' title='bbox 485 4155 564 4218; x_wconf 75' lang='grc' dir='ltr'><strong>είς</strong></span> <span class='ocrx_word' id='word_1_410' title='bbox 626 4152 952 4231; x_wconf 88' lang='grc' dir='ltr'><strong>Πελαγονίαν</strong></span> <span class='ocrx_word' id='word_1_411' title='bbox 1030 4149 1220 4224; x_wconf 77' lang='grc' dir='ltr'><strong>ἔξεισιν</strong></span> <span class='ocrx_word' id='word_1_412' title='bbox 1310 4155 1485 4227; x_wconf 76' lang='grc' dir='ltr'><strong>αὖθις,</strong></span> <span class='ocrx_word' id='word_1_413' title='bbox 1557 4155 1900 4230; x_wconf 71' lang='grc' dir='ltr'><strong>ὁρμητήριον</strong></span> 
     </span>
    </p>
   </div>
   <div class='ocr_carea' id='block_1_58' title="bbox 238 4240 1900 4321">
    <p class='ocr_par' dir='ltr' id='par_1_58' title="bbox 238 4240 1900 4321">
     <span class='ocr_line' id='line_1_58' title="bbox 238 4240 1900 4321; baseline -0.003 -20"><span class='ocrx_word' id='word_1_414' title='bbox 238 4246 407 4315; x_wconf 78' lang='grc' dir='ltr'><strong>αύτήν</strong></span> <span class='ocrx_word' id='word_1_415' title='bbox 463 4244 668 4321; x_wconf 86' lang='grc' dir='ltr'><strong>κρίνων</strong></span> <span class='ocrx_word' id='word_1_416' title='bbox 728 4244 909 4299; x_wconf 73' lang='grc' dir='ltr'><strong>ἱκανὸν</strong></span> <span class='ocrx_word' id='word_1_417' title='bbox 994 4240 1345 4314; x_wconf 76' lang='grc' dir='ltr'><strong>ὑποδέξασθαι</strong></span> <span class='ocrx_word' id='word_1_418' title='bbox 1402 4240 1763 4318; x_wconf 85' lang='grc' dir='ltr'><strong>στρατόπεδον</strong></span> <span class='ocrx_word' id='word_1_419' title='bbox 1824 4242 1900 4305; x_wconf 77' lang='grc' dir='ltr'><strong>είς</strong></span> 
     </span>
    </p>
   </div>
   <div class='ocr_carea' id='block_1_59' title="bbox 237 4331 1902 4406">
    <p class='ocr_par' dir='ltr' id='par_1_59' title="bbox 237 4331 1902 4406">
     <span class='ocr_line' id='line_1_59' title="bbox 237 4331 1902 4406; baseline -0.002 -16"><span class='ocrx_word' id='word_1_420' title='bbox 237 4332 397 4390; x_wconf 82' lang='grc' dir='ltr'><strong>πεδία</strong></span> <span class='ocrx_word' id='word_1_421' title='bbox 446 4332 739 4405; x_wconf 73' lang='grc' dir='ltr'><strong>ἱππήλατα</strong></span> <span class='ocrx_word' id='word_1_422' title='bbox 795 4332 1181 4402; x_wconf 84' lang='grc' dir='ltr'><strong>ὑπτιάζουσαν,</strong></span> <span class='ocrx_word' id='word_1_423' title='bbox 1224 4333 1312 4387; x_wconf 88' lang='grc' dir='ltr'><strong>καὶ</strong></span> <span class='ocrx_word' id='word_1_424' title='bbox 1372 4333 1508 4406; x_wconf 84' lang='grc' dir='ltr'><strong>πρὸς</strong></span> <span class='ocrx_word' id='word_1_425' title='bbox 1562 4334 1658 4396; x_wconf 73' lang='grc' dir='ltr'><strong>τὰς</strong></span> <span class='ocrx_word' id='word_1_426' title='bbox 1688 4331 1902 4393; x_wconf 86' lang='grc' dir='ltr'><strong>πεύσεις</strong></span> 
     </span>
    </p>
   </div>
   <div class='ocr_carea' id='block_1_60' title="bbox 237 4417 1896 4499">
    <p class='ocr_par' dir='ltr' id='par_1_60' title="bbox 237 4417 1896 4499">
     <span class='ocr_line' id='line_1_60' title="bbox 237 4417 1896 4499; baseline -0.002 -20"><span class='ocrx_word' id='word_1_427' title='bbox 237 4425 300 4479; x_wconf 80' lang='grc' dir='ltr'><strong>εὗ</strong></span> <span class='ocrx_word' id='word_1_428' title='bbox 333 4418 481 4499; x_wconf 81' lang='grc' dir='ltr'><strong>ἔχειν</strong></span> <span class='ocrx_word' id='word_1_429' title='bbox 514 4423 608 4478; x_wconf 84' lang='grc' dir='ltr'><strong>καὶ</strong></span> <span class='ocrx_word' id='word_1_430' title='bbox 637 4424 739 4493; x_wconf 82' lang='grc' dir='ltr'><strong>τήν</strong></span> <span class='ocrx_word' id='word_1_431' title='bbox 794 4425 905 4476; x_wconf 78' lang='grc' dir='ltr'><strong>τῶν</strong></span> <span class='ocrx_word' id='word_1_432' title='bbox 961 4417 1255 4499; x_wconf 68' lang='grc' dir='ltr'><strong>δρωμένων</strong></span> <span class='ocrx_word' id='word_1_433' title='bbox 1284 4420 1594 4496; x_wconf 81' lang='grc' dir='ltr'><strong>κατάληψιν</strong></span> <span class='ocrx_word' id='word_1_434' title='bbox 1633 4421 1736 4476; x_wconf 81' lang='grc' dir='ltr'><strong>ὑπὸ</strong></span> <span class='ocrx_word' id='word_1_435' title='bbox 1791 4424 1896 4476; x_wconf 78' lang='grc' dir='ltr'><strong>τῶν</strong></span> 
     </span>
    </p>
   </div>
   <div class='ocr_carea' id='block_1_61' title="bbox 238 4505 1900 4586">
    <p class='ocr_par' dir='ltr' id='par_1_61' title="bbox 238 4505 1900 4586">
     <span class='ocr_line' id='line_1_61' title="bbox 238 4505 1900 4586; baseline -0.002 -18"><span class='ocrx_word' id='word_1_436' title='bbox 238 4511 404 4568; x_wconf 77' lang='grc' dir='ltr'><strong>ἐθνῶν</strong></span> <span class='ocrx_word' id='word_1_437' title='bbox 438 4514 560 4586; x_wconf 82' lang='grc' dir='ltr'><strong>μεθ’</strong></span> <span class='ocrx_word' id='word_1_438' title='bbox 610 4510 686 4566; x_wconf 83' lang='grc' dir='ltr'><strong>ὦν</strong></span> <span class='ocrx_word' id='word_1_439' title='bbox 745 4507 1169 4584; x_wconf 71' lang='grc' dir='ltr'><strong>ἂντεπαλαμᾶτο</strong></span> <span class='ocrx_word' id='word_1_440' title='bbox 1212 4514 1303 4565; x_wconf 81' lang='grc' dir='ltr'><strong>καὶ</strong></span> <span class='ocrx_word' id='word_1_441' title='bbox 1335 4507 1628 4586; x_wconf 66' lang='grc' dir='ltr'><strong>διεφέρετο·</strong></span> <span class='ocrx_word' id='word_1_442' title='bbox 1661 4505 1740 4564; x_wconf 77' lang='grc' dir='ltr'><strong>ἔτι</strong></span> <span class='ocrx_word' id='word_1_443' title='bbox 1795 4509 1900 4585; x_wconf 74' lang='grc' dir='ltr'><strong>γὰρ</strong></span> 
     </span>
    </p>
   </div>
   <div class='ocr_carea' id='block_1_62' title="bbox 237 4596 1901 4674">
    <p class='ocr_par' dir='ltr' id='par_1_62' title="bbox 237 4596 1901 4674">
     <span class='ocr_line' id='line_1_62' title="bbox 237 4596 1901 4674; baseline -0.001 -18"><span class='ocrx_word' id='word_1_444' title='bbox 237 4603 378 4657; x_wconf 75' lang='grc' dir='ltr'><strong>κατὰ</strong></span> <span class='ocrx_word' id='word_1_445' title='bbox 437 4599 695 4657; x_wconf 82' lang='grc' dir='ltr'><strong>Σικελίαν</strong></span> <span class='ocrx_word' id='word_1_446' title='bbox 760 4596 1048 4673; x_wconf 83' lang='grc' dir='ltr'><strong>μεθεῖλκον</strong></span> <span class='ocrx_word' id='word_1_447' title='bbox 1096 4597 1255 4654; x_wconf 78' lang='grc' dir='ltr'><strong>αὐτὸν</strong></span> <span class='ocrx_word' id='word_1_448' title='bbox 1289 4597 1380 4654; x_wconf 82' lang='grc' dir='ltr'><strong>καὶ</strong></span> <span class='ocrx_word' id='word_1_449' title='bbox 1414 4598 1767 4674; x_wconf 71' lang='grc' dir='ltr'><strong>ὑπὲθραττον,</strong></span> <span class='ocrx_word' id='word_1_450' title='bbox 1833 4599 1901 4655; x_wconf 75' lang='grc' dir='ltr'><strong>τὰ</strong></span> 
     </span>
    </p>
   </div>
   <div class='ocr_carea' id='block_1_63' title="bbox 243 4686 1900 4767">
    <p class='ocr_par' dir='ltr' id='par_1_63' title="bbox 243 4686 1900 4767">
     <span class='ocr_line' id='line_1_63' title="bbox 243 4686 1900 4767; baseline -0.002 -20"><span class='ocrx_word' id='word_1_451' title='bbox 243 4693 417 4765; x_wconf 76' lang='grc' dir='ltr'><strong>μήπω</strong></span> <span class='ocrx_word' id='word_1_452' title='bbox 475 4688 940 4767; x_wconf 79' lang='grc' dir='ltr'><strong>κατασιγασθέντα</strong></span> <span class='ocrx_word' id='word_1_453' title='bbox 994 4686 1205 4757; x_wconf 80' lang='grc' dir='ltr'><strong>τέλεον,</strong></span> <span class='ocrx_word' id='word_1_454' title='bbox 1267 4689 1355 4743; x_wconf 77' lang='grc' dir='ltr'><strong>καὶ</strong></span> <span class='ocrx_word' id='word_1_455' title='bbox 1434 4688 1462 4742; x_wconf 98' lang='lat'><strong>6</strong></span> <span class='ocrx_word' id='word_1_456' title='bbox 1518 4692 1623 4742; x_wconf 80' lang='grc' dir='ltr'><strong>τῶν</strong></span> <span class='ocrx_word' id='word_1_457' title='bbox 1685 4687 1900 4746; x_wconf 70' lang='grc' dir='ltr'><strong>Οᾶννων</strong></span> 
     </span>
    </p>
   </div>
   <div class='ocr_carea' id='block_1_64' title="bbox 237 4772 1899 4856">
    <p class='ocr_par' dir='ltr' id='par_1_64' title="bbox 237 4772 1899 4856">
     <span class='ocr_line' id='line_1_64' title="bbox 237 4772 1899 4856; baseline -0.002 -21"><span class='ocrx_word' id='word_1_458' title='bbox 237 4782 344 4850; x_wconf 71' lang='grc' dir='ltr'><strong>τήν</strong></span> <span class='ocrx_word' id='word_1_459' title='bbox 372 4780 550 4856; x_wconf 73' lang='grc' dir='ltr'><strong>ἀρχὴν</strong></span> <span class='ocrx_word' id='word_1_460' title='bbox 585 4778 895 4852; x_wconf 76' lang='grc' dir='ltr'><strong>ἐζωσμένος</strong></span> <span class='ocrx_word' id='word_1_461' title='bbox 949 4779 1086 4851; x_wconf 82' lang='grc' dir='ltr'><strong>πρὸς</strong></span> <span class='ocrx_word' id='word_1_462' title='bbox 1143 4775 1463 4854; x_wconf 68' lang='grc' dir='ltr'><strong>ξιφουλκίαν</strong></span> <span class='ocrx_word' id='word_1_463' title='bbox 1513 4772 1762 4848; x_wconf 76' lang='grc' dir='ltr'><strong>ἔϐλεπεν,</strong></span> <span class='ocrx_word' id='word_1_464' title='bbox 1826 4780 1899 4841; x_wconf 86' lang='grc' dir='ltr'><strong>ὡς</strong></span> 
     </span>
    </p>
   </div>
   <div class='ocr_carea' id='block_1_65' title="bbox 238 4864 1899 4943">
    <p class='ocr_par' dir='ltr' id='par_1_65' title="bbox 238 4864 1899 4943">
     <span class='ocr_line' id='line_1_65' title="bbox 238 4864 1899 4943; baseline -0.002 -18"><span class='ocrx_word' id='word_1_465' title='bbox 238 4865 439 4939; x_wconf 76' lang='grc' dir='ltr'><strong>ἔδειξεν</strong></span> <span class='ocrx_word' id='word_1_466' title='bbox 481 4868 532 4942; x_wconf 68' lang='grc' dir='ltr'>ἐξ</span> <span class='ocrx_word' id='word_1_467' title='bbox 591 4867 667 4923; x_wconf 82' lang='grc' dir='ltr'><strong>ὧν</strong></span> <span class='ocrx_word' id='word_1_468' title='bbox 708 4865 947 4943; x_wconf 80' lang='grc' dir='ltr'><strong>ἔδρασεν.</strong></span> <span class='ocrx_word' id='word_1_469' title='bbox 1018 4864 1240 4936; x_wconf 77' lang='grc' dir='ltr'><strong>Ἐπειδὴ</strong></span> <span class='ocrx_word' id='word_1_470' title='bbox 1299 4867 1403 4942; x_wconf 84' lang='grc' dir='ltr'><strong>γὰρ</strong></span> <span class='ocrx_word' id='word_1_471' title='bbox 1460 4867 1740 4943; x_wconf 80' lang='grc' dir='ltr'><strong>παρελύθη</strong></span> <span class='ocrx_word' id='word_1_472' title='bbox 1799 4874 1899 4937; x_wconf 78' lang='grc' dir='ltr'><strong>τῆς</strong></span> 
     </span>
    </p>
   </div>
   <div class='ocr_carea' id='block_1_66' title="bbox 244 4950 1899 5033">
    <p class='ocr_par' dir='ltr' id='par_1_66' title="bbox 244 4950 1899 5033">
     <span class='ocr_line' id='line_1_66' title="bbox 244 4950 1899 5033; baseline -0.001 -20"><span class='ocrx_word' id='word_1_473' title='bbox 244 4956 507 5027; x_wconf 72' lang='grc' dir='ltr'><strong>δουκικῆς</strong></span> <span class='ocrx_word' id='word_1_474' title='bbox 577 4957 763 5033; x_wconf 80' lang='grc' dir='ltr'><strong>ἀρχῆς</strong></span> <span class='ocrx_word' id='word_1_475' title='bbox 821 4950 1193 5030; x_wconf 79' lang='grc' dir='ltr'><strong>Βρανιτζὸϐης</strong></span> <span class='ocrx_word' id='word_1_476' title='bbox 1273 4956 1363 5010; x_wconf 83' lang='grc' dir='ltr'><strong>καὶ</strong></span> <span class='ocrx_word' id='word_1_477' title='bbox 1448 4954 1800 5032; x_wconf 74' lang='grc' dir='ltr'><strong>Βελεγραὶδων</strong></span> <span class='ocrx_word' id='word_1_478' title='bbox 1870 4957 1899 5012; x_wconf 92' lang='lat'><strong>6</strong></span> 
     </span>
    </p>
   </div>
   <div class='ocr_carea' id='block_1_67' title="bbox 241 5042 1897 5122">
    <p class='ocr_par' dir='ltr' id='par_1_67' title="bbox 241 5042 1897 5122">
     <span class='ocr_line' id='line_1_67' title="bbox 241 5042 1897 5122; baseline -0.002 -18"><span class='ocrx_word' id='word_1_479' title='bbox 241 5048 527 5121; x_wconf 74' lang='grc' dir='ltr'><strong>Κομνηνός</strong></span> <span class='ocrx_word' id='word_1_480' title='bbox 585 5042 951 5122; x_wconf 81' lang='grc' dir='ltr'><strong>Ἀνδρόνικος,</strong></span> <span class='ocrx_word' id='word_1_481' title='bbox 1016 5046 1045 5101; x_wconf 87' lang='lat'><strong>6</strong></span> <span class='ocrx_word' id='word_1_482' title='bbox 1100 5044 1192 5099; x_wconf 76' lang='grc' dir='ltr'><strong>καὶ</strong></span> <span class='ocrx_word' id='word_1_483' title='bbox 1268 5042 1490 5120; x_wconf 75' lang='grc' dir='ltr'><strong>ὕστερον</strong></span> <span class='ocrx_word' id='word_1_484' title='bbox 1549 5044 1897 5120; x_wconf 72' lang='grc' dir='ltr'><strong>τυραννεύσας</strong></span> 
     </span>
    </p>
   </div>
   <div class='ocr_carea' id='block_1_68' title="bbox 241 5130 1897 5212">
    <p class='ocr_par' dir='ltr' id='par_1_68' title="bbox 241 5130 1897 5212">
     <span class='ocr_line' id='line_1_68' title="bbox 241 5130 1897 5212; baseline 0.001 -23"><span class='ocrx_word' id='word_1_485' title='bbox 241 5137 548 5209; x_wconf 82' lang='grc' dir='ltr'><strong>Ῥωμαίων,</strong></span> <span class='ocrx_word' id='word_1_486' title='bbox 607 5138 696 5191; x_wconf 83' lang='grc' dir='ltr'><strong>οἷα</strong></span> <span class='ocrx_word' id='word_1_487' title='bbox 752 5130 963 5212; x_wconf 75' lang='grc' dir='ltr'><strong>κρύὸδη</strong></span> <span class='ocrx_word' id='word_1_488' title='bbox 1024 5136 1158 5189; x_wconf 82' lang='grc' dir='ltr'><strong>κατὰ</strong></span> <span class='ocrx_word' id='word_1_489' title='bbox 1209 5134 1524 5207; x_wconf 84' lang='grc' dir='ltr'><strong>Ῥωμαίων,</strong></span> <span class='ocrx_word' id='word_1_490' title='bbox 1584 5136 1658 5197; x_wconf 80' lang='grc' dir='ltr'><strong>ὡς</strong></span> <span class='ocrx_word' id='word_1_491' title='bbox 1711 5131 1897 5210; x_wconf 72' lang='grc' dir='ltr'><strong>ᾔδετο,</strong></span> 
     </span>
    </p>
   </div>
   <div class='ocr_carea' id='block_1_69' title="bbox 244 5222 1896 5300">
    <p class='ocr_par' dir='ltr' id='par_1_69' title="bbox 244 5222 1896 5300">
     <span class='ocr_line' id='line_1_69' title="bbox 244 5222 1896 5300; baseline -0.001 -20"><span class='ocrx_word' id='word_1_492' title='bbox 244 5230 370 5286; x_wconf 73' lang='grc' dir='ltr'><strong>τοῖς</strong></span> <span class='ocrx_word' id='word_1_493' title='bbox 398 5226 584 5281; x_wconf 82' lang='grc' dir='ltr'><strong>Παίοσι</strong></span> <span class='ocrx_word' id='word_1_494' title='bbox 637 5225 1016 5297; x_wconf 65' lang='grc' dir='ltr'><strong>συντιθέμενος</strong></span> <span class='ocrx_word' id='word_1_495' title='bbox 1070 5224 1161 5278; x_wconf 83' lang='grc' dir='ltr'><strong>καὶ</strong></span> <span class='ocrx_word' id='word_1_496' title='bbox 1244 5224 1370 5300; x_wconf 82' lang='grc' dir='ltr'><strong>περὶ</strong></span> <span class='ocrx_word' id='word_1_497' title='bbox 1425 5228 1523 5280; x_wconf 73' lang='grc' dir='ltr'><strong>τοῦ</strong></span> <span class='ocrx_word' id='word_1_498' title='bbox 1577 5222 1896 5299; x_wconf 77' lang='grc' dir='ltr'><strong>παραλυθῆο</strong></span> 
     </span>
    </p>
   </div>
   <div class='ocr_carea' id='block_1_70' title="bbox 244 5310 1900 5392">
    <p class='ocr_par' dir='ltr' id='par_1_70' title="bbox 244 5310 1900 5392">
     <span class='ocr_line' id='line_1_70' title="bbox 244 5310 1900 5392; baseline 0.001 -23"><span class='ocrx_word' id='word_1_499' title='bbox 244 5335 343 5369; x_wconf 80' lang='grc' dir='ltr'><strong>ναι</strong></span> <span class='ocrx_word' id='word_1_500' title='bbox 375 5315 462 5387; x_wconf 80' lang='grc' dir='ltr'><strong>μὲν</strong></span> <span class='ocrx_word' id='word_1_501' title='bbox 497 5318 588 5372; x_wconf 87' lang='grc' dir='ltr'><strong>τὸν</strong></span> <span class='ocrx_word' id='word_1_502' title='bbox 621 5311 885 5383; x_wconf 74' lang='grc' dir='ltr'><strong>Μανουὴλ</strong></span> <span class='ocrx_word' id='word_1_503' title='bbox 916 5321 1016 5383; x_wconf 76' lang='grc' dir='ltr'><strong>τῆς</strong></span> <span class='ocrx_word' id='word_1_504' title='bbox 1048 5312 1252 5392; x_wconf 73' lang='grc' dir='ltr'><strong>ἆρχῆς,</strong></span> <span class='ocrx_word' id='word_1_505' title='bbox 1294 5314 1455 5370; x_wconf 78' lang='grc' dir='ltr'><strong>αὐτὸν</strong></span> <span class='ocrx_word' id='word_1_506' title='bbox 1492 5311 1538 5369; x_wconf 86' lang='grc' dir='ltr'><strong>δ’</strong></span> <span class='ocrx_word' id='word_1_507' title='bbox 1595 5310 1900 5390; x_wconf 74' lang='grc' dir='ltr'><strong>ἐπιϐήτορα</strong></span> 
     </span>
    </p>
   </div>
   <div class='ocr_carea' id='block_1_71' title="bbox 249 5400 1893 5481">
    <p class='ocr_par' dir='ltr' id='par_1_71' title="bbox 249 5400 1893 5481">
     <span class='ocr_line' id='line_1_71' title="bbox 249 5400 1893 5481; baseline 0.001 -24"><span class='ocrx_word' id='word_1_508' title='bbox 249 5403 447 5474; x_wconf 83' lang='grc' dir='ltr'><strong>ταύτης</strong></span> <span class='ocrx_word' id='word_1_509' title='bbox 466 5405 706 5481; x_wconf 76' lang='grc' dir='ltr'><strong>γενέσθαι</strong></span> <span class='ocrx_word' id='word_1_510' title='bbox 737 5407 819 5476; x_wconf 76' lang='grc' dir='ltr'><strong>τῷ</strong></span> <span class='ocrx_word' id='word_1_511' title='bbox 844 5403 1051 5458; x_wconf 87' lang='grc' dir='ltr'><strong>τούτων</strong></span> <span class='ocrx_word' id='word_1_512' title='bbox 1093 5400 1600 5480; x_wconf 80' lang='grc' dir='ltr'><strong>κοινολογούμενος</strong></span> <span class='ocrx_word' id='word_1_513' title='bbox 1641 5403 1893 5481; x_wconf 75' lang='grc' dir='ltr'><strong>ἄρχοντι,</strong></span> 
     </span>
    </p>
   </div>
   <div class='ocr_carea' id='block_1_72' title="bbox 250 5491 1892 5569">
    <p class='ocr_par' dir='ltr' id='par_1_72' title="bbox 250 5491 1892 5569">
     <span class='ocr_line' id='line_1_72' title="bbox 250 5491 1892 5569; baseline 0.001 -23"><span class='ocrx_word' id='word_1_514' title='bbox 250 5492 355 5546; x_wconf 78' lang='grc' dir='ltr'><strong>καὶ</strong></span> <span class='ocrx_word' id='word_1_515' title='bbox 406 5496 785 5567; x_wconf 77' lang='grc' dir='ltr'><strong>μετάπεμπτον</strong></span> <span class='ocrx_word' id='word_1_516' title='bbox 837 5496 1029 5547; x_wconf 74' lang='grc' dir='ltr'><strong>τοῦτον</strong></span> <span class='ocrx_word' id='word_1_517' title='bbox 1083 5491 1232 5567; x_wconf 80' lang='grc' dir='ltr'><strong>εἶχεν</strong></span> <span class='ocrx_word' id='word_1_518' title='bbox 1296 5492 1456 5557; x_wconf 79' lang='grc' dir='ltr'><strong>εὐθὺς</strong></span> <span class='ocrx_word' id='word_1_519' title='bbox 1495 5496 1529 5563; x_wconf 83' lang='grc' dir='ltr'>ἡ</span> <span class='ocrx_word' id='word_1_520' title='bbox 1563 5492 1892 5569; x_wconf 84' lang='grc' dir='ltr'><strong>Πελαγονία,</strong></span> 
     </span>
    </p>
   </div>
   <div class='ocr_carea' id='block_1_73' title="bbox 258 5578 1895 5659">
    <p class='ocr_par' dir='ltr' id='par_1_73' title="bbox 258 5578 1895 5659">
     <span class='ocr_line' id='line_1_73' title="bbox 258 5578 1895 5659; baseline 0.001 -24"><span class='ocrx_word' id='word_1_521' title='bbox 258 5578 430 5635; x_wconf 79' lang='grc' dir='ltr'><strong>ὁπόσα</strong></span> <span class='ocrx_word' id='word_1_522' title='bbox 458 5585 531 5656; x_wconf 78' lang='grc' dir='ltr'>μή</span> <span class='ocrx_word' id='word_1_523' title='bbox 563 5582 718 5648; x_wconf 74' lang='grc' dir='ltr'><strong>εὐθὺν</strong></span> <span class='ocrx_word' id='word_1_524' title='bbox 747 5580 948 5637; x_wconf 79' lang='grc' dir='ltr'><strong>ἐκεῖνον</strong></span> <span class='ocrx_word' id='word_1_525' title='bbox 1008 5581 1082 5643; x_wconf 85' lang='grc' dir='ltr'><strong>εἷς</strong></span> <span class='ocrx_word' id='word_1_526' title='bbox 1146 5581 1238 5637; x_wconf 88' lang='grc' dir='ltr'><strong>τὸν</strong></span> <span class='ocrx_word' id='word_1_527' title='bbox 1271 5578 1558 5659; x_wconf 77' lang='grc' dir='ltr'><strong>ἐξάδελφον</strong></span> <span class='ocrx_word' id='word_1_528' title='bbox 1587 5584 1674 5638; x_wconf 83' lang='grc' dir='ltr'><strong>καὶ</strong></span> <span class='ocrx_word' id='word_1_529' title='bbox 1739 5584 1895 5658; x_wconf 87' lang='grc' dir='ltr'><strong>βασι-</strong></span> 
     </span>
    </p>
   </div>
   <div class='ocr_carea' id='block_1_74' title="bbox 256 5668 1897 5751">
    <p class='ocr_par' dir='ltr' id='par_1_74' title="bbox 256 5668 1897 5751">
     <span class='ocr_line' id='line_1_74' title="bbox 256 5668 1897 5751; baseline 0.002 -25"><span class='ocrx_word' id='word_1_530' title='bbox 256 5668 367 5726; x_wconf 79' lang='grc' dir='ltr'><strong>λέα</strong></span> <span class='ocrx_word' id='word_1_531' title='bbox 427 5668 743 5751; x_wconf 69' lang='grc' dir='ltr'><strong>διήλεγχον,</strong></span> <span class='ocrx_word' id='word_1_532' title='bbox 800 5670 1042 5737; x_wconf 77' lang='grc' dir='ltr'><strong>κάκεῖθεν</strong></span> <span class='ocrx_word' id='word_1_533' title='bbox 1101 5672 1137 5744; x_wconf 76' lang='grc' dir='ltr'><strong>ἡ</strong></span> <span class='ocrx_word' id='word_1_534' title='bbox 1196 5669 1358 5734; x_wconf 85' lang='grc' dir='ltr'><strong>πόλις</strong></span> <span class='ocrx_word' id='word_1_535' title='bbox 1441 5670 1897 5749; x_wconf 77' lang='grc' dir='ltr'><strong>ἀναπεμπόμενον</strong></span> 
     </span>
    </p>
   </div>
   <div class='ocr_carea' id='block_1_75' title="bbox 2010 4153 3651 4226">
    <p class='ocr_par' dir='ltr' id='par_1_75' title="bbox 2010 4153 3651 4226">
     <span class='ocr_line' id='line_1_75' title="bbox 2010 4153 3651 4226; baseline 0.001 -16"><span class='ocrx_word' id='word_1_536' title='bbox 2010 4153 2166 4210; x_wconf 89' lang='lat' dir='ltr'><strong>niam</strong></span> <span class='ocrx_word' id='word_1_537' title='bbox 2197 4153 2336 4219; x_wconf 81' lang='lat' dir='ltr'><strong>exit,</strong></span> <span class='ocrx_word' id='word_1_538' title='bbox 2378 4169 2504 4226; x_wconf 82' lang='lat' dir='ltr'><strong>quae</strong></span> <span class='ocrx_word' id='word_1_539' title='bbox 2561 4153 2717 4225; x_wconf 86' lang='lat' dir='ltr'><strong>quod</strong></span> <span class='ocrx_word' id='word_1_540' title='bbox 2769 4157 3033 4226; x_wconf 88' lang='lat' dir='ltr'><strong>patentes</strong></span> <span class='ocrx_word' id='word_1_541' title='bbox 3091 4170 3330 4225; x_wconf 90' lang='lat' dir='ltr'><strong>campos</strong></span> <span class='ocrx_word' id='word_1_542' title='bbox 3387 4154 3651 4223; x_wconf 83' lang='lat' dir='ltr'><strong>haberet,</strong></span> 
     </span>
    </p>
   </div>
   <div class='ocr_carea' id='block_1_76' title="bbox 2010 4242 3655 4316">
    <p class='ocr_par' dir='ltr' id='par_1_76' title="bbox 2010 4242 3655 4316">
     <span class='ocr_line' id='line_1_76' title="bbox 2010 4242 3655 4316; baseline 0.002 -17"><span class='ocrx_word' id='word_1_543' title='bbox 2010 4247 2145 4315; x_wconf 90' lang='lat' dir='ltr'><strong>apta</strong></span> <span class='ocrx_word' id='word_1_544' title='bbox 2174 4243 2223 4299; x_wconf 87' lang='lat' dir='ltr'><strong>ei</strong></span> <span class='ocrx_word' id='word_1_545' title='bbox 2254 4242 2558 4299; x_wconf 89' lang='lat' dir='ltr'><strong>videbatur</strong></span> <span class='ocrx_word' id='word_1_546' title='bbox 2586 4248 2645 4299; x_wconf 88' lang='lat' dir='ltr'><strong>et</strong></span> <span class='ocrx_word' id='word_1_547' title='bbox 2699 4244 2769 4299; x_wconf 90' lang='lat' dir='ltr'><strong>ad</strong></span> <span class='ocrx_word' id='word_1_548' title='bbox 2828 4243 3147 4300; x_wconf 82' lang='lat' dir='ltr'><strong>exercitum</strong></span> <span class='ocrx_word' id='word_1_549' title='bbox 3205 4244 3555 4316; x_wconf 87' lang='lat' dir='ltr'><strong>capiendum</strong></span> <span class='ocrx_word' id='word_1_550' title='bbox 3597 4250 3655 4302; x_wconf 92' lang='lat' dir='ltr'><strong>et</strong></span> 
     </span>
    </p>
   </div>
   <div class='ocr_carea' id='block_1_77' title="bbox 2008 4333 3654 4407">
    <p class='ocr_par' dir='ltr' id='par_1_77' title="bbox 2008 4333 3654 4407">
     <span class='ocr_line' id='line_1_77' title="bbox 2008 4333 3654 4407; baseline 0.001 -17"><span class='ocrx_word' id='word_1_551' title='bbox 2008 4334 2079 4390; x_wconf 89' lang='lat' dir='ltr'><strong>ad</strong></span> <span class='ocrx_word' id='word_1_552' title='bbox 2113 4334 2352 4390; x_wconf 89' lang='lat' dir='ltr'><strong>nuntios</strong></span> <span class='ocrx_word' id='word_1_553' title='bbox 2383 4349 2578 4390; x_wconf 90' lang='lat' dir='ltr'><strong>rerum</strong></span> <span class='ocrx_word' id='word_1_554' title='bbox 2611 4350 2738 4405; x_wconf 65' lang='lat' dir='ltr'><strong>quas</strong></span> <span class='ocrx_word' id='word_1_555' title='bbox 2772 4350 2805 4389; x_wconf 91' lang='lat' dir='ltr'><strong>a</strong></span> <span class='ocrx_word' id='word_1_556' title='bbox 2833 4333 3130 4405; x_wconf 83' lang='lat' dir='ltr'><strong>gentibus,</strong></span> <span class='ocrx_word' id='word_1_557' title='bbox 3162 4334 3517 4405; x_wconf 89' lang='lat' dir='ltr'><strong>quibuscum</strong></span> <span class='ocrx_word' id='word_1_558' title='bbox 3550 4350 3654 4407; x_wconf 91' lang='lat' dir='ltr'><strong>pu-</strong></span> 
     </span>
    </p>
   </div>
   <div class='ocr_carea' id='block_1_78' title="bbox 2007 4421 3649 4497">
    <p class='ocr_par' dir='ltr' id='par_1_78' title="bbox 2007 4421 3649 4497">
     <span class='ocr_line' id='line_1_78' title="bbox 2007 4421 3649 4497; baseline 0 -17"><span class='ocrx_word' id='word_1_559' title='bbox 2007 4423 2248 4497; x_wconf 89' lang='lat' dir='ltr'><strong>gnabat,</strong></span> <span class='ocrx_word' id='word_1_560' title='bbox 2276 4429 2555 4495; x_wconf 89' lang='lat' dir='ltr'><strong>gerentur</strong></span> <span class='ocrx_word' id='word_1_561' title='bbox 2608 4423 2999 4495; x_wconf 88' lang='lat' dir='ltr'><strong>accipiendos.</strong></span> <span class='ocrx_word' id='word_1_562' title='bbox 3060 4426 3205 4479; x_wconf 88' lang='lat' dir='ltr'><strong>Nam</strong></span> <span class='ocrx_word' id='word_1_563' title='bbox 3252 4421 3445 4480; x_wconf 89' lang='lat' dir='ltr'><strong>Siculo</strong></span> <span class='ocrx_word' id='word_1_564' title='bbox 3498 4422 3649 4480; x_wconf 89' lang='lat' dir='ltr'><strong>bello</strong></span> 
     </span>
    </p>
   </div>
   <div class='ocr_carea' id='block_1_79' title="bbox 2007 4511 3651 4585">
    <p class='ocr_par' dir='ltr' id='par_1_79' title="bbox 2007 4511 3651 4585">
     <span class='ocr_line' id='line_1_79' title="bbox 2007 4511 3651 4585; baseline 0.002 -18"><span class='ocrx_word' id='word_1_565' title='bbox 2007 4512 2197 4569; x_wconf 86' lang='lat' dir='ltr'><strong>adhuc</strong></span> <span class='ocrx_word' id='word_1_566' title='bbox 2230 4511 2620 4568; x_wconf 86' lang='lat' dir='ltr'><strong>distinebatur</strong></span> <span class='ocrx_word' id='word_1_567' title='bbox 2650 4528 2765 4569; x_wconf 90' lang='lat' dir='ltr'><strong>non</strong></span> <span class='ocrx_word' id='word_1_568' title='bbox 2796 4511 2969 4585; x_wconf 87' lang='lat' dir='ltr'><strong>plane</strong></span> <span class='ocrx_word' id='word_1_569' title='bbox 2991 4512 3176 4583; x_wconf 88' lang='lat' dir='ltr'><strong>sopito</strong></span> <span class='ocrx_word' id='word_1_570' title='bbox 3204 4532 3218 4581; x_wconf 86' lang='lat'><strong>;</strong></span> <span class='ocrx_word' id='word_1_571' title='bbox 3252 4516 3309 4568; x_wconf 92' lang='lat' dir='ltr'><strong>et</strong></span> <span class='ocrx_word' id='word_1_572' title='bbox 3341 4512 3651 4585; x_wconf 83' lang='lat' dir='ltr'><strong>Hungaro-</strong></span> 
     </span>
    </p>
   </div>
   <div class='ocr_carea' id='block_1_80' title="bbox 2006 4600 3654 4675">
    <p class='ocr_par' dir='ltr' id='par_1_80' title="bbox 2006 4600 3654 4675">
     <span class='ocr_line' id='line_1_80' title="bbox 2006 4600 3654 4675; baseline 0.001 -17"><span class='ocrx_word' id='word_1_573' title='bbox 2006 4619 2137 4658; x_wconf 91' lang='lat' dir='ltr'><strong>rum</strong></span> <span class='ocrx_word' id='word_1_574' title='bbox 2153 4602 2516 4674; x_wconf 90' lang='lat' dir='ltr'><strong>princeps,ut</strong></span> <span class='ocrx_word' id='word_1_575' title='bbox 2528 4603 2677 4657; x_wconf 86' lang='lat' dir='ltr'><strong>facta</strong></span> <span class='ocrx_word' id='word_1_576' title='bbox 2688 4602 2817 4675; x_wconf 87' lang='lat' dir='ltr'><strong>ejus</strong></span> <span class='ocrx_word' id='word_1_577' title='bbox 2831 4600 3439 4669; x_wconf 84' lang='lat' dir='ltr'><strong>declararunt,bellum</strong></span> <span class='ocrx_word' id='word_1_578' title='bbox 3455 4603 3654 4660; x_wconf 89' lang='lat' dir='ltr'><strong>molie-</strong></span> 
     </span>
    </p>
   </div>
   <div class='ocr_carea' id='block_1_81' title="bbox 2005 4690 3649 4766">
    <p class='ocr_par' dir='ltr' id='par_1_81' title="bbox 2005 4690 3649 4766">
     <span class='ocr_line' id='line_1_81' title="bbox 2005 4690 3649 4766; baseline 0.001 -20"><span class='ocrx_word' id='word_1_579' title='bbox 2005 4692 2195 4748; x_wconf 86' lang='lat' dir='ltr'><strong>batur.</strong></span> <span class='ocrx_word' id='word_1_580' title='bbox 2229 4690 2543 4763; x_wconf 79' lang='lat' dir='ltr'><strong>Postquam</strong></span> <span class='ocrx_word' id='word_1_581' title='bbox 2577 4691 2731 4747; x_wconf 92' lang='lat' dir='ltr'><strong>enim</strong></span> <span class='ocrx_word' id='word_1_582' title='bbox 2762 4691 3128 4748; x_wconf 85' lang='lat' dir='ltr'><strong>Andronicus</strong></span> <span class='ocrx_word' id='word_1_583' title='bbox 3175 4695 3515 4762; x_wconf 89' lang='lat' dir='ltr'><strong>Comnenus,</strong></span> <span class='ocrx_word' id='word_1_584' title='bbox 3547 4693 3649 4766; x_wconf 91' lang='lat' dir='ltr'><strong>qui</strong></span> 
     </span>
    </p>
   </div>
   <div class='ocr_carea' id='block_1_82' title="bbox 2007 4779 3648 4853">
    <p class='ocr_par' dir='ltr' id='par_1_82' title="bbox 2007 4779 3648 4853">
     <span class='ocr_line' id='line_1_82' title="bbox 2007 4779 3648 4853; baseline 0 -16"><span class='ocrx_word' id='word_1_585' title='bbox 2007 4784 2138 4853; x_wconf 88' lang='lat' dir='ltr'><strong>post</strong></span> <span class='ocrx_word' id='word_1_586' title='bbox 2167 4779 2562 4835; x_wconf 80' lang='lat' dir='ltr'><strong>Romanorum</strong></span> <span class='ocrx_word' id='word_1_587' title='bbox 2589 4780 2954 4852; x_wconf 81' lang='lat' dir='ltr'><strong>tyrannidem</strong></span> <span class='ocrx_word' id='word_1_588' title='bbox 2989 4782 3225 4852; x_wconf 81' lang='lat' dir='ltr'><strong>invasit,</strong></span> <span class='ocrx_word' id='word_1_589' title='bbox 3249 4783 3465 4839; x_wconf 84' lang='lat' dir='ltr'><strong>ducatu</strong></span> <span class='ocrx_word' id='word_1_590' title='bbox 3505 4787 3648 4837; x_wconf 88' lang='lat' dir='ltr'><strong>Bra-</strong></span> 
     </span>
    </p>
   </div>
   <div class='ocr_carea' id='block_1_83' title="bbox 2007 4864 3646 4942">
    <p class='ocr_par' dir='ltr' id='par_1_83' title="bbox 2007 4864 3646 4942">
     <span class='ocr_line' id='line_1_83' title="bbox 2007 4864 3646 4942; baseline 0 -17"><span class='ocrx_word' id='word_1_591' title='bbox 2007 4869 2224 4925; x_wconf 72' lang='lat' dir='ltr'><strong>nizobas</strong></span> <span class='ocrx_word' id='word_1_592' title='bbox 2255 4874 2311 4926; x_wconf 93' lang='lat' dir='ltr'><strong>et</strong></span> <span class='ocrx_word' id='word_1_593' title='bbox 2339 4867 2652 4942; x_wconf 88' lang='lat' dir='ltr'><strong>Belligradi</strong></span> <span class='ocrx_word' id='word_1_594' title='bbox 2684 4864 3167 4942; x_wconf 35' lang='lat' dir='ltr'><strong>adempto,&#39;quod</strong></span> <span class='ocrx_word' id='word_1_595' title='bbox 3227 4888 3360 4926; x_wconf 89' lang='lat' dir='ltr'><strong>cum</strong></span> <span class='ocrx_word' id='word_1_596' title='bbox 3418 4870 3646 4925; x_wconf 85' lang='lat' dir='ltr'><strong>Hunnis</strong></span> 
     </span>
    </p>
   </div>
   <div class='ocr_carea' id='block_1_84' title="bbox 2005 4956 3649 5031">
    <p class='ocr_par' dir='ltr' id='par_1_84' title="bbox 2005 4956 3649 5031">
     <span class='ocr_line' id='line_1_84' title="bbox 2005 4956 3649 5031; baseline -0.001 -17"><span class='ocrx_word' id='word_1_597' title='bbox 2005 4964 2212 5014; x_wconf 89' lang='lat' dir='ltr'><strong>contra</strong></span> <span class='ocrx_word' id='word_1_598' title='bbox 2235 4959 2526 5015; x_wconf 82' lang='lat' dir='ltr'><strong>Romanos</strong></span> <span class='ocrx_word' id='word_1_599' title='bbox 2557 4959 2929 5031; x_wconf 89' lang='lat' dir='ltr'><strong>conspirasse</strong></span> <span class='ocrx_word' id='word_1_600' title='bbox 2957 4964 3013 5014; x_wconf 92' lang='lat' dir='ltr'><strong>et</strong></span> <span class='ocrx_word' id='word_1_601' title='bbox 3037 4958 3348 5031; x_wconf 90' lang='lat' dir='ltr'><strong>imperium</strong></span> <span class='ocrx_word' id='word_1_602' title='bbox 3389 4956 3649 5013; x_wconf 75' lang='lat' dir='ltr'><strong>Manucle</strong></span> 
     </span>
    </p>
   </div>
   <div class='ocr_carea' id='block_1_85' title="bbox 2005 5044 3649 5121">
    <p class='ocr_par' dir='ltr' id='par_1_85' title="bbox 2005 5044 3649 5121">
     <span class='ocr_line' id='line_1_85' title="bbox 2005 5044 3649 5121; baseline -0.001 -18"><span class='ocrx_word' id='word_1_603' title='bbox 2005 5048 2227 5120; x_wconf 84' lang='lat' dir='ltr'><strong>dcjecto</strong></span> <span class='ocrx_word' id='word_1_604' title='bbox 2259 5049 2472 5106; x_wconf 84' lang='lat' dir='ltr'><strong>auxilio</strong></span> <span class='ocrx_word' id='word_1_605' title='bbox 2499 5047 2781 5121; x_wconf 89' lang='lat' dir='ltr'><strong>principis</strong></span> <span class='ocrx_word' id='word_1_606' title='bbox 2816 5049 3152 5103; x_wconf 78' lang='lat' dir='ltr'><strong>Hunnorum</strong></span> <span class='ocrx_word' id='word_1_607' title='bbox 3195 5046 3308 5105; x_wconf 92' lang='lat' dir='ltr'><strong>sibi</strong></span> <span class='ocrx_word' id='word_1_608' title='bbox 3354 5044 3649 5101; x_wconf 89' lang='lat' dir='ltr'><strong>vindicare</strong></span> 
     </span>
    </p>
   </div>
   <div class='ocr_carea' id='block_1_86' title="bbox 2004 5133 3650 5208">
    <p class='ocr_par' dir='ltr' id='par_1_86' title="bbox 2004 5133 3650 5208">
     <span class='ocr_line' id='line_1_86' title="bbox 2004 5133 3650 5208; baseline -0.001 -17"><span class='ocrx_word' id='word_1_609' title='bbox 2004 5137 2150 5194; x_wconf 89' lang='lat' dir='ltr'><strong>velle</strong></span> <span class='ocrx_word' id='word_1_610' title='bbox 2181 5136 2490 5204; x_wconf 73' lang='lat' dir='ltr'><strong>ferebatur,</strong></span> <span class='ocrx_word' id='word_1_611' title='bbox 2520 5136 2889 5208; x_wconf 84' lang='lat' dir='ltr'><strong>Pelagoniam</strong></span> <span class='ocrx_word' id='word_1_612' title='bbox 2943 5136 3277 5201; x_wconf 84' lang='lat' dir='ltr'><strong>accersitus,</strong></span> <span class='ocrx_word' id='word_1_613' title='bbox 3307 5139 3365 5190; x_wconf 83' lang='lat' dir='ltr'><strong>et</strong></span> <span class='ocrx_word' id='word_1_614' title='bbox 3410 5133 3650 5190; x_wconf 87' lang='lat' dir='ltr'><strong>insidia-</strong></span> 
     </span>
    </p>
   </div>
   <div class='ocr_carea' id='block_1_87' title="bbox 2006 5224 3652 5298">
    <p class='ocr_par' dir='ltr' id='par_1_87' title="bbox 2006 5224 3652 5298">
     <span class='ocr_line' id='line_1_87' title="bbox 2006 5224 3652 5298; baseline -0.002 -15"><span class='ocrx_word' id='word_1_615' title='bbox 2006 5244 2132 5283; x_wconf 87' lang='lat' dir='ltr'><strong>rum</strong></span> <span class='ocrx_word' id='word_1_616' title='bbox 2168 5244 2309 5298; x_wconf 87' lang='lat' dir='ltr'><strong>ques</strong></span> <span class='ocrx_word' id='word_1_617' title='bbox 2339 5225 2675 5298; x_wconf 87' lang='lat' dir='ltr'><strong>imperatori</strong></span> <span class='ocrx_word' id='word_1_618' title='bbox 2729 5230 2786 5281; x_wconf 85' lang='lat' dir='ltr'><strong>et</strong></span> <span class='ocrx_word' id='word_1_619' title='bbox 2841 5224 3190 5280; x_wconf 87' lang='lat' dir='ltr'><strong>consobrino</strong></span> <span class='ocrx_word' id='word_1_620' title='bbox 3249 5240 3355 5278; x_wconf 90' lang='lat' dir='ltr'><strong>suo</strong></span> <span class='ocrx_word' id='word_1_621' title='bbox 3400 5226 3652 5279; x_wconf 84' lang='lat' dir='ltr'><strong>strueret</strong></span> 
     </span>
    </p>
   </div>
   <div class='ocr_carea' id='block_1_88' title="bbox 2005 5310 3642 5384">
    <p class='ocr_par' dir='ltr' id='par_1_88' title="bbox 2005 5310 3642 5384">
     <span class='ocr_line' id='line_1_88' title="bbox 2005 5310 3642 5384; baseline -0.003 -11"><span class='ocrx_word' id='word_1_622' title='bbox 2005 5315 2331 5382; x_wconf 88' lang='lat' dir='ltr'><strong>convictus,</strong></span> <span class='ocrx_word' id='word_1_623' title='bbox 2363 5320 2419 5370; x_wconf 88' lang='lat' dir='ltr'><strong>et</strong></span> <span class='ocrx_word' id='word_1_624' title='bbox 2447 5315 2506 5370; x_wconf 90' lang='lat' dir='ltr'><strong>in</strong></span> <span class='ocrx_word' id='word_1_625' title='bbox 2537 5314 2866 5370; x_wconf 83' lang='lat' dir='ltr'><strong>custodiam</strong></span> <span class='ocrx_word' id='word_1_626' title='bbox 2899 5313 3193 5384; x_wconf 81' lang='lat' dir='ltr'><strong>quandam</strong></span> <span class='ocrx_word' id='word_1_627' title='bbox 3220 5312 3414 5383; x_wconf 83' lang='lat' dir='ltr'><strong>magni</strong></span> <span class='ocrx_word' id='word_1_628' title='bbox 3439 5310 3642 5383; x_wconf 88' lang='lat' dir='ltr'><strong>palatii</strong></span> 
     </span>
    </p>
   </div>
   <div class='ocr_carea' id='block_1_89' title="bbox 2006 5400 3647 5473">
    <p class='ocr_par' dir='ltr' id='par_1_89' title="bbox 2006 5400 3647 5473">
     <span class='ocr_line' id='line_1_89' title="bbox 2006 5400 3647 5473; baseline -0.002 -11"><span class='ocrx_word' id='word_1_629' title='bbox 2006 5406 2179 5462; x_wconf 89' lang='lat' dir='ltr'><strong>datus</strong></span> <span class='ocrx_word' id='word_1_630' title='bbox 2212 5403 2690 5469; x_wconf 79' lang='lat' dir='ltr'><strong>fuil,llunnorum</strong></span> <span class='ocrx_word' id='word_1_631' title='bbox 2724 5400 2993 5473; x_wconf 86' lang='lat' dir='ltr'><strong>princeps</strong></span> <span class='ocrx_word' id='word_1_632' title='bbox 3043 5400 3194 5456; x_wconf 88' lang='lat' dir='ltr'><strong>bello</strong></span> <span class='ocrx_word' id='word_1_633' title='bbox 3220 5400 3502 5458; x_wconf 86' lang='lat' dir='ltr'><strong>Romanis</strong></span> <span class='ocrx_word' id='word_1_634' title='bbox 3530 5405 3647 5458; x_wconf 84' lang='lat' dir='ltr'><strong>sta-</strong></span> 
     </span>
    </p>
   </div>
   <div class='ocr_carea' id='block_1_90' title="bbox 2004 5489 3649 5555">
    <p class='ocr_par' dir='ltr' id='par_1_90' title="bbox 2004 5489 3649 5555">
     <span class='ocr_line' id='line_1_90' title="bbox 2004 5489 3649 5555; baseline -0.001 -5"><span class='ocrx_word' id='word_1_635' title='bbox 2004 5497 2108 5551; x_wconf 88' lang='lat' dir='ltr'><strong>tim</strong></span> <span class='ocrx_word' id='word_1_636' title='bbox 2144 5492 2304 5550; x_wconf 83' lang='lat' dir='ltr'><strong>illato</strong></span> <span class='ocrx_word' id='word_1_637' title='bbox 2322 5490 2969 5555; x_wconf 82' lang='lat' dir='ltr'><strong>Branizobam’obsidet,</strong></span> <span class='ocrx_word' id='word_1_638' title='bbox 3003 5495 3061 5546; x_wconf 90' lang='lat' dir='ltr'><strong>et</strong></span> <span class='ocrx_word' id='word_1_639' title='bbox 3081 5489 3196 5546; x_wconf 90' lang='lat' dir='ltr'><strong>late</strong></span> <span class='ocrx_word' id='word_1_640' title='bbox 3230 5492 3428 5547; x_wconf 92' lang='lat' dir='ltr'><strong>omnia</strong></span> <span class='ocrx_word' id='word_1_641' title='bbox 3457 5491 3649 5549; x_wconf 89' lang='lat' dir='ltr'><strong>incur-</strong></span> 
     </span>
    </p>
   </div>
   <div class='ocr_carea' id='block_1_91' title="bbox 2006 5580 3649 5653">
    <p class='ocr_par' dir='ltr' id='par_1_91' title="bbox 2006 5580 3649 5653">
     <span class='ocr_line' id='line_1_91' title="bbox 2006 5580 3649 5653; baseline -0.001 -13"><span class='ocrx_word' id='word_1_642' title='bbox 2006 5580 2264 5640; x_wconf 87' lang='lat' dir='ltr'><strong>sionibus</strong></span> <span class='ocrx_word' id='word_1_643' title='bbox 2298 5598 2400 5652; x_wconf 93' lang='lat' dir='ltr'><strong>pro</strong></span> <span class='ocrx_word' id='word_1_644' title='bbox 2432 5597 2540 5637; x_wconf 89' lang='lat' dir='ltr'><strong>sua</strong></span> <span class='ocrx_word' id='word_1_645' title='bbox 2569 5580 2810 5636; x_wconf 86' lang='lat' dir='ltr'><strong>libidine</strong></span> <span class='ocrx_word' id='word_1_646' title='bbox 2836 5583 3042 5636; x_wconf 82' lang='lat' dir='ltr'><strong>vastat.</strong></span> <span class='ocrx_word' id='word_1_647' title='bbox 3101 5584 3285 5646; x_wconf 84' lang='lat' dir='ltr'><strong>Quare</strong></span> <span class='ocrx_word' id='word_1_648' title='bbox 3331 5580 3649 5653; x_wconf 82' lang='lat' dir='ltr'><strong>imperator</strong></span> 
     </span>
    </p>
   </div>
   <div class='ocr_carea' id='block_1_92' title="bbox 2006 5660 3644 5741">
    <p class='ocr_par' dir='ltr' id='par_1_92' title="bbox 2006 5660 3644 5741">
     <span class='ocr_line' id='line_1_92' title="bbox 2006 5660 3644 5741; baseline -0.003 -11"><span class='ocrx_word' id='word_1_649' title='bbox 2006 5669 2449 5741; x_wconf 87' lang='lat' dir='ltr'><strong>chartularium,</strong></span> <span class='ocrx_word' id='word_1_650' title='bbox 2482 5660 2758 5727; x_wconf 75' lang='lat' dir='ltr'><strong>Basiliam</strong></span> <span class='ocrx_word' id='word_1_651' title='bbox 2791 5667 3158 5737; x_wconf 83' lang='lat' dir='ltr'><strong>Zinzilucem,</strong></span> <span class='ocrx_word' id='word_1_652' title='bbox 3193 5669 3401 5726; x_wconf 87' lang='lat' dir='ltr'><strong>ducem</strong></span> <span class='ocrx_word' id='word_1_653' title='bbox 3440 5674 3644 5729; x_wconf 87' lang='lat' dir='ltr'><strong>contra</strong></span> 
     </span>
    </p>
   </div>
  </div>
